|j|☆HQSNonsense
|j|☆Run For Me Plz
|t:|1667543875
|gametype|singles
|player|p1|HQSNonsense|veteranf|1679
|player|p2|Run For Me Plz|aetherfoundation|1714
|teamsize|p1|6
|teamsize|p2|6
|gen|8
|tier|[Gen 8] OU
|rated|
|rule|Sleep Clause Mod: Limit one foe put to sleep
|rule|Species Clause: Limit one of each Pokémon
|rule|OHKO Clause: OHKO moves are banned
|rule|Evasion Items Clause: Evasion items are banned
|rule|Evasion Moves Clause: Evasion moves are banned
|rule|Endless Battle Clause: Forcing endless battles is banned
|rule|HP Percentage Mod: HP is shown in percentages
|rule|Dynamax Clause: You cannot dynamax
|clearpoke
|poke|p1|Blaziken, M|
|poke|p1|Rillaboom, M|
|poke|p1|Landorus-Therian, M|
|poke|p1|Nihilego|
|poke|p1|Bisharp, M|
|poke|p1|Dragonite, F|
|poke|p2|Landorus-Therian, M|
|poke|p2|Skarmory, M|
|poke|p2|Buzzwole|
|poke|p2|Clefable, M|
|poke|p2|Slowking, F|
|poke|p2|Blissey, F|
|teampreview
|j| Lessjelly
|inactive|Battle timer is ON: inactive players will automatically lose when time's up. (requested by HQSNonsense)
|
|t:|1667543891
|start
|switch|p1a: Bisharp|Bisharp, M|100/100
|switch|p2a: Skarmory|Skarmory, M, shiny|100/100
|turn|1
|j| HOF69
|
|t:|1667543895
|move|p1a: Bisharp|Taunt|p2a: Skarmory
|-start|p2a: Skarmory|move: Taunt
|move|p2a: Skarmory|Body Press|p1a: Bisharp
|-supereffective|p1a: Bisharp
|-enditem|p1a: Bisharp|Focus Sash
|-damage|p1a: Bisharp|1/100
|
|upkeep
|turn|2
|
|t:|1667543899
|move|p1a: Bisharp|Stealth Rock|p2a: Skarmory
|-sidestart|p2: Run For Me Plz|move: Stealth Rock
|move|p2a: Skarmory|Body Press|p1a: Bisharp
|-supereffective|p1a: Bisharp
|-damage|p1a: Bisharp|0 fnt
|faint|p1a: Bisharp
|
|upkeep
|
|t:|1667543905
|switch|p1a: Blaziken|Blaziken, M|100/100
|turn|3
|
|t:|1667543909
|switch|p2a: Landorus|Landorus-Therian, M, shiny|100/100
|-damage|p2a: Landorus|88/100|[from] Stealth Rock
|-ability|p2a: Landorus|Intimidate|boost
|-unboost|p1a: Blaziken|atk|1
|move|p1a: Blaziken|Swords Dance|p1a: Blaziken
|-boost|p1a: Blaziken|atk|2
|
|-ability|p1a: Blaziken|Speed Boost|boost
|-boost|p1a: Blaziken|spe|1
|upkeep
|turn|4
|
|t:|1667543912
|move|p1a: Blaziken|Flare Blitz|p2a: Landorus
|-damage|p2a: Landorus|0 fnt
|faint|p2a: Landorus
|-damage|p1a: Blaziken|73/100|[from] Recoil
|
|-heal|p1a: Blaziken|79/100|[from] item: Leftovers
|-ability|p1a: Blaziken|Speed Boost|boost
|-boost|p1a: Blaziken|spe|1
|upkeep
|
|t:|1667543915
|switch|p2a: Skarmory|Skarmory, M, shiny|100/100
|turn|5
|
|t:|1667543920
|move|p1a: Blaziken|Substitute|p1a: Blaziken
|-start|p1a: Blaziken|Substitute
|-damage|p1a: Blaziken|55/100
|move|p2a: Skarmory|Body Press|p1a: Blaziken
|-end|p1a: Blaziken|Substitute
|
|-heal|p1a: Blaziken|61/100|[from] item: Leftovers
|-ability|p1a: Blaziken|Speed Boost|boost
|-boost|p1a: Blaziken|spe|1
|upkeep
|turn|6
|
|t:|1667543923
|move|p1a: Blaziken|Close Combat|p2a: Skarmory
|-damage|p2a: Skarmory|44/100
|-unboost|p1a: Blaziken|def|1
|-unboost|p1a: Blaziken|spd|1
|move|p2a: Skarmory|Body Press|p1a: Blaziken
|-damage|p1a: Blaziken|0 fnt
|faint|p1a: Blaziken
|
|upkeep
|
|t:|1667543929
|switch|p1a: Nihilego|Nihilego|100/100
|turn|7
|
|t:|1667543932
|switch|p2a: Blissey|Blissey, F|100/100
|move|p1a: Nihilego|Meteor Beam||[still]
|-prepare|p1a: Nihilego|Meteor Beam
|-boost|p1a: Nihilego|spa|1
|-enditem|p1a: Nihilego|Power Herb
|-anim|p1a: Nihilego|Meteor Beam|p2a: Blissey
|-crit|p2a: Blissey
|-damage|p2a: Blissey|53/100
|
|upkeep
|turn|8
|
|t:|1667543936
|move|p1a: Nihilego|Meteor Beam||[still]
|-prepare|p1a: Nihilego|Meteor Beam
|-boost|p1a: Nihilego|spa|1
|move|p2a: Blissey|Soft-Boiled|p2a: Blissey
|-heal|p2a: Blissey|100/100
|
|upkeep
|turn|9
|
|t:|1667543938
|move|p1a: Nihilego|Meteor Beam|p2a: Blissey|[from]lockedmove
|-damage|p2a: Blissey|58/100
|move|p2a: Blissey|Stealth Rock|p1a: Nihilego
|-sidestart|p1: HQSNonsense|move: Stealth Rock
|
|upkeep
|turn|10
|
|t:|1667543941
|move|p1a: Nihilego|Meteor Beam||[still]
|-prepare|p1a: Nihilego|Meteor Beam
|-boost|p1a: Nihilego|spa|1
|move|p2a: Blissey|Soft-Boiled|p2a: Blissey
|-heal|p2a: Blissey|100/100
|
|upkeep
|turn|11
|
|t:|1667543943
|move|p1a: Nihilego|Meteor Beam|p2a: Blissey|[from]lockedmove
|-damage|p2a: Blissey|47/100
|move|p2a: Blissey|Seismic Toss|p1a: Nihilego
|-damage|p1a: Nihilego|74/100
|
|upkeep
|turn|12
|
|t:|1667543948
|move|p1a: Nihilego|Meteor Beam||[still]
|-prepare|p1a: Nihilego|Meteor Beam
|-boost|p1a: Nihilego|spa|1
|move|p2a: Blissey|Soft-Boiled|p2a: Blissey
|-heal|p2a: Blissey|97/100
|
|upkeep
|turn|13
|
|t:|1667543950
|move|p1a: Nihilego|Meteor Beam|p2a: Blissey|[from]lockedmove
|-damage|p2a: Blissey|30/100
|move|p2a: Blissey|Seismic Toss|p1a: Nihilego
|-damage|p1a: Nihilego|48/100
|
|upkeep
|turn|14
|
|t:|1667543954
|move|p1a: Nihilego|Power Gem|p2a: Blissey
|-damage|p2a: Blissey|0 fnt
|faint|p2a: Blissey
|-ability|p1a: Nihilego|Beast Boost|boost
|-boost|p1a: Nihilego|spe|1
|
|upkeep
|
|t:|1667543957
|switch|p2a: Slowking|Slowking, F, shiny|100/100
|turn|15
|
|t:|1667543961
|move|p1a: Nihilego|Sludge Wave|p2a: Slowking
|-damage|p2a: Slowking|21/100
|move|p2a: Slowking|Scald|p1a: Nihilego
|-supereffective|p1a: Nihilego
|-damage|p1a: Nihilego|10/100
|
|upkeep
|turn|16
|
|t:|1667543972
|switch|p2a: Clefable|Clefable, M, shiny|100/100
|move|p1a: Nihilego|Sludge Wave|p2a: Clefable
|-supereffective|p2a: Clefable
|-damage|p2a: Clefable|0 fnt
|faint|p2a: Clefable
|-ability|p1a: Nihilego|Beast Boost|boost
|-boost|p1a: Nihilego|spe|1
|
|upkeep
|
|t:|1667543974
|switch|p2a: Slowking|Slowking, F, shiny|54/100
|turn|17
|
|t:|1667543978
|switch|p2a: Skarmory|Skarmory, M, shiny|44/100
|move|p1a: Nihilego|Sludge Wave|p2a: Skarmory
|-immune|p2a: Skarmory
|
|upkeep
|turn|18
|
|t:|1667543982
|move|p1a: Nihilego|Power Gem|p2a: Skarmory
|-damage|p2a: Skarmory|0 fnt
|faint|p2a: Skarmory
|-ability|p1a: Nihilego|Beast Boost|boost
|-boost|p1a: Nihilego|spe|1
|
|upkeep
|
|t:|1667543984
|switch|p2a: Slowking|Slowking, F, shiny|88/100
|turn|19
|
|t:|1667543989
|move|p1a: Nihilego|Sludge Wave|p2a: Slowking
|-damage|p2a: Slowking|5/100
|move|p2a: Slowking|Scald|p1a: Nihilego
|-supereffective|p1a: Nihilego
|-damage|p1a: Nihilego|0 fnt
|faint|p1a: Nihilego
|
|upkeep
|
|t:|1667543996
|switch|p1a: Dragonite|Dragonite, F|100/100
|turn|20
|
|t:|1667543999
|move|p1a: Dragonite|Earthquake|p2a: Slowking
|-damage|p2a: Slowking|0 fnt
|faint|p2a: Slowking
|
|upkeep
|
|t:|1667544001
|switch|p2a: Buzzwole|Buzzwole, shiny|100/100
|turn|21
|
|t:|1667544003
|move|p1a: Dragonite|Dual Wingbeat|p2a: Buzzwole
|-supereffective|p2a: Buzzwole
|-damage|p2a: Buzzwole|51/100
|-supereffective|p2a: Buzzwole
|-damage|p2a: Buzzwole|7/100
|-hitcount|p2a: Buzzwole|2
|move|p2a: Buzzwole|Ice Punch|p1a: Dragonite
|-supereffective|p1a: Dragonite
|-damage|p1a: Dragonite|50/100
|
|upkeep
|turn|22
|j| Ctannn
|
|t:|1667544008
|move|p1a: Dragonite|Extreme Speed|p2a: Buzzwole
|-damage|p2a: Buzzwole|0 fnt
|faint|p2a: Buzzwole
|
|win|HQSNonsense
|raw|HQSNonsense's rating: 1679 &rarr; <strong>1701</strong><br />(+22 for winning)
|raw|Run For Me Plz's rating: 1714 &rarr; <strong>1692</strong><br />(-22 for losing)
