|j|☆Demondard
|j|☆Anibunnysomoney
|t:|1665192486
|gametype|singles
|player|p1|Demondard|lucas|1482
|player|p2|Anibunnysomoney|swimmer-gen4|1588
|teamsize|p1|6
|teamsize|p2|6
|gen|8
|tier|[Gen 8] OU
|rated|
|rule|Sleep Clause Mod: Limit one foe put to sleep
|rule|Species Clause: Limit one of each Pokémon
|rule|OHKO Clause: OHKO moves are banned
|rule|Evasion Items Clause: Evasion items are banned
|rule|Evasion Moves Clause: Evasion moves are banned
|rule|Endless Battle Clause: Forcing endless battles is banned
|rule|HP Percentage Mod: HP is shown in percentages
|rule|Dynamax Clause: You cannot dynamax
|clearpoke
|poke|p1|Registeel|
|poke|p1|Suicune|
|poke|p1|Victini|
|poke|p1|Zapdos|
|poke|p1|Umbreon, F|
|poke|p1|Hippowdon, M|
|poke|p2|Mew|
|poke|p2|Skarmory, F|
|poke|p2|Seismitoad, F|
|poke|p2|Tyranitar, M|
|poke|p2|Dragapult, F|
|poke|p2|Melmetal|
|teampreview
|inactive|Battle timer is ON: inactive players will automatically lose when time's up. (requested by Anibunnysomoney)
|
|t:|1665192518
|start
|switch|p1a: Hippowdon|Hippowdon, M|100/100
|switch|p2a: Dragapult|Dragapult, F, shiny|100/100
|-weather|Sandstorm|[from] ability: Sand Stream|[of] p1a: Hippowdon
|turn|1
|
|t:|1665192522
|move|p2a: Dragapult|U-turn|p1a: Hippowdon
|-damage|p1a: Hippowdon|77/100
|
|t:|1665192540
|switch|p2a: Skarmory|Skarmory, F|100/100|[from]move: U-turn
|move|p1a: Hippowdon|Stealth Rock|p2a: Skarmory
|-sidestart|p2: Anibunnysomoney|move: Stealth Rock
|
|-weather|Sandstorm|[upkeep]
|-heal|p1a: Hippowdon|84/100|[from] item: Leftovers
|upkeep
|turn|2
|
|t:|1665192547
|switch|p1a: Zapdos|Zapdos|100/100
|move|p2a: Skarmory|Defog|p1a: Zapdos
|-unboost|p1a: Zapdos|evasion|1
|-sideend|p2: Anibunnysomoney|Stealth Rock|[from] move: Defog|[of] p2a: Skarmory
|
|-weather|Sandstorm|[upkeep]
|-damage|p1a: Zapdos|94/100|[from] Sandstorm
|upkeep
|turn|3
|
|t:|1665192554
|switch|p2a: Seismitoad|Seismitoad, F, shiny|100/100
|move|p1a: Zapdos|Hurricane|p2a: Seismitoad
|-damage|p2a: Seismitoad|66/100
|
|-weather|Sandstorm|[upkeep]
|-damage|p1a: Zapdos|88/100|[from] Sandstorm
|upkeep
|turn|4
|
|t:|1665192561
|move|p1a: Zapdos|Hurricane|p2a: Seismitoad
|-crit|p2a: Seismitoad
|-damage|p2a: Seismitoad|13/100
|move|p2a: Seismitoad|Stealth Rock|p1a: Zapdos
|-sidestart|p1: Demondard|move: Stealth Rock
|
|-weather|Sandstorm|[upkeep]
|-damage|p1a: Zapdos|82/100|[from] Sandstorm
|upkeep
|turn|5
|-enditem|p2a: Seismitoad|Custap Berry|[eat]
|-activate|p2a: Seismitoad|item: Custap Berry|[consumed]
|
|t:|1665192567
|move|p2a: Seismitoad|Knock Off|p1a: Zapdos
|-damage|p1a: Zapdos|66/100
|-enditem|p1a: Zapdos|Heavy-Duty Boots|[from] move: Knock Off|[of] p2a: Seismitoad
|move|p1a: Zapdos|Defog|p2a: Seismitoad
|-unboost|p2a: Seismitoad|evasion|1
|-sideend|p1: Demondard|Stealth Rock|[from] move: Defog|[of] p1a: Zapdos
|
|-weather|none
|upkeep
|turn|6
|
|t:|1665192573
|switch|p2a: Tyranitar|Tyranitar, M|100/100
|-weather|Sandstorm|[from] ability: Sand Stream|[of] p2a: Tyranitar
|move|p1a: Zapdos|Hurricane|p2a: Tyranitar|[miss]
|-miss|p1a: Zapdos|p2a: Tyranitar
|
|-weather|Sandstorm|[upkeep]
|-damage|p1a: Zapdos|60/100|[from] Sandstorm
|upkeep
|turn|7
|
|t:|1665192602
|switch|p1a: Hippowdon|Hippowdon, M|84/100
|move|p2a: Tyranitar|Ice Beam|p1a: Hippowdon
|-supereffective|p1a: Hippowdon
|-damage|p1a: Hippowdon|41/100
|
|-weather|Sandstorm|[upkeep]
|-heal|p1a: Hippowdon|47/100|[from] item: Leftovers
|upkeep
|turn|8
|inactive|Anibunnysomoney has 120 seconds left.
|
|t:|1665192617
|move|p2a: Tyranitar|Ice Beam|p1a: Hippowdon
|-supereffective|p1a: Hippowdon
|-damage|p1a: Hippowdon|8/100
|move|p1a: Hippowdon|Slack Off|p1a: Hippowdon
|-heal|p1a: Hippowdon|58/100
|
|-weather|Sandstorm|[upkeep]
|-heal|p1a: Hippowdon|65/100|[from] item: Leftovers
|upkeep
|turn|9
|
|t:|1665192625
|move|p2a: Tyranitar|Ice Beam|p1a: Hippowdon
|-supereffective|p1a: Hippowdon
|-damage|p1a: Hippowdon|28/100
|-status|p1a: Hippowdon|frz
|cant|p1a: Hippowdon|frz
|
|-weather|Sandstorm|[upkeep]
|-heal|p1a: Hippowdon|34/100 frz|[from] item: Leftovers
|upkeep
|turn|10
|
|t:|1665192634
|switch|p1a: Suicune|Suicune|100/100
|-ability|p1a: Suicune|Pressure
|move|p2a: Tyranitar|Ice Beam|p1a: Suicune
|-resisted|p1a: Suicune
|-damage|p1a: Suicune|90/100
|
|-weather|none
|-heal|p1a: Suicune|96/100|[from] item: Leftovers
|upkeep
|turn|11
|inactive|Anibunnysomoney has 120 seconds left.
|
|t:|1665192654
|switch|p1a: Umbreon|Umbreon, F|100/100
|switch|p2a: Dragapult|Dragapult, F, shiny|100/100
|
|upkeep
|turn|12
|
|t:|1665192660
|move|p2a: Dragapult|U-turn|p1a: Umbreon
|-supereffective|p1a: Umbreon
|-damage|p1a: Umbreon|60/100
|inactive|Anibunnysomoney has 120 seconds left.
|
|t:|1665192676
|switch|p2a: Melmetal|Melmetal|100/100|[from]move: U-turn
|move|p1a: Umbreon|Wish|p1a: Umbreon
|
|-heal|p1a: Umbreon|66/100|[from] item: Leftovers
|upkeep
|turn|13
|inactive|Anibunnysomoney has 120 seconds left.
|
|t:|1665192690
|move|p1a: Umbreon|Protect|p1a: Umbreon
|-singleturn|p1a: Umbreon|Protect
|move|p2a: Melmetal|Superpower|p1a: Umbreon
|-activate|p1a: Umbreon|move: Protect
|
|-heal|p1a: Umbreon|100/100|[from] move: Wish|[wisher] Umbreon
|upkeep
|turn|14
|
|t:|1665192698
|switch|p1a: Zapdos|Zapdos|60/100
|move|p2a: Melmetal|Double Iron Bash|p1a: Zapdos
|-resisted|p1a: Zapdos
|-damage|p1a: Zapdos|42/100
|-resisted|p1a: Zapdos
|-damage|p1a: Zapdos|25/100
|-hitcount|p1a: Zapdos|2
|
|upkeep
|turn|15
|
|t:|1665192706
|switch|p2a: Tyranitar|Tyranitar, M|100/100
|-weather|Sandstorm|[from] ability: Sand Stream|[of] p2a: Tyranitar
|move|p1a: Zapdos|Roost|p1a: Zapdos
|-heal|p1a: Zapdos|75/100
|-singleturn|p1a: Zapdos|move: Roost
|
|-weather|Sandstorm|[upkeep]
|-damage|p1a: Zapdos|69/100|[from] Sandstorm
|upkeep
|turn|16
|
|t:|1665192717
|switch|p1a: Umbreon|Umbreon, F|100/100
|move|p2a: Tyranitar|Ice Beam|p1a: Umbreon
|-damage|p1a: Umbreon|83/100
|
|-weather|Sandstorm|[upkeep]
|-damage|p1a: Umbreon|77/100|[from] Sandstorm
|-heal|p1a: Umbreon|83/100|[from] item: Leftovers
|upkeep
|turn|17
|
|t:|1665192722
|move|p2a: Tyranitar|Superpower|p1a: Umbreon
|-supereffective|p1a: Umbreon
|-damage|p1a: Umbreon|35/100
|-unboost|p2a: Tyranitar|atk|1
|-unboost|p2a: Tyranitar|def|1
|move|p1a: Umbreon|Heal Bell|p1a: Umbreon
|-activate|p1a: Umbreon|move: Heal Bell
|-curestatus|p1: Hippowdon|frz|[msg]
|
|-weather|Sandstorm|[upkeep]
|-damage|p1a: Umbreon|29/100|[from] Sandstorm
|-heal|p1a: Umbreon|35/100|[from] item: Leftovers
|upkeep
|turn|18
|
|t:|1665192742
|move|p1a: Umbreon|Protect|p1a: Umbreon
|-singleturn|p1a: Umbreon|Protect
|move|p2a: Tyranitar|Superpower|p1a: Umbreon
|-activate|p1a: Umbreon|move: Protect
|
|-weather|Sandstorm|[upkeep]
|-damage|p1a: Umbreon|29/100|[from] Sandstorm
|-heal|p1a: Umbreon|35/100|[from] item: Leftovers
|upkeep
|turn|19
|
|t:|1665192749
|switch|p1a: Victini|Victini|100/100
|move|p2a: Tyranitar|Superpower|p1a: Victini
|-resisted|p1a: Victini
|-damage|p1a: Victini|88/100
|-unboost|p2a: Tyranitar|atk|1
|-unboost|p2a: Tyranitar|def|1
|
|-weather|none
|upkeep
|turn|20
|
|t:|1665192766
|switch|p2a: Dragapult|Dragapult, F, shiny|100/100
|move|p1a: Victini|U-turn|p2a: Dragapult
|-resisted|p2a: Dragapult
|-damage|p2a: Dragapult|89/100
|
|t:|1665192774
|switch|p1a: Zapdos|Zapdos|69/100|[from]move: U-turn
|
|upkeep
|turn|21
|
|t:|1665192778
|move|p2a: Dragapult|Dragon Darts|p1a: Zapdos
|-damage|p1a: Zapdos|36/100
|-anim|p2a: Dragapult|Dragon Darts|p1a: Zapdos
|-damage|p1a: Zapdos|6/100
|move|p1a: Zapdos|Roost|p1a: Zapdos
|-heal|p1a: Zapdos|56/100
|-singleturn|p1a: Zapdos|move: Roost
|
|upkeep
|turn|22
|
|t:|1665192787
|move|p2a: Dragapult|Dragon Darts|p1a: Zapdos
|-damage|p1a: Zapdos|27/100
|-anim|p2a: Dragapult|Dragon Darts|p1a: Zapdos
|-damage|p1a: Zapdos|0 fnt
|faint|p1a: Zapdos
|
|upkeep
|
|t:|1665192793
|switch|p1a: Victini|Victini|88/100
|turn|23
|
|t:|1665192799
|move|p1a: Victini|V-create|p2a: Dragapult
|-resisted|p2a: Dragapult
|-damage|p2a: Dragapult|50/100
|-unboost|p1a: Victini|spe|1
|-unboost|p1a: Victini|def|1
|-unboost|p1a: Victini|spd|1
|move|p2a: Dragapult|Dragon Darts|p1a: Victini
|-damage|p1a: Victini|41/100
|-anim|p2a: Dragapult|Dragon Darts|p1a: Victini
|-damage|p1a: Victini|0 fnt
|faint|p1a: Victini
|
|upkeep
|
|t:|1665192804
|switch|p1a: Suicune|Suicune|96/100
|-ability|p1a: Suicune|Pressure
|turn|24
|
|t:|1665192811
|switch|p2a: Mew|Mew, shiny|100/100
|move|p1a: Suicune|Scald|p2a: Mew
|-damage|p2a: Mew|74/100
|
|-heal|p1a: Suicune|100/100|[from] item: Leftovers
|upkeep
|turn|25
|
|t:|1665192814
|move|p2a: Mew|Trick|p1a: Suicune
|-activate|p2a: Mew|move: Trick|[of] p1a: Suicune
|-item|p1a: Suicune|Choice Scarf|[from] move: Trick
|-item|p2a: Mew|Leftovers|[from] move: Trick
|move|p1a: Suicune|Scald|p2a: Mew
|-damage|p2a: Mew|48/100
|
|-heal|p2a: Mew|54/100|[from] item: Leftovers
|upkeep
|turn|26
|
|t:|1665192820
|switch|p2a: Seismitoad|Seismitoad, F, shiny|13/100
|move|p1a: Suicune|Scald|p2a: Seismitoad
|-heal|p2a: Seismitoad|38/100|[from] ability: Water Absorb|[of] p1a: Suicune
|
|upkeep
|turn|27
|
|t:|1665192826
|switch|p1a: Hippowdon|Hippowdon, M|34/100
|-weather|Sandstorm|[from] ability: Sand Stream|[of] p1a: Hippowdon
|switch|p2a: Dragapult|Dragapult, F, shiny|50/100
|
|-weather|Sandstorm|[upkeep]
|-damage|p2a: Dragapult|44/100|[from] Sandstorm
|-heal|p1a: Hippowdon|40/100|[from] item: Leftovers
|upkeep
|turn|28
|
|t:|1665192834
|switch|p1a: Registeel|Registeel|100/100
|move|p2a: Dragapult|Dragon Darts|p1a: Registeel
|-resisted|p1a: Registeel
|-damage|p1a: Registeel|92/100
|-anim|p2a: Dragapult|Dragon Darts|p1a: Registeel
|-resisted|p1a: Registeel
|-damage|p1a: Registeel|82/100
|
|-weather|Sandstorm|[upkeep]
|-damage|p2a: Dragapult|38/100|[from] Sandstorm
|upkeep
|turn|29
|
|t:|1665192845
|switch|p2a: Melmetal|Melmetal|100/100
|switch|p1a: Suicune|Suicune|100/100
|-ability|p1a: Suicune|Pressure
|
|-weather|Sandstorm|[upkeep]
|-damage|p1a: Suicune|94/100|[from] Sandstorm
|upkeep
|turn|30
|
|t:|1665192848
|move|p1a: Suicune|Scald|p2a: Melmetal
|-damage|p2a: Melmetal|76/100
|move|p2a: Melmetal|Thunder Wave|p1a: Suicune
|-status|p1a: Suicune|par
|
|-weather|Sandstorm|[upkeep]
|-damage|p1a: Suicune|88/100 par|[from] Sandstorm
|upkeep
|turn|31
|
|t:|1665192856
|switch|p1a: Umbreon|Umbreon, F|35/100
|move|p2a: Melmetal|Thunder Punch|p1a: Umbreon
|-damage|p1a: Umbreon|12/100
|
|-weather|none
|-heal|p1a: Umbreon|19/100|[from] item: Leftovers
|upkeep
|turn|32
|
|t:|1665192867
|move|p1a: Umbreon|Protect|p1a: Umbreon
|-singleturn|p1a: Umbreon|Protect
|move|p2a: Melmetal|Superpower|p1a: Umbreon
|-activate|p1a: Umbreon|move: Protect
|
|-heal|p1a: Umbreon|25/100|[from] item: Leftovers
|upkeep
|turn|33
|
|t:|1665192879
|switch|p1a: Registeel|Registeel|82/100
|move|p2a: Melmetal|Double Iron Bash|p1a: Registeel
|-resisted|p1a: Registeel
|-damage|p1a: Registeel|69/100
|-resisted|p1a: Registeel
|-damage|p1a: Registeel|58/100
|-hitcount|p1a: Registeel|2
|
|upkeep
|turn|34
|
|t:|1665192885
|move|p1a: Registeel|Rest|p1a: Registeel
|-status|p1a: Registeel|slp|[from] move: Rest
|-heal|p1a: Registeel|100/100 slp|[silent]
|-enditem|p1a: Registeel|Chesto Berry|[eat]
|-curestatus|p1a: Registeel|slp|[msg]
|move|p2a: Melmetal|Thunder Wave|p1a: Registeel
|-status|p1a: Registeel|par
|
|upkeep
|turn|35
|
|t:|1665192892
|move|p2a: Melmetal|Double Iron Bash|p1a: Registeel
|-resisted|p1a: Registeel
|-damage|p1a: Registeel|90/100 par
|-resisted|p1a: Registeel
|-damage|p1a: Registeel|79/100 par
|-hitcount|p1a: Registeel|2
|cant|p1a: Registeel|flinch
|
|upkeep
|turn|36
|
|t:|1665192898
|move|p2a: Melmetal|Double Iron Bash|p1a: Registeel
|-resisted|p1a: Registeel
|-damage|p1a: Registeel|68/100 par
|-resisted|p1a: Registeel
|-damage|p1a: Registeel|57/100 par
|-hitcount|p1a: Registeel|2
|cant|p1a: Registeel|flinch
|
|upkeep
|turn|37
|
|t:|1665192903
|move|p2a: Melmetal|Double Iron Bash|p1a: Registeel
|-resisted|p1a: Registeel
|-damage|p1a: Registeel|45/100 par
|-resisted|p1a: Registeel
|-damage|p1a: Registeel|33/100 par
|-hitcount|p1a: Registeel|2
|cant|p1a: Registeel|flinch
|
|upkeep
|turn|38
|
|t:|1665192910
|move|p2a: Melmetal|Superpower|p1a: Registeel
|-supereffective|p1a: Registeel
|-damage|p1a: Registeel|0 fnt
|-unboost|p2a: Melmetal|atk|1
|-unboost|p2a: Melmetal|def|1
|faint|p1a: Registeel
|
|upkeep
|c|☆Demondard|so skilled
|c|☆Demondard|fuck u
|-message|Demondard forfeited.
|
|win|Anibunnysomoney
|raw|Demondard's rating: 1482 &rarr; <strong>1468</strong><br />(-14 for losing)
|raw|Anibunnysomoney's rating: 1588 &rarr; <strong>1602</strong><br />(+14 for winning)
|l|☆Demondard
|c|☆Anibunnysomoney|Lmao
||Ladder isn't responding, score probably updated but might not have (Request timeout).
