|j|☆andrewm0n
|j|☆Down$hift
|t:|1656165718
|gametype|singles
|player|p1|andrewm0n|swimmerf|1852
|player|p2|Down$hift|teamrocket|1844
|teamsize|p1|6
|teamsize|p2|6
|gen|8
|tier|[Gen 8] OU
|rated|
|rule|Sleep Clause Mod: Limit one foe put to sleep
|rule|Species Clause: Limit one of each Pokémon
|rule|OHKO Clause: OHKO moves are banned
|rule|Evasion Moves Clause: Evasion moves are banned
|rule|Endless Battle Clause: Forcing endless battles is banned
|rule|HP Percentage Mod: HP is shown in percentages
|rule|Dynamax Clause: You cannot dynamax
|clearpoke
|poke|p1|Blaziken, M|
|poke|p1|Clefable, F|
|poke|p1|Slowbro-Galar, M|
|poke|p1|Corviknight, M|
|poke|p1|Seismitoad, M|
|poke|p1|Grimmsnarl, M|
|poke|p2|Magnezone|
|poke|p2|Volcarona, F|
|poke|p2|Clefable, M|
|poke|p2|Tornadus-Therian, M|
|poke|p2|Toxapex, F|
|poke|p2|Landorus-Therian, M|
|teampreview
|c|☆Down$hift|hf
|j| ferger
|
|t:|1656165751
|start
|switch|p1a: Seismitoad|Seismitoad, M|100/100
|switch|p2a: Pink Menace|Clefable, M|100/100
|turn|1
|
|t:|1656165754
|switch|p1a: Slowbro|Slowbro-Galar, M|100/100
|move|p2a: Pink Menace|Stealth Rock|p1a: Slowbro
|-sidestart|p1: andrewm0n|move: Stealth Rock
|
|upkeep
|turn|2
|
|t:|1656165805
|switch|p2a: Prédastérie|Toxapex, F|100/100
|move|p1a: Slowbro|Future Sight|p2a: Prédastérie
|-start|p1a: Slowbro|move: Future Sight
|
|upkeep
|turn|3
|inactive|Battle timer is ON: inactive players will automatically lose when time's up. (requested by Down$hift)
|
|t:|1656165825
|switch|p1a: Corviknight|Corviknight, M|100/100
|-damage|p1a: Corviknight|88/100|[from] Stealth Rock
|move|p2a: Prédastérie|Knock Off|p1a: Corviknight
|-damage|p1a: Corviknight|76/100
|-damage|p2a: Prédastérie|84/100|[from] item: Rocky Helmet|[of] p1a: Corviknight
|-enditem|p1a: Corviknight|Rocky Helmet|[from] move: Knock Off|[of] p2a: Prédastérie
|
|upkeep
|turn|4
|
|t:|1656165836
|move|p1a: Corviknight|U-turn|p2a: Prédastérie
|-resisted|p2a: Prédastérie
|-damage|p2a: Prédastérie|79/100
|-enditem|p2a: Prédastérie|Eject Button
|j| asahddude
|
|t:|1656165839
|switch|p2a: $wagnezone|Magnezone|100/100
|
|-end|p2a: $wagnezone|move: Future Sight
|-resisted|p2a: $wagnezone
|-damage|p2a: $wagnezone|87/100
|upkeep
|turn|5
|
|t:|1656165842
|move|p2a: $wagnezone|Discharge|p1a: Corviknight
|-supereffective|p1a: Corviknight
|-damage|p1a: Corviknight|19/100
|move|p1a: Corviknight|U-turn|p2a: $wagnezone
|-resisted|p2a: $wagnezone
|-crit|p2a: $wagnezone
|-damage|p2a: $wagnezone|77/100
|
|t:|1656165851
|switch|p1a: Seismitoad|Seismitoad, M|100/100|[from]move: U-turn
|-damage|p1a: Seismitoad|94/100|[from] Stealth Rock
|
|-heal|p1a: Seismitoad|100/100|[from] item: Leftovers
|upkeep
|turn|6
|
|t:|1656165857
|switch|p2a: Torn Anus|Tornadus-Therian, M|100/100
|move|p1a: Seismitoad|Stealth Rock|p2a: Torn Anus
|-sidestart|p2: Down$hift|move: Stealth Rock
|
|upkeep
|turn|7
|
|t:|1656165884
|switch|p2a: Prédastérie|Toxapex, F|100/100
|-damage|p2a: Prédastérie|88/100|[from] Stealth Rock
|move|p1a: Seismitoad|Knock Off|p2a: Prédastérie
|-damage|p2a: Prédastérie|76/100
|
|upkeep
|turn|8
|
|t:|1656165893
|move|p1a: Seismitoad|Earth Power|p2a: Prédastérie
|-supereffective|p2a: Prédastérie
|-damage|p2a: Prédastérie|40/100
|-unboost|p2a: Prédastérie|spd|1
|move|p2a: Prédastérie|Toxic|p1a: Seismitoad
|-status|p1a: Seismitoad|tox
|
|-damage|p1a: Seismitoad|94/100 tox|[from] psn
|upkeep
|turn|9
|
|t:|1656165900
|switch|p2a: Pink Menace|Clefable, M|100/100
|move|p1a: Seismitoad|Knock Off|p2a: Pink Menace
|-resisted|p2a: Pink Menace
|-crit|p2a: Pink Menace
|-damage|p2a: Pink Menace|87/100
|-damage|p1a: Seismitoad|78/100 tox|[from] item: Rocky Helmet|[of] p2a: Pink Menace
|-enditem|p2a: Pink Menace|Rocky Helmet|[from] move: Knock Off|[of] p1a: Seismitoad
|
|-heal|p1a: Seismitoad|84/100 tox|[from] item: Leftovers
|-damage|p1a: Seismitoad|72/100 tox|[from] psn
|upkeep
|turn|10
|
|t:|1656165906
|switch|p1a: Slowbro|Slowbro-Galar, M|100/100
|-damage|p1a: Slowbro|88/100|[from] Stealth Rock
|move|p2a: Pink Menace|Wish|p2a: Pink Menace
|
|upkeep
|turn|11
|
|t:|1656165914
|switch|p2a: Prédastérie|Toxapex, F|73/100
|-damage|p2a: Prédastérie|61/100|[from] Stealth Rock
|move|p1a: Slowbro|Future Sight|p2a: Prédastérie
|-start|p1a: Slowbro|move: Future Sight
|
|-heal|p2a: Prédastérie|100/100|[from] move: Wish|[wisher] Pink Menace
|upkeep
|turn|12
|
|t:|1656165927
|move|p1a: Slowbro|Earthquake|p2a: Prédastérie
|-supereffective|p2a: Prédastérie
|-damage|p2a: Prédastérie|61/100
|move|p2a: Prédastérie|Knock Off|p1a: Slowbro
|-supereffective|p1a: Slowbro
|-damage|p1a: Slowbro|64/100
|-enditem|p1a: Slowbro|Assault Vest|[from] move: Knock Off|[of] p2a: Prédastérie
|
|upkeep
|turn|13
|
|t:|1656165939
|move|p1a: Slowbro|Shell Side Arm|p2a: Prédastérie|[anim] Shell Side Arm Physical
|-resisted|p2a: Prédastérie
|-damage|p2a: Prédastérie|49/100
|-hint|Physical Shell Side Arm
|move|p2a: Prédastérie|Recover|p2a: Prédastérie
|-heal|p2a: Prédastérie|99/100
|
|-end|p2a: Prédastérie|move: Future Sight
|-supereffective|p2a: Prédastérie
|-damage|p2a: Prédastérie|45/100
|upkeep
|turn|14
|
|t:|1656165965
|switch|p2a: Pandemic|Volcarona, F|100/100
|move|p1a: Slowbro|Future Sight|p2a: Pandemic
|-start|p1a: Slowbro|move: Future Sight
|
|upkeep
|turn|15
|inactive|andrewm0n has 120 seconds left.
|
|t:|1656165999
|move|p2a: Pandemic|Flamethrower|p1a: Slowbro
|-damage|p1a: Slowbro|18/100
|-status|p1a: Slowbro|brn
|move|p1a: Slowbro|Shell Side Arm|p2a: Pandemic|[anim] Shell Side Arm Physical
|-damage|p2a: Pandemic|80/100
|-hint|Physical Shell Side Arm
|
|-damage|p1a: Slowbro|12/100 brn|[from] brn
|upkeep
|turn|16
|
|t:|1656166013
|switch|p2a: Pink Menace|Clefable, M|87/100
|switch|p1a: Corviknight|Corviknight, M|19/100
|-damage|p1a: Corviknight|6/100|[from] Stealth Rock
|
|-end|p2a: Pink Menace|move: Future Sight
|-damage|p2a: Pink Menace|44/100
|upkeep
|turn|17
|
|t:|1656166025
|switch|p2a: $wagnezone|Magnezone|77/100
|-damage|p2a: $wagnezone|71/100|[from] Stealth Rock
|move|p1a: Corviknight|Defog|p2a: $wagnezone
|-unboost|p2a: $wagnezone|evasion|1
|-sideend|p2: Down$hift|Stealth Rock|[from] move: Defog|[of] p1a: Corviknight
|-sideend|p1: andrewm0n|Stealth Rock|[from] move: Defog|[of] p1a: Corviknight
|
|upkeep
|turn|18
|
|t:|1656166029
|move|p2a: $wagnezone|Volt Switch|p1a: Corviknight
|-supereffective|p1a: Corviknight
|-damage|p1a: Corviknight|0 fnt
|faint|p1a: Corviknight
|
|t:|1656166035
|switch|p2a: LandOUrus-T|Landorus-Therian, M|100/100|[from]move: Volt Switch
|
|upkeep
|
|t:|1656166039
|switch|p1a: Seismitoad|Seismitoad, M|72/100 tox
|turn|19
|
|t:|1656166042
|move|p2a: LandOUrus-T|U-turn|p1a: Seismitoad
|-damage|p1a: Seismitoad|49/100 tox
|
|t:|1656166045
|switch|p2a: Pink Menace|Clefable, M|44/100|[from]move: U-turn
|move|p1a: Seismitoad|Toxic|p2a: Pink Menace
|-status|p2a: Pink Menace|tox
|
|-heal|p1a: Seismitoad|55/100 tox|[from] item: Leftovers
|-damage|p1a: Seismitoad|49/100 tox|[from] psn
|upkeep
|turn|20
|
|t:|1656166050
|switch|p1a: Blaziken|Blaziken, M|100/100
|move|p2a: Pink Menace|Soft-Boiled|p2a: Pink Menace
|-heal|p2a: Pink Menace|94/100 tox
|
|upkeep
|turn|21
|j| GodXShadow
|
|t:|1656166056
|switch|p2a: LandOUrus-T|Landorus-Therian, M|100/100
|-ability|p2a: LandOUrus-T|Intimidate|boost
|-unboost|p1a: Blaziken|atk|1
|move|p1a: Blaziken|Swords Dance|p1a: Blaziken
|-boost|p1a: Blaziken|atk|2
|
|-ability|p1a: Blaziken|Speed Boost|boost
|-boost|p1a: Blaziken|spe|1
|upkeep
|turn|22
|
|t:|1656166058
|move|p1a: Blaziken|Protect|p1a: Blaziken
|-singleturn|p1a: Blaziken|Protect
|move|p2a: LandOUrus-T|Earthquake|p1a: Blaziken
|-activate|p1a: Blaziken|move: Protect
|
|-ability|p1a: Blaziken|Speed Boost|boost
|-boost|p1a: Blaziken|spe|1
|upkeep
|turn|23
|
|t:|1656166069
|switch|p2a: Pink Menace|Clefable, M|94/100 tox
|move|p1a: Blaziken|Flare Blitz|p2a: Pink Menace
|-damage|p2a: Pink Menace|13/100 tox
|-damage|p1a: Blaziken|66/100|[from] Recoil
|
|-heal|p1a: Blaziken|72/100|[from] item: Leftovers
|-ability|p1a: Blaziken|Speed Boost|boost
|-boost|p1a: Blaziken|spe|1
|upkeep
|turn|24
|
|t:|1656166072
|move|p1a: Blaziken|Flare Blitz|p2a: Pink Menace
|-damage|p2a: Pink Menace|0 fnt
|faint|p2a: Pink Menace
|-damage|p1a: Blaziken|66/100|[from] Recoil
|
|-heal|p1a: Blaziken|72/100|[from] item: Leftovers
|-ability|p1a: Blaziken|Speed Boost|boost
|-boost|p1a: Blaziken|spe|1
|upkeep
|
|t:|1656166079
|switch|p2a: Prédastérie|Toxapex, F|78/100
|turn|25
|
|t:|1656166084
|switch|p1a: Slowbro|Slowbro-Galar, M|45/100 brn
|move|p2a: Prédastérie|Toxic||[still]
|-fail|p2a: Prédastérie
|
|-damage|p1a: Slowbro|39/100 brn|[from] brn
|upkeep
|turn|26
|
|t:|1656166090
|switch|p1a: Clefable|Clefable, F|100/100
|move|p2a: Prédastérie|Knock Off|p1a: Clefable
|-resisted|p1a: Clefable
|-damage|p1a: Clefable|94/100
|-enditem|p1a: Clefable|Leftovers|[from] move: Knock Off|[of] p2a: Prédastérie
|
|upkeep
|turn|27
|
|t:|1656166099
|switch|p2a: Torn Anus|Tornadus-Therian, M|100/100
|move|p1a: Clefable|Heal Bell|p1a: Clefable
|-activate|p1a: Clefable|move: Heal Bell
|-curestatus|p1: Slowbro|brn|[msg]
|-curestatus|p1: Seismitoad|tox|[msg]
|
|upkeep
|turn|28
|
|t:|1656166107
|move|p2a: Torn Anus|Nasty Plot|p2a: Torn Anus
|-boost|p2a: Torn Anus|spa|2
|move|p1a: Clefable|Wish|p1a: Clefable
|
|upkeep
|turn|29
|
|t:|1656166115
|move|p2a: Torn Anus|Nasty Plot|p2a: Torn Anus
|-boost|p2a: Torn Anus|spa|2
|move|p1a: Clefable|Moonblast|p2a: Torn Anus
|-damage|p2a: Torn Anus|70/100
|
|-heal|p1a: Clefable|100/100|[from] move: Wish|[wisher] Clefable
|upkeep
|turn|30
|
|t:|1656166120
|move|p2a: Torn Anus|Taunt|p1a: Clefable
|-start|p1a: Clefable|move: Taunt
|cant|p1a: Clefable|move: Taunt|Wish
|
|upkeep
|turn|31
|
|t:|1656166122
|move|p2a: Torn Anus|Hurricane|p1a: Clefable
|-damage|p1a: Clefable|56/100
|move|p1a: Clefable|Moonblast|p2a: Torn Anus
|-damage|p2a: Torn Anus|38/100
|
|upkeep
|turn|32
|
|t:|1656166125
|move|p2a: Torn Anus|Hurricane|p1a: Clefable
|-damage|p1a: Clefable|13/100
|-start|p1a: Clefable|confusion
|-activate|p1a: Clefable|confusion
|move|p1a: Clefable|Moonblast|p2a: Torn Anus
|-damage|p2a: Torn Anus|4/100
|
|-end|p1a: Clefable|move: Taunt
|upkeep
|turn|33
|
|t:|1656166129
|move|p2a: Torn Anus|Heat Wave|p1a: Clefable
|-damage|p1a: Clefable|0 fnt
|faint|p1a: Clefable
|
|upkeep
|
|t:|1656166131
|switch|p1a: Blaziken|Blaziken, M|72/100
|turn|34
|
|t:|1656166135
|switch|p2a: Prédastérie|Toxapex, F|100/100
|move|p1a: Blaziken|Protect||[still]
|-fail|p1a: Blaziken
|
|-heal|p1a: Blaziken|78/100|[from] item: Leftovers
|-ability|p1a: Blaziken|Speed Boost|boost
|-boost|p1a: Blaziken|spe|1
|upkeep
|turn|35
|
|t:|1656166138
|switch|p1a: Slowbro|Slowbro-Galar, M|72/100
|move|p2a: Prédastérie|Knock Off|p1a: Slowbro
|-supereffective|p1a: Slowbro
|-damage|p1a: Slowbro|56/100
|
|upkeep
|turn|36
|
|t:|1656166145
|move|p1a: Slowbro|Future Sight|p2a: Prédastérie
|-start|p1a: Slowbro|move: Future Sight
|move|p2a: Prédastérie|Knock Off|p1a: Slowbro
|-supereffective|p1a: Slowbro
|-damage|p1a: Slowbro|40/100
|
|upkeep
|turn|37
|
|t:|1656166154
|switch|p1a: Seismitoad|Seismitoad, M|49/100
|switch|p2a: LandOUrus-T|Landorus-Therian, M|100/100
|-ability|p2a: LandOUrus-T|Intimidate|boost
|-unboost|p1a: Seismitoad|atk|1
|
|-heal|p1a: Seismitoad|55/100|[from] item: Leftovers
|upkeep
|turn|38
|
|t:|1656166160
|move|p2a: LandOUrus-T|U-turn|p1a: Seismitoad
|-damage|p1a: Seismitoad|33/100
|
|t:|1656166167
|switch|p2a: $wagnezone|Magnezone|71/100|[from]move: U-turn
|move|p1a: Seismitoad|Stealth Rock|p2a: $wagnezone
|-sidestart|p2: Down$hift|move: Stealth Rock
|
|-end|p2a: $wagnezone|move: Future Sight
|-resisted|p2a: $wagnezone
|-damage|p2a: $wagnezone|56/100
|-heal|p1a: Seismitoad|39/100|[from] item: Leftovers
|upkeep
|turn|39
|
|t:|1656166178
|move|p2a: $wagnezone|Flash Cannon|p1a: Seismitoad
|-resisted|p1a: Seismitoad
|-damage|p1a: Seismitoad|22/100
|move|p1a: Seismitoad|Earth Power|p2a: $wagnezone
|-supereffective|p2a: $wagnezone
|-crit|p2a: $wagnezone
|-damage|p2a: $wagnezone|0 fnt
|faint|p2a: $wagnezone
|
|-heal|p1a: Seismitoad|29/100|[from] item: Leftovers
|upkeep
|
|t:|1656166181
|switch|p2a: LandOUrus-T|Landorus-Therian, M|100/100
|-damage|p2a: LandOUrus-T|88/100|[from] Stealth Rock
|-ability|p2a: LandOUrus-T|Intimidate|boost
|-unboost|p1a: Seismitoad|atk|1
|turn|40
|
|t:|1656166186
|move|p2a: LandOUrus-T|Earthquake|p1a: Seismitoad
|-damage|p1a: Seismitoad|0 fnt
|faint|p1a: Seismitoad
|
|upkeep
|
|t:|1656166189
|switch|p1a: Grimmsnarl|Grimmsnarl, M|100/100
|turn|41
|
|t:|1656166197
|switch|p2a: Prédastérie|Toxapex, F|100/100
|-damage|p2a: Prédastérie|88/100|[from] Stealth Rock
|move|p1a: Grimmsnarl|Bulk Up|p1a: Grimmsnarl
|-boost|p1a: Grimmsnarl|atk|1
|-boost|p1a: Grimmsnarl|def|1
|
|upkeep
|turn|42
|
|t:|1656166203
|move|p1a: Grimmsnarl|Darkest Lariat|p2a: Prédastérie
|-damage|p2a: Prédastérie|39/100
|move|p2a: Prédastérie|Haze|p2a: Prédastérie
|-clearallboost
|
|upkeep
|turn|43
|
|t:|1656166211
|switch|p1a: Slowbro|Slowbro-Galar, M|73/100
|move|p2a: Prédastérie|Recover|p2a: Prédastérie
|-heal|p2a: Prédastérie|89/100
|
|upkeep
|turn|44
|j| Azure_Phaeton2
|inactive|Down$hift has 120 seconds left.
|j| Limlut
|l| Limlut
|inactive|Down$hift has 90 seconds left.
|
|t:|1656166272
|switch|p2a: Torn Anus|Tornadus-Therian, M|37/100
|move|p1a: Slowbro|Future Sight|p2a: Torn Anus
|-start|p1a: Slowbro|move: Future Sight
|
|upkeep
|turn|45
|
|t:|1656166277
|switch|p2a: Prédastérie|Toxapex, F|100/100
|-damage|p2a: Prédastérie|88/100|[from] Stealth Rock
|move|p1a: Slowbro|Shell Side Arm|p2a: Prédastérie|[anim] Shell Side Arm Physical
|-resisted|p2a: Prédastérie
|-damage|p2a: Prédastérie|76/100
|-hint|Physical Shell Side Arm
|
|upkeep
|turn|46
|
|t:|1656166281
|move|p1a: Slowbro|Earthquake|p2a: Prédastérie
|-supereffective|p2a: Prédastérie
|-damage|p2a: Prédastérie|34/100
|move|p2a: Prédastérie|Recover|p2a: Prédastérie
|-heal|p2a: Prédastérie|84/100
|
|-end|p2a: Prédastérie|move: Future Sight
|-supereffective|p2a: Prédastérie
|-damage|p2a: Prédastérie|30/100
|upkeep
|turn|47
|inactive|Down$hift has 90 seconds left.
|
|t:|1656166307
|switch|p2a: Torn Anus|Tornadus-Therian, M|70/100
|move|p1a: Slowbro|Future Sight|p2a: Torn Anus
|-start|p1a: Slowbro|move: Future Sight
|
|upkeep
|turn|48
|
|t:|1656166316
|move|p2a: Torn Anus|Hurricane|p1a: Slowbro
|-damage|p1a: Slowbro|26/100
|move|p1a: Slowbro|Shell Side Arm|p2a: Torn Anus|[anim] Shell Side Arm Physical
|-damage|p2a: Torn Anus|28/100
|-hint|Physical Shell Side Arm
|
|upkeep
|turn|49
|
|t:|1656166324
|move|p2a: Torn Anus|Hurricane|p1a: Slowbro
|-damage|p1a: Slowbro|0 fnt
|faint|p1a: Slowbro
|
|-end|p2a: Torn Anus|move: Future Sight
|-damage|p2a: Torn Anus|0 fnt
|faint|p2a: Torn Anus
|upkeep
|
|t:|1656166332
|switch|p2a: Prédastérie|Toxapex, F|63/100
|switch|p1a: Grimmsnarl|Grimmsnarl, M|100/100
|-damage|p2a: Prédastérie|51/100|[from] Stealth Rock
|turn|50
|
|t:|1656166343
|move|p1a: Grimmsnarl|Bulk Up|p1a: Grimmsnarl
|-boost|p1a: Grimmsnarl|atk|1
|-boost|p1a: Grimmsnarl|def|1
|move|p2a: Prédastérie|Toxic|p1a: Grimmsnarl
|-status|p1a: Grimmsnarl|tox
|
|-damage|p1a: Grimmsnarl|94/100 tox|[from] psn
|upkeep
|turn|51
|
|t:|1656166355
|switch|p2a: LandOUrus-T|Landorus-Therian, M|88/100
|-damage|p2a: LandOUrus-T|76/100|[from] Stealth Rock
|-ability|p2a: LandOUrus-T|Intimidate|boost
|-unboost|p1a: Grimmsnarl|atk|1
|move|p1a: Grimmsnarl|Darkest Lariat|p2a: LandOUrus-T
|-damage|p2a: LandOUrus-T|21/100
|
|-heal|p1a: Grimmsnarl|100/100 tox|[from] item: Leftovers
|-damage|p1a: Grimmsnarl|88/100 tox|[from] psn
|upkeep
|turn|52
|
|t:|1656166360
|move|p1a: Grimmsnarl|Sucker Punch|p2a: LandOUrus-T
|-damage|p2a: LandOUrus-T|0 fnt
|faint|p2a: LandOUrus-T
|
|-heal|p1a: Grimmsnarl|94/100 tox|[from] item: Leftovers
|-damage|p1a: Grimmsnarl|76/100 tox|[from] psn
|upkeep
|
|t:|1656166371
|switch|p2a: Prédastérie|Toxapex, F|84/100
|-damage|p2a: Prédastérie|72/100|[from] Stealth Rock
|turn|53
|l| GodXShadow
|
|t:|1656166376
|move|p1a: Grimmsnarl|Darkest Lariat|p2a: Prédastérie
|-damage|p2a: Prédastérie|39/100
|move|p2a: Prédastérie|Recover|p2a: Prédastérie
|-heal|p2a: Prédastérie|89/100
|
|-heal|p1a: Grimmsnarl|82/100 tox|[from] item: Leftovers
|-damage|p1a: Grimmsnarl|58/100 tox|[from] psn
|upkeep
|turn|54
|inactive|Down$hift has 120 seconds left.
|c|☆andrewm0n|gg
|
|t:|1656166386
|move|p1a: Grimmsnarl|Bulk Up|p1a: Grimmsnarl
|-boost|p1a: Grimmsnarl|atk|1
|-boost|p1a: Grimmsnarl|def|1
|move|p2a: Prédastérie|Knock Off|p1a: Grimmsnarl
|-resisted|p1a: Grimmsnarl
|-damage|p1a: Grimmsnarl|56/100 tox
|-enditem|p1a: Grimmsnarl|Leftovers|[from] move: Knock Off|[of] p2a: Prédastérie
|
|-damage|p1a: Grimmsnarl|26/100 tox|[from] psn
|upkeep
|turn|55
|c|☆Down$hift|gg
|
|t:|1656166391
|move|p1a: Grimmsnarl|Darkest Lariat|p2a: Prédastérie
|-damage|p2a: Prédastérie|36/100
|move|p2a: Prédastérie|Recover|p2a: Prédastérie
|-heal|p2a: Prédastérie|86/100
|
|-damage|p1a: Grimmsnarl|0 fnt|[from] psn
|faint|p1a: Grimmsnarl
|upkeep
|
|t:|1656166393
|switch|p1a: Blaziken|Blaziken, M|78/100
|turn|56
|
|t:|1656166395
|move|p1a: Blaziken|Swords Dance|p1a: Blaziken
|-boost|p1a: Blaziken|atk|2
|move|p2a: Prédastérie|Toxic|p1a: Blaziken
|-status|p1a: Blaziken|tox
|
|-heal|p1a: Blaziken|84/100 tox|[from] item: Leftovers
|-damage|p1a: Blaziken|78/100 tox|[from] psn
|-ability|p1a: Blaziken|Speed Boost|boost
|-boost|p1a: Blaziken|spe|1
|upkeep
|turn|57
|
|t:|1656166397
|move|p1a: Blaziken|Close Combat|p2a: Prédastérie
|-resisted|p2a: Prédastérie
|-damage|p2a: Prédastérie|36/100
|-unboost|p1a: Blaziken|def|1
|-unboost|p1a: Blaziken|spd|1
|move|p2a: Prédastérie|Haze|p2a: Prédastérie
|-clearallboost
|
|-heal|p1a: Blaziken|84/100 tox|[from] item: Leftovers
|-damage|p1a: Blaziken|72/100 tox|[from] psn
|-ability|p1a: Blaziken|Speed Boost|boost
|-boost|p1a: Blaziken|spe|1
|upkeep
|turn|58
|
|t:|1656166402
|move|p1a: Blaziken|Close Combat|p2a: Prédastérie
|-resisted|p2a: Prédastérie
|-crit|p2a: Prédastérie
|-damage|p2a: Prédastérie|0 fnt
|-unboost|p1a: Blaziken|def|1
|-unboost|p1a: Blaziken|spd|1
|faint|p2a: Prédastérie
|
|-heal|p1a: Blaziken|78/100 tox|[from] item: Leftovers
|-damage|p1a: Blaziken|60/100 tox|[from] psn
|-ability|p1a: Blaziken|Speed Boost|boost
|-boost|p1a: Blaziken|spe|1
|upkeep
|c|☆Down$hift|OH NO
|c|☆Down$hift|OH GOD
|j| mottews
|c|☆Down$hift|PLEASE LIVE
|
|t:|1656166418
|switch|p2a: Pandemic|Volcarona, F|80/100
|turn|59
|
|t:|1656166420
|move|p1a: Blaziken|Flare Blitz|p2a: Pandemic
|-damage|p2a: Pandemic|9/100
|-damage|p1a: Blaziken|31/100 tox|[from] Recoil
|move|p2a: Pandemic|Psychic|p1a: Blaziken
|-supereffective|p1a: Blaziken
|-damage|p1a: Blaziken|0 fnt
|faint|p1a: Blaziken
|
|win|Down$hift
|raw|andrewm0n's rating: 1852 &rarr; <strong>1832</strong><br />(-20 for losing)
|raw|Down$hift's rating: 1844 &rarr; <strong>1864</strong><br />(+20 for winning)
|c|☆andrewm0n|gg
|c|☆Down$hift|PHEW
|c|☆Down$hift|gg
|c| ferger|Nooo
|c|☆andrewm0n|that crit made it close
|c| ferger|gg !
|c|☆Down$hift|yh
|c|☆andrewm0n|but the right person won
|l|☆andrewm0n
|l| mottews
|c|☆Down$hift|i got a mini heart attack right there
|c|☆Down$hift|oml
|l| asahddude
||Ladder isn't responding, score probably updated but might not have (Request timeout).
|c| ferger|stone edge will kill i think
|j| AverageWeirdo 5
|j| convection oven
|j| ihavebestsandteam
|j| vnmmv
|j| De5tr0yr
|c|☆Down$hift|he's sd tect
|l| AverageWeirdo 5
|l| convection oven
|l| ihavebestsandteam
|l| De5tr0yr
|l| vnmmv
|c| ferger|it was close, nice btw
|l| ferger
