|raw|<div class="broadcast-blue"><strong>This battle is required to be public due to a player having a name starting with 'LT73IU'.</div>
|j|☆ezwz
|j|☆LT73IU K3NIX
|t:|1598456730
|player|p1|ezwz|youngster-gen4|1893
|player|p2|LT73IU K3NIX|n|1880
|teamsize|p1|6
|teamsize|p2|6
|gametype|singles
|gen|8
|tier|[Gen 8] OU
|rated|
|clearpoke
|poke|p1|Tyranitar, M|
|poke|p1|Excadrill, M|
|poke|p1|Ferrothorn, M|
|poke|p1|Clefable, M|
|poke|p1|Dragapult, M|
|poke|p1|Corviknight, M|
|poke|p2|Gengar, F|
|poke|p2|Hatterene, F|
|poke|p2|Tyranitar, M|
|poke|p2|Excadrill, M|
|poke|p2|Corviknight, M|
|poke|p2|Amoonguss, M|
|rule|Sleep Clause Mod: Limit one foe put to sleep
|rule|Species Clause: Limit one of each Pokémon
|rule|OHKO Clause: OHKO moves are banned
|rule|Evasion Moves Clause: Evasion moves are banned
|rule|Endless Battle Clause: Forcing endless battles is banned
|rule|HP Percentage Mod: HP is shown in percentages
|rule|Dynamax Clause: You cannot dynamax
|teampreview
|inactive|Battle timer is ON: inactive players will automatically lose when time's up. (requested by LT73IU K3NIX)
|j| LT73IU ggg
|j| odin77
|j| LT73IU Mannat1
|j| lt73iu gray
|j| Pablochu
|j| Livio ElTito
|inactive|ezwz has 120 seconds left.
|j| LT73iucar
|
|t:|1598456772
|start
|switch|p1a: Ferrothorn|Ferrothorn, M|100/100
|switch|p2a: Hatterene|Hatterene, F|100/100
|turn|1
|j| LT73IU jey2
|j| egalvanc
|
|t:|1598456782
|switch|p1a: Tyranitar|Tyranitar, M|100/100
|-weather|Sandstorm|[from] ability: Sand Stream|[of] p1a: Tyranitar
|move|p2a: Hatterene|Mystical Fire|p1a: Tyranitar
|-resisted|p1a: Tyranitar
|-damage|p1a: Tyranitar|96/100
|-unboost|p1a: Tyranitar|spa|1
|
|-weather|Sandstorm|[upkeep]
|-damage|p2a: Hatterene|95/100|[from] Sandstorm
|-heal|p2a: Hatterene|100/100|[from] item: Leftovers
|upkeep
|turn|2
|
|t:|1598456790
|switch|p2a: Amoonguss|Amoonguss, M|100/100
|move|p1a: Tyranitar|Rock Blast|p2a: Amoonguss
|-damage|p2a: Amoonguss|92/100
|-crit|p2a: Amoonguss
|-damage|p2a: Amoonguss|79/100
|-hitcount|p2a: Amoonguss|2
|
|-weather|Sandstorm|[upkeep]
|-damage|p2a: Amoonguss|73/100|[from] Sandstorm
|upkeep
|turn|3
|j| reje
|
|t:|1598456794
|switch|p1a: Ferrothorn|Ferrothorn, M|100/100
|switch|p2a: Hatterene|Hatterene, F|100/100
|
|-weather|Sandstorm|[upkeep]
|-damage|p2a: Hatterene|95/100|[from] Sandstorm
|-heal|p2a: Hatterene|100/100|[from] item: Leftovers
|upkeep
|turn|4
|
|t:|1598456799
|switch|p1a: Tyranitar|Tyranitar, M|96/100
|move|p2a: Hatterene|Mystical Fire|p1a: Tyranitar
|-resisted|p1a: Tyranitar
|-damage|p1a: Tyranitar|92/100
|-unboost|p1a: Tyranitar|spa|1
|
|-weather|Sandstorm|[upkeep]
|-damage|p2a: Hatterene|95/100|[from] Sandstorm
|-heal|p2a: Hatterene|100/100|[from] item: Leftovers
|upkeep
|turn|5
|
|t:|1598456806
|switch|p1a: Ferrothorn|Ferrothorn, M|100/100
|switch|p2a: Amoonguss|Amoonguss, M|100/100
|
|-weather|Sandstorm|[upkeep]
|-damage|p2a: Amoonguss|94/100|[from] Sandstorm
|upkeep
|turn|6
|
|t:|1598456811
|switch|p2a: Corviknight|Corviknight, M|100/100
|-ability|p2a: Corviknight|Pressure
|move|p1a: Ferrothorn|Knock Off|p2a: Corviknight
|-damage|p2a: Corviknight|87/100
|-enditem|p2a: Corviknight|Shed Shell|[from] move: Knock Off|[of] p1a: Ferrothorn
|
|-weather|Sandstorm|[upkeep]
|upkeep
|turn|7
|
|t:|1598456814
|move|p2a: Corviknight|Body Press|p1a: Ferrothorn
|-supereffective|p1a: Ferrothorn
|-damage|p1a: Ferrothorn|69/100
|-damage|p2a: Corviknight|75/100|[from] ability: Iron Barbs|[of] p1a: Ferrothorn
|move|p1a: Ferrothorn|Knock Off|p2a: Corviknight
|-damage|p2a: Corviknight|66/100
|
|-weather|Sandstorm|[upkeep]
|-heal|p1a: Ferrothorn|75/100|[from] item: Leftovers
|upkeep
|turn|8
|
|t:|1598456816
|switch|p2a: Hatterene|Hatterene, F|100/100
|move|p1a: Ferrothorn|Leech Seed|p2a: Hatterene
|move|p2a: Hatterene|Leech Seed|p1a: Ferrothorn|[from]Magic Bounce
|-immune|p1a: Ferrothorn
|
|-weather|none
|-heal|p1a: Ferrothorn|81/100|[from] item: Leftovers
|upkeep
|turn|9
|
|t:|1598456820
|switch|p1a: Tyranitar|Tyranitar, M|92/100
|-weather|Sandstorm|[from] ability: Sand Stream|[of] p1a: Tyranitar
|move|p2a: Hatterene|Calm Mind|p2a: Hatterene
|-boost|p2a: Hatterene|spa|1
|-boost|p2a: Hatterene|spd|1
|
|-weather|Sandstorm|[upkeep]
|-damage|p2a: Hatterene|95/100|[from] Sandstorm
|-heal|p2a: Hatterene|100/100|[from] item: Leftovers
|upkeep
|turn|10
|
|t:|1598456824
|switch|p1a: Excadrill|Excadrill, M|100/100
|move|p2a: Hatterene|Draining Kiss|p1a: Excadrill
|-resisted|p1a: Excadrill
|-damage|p1a: Excadrill|79/100
|
|-weather|Sandstorm|[upkeep]
|-damage|p2a: Hatterene|95/100|[from] Sandstorm
|-heal|p1a: Excadrill|85/100|[from] item: Leftovers
|-heal|p2a: Hatterene|100/100|[from] item: Leftovers
|upkeep
|turn|11
|j| LT73IU ARAVEX
|
|t:|1598456830
|switch|p2a: Amoonguss|Amoonguss, M|100/100
|move|p1a: Excadrill|Iron Head|p2a: Amoonguss
|-damage|p2a: Amoonguss|68/100
|-damage|p1a: Excadrill|68/100|[from] item: Rocky Helmet|[of] p2a: Amoonguss
|
|-weather|Sandstorm|[upkeep]
|-damage|p2a: Amoonguss|62/100|[from] Sandstorm
|-heal|p1a: Excadrill|75/100|[from] item: Leftovers
|upkeep
|turn|12
|
|t:|1598456834
|switch|p1a: Ferrothorn|Ferrothorn, M|81/100
|switch|p2a: Hatterene|Hatterene, F|100/100
|
|-weather|Sandstorm|[upkeep]
|-damage|p2a: Hatterene|95/100|[from] Sandstorm
|-heal|p2a: Hatterene|100/100|[from] item: Leftovers
|-heal|p1a: Ferrothorn|87/100|[from] item: Leftovers
|upkeep
|turn|13
|
|t:|1598456841
|switch|p1a: Tyranitar|Tyranitar, M|92/100
|move|p2a: Hatterene|Calm Mind|p2a: Hatterene
|-boost|p2a: Hatterene|spa|1
|-boost|p2a: Hatterene|spd|1
|
|-weather|Sandstorm|[upkeep]
|-damage|p2a: Hatterene|95/100|[from] Sandstorm
|-heal|p2a: Hatterene|100/100|[from] item: Leftovers
|upkeep
|turn|14
|
|t:|1598456845
|move|p1a: Tyranitar|Rock Blast|p2a: Hatterene
|-damage|p2a: Hatterene|92/100
|-damage|p2a: Hatterene|83/100
|-damage|p2a: Hatterene|74/100
|-hitcount|p2a: Hatterene|3
|move|p2a: Hatterene|Draining Kiss|p1a: Tyranitar
|-supereffective|p1a: Tyranitar
|-damage|p1a: Tyranitar|65/100
|-heal|p2a: Hatterene|99/100|[from] drain|[of] p1a: Tyranitar
|
|-weather|Sandstorm|[upkeep]
|-damage|p2a: Hatterene|93/100|[from] Sandstorm
|-heal|p2a: Hatterene|99/100|[from] item: Leftovers
|upkeep
|turn|15
|
|t:|1598456857
|move|p1a: Tyranitar|Rock Blast|p2a: Hatterene
|-damage|p2a: Hatterene|89/100
|-damage|p2a: Hatterene|80/100
|-damage|p2a: Hatterene|70/100
|-damage|p2a: Hatterene|62/100
|-damage|p2a: Hatterene|52/100
|-hitcount|p2a: Hatterene|5
|move|p2a: Hatterene|Mystical Fire|p1a: Tyranitar
|-resisted|p1a: Tyranitar
|-damage|p1a: Tyranitar|58/100
|-unboost|p1a: Tyranitar|spa|1
|
|-weather|Sandstorm|[upkeep]
|-damage|p2a: Hatterene|46/100|[from] Sandstorm
|-heal|p2a: Hatterene|52/100|[from] item: Leftovers
|upkeep
|turn|16
|
|t:|1598456871
|switch|p1a: Ferrothorn|Ferrothorn, M|87/100
|move|p2a: Hatterene|Mystical Fire|p1a: Ferrothorn
|-supereffective|p1a: Ferrothorn
|-damage|p1a: Ferrothorn|0 fnt
|faint|p1a: Ferrothorn
|
|-weather|none
|-heal|p2a: Hatterene|58/100|[from] item: Leftovers
|upkeep
|
|t:|1598456873
|switch|p1a: Excadrill|Excadrill, M|75/100
|turn|17
|
|t:|1598456876
|switch|p2a: Amoonguss|Amoonguss, M|95/100
|move|p1a: Excadrill|Iron Head|p2a: Amoonguss
|-damage|p2a: Amoonguss|62/100
|-damage|p1a: Excadrill|58/100|[from] item: Rocky Helmet|[of] p2a: Amoonguss
|
|-heal|p1a: Excadrill|64/100|[from] item: Leftovers
|upkeep
|turn|18
|
|t:|1598456893
|switch|p1a: Tyranitar|Tyranitar, M|58/100
|-weather|Sandstorm|[from] ability: Sand Stream|[of] p1a: Tyranitar
|move|p2a: Amoonguss|Spore|p1a: Tyranitar
|-status|p1a: Tyranitar|slp|[from] move: Spore
|
|-weather|Sandstorm|[upkeep]
|-damage|p2a: Amoonguss|56/100|[from] Sandstorm
|upkeep
|turn|19
|
|t:|1598456904
|switch|p2a: Hatterene|Hatterene, F|58/100
|cant|p1a: Tyranitar|slp
|
|-weather|Sandstorm|[upkeep]
|-damage|p2a: Hatterene|52/100|[from] Sandstorm
|-heal|p2a: Hatterene|58/100|[from] item: Leftovers
|upkeep
|turn|20
|
|t:|1598456911
|switch|p1a: Excadrill|Excadrill, M|64/100
|move|p2a: Hatterene|Draining Kiss|p1a: Excadrill
|-resisted|p1a: Excadrill
|-damage|p1a: Excadrill|50/100
|-heal|p2a: Hatterene|71/100|[from] drain|[of] p1a: Excadrill
|
|-weather|Sandstorm|[upkeep]
|-damage|p2a: Hatterene|65/100|[from] Sandstorm
|-heal|p1a: Excadrill|57/100|[from] item: Leftovers
|-heal|p2a: Hatterene|71/100|[from] item: Leftovers
|upkeep
|turn|21
|
|t:|1598456914
|switch|p2a: Corviknight|Corviknight, M|66/100
|-ability|p2a: Corviknight|Pressure
|move|p1a: Excadrill|Swords Dance|p1a: Excadrill
|-boost|p1a: Excadrill|atk|2
|
|-weather|Sandstorm|[upkeep]
|-heal|p1a: Excadrill|63/100|[from] item: Leftovers
|upkeep
|turn|22
|
|t:|1598456925
|switch|p1a: Dragapult|Dragapult, M|100/100
|move|p2a: Corviknight|Body Press|p1a: Dragapult
|-immune|p1a: Dragapult
|
|-weather|Sandstorm|[upkeep]
|-damage|p1a: Dragapult|95/100|[from] Sandstorm
|-heal|p1a: Dragapult|100/100|[from] item: Leftovers
|upkeep
|turn|23
|
|t:|1598456932
|switch|p2a: Tyranitar|Tyranitar, M|100/100
|move|p1a: Dragapult|Will-O-Wisp|p2a: Tyranitar|[miss]
|-miss|p1a: Dragapult|p2a: Tyranitar
|
|-weather|Sandstorm|[upkeep]
|-damage|p1a: Dragapult|95/100|[from] Sandstorm
|-heal|p1a: Dragapult|100/100|[from] item: Leftovers
|upkeep
|turn|24
|
|t:|1598456939
|move|p1a: Dragapult|Will-O-Wisp|p2a: Tyranitar
|-status|p2a: Tyranitar|brn
|move|p2a: Tyranitar|Counter|p1a: Dragapult
|-immune|p1a: Dragapult
|
|-weather|Sandstorm|[upkeep]
|-damage|p1a: Dragapult|95/100|[from] Sandstorm
|-heal|p1a: Dragapult|100/100|[from] item: Leftovers
|-damage|p2a: Tyranitar|94/100 brn|[from] brn
|upkeep
|turn|25
|
|t:|1598456944
|move|p1a: Dragapult|Substitute|p1a: Dragapult
|-start|p1a: Dragapult|Substitute
|-damage|p1a: Dragapult|76/100
|move|p2a: Tyranitar|Stealth Rock|p1a: Dragapult
|-sidestart|p1: ezwz|move: Stealth Rock
|
|-weather|none
|-heal|p1a: Dragapult|82/100|[from] item: Leftovers
|-heal|p2a: Tyranitar|100/100 brn|[from] item: Leftovers
|-damage|p2a: Tyranitar|94/100 brn|[from] brn
|upkeep
|turn|26
|
|t:|1598456950
|move|p1a: Dragapult|Dragon Darts|p2a: Tyranitar
|-damage|p2a: Tyranitar|78/100 brn
|-anim|p1a: Dragapult|Dragon Darts|p2a: Tyranitar
|-damage|p2a: Tyranitar|63/100 brn
|move|p2a: Tyranitar|Rock Blast|p1a: Dragapult
|-activate|p1a: Dragapult|move: Substitute|[damage]
|-activate|p1a: Dragapult|move: Substitute|[damage]
|-activate|p1a: Dragapult|move: Substitute|[damage]
|-hitcount|p1a: Dragapult|3
|
|-heal|p1a: Dragapult|88/100|[from] item: Leftovers
|-heal|p2a: Tyranitar|69/100 brn|[from] item: Leftovers
|-damage|p2a: Tyranitar|63/100 brn|[from] brn
|upkeep
|turn|27
|j| LT73IU Dankoc
|j| LogOffNow
|
|t:|1598456961
|switch|p2a: Hatterene|Hatterene, F|71/100
|move|p1a: Dragapult|Hex|p2a: Hatterene
|-supereffective|p2a: Hatterene
|-damage|p2a: Hatterene|3/100
|
|-heal|p1a: Dragapult|94/100|[from] item: Leftovers
|-heal|p2a: Hatterene|9/100|[from] item: Leftovers
|upkeep
|turn|28
|c|☆ezwz|every turn you do something weird
|
|t:|1598456989
|switch|p2a: Amoonguss|Amoonguss, M|89/100
|move|p1a: Dragapult|Hex|p2a: Amoonguss
|-damage|p2a: Amoonguss|59/100
|
|-heal|p1a: Dragapult|99/100|[from] item: Leftovers
|upkeep
|turn|29
|
|t:|1598456995
|move|p1a: Dragapult|Will-O-Wisp|p2a: Amoonguss
|-status|p2a: Amoonguss|brn
|move|p2a: Amoonguss|Sludge Bomb|p1a: Dragapult
|-resisted|p1a: Dragapult
|-end|p1a: Dragapult|Substitute
|
|-heal|p1a: Dragapult|100/100|[from] item: Leftovers
|-damage|p2a: Amoonguss|53/100 brn|[from] brn
|upkeep
|turn|30
|l| LT73IU Mannat1
|
|t:|1598457008
|move|p1a: Dragapult|Substitute|p1a: Dragapult
|-start|p1a: Dragapult|Substitute
|-damage|p1a: Dragapult|76/100
|move|p2a: Amoonguss|Sludge Bomb|p1a: Dragapult
|-resisted|p1a: Dragapult
|-activate|p1a: Dragapult|move: Substitute|[damage]
|
|-heal|p1a: Dragapult|82/100|[from] item: Leftovers
|-damage|p2a: Amoonguss|47/100 brn|[from] brn
|upkeep
|turn|31
|
|t:|1598457011
|switch|p2a: Corviknight|Corviknight, M|66/100
|-ability|p2a: Corviknight|Pressure
|move|p1a: Dragapult|Hex|p2a: Corviknight
|-damage|p2a: Corviknight|35/100
|
|-heal|p1a: Dragapult|88/100|[from] item: Leftovers
|upkeep
|turn|32
|
|t:|1598457017
|move|p1a: Dragapult|Will-O-Wisp|p2a: Corviknight
|-status|p2a: Corviknight|brn
|move|p2a: Corviknight|Roost|p2a: Corviknight
|-heal|p2a: Corviknight|85/100 brn
|-singleturn|p2a: Corviknight|move: Roost
|
|-heal|p1a: Dragapult|94/100|[from] item: Leftovers
|-damage|p2a: Corviknight|79/100 brn|[from] brn
|upkeep
|turn|33
|
|t:|1598457020
|move|p1a: Dragapult|Hex|p2a: Corviknight
|-damage|p2a: Corviknight|17/100 brn
|move|p2a: Corviknight|Brave Bird|p1a: Dragapult
|-end|p1a: Dragapult|Substitute
|-damage|p2a: Corviknight|15/100 brn|[from] Recoil|[of] p1a: Dragapult
|
|-heal|p1a: Dragapult|99/100|[from] item: Leftovers
|-damage|p2a: Corviknight|9/100 brn|[from] brn
|upkeep
|turn|34
|
|t:|1598457024
|move|p1a: Dragapult|Substitute|p1a: Dragapult
|-start|p1a: Dragapult|Substitute
|-damage|p1a: Dragapult|75/100
|move|p2a: Corviknight|Brave Bird|p1a: Dragapult
|-end|p1a: Dragapult|Substitute
|-damage|p2a: Corviknight|3/100 brn|[from] Recoil|[of] p1a: Dragapult
|
|-heal|p1a: Dragapult|81/100|[from] item: Leftovers
|-damage|p2a: Corviknight|0 fnt|[from] brn
|faint|p2a: Corviknight
|upkeep
|
|t:|1598457033
|switch|p2a: Excadrill|Excadrill, M|100/100
|turn|35
|
|t:|1598457037
|move|p1a: Dragapult|Will-O-Wisp|p2a: Excadrill
|-status|p2a: Excadrill|brn
|move|p2a: Excadrill|Earthquake|p1a: Dragapult
|-damage|p1a: Dragapult|36/100
|
|-heal|p1a: Dragapult|42/100|[from] item: Leftovers
|-damage|p2a: Excadrill|94/100 brn|[from] brn
|upkeep
|turn|36
|
|t:|1598457046
|switch|p1a: Corviknight|Corviknight, M|100/100
|-damage|p1a: Corviknight|88/100|[from] Stealth Rock
|-ability|p1a: Corviknight|Pressure
|switch|p2a: Tyranitar|Tyranitar, M|63/100 brn
|-weather|Sandstorm|[from] ability: Sand Stream|[of] p2a: Tyranitar
|
|-weather|Sandstorm|[upkeep]
|-heal|p1a: Corviknight|94/100|[from] item: Leftovers
|-heal|p2a: Tyranitar|69/100 brn|[from] item: Leftovers
|-damage|p2a: Tyranitar|63/100 brn|[from] brn
|upkeep
|turn|37
|
|t:|1598457052
|move|p1a: Corviknight|Substitute|p1a: Corviknight
|-start|p1a: Corviknight|Substitute
|-damage|p1a: Corviknight|69/100
|move|p2a: Tyranitar|Thunder Wave||[still]
|-fail|p2a: Tyranitar
|
|-weather|Sandstorm|[upkeep]
|-heal|p1a: Corviknight|75/100|[from] item: Leftovers
|-heal|p2a: Tyranitar|69/100 brn|[from] item: Leftovers
|-damage|p2a: Tyranitar|63/100 brn|[from] brn
|upkeep
|turn|38
|
|t:|1598457057
|switch|p2a: Gengar|Gengar, F|100/100
|move|p1a: Corviknight|Bulk Up|p1a: Corviknight
|-boost|p1a: Corviknight|atk|1
|-boost|p1a: Corviknight|def|1
|
|-weather|Sandstorm|[upkeep]
|-damage|p2a: Gengar|94/100|[from] Sandstorm
|-heal|p2a: Gengar|100/100|[from] item: Black Sludge
|-heal|p1a: Corviknight|82/100|[from] item: Leftovers
|upkeep
|turn|39
|
|t:|1598457062
|move|p2a: Gengar|Hex|p1a: Corviknight
|-end|p1a: Corviknight|Substitute
|move|p1a: Corviknight|Brave Bird|p2a: Gengar
|-damage|p2a: Gengar|0 fnt
|-damage|p1a: Corviknight|60/100|[from] Recoil
|faint|p2a: Gengar
|
|-weather|Sandstorm|[upkeep]
|-heal|p1a: Corviknight|66/100|[from] item: Leftovers
|upkeep
|-message|LT73IU K3NIX forfeited.
|
|win|ezwz
|l|☆LT73IU K3NIX
|l|☆ezwz
|l| LogOffNow
|l| egalvanc
||Ladder (probably) updated, but score could not be retrieved (Request timeout).
|j| LT73IU YAKO
|l| LT73IU ARAVEX
|l| LT73IU YAKO
|l| LT73iucar
|j| slainey
|j| lt73iu sicka
|l| lt73iu sicka
|l| slainey
|l| LT73IU jey2
|l| Pablochu
|l| lt73iu gray
|j| kruscal
|l| LT73IU ggg
|l| odin77
|l| kruscal
|l| reje
|l| LT73IU Dankoc
