|j|☆GuardArc
|j|☆Fall Out Bud
|t:|1605813168
|player|p1|GuardArc|alder|
|player|p2|Fall Out Bud|169|
|teamsize|p1|6
|teamsize|p2|6
|gametype|singles
|gen|8
|tier|[Gen 8] OU
|clearpoke
|poke|p1|Garchomp, M|
|poke|p1|Toxapex, F|
|poke|p1|Buzzwole|
|poke|p1|Blissey, F|
|poke|p1|Zapdos|
|poke|p1|Spectrier|
|poke|p2|Pheromosa|
|poke|p2|Latios, M|
|poke|p2|Excadrill, F|
|poke|p2|Rotom-Wash|
|poke|p2|Moltres|
|poke|p2|Urshifu-*, F|
|rule|Sleep Clause Mod: Limit one foe put to sleep
|rule|Species Clause: Limit one of each Pokémon
|rule|OHKO Clause: OHKO moves are banned
|rule|Evasion Moves Clause: Evasion moves are banned
|rule|Endless Battle Clause: Forcing endless battles is banned
|rule|HP Percentage Mod: HP is shown in percentages
|rule|Dynamax Clause: You cannot dynamax
|teampreview
|c|☆GuardArc|game 2. gl hf man
|c|☆Fall Out Bud|u2
|
|t:|1605813250
|start
|switch|p1a: Zapdos|Zapdos|100/100
|switch|p2a: Rotom|Rotom-Wash|100/100
|turn|1
|
|t:|1605813269
|move|p1a: Zapdos|Volt Switch|p2a: Rotom
|-damage|p2a: Rotom|70/100
|
|t:|1605813305
|switch|p1a: Blissey|Blissey, F|100/100|[from]move: Volt Switch
|move|p2a: Rotom|Volt Switch|p1a: Blissey
|-damage|p1a: Blissey|92/100
|
|t:|1605813328
|switch|p2a: Pheromosa|Pheromosa, shiny|100/100|[from]move: Volt Switch
|
|upkeep
|turn|2
|
|t:|1605813334
|switch|p1a: Toxapex|Toxapex, F|100/100
|move|p2a: Pheromosa|Quiver Dance|p2a: Pheromosa
|-boost|p2a: Pheromosa|spa|1
|-boost|p2a: Pheromosa|spd|1
|-boost|p2a: Pheromosa|spe|1
|
|upkeep
|turn|3
|c|☆GuardArc|damn, I don't win vs this
|c|☆GuardArc|I think I know that set
|
|t:|1605813388
|switch|p1a: Garchomp|Garchomp, M|100/100
|move|p2a: Pheromosa|Shock Wave|p1a: Garchomp
|-immune|p1a: Garchomp
|
|upkeep
|turn|4
|
|t:|1605813408
|switch|p1a: Zapdos|Zapdos|100/100
|move|p2a: Pheromosa|Ice Beam|p1a: Zapdos
|-supereffective|p1a: Zapdos
|-damage|p1a: Zapdos|0 fnt
|-damage|p2a: Pheromosa|91/100|[from] item: Life Orb
|faint|p1a: Zapdos
|-ability|p2a: Pheromosa|Beast Boost|boost
|-boost|p2a: Pheromosa|spa|1
|
|upkeep
|
|t:|1605813443
|switch|p1a: Spectrier|Spectrier|100/100
|turn|5
|c|☆Fall Out Bud|darius is a lord lol
|c|☆GuardArc|knew it was shock wave
|
|t:|1605813543
|move|p2a: Pheromosa|Ice Beam|p1a: Spectrier
|-damage|p1a: Spectrier|0 fnt
|-damage|p2a: Pheromosa|81/100|[from] item: Life Orb
|faint|p1a: Spectrier
|-ability|p2a: Pheromosa|Beast Boost|boost
|-boost|p2a: Pheromosa|spa|1
|
|upkeep
|c|☆Fall Out Bud|that was a roll
|c|☆GuardArc|I was hoping I could haze but nope. gg
|j| Yung Mus
|
|t:|1605813571
|switch|p1a: Toxapex|Toxapex, F|100/100
|turn|6
|c| Yung Mus|not a roll
|c|☆GuardArc|ah there he is lmao
|c| Yung Mus|+2 252+ SpA Life Orb Pheromosa Ice Beam vs. 0 HP / 0 SpD Spectrier: 351-413 (102.9 - 121.1%) -- guaranteed OHKO
|c| Yung Mus|unless Jon has hp or sum
|c|☆Fall Out Bud|oh i  calced wrong then
|
|t:|1605813610
|move|p2a: Pheromosa|Shock Wave|p1a: Toxapex
|-supereffective|p1a: Toxapex
|-damage|p1a: Toxapex|0 fnt
|-damage|p2a: Pheromosa|71/100|[from] item: Life Orb
|faint|p1a: Toxapex
|-ability|p2a: Pheromosa|Beast Boost|boost
|-boost|p2a: Pheromosa|spa|1
|
|upkeep
|c|☆GuardArc|nah no HP, this just straight kills
|
|t:|1605813620
|switch|p1a: Blissey|Blissey, F|92/100
|turn|7
|
|t:|1605813644
|move|p2a: Pheromosa|Focus Blast|p1a: Blissey|[miss]
|-miss|p2a: Pheromosa|p1a: Blissey
|move|p1a: Blissey|Seismic Toss|p2a: Pheromosa
|-damage|p2a: Pheromosa|35/100
|
|upkeep
|turn|8
|c|☆GuardArc|sorta knew this was gonna happen once my builds became invalid
|
|t:|1605813652
|move|p2a: Pheromosa|Focus Blast|p1a: Blissey
|-supereffective|p1a: Blissey
|-damage|p1a: Blissey|0 fnt
|-damage|p2a: Pheromosa|26/100|[from] item: Life Orb
|faint|p1a: Blissey
|-ability|p2a: Pheromosa|Beast Boost|boost
|-boost|p2a: Pheromosa|spa|1
|
|upkeep
|
|t:|1605813658
|switch|p1a: Buzzwole|Buzzwole|100/100
|turn|9
|
|t:|1605813665
|move|p2a: Pheromosa|Ice Beam|p1a: Buzzwole
|-damage|p1a: Buzzwole|0 fnt
|-damage|p2a: Pheromosa|16/100|[from] item: Life Orb
|faint|p1a: Buzzwole
|-ability|p2a: Pheromosa|Beast Boost|boost
|-boost|p2a: Pheromosa|spa|1
|
|upkeep
|
|t:|1605813667
|switch|p1a: Garchomp|Garchomp, M|100/100
|turn|10
|
|t:|1605813673
|move|p2a: Pheromosa|Ice Beam|p1a: Garchomp
|-supereffective|p1a: Garchomp
|-damage|p1a: Garchomp|0 fnt
|-damage|p2a: Pheromosa|6/100|[from] item: Life Orb
|faint|p1a: Garchomp
|
|win|Fall Out Bud
|c|☆Fall Out Bud|gg john
|c|☆GuardArc|sorry I didn't give better games tbh
|c|☆GuardArc|lol but ggs
