|j|☆LECH24
|j|☆quixana
|t:|1649716082
|gametype|singles
|player|p1|LECH24|102|1700
|player|p2|quixana|janitor|1677
|teamsize|p1|6
|teamsize|p2|6
|gen|8
|tier|[Gen 8] OU
|rated|
|rule|Sleep Clause Mod: Limit one foe put to sleep
|rule|Species Clause: Limit one of each Pokémon
|rule|OHKO Clause: OHKO moves are banned
|rule|Evasion Moves Clause: Evasion moves are banned
|rule|Endless Battle Clause: Forcing endless battles is banned
|rule|HP Percentage Mod: HP is shown in percentages
|rule|Dynamax Clause: You cannot dynamax
|clearpoke
|poke|p1|Corviknight, M|
|poke|p1|Tyrantrum, M|
|poke|p1|Slowbro, F|
|poke|p1|Zeraora|
|poke|p1|Zapdos-Galar|
|poke|p1|Blacephalon|
|poke|p2|Volcanion|
|poke|p2|Ninetales-Alola, F|
|poke|p2|Corviknight, F|
|poke|p2|Arctozolt|
|poke|p2|Landorus-Therian, M|
|poke|p2|Tornadus-Therian, M|
|teampreview
|j| Hella Rare Pepe
|c|☆quixana|hf
|j| doggowrino
|
|t:|1649716102
|start
|switch|p1a: Zeraora|Zeraora|100/100
|switch|p2a: Tornadus|Tornadus-Therian, M|100/100
|turn|1
|
|t:|1649716107
|switch|p2a: Landorus|Landorus-Therian, M|100/100
|-ability|p2a: Landorus|Intimidate|boost
|-unboost|p1a: Zeraora|atk|1
|move|p1a: Zeraora|Plasma Fists|p2a: Landorus
|-immune|p2a: Landorus
|
|upkeep
|turn|2
|
|t:|1649716114
|switch|p1a: Corviknight|Corviknight, M|100/100
|-ability|p1a: Corviknight|Pressure
|move|p2a: Landorus|Stealth Rock|p1a: Corviknight
|-sidestart|p1: LECH24|move: Stealth Rock
|
|upkeep
|turn|3
|
|t:|1649716119
|move|p2a: Landorus|U-turn|p1a: Corviknight
|-resisted|p1a: Corviknight
|-damage|p1a: Corviknight|96/100
|
|t:|1649716130
|switch|p2a: Volcanion|Volcanion|100/100|[from]move: U-turn
|move|p1a: Corviknight|U-turn|p2a: Volcanion
|-resisted|p2a: Volcanion
|-damage|p2a: Volcanion|94/100
|
|t:|1649716137
|switch|p1a: Tyrantrum|Tyrantrum, M|100/100|[from]move: U-turn
|-damage|p1a: Tyrantrum|88/100|[from] Stealth Rock
|
|upkeep
|turn|4
|
|t:|1649716142
|switch|p2a: Corviknight|Corviknight, F|100/100
|-ability|p2a: Corviknight|Pressure
|move|p1a: Tyrantrum|Head Smash|p2a: Corviknight
|-damage|p2a: Corviknight|33/100
|-damage|p1a: Tyrantrum|72/100|[from] item: Rocky Helmet|[of] p2a: Corviknight
|
|upkeep
|turn|5
|j| burgercute
|
|t:|1649716171
|move|p1a: Tyrantrum|Head Smash|p2a: Corviknight
|-crit|p2a: Corviknight
|-damage|p2a: Corviknight|0 fnt
|-damage|p1a: Tyrantrum|55/100|[from] item: Rocky Helmet|[of] p2a: Corviknight
|faint|p2a: Corviknight
|
|upkeep
|
|t:|1649716180
|switch|p2a: Ninetales|Ninetales-Alola, F|100/100
|-weather|Hail|[from] ability: Snow Warning|[of] p2a: Ninetales
|turn|6
|
|t:|1649716221
|switch|p2a: Volcanion|Volcanion|94/100
|switch|p1a: Corviknight|Corviknight, M|96/100
|-damage|p1a: Corviknight|83/100|[from] Stealth Rock
|-ability|p1a: Corviknight|Pressure
|
|-weather|Hail|[upkeep]
|-damage|p2a: Volcanion|88/100|[from] Hail
|-damage|p1a: Corviknight|77/100|[from] Hail
|-heal|p1a: Corviknight|83/100|[from] item: Leftovers
|upkeep
|turn|7
|
|t:|1649716227
|switch|p1a: Slowbro|Slowbro, F|100/100
|-damage|p1a: Slowbro|88/100|[from] Stealth Rock
|move|p2a: Volcanion|Steam Eruption|p1a: Slowbro
|-resisted|p1a: Slowbro
|-damage|p1a: Slowbro|42/100
|
|-weather|Hail|[upkeep]
|-damage|p2a: Volcanion|82/100|[from] Hail
|-damage|p1a: Slowbro|36/100|[from] Hail
|upkeep
|turn|8
|j| Zeldiste
|
|t:|1649716232
|move|p2a: Volcanion|Steam Eruption|p1a: Slowbro
|-resisted|p1a: Slowbro
|-damage|p1a: Slowbro|0 fnt
|faint|p1a: Slowbro
|
|-weather|Hail|[upkeep]
|-damage|p2a: Volcanion|76/100|[from] Hail
|upkeep
|
|t:|1649716236
|switch|p1a: Tyrantrum|Tyrantrum, M|55/100
|-damage|p1a: Tyrantrum|43/100|[from] Stealth Rock
|turn|9
|
|t:|1649716248
|move|p1a: Tyrantrum|Head Smash|p2a: Volcanion
|-supereffective|p2a: Volcanion
|-damage|p2a: Volcanion|0 fnt
|faint|p2a: Volcanion
|
|-weather|Hail|[upkeep]
|-damage|p1a: Tyrantrum|37/100|[from] Hail
|upkeep
|l|☆quixana
|player|p2|
|j|☆quixana
|player|p2|quixana|janitor
|
|t:|1649716273
|switch|p2a: Arctozolt|Arctozolt|100/100
|turn|10
|
|t:|1649716293
|move|p2a: Arctozolt|Blizzard|p1a: Tyrantrum
|-supereffective|p1a: Tyrantrum
|-crit|p1a: Tyrantrum
|-damage|p1a: Tyrantrum|0 fnt
|faint|p1a: Tyrantrum
|
|-weather|Hail|[upkeep]
|upkeep
|
|t:|1649716296
|switch|p1a: Blacephalon|Blacephalon|100/100
|-damage|p1a: Blacephalon|76/100|[from] Stealth Rock
|turn|11
|
|t:|1649716330
|switch|p1a: Zeraora|Zeraora|100/100
|switch|p2a: Tornadus|Tornadus-Therian, M|100/100
|
|-weather|Hail|[upkeep]
|-damage|p1a: Zeraora|95/100|[from] Hail
|-damage|p2a: Tornadus|94/100|[from] Hail
|upkeep
|turn|12
|
|t:|1649716350
|switch|p1a: Zapdos|Zapdos-Galar|100/100
|-damage|p1a: Zapdos|88/100|[from] Stealth Rock
|move|p2a: Tornadus|U-turn|p1a: Zapdos
|-resisted|p1a: Zapdos
|-damage|p1a: Zapdos|84/100
|l| Hella Rare Pepe
|
|t:|1649716358
|switch|p2a: Arctozolt|Arctozolt|100/100|[from]move: U-turn
|
|-weather|Hail|[upkeep]
|-damage|p1a: Zapdos|77/100|[from] Hail
|upkeep
|turn|13
|
|t:|1649716365
|switch|p1a: Corviknight|Corviknight, M|83/100
|-damage|p1a: Corviknight|71/100|[from] Stealth Rock
|-ability|p1a: Corviknight|Pressure
|move|p2a: Arctozolt|Blizzard|p1a: Corviknight
|-damage|p1a: Corviknight|44/100
|
|-weather|none
|-heal|p1a: Corviknight|51/100|[from] item: Leftovers
|upkeep
|turn|14
|
|t:|1649716372
|move|p2a: Arctozolt|Substitute|p2a: Arctozolt
|-start|p2a: Arctozolt|Substitute
|-damage|p2a: Arctozolt|76/100
|move|p1a: Corviknight|U-turn|p2a: Arctozolt
|-activate|p2a: Arctozolt|move: Substitute|[damage]
|
|t:|1649716382
|switch|p1a: Zeraora|Zeraora|95/100|[from]move: U-turn
|
|-heal|p2a: Arctozolt|82/100|[from] item: Leftovers
|upkeep
|turn|15
|
|t:|1649716384
|move|p1a: Zeraora|Knock Off|p2a: Arctozolt
|-end|p2a: Arctozolt|Substitute
|move|p2a: Arctozolt|Blizzard|p1a: Zeraora
|-damage|p1a: Zeraora|46/100
|
|-heal|p2a: Arctozolt|88/100|[from] item: Leftovers
|upkeep
|turn|16
|
|t:|1649716435
|switch|p2a: Ninetales|Ninetales-Alola, F|100/100
|-weather|Hail|[from] ability: Snow Warning|[of] p2a: Ninetales
|move|p1a: Zeraora|Close Combat|p2a: Ninetales
|-damage|p2a: Ninetales|54/100
|-unboost|p1a: Zeraora|def|1
|-unboost|p1a: Zeraora|spd|1
|
|-weather|Hail|[upkeep]
|-damage|p1a: Zeraora|40/100|[from] Hail
|upkeep
|turn|17
|
|t:|1649716444
|move|p1a: Zeraora|Plasma Fists|p2a: Ninetales
|-damage|p2a: Ninetales|0 fnt
|-fieldactivate|move: Ion Deluge
|-hint|Normal-type moves become Electric-type after using Plasma Fists.
|faint|p2a: Ninetales
|
|-weather|Hail|[upkeep]
|-damage|p1a: Zeraora|34/100|[from] Hail
|upkeep
|
|t:|1649716448
|switch|p2a: Arctozolt|Arctozolt|88/100
|turn|18
|
|t:|1649716461
|switch|p1a: Corviknight|Corviknight, M|51/100
|-damage|p1a: Corviknight|38/100|[from] Stealth Rock
|-ability|p1a: Corviknight|Pressure
|move|p2a: Arctozolt|Low Kick|p1a: Corviknight
|-damage|p1a: Corviknight|20/100
|
|-weather|Hail|[upkeep]
|-damage|p1a: Corviknight|14/100|[from] Hail
|-heal|p2a: Arctozolt|94/100|[from] item: Leftovers
|-heal|p1a: Corviknight|20/100|[from] item: Leftovers
|upkeep
|turn|19
|
|t:|1649716480
|move|p2a: Arctozolt|Blizzard|p1a: Corviknight
|-damage|p1a: Corviknight|0 fnt
|faint|p1a: Corviknight
|
|-weather|Hail|[upkeep]
|-heal|p2a: Arctozolt|100/100|[from] item: Leftovers
|upkeep
|
|t:|1649716482
|switch|p1a: Blacephalon|Blacephalon|76/100
|-damage|p1a: Blacephalon|51/100|[from] Stealth Rock
|turn|20
|j| Its Skywalker
|l| Its Skywalker
|
|t:|1649716551
|switch|p1a: Zeraora|Zeraora|34/100
|move|p2a: Arctozolt|Substitute|p2a: Arctozolt
|-start|p2a: Arctozolt|Substitute
|-damage|p2a: Arctozolt|76/100
|
|-weather|Hail|[upkeep]
|-damage|p1a: Zeraora|28/100|[from] Hail
|-heal|p2a: Arctozolt|82/100|[from] item: Leftovers
|upkeep
|turn|21
|
|t:|1649716558
|move|p2a: Arctozolt|Blizzard|p1a: Zeraora
|-damage|p1a: Zeraora|0 fnt
|faint|p1a: Zeraora
|
|-weather|Hail|[upkeep]
|-heal|p2a: Arctozolt|88/100|[from] item: Leftovers
|upkeep
|-message|LECH24 forfeited.
|
|win|quixana
|raw|LECH24's rating: 1700 &rarr; <strong>1679</strong><br />(-21 for losing)
|raw|quixana's rating: 1677 &rarr; <strong>1698</strong><br />(+21 for winning)
|l|☆LECH24
|l| Zeldiste
|c| doggowrino|@quixana does that set run biolt bbeak? :o
||Ladder isn't responding, score probably updated but might not have (Request timeout).
