|html|<div class="broadcast-blue"><strong>[Gen 8] OU is currently suspecting Melmetal! For information on how to participate check out the <a href="https://www.smogon.com/forums/threads/np-ss-ou-suspect-process-round-12-monster-mash.3709234/">suspect thread</a>.</strong></div>
|j|☆OUTD Piando
|j|☆HQSNonsense
|t:|1666462893
|gametype|singles
|player|p1|OUTD Piando|hugh|1651
|player|p2|HQSNonsense|veteranf|1731
|teamsize|p1|6
|teamsize|p2|6
|gen|8
|tier|[Gen 8] OU
|rated|
|rule|Sleep Clause Mod: Limit one foe put to sleep
|rule|Species Clause: Limit one of each Pokémon
|rule|OHKO Clause: OHKO moves are banned
|rule|Evasion Items Clause: Evasion items are banned
|rule|Evasion Moves Clause: Evasion moves are banned
|rule|Endless Battle Clause: Forcing endless battles is banned
|rule|HP Percentage Mod: HP is shown in percentages
|rule|Dynamax Clause: You cannot dynamax
|clearpoke
|poke|p1|Mew|
|poke|p1|Garchomp, F|
|poke|p1|Keldeo-Resolute|
|poke|p1|Melmetal|
|poke|p1|Umbreon, F|
|poke|p1|Togekiss, M|
|poke|p2|Dragapult, F|
|poke|p2|Weavile, M|
|poke|p2|Rillaboom, F|
|poke|p2|Nihilego|
|poke|p2|Garchomp, F|
|poke|p2|Celesteela|
|teampreview
|j| Gelll
|inactive|Battle timer is ON: inactive players will automatically lose when time's up. (requested by HQSNonsense)
|
|t:|1666462913
|start
|switch|p1a: Togekiss|Togekiss, M|100/100
|switch|p2a: Garchomp|Garchomp, F|100/100
|turn|1
|
|t:|1666462917
|move|p1a: Togekiss|Trick|p2a: Garchomp
|-activate|p1a: Togekiss|move: Trick|[of] p2a: Garchomp
|-item|p2a: Garchomp|Choice Scarf|[from] move: Trick
|-item|p1a: Togekiss|Leftovers|[from] move: Trick
|move|p2a: Garchomp|Stealth Rock|p1a: Togekiss
|-sidestart|p1: OUTD Piando|move: Stealth Rock
|
|upkeep
|turn|2
|l| Gelll
|
|t:|1666462935
|move|p2a: Garchomp|Stealth Rock||[still]
|-fail|p2a: Garchomp
|move|p1a: Togekiss|Thunder Wave|p2a: Garchomp
|-immune|p2a: Garchomp
|
|upkeep
|turn|3
|
|t:|1666462946
|move|p2a: Garchomp|Stealth Rock||[still]
|-fail|p2a: Garchomp
|move|p1a: Togekiss|Thunder Wave|p2a: Garchomp
|-immune|p2a: Garchomp
|
|upkeep
|turn|4
|
|t:|1666462956
|move|p2a: Garchomp|Stealth Rock||[still]
|-fail|p2a: Garchomp
|move|p1a: Togekiss|Thunder Wave|p2a: Garchomp
|-immune|p2a: Garchomp
|
|upkeep
|turn|5
|
|t:|1666462960
|move|p2a: Garchomp|Stealth Rock||[still]
|-fail|p2a: Garchomp
|move|p1a: Togekiss|Thunder Wave|p2a: Garchomp
|-immune|p2a: Garchomp
|
|upkeep
|turn|6
|
|t:|1666462965
|move|p2a: Garchomp|Stealth Rock||[still]
|-fail|p2a: Garchomp
|move|p1a: Togekiss|Air Slash|p2a: Garchomp
|-damage|p2a: Garchomp|57/100
|
|upkeep
|turn|7
|
|t:|1666462970
|move|p2a: Garchomp|Stealth Rock||[still]
|-fail|p2a: Garchomp
|move|p1a: Togekiss|Thunder Wave|p2a: Garchomp
|-immune|p2a: Garchomp
|
|upkeep
|turn|8
|
|t:|1666462975
|move|p2a: Garchomp|Stealth Rock||[still]
|-fail|p2a: Garchomp
|move|p1a: Togekiss|Defog|p2a: Garchomp
|-unboost|p2a: Garchomp|evasion|1
|-sideend|p1: OUTD Piando|Stealth Rock|[from] move: Defog|[of] p1a: Togekiss
|
|upkeep
|turn|9
|
|t:|1666462981
|move|p2a: Garchomp|Stealth Rock|p1a: Togekiss
|-sidestart|p1: OUTD Piando|move: Stealth Rock
|move|p1a: Togekiss|Air Slash|p2a: Garchomp
|-damage|p2a: Garchomp|16/100
|
|upkeep
|turn|10
|
|t:|1666462988
|switch|p2a: Nihilego|Nihilego|100/100
|move|p1a: Togekiss|Defog|p2a: Nihilego
|-unboost|p2a: Nihilego|evasion|1
|-sideend|p1: OUTD Piando|Stealth Rock|[from] move: Defog|[of] p1a: Togekiss
|
|upkeep
|turn|11
|
|t:|1666462993
|switch|p1a: Ten|Melmetal|100/100
|move|p2a: Nihilego|Meteor Beam||[still]
|-prepare|p2a: Nihilego|Meteor Beam
|-boost|p2a: Nihilego|spa|1
|-enditem|p2a: Nihilego|Power Herb
|-anim|p2a: Nihilego|Meteor Beam|p1a: Ten
|-resisted|p1a: Ten
|-damage|p1a: Ten|80/100
|
|upkeep
|turn|12
|
|t:|1666463003
|switch|p2a: Garchomp|Garchomp, F|16/100
|move|p1a: Ten|Double Iron Bash|p2a: Garchomp
|-damage|p2a: Garchomp|0 fnt
|-damage|p1a: Ten|67/100|[from] ability: Rough Skin|[of] p2a: Garchomp
|faint|p2a: Garchomp
|-hitcount|p2: Garchomp|1
|
|upkeep
|
|t:|1666463010
|switch|p2a: Celesteela|Celesteela|100/100
|turn|13
|
|t:|1666463028
|switch|p1a: Jack|Garchomp, F|100/100
|move|p2a: Celesteela|Autotomize|p2a: Celesteela
|-boost|p2a: Celesteela|spe|2
|-start|p2a: Celesteela|Autotomize
|
|upkeep
|turn|14
|
|t:|1666463033
|move|p2a: Celesteela|Meteor Beam||[still]
|-prepare|p2a: Celesteela|Meteor Beam
|-boost|p2a: Celesteela|spa|1
|-enditem|p2a: Celesteela|Power Herb
|-anim|p2a: Celesteela|Meteor Beam|p1a: Jack
|-resisted|p1a: Jack
|-damage|p1a: Jack|63/100
|move|p1a: Jack|Fire Blast|p2a: Celesteela
|-supereffective|p2a: Celesteela
|-damage|p2a: Celesteela|22/100
|
|upkeep
|turn|15
|
|t:|1666463038
|move|p2a: Celesteela|Air Slash|p1a: Jack
|-damage|p1a: Jack|0 fnt
|faint|p1a: Jack
|-ability|p2a: Celesteela|Beast Boost|boost
|-boost|p2a: Celesteela|spa|1
|
|upkeep
|
|t:|1666463042
|switch|p1a: Umbreon|Umbreon, F, shiny|100/100
|turn|16
|
|t:|1666463045
|move|p2a: Celesteela|Air Slash|p1a: Umbreon
|-damage|p1a: Umbreon|48/100
|move|p1a: Umbreon|Foul Play|p2a: Celesteela
|-crit|p2a: Celesteela
|-damage|p2a: Celesteela|0 fnt
|faint|p2a: Celesteela
|
|upkeep
|
|t:|1666463056
|switch|p2a: Nihilego|Nihilego|100/100
|turn|17
|
|t:|1666463059
|move|p2a: Nihilego|Meteor Beam||[still]
|-prepare|p2a: Nihilego|Meteor Beam
|-boost|p2a: Nihilego|spa|1
|move|p1a: Umbreon|Wish|p1a: Umbreon
|
|upkeep
|turn|18
|
|t:|1666463064
|switch|p1a: Ten|Melmetal|67/100
|move|p2a: Nihilego|Meteor Beam|p1a: Ten|[from]lockedmove
|-resisted|p1a: Ten
|-damage|p1a: Ten|47/100
|
|-heal|p1a: Ten|91/100|[from] move: Wish|[wisher] Umbreon
|upkeep
|turn|19
|
|t:|1666463070
|move|p2a: Nihilego|Power Gem|p1a: Ten
|-resisted|p1a: Ten
|-damage|p1a: Ten|77/100
|move|p1a: Ten|Double Iron Bash|p2a: Nihilego
|-supereffective|p2a: Nihilego
|-damage|p2a: Nihilego|0 fnt
|faint|p2a: Nihilego
|-hitcount|p2: Nihilego|1
|
|upkeep
|
|t:|1666463075
|switch|p2a: Weavile|Weavile, M|100/100
|-ability|p2a: Weavile|Pressure
|turn|20
|
|t:|1666463081
|switch|p1a: Umbreon|Umbreon, F, shiny|48/100
|move|p2a: Weavile|Low Kick|p1a: Umbreon
|-supereffective|p1a: Umbreon
|-damage|p1a: Umbreon|14/100
|-damage|p2a: Weavile|84/100|[from] item: Rocky Helmet|[of] p1a: Umbreon
|-damage|p2a: Weavile|74/100|[from] item: Life Orb
|
|upkeep
|turn|21
|
|t:|1666463087
|move|p2a: Weavile|Swords Dance|p2a: Weavile
|-boost|p2a: Weavile|atk|2
|move|p1a: Umbreon|Foul Play|p2a: Weavile
|-resisted|p2a: Weavile
|-damage|p2a: Weavile|0 fnt
|faint|p2a: Weavile
|
|upkeep
|
|t:|1666463091
|switch|p2a: Rillaboom|Rillaboom, F|100/100
|-fieldstart|move: Grassy Terrain|[from] ability: Grassy Surge|[of] p2a: Rillaboom
|turn|22
|
|t:|1666463094
|move|p2a: Rillaboom|Swords Dance|p2a: Rillaboom
|-boost|p2a: Rillaboom|atk|2
|move|p1a: Umbreon|Foul Play|p2a: Rillaboom
|-damage|p2a: Rillaboom|0 fnt
|faint|p2a: Rillaboom
|
|-heal|p1a: Umbreon|20/100|[from] Grassy Terrain
|upkeep
|-message|HQSNonsense forfeited.
|
|win|OUTD Piando
|raw|OUTD Piando's rating: 1651 &rarr; <strong>1676</strong><br />(+25 for winning)
|raw|HQSNonsense's rating: 1731 &rarr; <strong>1706</strong><br />(-25 for losing)
|l|☆HQSNonsense
||Ladder isn't responding, score probably updated but might not have (Request timeout).
