|j|☆NeoNaruto®++
|j|☆Omari P
|t:|1632527229
|gametype|singles
|player|p1|NeoNaruto®++|medium|1777
|player|p2|Omari P|pokemonrangerf|1797
|teamsize|p1|6
|teamsize|p2|6
|gen|8
|tier|[Gen 8] OU
|rated|
|rule|Sleep Clause Mod: Limit one foe put to sleep
|rule|Species Clause: Limit one of each Pokémon
|rule|OHKO Clause: OHKO moves are banned
|rule|Evasion Moves Clause: Evasion moves are banned
|rule|Endless Battle Clause: Forcing endless battles is banned
|rule|HP Percentage Mod: HP is shown in percentages
|rule|Dynamax Clause: You cannot dynamax
|clearpoke
|poke|p1|Landorus-Therian, M|
|poke|p1|Slowbro, F|
|poke|p1|Tapu Koko|
|poke|p1|Dragonite, M|
|poke|p1|Darmanitan, M|
|poke|p1|Tyranitar, F|
|poke|p2|Glastrier|
|poke|p2|Mandibuzz, F|
|poke|p2|Nidoking, M|
|poke|p2|Kyurem|
|poke|p2|Victini|
|poke|p2|Mew|
|teampreview
|inactive|Battle timer is ON: inactive players will automatically lose when time's up. (requested by NeoNaruto®++)
|
|t:|1632527238
|start
|switch|p1a: Bernie Landers|Landorus-Therian, M|100/100
|switch|p2a: Nidoking|Nidoking, M|100/100
|-ability|p1a: Bernie Landers|Intimidate|boost
|-unboost|p2a: Nidoking|atk|1
|turn|1
|
|t:|1632527243
|move|p2a: Nidoking|Ice Beam|p1a: Bernie Landers
|-supereffective|p1a: Bernie Landers
|-damage|p1a: Bernie Landers|0 fnt
|faint|p1a: Bernie Landers
|
|upkeep
|
|t:|1632527245
|switch|p1a: VODECi|Tyranitar, F|100/100
|-weather|Sandstorm|[from] ability: Sand Stream|[of] p1a: VODECi
|turn|2
|
|t:|1632527249
|move|p2a: Nidoking|Earth Power|p1a: VODECi
|-supereffective|p1a: VODECi
|-damage|p1a: VODECi|71/100
|move|p1a: VODECi|Earthquake|p2a: Nidoking
|-supereffective|p2a: Nidoking
|-damage|p2a: Nidoking|23/100
|
|-weather|Sandstorm|[upkeep]
|upkeep
|turn|3
|
|t:|1632527251
|move|p2a: Nidoking|Stealth Rock|p1a: VODECi
|-sidestart|p1: NeoNaruto®++|move: Stealth Rock
|move|p1a: VODECi|Stone Edge|p2a: Nidoking
|-resisted|p2a: Nidoking
|-damage|p2a: Nidoking|0 fnt
|faint|p2a: Nidoking
|
|-weather|Sandstorm|[upkeep]
|upkeep
|
|t:|1632527257
|switch|p2a: Glastrier|Glastrier|100/100
|turn|4
|
|t:|1632527260
|switch|p1a: PURRP FOR SALE|Darmanitan, M|100/100
|move|p2a: Glastrier|Close Combat|p1a: PURRP FOR SALE
|-crit|p1a: PURRP FOR SALE
|-damage|p1a: PURRP FOR SALE|0 fnt
|-unboost|p2a: Glastrier|def|1
|-unboost|p2a: Glastrier|spd|1
|faint|p1a: PURRP FOR SALE
|-ability|p2a: Glastrier|Chilling Neigh|boost
|-boost|p2a: Glastrier|atk|1
|
|-weather|Sandstorm|[upkeep]
|-damage|p2a: Glastrier|94/100|[from] Sandstorm
|-heal|p2a: Glastrier|100/100|[from] item: Leftovers
|upkeep
|
|t:|1632527266
|switch|p1a: Tapu Koko|Tapu Koko|100/100
|-damage|p1a: Tapu Koko|88/100|[from] Stealth Rock
|-fieldstart|move: Electric Terrain|[from] ability: Electric Surge|[of] p1a: Tapu Koko
|turn|5
|
|t:|1632527268
|move|p1a: Tapu Koko|Thunderbolt|p2a: Glastrier
|-damage|p2a: Glastrier|6/100
|move|p2a: Glastrier|Icicle Crash|p1a: Tapu Koko
|-damage|p1a: Tapu Koko|0 fnt
|faint|p1a: Tapu Koko
|-ability|p2a: Glastrier|Chilling Neigh|boost
|-boost|p2a: Glastrier|atk|1
|
|-weather|Sandstorm|[upkeep]
|-damage|p2a: Glastrier|0 fnt|[from] Sandstorm
|faint|p2a: Glastrier
|upkeep
|-message|NeoNaruto®++ forfeited.
|
|win|Omari P
|raw|NeoNaruto®++'s rating: 1777 &rarr; <strong>1758</strong><br />(-19 for losing)
|raw|Omari P's rating: 1797 &rarr; <strong>1816</strong><br />(+19 for winning)
|l|☆NeoNaruto®++
