|j|☆Ladmaw
|j|☆Sombra Diurna
|t:|1667746416
|gametype|singles
|player|p1|Ladmaw|lucas|1817
|player|p2|Sombra Diurna|blue|1796
|teamsize|p1|6
|teamsize|p2|6
|gen|8
|tier|[Gen 8] OU
|rated|
|rule|Sleep Clause Mod: Limit one foe put to sleep
|rule|Species Clause: Limit one of each Pokémon
|rule|OHKO Clause: OHKO moves are banned
|rule|Evasion Items Clause: Evasion items are banned
|rule|Evasion Moves Clause: Evasion moves are banned
|rule|Endless Battle Clause: Forcing endless battles is banned
|rule|HP Percentage Mod: HP is shown in percentages
|rule|Dynamax Clause: You cannot dynamax
|clearpoke
|poke|p1|Kartana|
|poke|p1|Blacephalon|
|poke|p1|Landorus-Therian, M|
|poke|p1|Slowbro, F|
|poke|p1|Zapdos|
|poke|p1|Tyranitar, F|
|poke|p2|Slowbro, M|
|poke|p2|Hatterene, F|
|poke|p2|Marowak-Alola, M|
|poke|p2|Ferrothorn, M|
|poke|p2|Garchomp, F|
|poke|p2|Drampa, F|
|teampreview
|inactive|Battle timer is ON: inactive players will automatically lose when time's up. (requested by Ladmaw)
|j| avatar wan's bae
|
|t:|1667746466
|start
|switch|p1a: Slowbro|Slowbro, F|100/100
|switch|p2a: Falko|Drampa, F|100/100
|turn|1
|j| Mimitheboss
|j| 7+8=F
|
|t:|1667746477
|switch|p1a: Zapdos|Zapdos|100/100
|move|p2a: Falko|Thunderbolt|p1a: Zapdos
|-damage|p1a: Zapdos|65/100
|
|upkeep
|turn|2
|
|t:|1667746482
|move|p1a: Zapdos|Volt Switch|p2a: Falko
|-resisted|p2a: Falko
|-damage|p2a: Falko|86/100
|j| StreaMoustache
|
|t:|1667746487
|switch|p1a: Tyranitar|Tyranitar, F|100/100|[from]move: Volt Switch
|-weather|Sandstorm|[from] ability: Sand Stream|[of] p1a: Tyranitar
|move|p2a: Falko|Ice Beam|p1a: Tyranitar
|-damage|p1a: Tyranitar|77/100
|
|-weather|Sandstorm|[upkeep]
|-damage|p2a: Falko|80/100|[from] Sandstorm
|upkeep
|turn|3
|
|t:|1667746497
|switch|p1a: Landorus|Landorus-Therian, M|100/100
|-ability|p1a: Landorus|Intimidate|boost
|-unboost|p2a: Falko|atk|1
|switch|p2a: Thorns|Ferrothorn, M|100/100
|
|-weather|Sandstorm|[upkeep]
|upkeep
|turn|4
|
|t:|1667746505
|switch|p1a: Slowbro|Slowbro, F|100/100
|move|p2a: Thorns|Stealth Rock|p1a: Slowbro
|-sidestart|p1: Ladmaw|move: Stealth Rock
|
|-weather|Sandstorm|[upkeep]
|-damage|p1a: Slowbro|94/100|[from] Sandstorm
|upkeep
|turn|5
|
|t:|1667746512
|switch|p2a: Sonso|Slowbro, M|100/100
|move|p1a: Slowbro|Teleport|p1a: Slowbro
|
|t:|1667746518
|switch|p1a: Tyranitar|Tyranitar, F|77/100|[from]move: Teleport
|-damage|p1a: Tyranitar|64/100|[from] Stealth Rock
|
|-weather|Sandstorm|[upkeep]
|-damage|p2a: Sonso|94/100|[from] Sandstorm
|upkeep
|turn|6
|
|t:|1667746524
|move|p1a: Tyranitar|Crunch|p2a: Sonso
|-supereffective|p2a: Sonso
|-enditem|p2a: Sonso|Colbur Berry|[eat]
|-enditem|p2a: Sonso|Colbur Berry|[weaken]
|-damage|p2a: Sonso|54/100
|move|p2a: Sonso|Body Press|p1a: Tyranitar
|-supereffective|p1a: Tyranitar
|-damage|p1a: Tyranitar|0 fnt
|faint|p1a: Tyranitar
|
|-weather|none
|upkeep
|
|t:|1667746532
|switch|p1a: Blacephalon|Blacephalon|100/100
|-damage|p1a: Blacephalon|76/100|[from] Stealth Rock
|turn|7
|
|t:|1667746536
|switch|p2a: Falko|Drampa, F|80/100
|move|p1a: Blacephalon|Overheat|p2a: Falko
|-resisted|p2a: Falko
|-damage|p2a: Falko|24/100
|-unboost|p1a: Blacephalon|spa|2
|-ability|p2a: Falko|Berserk|boost
|-boost|p2a: Falko|spa|1
|
|upkeep
|turn|8
|
|t:|1667746554
|switch|p1a: Zapdos|Zapdos|65/100
|switch|p2a: Sonso|Slowbro, M|87/100
|
|upkeep
|turn|9
|
|t:|1667746559
|move|p1a: Zapdos|Volt Switch|p2a: Sonso
|-supereffective|p2a: Sonso
|-damage|p2a: Sonso|31/100
|
|t:|1667746563
|switch|p1a: Slowbro|Slowbro, F|100/100|[from]move: Volt Switch
|-damage|p1a: Slowbro|88/100|[from] Stealth Rock
|move|p2a: Sonso|Trick Room|p2a: Sonso
|-fieldstart|move: Trick Room|[of] p2a: Sonso
|
|upkeep
|turn|10
|
|t:|1667746572
|move|p2a: Sonso|Slack Off|p2a: Sonso
|-heal|p2a: Sonso|81/100
|move|p1a: Slowbro|Teleport|p1a: Slowbro
|
|t:|1667746575
|switch|p1a: Zapdos|Zapdos|65/100|[from]move: Teleport
|
|upkeep
|turn|11
|
|t:|1667746582
|switch|p2a: Thorns|Ferrothorn, M|100/100
|move|p1a: Zapdos|Defog|p2a: Thorns
|-unboost|p2a: Thorns|evasion|1
|-sideend|p1: Ladmaw|Stealth Rock|[from] move: Defog|[of] p1a: Zapdos
|
|upkeep
|turn|12
|j| Cocoon Evolution
|
|t:|1667746589
|move|p2a: Thorns|Stealth Rock|p1a: Zapdos
|-sidestart|p1: Ladmaw|move: Stealth Rock
|move|p1a: Zapdos|Heat Wave|p2a: Thorns
|-supereffective|p2a: Thorns
|-damage|p2a: Thorns|35/100
|
|upkeep
|turn|13
|j| viper33
|
|t:|1667746595
|switch|p2a: Sharpo|Garchomp, F|100/100
|move|p1a: Zapdos|Defog|p2a: Sharpo
|-unboost|p2a: Sharpo|evasion|1
|-sideend|p1: Ladmaw|Stealth Rock|[from] move: Defog|[of] p1a: Zapdos
|
|-fieldend|move: Trick Room
|upkeep
|turn|14
|
|t:|1667746603
|switch|p1a: Slowbro|Slowbro, F|100/100
|move|p2a: Sharpo|Swords Dance|p2a: Sharpo
|-boost|p2a: Sharpo|atk|2
|
|upkeep
|turn|15
|
|t:|1667746614
|move|p2a: Sharpo|Scale Shot|p1a: Slowbro
|-damage|p1a: Slowbro|85/100
|-damage|p1a: Slowbro|70/100
|-hitcount|p1a: Slowbro|2
|-unboost|p2a: Sharpo|def|1
|-boost|p2a: Sharpo|spe|1
|move|p1a: Slowbro|Ice Beam|p2a: Sharpo
|-supereffective|p2a: Sharpo
|-damage|p2a: Sharpo|10/100
|
|-heal|p2a: Sharpo|16/100|[from] item: Leftovers
|upkeep
|turn|16
|
|t:|1667746625
|switch|p2a: Sonso|Slowbro, M|100/100
|move|p1a: Slowbro|Ice Beam|p2a: Sonso
|-resisted|p2a: Sonso
|-damage|p2a: Sonso|90/100
|
|upkeep
|turn|17
|
|t:|1667746632
|move|p1a: Slowbro|Teleport|p1a: Slowbro
|
|t:|1667746637
|switch|p1a: Blacephalon|Blacephalon|76/100|[from]move: Teleport
|move|p2a: Sonso|Trick Room|p2a: Sonso
|-fieldstart|move: Trick Room|[of] p2a: Sonso
|
|upkeep
|turn|18
|
|t:|1667746642
|switch|p1a: Slowbro|Slowbro, F|100/100
|move|p2a: Sonso|Scald|p1a: Slowbro
|-resisted|p1a: Slowbro
|-damage|p1a: Slowbro|88/100
|
|upkeep
|turn|19
|
|t:|1667746651
|switch|p2a: Thorns|Ferrothorn, M|35/100
|move|p1a: Slowbro|Teleport|p1a: Slowbro
|
|t:|1667746655
|switch|p1a: Zapdos|Zapdos|65/100|[from]move: Teleport
|
|upkeep
|turn|20
|
|t:|1667746664
|switch|p2a: Falko|Drampa, F|24/100
|move|p1a: Zapdos|Heat Wave|p2a: Falko
|-resisted|p2a: Falko
|-damage|p2a: Falko|10/100
|
|upkeep
|turn|21
|
|t:|1667746672
|move|p2a: Falko|Roost|p2a: Falko
|-heal|p2a: Falko|60/100
|-singleturn|p2a: Falko|move: Roost
|move|p1a: Zapdos|Roost|p1a: Zapdos
|-heal|p1a: Zapdos|100/100
|-singleturn|p1a: Zapdos|move: Roost
|
|-fieldend|move: Trick Room
|upkeep
|turn|22
|
|t:|1667746681
|move|p1a: Zapdos|Volt Switch|p2a: Falko
|-resisted|p2a: Falko
|-damage|p2a: Falko|46/100
|-ability|p2a: Falko|Berserk|boost
|-boost|p2a: Falko|spa|1
|
|t:|1667746686
|switch|p1a: Kartana|Kartana|100/100|[from]move: Volt Switch
|move|p2a: Falko|Roost|p2a: Falko
|-heal|p2a: Falko|97/100
|-singleturn|p2a: Falko|move: Roost
|
|upkeep
|turn|23
|
|t:|1667746692
|switch|p2a: Sonso|Slowbro, M|100/100
|move|p1a: Kartana|Sacred Sword|p2a: Sonso
|-resisted|p2a: Sonso
|-damage|p2a: Sonso|89/100
|
|upkeep
|turn|24
|
|t:|1667746704
|switch|p1a: Landorus|Landorus-Therian, M|100/100
|-ability|p1a: Landorus|Intimidate|boost
|-unboost|p2a: Sonso|atk|1
|move|p2a: Sonso|Trick Room|p2a: Sonso
|-fieldstart|move: Trick Room|[of] p2a: Sonso
|
|upkeep
|turn|25
|l| viper33
|l| Mimitheboss
|inactive|Sombra Diurna has 120 seconds left.
|
|t:|1667746761
|move|p2a: Sonso|Scald|p1a: Landorus
|-supereffective|p1a: Landorus
|-damage|p1a: Landorus|57/100
|move|p1a: Landorus|Stealth Rock|p2a: Sonso
|-sidestart|p2: Sombra Diurna|move: Stealth Rock
|
|-heal|p1a: Landorus|63/100|[from] item: Leftovers
|upkeep
|turn|26
|
|t:|1667746770
|switch|p2a: Thorns|Ferrothorn, M|35/100
|-damage|p2a: Thorns|28/100|[from] Stealth Rock
|switch|p1a: Slowbro|Slowbro, F|100/100
|
|upkeep
|turn|27
|
|t:|1667746777
|move|p2a: Thorns|Stealth Rock|p1a: Slowbro
|-sidestart|p1: Ladmaw|move: Stealth Rock
|move|p1a: Slowbro|Ice Beam|p2a: Thorns
|-damage|p2a: Thorns|16/100
|
|upkeep
|turn|28
|
|t:|1667746784
|switch|p2a: Sonso|Slowbro, M|100/100
|-damage|p2a: Sonso|88/100|[from] Stealth Rock
|move|p1a: Slowbro|Body Press|p2a: Sonso
|-resisted|p2a: Sonso
|-damage|p2a: Sonso|80/100
|
|-fieldend|move: Trick Room
|upkeep
|turn|29
|
|t:|1667746792
|move|p1a: Slowbro|Teleport|p1a: Slowbro
|
|t:|1667746794
|switch|p1a: Zapdos|Zapdos|100/100|[from]move: Teleport
|move|p2a: Sonso|Trick Room|p2a: Sonso
|-fieldstart|move: Trick Room|[of] p2a: Sonso
|
|upkeep
|turn|30
|
|t:|1667746799
|switch|p2a: Falko|Drampa, F|97/100
|-damage|p2a: Falko|84/100|[from] Stealth Rock
|move|p1a: Zapdos|Defog|p2a: Falko
|-unboost|p2a: Falko|evasion|1
|-sideend|p2: Sombra Diurna|Stealth Rock|[from] move: Defog|[of] p1a: Zapdos
|-sideend|p1: Ladmaw|Stealth Rock|[from] move: Defog|[of] p1a: Zapdos
|
|upkeep
|turn|31
|j| viper33
|l| viper33
|
|t:|1667746809
|move|p2a: Falko|Thunderbolt|p1a: Zapdos
|-damage|p1a: Zapdos|64/100
|move|p1a: Zapdos|Volt Switch|p2a: Falko
|-resisted|p2a: Falko
|-damage|p2a: Falko|71/100
|
|t:|1667746813
|switch|p1a: Slowbro|Slowbro, F|100/100|[from]move: Volt Switch
|
|upkeep
|turn|32
|
|t:|1667746817
|move|p1a: Slowbro|Slack Off||[still]
|-fail|p1a: Slowbro|heal
|move|p2a: Falko|Roost|p2a: Falko
|-heal|p2a: Falko|100/100
|-singleturn|p2a: Falko|move: Roost
|
|upkeep
|turn|33
|
|t:|1667746822
|move|p1a: Slowbro|Ice Beam|p2a: Falko
|-supereffective|p2a: Falko
|-damage|p2a: Falko|59/100
|move|p2a: Falko|Thunderbolt|p1a: Slowbro
|-supereffective|p1a: Slowbro
|-damage|p1a: Slowbro|17/100
|
|-fieldend|move: Trick Room
|upkeep
|turn|34
|
|t:|1667746832
|move|p2a: Falko|Roost|p2a: Falko
|-heal|p2a: Falko|100/100
|-singleturn|p2a: Falko|move: Roost
|move|p1a: Slowbro|Slack Off|p1a: Slowbro
|-heal|p1a: Slowbro|67/100
|
|upkeep
|turn|35
|
|t:|1667746839
|switch|p1a: Landorus|Landorus-Therian, M|63/100
|-ability|p1a: Landorus|Intimidate|boost
|-unboost|p2a: Falko|atk|1
|move|p2a: Falko|Thunderbolt|p1a: Landorus
|-immune|p1a: Landorus
|
|-heal|p1a: Landorus|69/100|[from] item: Leftovers
|upkeep
|turn|36
|
|t:|1667746847
|move|p1a: Landorus|Earthquake|p2a: Falko
|-crit|p2a: Falko
|-damage|p2a: Falko|21/100
|-ability|p2a: Falko|Berserk|boost
|-boost|p2a: Falko|spa|1
|move|p2a: Falko|Ice Beam|p1a: Landorus
|-supereffective|p1a: Landorus
|-damage|p1a: Landorus|0 fnt
|faint|p1a: Landorus
|
|upkeep
|c|☆Sombra Diurna|lol
|
|t:|1667746851
|switch|p1a: Blacephalon|Blacephalon|76/100
|turn|37
|
|t:|1667746858
|switch|p2a: Thorns|Ferrothorn, M|16/100
|move|p1a: Blacephalon|Flamethrower|p2a: Thorns
|-supereffective|p2a: Thorns
|-damage|p2a: Thorns|0 fnt
|faint|p2a: Thorns
|-ability|p1a: Blacephalon|Beast Boost|boost
|-boost|p1a: Blacephalon|spa|1
|
|upkeep
|
|t:|1667746867
|switch|p2a: Sonso|Slowbro, M|100/100
|turn|38
|
|t:|1667746873
|move|p1a: Blacephalon|Flamethrower|p2a: Sonso
|-resisted|p2a: Sonso
|-damage|p2a: Sonso|40/100
|move|p2a: Sonso|Scald|p1a: Blacephalon
|-supereffective|p1a: Blacephalon
|-damage|p1a: Blacephalon|0 fnt
|faint|p1a: Blacephalon
|
|upkeep
|
|t:|1667746878
|switch|p1a: Kartana|Kartana|100/100
|turn|39
|inactive|Ladmaw has 120 seconds left.
|
|t:|1667746921
|switch|p2a: Sharpo|Garchomp, F|16/100
|move|p1a: Kartana|Leaf Blade|p2a: Sharpo
|-damage|p2a: Sharpo|0 fnt
|-damage|p1a: Kartana|88/100|[from] ability: Rough Skin|[of] p2a: Sharpo
|faint|p2a: Sharpo
|-ability|p1a: Kartana|Beast Boost|boost
|-boost|p1a: Kartana|atk|1
|
|upkeep
|l| Cocoon Evolution
|
|t:|1667746932
|switch|p2a: Billy B.|Marowak-Alola, M|100/100
|turn|40
|
|t:|1667746941
|switch|p1a: Slowbro|Slowbro, F|99/100
|move|p2a: Billy B.|Flare Blitz|p1a: Slowbro
|-resisted|p1a: Slowbro
|-damage|p1a: Slowbro|72/100
|-status|p1a: Slowbro|brn
|
|-damage|p1a: Slowbro|66/100 brn|[from] brn
|upkeep
|turn|41
|j| zgiata 创世神
|
|t:|1667746951
|move|p2a: Billy B.|Poltergeist|p1a: Slowbro
|-activate|p1a: Slowbro|move: Poltergeist|Colbur Berry
|-supereffective|p1a: Slowbro
|-damage|p1a: Slowbro|0 fnt
|faint|p1a: Slowbro
|
|upkeep
|
|t:|1667746954
|switch|p1a: Kartana|Kartana|88/100
|turn|42
|
|t:|1667746963
|switch|p2a: Gorra|Hatterene, F|100/100
|move|p1a: Kartana|Knock Off|p2a: Gorra
|-damage|p2a: Gorra|60/100
|-enditem|p2a: Gorra|Kasib Berry|[from] move: Knock Off|[of] p1a: Kartana
|
|upkeep
|turn|43
|
|t:|1667746972
|switch|p1a: Zapdos|Zapdos|64/100
|move|p2a: Gorra|Mystical Fire|p1a: Zapdos
|-damage|p1a: Zapdos|42/100
|-unboost|p1a: Zapdos|spa|1
|
|upkeep
|turn|44
|
|t:|1667746979
|move|p1a: Zapdos|Roost|p1a: Zapdos
|-heal|p1a: Zapdos|92/100
|-singleturn|p1a: Zapdos|move: Roost
|move|p2a: Gorra|Trick Room|p2a: Gorra
|-fieldstart|move: Trick Room|[of] p2a: Gorra
|
|upkeep
|turn|45
|
|t:|1667746986
|move|p2a: Gorra|Healing Wish|p2a: Gorra
|faint|p2a: Gorra
|move|p1a: Zapdos|Roost|p1a: Zapdos
|-heal|p1a: Zapdos|100/100
|-singleturn|p1a: Zapdos|move: Roost
|
|upkeep
|
|t:|1667746992
|switch|p2a: Falko|Drampa, F|21/100
|-heal|p2a: Falko|100/100|[from] move: Healing Wish
|turn|46
|
|t:|1667746996
|move|p2a: Falko|Ice Beam|p1a: Zapdos
|-supereffective|p1a: Zapdos
|-damage|p1a: Zapdos|12/100
|move|p1a: Zapdos|Roost|p1a: Zapdos
|-heal|p1a: Zapdos|62/100
|-singleturn|p1a: Zapdos|move: Roost
|
|upkeep
|turn|47
|
|t:|1667747003
|move|p2a: Falko|Ice Beam|p1a: Zapdos
|-supereffective|p1a: Zapdos
|-damage|p1a: Zapdos|0 fnt
|faint|p1a: Zapdos
|
|upkeep
|
|t:|1667747005
|switch|p1a: Kartana|Kartana|88/100
|turn|48
|
|t:|1667747009
|move|p2a: Falko|Ice Beam|p1a: Kartana
|-damage|p1a: Kartana|0 fnt
|faint|p1a: Kartana
|
|win|Sombra Diurna
|raw|Ladmaw's rating: 1817 &rarr; <strong>1796</strong><br />(-21 for losing)
|raw|Sombra Diurna's rating: 1796 &rarr; <strong>1817</strong><br />(+21 for winning)
|l|☆Ladmaw
||Ladder isn't responding, score probably updated but might not have (Request timeout).
