|j|☆someidiot19
|j|☆CocCho
|t:|1664868673
|gametype|singles
|player|p1|someidiot19|teacher-gen2|1508
|player|p2|CocCho|red|1481
|teamsize|p1|6
|teamsize|p2|6
|gen|8
|tier|[Gen 8] OU
|rated|
|rule|Sleep Clause Mod: Limit one foe put to sleep
|rule|Species Clause: Limit one of each Pokémon
|rule|OHKO Clause: OHKO moves are banned
|rule|Evasion Items Clause: Evasion items are banned
|rule|Evasion Moves Clause: Evasion moves are banned
|rule|Endless Battle Clause: Forcing endless battles is banned
|rule|HP Percentage Mod: HP is shown in percentages
|rule|Dynamax Clause: You cannot dynamax
|clearpoke
|poke|p1|Tyranitar, M|
|poke|p1|Rhyperior, M|
|poke|p1|Diancie|
|poke|p1|Coalossal, M|
|poke|p1|Cradily, M|
|poke|p1|Lycanroc, F|
|poke|p2|Garchomp, M|
|poke|p2|Tapu Koko|
|poke|p2|Rillaboom, M|
|poke|p2|Heatran, M|
|poke|p2|Urshifu-*, M|
|poke|p2|Slowking-Galar, F|
|teampreview
|inactive|Battle timer is ON: inactive players will automatically lose when time's up. (requested by someidiot19)
|
|t:|1664868689
|start
|switch|p1a: Cradily|Cradily, M|100/100
|switch|p2a: Urshifu|Urshifu-Rapid-Strike, M|100/100
|turn|1
|
|t:|1664868695
|move|p2a: Urshifu|Close Combat|p1a: Cradily
|-supereffective|p1a: Cradily
|-enditem|p1a: Cradily|Chople Berry|[eat]
|-enditem|p1a: Cradily|Chople Berry|[weaken]
|-damage|p1a: Cradily|46/100
|-unboost|p2a: Urshifu|def|1
|-unboost|p2a: Urshifu|spd|1
|move|p1a: Cradily|Giga Drain|p2a: Urshifu
|-supereffective|p2a: Urshifu
|-damage|p2a: Urshifu|0 fnt
|-heal|p1a: Cradily|91/100|[from] drain|[of] p2a: Urshifu
|faint|p2a: Urshifu
|
|upkeep
|
|t:|1664868708
|switch|p2a: Garchomp|Garchomp, M|100/100
|turn|2
|
|t:|1664868714
|move|p2a: Garchomp|Swords Dance|p2a: Garchomp
|-boost|p2a: Garchomp|atk|2
|move|p1a: Cradily|Toxic|p2a: Garchomp
|-status|p2a: Garchomp|tox
|
|-damage|p2a: Garchomp|94/100 tox|[from] psn
|upkeep
|turn|3
|
|t:|1664868719
|switch|p1a: Diancie|Diancie|100/100
|-item|p1a: Diancie|Air Balloon
|move|p2a: Garchomp|Scale Shot|p1a: Diancie
|-immune|p1a: Diancie
|
|-heal|p2a: Garchomp|100/100 tox|[from] item: Leftovers
|-damage|p2a: Garchomp|88/100 tox|[from] psn
|upkeep
|turn|4
|
|t:|1664868724
|switch|p2a: Rillaboom|Rillaboom, M|100/100
|-fieldstart|move: Grassy Terrain|[from] ability: Grassy Surge|[of] p2a: Rillaboom
|move|p1a: Diancie|Moonblast|p2a: Rillaboom
|-damage|p2a: Rillaboom|60/100
|-unboost|p2a: Rillaboom|spa|1
|
|-heal|p2a: Rillaboom|66/100|[from] Grassy Terrain
|upkeep
|turn|5
|
|t:|1664868731
|switch|p1a: Coalossal|Coalossal, M|100/100
|move|p2a: Rillaboom|Swords Dance|p2a: Rillaboom
|-boost|p2a: Rillaboom|atk|2
|
|-heal|p2a: Rillaboom|72/100|[from] Grassy Terrain
|upkeep
|turn|6
|
|t:|1664868736
|move|p2a: Rillaboom|Superpower|p1a: Coalossal
|-supereffective|p1a: Coalossal
|-damage|p1a: Coalossal|0 fnt
|-unboost|p2a: Rillaboom|atk|1
|-unboost|p2a: Rillaboom|def|1
|-status|p2a: Rillaboom|brn|[from] ability: Flame Body|[of] p1a: Coalossal
|faint|p1a: Coalossal
|-damage|p2a: Rillaboom|62/100 brn|[from] item: Life Orb
|
|-heal|p2a: Rillaboom|69/100 brn|[from] Grassy Terrain
|-damage|p2a: Rillaboom|62/100 brn|[from] brn
|upkeep
|inactive|someidiot19 has 120 seconds left.
|
|t:|1664868777
|switch|p1a: Cradily|Cradily, M|91/100
|turn|7
|
|t:|1664868784
|move|p2a: Rillaboom|Superpower|p1a: Cradily
|-supereffective|p1a: Cradily
|-damage|p1a: Cradily|36/100
|-unboost|p2a: Rillaboom|atk|1
|-unboost|p2a: Rillaboom|def|1
|-damage|p2a: Rillaboom|52/100 brn|[from] item: Life Orb
|move|p1a: Cradily|Giga Drain|p2a: Rillaboom
|-resisted|p2a: Rillaboom
|-damage|p2a: Rillaboom|34/100 brn
|-heal|p1a: Cradily|45/100|[from] drain|[of] p2a: Rillaboom
|
|-heal|p2a: Rillaboom|40/100 brn|[from] Grassy Terrain
|-heal|p1a: Cradily|51/100|[from] Grassy Terrain
|-damage|p2a: Rillaboom|34/100 brn|[from] brn
|upkeep
|turn|8
|
|t:|1664868792
|switch|p2a: Slowking|Slowking-Galar, F, shiny|100/100
|move|p1a: Cradily|Recover|p1a: Cradily
|-heal|p1a: Cradily|100/100
|
|-fieldend|move: Grassy Terrain
|upkeep
|turn|9
|
|t:|1664868798
|switch|p1a: Tyranitar|Tyranitar, M|100/100
|-weather|Sandstorm|[from] ability: Sand Stream|[of] p1a: Tyranitar
|move|p2a: Slowking|Future Sight|p1a: Tyranitar
|-start|p2a: Slowking|move: Future Sight
|
|-weather|Sandstorm|[upkeep]
|-damage|p2a: Slowking|94/100|[from] Sandstorm
|upkeep
|turn|10
|
|t:|1664868802
|switch|p2a: Garchomp|Garchomp, M|88/100 tox
|move|p1a: Tyranitar|Crunch|p2a: Garchomp
|-damage|p2a: Garchomp|22/100 tox
|-unboost|p2a: Garchomp|def|1
|-damage|p1a: Tyranitar|88/100|[from] ability: Rough Skin|[of] p2a: Garchomp
|
|-weather|Sandstorm|[upkeep]
|-heal|p2a: Garchomp|28/100 tox|[from] item: Leftovers
|-damage|p2a: Garchomp|22/100 tox|[from] psn
|upkeep
|turn|11
|
|t:|1664868809
|switch|p1a: Cradily|Cradily, M|100/100
|move|p2a: Garchomp|Fire Fang|p1a: Cradily
|-damage|p1a: Cradily|85/100
|
|-weather|Sandstorm|[upkeep]
|-end|p1a: Cradily|move: Future Sight
|-damage|p1a: Cradily|54/100
|-heal|p2a: Garchomp|28/100 tox|[from] item: Leftovers
|-damage|p2a: Garchomp|15/100 tox|[from] psn
|upkeep
|turn|12
|
|t:|1664868815
|move|p2a: Garchomp|Earthquake|p1a: Cradily
|-damage|p1a: Cradily|17/100
|move|p1a: Cradily|Recover|p1a: Cradily
|-heal|p1a: Cradily|67/100
|
|-weather|Sandstorm|[upkeep]
|-heal|p2a: Garchomp|22/100 tox|[from] item: Leftovers
|-damage|p2a: Garchomp|3/100 tox|[from] psn
|upkeep
|turn|13
|
|t:|1664868818
|move|p2a: Garchomp|Earthquake|p1a: Cradily
|-damage|p1a: Cradily|34/100
|move|p1a: Cradily|Recover|p1a: Cradily
|-heal|p1a: Cradily|84/100
|
|-weather|none
|-heal|p2a: Garchomp|9/100 tox|[from] item: Leftovers
|-damage|p2a: Garchomp|0 fnt|[from] psn
|faint|p2a: Garchomp
|upkeep
|-message|CocCho forfeited.
|
|win|someidiot19
|raw|someidiot19's rating: 1508 &rarr; <strong>1526</strong><br />(+18 for winning)
|raw|CocCho's rating: 1481 &rarr; <strong>1463</strong><br />(-18 for losing)
|l|☆CocCho
