|j|☆PlayKz
|j|☆testotesto321
|player|p1|PlayKz|hilbert-dueldisk|1556
|player|p2|testotesto321|bellelba|1514
|teamsize|p1|6
|teamsize|p2|6
|gametype|singles
|gen|8
|tier|[Gen 8] OU
|rated|
|html|<div class="broadcast-blue"><strong>OU is currently suspecting Dracovish! For information on how to participate check out the <a href="https://www.smogon.com/forums/threads/3664521/">suspect thread</a>.</strong></div>
|clearpoke
|poke|p1|Gyarados, M|
|poke|p1|Flygon, M|
|poke|p1|Conkeldurr, M|
|poke|p1|Zeraora|
|poke|p1|Cinderace, M|
|poke|p1|Dracovish|
|poke|p2|Gengar, M|
|poke|p2|Zeraora|
|poke|p2|Clefable, F|
|poke|p2|Hippowdon, F|
|poke|p2|Corviknight, F|
|poke|p2|Toxapex, F|
|rule|Sleep Clause Mod: Limit one foe put to sleep
|rule|Species Clause: Limit one of each Pokémon
|rule|OHKO Clause: OHKO moves are banned
|rule|Evasion Moves Clause: Evasion moves are banned
|rule|Endless Battle Clause: Forcing endless battles is banned
|rule|HP Percentage Mod: HP is shown in percentages
|rule|Dynamax Clause: You cannot dynamax
|teampreview
|
|start
|switch|p1a: Michoucroute|Dracovish, shiny|100/100
|switch|p2a: Toxapex|Toxapex, F, shiny|100/100
|turn|1
|
|move|p1a: Michoucroute|Psychic Fangs|p2a: Toxapex
|-supereffective|p2a: Toxapex
|-damage|p2a: Toxapex|31/100
|move|p2a: Toxapex|Toxic|p1a: Michoucroute
|-status|p1a: Michoucroute|tox
|
|-heal|p2a: Toxapex|37/100|[from] item: Black Sludge
|-damage|p1a: Michoucroute|94/100 tox|[from] psn
|upkeep
|turn|2
|
|switch|p2a: Corviknight|Corviknight, F, shiny|100/100
|-ability|p2a: Corviknight|Pressure
|move|p1a: Michoucroute|Psychic Fangs|p2a: Corviknight
|-resisted|p2a: Corviknight
|-damage|p2a: Corviknight|79/100
|
|-heal|p2a: Corviknight|85/100|[from] item: Leftovers
|-damage|p1a: Michoucroute|82/100 tox|[from] psn
|upkeep
|turn|3
|
|switch|p1a: Minato|Zeraora|100/100
|move|p2a: Corviknight|U-turn|p1a: Minato
|-damage|p1a: Minato|82/100
|inactive|Battle timer is ON: inactive players will automatically lose when time's up. (requested by PlayKz)
|
|switch|p2a: Hippowdon|Hippowdon, F|100/100|[from]move: U-turn
|-weather|Sandstorm|[from] ability: Sand Stream|[of] p2a: Hippowdon
|
|-weather|Sandstorm|[upkeep]
|-damage|p1a: Minato|76/100|[from] Sandstorm
|upkeep
|turn|4
|
|switch|p1a: Scarabée|Flygon, M|100/100
|move|p2a: Hippowdon|Earthquake|p1a: Scarabée
|-immune|p1a: Scarabée|[from] ability: Levitate
|
|-weather|Sandstorm|[upkeep]
|upkeep
|turn|5
|
|move|p1a: Scarabée|Dragon Dance|p1a: Scarabée
|-boost|p1a: Scarabée|atk|1
|-boost|p1a: Scarabée|spe|1
|move|p2a: Hippowdon|Toxic|p1a: Scarabée
|-status|p1a: Scarabée|tox
|
|-weather|Sandstorm|[upkeep]
|-damage|p1a: Scarabée|95/100 tox|[from] psn
|upkeep
|turn|6
|
|move|p1a: Scarabée|Earthquake|p2a: Hippowdon
|-damage|p2a: Hippowdon|64/100
|move|p2a: Hippowdon|Slack Off|p2a: Hippowdon
|-heal|p2a: Hippowdon|100/100
|
|-weather|Sandstorm|[upkeep]
|-damage|p1a: Scarabée|83/100 tox|[from] psn
|upkeep
|turn|7
|
|switch|p1a: Michoucroute|Dracovish, shiny|82/100 tox
|move|p2a: Hippowdon|Slack Off||[still]
|-fail|p2a: Hippowdon|heal
|
|-weather|none
|-damage|p1a: Michoucroute|76/100 tox|[from] psn
|upkeep
|turn|8
|
|switch|p2a: Toxapex|Toxapex, F, shiny|70/100
|move|p1a: Michoucroute|Fishious Rend|p2a: Toxapex
|-resisted|p2a: Toxapex
|-damage|p2a: Toxapex|23/100
|
|-heal|p2a: Toxapex|29/100|[from] item: Black Sludge
|-damage|p1a: Michoucroute|64/100 tox|[from] psn
|upkeep
|turn|9
|
|switch|p2a: Corviknight|Corviknight, F, shiny|85/100
|-ability|p2a: Corviknight|Pressure
|move|p1a: Michoucroute|Fishious Rend|p2a: Corviknight
|-damage|p2a: Corviknight|0 fnt
|faint|p2a: Corviknight
|
|-damage|p1a: Michoucroute|46/100 tox|[from] psn
|upkeep
|
|switch|p2a: Zeraora|Zeraora|100/100
|turn|10
|
|switch|p1a: Minato|Zeraora|76/100
|move|p2a: Zeraora|Play Rough|p1a: Minato
|-damage|p1a: Minato|35/100
|-enditem|p1a: Minato|Sitrus Berry|[eat]
|-heal|p1a: Minato|59/100|[from] item: Sitrus Berry
|
|upkeep
|turn|11
|
|switch|p2a: Hippowdon|Hippowdon, F|100/100
|-weather|Sandstorm|[from] ability: Sand Stream|[of] p2a: Hippowdon
|move|p1a: Minato|Bulk Up|p1a: Minato
|-boost|p1a: Minato|atk|1
|-boost|p1a: Minato|def|1
|
|-weather|Sandstorm|[upkeep]
|-damage|p1a: Minato|53/100|[from] Sandstorm
|upkeep
|turn|12
|
|move|p1a: Minato|Knock Off|p2a: Hippowdon
|-damage|p2a: Hippowdon|77/100
|-damage|p1a: Minato|37/100|[from] item: Rocky Helmet|[of] p2a: Hippowdon
|-enditem|p2a: Hippowdon|Rocky Helmet|[from] move: Knock Off|[of] p1a: Minato
|move|p2a: Hippowdon|Earthquake|p1a: Minato
|-supereffective|p1a: Minato
|-damage|p1a: Minato|0 fnt
|faint|p1a: Minato
|
|-weather|Sandstorm|[upkeep]
|upkeep
|
|switch|p1a: Benalla|Conkeldurr, M, shiny|100/100
|turn|13
|
|switch|p2a: Clefable|Clefable, F, shiny|100/100
|move|p1a: Benalla|Drain Punch|p2a: Clefable
|-resisted|p2a: Clefable
|-damage|p2a: Clefable|73/100
|
|-weather|Sandstorm|[upkeep]
|-damage|p1a: Benalla|94/100|[from] Sandstorm
|-status|p1a: Benalla|brn|[from] item: Flame Orb
|upkeep
|turn|14
|
|move|p2a: Clefable|Moonblast|p1a: Benalla
|-supereffective|p1a: Benalla
|-damage|p1a: Benalla|0 fnt
|faint|p1a: Benalla
|
|-weather|Sandstorm|[upkeep]
|upkeep
|j| NDHB
|
|switch|p1a: LaLégende|Gyarados, M, shiny|100/100
|turn|15
|
|move|p1a: LaLégende|Dragon Dance|p1a: LaLégende
|-boost|p1a: LaLégende|atk|1
|-boost|p1a: LaLégende|spe|1
|move|p2a: Clefable|Thunder Wave|p1a: LaLégende|[miss]
|-miss|p2a: Clefable|p1a: LaLégende
|
|-weather|none
|upkeep
|turn|16
|
|move|p1a: LaLégende|Waterfall|p2a: Clefable
|-damage|p2a: Clefable|0 fnt
|faint|p2a: Clefable
|-ability|p1a: LaLégende|Moxie|boost
|-boost|p1a: LaLégende|atk|1
|
|upkeep
|c|☆testotesto321|lucky
|c|☆PlayKz|Lol
|
|switch|p2a: Zeraora|Zeraora|100/100
|turn|17
|
|move|p1a: LaLégende|Earthquake|p2a: Zeraora
|-supereffective|p2a: Zeraora
|-damage|p2a: Zeraora|0 fnt
|faint|p2a: Zeraora
|-ability|p1a: LaLégende|Moxie|boost
|-boost|p1a: LaLégende|atk|1
|
|upkeep
|-message|testotesto321 forfeited.
|
|win|PlayKz
|l|☆testotesto321
|l|☆PlayKz
