|j|☆revenge time poop
|j|☆TheonReekGreyjoy
|t:|1631964463
|gametype|singles
|player|p1|revenge time poop|twins|1896
|player|p2|TheonReekGreyjoy|2|1893
|teamsize|p1|6
|teamsize|p2|6
|gen|8
|tier|[Gen 8] OU
|rated|
|rule|Sleep Clause Mod: Limit one foe put to sleep
|rule|Species Clause: Limit one of each Pokémon
|rule|OHKO Clause: OHKO moves are banned
|rule|Evasion Moves Clause: Evasion moves are banned
|rule|Endless Battle Clause: Forcing endless battles is banned
|rule|HP Percentage Mod: HP is shown in percentages
|rule|Dynamax Clause: You cannot dynamax
|clearpoke
|poke|p1|Magnezone|
|poke|p1|Kartana|
|poke|p1|Tapu Lele|
|poke|p1|Toxapex, F|
|poke|p1|Tornadus-Therian, M|
|poke|p1|Landorus-Therian, M|
|poke|p2|Ninetales-Alola, M|
|poke|p2|Arctozolt|
|poke|p2|Landorus-Therian, M|
|poke|p2|Corviknight, F|
|poke|p2|Tornadus-Therian, M|
|poke|p2|Volcanion|
|teampreview
|inactive|Battle timer is ON: inactive players will automatically lose when time's up. (requested by revenge time poop)
|
|t:|1631964502
|start
|switch|p1a: Tornadus|Tornadus-Therian, M|100/100
|switch|p2a: Tornadus|Tornadus-Therian, M|100/100
|turn|1
|
|t:|1631964524
|switch|p1a: Landorus|Landorus-Therian, M|100/100
|-ability|p1a: Landorus|Intimidate|boost
|-unboost|p2a: Tornadus|atk|1
|move|p2a: Tornadus|Knock Off|p1a: Landorus
|-damage|p1a: Landorus|86/100
|-enditem|p1a: Landorus|Yache Berry|[from] move: Knock Off|[of] p2a: Tornadus
|
|upkeep
|turn|2
|j| Blastburn xyz
|j| Tabata Tyrogue
|inactive|TheonReekGreyjoy has 120 seconds left.
|j| KDYDX
|inactive|TheonReekGreyjoy has 90 seconds left.
|
|t:|1631964598
|move|p2a: Tornadus|U-turn|p1a: Landorus
|-resisted|p1a: Landorus
|-damage|p1a: Landorus|82/100
|
|t:|1631964601
|switch|p2a: Corviknight|Corviknight, F|100/100|[from]move: U-turn
|-ability|p2a: Corviknight|Pressure
|move|p1a: Landorus|Toxic|p2a: Corviknight
|-immune|p2a: Corviknight
|
|upkeep
|turn|3
|inactive|revenge time poop has 120 seconds left.
|
|t:|1631964631
|move|p1a: Landorus|U-turn|p2a: Corviknight
|-resisted|p2a: Corviknight
|-damage|p2a: Corviknight|97/100
|-damage|p1a: Landorus|65/100|[from] item: Rocky Helmet|[of] p2a: Corviknight
|
|t:|1631964635
|switch|p1a: Toxapex|Toxapex, F|100/100|[from]move: U-turn
|move|p2a: Corviknight|U-turn|p1a: Toxapex
|-resisted|p1a: Toxapex
|-damage|p1a: Toxapex|97/100
|-enditem|p1a: Toxapex|Eject Button
|
|t:|1631964638
|switch|p1a: Magnezone|Magnezone|100/100
|
|upkeep
|turn|4
|
|t:|1631964646
|move|p1a: Magnezone|Thunderbolt|p2a: Corviknight
|-supereffective|p2a: Corviknight
|-damage|p2a: Corviknight|0 fnt
|faint|p2a: Corviknight
|
|upkeep
|
|t:|1631964655
|switch|p2a: Landorus|Landorus-Therian, M|100/100
|-ability|p2a: Landorus|Intimidate|boost
|-unboost|p1a: Magnezone|atk|1
|turn|5
|
|t:|1631964658
|switch|p1a: Landorus|Landorus-Therian, M|65/100
|-ability|p1a: Landorus|Intimidate|boost
|-unboost|p2a: Landorus|atk|1
|move|p2a: Landorus|U-turn|p1a: Landorus
|-resisted|p1a: Landorus
|-damage|p1a: Landorus|59/100
|
|t:|1631964665
|switch|p2a: Ninetales|Ninetales-Alola, M|100/100|[from]move: U-turn
|-weather|Hail|[from] ability: Snow Warning|[of] p2a: Ninetales
|
|-weather|Hail|[upkeep]
|-damage|p1a: Landorus|52/100|[from] Hail
|upkeep
|turn|6
|
|t:|1631964675
|move|p2a: Ninetales|Freeze-Dry|p1a: Landorus
|-supereffective|p1a: Landorus
|-damage|p1a: Landorus|0 fnt
|faint|p1a: Landorus
|
|-weather|Hail|[upkeep]
|upkeep
|
|t:|1631964684
|switch|p1a: Kartana|Kartana|100/100
|turn|7
|inactive|TheonReekGreyjoy has 120 seconds left.
|
|t:|1631964692
|move|p1a: Kartana|Smart Strike|p2a: Ninetales
|-supereffective|p2a: Ninetales
|-damage|p2a: Ninetales|0 fnt
|faint|p2a: Ninetales
|-ability|p1a: Kartana|Beast Boost|boost
|-boost|p1a: Kartana|atk|1
|
|-weather|Hail|[upkeep]
|-damage|p1a: Kartana|94/100|[from] Hail
|upkeep
|
|t:|1631964696
|switch|p2a: Volcanion|Volcanion|100/100
|turn|8
|
|t:|1631964704
|switch|p1a: Tornadus|Tornadus-Therian, M|100/100
|switch|p2a: Arctozolt|Arctozolt|100/100
|
|-weather|Hail|[upkeep]
|-damage|p1a: Tornadus|94/100|[from] Hail
|upkeep
|turn|9
|
|t:|1631964714
|move|p2a: Arctozolt|Substitute|p2a: Arctozolt
|-start|p2a: Arctozolt|Substitute
|-damage|p2a: Arctozolt|76/100
|move|p1a: Tornadus|Heat Wave|p2a: Arctozolt
|-supereffective|p2a: Arctozolt
|-end|p2a: Arctozolt|Substitute
|
|-weather|Hail|[upkeep]
|-damage|p1a: Tornadus|88/100|[from] Hail
|-heal|p2a: Arctozolt|82/100|[from] item: Leftovers
|upkeep
|turn|10
|j| xxjyyty
|
|t:|1631964728
|switch|p1a: Magnezone|Magnezone|100/100
|move|p2a: Arctozolt|Bolt Beak|p1a: Magnezone
|-resisted|p1a: Magnezone
|-damage|p1a: Magnezone|70/100
|
|-weather|Hail|[upkeep]
|-damage|p1a: Magnezone|64/100|[from] Hail
|-heal|p2a: Arctozolt|88/100|[from] item: Leftovers
|upkeep
|turn|11
|j| TF2Fluffy
|
|t:|1631964738
|move|p2a: Arctozolt|Low Kick|p1a: Magnezone
|-supereffective|p1a: Magnezone
|-crit|p1a: Magnezone
|-damage|p1a: Magnezone|0 fnt
|faint|p1a: Magnezone
|
|-weather|Hail|[upkeep]
|-heal|p2a: Arctozolt|94/100|[from] item: Leftovers
|upkeep
|
|t:|1631964746
|switch|p1a: Kartana|Kartana|94/100
|turn|12
|
|t:|1631964752
|switch|p1a: Tapu Lele|Tapu Lele|100/100
|-fieldstart|move: Psychic Terrain|[from] ability: Psychic Surge|[of] p1a: Tapu Lele
|move|p2a: Arctozolt|Blizzard|p1a: Tapu Lele
|-damage|p1a: Tapu Lele|61/100
|
|-weather|none
|-heal|p2a: Arctozolt|100/100|[from] item: Leftovers
|upkeep
|turn|13
|
|t:|1631964763
|switch|p2a: Tornadus|Tornadus-Therian, M|100/100
|move|p1a: Tapu Lele|Psychic|p2a: Tornadus
|-damage|p2a: Tornadus|55/100
|
|upkeep
|turn|14
|j| Big Uno
|
|t:|1631964769
|move|p1a: Tapu Lele|Psychic|p2a: Tornadus
|-damage|p2a: Tornadus|9/100
|move|p2a: Tornadus|U-turn|p1a: Tapu Lele
|-damage|p1a: Tapu Lele|38/100
|
|t:|1631964784
|switch|p2a: Landorus|Landorus-Therian, M|100/100|[from]move: U-turn
|-ability|p2a: Landorus|Intimidate|boost
|-unboost|p1a: Tapu Lele|atk|1
|
|upkeep
|turn|15
|
|t:|1631964793
|move|p1a: Tapu Lele|Psychic|p2a: Landorus
|-damage|p2a: Landorus|47/100
|move|p2a: Landorus|U-turn|p1a: Tapu Lele
|-damage|p1a: Tapu Lele|4/100
|
|t:|1631964802
|switch|p2a: Tornadus|Tornadus-Therian, M|42/100|[from]move: U-turn
|
|upkeep
|turn|16
|
|t:|1631964817
|switch|p2a: Landorus|Landorus-Therian, M|47/100
|-ability|p2a: Landorus|Intimidate|boost
|-unboost|p1a: Tapu Lele|atk|1
|move|p1a: Tapu Lele|Psychic|p2a: Landorus
|-damage|p2a: Landorus|0 fnt
|faint|p2a: Landorus
|
|-fieldend|move: Psychic Terrain
|upkeep
|
|t:|1631964819
|switch|p2a: Tornadus|Tornadus-Therian, M|75/100
|turn|17
|
|t:|1631964824
|move|p1a: Tapu Lele|Psychic|p2a: Tornadus
|-damage|p2a: Tornadus|41/100
|move|p2a: Tornadus|U-turn|p1a: Tapu Lele
|-damage|p1a: Tapu Lele|0 fnt
|faint|p1a: Tapu Lele
|
|t:|1631964828
|switch|p2a: Arctozolt|Arctozolt|100/100|[from]move: U-turn
|
|upkeep
|
|t:|1631964832
|switch|p1a: Kartana|Kartana|94/100
|turn|18
|
|t:|1631964843
|move|p1a: Kartana|Smart Strike|p2a: Arctozolt
|-damage|p2a: Arctozolt|24/100
|move|p2a: Arctozolt|Blizzard|p1a: Kartana|[miss]
|-miss|p2a: Arctozolt|p1a: Kartana
|
|-heal|p2a: Arctozolt|30/100|[from] item: Leftovers
|upkeep
|turn|19
|
|t:|1631964848
|switch|p2a: Volcanion|Volcanion|100/100
|move|p1a: Kartana|Smart Strike|p2a: Volcanion
|-resisted|p2a: Volcanion
|-damage|p2a: Volcanion|83/100
|
|upkeep
|turn|20
|
|t:|1631964853
|switch|p1a: Toxapex|Toxapex, F|100/100
|move|p2a: Volcanion|Steam Eruption|p1a: Toxapex
|-resisted|p1a: Toxapex
|-damage|p1a: Toxapex|66/100
|
|upkeep
|turn|21
|j| TheLastTemplar
|
|t:|1631964863
|switch|p1a: Tornadus|Tornadus-Therian, M|100/100
|move|p2a: Volcanion|Steam Eruption|p1a: Tornadus
|-damage|p1a: Tornadus|51/100
|
|upkeep
|turn|22
|
|t:|1631964869
|move|p1a: Tornadus|U-turn|p2a: Volcanion
|-resisted|p2a: Volcanion
|-damage|p2a: Volcanion|76/100
|
|t:|1631964872
|switch|p1a: Toxapex|Toxapex, F|99/100|[from]move: U-turn
|move|p2a: Volcanion|Steam Eruption|p1a: Toxapex
|-resisted|p1a: Toxapex
|-damage|p1a: Toxapex|63/100
|
|upkeep
|turn|23
|
|t:|1631964875
|move|p2a: Volcanion|Steam Eruption|p1a: Toxapex
|-resisted|p1a: Toxapex
|-damage|p1a: Toxapex|28/100
|move|p1a: Toxapex|Recover|p1a: Toxapex
|-heal|p1a: Toxapex|78/100
|
|upkeep
|turn|24
|
|t:|1631964883
|move|p2a: Volcanion|Steam Eruption|p1a: Toxapex
|-resisted|p1a: Toxapex
|-damage|p1a: Toxapex|42/100
|move|p1a: Toxapex|Scald|p2a: Volcanion
|-heal|p2a: Volcanion|100/100|[from] ability: Water Absorb|[of] p1a: Toxapex
|
|upkeep
|turn|25
|
|t:|1631964888
|move|p2a: Volcanion|Steam Eruption|p1a: Toxapex
|-resisted|p1a: Toxapex
|-damage|p1a: Toxapex|8/100
|-status|p1a: Toxapex|brn
|move|p1a: Toxapex|Recover|p1a: Toxapex
|-heal|p1a: Toxapex|58/100 brn
|
|-damage|p1a: Toxapex|52/100 brn|[from] brn
|upkeep
|turn|26
|
|t:|1631964893
|switch|p2a: Arctozolt|Arctozolt|30/100
|move|p1a: Toxapex|Recover|p1a: Toxapex
|-heal|p1a: Toxapex|100/100 brn
|
|-heal|p2a: Arctozolt|36/100|[from] item: Leftovers
|-damage|p1a: Toxapex|95/100 brn|[from] brn
|upkeep
|turn|27
|j| plastersw
|
|t:|1631964903
|move|p2a: Arctozolt|Substitute|p2a: Arctozolt
|-start|p2a: Arctozolt|Substitute
|-damage|p2a: Arctozolt|11/100
|move|p1a: Toxapex|Scald|p2a: Arctozolt
|-activate|p2a: Arctozolt|move: Substitute|[damage]
|
|-heal|p2a: Arctozolt|17/100|[from] item: Leftovers
|-damage|p1a: Toxapex|89/100 brn|[from] brn
|upkeep
|turn|28
|
|t:|1631964915
|move|p1a: Toxapex|Baneful Bunker|p1a: Toxapex
|-singleturn|p1a: Toxapex|move: Protect
|move|p2a: Arctozolt|Bolt Beak|p1a: Toxapex
|-activate|p1a: Toxapex|move: Protect
|-status|p2a: Arctozolt|psn
|
|-heal|p2a: Arctozolt|24/100 psn|[from] item: Leftovers
|-damage|p2a: Arctozolt|11/100 psn|[from] psn
|-damage|p1a: Toxapex|83/100 brn|[from] brn
|upkeep
|turn|29
|
|t:|1631964927
|move|p1a: Toxapex|Baneful Bunker||[still]
|-fail|p1a: Toxapex
|move|p2a: Arctozolt|Bolt Beak|p1a: Toxapex
|-supereffective|p1a: Toxapex
|-damage|p1a: Toxapex|39/100 brn
|
|-heal|p2a: Arctozolt|17/100 psn|[from] item: Leftovers
|-damage|p2a: Arctozolt|5/100 psn|[from] psn
|-damage|p1a: Toxapex|33/100 brn|[from] brn
|upkeep
|turn|30
|
|t:|1631964934
|switch|p2a: Tornadus|Tornadus-Therian, M|74/100
|move|p1a: Toxapex|Baneful Bunker||[still]
|-fail|p1a: Toxapex
|
|-damage|p1a: Toxapex|27/100 brn|[from] brn
|upkeep
|turn|31
|
|t:|1631964950
|switch|p2a: Volcanion|Volcanion|100/100
|switch|p1a: Kartana|Kartana|94/100
|
|upkeep
|turn|32
|
|t:|1631964962
|move|p1a: Kartana|Leaf Blade|p2a: Volcanion
|-damage|p2a: Volcanion|17/100
|move|p2a: Volcanion|Steam Eruption|p1a: Kartana
|-resisted|p1a: Kartana
|-damage|p1a: Kartana|0 fnt
|faint|p1a: Kartana
|
|upkeep
|
|t:|1631964969
|switch|p1a: Tornadus|Tornadus-Therian, M|84/100
|turn|33
|
|t:|1631964975
|switch|p2a: Arctozolt|Arctozolt|5/100 psn
|move|p1a: Tornadus|Knock Off|p2a: Arctozolt
|-damage|p2a: Arctozolt|0 fnt
|-enditem|p2a: Arctozolt|Leftovers|[from] move: Knock Off|[of] p1a: Tornadus
|faint|p2a: Arctozolt
|
|upkeep
|
|t:|1631964977
|switch|p2a: Tornadus|Tornadus-Therian, M|100/100
|turn|34
|
|t:|1631964982
|move|p2a: Tornadus|Heat Wave|p1a: Tornadus
|-damage|p1a: Tornadus|70/100
|move|p1a: Tornadus|Knock Off|p2a: Tornadus
|-damage|p2a: Tornadus|79/100
|-enditem|p2a: Tornadus|Assault Vest|[from] move: Knock Off|[of] p1a: Tornadus
|
|upkeep
|turn|35
|
|t:|1631964987
|move|p2a: Tornadus|Knock Off|p1a: Tornadus
|-damage|p1a: Tornadus|48/100
|-enditem|p1a: Tornadus|Assault Vest|[from] move: Knock Off|[of] p2a: Tornadus
|move|p1a: Tornadus|Icy Wind|p2a: Tornadus|[miss]
|-miss|p1a: Tornadus|p2a: Tornadus
|
|upkeep
|turn|36
|
|t:|1631964996
|switch|p1a: Toxapex|Toxapex, F|61/100 brn
|move|p2a: Tornadus|Heat Wave|p1a: Toxapex
|-resisted|p1a: Toxapex
|-crit|p1a: Toxapex
|-damage|p1a: Toxapex|47/100 brn
|
|-damage|p1a: Toxapex|41/100 brn|[from] brn
|upkeep
|turn|37
|
|t:|1631965001
|move|p2a: Tornadus|U-turn|p1a: Toxapex
|-resisted|p1a: Toxapex
|-damage|p1a: Toxapex|36/100 brn
|
|t:|1631965004
|switch|p2a: Volcanion|Volcanion|17/100|[from]move: U-turn
|move|p1a: Toxapex|Recover|p1a: Toxapex
|-heal|p1a: Toxapex|87/100 brn
|
|-damage|p1a: Toxapex|81/100 brn|[from] brn
|upkeep
|turn|38
|
|t:|1631965013
|move|p1a: Toxapex|Baneful Bunker|p1a: Toxapex
|-singleturn|p1a: Toxapex|move: Protect
|move|p2a: Volcanion|Fire Blast|p1a: Toxapex
|-activate|p1a: Toxapex|move: Protect
|
|-damage|p1a: Toxapex|75/100 brn|[from] brn
|upkeep
|turn|39
|
|t:|1631965019
|move|p2a: Volcanion|Fire Blast|p1a: Toxapex
|-resisted|p1a: Toxapex
|-damage|p1a: Toxapex|38/100 brn
|move|p1a: Toxapex|Recover|p1a: Toxapex
|-heal|p1a: Toxapex|88/100 brn
|
|-damage|p1a: Toxapex|82/100 brn|[from] brn
|upkeep
|turn|40
|
|t:|1631965026
|move|p1a: Toxapex|Baneful Bunker|p1a: Toxapex
|-singleturn|p1a: Toxapex|move: Protect
|move|p2a: Volcanion|Fire Blast|p1a: Toxapex
|-activate|p1a: Toxapex|move: Protect
|
|-damage|p1a: Toxapex|76/100 brn|[from] brn
|upkeep
|turn|41
|j| Im Not the Nicest
|
|t:|1631965034
|move|p2a: Volcanion|Fire Blast|p1a: Toxapex
|-resisted|p1a: Toxapex
|-damage|p1a: Toxapex|39/100 brn
|move|p1a: Toxapex|Recover|p1a: Toxapex
|-heal|p1a: Toxapex|89/100 brn
|
|-damage|p1a: Toxapex|83/100 brn|[from] brn
|upkeep
|turn|42
|
|t:|1631965039
|switch|p2a: Tornadus|Tornadus-Therian, M|100/100
|move|p1a: Toxapex|Baneful Bunker||[still]
|-fail|p1a: Toxapex
|
|-damage|p1a: Toxapex|77/100 brn|[from] brn
|upkeep
|turn|43
|
|t:|1631965049
|switch|p2a: Volcanion|Volcanion|17/100
|switch|p1a: Tornadus|Tornadus-Therian, M|82/100
|
|upkeep
|turn|44
|l| xxjyyty
|
|t:|1631965054
|switch|p2a: Tornadus|Tornadus-Therian, M|100/100
|move|p1a: Tornadus|Knock Off|p2a: Tornadus
|-damage|p2a: Tornadus|87/100
|
|upkeep
|turn|45
|
|t:|1631965061
|move|p1a: Tornadus|Icy Wind|p2a: Tornadus
|-supereffective|p2a: Tornadus
|-damage|p2a: Tornadus|58/100
|-unboost|p2a: Tornadus|spe|1
|move|p2a: Tornadus|Heat Wave|p1a: Tornadus
|-damage|p1a: Tornadus|59/100
|-status|p1a: Tornadus|brn
|
|-damage|p1a: Tornadus|53/100 brn|[from] brn
|upkeep
|turn|46
|
|t:|1631965072
|move|p1a: Tornadus|Icy Wind|p2a: Tornadus
|-supereffective|p2a: Tornadus
|-damage|p2a: Tornadus|30/100
|-unboost|p2a: Tornadus|spe|1
|move|p2a: Tornadus|U-turn|p1a: Tornadus
|-resisted|p1a: Tornadus
|-damage|p1a: Tornadus|45/100 brn
|j| Cabaye211
|
|t:|1631965079
|switch|p2a: Volcanion|Volcanion|17/100|[from]move: U-turn
|
|-damage|p1a: Tornadus|38/100 brn|[from] brn
|upkeep
|turn|47
|
|t:|1631965086
|switch|p2a: Tornadus|Tornadus-Therian, M|63/100
|move|p1a: Tornadus|U-turn|p2a: Tornadus
|-resisted|p2a: Tornadus
|-damage|p2a: Tornadus|60/100
|
|t:|1631965089
|switch|p1a: Toxapex|Toxapex, F|100/100 brn|[from]move: U-turn
|
|-damage|p1a: Toxapex|95/100 brn|[from] brn
|upkeep
|turn|48
|j| Matheus RW
|
|t:|1631965097
|switch|p2a: Volcanion|Volcanion|17/100
|switch|p1a: Tornadus|Tornadus-Therian, M|72/100 brn
|
|-damage|p1a: Tornadus|66/100 brn|[from] brn
|upkeep
|turn|49
|
|t:|1631965103
|switch|p1a: Toxapex|Toxapex, F|100/100 brn
|switch|p2a: Tornadus|Tornadus-Therian, M|93/100
|
|-damage|p1a: Toxapex|95/100 brn|[from] brn
|upkeep
|turn|50
|
|t:|1631965106
|switch|p2a: Volcanion|Volcanion|17/100
|switch|p1a: Tornadus|Tornadus-Therian, M|99/100 brn
|
|-damage|p1a: Tornadus|93/100 brn|[from] brn
|upkeep
|turn|51
|
|t:|1631965112
|switch|p2a: Tornadus|Tornadus-Therian, M|100/100
|move|p1a: Tornadus|Knock Off|p2a: Tornadus
|-damage|p2a: Tornadus|94/100
|
|-damage|p1a: Tornadus|87/100 brn|[from] brn
|upkeep
|turn|52
|
|t:|1631965122
|move|p1a: Tornadus|Heat Wave|p2a: Tornadus
|-damage|p2a: Tornadus|71/100
|move|p2a: Tornadus|U-turn|p1a: Tornadus
|-resisted|p1a: Tornadus
|-damage|p1a: Tornadus|78/100 brn
|
|t:|1631965127
|switch|p2a: Volcanion|Volcanion|17/100|[from]move: U-turn
|
|-damage|p1a: Tornadus|72/100 brn|[from] brn
|upkeep
|turn|53
|l| plastersw
|
|t:|1631965130
|switch|p2a: Tornadus|Tornadus-Therian, M|100/100
|move|p1a: Tornadus|U-turn|p2a: Tornadus
|-resisted|p2a: Tornadus
|-damage|p2a: Tornadus|97/100
|
|t:|1631965133
|switch|p1a: Toxapex|Toxapex, F|100/100 brn|[from]move: U-turn
|
|-damage|p1a: Toxapex|95/100 brn|[from] brn
|upkeep
|turn|54
|
|t:|1631965138
|switch|p2a: Volcanion|Volcanion|17/100
|switch|p1a: Tornadus|Tornadus-Therian, M|100/100 brn
|
|-damage|p1a: Tornadus|94/100 brn|[from] brn
|upkeep
|turn|55
|
|t:|1631965143
|switch|p2a: Tornadus|Tornadus-Therian, M|100/100
|move|p1a: Tornadus|Knock Off|p2a: Tornadus
|-damage|p2a: Tornadus|93/100
|
|-damage|p1a: Tornadus|88/100 brn|[from] brn
|upkeep
|turn|56
|
|t:|1631965151
|move|p2a: Tornadus|U-turn|p1a: Tornadus
|-resisted|p1a: Tornadus
|-damage|p1a: Tornadus|80/100 brn
|
|t:|1631965154
|switch|p2a: Volcanion|Volcanion|17/100|[from]move: U-turn
|move|p1a: Tornadus|Heat Wave|p2a: Volcanion
|-resisted|p2a: Volcanion
|-damage|p2a: Volcanion|9/100
|
|-damage|p1a: Tornadus|74/100 brn|[from] brn
|upkeep
|turn|57
|
|t:|1631965161
|switch|p2a: Tornadus|Tornadus-Therian, M|100/100
|move|p1a: Tornadus|Heat Wave|p2a: Tornadus
|-damage|p2a: Tornadus|75/100
|
|-damage|p1a: Tornadus|68/100 brn|[from] brn
|upkeep
|turn|58
|
|t:|1631965170
|move|p1a: Tornadus|Heat Wave|p2a: Tornadus
|-damage|p2a: Tornadus|49/100
|move|p2a: Tornadus|U-turn|p1a: Tornadus
|-resisted|p1a: Tornadus
|-damage|p1a: Tornadus|60/100 brn
|
|t:|1631965175
|switch|p2a: Volcanion|Volcanion|9/100|[from]move: U-turn
|
|-damage|p1a: Tornadus|54/100 brn|[from] brn
|upkeep
|turn|59
|
|t:|1631965178
|switch|p2a: Tornadus|Tornadus-Therian, M|82/100
|move|p1a: Tornadus|U-turn|p2a: Tornadus
|-resisted|p2a: Tornadus
|-damage|p2a: Tornadus|78/100
|
|t:|1631965181
|switch|p1a: Toxapex|Toxapex, F|100/100 brn|[from]move: U-turn
|
|-damage|p1a: Toxapex|95/100 brn|[from] brn
|upkeep
|turn|60
|
|t:|1631965188
|switch|p2a: Volcanion|Volcanion|9/100
|switch|p1a: Tornadus|Tornadus-Therian, M|87/100 brn
|
|-damage|p1a: Tornadus|81/100 brn|[from] brn
|upkeep
|turn|61
|
|t:|1631965195
|switch|p2a: Tornadus|Tornadus-Therian, M|100/100
|move|p1a: Tornadus|Knock Off|p2a: Tornadus
|-damage|p2a: Tornadus|94/100
|
|-damage|p1a: Tornadus|75/100 brn|[from] brn
|upkeep
|turn|62
|
|t:|1631965203
|move|p2a: Tornadus|Knock Off|p1a: Tornadus
|-damage|p1a: Tornadus|60/100 brn
|move|p1a: Tornadus|Heat Wave|p2a: Tornadus
|-damage|p2a: Tornadus|69/100
|
|-damage|p1a: Tornadus|54/100 brn|[from] brn
|upkeep
|turn|63
|
|t:|1631965212
|move|p1a: Tornadus|Heat Wave|p2a: Tornadus
|-damage|p2a: Tornadus|46/100
|move|p2a: Tornadus|Heat Wave|p1a: Tornadus
|-damage|p1a: Tornadus|31/100 brn
|
|-damage|p1a: Tornadus|25/100 brn|[from] brn
|upkeep
|turn|64
|l| KDYDX
|
|t:|1631965223
|switch|p2a: Volcanion|Volcanion|9/100
|switch|p1a: Toxapex|Toxapex, F|100/100 brn
|
|-damage|p1a: Toxapex|95/100 brn|[from] brn
|upkeep
|turn|65
|j| KDYDX
|
|t:|1631965236
|move|p1a: Toxapex|Baneful Bunker|p1a: Toxapex
|-singleturn|p1a: Toxapex|move: Protect
|move|p2a: Volcanion|Sludge Wave|p1a: Toxapex
|-activate|p1a: Toxapex|move: Protect
|
|-damage|p1a: Toxapex|89/100 brn|[from] brn
|upkeep
|turn|66
|j| lvnt
|
|t:|1631965246
|move|p2a: Volcanion|Sludge Wave|p1a: Toxapex
|-resisted|p1a: Toxapex
|-damage|p1a: Toxapex|69/100 brn
|move|p1a: Toxapex|Haze|p1a: Toxapex
|-clearallboost
|
|-damage|p1a: Toxapex|63/100 brn|[from] brn
|upkeep
|turn|67
|
|t:|1631965253
|move|p1a: Toxapex|Baneful Bunker|p1a: Toxapex
|-singleturn|p1a: Toxapex|move: Protect
|move|p2a: Volcanion|Sludge Wave|p1a: Toxapex
|-activate|p1a: Toxapex|move: Protect
|
|-damage|p1a: Toxapex|57/100 brn|[from] brn
|upkeep
|turn|68
|
|t:|1631965257
|move|p2a: Volcanion|Sludge Wave|p1a: Toxapex
|-resisted|p1a: Toxapex
|-damage|p1a: Toxapex|37/100 brn
|move|p1a: Toxapex|Recover|p1a: Toxapex
|-heal|p1a: Toxapex|87/100 brn
|
|-damage|p1a: Toxapex|81/100 brn|[from] brn
|upkeep
|turn|69
|
|t:|1631965264
|move|p1a: Toxapex|Baneful Bunker|p1a: Toxapex
|-singleturn|p1a: Toxapex|move: Protect
|move|p2a: Volcanion|Sludge Wave|p1a: Toxapex
|-activate|p1a: Toxapex|move: Protect
|
|-damage|p1a: Toxapex|75/100 brn|[from] brn
|upkeep
|turn|70
|
|t:|1631965267
|move|p2a: Volcanion|Sludge Wave|p1a: Toxapex
|-resisted|p1a: Toxapex
|-damage|p1a: Toxapex|54/100 brn
|move|p1a: Toxapex|Haze|p1a: Toxapex
|-clearallboost
|
|-damage|p1a: Toxapex|48/100 brn|[from] brn
|upkeep
|turn|71
|
|t:|1631965273
|move|p1a: Toxapex|Baneful Bunker|p1a: Toxapex
|-singleturn|p1a: Toxapex|move: Protect
|move|p2a: Volcanion|Sludge Wave|p1a: Toxapex
|-activate|p1a: Toxapex|move: Protect
|
|-damage|p1a: Toxapex|42/100 brn|[from] brn
|upkeep
|turn|72
|
|t:|1631965276
|move|p2a: Volcanion|Sludge Wave|p1a: Toxapex
|-resisted|p1a: Toxapex
|-damage|p1a: Toxapex|20/100 brn
|move|p1a: Toxapex|Recover|p1a: Toxapex
|-heal|p1a: Toxapex|70/100 brn
|
|-damage|p1a: Toxapex|64/100 brn|[from] brn
|upkeep
|turn|73
|
|t:|1631965286
|move|p1a: Toxapex|Baneful Bunker|p1a: Toxapex
|-singleturn|p1a: Toxapex|move: Protect
|move|p2a: Volcanion|Sludge Wave|p1a: Toxapex
|-activate|p1a: Toxapex|move: Protect
|
|-damage|p1a: Toxapex|58/100 brn|[from] brn
|upkeep
|turn|74
|
|t:|1631965291
|switch|p2a: Tornadus|Tornadus-Therian, M|79/100
|move|p1a: Toxapex|Recover|p1a: Toxapex
|-heal|p1a: Toxapex|100/100 brn
|
|-damage|p1a: Toxapex|95/100 brn|[from] brn
|upkeep
|turn|75
|l| Blastburn xyz
|j| slobadd
|
|t:|1631965299
|switch|p2a: Volcanion|Volcanion|9/100
|switch|p1a: Tornadus|Tornadus-Therian, M|58/100 brn
|
|-damage|p1a: Tornadus|52/100 brn|[from] brn
|upkeep
|turn|76
|j| Vkhss
|
|t:|1631965308
|switch|p2a: Tornadus|Tornadus-Therian, M|100/100
|move|p1a: Tornadus|U-turn|p2a: Tornadus
|-resisted|p2a: Tornadus
|-damage|p2a: Tornadus|97/100
|
|t:|1631965310
|switch|p1a: Toxapex|Toxapex, F|100/100 brn|[from]move: U-turn
|
|-damage|p1a: Toxapex|95/100 brn|[from] brn
|upkeep
|turn|77
|
|t:|1631965317
|switch|p2a: Volcanion|Volcanion|9/100
|switch|p1a: Tornadus|Tornadus-Therian, M|86/100 brn
|
|-damage|p1a: Tornadus|79/100 brn|[from] brn
|upkeep
|turn|78
|
|t:|1631965322
|switch|p2a: Tornadus|Tornadus-Therian, M|100/100
|move|p1a: Tornadus|U-turn|p2a: Tornadus
|-resisted|p2a: Tornadus
|-damage|p2a: Tornadus|97/100
|
|t:|1631965325
|switch|p1a: Toxapex|Toxapex, F|100/100 brn|[from]move: U-turn
|
|-damage|p1a: Toxapex|95/100 brn|[from] brn
|upkeep
|turn|79
|
|t:|1631965328
|switch|p2a: Volcanion|Volcanion|9/100
|switch|p1a: Tornadus|Tornadus-Therian, M|100/100 brn
|
|-damage|p1a: Tornadus|94/100 brn|[from] brn
|upkeep
|turn|80
|
|t:|1631965333
|switch|p2a: Tornadus|Tornadus-Therian, M|100/100
|move|p1a: Tornadus|Knock Off|p2a: Tornadus
|-damage|p2a: Tornadus|94/100
|
|-damage|p1a: Tornadus|88/100 brn|[from] brn
|upkeep
|turn|81
|
|t:|1631965342
|move|p1a: Tornadus|Heat Wave|p2a: Tornadus
|-damage|p2a: Tornadus|69/100
|-status|p2a: Tornadus|brn
|move|p2a: Tornadus|Heat Wave|p1a: Tornadus
|-damage|p1a: Tornadus|68/100 brn
|
|-damage|p1a: Tornadus|61/100 brn|[from] brn
|-damage|p2a: Tornadus|63/100 brn|[from] brn
|upkeep
|turn|82
|c| Vkhss|Bro just icy wind
|
|t:|1631965355
|move|p2a: Tornadus|Weather Ball|p1a: Tornadus
|-damage|p1a: Tornadus|50/100 brn
|move|p1a: Tornadus|Knock Off|p2a: Tornadus
|-damage|p2a: Tornadus|56/100 brn
|
|-damage|p2a: Tornadus|50/100 brn|[from] brn
|-damage|p1a: Tornadus|44/100 brn|[from] brn
|upkeep
|turn|83
|
|t:|1631965369
|move|p2a: Tornadus|Heat Wave|p1a: Tornadus
|-damage|p1a: Tornadus|22/100 brn
|move|p1a: Tornadus|Icy Wind|p2a: Tornadus
|-supereffective|p2a: Tornadus
|-damage|p2a: Tornadus|22/100 brn
|-unboost|p2a: Tornadus|spe|1
|
|-damage|p1a: Tornadus|16/100 brn|[from] brn
|-damage|p2a: Tornadus|16/100 brn|[from] brn
|upkeep
|turn|84
|j| dogletsuperstar999
|c| Vkhss|Ye
|
|t:|1631965383
|move|p1a: Tornadus|Heat Wave|p2a: Tornadus|[miss]
|-miss|p1a: Tornadus|p2a: Tornadus
|move|p2a: Tornadus|U-turn|p1a: Tornadus
|-resisted|p1a: Tornadus
|-damage|p1a: Tornadus|12/100 brn
|
|t:|1631965389
|switch|p2a: Volcanion|Volcanion|9/100|[from]move: U-turn
|
|-damage|p1a: Tornadus|6/100 brn|[from] brn
|upkeep
|turn|85
|c| Vkhss|Juat icy wind
|c| Vkhss|And u win
|
|t:|1631965399
|move|p1a: Tornadus|U-turn|p2a: Volcanion
|-resisted|p2a: Volcanion
|-damage|p2a: Volcanion|6/100
|
|t:|1631965402
|switch|p1a: Toxapex|Toxapex, F|100/100 brn|[from]move: U-turn
|move|p2a: Volcanion|Earth Power|p1a: Toxapex
|-supereffective|p1a: Toxapex
|-damage|p1a: Toxapex|23/100 brn
|
|-damage|p1a: Toxapex|17/100 brn|[from] brn
|upkeep
|turn|86
|
|t:|1631965412
|switch|p2a: Tornadus|Tornadus-Therian, M|50/100 brn
|switch|p1a: Tornadus|Tornadus-Therian, M|39/100 brn
|
|-damage|p2a: Tornadus|43/100 brn|[from] brn
|-damage|p1a: Tornadus|33/100 brn|[from] brn
|upkeep
|turn|87
|
|t:|1631965426
|move|p2a: Tornadus|Heat Wave|p1a: Tornadus
|-damage|p1a: Tornadus|9/100 brn
|move|p1a: Tornadus|U-turn|p2a: Tornadus
|-resisted|p2a: Tornadus
|-damage|p2a: Tornadus|40/100 brn
|
|t:|1631965429
|switch|p1a: Toxapex|Toxapex, F|51/100 brn|[from]move: U-turn
|
|-damage|p2a: Tornadus|34/100 brn|[from] brn
|-damage|p1a: Toxapex|45/100 brn|[from] brn
|upkeep
|turn|88
|
|t:|1631965434
|switch|p1a: Tornadus|Tornadus-Therian, M|43/100 brn
|move|p2a: Tornadus|U-turn|p1a: Tornadus
|-resisted|p1a: Tornadus
|-crit|p1a: Tornadus
|-damage|p1a: Tornadus|37/100 brn
|
|t:|1631965440
|switch|p2a: Volcanion|Volcanion|6/100|[from]move: U-turn
|
|-damage|p1a: Tornadus|30/100 brn|[from] brn
|upkeep
|turn|89
|
|t:|1631965444
|switch|p2a: Tornadus|Tornadus-Therian, M|67/100 brn
|move|p1a: Tornadus|U-turn|p2a: Tornadus
|-resisted|p2a: Tornadus
|-damage|p2a: Tornadus|64/100 brn
|
|t:|1631965446
|switch|p1a: Toxapex|Toxapex, F|78/100 brn|[from]move: U-turn
|
|-damage|p2a: Tornadus|58/100 brn|[from] brn
|-damage|p1a: Toxapex|72/100 brn|[from] brn
|upkeep
|turn|90
|
|t:|1631965451
|switch|p1a: Tornadus|Tornadus-Therian, M|64/100 brn
|move|p2a: Tornadus|U-turn|p1a: Tornadus
|-resisted|p1a: Tornadus
|-damage|p1a: Tornadus|60/100 brn
|l| slobadd
|j| slobadd
|
|t:|1631965454
|switch|p2a: Volcanion|Volcanion|6/100|[from]move: U-turn
|
|-damage|p1a: Tornadus|53/100 brn|[from] brn
|upkeep
|turn|91
|c| Vkhss|Wtf man
|
|t:|1631965461
|switch|p2a: Tornadus|Tornadus-Therian, M|91/100 brn
|move|p1a: Tornadus|Knock Off|p2a: Tornadus
|-damage|p2a: Tornadus|84/100 brn
|
|-damage|p1a: Tornadus|47/100 brn|[from] brn
|-damage|p2a: Tornadus|78/100 brn|[from] brn
|upkeep
|turn|92
|
|t:|1631965469
|switch|p1a: Toxapex|Toxapex, F|100/100 brn
|move|p2a: Tornadus|U-turn|p1a: Toxapex
|-resisted|p1a: Toxapex
|-damage|p1a: Toxapex|99/100 brn
|
|t:|1631965475
|switch|p2a: Volcanion|Volcanion|6/100|[from]move: U-turn
|
|-damage|p1a: Toxapex|93/100 brn|[from] brn
|upkeep
|turn|93
|c|☆revenge time poop|icy wind doesnt kill volc
|
|t:|1631965492
|move|p1a: Toxapex|Baneful Bunker|p1a: Toxapex
|-singleturn|p1a: Toxapex|move: Protect
|move|p2a: Volcanion|Sludge Wave|p1a: Toxapex
|-activate|p1a: Toxapex|move: Protect
|
|-damage|p1a: Toxapex|87/100 brn|[from] brn
|upkeep
|turn|94
|
|t:|1631965498
|move|p2a: Volcanion|Sludge Wave|p1a: Toxapex
|-resisted|p1a: Toxapex
|-damage|p1a: Toxapex|67/100 brn
|move|p1a: Toxapex|Haze|p1a: Toxapex
|-clearallboost
|
|-damage|p1a: Toxapex|61/100 brn|[from] brn
|upkeep
|turn|95
|l| slobadd
|
|t:|1631965509
|move|p2a: Volcanion|Sludge Wave|p1a: Toxapex
|-resisted|p1a: Toxapex
|-damage|p1a: Toxapex|40/100 brn
|move|p1a: Toxapex|Recover|p1a: Toxapex
|-heal|p1a: Toxapex|90/100 brn
|
|-damage|p1a: Toxapex|84/100 brn|[from] brn
|upkeep
|turn|96
|
|t:|1631965517
|move|p2a: Volcanion|Sludge Wave|p1a: Toxapex
|-resisted|p1a: Toxapex
|-damage|p1a: Toxapex|64/100 brn
|move|p1a: Toxapex|Haze|p1a: Toxapex
|-clearallboost
|
|-damage|p1a: Toxapex|58/100 brn|[from] brn
|upkeep
|turn|97
|j| Mak the ZekLord〒
|
|t:|1631965525
|switch|p2a: Tornadus|Tornadus-Therian, M|100/100 brn
|move|p1a: Toxapex|Recover|p1a: Toxapex
|-heal|p1a: Toxapex|100/100 brn
|
|-damage|p2a: Tornadus|94/100 brn|[from] brn
|-damage|p1a: Toxapex|95/100 brn|[from] brn
|upkeep
|turn|98
|c| Vkhss|Ah scald ?
|c| Vkhss|Nvm
|
|t:|1631965537
|switch|p1a: Tornadus|Tornadus-Therian, M|81/100 brn
|move|p2a: Tornadus|Heat Wave|p1a: Tornadus
|-damage|p1a: Tornadus|59/100 brn
|
|-damage|p2a: Tornadus|88/100 brn|[from] brn
|-damage|p1a: Tornadus|53/100 brn|[from] brn
|upkeep
|turn|99
|l| Mak the ZekLord〒
|
|t:|1631965547
|move|p1a: Tornadus|Icy Wind|p2a: Tornadus
|-supereffective|p2a: Tornadus
|-damage|p2a: Tornadus|62/100 brn
|-unboost|p2a: Tornadus|spe|1
|move|p2a: Tornadus|Heat Wave|p1a: Tornadus
|-crit|p1a: Tornadus
|-damage|p1a: Tornadus|19/100 brn
|
|-damage|p1a: Tornadus|13/100 brn|[from] brn
|-damage|p2a: Tornadus|56/100 brn|[from] brn
|upkeep
|turn|100
|
|t:|1631965554
|move|p1a: Tornadus|U-turn|p2a: Tornadus
|-resisted|p2a: Tornadus
|-damage|p2a: Tornadus|53/100 brn
|
|t:|1631965556
|switch|p1a: Toxapex|Toxapex, F|100/100 brn|[from]move: U-turn
|move|p2a: Tornadus|U-turn|p1a: Toxapex
|-resisted|p1a: Toxapex
|-damage|p1a: Toxapex|98/100 brn
|l| Vkhss
|
|t:|1631965563
|switch|p2a: Volcanion|Volcanion|6/100|[from]move: U-turn
|
|-damage|p1a: Toxapex|92/100 brn|[from] brn
|upkeep
|turn|101
|l| TheLastTemplar
|
|t:|1631965582
|move|p1a: Toxapex|Baneful Bunker|p1a: Toxapex
|-singleturn|p1a: Toxapex|move: Protect
|move|p2a: Volcanion|Earth Power|p1a: Toxapex
|-activate|p1a: Toxapex|move: Protect
|
|-damage|p1a: Toxapex|86/100 brn|[from] brn
|upkeep
|turn|102
|
|t:|1631965587
|switch|p2a: Tornadus|Tornadus-Therian, M|86/100 brn
|switch|p1a: Tornadus|Tornadus-Therian, M|46/100 brn
|
|-damage|p2a: Tornadus|80/100 brn|[from] brn
|-damage|p1a: Tornadus|40/100 brn|[from] brn
|upkeep
|turn|103
|
|t:|1631965603
|move|p1a: Tornadus|U-turn|p2a: Tornadus
|-resisted|p2a: Tornadus
|-damage|p2a: Tornadus|76/100 brn
|
|t:|1631965605
|switch|p1a: Toxapex|Toxapex, F|100/100 brn|[from]move: U-turn
|move|p2a: Tornadus|Heat Wave|p1a: Toxapex
|-resisted|p1a: Toxapex
|-damage|p1a: Toxapex|92/100 brn
|
|-damage|p2a: Tornadus|70/100 brn|[from] brn
|-damage|p1a: Toxapex|86/100 brn|[from] brn
|upkeep
|turn|104
|
|t:|1631965609
|switch|p2a: Volcanion|Volcanion|6/100
|switch|p1a: Tornadus|Tornadus-Therian, M|73/100 brn
|
|-damage|p1a: Tornadus|67/100 brn|[from] brn
|upkeep
|turn|105
|
|t:|1631965615
|switch|p2a: Tornadus|Tornadus-Therian, M|100/100 brn
|move|p1a: Tornadus|U-turn|p2a: Tornadus
|-resisted|p2a: Tornadus
|-damage|p2a: Tornadus|97/100 brn
|
|t:|1631965618
|switch|p1a: Toxapex|Toxapex, F|100/100 brn|[from]move: U-turn
|
|-damage|p2a: Tornadus|91/100 brn|[from] brn
|-damage|p1a: Toxapex|95/100 brn|[from] brn
|upkeep
|turn|106
|
|t:|1631965624
|switch|p1a: Tornadus|Tornadus-Therian, M|100/100 brn
|move|p2a: Tornadus|U-turn|p1a: Tornadus
|-resisted|p1a: Tornadus
|-damage|p1a: Tornadus|97/100 brn
|
|t:|1631965627
|switch|p2a: Volcanion|Volcanion|6/100|[from]move: U-turn
|
|-damage|p1a: Tornadus|91/100 brn|[from] brn
|upkeep
|turn|107
|
|t:|1631965630
|switch|p2a: Tornadus|Tornadus-Therian, M|100/100 brn
|move|p1a: Tornadus|Icy Wind|p2a: Tornadus
|-supereffective|p2a: Tornadus
|-damage|p2a: Tornadus|71/100 brn
|-unboost|p2a: Tornadus|spe|1
|
|-damage|p1a: Tornadus|84/100 brn|[from] brn
|-damage|p2a: Tornadus|64/100 brn|[from] brn
|upkeep
|turn|108
|j| TheLastTemplar
|
|t:|1631965641
|move|p1a: Tornadus|Icy Wind|p2a: Tornadus
|-supereffective|p2a: Tornadus
|-damage|p2a: Tornadus|35/100 brn
|-unboost|p2a: Tornadus|spe|1
|move|p2a: Tornadus|U-turn|p1a: Tornadus
|-resisted|p1a: Tornadus
|-damage|p1a: Tornadus|81/100 brn
|
|t:|1631965648
|switch|p2a: Volcanion|Volcanion|6/100|[from]move: U-turn
|
|-damage|p1a: Tornadus|75/100 brn|[from] brn
|upkeep
|turn|109
|j| ManuelTMT
|
|t:|1631965655
|switch|p2a: Tornadus|Tornadus-Therian, M|68/100 brn
|move|p1a: Tornadus|Icy Wind|p2a: Tornadus
|-supereffective|p2a: Tornadus
|-damage|p2a: Tornadus|37/100 brn
|-unboost|p2a: Tornadus|spe|1
|
|-damage|p1a: Tornadus|69/100 brn|[from] brn
|-damage|p2a: Tornadus|31/100 brn|[from] brn
|upkeep
|turn|110
|
|t:|1631965665
|move|p1a: Tornadus|Icy Wind|p2a: Tornadus|[miss]
|-miss|p1a: Tornadus|p2a: Tornadus
|move|p2a: Tornadus|U-turn|p1a: Tornadus
|-resisted|p1a: Tornadus
|-damage|p1a: Tornadus|64/100 brn
|
|t:|1631965671
|switch|p2a: Volcanion|Volcanion|6/100|[from]move: U-turn
|
|-damage|p1a: Tornadus|58/100 brn|[from] brn
|upkeep
|turn|111
|
|t:|1631965681
|switch|p2a: Tornadus|Tornadus-Therian, M|64/100 brn
|move|p1a: Tornadus|Icy Wind|p2a: Tornadus
|-supereffective|p2a: Tornadus
|-damage|p2a: Tornadus|37/100 brn
|-unboost|p2a: Tornadus|spe|1
|
|-damage|p1a: Tornadus|52/100 brn|[from] brn
|-damage|p2a: Tornadus|31/100 brn|[from] brn
|upkeep
|turn|112
|j| slobadd
|
|t:|1631965688
|move|p1a: Tornadus|Icy Wind|p2a: Tornadus
|-supereffective|p2a: Tornadus
|-damage|p2a: Tornadus|3/100 brn
|-unboost|p2a: Tornadus|spe|1
|move|p2a: Tornadus|U-turn|p1a: Tornadus
|-resisted|p1a: Tornadus
|-damage|p1a: Tornadus|48/100 brn
|
|t:|1631965696
|switch|p2a: Volcanion|Volcanion|6/100|[from]move: U-turn
|
|-damage|p1a: Tornadus|42/100 brn|[from] brn
|upkeep
|turn|113
|
|t:|1631965702
|move|p1a: Tornadus|Heat Wave|p2a: Volcanion
|-resisted|p2a: Volcanion
|-damage|p2a: Volcanion|0 fnt
|faint|p2a: Volcanion
|
|-damage|p1a: Tornadus|36/100 brn|[from] brn
|upkeep
|l| slobadd
|c|☆revenge time poop|gg
|-message|TheonReekGreyjoy forfeited.
|
|win|revenge time poop
|raw|revenge time poop's rating: 1896 &rarr; <strong>1916</strong><br />(+20 for winning)
|raw|TheonReekGreyjoy's rating: 1893 &rarr; <strong>1873</strong><br />(-20 for losing)
|l|☆TheonReekGreyjoy
|l| ManuelTMT
|l|☆revenge time poop
|l| Cabaye211
|l| TF2Fluffy
|l| TheLastTemplar
|l| KDYDX
|l| Matheus RW
|l| lvnt
|l| Im Not the Nicest
|l| Tabata Tyrogue
|l| Big Uno
|l| dogletsuperstar999
