|raw|<div class="broadcast-blue"><strong>This battle is required to be public due to a player having a name starting with 'lt92pf'.</div>
|j|☆rheysali
|j|☆LT92PF Highv0ltag3
|t:|1659873796
|gametype|singles
|player|p1|rheysali|bugcatcher-gen4dp|1918
|player|p2|LT92PF Highv0ltag3|volo|1822
|teamsize|p1|6
|teamsize|p2|6
|gen|8
|tier|[Gen 8] OU
|rated|
|rule|Sleep Clause Mod: Limit one foe put to sleep
|rule|Species Clause: Limit one of each Pokémon
|rule|OHKO Clause: OHKO moves are banned
|rule|Evasion Items Clause: Evasion items are banned
|rule|Evasion Moves Clause: Evasion moves are banned
|rule|Endless Battle Clause: Forcing endless battles is banned
|rule|HP Percentage Mod: HP is shown in percentages
|rule|Dynamax Clause: You cannot dynamax
|clearpoke
|poke|p1|Dragapult, F|
|poke|p1|Zapdos|
|poke|p1|Nihilego|
|poke|p1|Ferrothorn, M|
|poke|p1|Landorus-Therian, M|
|poke|p1|Crawdaunt, F|
|poke|p2|Porygon-Z|
|poke|p2|Toxapex, F|
|poke|p2|Corviknight, M|
|poke|p2|Urshifu-*, F|
|poke|p2|Landorus-Therian, M|
|poke|p2|Mew|
|teampreview
|j| K6zjzzui
|inactive|Battle timer is ON: inactive players will automatically lose when time's up. (requested by rheysali)
|j| lt92pf velcro
|l| lt92pf velcro
|j| LT92PF croo
|j| vo1kner
|
|t:|1659873828
|start
|switch|p1a: Ferrothorn|Ferrothorn, M|100/100
|switch|p2a: Mew|Mew|100/100
|turn|1
|j| sendpais
|j| jonfilch
|
|t:|1659873835
|move|p2a: Mew|Triple Axel|p1a: Ferrothorn
|-damage|p1a: Ferrothorn|97/100
|-damage|p2a: Mew|88/100|[from] ability: Iron Barbs|[of] p1a: Ferrothorn
|-damage|p1a: Ferrothorn|89/100
|-damage|p2a: Mew|76/100|[from] ability: Iron Barbs|[of] p1a: Ferrothorn
|-damage|p1a: Ferrothorn|78/100
|-damage|p2a: Mew|64/100|[from] ability: Iron Barbs|[of] p1a: Ferrothorn
|-hitcount|p1a: Ferrothorn|3
|move|p1a: Ferrothorn|Stealth Rock|p2a: Mew
|-sidestart|p2: LT92PF Highv0ltag3|move: Stealth Rock
|
|-heal|p1a: Ferrothorn|84/100|[from] item: Leftovers
|upkeep
|turn|2
|
|t:|1659873841
|switch|p2a: Corviknight|Corviknight, M|100/100
|-damage|p2a: Corviknight|88/100|[from] Stealth Rock
|-ability|p2a: Corviknight|Pressure
|move|p1a: Ferrothorn|Leech Seed|p2a: Corviknight
|-start|p2a: Corviknight|move: Leech Seed
|
|-heal|p2a: Corviknight|94/100|[from] item: Leftovers
|-heal|p1a: Ferrothorn|90/100|[from] item: Leftovers
|-damage|p2a: Corviknight|82/100|[from] Leech Seed|[of] p1a: Ferrothorn
|-heal|p1a: Ferrothorn|100/100|[silent]
|upkeep
|turn|3
|j| lt91BB stock972
|
|t:|1659873846
|move|p2a: Corviknight|U-turn|p1a: Ferrothorn
|-damage|p1a: Ferrothorn|91/100
|-damage|p2a: Corviknight|69/100|[from] ability: Iron Barbs|[of] p1a: Ferrothorn
|
|t:|1659873848
|switch|p2a: Toxapex|Toxapex, F|100/100|[from]move: U-turn
|-damage|p2a: Toxapex|88/100|[from] Stealth Rock
|move|p1a: Ferrothorn|Stealth Rock||[still]
|-fail|p1a: Ferrothorn
|
|-heal|p2a: Toxapex|94/100|[from] item: Black Sludge
|-heal|p1a: Ferrothorn|97/100|[from] item: Leftovers
|upkeep
|turn|4
|j| LT92PF line
|
|t:|1659873856
|move|p2a: Toxapex|Scald|p1a: Ferrothorn
|-resisted|p1a: Ferrothorn
|-damage|p1a: Ferrothorn|90/100
|move|p1a: Ferrothorn|Leech Seed|p2a: Toxapex
|-start|p2a: Toxapex|move: Leech Seed
|
|-heal|p2a: Toxapex|100/100|[from] item: Black Sludge
|-heal|p1a: Ferrothorn|96/100|[from] item: Leftovers
|-damage|p2a: Toxapex|88/100|[from] Leech Seed|[of] p1a: Ferrothorn
|-heal|p1a: Ferrothorn|100/100|[silent]
|upkeep
|turn|5
|
|t:|1659873866
|switch|p1a: Dragapult|Dragapult, F|100/100
|move|p2a: Toxapex|Scald|p1a: Dragapult
|-resisted|p1a: Dragapult
|-damage|p1a: Dragapult|89/100
|
|-heal|p2a: Toxapex|94/100|[from] item: Black Sludge
|-damage|p2a: Toxapex|82/100|[from] Leech Seed|[of] p1a: Dragapult
|-heal|p1a: Dragapult|100/100|[silent]
|upkeep
|turn|6
|
|t:|1659873871
|move|p1a: Dragapult|Shadow Ball|p2a: Toxapex
|-damage|p2a: Toxapex|38/100
|move|p2a: Toxapex|Recover|p2a: Toxapex
|-heal|p2a: Toxapex|88/100
|
|-heal|p2a: Toxapex|95/100|[from] item: Black Sludge
|-damage|p2a: Toxapex|82/100|[from] Leech Seed|[of] p1a: Dragapult
|upkeep
|turn|7
|j| ar17
|l| ar17
|
|t:|1659873894
|switch|p1a: Zapdos|Zapdos|100/100
|switch|p2a: Urshifu|Urshifu-Rapid-Strike, F|100/100
|-damage|p2a: Urshifu|94/100|[from] Stealth Rock
|
|upkeep
|turn|8
|
|t:|1659873903
|move|p1a: Zapdos|Hurricane|p2a: Urshifu
|-supereffective|p2a: Urshifu
|-damage|p2a: Urshifu|0 fnt
|faint|p2a: Urshifu
|
|upkeep
|
|t:|1659873914
|switch|p2a: Mew|Mew|64/100
|-damage|p2a: Mew|51/100|[from] Stealth Rock
|turn|9
|
|t:|1659873924
|switch|p1a: Ferrothorn|Ferrothorn, M|100/100
|move|p2a: Mew|Close Combat|p1a: Ferrothorn
|-supereffective|p1a: Ferrothorn
|-damage|p1a: Ferrothorn|58/100
|-unboost|p2a: Mew|def|1
|-unboost|p2a: Mew|spd|1
|-damage|p2a: Mew|39/100|[from] ability: Iron Barbs|[of] p1a: Ferrothorn
|
|-heal|p1a: Ferrothorn|64/100|[from] item: Leftovers
|upkeep
|turn|10
|j| VAE520
|j| BigBullyBoy
|
|t:|1659873936
|switch|p2a: Landorus|Landorus-Therian, M|100/100
|-damage|p2a: Landorus|88/100|[from] Stealth Rock
|-ability|p2a: Landorus|Intimidate|boost
|-unboost|p1a: Ferrothorn|atk|1
|move|p1a: Ferrothorn|Leech Seed|p2a: Landorus
|-start|p2a: Landorus|move: Leech Seed
|
|-heal|p2a: Landorus|94/100|[from] item: Leftovers
|-heal|p1a: Ferrothorn|70/100|[from] item: Leftovers
|-damage|p2a: Landorus|82/100|[from] Leech Seed|[of] p1a: Ferrothorn
|-heal|p1a: Ferrothorn|84/100|[silent]
|upkeep
|turn|11
|
|t:|1659873939
|move|p2a: Landorus|Stealth Rock|p1a: Ferrothorn
|-sidestart|p1: rheysali|move: Stealth Rock
|move|p1a: Ferrothorn|Gyro Ball|p2a: Landorus
|-damage|p2a: Landorus|63/100
|
|-heal|p2a: Landorus|69/100|[from] item: Leftovers
|-heal|p1a: Ferrothorn|90/100|[from] item: Leftovers
|-damage|p2a: Landorus|57/100|[from] Leech Seed|[of] p1a: Ferrothorn
|-heal|p1a: Ferrothorn|100/100|[silent]
|upkeep
|turn|12
|
|t:|1659873943
|switch|p2a: Toxapex|Toxapex, F|100/100
|-damage|p2a: Toxapex|88/100|[from] Stealth Rock
|move|p1a: Ferrothorn|Leech Seed|p2a: Toxapex|[miss]
|-miss|p1a: Ferrothorn|p2a: Toxapex
|
|-heal|p2a: Toxapex|94/100|[from] item: Black Sludge
|upkeep
|turn|13
|
|t:|1659873949
|move|p2a: Toxapex|Scald|p1a: Ferrothorn
|-resisted|p1a: Ferrothorn
|-damage|p1a: Ferrothorn|93/100
|move|p1a: Ferrothorn|Leech Seed|p2a: Toxapex|[miss]
|-miss|p1a: Ferrothorn|p2a: Toxapex
|
|-heal|p2a: Toxapex|100/100|[from] item: Black Sludge
|-heal|p1a: Ferrothorn|99/100|[from] item: Leftovers
|upkeep
|turn|14
|j| lt92pf mind
|
|t:|1659873951
|move|p2a: Toxapex|Scald|p1a: Ferrothorn
|-resisted|p1a: Ferrothorn
|-damage|p1a: Ferrothorn|93/100
|move|p1a: Ferrothorn|Leech Seed|p2a: Toxapex|[miss]
|-miss|p1a: Ferrothorn|p2a: Toxapex
|
|-heal|p1a: Ferrothorn|99/100|[from] item: Leftovers
|upkeep
|turn|15
|
|t:|1659873953
|move|p2a: Toxapex|Scald|p1a: Ferrothorn
|-resisted|p1a: Ferrothorn
|-damage|p1a: Ferrothorn|92/100
|move|p1a: Ferrothorn|Leech Seed|p2a: Toxapex|[miss]
|-miss|p1a: Ferrothorn|p2a: Toxapex
|
|-heal|p1a: Ferrothorn|98/100|[from] item: Leftovers
|upkeep
|turn|16
|c|☆rheysali|lol
|
|t:|1659873958
|move|p2a: Toxapex|Scald|p1a: Ferrothorn
|-resisted|p1a: Ferrothorn
|-damage|p1a: Ferrothorn|91/100
|move|p1a: Ferrothorn|Leech Seed|p2a: Toxapex
|-start|p2a: Toxapex|move: Leech Seed
|
|-heal|p1a: Ferrothorn|98/100|[from] item: Leftovers
|-damage|p2a: Toxapex|88/100|[from] Leech Seed|[of] p1a: Ferrothorn
|-heal|p1a: Ferrothorn|100/100|[silent]
|upkeep
|turn|17
|j| LT92PF PDC
|c|☆LT92PF Highv0ltag3|Lol
|
|t:|1659873965
|switch|p1a: Dragapult|Dragapult, F|100/100
|-damage|p1a: Dragapult|88/100|[from] Stealth Rock
|move|p2a: Toxapex|Toxic|p1a: Dragapult
|-status|p1a: Dragapult|tox
|
|-heal|p2a: Toxapex|94/100|[from] item: Black Sludge
|-damage|p2a: Toxapex|82/100|[from] Leech Seed|[of] p1a: Dragapult
|-heal|p1a: Dragapult|99/100 tox|[silent]
|-damage|p1a: Dragapult|94/100 tox|[from] psn
|upkeep
|turn|18
|
|t:|1659873970
|switch|p2a: Corviknight|Corviknight, M|69/100
|-damage|p2a: Corviknight|57/100|[from] Stealth Rock
|-ability|p2a: Corviknight|Pressure
|move|p1a: Dragapult|U-turn|p2a: Corviknight
|-resisted|p2a: Corviknight
|-damage|p2a: Corviknight|54/100
|j| PoobleMaster945
|
|t:|1659873975
|switch|p1a: Zapdos|Zapdos|100/100|[from]move: U-turn
|
|-heal|p2a: Corviknight|60/100|[from] item: Leftovers
|upkeep
|turn|19
|
|t:|1659873980
|switch|p2a: Landorus|Landorus-Therian, M|57/100
|-damage|p2a: Landorus|44/100|[from] Stealth Rock
|-ability|p2a: Landorus|Intimidate|boost
|-unboost|p1a: Zapdos|atk|1
|move|p1a: Zapdos|Heat Wave|p2a: Landorus
|-damage|p2a: Landorus|13/100
|
|-heal|p2a: Landorus|19/100|[from] item: Leftovers
|upkeep
|turn|20
|c|☆LT92PF Highv0ltag3|Gg
|-message|LT92PF Highv0ltag3 forfeited.
|
|win|rheysali
|raw|rheysali's rating: 1918 &rarr; <strong>1933</strong><br />(+15 for winning)
|raw|LT92PF Highv0ltag3's rating: 1822 &rarr; <strong>1807</strong><br />(-15 for losing)
|l|☆LT92PF Highv0ltag3
|c|☆rheysali|gg
|l| LT92PF croo
|l| BigBullyBoy
|l|☆rheysali
|l| lt92pf mind
|l| K6zjzzui
|l| lt91BB stock972
|j| tytyui↻
|l| tytyui↻
|l| VAE520
|j| lt91BB stock972
|l| lt91BB stock972
|l| jonfilch
