|j|☆Kiliminati
|j|☆Elite4Donovan
|t:|1651473385
|gametype|singles
|player|p1|Kiliminati|candice|1527
|player|p2|Elite4Donovan|brendan-contest|1669
|teamsize|p1|6
|teamsize|p2|6
|gen|8
|tier|[Gen 8] OU
|rated|
|rule|Sleep Clause Mod: Limit one foe put to sleep
|rule|Species Clause: Limit one of each Pokémon
|rule|OHKO Clause: OHKO moves are banned
|rule|Evasion Moves Clause: Evasion moves are banned
|rule|Endless Battle Clause: Forcing endless battles is banned
|rule|HP Percentage Mod: HP is shown in percentages
|rule|Dynamax Clause: You cannot dynamax
|clearpoke
|poke|p1|Azelf|
|poke|p1|Polteageist|
|poke|p1|Rillaboom, M|
|poke|p1|Celesteela|
|poke|p1|Azumarill, M|
|poke|p1|Cloyster, F|
|poke|p2|Bouffalant, M|
|poke|p2|Magnezone|
|poke|p2|Tapu Fini|
|poke|p2|Garchomp, M|
|poke|p2|Aegislash, F|
|poke|p2|Moltres|
|teampreview
|
|t:|1651473397
|start
|switch|p1a: Azelf|Azelf|100/100
|switch|p2a: Aegislash|Aegislash, F|100/100
|turn|1
|
|t:|1651473401
|move|p1a: Azelf|Stealth Rock|p2a: Aegislash
|-sidestart|p2: Elite4Donovan|move: Stealth Rock
|-formechange|p2a: Aegislash|Aegislash-Blade||[from] ability: Stance Change
|move|p2a: Aegislash|Shadow Ball|p1a: Azelf
|-supereffective|p1a: Azelf
|-enditem|p1a: Azelf|Focus Sash
|-damage|p1a: Azelf|1/100
|
|upkeep
|turn|2
|
|t:|1651473407
|-formechange|p2a: Aegislash|Aegislash||[from] ability: Stance Change
|move|p2a: Aegislash|King's Shield|p2a: Aegislash
|-singleturn|p2a: Aegislash|Protect
|move|p1a: Azelf|Knock Off|p2a: Aegislash
|-activate|p2a: Aegislash|move: Protect
|-unboost|p1a: Azelf|atk|1
|
|upkeep
|turn|3
|
|t:|1651473412
|-formechange|p2a: Aegislash|Aegislash-Blade||[from] ability: Stance Change
|move|p2a: Aegislash|Shadow Sneak|p1a: Azelf
|-supereffective|p1a: Azelf
|-damage|p1a: Azelf|0 fnt
|faint|p1a: Azelf
|
|upkeep
|
|t:|1651473424
|switch|p1a: Rillaboom|Rillaboom, M|100/100
|-fieldstart|move: Grassy Terrain|[from] ability: Grassy Surge|[of] p1a: Rillaboom
|turn|4
|
|t:|1651473428
|switch|p2a: Moltres|Moltres|100/100
|move|p1a: Rillaboom|Swords Dance|p1a: Rillaboom
|-boost|p1a: Rillaboom|atk|2
|
|upkeep
|turn|5
|
|t:|1651473433
|move|p2a: Moltres|Flamethrower|p1a: Rillaboom
|-supereffective|p1a: Rillaboom
|-damage|p1a: Rillaboom|0 fnt
|faint|p1a: Rillaboom
|
|upkeep
|
|t:|1651473435
|switch|p1a: Azumarill|Azumarill, M|100/100
|turn|6
|
|t:|1651473440
|move|p2a: Moltres|Defog|p1a: Azumarill
|-unboost|p1a: Azumarill|evasion|1
|-sideend|p2: Elite4Donovan|Stealth Rock|[from] move: Defog|[of] p2a: Moltres
|-fieldend|move: Grassy Terrain
|move|p1a: Azumarill|Belly Drum|p1a: Azumarill
|-damage|p1a: Azumarill|50/100
|-setboost|p1a: Azumarill|atk|6|[from] move: Belly Drum
|-enditem|p1a: Azumarill|Sitrus Berry|[eat]
|-heal|p1a: Azumarill|75/100|[from] item: Sitrus Berry
|
|upkeep
|turn|7
|
|t:|1651473457
|switch|p2a: Magnezone|Magnezone|100/100
|move|p1a: Azumarill|Aqua Jet|p2a: Magnezone
|-damage|p2a: Magnezone|0 fnt
|faint|p2a: Magnezone
|
|upkeep
|
|t:|1651473460
|switch|p2a: Garchomp|Garchomp, M|100/100
|turn|8
|
|t:|1651473466
|move|p1a: Azumarill|Aqua Jet|p2a: Garchomp
|-damage|p2a: Garchomp|22/100
|-damage|p1a: Azumarill|63/100|[from] ability: Rough Skin|[of] p2a: Garchomp
|-damage|p1a: Azumarill|46/100|[from] item: Rocky Helmet|[of] p2a: Garchomp
|move|p2a: Garchomp|Earthquake|p1a: Azumarill
|-damage|p1a: Azumarill|0 fnt
|faint|p1a: Azumarill
|
|upkeep
|
|t:|1651473484
|switch|p1a: Celesteela|Celesteela|100/100
|turn|9
|
|t:|1651473490
|switch|p2a: Moltres|Moltres|100/100
|move|p1a: Celesteela|Autotomize|p1a: Celesteela
|-boost|p1a: Celesteela|spe|2
|-start|p1a: Celesteela|Autotomize
|
|upkeep
|turn|10
|
|t:|1651473494
|switch|p2a: Garchomp|Garchomp, M|22/100
|move|p1a: Celesteela|Meteor Beam||[still]
|-prepare|p1a: Celesteela|Meteor Beam
|-boost|p1a: Celesteela|spa|1
|-enditem|p1a: Celesteela|Power Herb
|-anim|p1a: Celesteela|Meteor Beam|p2a: Garchomp|[miss]
|-miss|p1a: Celesteela|p2a: Garchomp
|
|upkeep
|turn|11
|
|t:|1651473499
|move|p1a: Celesteela|Air Slash|p2a: Garchomp
|-damage|p2a: Garchomp|0 fnt
|faint|p2a: Garchomp
|-ability|p1a: Celesteela|Beast Boost|boost
|-boost|p1a: Celesteela|spa|1
|
|upkeep
|
|t:|1651473501
|switch|p2a: Moltres|Moltres|100/100
|turn|12
|
|t:|1651473504
|move|p1a: Celesteela|Air Slash|p2a: Moltres
|-damage|p2a: Moltres|20/100
|move|p2a: Moltres|Flamethrower|p1a: Celesteela
|-supereffective|p1a: Celesteela
|-damage|p1a: Celesteela|13/100
|
|upkeep
|turn|13
|
|t:|1651473510
|move|p1a: Celesteela|Air Slash|p2a: Moltres
|-damage|p2a: Moltres|0 fnt
|faint|p2a: Moltres
|-ability|p1a: Celesteela|Beast Boost|boost
|-boost|p1a: Celesteela|spa|1
|
|upkeep
|
|t:|1651473516
|switch|p2a: Aegislash|Aegislash, F|100/100
|turn|14
|
|t:|1651473523
|-formechange|p2a: Aegislash|Aegislash-Blade||[from] ability: Stance Change
|move|p2a: Aegislash|Shadow Sneak|p1a: Celesteela
|-damage|p1a: Celesteela|0 fnt
|faint|p1a: Celesteela
|
|upkeep
|
|t:|1651473527
|switch|p1a: Polteageist|Polteageist|100/100
|turn|15
|
|t:|1651473531
|move|p1a: Polteageist|Shadow Ball|p2a: Aegislash
|-supereffective|p2a: Aegislash
|-damage|p2a: Aegislash|0 fnt
|faint|p2a: Aegislash
|
|upkeep
|
|t:|1651473537
|switch|p2a: Tapu Fini|Tapu Fini|100/100
|-fieldstart|move: Misty Terrain|[from] ability: Misty Surge|[of] p2a: Tapu Fini
|turn|16
|
|t:|1651473547
|move|p2a: Tapu Fini|Trick|p1a: Polteageist
|-activate|p2a: Tapu Fini|move: Trick|[of] p1a: Polteageist
|-item|p1a: Polteageist|Choice Scarf|[from] move: Trick
|-item|p2a: Tapu Fini|Focus Sash|[from] move: Trick
|move|p1a: Polteageist|Shell Smash|p1a: Polteageist
|-unboost|p1a: Polteageist|def|1
|-unboost|p1a: Polteageist|spd|1
|-boost|p1a: Polteageist|atk|2
|-boost|p1a: Polteageist|spa|2
|-boost|p1a: Polteageist|spe|2
|
|upkeep
|turn|17
|
|t:|1651473554
|switch|p1a: Cloyster|Cloyster, F|100/100
|move|p2a: Tapu Fini|Moonblast|p1a: Cloyster
|-damage|p1a: Cloyster|23/100
|
|upkeep
|turn|18
|
|t:|1651473556
|move|p2a: Tapu Fini|Moonblast|p1a: Cloyster
|-damage|p1a: Cloyster|0 fnt
|faint|p1a: Cloyster
|
|upkeep
|
|t:|1651473558
|switch|p1a: Polteageist|Polteageist|100/100
|turn|19
|
|t:|1651473564
|move|p1a: Polteageist|Giga Drain|p2a: Tapu Fini
|-supereffective|p2a: Tapu Fini
|-damage|p2a: Tapu Fini|62/100
|move|p2a: Tapu Fini|Moonblast|p1a: Polteageist
|-damage|p1a: Polteageist|64/100
|-unboost|p1a: Polteageist|spa|1
|
|upkeep
|turn|20
|
|t:|1651473567
|move|p1a: Polteageist|Giga Drain|p2a: Tapu Fini
|-supereffective|p2a: Tapu Fini
|-damage|p2a: Tapu Fini|35/100
|-heal|p1a: Polteageist|82/100|[from] drain|[of] p2a: Tapu Fini
|move|p2a: Tapu Fini|Moonblast|p1a: Polteageist
|-damage|p1a: Polteageist|41/100
|
|-fieldend|Misty Terrain
|upkeep
|turn|21
|
|t:|1651473569
|switch|p2a: Bouffalant|Bouffalant, M|100/100
|move|p1a: Polteageist|Giga Drain|p2a: Bouffalant
|-ability|p2a: Bouffalant|Sap Sipper|boost
|-boost|p2a: Bouffalant|atk|1
|
|upkeep
|turn|22
|c|☆Kiliminati|lol
|c|☆Kiliminati|pretty bullshit
|-message|Kiliminati forfeited.
|
|win|Elite4Donovan
|raw|Kiliminati's rating: 1527 &rarr; <strong>1515</strong><br />(-12 for losing)
|raw|Elite4Donovan's rating: 1669 &rarr; <strong>1681</strong><br />(+12 for winning)
|l|☆Kiliminati
