|raw|<div class="broadcast-blue"><strong>This battle is required to be public due to a player having a name starting with 'lt91bb'.</div>
|j|☆LT91BB YHVH
|j|☆tolstoy
|t:|1659127166
|gametype|singles
|player|p1|LT91BB YHVH|steven|1755
|player|p2|tolstoy|#lax|1757
|teamsize|p1|6
|teamsize|p2|6
|gen|8
|tier|[Gen 8] OU
|rated|
|rule|Sleep Clause Mod: Limit one foe put to sleep
|rule|Species Clause: Limit one of each Pokémon
|rule|OHKO Clause: OHKO moves are banned
|rule|Evasion Moves Clause: Evasion moves are banned
|rule|Endless Battle Clause: Forcing endless battles is banned
|rule|HP Percentage Mod: HP is shown in percentages
|rule|Dynamax Clause: You cannot dynamax
|clearpoke
|poke|p1|Tapu Koko|
|poke|p1|Heatran, M|
|poke|p1|Gastrodon-East, F|
|poke|p1|Clefable, M|
|poke|p1|Skarmory, F|
|poke|p1|Zapdos|
|poke|p2|Urshifu-*, F|
|poke|p2|Weavile, F|
|poke|p2|Dragonite, F|
|poke|p2|Landorus-Therian, M|
|poke|p2|Blacephalon|
|poke|p2|Dragapult, M|
|teampreview
|j| deckline
|inactive|Battle timer is ON: inactive players will automatically lose when time's up. (requested by tolstoy)
|j| CLxMariox
|
|t:|1659127193
|start
|switch|p1a: Clefable|Clefable, M|100/100
|switch|p2a: Landorus|Landorus-Therian, M, shiny|100/100
|-ability|p2a: Landorus|Intimidate|boost
|-unboost|p1a: Clefable|atk|1
|turn|1
|
|t:|1659127199
|move|p2a: Landorus|Knock Off|p1a: Clefable
|-resisted|p1a: Clefable
|-damage|p1a: Clefable|88/100
|-damage|p2a: Landorus|84/100|[from] item: Rocky Helmet|[of] p1a: Clefable
|-enditem|p1a: Clefable|Rocky Helmet|[from] move: Knock Off|[of] p2a: Landorus
|move|p1a: Clefable|Stealth Rock|p2a: Landorus
|-sidestart|p2: tolstoy|move: Stealth Rock
|
|-heal|p2a: Landorus|90/100|[from] item: Leftovers
|upkeep
|turn|2
|
|t:|1659127203
|move|p2a: Landorus|Stealth Rock|p1a: Clefable
|-sidestart|p1: LT91BB YHVH|move: Stealth Rock
|move|p1a: Clefable|Knock Off|p2a: Landorus
|-damage|p2a: Landorus|80/100
|-enditem|p2a: Landorus|Leftovers|[from] move: Knock Off|[of] p1a: Clefable
|
|upkeep
|turn|3
|
|t:|1659127207
|move|p2a: Landorus|Earthquake|p1a: Clefable
|-crit|p1a: Clefable
|-damage|p1a: Clefable|27/100
|move|p1a: Clefable|Soft-Boiled|p1a: Clefable
|-heal|p1a: Clefable|77/100
|
|upkeep
|turn|4
|
|t:|1659127210
|move|p2a: Landorus|Earthquake|p1a: Clefable
|-damage|p1a: Clefable|36/100
|move|p1a: Clefable|Soft-Boiled|p1a: Clefable
|-heal|p1a: Clefable|86/100
|
|upkeep
|turn|5
|
|t:|1659127213
|move|p2a: Landorus|Earthquake|p1a: Clefable
|-damage|p1a: Clefable|46/100
|move|p1a: Clefable|Soft-Boiled|p1a: Clefable
|-heal|p1a: Clefable|96/100
|
|upkeep
|turn|6
|
|t:|1659127215
|move|p2a: Landorus|U-turn|p1a: Clefable
|-resisted|p1a: Clefable
|-damage|p1a: Clefable|88/100
|
|t:|1659127218
|switch|p2a: Blacephalon|Blacephalon|100/100|[from]move: U-turn
|-damage|p2a: Blacephalon|76/100|[from] Stealth Rock
|move|p1a: Clefable|Soft-Boiled|p1a: Clefable
|-heal|p1a: Clefable|100/100
|
|upkeep
|turn|7
|
|t:|1659127221
|switch|p1a: Gastrodon|Gastrodon-East, F|100/100
|-damage|p1a: Gastrodon|94/100|[from] Stealth Rock
|move|p2a: Blacephalon|Shadow Ball|p1a: Gastrodon
|-damage|p1a: Gastrodon|59/100
|
|-heal|p1a: Gastrodon|65/100|[from] item: Leftovers
|upkeep
|turn|8
|
|t:|1659127226
|switch|p2a: Urshifu|Urshifu-Rapid-Strike, F|100/100
|-damage|p2a: Urshifu|94/100|[from] Stealth Rock
|move|p1a: Gastrodon|Recover|p1a: Gastrodon
|-heal|p1a: Gastrodon|100/100
|
|upkeep
|turn|9
|
|t:|1659127231
|switch|p1a: Clefable|Clefable, M|100/100
|move|p2a: Urshifu|Bulk Up|p2a: Urshifu
|-boost|p2a: Urshifu|atk|1
|-boost|p2a: Urshifu|def|1
|
|upkeep
|turn|10
|
|t:|1659127234
|move|p2a: Urshifu|Surging Strikes|p1a: Clefable
|-crit|p1a: Clefable
|-damage|p1a: Clefable|78/100
|-crit|p1a: Clefable
|-damage|p1a: Clefable|55/100
|-crit|p1a: Clefable
|-damage|p1a: Clefable|29/100
|-hitcount|p1a: Clefable|3
|move|p1a: Clefable|Moonblast|p2a: Urshifu
|-supereffective|p2a: Urshifu
|-damage|p2a: Urshifu|0 fnt
|faint|p2a: Urshifu
|
|upkeep
|
|t:|1659127247
|switch|p2a: Dragapult|Dragapult, M|100/100
|-damage|p2a: Dragapult|88/100|[from] Stealth Rock
|turn|11
|
|t:|1659127253
|switch|p1a: Heatran|Heatran, M|100/100
|-damage|p1a: Heatran|88/100|[from] Stealth Rock
|move|p2a: Dragapult|Dragon Dance|p2a: Dragapult
|-boost|p2a: Dragapult|atk|1
|-boost|p2a: Dragapult|spe|1
|
|-heal|p1a: Heatran|94/100|[from] item: Leftovers
|upkeep
|turn|12
|
|t:|1659127255
|move|p2a: Dragapult|Dragon Dance|p2a: Dragapult
|-boost|p2a: Dragapult|atk|1
|-boost|p2a: Dragapult|spe|1
|move|p1a: Heatran|Toxic|p2a: Dragapult
|-status|p2a: Dragapult|tox
|
|-heal|p1a: Heatran|100/100|[from] item: Leftovers
|-damage|p2a: Dragapult|82/100 tox|[from] psn
|upkeep
|turn|13
|
|t:|1659127258
|switch|p1a: Gastrodon|Gastrodon-East, F|100/100
|-damage|p1a: Gastrodon|94/100|[from] Stealth Rock
|move|p2a: Dragapult|Phantom Force||[still]
|-prepare|p2a: Dragapult|Phantom Force
|
|-heal|p1a: Gastrodon|100/100|[from] item: Leftovers
|-damage|p2a: Dragapult|70/100 tox|[from] psn
|upkeep
|turn|14
|
|t:|1659127260
|move|p1a: Gastrodon|Protect|p1a: Gastrodon
|-singleturn|p1a: Gastrodon|Protect
|move|p2a: Dragapult|Phantom Force|p1a: Gastrodon|[from]lockedmove
|-activate|p1a: Gastrodon|move: Phantom Force|[broken]
|-damage|p1a: Gastrodon|2/100
|
|-heal|p1a: Gastrodon|8/100|[from] item: Leftovers
|-damage|p2a: Dragapult|52/100 tox|[from] psn
|upkeep
|turn|15
|c|☆tolstoy|buddy
|
|t:|1659127266
|move|p1a: Gastrodon|Protect|p1a: Gastrodon
|-singleturn|p1a: Gastrodon|Protect
|move|p2a: Dragapult|Phantom Force||[still]
|-prepare|p2a: Dragapult|Phantom Force
|
|-heal|p1a: Gastrodon|15/100|[from] item: Leftovers
|-damage|p2a: Dragapult|28/100 tox|[from] psn
|upkeep
|turn|16
|
|t:|1659127271
|move|p2a: Dragapult|Phantom Force|p1a: Gastrodon|[from]lockedmove
|-damage|p1a: Gastrodon|0 fnt
|faint|p1a: Gastrodon
|
|-damage|p2a: Dragapult|0 fnt|[from] psn
|faint|p2a: Dragapult
|upkeep
|
|t:|1659127280
|switch|p2a: Dragonite|Dragonite, F|100/100
|switch|p1a: Tapu Koko|Tapu Koko|100/100
|-fieldstart|move: Electric Terrain|[from] ability: Electric Surge|[of] p1a: Tapu Koko
|turn|17
|
|t:|1659127282
|switch|p1a: Skarmory|Skarmory, F|100/100
|-damage|p1a: Skarmory|88/100|[from] Stealth Rock
|move|p2a: Dragonite|Dragon Dance|p2a: Dragonite
|-boost|p2a: Dragonite|atk|1
|-boost|p2a: Dragonite|spe|1
|
|upkeep
|turn|18
|
|t:|1659127284
|move|p2a: Dragonite|Fire Punch|p1a: Skarmory
|-supereffective|p1a: Skarmory
|-damage|p1a: Skarmory|39/100
|-damage|p2a: Dragonite|84/100|[from] item: Rocky Helmet|[of] p1a: Skarmory
|move|p1a: Skarmory|Toxic|p2a: Dragonite
|-status|p2a: Dragonite|tox
|
|-damage|p2a: Dragonite|78/100 tox|[from] psn
|upkeep
|turn|19
|
|t:|1659127288
|switch|p1a: Heatran|Heatran, M|100/100
|-damage|p1a: Heatran|88/100|[from] Stealth Rock
|move|p2a: Dragonite|Earthquake|p1a: Heatran
|-supereffective|p1a: Heatran
|-damage|p1a: Heatran|0 fnt
|faint|p1a: Heatran
|
|-damage|p2a: Dragonite|66/100 tox|[from] psn
|upkeep
|
|t:|1659127294
|switch|p1a: Zapdos|Zapdos|100/100
|turn|20
|
|t:|1659127296
|move|p2a: Dragonite|Ice Punch|p1a: Zapdos
|-supereffective|p1a: Zapdos
|-damage|p1a: Zapdos|14/100
|move|p1a: Zapdos|Roost|p1a: Zapdos
|-heal|p1a: Zapdos|64/100
|-singleturn|p1a: Zapdos|move: Roost
|
|-damage|p2a: Dragonite|47/100 tox|[from] psn
|upkeep
|turn|21
|
|t:|1659127304
|switch|p1a: Skarmory|Skarmory, F|39/100
|-damage|p1a: Skarmory|27/100|[from] Stealth Rock
|move|p2a: Dragonite|Ice Punch|p1a: Skarmory
|-damage|p1a: Skarmory|4/100
|-status|p1a: Skarmory|frz
|-damage|p2a: Dragonite|31/100 tox|[from] item: Rocky Helmet|[of] p1a: Skarmory
|
|-damage|p2a: Dragonite|6/100 tox|[from] psn
|-fieldend|move: Electric Terrain
|upkeep
|turn|22
|
|t:|1659127311
|switch|p1a: Clefable|Clefable, M|29/100
|move|p2a: Dragonite|Ice Punch|p1a: Clefable
|-damage|p1a: Clefable|0 fnt
|faint|p1a: Clefable
|
|-damage|p2a: Dragonite|0 fnt|[from] psn
|faint|p2a: Dragonite
|upkeep
|
|t:|1659127317
|switch|p2a: Blacephalon|Blacephalon|76/100
|switch|p1a: Tapu Koko|Tapu Koko|100/100
|-damage|p2a: Blacephalon|51/100|[from] Stealth Rock
|-fieldstart|move: Electric Terrain|[from] ability: Electric Surge|[of] p1a: Tapu Koko
|turn|23
|
|t:|1659127319
|move|p2a: Blacephalon|Overheat|p1a: Tapu Koko|[miss]
|-miss|p2a: Blacephalon|p1a: Tapu Koko
|move|p1a: Tapu Koko|Thunderbolt|p2a: Blacephalon
|-damage|p2a: Blacephalon|0 fnt
|faint|p2a: Blacephalon
|
|upkeep
|
|t:|1659127323
|switch|p2a: Landorus|Landorus-Therian, M, shiny|80/100
|-damage|p2a: Landorus|68/100|[from] Stealth Rock
|-ability|p2a: Landorus|Intimidate|boost
|-unboost|p1a: Tapu Koko|atk|1
|turn|24
|
|t:|1659127331
|switch|p1a: Skarmory|Skarmory, F|4/100 frz
|-damage|p1a: Skarmory|0 fnt|[from] Stealth Rock
|faint|p1a: Skarmory
|switch|p2a: Weavile|Weavile, F|100/100
|-ability|p2a: Weavile|Pressure
|
|upkeep
|
|t:|1659127333
|switch|p1a: Tapu Koko|Tapu Koko|100/100
|turn|25
|
|t:|1659127336
|move|p1a: Tapu Koko|Dazzling Gleam|p2a: Weavile
|-supereffective|p2a: Weavile
|-crit|p2a: Weavile
|-damage|p2a: Weavile|0 fnt
|faint|p2a: Weavile
|
|upkeep
|c|☆tolstoy|oh hell no
|c|☆tolstoy|lmao
|
|t:|1659127347
|switch|p2a: Landorus|Landorus-Therian, M, shiny|68/100
|-damage|p2a: Landorus|55/100|[from] Stealth Rock
|-ability|p2a: Landorus|Intimidate|boost
|-unboost|p1a: Tapu Koko|atk|1
|turn|26
|
|t:|1659127351
|switch|p1a: Zapdos|Zapdos|64/100
|move|p2a: Landorus|Earthquake|p1a: Zapdos
|-immune|p1a: Zapdos
|
|upkeep
|turn|27
|
|t:|1659127353
|move|p1a: Zapdos|Substitute|p1a: Zapdos
|-start|p1a: Zapdos|Substitute
|-damage|p1a: Zapdos|39/100
|move|p2a: Landorus|Knock Off|p1a: Zapdos
|-end|p1a: Zapdos|Substitute
|
|-fieldend|move: Electric Terrain
|upkeep
|turn|28
|
|t:|1659127356
|move|p1a: Zapdos|Hurricane|p2a: Landorus|[miss]
|-miss|p1a: Zapdos|p2a: Landorus
|move|p2a: Landorus|Knock Off|p1a: Zapdos
|-damage|p1a: Zapdos|8/100
|-enditem|p1a: Zapdos|Heavy-Duty Boots|[from] move: Knock Off|[of] p2a: Landorus
|
|upkeep
|turn|29
|
|t:|1659127359
|move|p1a: Zapdos|Hurricane|p2a: Landorus|[miss]
|-miss|p1a: Zapdos|p2a: Landorus
|move|p2a: Landorus|Knock Off|p1a: Zapdos
|-damage|p1a: Zapdos|0 fnt
|faint|p1a: Zapdos
|
|upkeep
|
|t:|1659127363
|switch|p1a: Tapu Koko|Tapu Koko|100/100
|-fieldstart|move: Electric Terrain|[from] ability: Electric Surge|[of] p1a: Tapu Koko
|turn|30
|
|t:|1659127365
|move|p1a: Tapu Koko|Dazzling Gleam|p2a: Landorus
|-damage|p2a: Landorus|30/100
|move|p2a: Landorus|Earthquake|p1a: Tapu Koko
|-supereffective|p1a: Tapu Koko
|-damage|p1a: Tapu Koko|0 fnt
|faint|p1a: Tapu Koko
|
|win|tolstoy
|raw|LT91BB YHVH's rating: 1755 &rarr; <strong>1735</strong><br />(-20 for losing)
|raw|tolstoy's rating: 1757 &rarr; <strong>1777</strong><br />(+20 for winning)
|l|☆LT91BB YHVH
|l| deckline
