|j|☆NoHattChallenge
|j|☆Gotham Paladin
|t:|1663448066
|gametype|singles
|player|p1|NoHattChallenge|bede|1752
|player|p2|Gotham Paladin|oak-gen1rb|1758
|teamsize|p1|6
|teamsize|p2|6
|gen|8
|tier|[Gen 8] OU
|rated|
|rule|Sleep Clause Mod: Limit one foe put to sleep
|rule|Species Clause: Limit one of each Pokémon
|rule|OHKO Clause: OHKO moves are banned
|rule|Evasion Items Clause: Evasion items are banned
|rule|Evasion Moves Clause: Evasion moves are banned
|rule|Endless Battle Clause: Forcing endless battles is banned
|rule|HP Percentage Mod: HP is shown in percentages
|rule|Dynamax Clause: You cannot dynamax
|clearpoke
|poke|p1|Hatterene, F|
|poke|p1|Melmetal|
|poke|p1|Porygon2|
|poke|p1|Marowak-Alola, M|
|poke|p1|Slowbro, M|
|poke|p1|Crawdaunt, F|
|poke|p2|Hippowdon, M|
|poke|p2|Dracozolt|
|poke|p2|Ferrothorn, F|
|poke|p2|Zapdos|
|poke|p2|Heatran, F|
|poke|p2|Buzzwole|
|teampreview
|j| 0SiegeWarfare
|j| Kyurem
|inactive|Battle timer is ON: inactive players will automatically lose when time's up. (requested by NoHattChallenge)
|
|t:|1663448082
|start
|switch|p1a: Slowbro|Slowbro, M|100/100
|switch|p2a: Kirk Langstrom|Zapdos|100/100
|turn|1
|
|t:|1663448087
|switch|p1a: Marowak|Marowak-Alola, M|100/100
|move|p2a: Kirk Langstrom|Discharge|p1a: Marowak
|-ability|p1a: Marowak|Lightning Rod|boost
|-boost|p1a: Marowak|spa|1
|
|upkeep
|turn|2
|j| pelotonian
|
|t:|1663448100
|switch|p2a: Bane|Buzzwole|100/100
|move|p1a: Marowak|Poltergeist|p2a: Bane
|-activate|p2a: Bane|move: Poltergeist|Rocky Helmet
|-damage|p2a: Bane|54/100
|
|upkeep
|turn|3
|
|t:|1663448107
|switch|p2a: Kirk Langstrom|Zapdos|100/100
|switch|p1a: Slowbro|Slowbro, M|100/100
|
|upkeep
|turn|4
|
|t:|1663448109
|switch|p1a: Porygon2|Porygon2|100/100
|-ability|p1a: Porygon2|Static|[from] ability: Trace|[of] p2a: Kirk Langstrom
|move|p2a: Kirk Langstrom|Hurricane|p1a: Porygon2
|-damage|p1a: Porygon2|75/100
|
|upkeep
|turn|5
|
|t:|1663448119
|switch|p2a: Waylon Jones|Hippowdon, M|100/100
|-weather|Sandstorm|[from] ability: Sand Stream|[of] p2a: Waylon Jones
|move|p1a: Porygon2|Trick Room|p1a: Porygon2
|-fieldstart|move: Trick Room|[of] p1a: Porygon2
|
|-weather|Sandstorm|[upkeep]
|-damage|p1a: Porygon2|69/100|[from] Sandstorm
|upkeep
|turn|6
|
|t:|1663448122
|switch|p1a: Hatterene|Hatterene, F|100/100
|move|p2a: Waylon Jones|Stealth Rock|p1a: Hatterene
|move|p1a: Hatterene|Stealth Rock|p2a: Waylon Jones|[from]ability: Magic Bounce
|-sidestart|p2: Gotham Paladin|move: Stealth Rock
|
|-weather|Sandstorm|[upkeep]
|-damage|p1a: Hatterene|95/100|[from] Sandstorm
|upkeep
|turn|7
|
|t:|1663448125
|switch|p1a: Crawdaunt|Crawdaunt, F|100/100
|move|p2a: Waylon Jones|Earthquake|p1a: Crawdaunt
|-damage|p1a: Crawdaunt|53/100
|
|-weather|Sandstorm|[upkeep]
|-damage|p1a: Crawdaunt|47/100|[from] Sandstorm
|upkeep
|turn|8
|
|t:|1663448128
|switch|p2a: Pamela Isley|Ferrothorn, F|100/100
|-damage|p2a: Pamela Isley|94/100|[from] Stealth Rock
|move|p1a: Crawdaunt|Crabhammer|p2a: Pamela Isley
|-resisted|p2a: Pamela Isley
|-crit|p2a: Pamela Isley
|-damage|p2a: Pamela Isley|47/100
|-damage|p1a: Crawdaunt|34/100|[from] ability: Iron Barbs|[of] p2a: Pamela Isley
|-damage|p1a: Crawdaunt|25/100|[from] item: Life Orb
|
|-weather|Sandstorm|[upkeep]
|-damage|p1a: Crawdaunt|18/100|[from] Sandstorm
|upkeep
|turn|9
|
|t:|1663448132
|switch|p1a: Hatterene|Hatterene, F|95/100
|move|p2a: Pamela Isley|Spikes|p1a: Hatterene
|move|p1a: Hatterene|Spikes|p2a: Pamela Isley|[from]ability: Magic Bounce
|-sidestart|p2: Gotham Paladin|Spikes
|
|-weather|none
|-fieldend|move: Trick Room
|upkeep
|turn|10
|
|t:|1663448138
|switch|p2a: Kirk Langstrom|Zapdos|100/100
|move|p1a: Hatterene|Healing Wish|p1a: Hatterene
|faint|p1a: Hatterene
|
|upkeep
|
|t:|1663448147
|switch|p1a: Marowak|Marowak-Alola, M|100/100
|turn|11
|
|t:|1663448157
|move|p2a: Kirk Langstrom|Defog|p1a: Marowak
|-unboost|p1a: Marowak|evasion|1
|-sideend|p2: Gotham Paladin|Spikes|[from] move: Defog|[of] p2a: Kirk Langstrom
|-sideend|p2: Gotham Paladin|Stealth Rock|[from] move: Defog|[of] p2a: Kirk Langstrom
|move|p1a: Marowak|Poltergeist|p2a: Kirk Langstrom
|-activate|p2a: Kirk Langstrom|move: Poltergeist|Heavy-Duty Boots
|-damage|p2a: Kirk Langstrom|0 fnt
|faint|p2a: Kirk Langstrom
|
|upkeep
|
|t:|1663448165
|switch|p2a: Bane|Buzzwole|54/100
|turn|12
|
|t:|1663448169
|switch|p2a: Lester Buchinsky|Dracozolt|100/100
|switch|p1a: Slowbro|Slowbro, M|100/100
|
|upkeep
|turn|13
|
|t:|1663448174
|move|p2a: Lester Buchinsky|Earthquake|p1a: Slowbro
|-damage|p1a: Slowbro|83/100
|move|p1a: Slowbro|Trick Room|p1a: Slowbro
|-fieldstart|move: Trick Room|[of] p1a: Slowbro
|
|upkeep
|turn|14
|
|t:|1663448179
|switch|p1a: Marowak|Marowak-Alola, M|100/100
|move|p2a: Lester Buchinsky|Bolt Beak|p1a: Marowak
|-ability|p1a: Marowak|Lightning Rod|boost
|-boost|p1a: Marowak|spa|1
|
|upkeep
|turn|15
|
|t:|1663448183
|switch|p2a: Bane|Buzzwole|54/100
|move|p1a: Marowak|Poltergeist|p2a: Bane
|-activate|p2a: Bane|move: Poltergeist|Rocky Helmet
|-damage|p2a: Bane|7/100
|
|upkeep
|turn|16
|
|t:|1663448188
|switch|p2a: Garfield Lynns|Heatran, F|100/100
|-item|p2a: Garfield Lynns|Air Balloon
|move|p1a: Marowak|Shadow Bone|p2a: Garfield Lynns
|-damage|p2a: Garfield Lynns|24/100
|-enditem|p2a: Garfield Lynns|Air Balloon
|
|upkeep
|turn|17
|
|t:|1663448193
|move|p1a: Marowak|Shadow Bone|p2a: Garfield Lynns
|-damage|p2a: Garfield Lynns|0 fnt
|faint|p2a: Garfield Lynns
|
|-fieldend|move: Trick Room
|upkeep
|-message|Gotham Paladin forfeited.
|
|win|NoHattChallenge
|raw|NoHattChallenge's rating: 1752 &rarr; <strong>1772</strong><br />(+20 for winning)
|raw|Gotham Paladin's rating: 1758 &rarr; <strong>1738</strong><br />(-20 for losing)
|l|☆Gotham Paladin
