|j|☆minimax_ai
|j|☆pccibb
|t:|1661563352
|gametype|singles
|player|p1|minimax_ai|lusamine-nihilego|1442
|player|p2|pccibb|giovanni|1522
|teamsize|p1|6
|teamsize|p2|6
|gen|8
|tier|[Gen 8] OU
|rated|
|rule|Sleep Clause Mod: Limit one foe put to sleep
|rule|Species Clause: Limit one of each Pokémon
|rule|OHKO Clause: OHKO moves are banned
|rule|Evasion Items Clause: Evasion items are banned
|rule|Evasion Moves Clause: Evasion moves are banned
|rule|Endless Battle Clause: Forcing endless battles is banned
|rule|HP Percentage Mod: HP is shown in percentages
|rule|Dynamax Clause: You cannot dynamax
|clearpoke
|poke|p1|Rotom-Wash|
|poke|p1|Weavile, F|
|poke|p1|Landorus-Therian, M|
|poke|p1|Heatran, M|
|poke|p1|Tangrowth, M|
|poke|p1|Melmetal|
|poke|p2|Hatterene, F|
|poke|p2|Marowak-Alola, F|
|poke|p2|Melmetal|
|poke|p2|Crawdaunt, F|
|poke|p2|Porygon2|
|poke|p2|Cresselia, F|
|teampreview
|inactive|Battle timer is ON: inactive players will automatically lose when time's up. (requested by pccibb)
|c|☆minimax_ai|hf
|inactive|minimax_ai also wants the timer to be on.
|
|t:|1661563357
|start
|switch|p1a: landorustherian|Landorus-Therian, M|100/100
|switch|p2a: Hatterene|Hatterene, F|100/100
|-ability|p1a: landorustherian|Intimidate|boost
|-unboost|p2a: Hatterene|atk|1
|turn|1
|
|t:|1661563360
|move|p1a: landorustherian|U-turn|p2a: Hatterene
|-damage|p2a: Hatterene|75/100
|
|t:|1661563361
|switch|p1a: Heatran|Heatran, M|100/100|[from]move: U-turn
|-item|p1a: Heatran|Air Balloon
|move|p2a: Hatterene|Trick Room|p2a: Hatterene
|-fieldstart|move: Trick Room|[of] p2a: Hatterene
|
|upkeep
|turn|2
|
|t:|1661563367
|move|p2a: Hatterene|Misty Explosion|p1a: Heatran
|-resisted|p1a: Heatran
|-damage|p1a: Heatran|85/100
|-enditem|p1a: Heatran|Air Balloon
|faint|p2a: Hatterene
|move|p1a: Heatran|Eruption|p2: Hatterene|[notarget]
|-fail|p1a: Heatran
|
|upkeep
|
|t:|1661563377
|switch|p2a: Crawdaunt|Crawdaunt, F|100/100
|turn|3
|
|t:|1661563385
|switch|p1a: Tangrowth|Tangrowth, M|100/100
|move|p2a: Crawdaunt|Knock Off|p1a: Tangrowth
|-damage|p1a: Tangrowth|49/100
|-damage|p2a: Crawdaunt|84/100|[from] item: Rocky Helmet|[of] p1a: Tangrowth
|-enditem|p1a: Tangrowth|Rocky Helmet|[from] move: Knock Off|[of] p2a: Crawdaunt
|
|upkeep
|turn|4
|
|t:|1661563387
|move|p2a: Crawdaunt|Knock Off|p1a: Tangrowth
|-damage|p1a: Tangrowth|13/100
|move|p1a: Tangrowth|Giga Drain|p2a: Crawdaunt
|-supereffective|p2a: Crawdaunt
|-damage|p2a: Crawdaunt|0 fnt
|-heal|p1a: Tangrowth|48/100|[from] drain|[of] p2a: Crawdaunt
|faint|p2a: Crawdaunt
|
|upkeep
|
|t:|1661563393
|switch|p2a: Marowak|Marowak-Alola, F|100/100
|turn|5
|
|t:|1661563397
|move|p2a: Marowak|Poltergeist||[still]
|-fail|p2a: Marowak
|move|p1a: Tangrowth|Knock Off|p2a: Marowak
|-supereffective|p2a: Marowak
|-damage|p2a: Marowak|57/100
|-enditem|p2a: Marowak|Thick Club|[from] move: Knock Off|[of] p1a: Tangrowth
|
|-fieldend|move: Trick Room
|upkeep
|turn|6
|-message|pccibb forfeited.
|
|win|minimax_ai
|raw|minimax_ai's rating: 1442 &rarr; <strong>1467</strong><br />(+25 for winning)
|raw|pccibb's rating: 1522 &rarr; <strong>1497</strong><br />(-25 for losing)
|c|☆minimax_ai|gg
|l|☆pccibb
