|raw|<div class="broadcast-blue"><strong>This battle is required to be public due to a player having a name starting with 'btlt200'.</div>
|j|☆BTLT200$ FILO
|j|☆Srn
|t:|1668035364
|gametype|singles
|player|p1|BTLT200$ FILO|emma|1588
|player|p2|Srn|doctor-gen8|1586
|teamsize|p1|6
|teamsize|p2|6
|gen|8
|tier|[Gen 8] OU
|rated|
|rule|Sleep Clause Mod: Limit one foe put to sleep
|rule|Species Clause: Limit one of each Pokémon
|rule|OHKO Clause: OHKO moves are banned
|rule|Evasion Items Clause: Evasion items are banned
|rule|Evasion Moves Clause: Evasion moves are banned
|rule|Endless Battle Clause: Forcing endless battles is banned
|rule|HP Percentage Mod: HP is shown in percentages
|rule|Dynamax Clause: You cannot dynamax
|clearpoke
|poke|p1|Ferrothorn, F|
|poke|p1|Tapu Koko|
|poke|p1|Slowking-Galar, M|
|poke|p1|Dragonite, F|
|poke|p1|Clefable, M|
|poke|p1|Landorus-Therian, M|
|poke|p2|Slowking-Galar, M|
|poke|p2|Tornadus-Therian, M|
|poke|p2|Garchomp, M|
|poke|p2|Tapu Lele|
|poke|p2|Urshifu-*, F|
|poke|p2|Rotom-Wash|
|teampreview
|
|t:|1668035408
|start
|switch|p1a: Clefable|Clefable, M|100/100
|switch|p2a: Garchomp|Garchomp, M|100/100
|turn|1
|
|t:|1668035416
|switch|p2a: Magneto|Slowking-Galar, M, shiny|100/100
|move|p1a: Clefable|Moonblast|p2a: Magneto
|-resisted|p2a: Magneto
|-damage|p2a: Magneto|87/100
|
|upkeep
|turn|2
|
|t:|1668035425
|move|p1a: Clefable|Stealth Rock|p2a: Magneto
|-sidestart|p2: Srn|move: Stealth Rock
|move|p2a: Magneto|Sludge Bomb|p1a: Clefable
|-supereffective|p1a: Clefable
|-damage|p1a: Clefable|36/100
|-status|p1a: Clefable|psn
|
|upkeep
|turn|3
|
|t:|1668035439
|switch|p1a: Slowking|Slowking-Galar, M|100/100
|switch|p2a: Rotom|Rotom-Wash|100/100
|-damage|p2a: Rotom|88/100|[from] Stealth Rock
|
|-heal|p2a: Rotom|94/100|[from] item: Leftovers
|upkeep
|turn|4
|
|t:|1668035447
|move|p2a: Rotom|Volt Switch|p1a: Slowking
|-damage|p1a: Slowking|79/100
|
|t:|1668035449
|switch|p2a: Garchomp|Garchomp, M|100/100|[from]move: Volt Switch
|-damage|p2a: Garchomp|94/100|[from] Stealth Rock
|move|p1a: Slowking|Trick|p2a: Garchomp
|-activate|p1a: Slowking|move: Trick|[of] p2a: Garchomp
|-item|p2a: Garchomp|Black Sludge|[from] move: Trick
|-item|p1a: Slowking|Leftovers|[from] move: Trick
|
|-damage|p2a: Garchomp|82/100|[from] item: Black Sludge
|-heal|p1a: Slowking|85/100|[from] item: Leftovers
|upkeep
|turn|5
|
|t:|1668035455
|switch|p1a: Clefable|Clefable, M|36/100 psn
|move|p2a: Garchomp|Stealth Rock|p1a: Clefable
|-sidestart|p1: BTLT200$ FILO|move: Stealth Rock
|
|-damage|p2a: Garchomp|69/100|[from] item: Black Sludge
|upkeep
|turn|6
|
|t:|1668035458
|move|p2a: Garchomp|Earthquake|p1a: Clefable
|-damage|p1a: Clefable|1/100 psn
|move|p1a: Clefable|Soft-Boiled|p1a: Clefable
|-heal|p1a: Clefable|51/100 psn
|
|-damage|p2a: Garchomp|57/100|[from] item: Black Sludge
|upkeep
|turn|7
|
|t:|1668035462
|switch|p2a: Tapu Lele|Tapu Lele|100/100
|-damage|p2a: Tapu Lele|88/100|[from] Stealth Rock
|-fieldstart|move: Psychic Terrain|[from] ability: Psychic Surge|[of] p2a: Tapu Lele
|move|p1a: Clefable|Soft-Boiled|p1a: Clefable
|-heal|p1a: Clefable|100/100 psn
|
|upkeep
|turn|8
|
|t:|1668035471
|switch|p1a: Slowking|Slowking-Galar, M|100/100
|-damage|p1a: Slowking|88/100|[from] Stealth Rock
|move|p2a: Tapu Lele|Psyshock|p1a: Slowking
|-damage|p1a: Slowking|21/100
|
|-heal|p1a: Slowking|28/100|[from] item: Leftovers
|upkeep
|turn|9
|
|t:|1668035474
|switch|p1a: Ferrothorn|Ferrothorn, F|100/100
|-damage|p1a: Ferrothorn|95/100|[from] Stealth Rock
|move|p2a: Tapu Lele|Psyshock|p1a: Ferrothorn
|-resisted|p1a: Ferrothorn
|-damage|p1a: Ferrothorn|69/100
|
|-heal|p1a: Ferrothorn|75/100|[from] item: Leftovers
|upkeep
|turn|10
|
|t:|1668035488
|switch|p2a: Tornadus|Tornadus-Therian, M|100/100
|-damage|p2a: Tornadus|76/100|[from] Stealth Rock
|move|p1a: Ferrothorn|Leech Seed|p2a: Tornadus
|-start|p2a: Tornadus|move: Leech Seed
|
|-heal|p1a: Ferrothorn|81/100|[from] item: Leftovers
|-damage|p2a: Tornadus|63/100|[from] Leech Seed|[of] p1a: Ferrothorn
|-heal|p1a: Ferrothorn|94/100|[silent]
|upkeep
|turn|11
|
|t:|1668035493
|switch|p1a: Clefable|Clefable, M|100/100 psn
|move|p2a: Tornadus|Knock Off|p1a: Clefable
|-resisted|p1a: Clefable
|-damage|p1a: Clefable|93/100 psn
|-damage|p2a: Tornadus|46/100|[from] item: Rocky Helmet|[of] p1a: Clefable
|-enditem|p1a: Clefable|Rocky Helmet|[from] move: Knock Off|[of] p2a: Tornadus
|
|-damage|p2a: Tornadus|34/100|[from] Leech Seed|[of] p1a: Clefable
|-heal|p1a: Clefable|100/100 psn|[silent]
|-fieldend|move: Psychic Terrain
|upkeep
|turn|12
|
|t:|1668035500
|move|p2a: Tornadus|U-turn|p1a: Clefable
|-resisted|p1a: Clefable
|-damage|p1a: Clefable|95/100 psn
|
|t:|1668035502
|switch|p2a: Magneto|Slowking-Galar, M, shiny|100/100|[from]move: U-turn
|-damage|p2a: Magneto|88/100|[from] Stealth Rock
|move|p1a: Clefable|Flamethrower|p2a: Magneto
|-damage|p2a: Magneto|71/100
|
|upkeep
|turn|13
|
|t:|1668035518
|switch|p1a: Slowking|Slowking-Galar, M|61/100
|-damage|p1a: Slowking|48/100|[from] Stealth Rock
|switch|p2a: Urshifu|Urshifu-Rapid-Strike, F|100/100
|-damage|p2a: Urshifu|94/100|[from] Stealth Rock
|
|-heal|p1a: Slowking|55/100|[from] item: Leftovers
|upkeep
|turn|14
|
|t:|1668035531
|switch|p1a: Ferrothorn|Ferrothorn, F|94/100
|-damage|p1a: Ferrothorn|88/100|[from] Stealth Rock
|move|p2a: Urshifu|U-turn|p1a: Ferrothorn
|-damage|p1a: Ferrothorn|73/100
|-damage|p2a: Urshifu|82/100|[from] ability: Iron Barbs|[of] p1a: Ferrothorn
|
|t:|1668035544
|switch|p2a: Tornadus|Tornadus-Therian, M|67/100|[from]move: U-turn
|-damage|p2a: Tornadus|42/100|[from] Stealth Rock
|
|-heal|p1a: Ferrothorn|79/100|[from] item: Leftovers
|upkeep
|turn|15
|
|t:|1668035550
|switch|p1a: Clefable|Clefable, M|95/100 psn
|move|p2a: Tornadus|Knock Off|p1a: Clefable
|-resisted|p1a: Clefable
|-damage|p1a: Clefable|90/100 psn
|
|upkeep
|turn|16
|
|t:|1668035559
|move|p2a: Tornadus|U-turn|p1a: Clefable
|-resisted|p1a: Clefable
|-damage|p1a: Clefable|85/100 psn
|
|t:|1668035562
|switch|p2a: Magneto|Slowking-Galar, M, shiny|100/100|[from]move: U-turn
|-damage|p2a: Magneto|88/100|[from] Stealth Rock
|move|p1a: Clefable|Flamethrower|p2a: Magneto
|-damage|p2a: Magneto|71/100
|
|upkeep
|turn|17
|
|t:|1668035568
|switch|p1a: Slowking|Slowking-Galar, M|88/100
|-damage|p1a: Slowking|76/100|[from] Stealth Rock
|move|p2a: Magneto|Psyshock|p1a: Slowking
|-damage|p1a: Slowking|54/100
|
|-heal|p1a: Slowking|61/100|[from] item: Leftovers
|upkeep
|turn|18
|
|t:|1668035576
|move|p1a: Slowking|Psyshock|p2a: Magneto
|-damage|p2a: Magneto|48/100
|move|p2a: Magneto|Nasty Plot|p2a: Magneto
|-boost|p2a: Magneto|spa|2
|
|-heal|p1a: Slowking|67/100|[from] item: Leftovers
|upkeep
|turn|19
|
|t:|1668035581
|move|p2a: Magneto|Psyshock|p1a: Slowking
|-damage|p1a: Slowking|22/100
|move|p1a: Slowking|Nasty Plot|p1a: Slowking
|-boost|p1a: Slowking|spa|2
|
|-heal|p1a: Slowking|29/100|[from] item: Leftovers
|upkeep
|turn|20
|
|t:|1668035598
|switch|p1a: Ferrothorn|Ferrothorn, F|79/100
|-damage|p1a: Ferrothorn|73/100|[from] Stealth Rock
|move|p2a: Magneto|Psyshock|p1a: Ferrothorn
|-resisted|p1a: Ferrothorn
|-damage|p1a: Ferrothorn|55/100
|
|-heal|p1a: Ferrothorn|61/100|[from] item: Leftovers
|upkeep
|turn|21
|
|t:|1668035605
|move|p2a: Magneto|Focus Blast|p1a: Ferrothorn
|-supereffective|p1a: Ferrothorn
|-damage|p1a: Ferrothorn|0 fnt
|faint|p1a: Ferrothorn
|
|upkeep
|
|t:|1668035611
|switch|p1a: Landorus|Landorus-Therian, M|100/100
|-damage|p1a: Landorus|88/100|[from] Stealth Rock
|-ability|p1a: Landorus|Intimidate|boost
|-unboost|p2a: Magneto|atk|1
|turn|22
|
|t:|1668035618
|switch|p2a: Tornadus|Tornadus-Therian, M|76/100
|-damage|p2a: Tornadus|51/100|[from] Stealth Rock
|move|p1a: Landorus|Earthquake|p2a: Tornadus
|-immune|p2a: Tornadus
|
|-heal|p1a: Landorus|94/100|[from] item: Leftovers
|upkeep
|turn|23
|
|t:|1668035625
|move|p2a: Tornadus|Knock Off|p1a: Landorus
|-damage|p1a: Landorus|73/100
|-enditem|p1a: Landorus|Leftovers|[from] move: Knock Off|[of] p2a: Tornadus
|move|p1a: Landorus|Stone Edge|p2a: Tornadus
|-supereffective|p2a: Tornadus
|-damage|p2a: Tornadus|0 fnt
|faint|p2a: Tornadus
|
|upkeep
|
|t:|1668035663
|switch|p2a: Tapu Lele|Tapu Lele|88/100
|-damage|p2a: Tapu Lele|76/100|[from] Stealth Rock
|-fieldstart|move: Psychic Terrain|[from] ability: Psychic Surge|[of] p2a: Tapu Lele
|turn|24
|
|t:|1668035676
|switch|p1a: Slowking|Slowking-Galar, M|62/100
|-damage|p1a: Slowking|50/100|[from] Stealth Rock
|move|p2a: Tapu Lele|Psychic|p1a: Slowking
|-damage|p1a: Slowking|0 fnt
|faint|p1a: Slowking
|
|upkeep
|
|t:|1668035680
|switch|p1a: Dragonite|Dragonite, F|100/100
|turn|25
|
|t:|1668035697
|switch|p1a: Landorus|Landorus-Therian, M|73/100
|-damage|p1a: Landorus|61/100|[from] Stealth Rock
|-ability|p1a: Landorus|Intimidate|boost
|-unboost|p2a: Tapu Lele|atk|1
|move|p2a: Tapu Lele|Psychic|p1a: Landorus
|-damage|p1a: Landorus|0 fnt
|faint|p1a: Landorus
|
|upkeep
|
|t:|1668035701
|switch|p1a: Dragonite|Dragonite, F|100/100
|turn|26
|
|t:|1668035705
|move|p2a: Tapu Lele|Psychic|p1a: Dragonite
|-damage|p1a: Dragonite|69/100
|move|p1a: Dragonite|Dragon Dance|p1a: Dragonite
|-boost|p1a: Dragonite|atk|1
|-boost|p1a: Dragonite|spe|1
|
|upkeep
|turn|27
|
|t:|1668035712
|move|p1a: Dragonite|Dragon Dance|p1a: Dragonite
|-boost|p1a: Dragonite|atk|1
|-boost|p1a: Dragonite|spe|1
|move|p2a: Tapu Lele|Psychic|p1a: Dragonite
|-damage|p1a: Dragonite|5/100
|
|upkeep
|turn|28
|
|t:|1668035717
|move|p1a: Dragonite|Earthquake|p2a: Tapu Lele
|-damage|p2a: Tapu Lele|0 fnt
|faint|p2a: Tapu Lele
|
|-fieldend|move: Psychic Terrain
|upkeep
|
|t:|1668035723
|switch|p2a: Urshifu|Urshifu-Rapid-Strike, F|82/100
|-damage|p2a: Urshifu|76/100|[from] Stealth Rock
|turn|29
|
|t:|1668035726
|move|p2a: Urshifu|Aqua Jet|p1a: Dragonite
|-resisted|p1a: Dragonite
|-damage|p1a: Dragonite|0 fnt
|faint|p1a: Dragonite
|
|upkeep
|
|t:|1668035727
|switch|p1a: Tapu Koko|Tapu Koko|100/100
|-fieldstart|move: Electric Terrain|[from] ability: Electric Surge|[of] p1a: Tapu Koko
|turn|30
|
|t:|1668035732
|switch|p2a: Rotom|Rotom-Wash|94/100
|-damage|p2a: Rotom|82/100|[from] Stealth Rock
|move|p1a: Tapu Koko|Calm Mind|p1a: Tapu Koko
|-boost|p1a: Tapu Koko|spa|1
|-boost|p1a: Tapu Koko|spd|1
|
|-heal|p2a: Rotom|88/100|[from] item: Leftovers
|upkeep
|turn|31
|
|t:|1668035738
|move|p1a: Tapu Koko|Calm Mind|p1a: Tapu Koko
|-boost|p1a: Tapu Koko|spa|1
|-boost|p1a: Tapu Koko|spd|1
|move|p2a: Rotom|Will-O-Wisp|p1a: Tapu Koko
|-status|p1a: Tapu Koko|brn
|
|-heal|p2a: Rotom|94/100|[from] item: Leftovers
|-damage|p1a: Tapu Koko|94/100 brn|[from] brn
|upkeep
|turn|32
|
|t:|1668035744
|move|p1a: Tapu Koko|Thunderbolt|p2a: Rotom
|-damage|p2a: Rotom|0 fnt
|faint|p2a: Rotom
|
|-damage|p1a: Tapu Koko|88/100 brn|[from] brn
|upkeep
|
|t:|1668035765
|switch|p2a: Garchomp|Garchomp, M|57/100
|-damage|p2a: Garchomp|51/100|[from] Stealth Rock
|turn|33
|
|t:|1668035777
|move|p2a: Garchomp|Protect|p2a: Garchomp
|-singleturn|p2a: Garchomp|Protect
|move|p1a: Tapu Koko|Dazzling Gleam|p2a: Garchomp
|-activate|p2a: Garchomp|move: Protect
|
|-damage|p2a: Garchomp|38/100|[from] item: Black Sludge
|-damage|p1a: Tapu Koko|82/100 brn|[from] brn
|upkeep
|turn|34
|
|t:|1668035781
|move|p1a: Tapu Koko|Dazzling Gleam|p2a: Garchomp
|-supereffective|p2a: Garchomp
|-damage|p2a: Garchomp|0 fnt
|faint|p2a: Garchomp
|
|-damage|p1a: Tapu Koko|76/100 brn|[from] brn
|-fieldend|move: Electric Terrain
|upkeep
|
|t:|1668035787
|switch|p2a: Urshifu|Urshifu-Rapid-Strike, F|76/100
|-damage|p2a: Urshifu|70/100|[from] Stealth Rock
|turn|35
|
|t:|1668035789
|move|p2a: Urshifu|Surging Strikes|p1a: Tapu Koko
|-crit|p1a: Tapu Koko
|-damage|p1a: Tapu Koko|49/100 brn
|-crit|p1a: Tapu Koko
|-damage|p1a: Tapu Koko|21/100 brn
|-crit|p1a: Tapu Koko
|-damage|p1a: Tapu Koko|0 fnt
|faint|p1a: Tapu Koko
|-hitcount|p1: Tapu Koko|3
|
|upkeep
|
|t:|1668035791
|switch|p1a: Clefable|Clefable, M|85/100 psn
|turn|36
|-message|BTLT200$ FILO forfeited.
|
|win|Srn
|raw|BTLT200$ FILO's rating: 1588 &rarr; <strong>1568</strong><br />(-20 for losing)
|raw|Srn's rating: 1586 &rarr; <strong>1606</strong><br />(+20 for winning)
|l|☆BTLT200$ FILO
||Ladder isn't responding, score probably updated but might not have (Request timeout).
