|j|☆LT91BB Zena'
|j|☆cump2
|t:|1659394201
|gametype|singles
|player|p1|LT91BB Zena'|cyrus-masters|1612
|player|p2|cump2|doctor|1622
|teamsize|p1|6
|teamsize|p2|6
|gen|8
|tier|[Gen 8] OU
|rated|
|rule|Sleep Clause Mod: Limit one foe put to sleep
|rule|Species Clause: Limit one of each Pokémon
|rule|OHKO Clause: OHKO moves are banned
|rule|Evasion Moves Clause: Evasion moves are banned
|rule|Endless Battle Clause: Forcing endless battles is banned
|rule|HP Percentage Mod: HP is shown in percentages
|rule|Dynamax Clause: You cannot dynamax
|clearpoke
|poke|p1|Vanilluxe, M|
|poke|p1|Magnezone|
|poke|p1|Tapu Lele|
|poke|p1|Dragonite, M|
|poke|p1|Heatran, M|
|poke|p1|Landorus-Therian, M|
|poke|p2|Mew|
|poke|p2|Bisharp, M|
|poke|p2|Toxtricity, F|
|poke|p2|Blaziken, M|
|poke|p2|Garchomp, F|
|poke|p2|Dragapult, F|
|teampreview
|j| Boulicrok
|j| Mizuse
|j| LT91BB Poeh
|c|☆cump2|hf
|j| Louna
|
|t:|1659394218
|start
|switch|p1a: Vanilluxe|Vanilluxe, M, shiny|100/100
|switch|p2a: Mew|Mew, shiny|100/100
|-weather|Hail|[from] ability: Snow Warning|[of] p1a: Vanilluxe
|turn|1
|
|t:|1659394221
|move|p1a: Vanilluxe|Blizzard|p2a: Mew
|-damage|p2a: Mew|57/100
|move|p2a: Mew|Stealth Rock|p1a: Vanilluxe
|-sidestart|p1: LT91BB Zena'|move: Stealth Rock
|
|-weather|Hail|[upkeep]
|-damage|p2a: Mew|50/100|[from] Hail
|upkeep
|turn|2
|
|t:|1659394228
|move|p1a: Vanilluxe|Blizzard|p2a: Mew
|-damage|p2a: Mew|5/100
|move|p2a: Mew|Thunder Wave|p1a: Vanilluxe|[miss]
|-miss|p2a: Mew|p1a: Vanilluxe
|
|-weather|Hail|[upkeep]
|-damage|p2a: Mew|0 fnt|[from] Hail
|faint|p2a: Mew
|upkeep
|
|t:|1659394235
|switch|p2a: Bisharp|Bisharp, M, shiny|100/100
|turn|3
|
|t:|1659394244
|switch|p1a: Heatran|Heatran, M, shiny|100/100
|-damage|p1a: Heatran|88/100|[from] Stealth Rock
|-item|p1a: Heatran|Air Balloon
|move|p2a: Bisharp|Swords Dance|p2a: Bisharp
|-boost|p2a: Bisharp|atk|2
|
|-weather|Hail|[upkeep]
|-damage|p1a: Heatran|82/100|[from] Hail
|-damage|p2a: Bisharp|95/100|[from] Hail
|upkeep
|turn|4
|
|t:|1659394251
|move|p2a: Bisharp|Sucker Punch|p1a: Heatran
|-damage|p1a: Heatran|12/100
|-enditem|p1a: Heatran|Air Balloon
|move|p1a: Heatran|Magma Storm|p2a: Bisharp|[miss]
|-miss|p1a: Heatran|p2a: Bisharp
|
|-weather|Hail|[upkeep]
|-damage|p1a: Heatran|6/100|[from] Hail
|-damage|p2a: Bisharp|89/100|[from] Hail
|upkeep
|turn|5
|
|t:|1659394258
|move|p1a: Heatran|Stealth Rock|p2a: Bisharp
|-sidestart|p2: cump2|move: Stealth Rock
|move|p2a: Bisharp|Knock Off|p1a: Heatran
|-damage|p1a: Heatran|0 fnt
|-status|p2a: Bisharp|brn|[from] ability: Flame Body|[of] p1a: Heatran
|faint|p1a: Heatran
|
|-weather|none
|-damage|p2a: Bisharp|83/100 brn|[from] brn
|upkeep
|
|t:|1659394264
|switch|p1a: Magnezone|Magnezone|100/100
|-damage|p1a: Magnezone|94/100|[from] Stealth Rock
|-item|p1a: Magnezone|Air Balloon
|turn|6
|
|t:|1659394270
|move|p2a: Bisharp|Sucker Punch||[still]
|-fail|p2a: Bisharp
|move|p1a: Magnezone|Iron Defense|p1a: Magnezone
|-boost|p1a: Magnezone|def|2
|
|-damage|p2a: Bisharp|77/100 brn|[from] brn
|upkeep
|turn|7
|
|t:|1659394273
|move|p2a: Bisharp|Knock Off|p1a: Magnezone
|-damage|p1a: Magnezone|65/100
|-enditem|p1a: Magnezone|Air Balloon
|move|p1a: Magnezone|Iron Defense|p1a: Magnezone
|-boost|p1a: Magnezone|def|2
|
|-damage|p2a: Bisharp|71/100 brn|[from] brn
|upkeep
|turn|8
|
|t:|1659394278
|move|p2a: Bisharp|Knock Off|p1a: Magnezone
|-damage|p1a: Magnezone|53/100
|move|p1a: Magnezone|Body Press|p2a: Bisharp
|-supereffective|p2a: Bisharp
|-damage|p2a: Bisharp|0 fnt
|faint|p2a: Bisharp
|
|upkeep
|
|t:|1659394281
|switch|p2a: Dragapult|Dragapult, F|100/100
|-damage|p2a: Dragapult|88/100|[from] Stealth Rock
|turn|9
|
|t:|1659394284
|move|p2a: Dragapult|Fire Blast|p1a: Magnezone
|-supereffective|p1a: Magnezone
|-crit|p1a: Magnezone
|-damage|p1a: Magnezone|0 fnt
|faint|p1a: Magnezone
|
|upkeep
|
|t:|1659394287
|switch|p1a: Dragonite|Dragonite, M, shiny|100/100
|turn|10
|
|t:|1659394289
|move|p2a: Dragapult|Dragon Darts|p1a: Dragonite
|-supereffective|p1a: Dragonite
|-damage|p1a: Dragonite|63/100
|-anim|p2a: Dragapult|Dragon Darts|p1a: Dragonite
|-supereffective|p1a: Dragonite
|-damage|p1a: Dragonite|0 fnt
|faint|p1a: Dragonite
|
|upkeep
|
|t:|1659394292
|switch|p1a: Tapu Lele|Tapu Lele, shiny|100/100
|-damage|p1a: Tapu Lele|88/100|[from] Stealth Rock
|-fieldstart|move: Psychic Terrain|[from] ability: Psychic Surge|[of] p1a: Tapu Lele
|turn|11
|
|t:|1659394306
|switch|p2a: Toxtricity|Toxtricity, F|100/100
|-damage|p2a: Toxtricity|88/100|[from] Stealth Rock
|move|p1a: Tapu Lele|Calm Mind|p1a: Tapu Lele
|-boost|p1a: Tapu Lele|spa|1
|-boost|p1a: Tapu Lele|spd|1
|
|-heal|p1a: Tapu Lele|94/100|[from] item: Leftovers
|upkeep
|turn|12
|
|t:|1659394310
|switch|p1a: Landorus|Landorus-Therian, M|100/100
|-damage|p1a: Landorus|88/100|[from] Stealth Rock
|-ability|p1a: Landorus|Intimidate|boost
|-unboost|p2a: Toxtricity|atk|1
|move|p2a: Toxtricity|Shift Gear|p2a: Toxtricity
|-boost|p2a: Toxtricity|spe|2
|-boost|p2a: Toxtricity|atk|1
|
|upkeep
|turn|13
|
|t:|1659394318
|switch|p1a: Vanilluxe|Vanilluxe, M, shiny|100/100
|-damage|p1a: Vanilluxe|76/100|[from] Stealth Rock
|-weather|Hail|[from] ability: Snow Warning|[of] p1a: Vanilluxe
|move|p2a: Toxtricity|Boomburst|p1a: Vanilluxe
|-damage|p1a: Vanilluxe|0 fnt
|faint|p1a: Vanilluxe
|-enditem|p2a: Toxtricity|Throat Spray
|-boost|p2a: Toxtricity|spa|1|[from] item: Throat Spray
|
|-weather|Hail|[upkeep]
|-damage|p2a: Toxtricity|82/100|[from] Hail
|upkeep
|
|t:|1659394322
|switch|p1a: Tapu Lele|Tapu Lele, shiny|94/100
|-damage|p1a: Tapu Lele|82/100|[from] Stealth Rock
|turn|14
|
|t:|1659394326
|move|p2a: Toxtricity|Boomburst|p1a: Tapu Lele
|-damage|p1a: Tapu Lele|6/100
|move|p1a: Tapu Lele|Psyshock|p2a: Toxtricity
|-supereffective|p2a: Toxtricity
|-damage|p2a: Toxtricity|0 fnt
|faint|p2a: Toxtricity
|
|-weather|Hail|[upkeep]
|-damage|p1a: Tapu Lele|0 fnt|[from] Hail
|faint|p1a: Tapu Lele
|upkeep
|
|t:|1659394330
|switch|p2a: Dragapult|Dragapult, F|88/100
|switch|p1a: Landorus|Landorus-Therian, M|88/100
|-damage|p2a: Dragapult|76/100|[from] Stealth Rock
|-damage|p1a: Landorus|76/100|[from] Stealth Rock
|-ability|p1a: Landorus|Intimidate|boost
|-fail|p2a: Dragapult|unboost|[from] ability: Clear Body|[of] p2a: Dragapult
|turn|15
|
|t:|1659394335
|move|p2a: Dragapult|Dragon Darts|p1a: Landorus
|-damage|p1a: Landorus|44/100
|-anim|p2a: Dragapult|Dragon Darts|p1a: Landorus
|-damage|p1a: Landorus|12/100
|move|p1a: Landorus|Earthquake|p2a: Dragapult
|-damage|p2a: Dragapult|11/100
|
|-weather|Hail|[upkeep]
|-damage|p2a: Dragapult|5/100|[from] Hail
|-damage|p1a: Landorus|6/100|[from] Hail
|-fieldend|move: Psychic Terrain
|upkeep
|turn|16
|
|t:|1659394340
|move|p2a: Dragapult|Dragon Darts|p1a: Landorus
|-damage|p1a: Landorus|0 fnt
|faint|p1a: Landorus
|
|win|cump2
|raw|LT91BB Zena&apos;'s rating: 1612 &rarr; <strong>1593</strong><br />(-19 for losing)
|raw|cump2's rating: 1622 &rarr; <strong>1641</strong><br />(+19 for winning)
