|j|☆Kiingcat
|j|☆minecraftuprising
|inactive|Battle timer is ON: inactive players will automatically lose when time's up.
|t:|1667347375
|gametype|singles
|player|p1|Kiingcat|gambler|
|player|p2|minecraftuprising|1|
|teamsize|p1|6
|teamsize|p2|6
|gen|8
|tier|[Gen 8] OU
|rated|Tournament battle
|rule|Sleep Clause Mod: Limit one foe put to sleep
|rule|Species Clause: Limit one of each Pokémon
|rule|OHKO Clause: OHKO moves are banned
|rule|Evasion Items Clause: Evasion items are banned
|rule|Evasion Moves Clause: Evasion moves are banned
|rule|Endless Battle Clause: Forcing endless battles is banned
|rule|HP Percentage Mod: HP is shown in percentages
|rule|Dynamax Clause: You cannot dynamax
|rule|Re-Evolution Mod: Pokémon gain the boosts they would gain from evolving again
|clearpoke
|poke|p1|Dragalge, M|
|poke|p1|Dracozolt|
|poke|p1|Kommo-o, F|
|poke|p1|Haxorus, F|
|poke|p1|Turtonator, F|
|poke|p1|Flygon, M|
|poke|p2|Hippowdon, F|
|poke|p2|Aegislash, M|
|poke|p2|Clefable, M|
|poke|p2|Toxapex, M|
|poke|p2|Suicune|
|poke|p2|Tornadus-Therian, M|
|teampreview
|c|☆Kiingcat|wrong team
|
|t:|1667347401
|start
|switch|p1a: Flygon|Flygon, M|100/100
|switch|p2a: Hippowdon|Hippowdon, F|100/100
|-weather|Sandstorm|[from] ability: Sand Stream|[of] p2a: Hippowdon
|turn|1
|j| TheNewBrends11
|
|t:|1667347414
|move|p1a: Flygon|First Impression|p2a: Hippowdon
|-crit|p2a: Hippowdon
|-damage|p2a: Hippowdon|76/100
|move|p2a: Hippowdon|Toxic|p1a: Flygon
|-status|p1a: Flygon|tox
|
|-weather|Sandstorm|[upkeep]
|-heal|p2a: Hippowdon|82/100|[from] item: Leftovers
|-damage|p1a: Flygon|94/100 tox|[from] psn
|upkeep
|turn|2
|
|t:|1667347422
|move|p1a: Flygon|Dragon Dance|p1a: Flygon
|-boost|p1a: Flygon|atk|1
|-boost|p1a: Flygon|spe|1
|move|p2a: Hippowdon|Stealth Rock|p1a: Flygon
|-sidestart|p1: Kiingcat|move: Stealth Rock
|
|-weather|Sandstorm|[upkeep]
|-heal|p2a: Hippowdon|88/100|[from] item: Leftovers
|-damage|p1a: Flygon|82/100 tox|[from] psn
|upkeep
|turn|3
|
|t:|1667347430
|move|p1a: Flygon|Dragon Dance|p1a: Flygon
|-boost|p1a: Flygon|atk|1
|-boost|p1a: Flygon|spe|1
|move|p2a: Hippowdon|Slack Off|p2a: Hippowdon
|-heal|p2a: Hippowdon|100/100
|
|-weather|Sandstorm|[upkeep]
|-damage|p1a: Flygon|64/100 tox|[from] psn
|upkeep
|turn|4
|
|t:|1667347437
|switch|p2a: Clefable|Clefable, M|100/100
|move|p1a: Flygon|Earthquake|p2a: Clefable
|-damage|p2a: Clefable|66/100
|
|-weather|Sandstorm|[upkeep]
|-damage|p2a: Clefable|60/100|[from] Sandstorm
|-damage|p1a: Flygon|40/100 tox|[from] psn
|upkeep
|turn|5
|
|t:|1667347445
|move|p1a: Flygon|Earthquake|p2a: Clefable
|-damage|p2a: Clefable|27/100
|move|p2a: Clefable|Soft-Boiled|p2a: Clefable
|-heal|p2a: Clefable|77/100
|
|-weather|none
|-damage|p1a: Flygon|9/100 tox|[from] psn
|upkeep
|turn|6
|
|t:|1667347451
|move|p1a: Flygon|Earthquake|p2a: Clefable
|-crit|p2a: Clefable
|-damage|p2a: Clefable|31/100
|move|p2a: Clefable|Soft-Boiled|p2a: Clefable
|-heal|p2a: Clefable|81/100
|
|-damage|p1a: Flygon|0 fnt|[from] psn
|faint|p1a: Flygon
|upkeep
|
|t:|1667347471
|switch|p1a: Dragalge|Dragalge, M|100/100
|-damage|p1a: Dragalge|88/100|[from] Stealth Rock
|turn|7
|
|t:|1667347490
|switch|p2a: Aegislash|Aegislash, M|100/100
|move|p1a: Dragalge|Sludge Wave|p2a: Aegislash
|-immune|p2a: Aegislash
|
|-heal|p1a: Dragalge|94/100|[from] item: Leftovers
|upkeep
|turn|8
|
|t:|1667347498
|switch|p1a: Turtonator|Turtonator, F|100/100
|-damage|p1a: Turtonator|75/100|[from] Stealth Rock
|move|p2a: Aegislash|Substitute|p2a: Aegislash
|-start|p2a: Aegislash|Substitute
|-damage|p2a: Aegislash|76/100
|
|-heal|p2a: Aegislash|82/100|[from] item: Leftovers
|-heal|p1a: Turtonator|82/100|[from] item: Leftovers
|upkeep
|turn|9
|
|t:|1667347510
|-formechange|p2a: Aegislash|Aegislash-Blade||[from] ability: Stance Change
|move|p2a: Aegislash|Shadow Ball|p1a: Turtonator
|-damage|p1a: Turtonator|36/100
|move|p1a: Turtonator|Heat Crash|p2a: Aegislash
|-supereffective|p2a: Aegislash
|-crit|p2a: Aegislash
|-end|p2a: Aegislash|Substitute
|
|-heal|p2a: Aegislash|88/100|[from] item: Leftovers
|-heal|p1a: Turtonator|42/100|[from] item: Leftovers
|upkeep
|turn|10
|
|t:|1667347525
|move|p2a: Aegislash|Shadow Ball|p1a: Turtonator
|-damage|p1a: Turtonator|0 fnt
|faint|p1a: Turtonator
|
|-heal|p2a: Aegislash|94/100|[from] item: Leftovers
|upkeep
|
|t:|1667347533
|switch|p1a: Kommo-o|Kommo-o, F|100/100
|-damage|p1a: Kommo-o|94/100|[from] Stealth Rock
|turn|11
|
|t:|1667347550
|switch|p2a: Clefable|Clefable, M|81/100
|move|p1a: Kommo-o|Dragon Dance|p1a: Kommo-o
|-boost|p1a: Kommo-o|atk|1
|-boost|p1a: Kommo-o|spe|1
|
|-heal|p1a: Kommo-o|100/100|[from] item: Leftovers
|upkeep
|turn|12
|
|t:|1667347573
|move|p1a: Kommo-o|Iron Head|p2a: Clefable
|-supereffective|p2a: Clefable
|-damage|p2a: Clefable|45/100
|move|p2a: Clefable|Soft-Boiled|p2a: Clefable
|-heal|p2a: Clefable|95/100
|
|upkeep
|turn|13
|
|t:|1667347580
|move|p1a: Kommo-o|Dragon Dance|p1a: Kommo-o
|-boost|p1a: Kommo-o|atk|1
|-boost|p1a: Kommo-o|spe|1
|move|p2a: Clefable|Moonblast|p1a: Kommo-o
|-supereffective|p1a: Kommo-o
|-damage|p1a: Kommo-o|0 fnt
|faint|p1a: Kommo-o
|
|upkeep
|
|t:|1667347589
|switch|p1a: Dragalge|Dragalge, M|94/100
|-damage|p1a: Dragalge|82/100|[from] Stealth Rock
|turn|14
|
|t:|1667347598
|switch|p2a: Aegislash|Aegislash, M|94/100
|move|p1a: Dragalge|Acid Armor|p1a: Dragalge
|-boost|p1a: Dragalge|def|2
|
|-heal|p2a: Aegislash|100/100|[from] item: Leftovers
|-heal|p1a: Dragalge|88/100|[from] item: Leftovers
|upkeep
|turn|15
|
|t:|1667347605
|move|p2a: Aegislash|Substitute|p2a: Aegislash
|-start|p2a: Aegislash|Substitute
|-damage|p2a: Aegislash|76/100
|move|p1a: Dragalge|Acid Armor|p1a: Dragalge
|-boost|p1a: Dragalge|def|2
|
|-heal|p2a: Aegislash|82/100|[from] item: Leftovers
|-heal|p1a: Dragalge|94/100|[from] item: Leftovers
|upkeep
|turn|16
|
|t:|1667347613
|-formechange|p2a: Aegislash|Aegislash-Blade||[from] ability: Stance Change
|move|p2a: Aegislash|Shadow Ball|p1a: Dragalge
|-damage|p1a: Dragalge|76/100
|-unboost|p1a: Dragalge|spd|1
|move|p1a: Dragalge|Acid Armor|p1a: Dragalge
|-boost|p1a: Dragalge|def|2
|
|-heal|p2a: Aegislash|88/100|[from] item: Leftovers
|-heal|p1a: Dragalge|82/100|[from] item: Leftovers
|upkeep
|turn|17
|
|t:|1667347626
|move|p2a: Aegislash|Shadow Ball|p1a: Dragalge
|-damage|p1a: Dragalge|57/100
|move|p1a: Dragalge|Acid Armor|p1a: Dragalge
|-boost|p1a: Dragalge|def|0
|
|-heal|p2a: Aegislash|94/100|[from] item: Leftovers
|-heal|p1a: Dragalge|63/100|[from] item: Leftovers
|upkeep
|turn|18
|
|t:|1667347635
|move|p2a: Aegislash|Shadow Ball|p1a: Dragalge
|-damage|p1a: Dragalge|36/100
|move|p1a: Dragalge|Rest|p1a: Dragalge
|-status|p1a: Dragalge|slp|[from] move: Rest
|-heal|p1a: Dragalge|100/100 slp|[silent]
|
|-heal|p2a: Aegislash|100/100|[from] item: Leftovers
|upkeep
|turn|19
|
|t:|1667347643
|move|p2a: Aegislash|Flash Cannon|p1a: Dragalge
|-damage|p1a: Dragalge|76/100 slp
|-unboost|p1a: Dragalge|spd|1
|cant|p1a: Dragalge|slp
|move|p1a: Dragalge|Sleep Talk|p1a: Dragalge
|move|p1a: Dragalge|Acid Armor|p1a: Dragalge|[from]move: Sleep Talk
|-boost|p1a: Dragalge|def|0
|
|-heal|p1a: Dragalge|82/100 slp|[from] item: Leftovers
|upkeep
|turn|20
|
|t:|1667347654
|switch|p1a: Haxorus|Haxorus, F|100/100
|-damage|p1a: Haxorus|88/100|[from] Stealth Rock
|-ability|p1a: Haxorus|Mold Breaker
|move|p2a: Aegislash|Shadow Ball|p1a: Haxorus
|-damage|p1a: Haxorus|43/100
|
|-heal|p1a: Haxorus|49/100|[from] item: Leftovers
|upkeep
|turn|21
|
|t:|1667347667
|move|p1a: Haxorus|Dragon Claw|p2a: Aegislash
|-resisted|p2a: Aegislash
|-end|p2a: Aegislash|Substitute
|move|p2a: Aegislash|Shadow Ball|p1a: Haxorus
|-damage|p1a: Haxorus|4/100
|-unboost|p1a: Haxorus|spd|1
|
|-heal|p1a: Haxorus|10/100|[from] item: Leftovers
|upkeep
|turn|22
|
|t:|1667347678
|switch|p2a: Tornadus|Tornadus-Therian, M|100/100
|move|p1a: Haxorus|Dragon Claw|p2a: Tornadus
|-damage|p2a: Tornadus|37/100
|
|-heal|p1a: Haxorus|16/100|[from] item: Leftovers
|upkeep
|turn|23
|
|t:|1667347685
|move|p1a: Haxorus|Dragon Claw|p2a: Tornadus
|-damage|p2a: Tornadus|0 fnt
|faint|p2a: Tornadus
|
|-heal|p1a: Haxorus|22/100|[from] item: Leftovers
|upkeep
|
|t:|1667347688
|switch|p2a: Clefable|Clefable, M|95/100
|turn|24
|
|t:|1667347693
|move|p1a: Haxorus|Close Combat|p2a: Clefable
|-resisted|p2a: Clefable
|-damage|p2a: Clefable|79/100
|-unboost|p1a: Haxorus|def|1
|-unboost|p1a: Haxorus|spd|1
|move|p2a: Clefable|Moonblast|p1a: Haxorus
|-supereffective|p1a: Haxorus
|-damage|p1a: Haxorus|0 fnt
|faint|p1a: Haxorus
|
|upkeep
|
|t:|1667347702
|switch|p1a: Dracozolt|Dracozolt|100/100
|-damage|p1a: Dracozolt|88/100|[from] Stealth Rock
|turn|25
|
|t:|1667347722
|switch|p2a: Hippowdon|Hippowdon, F|100/100
|-weather|Sandstorm|[from] ability: Sand Stream|[of] p2a: Hippowdon
|move|p1a: Dracozolt|Low Kick|p2a: Hippowdon
|-damage|p2a: Hippowdon|84/100
|
|-weather|Sandstorm|[upkeep]
|-damage|p1a: Dracozolt|82/100|[from] Sandstorm
|-heal|p2a: Hippowdon|91/100|[from] item: Leftovers
|upkeep
|turn|26
|
|t:|1667347733
|switch|p1a: Dragalge|Dragalge, M|82/100 slp
|-damage|p1a: Dragalge|70/100 slp|[from] Stealth Rock
|move|p2a: Hippowdon|Earthquake|p1a: Dragalge
|-supereffective|p1a: Dragalge
|-damage|p1a: Dragalge|0 fnt
|faint|p1a: Dragalge
|
|-weather|Sandstorm|[upkeep]
|-heal|p2a: Hippowdon|97/100|[from] item: Leftovers
|upkeep
|c|☆Kiingcat|gg
|-message|Kiingcat forfeited.
|
|win|minecraftuprising
|n|☆Kiingcat|kiingcat
|n|☆minecraftuprising|minecraftuprising
|n| TheNewBrends11|thenewbrends11
|l|☆Kiingcat
|l|☆minecraftuprising
