|j|☆LT93OQ SaveBees
|j|☆GGeorgie◕‿◕
|t:|1661377689
|gametype|singles
|player|p1|LT93OQ SaveBees|pokekid|1644
|player|p2|GGeorgie◕‿◕|hiker-gen2|1704
|teamsize|p1|6
|teamsize|p2|6
|gen|8
|tier|[Gen 8] OU
|rated|
|rule|Sleep Clause Mod: Limit one foe put to sleep
|rule|Species Clause: Limit one of each Pokémon
|rule|OHKO Clause: OHKO moves are banned
|rule|Evasion Items Clause: Evasion items are banned
|rule|Evasion Moves Clause: Evasion moves are banned
|rule|Endless Battle Clause: Forcing endless battles is banned
|rule|HP Percentage Mod: HP is shown in percentages
|rule|Dynamax Clause: You cannot dynamax
|clearpoke
|poke|p1|Shuckle, F|
|poke|p1|Tapu Lele|
|poke|p1|Zapdos-Galar|
|poke|p1|Kartana|
|poke|p1|Marowak-Alola, M|
|poke|p1|Tyrantrum, F|
|poke|p2|Zapdos|
|poke|p2|Tyranitar, F|
|poke|p2|Landorus-Therian, M|
|poke|p2|Excadrill, M|
|poke|p2|Clefable, M|
|poke|p2|Ferrothorn, M|
|teampreview
|inactive|Battle timer is ON: inactive players will automatically lose when time's up. (requested by GGeorgie◕‿◕)
|
|t:|1661377711
|start
|switch|p1a: Zapdos|Zapdos-Galar|100/100
|switch|p2a: Zapdos|Zapdos|100/100
|turn|1
|
|t:|1661377715
|switch|p1a: Marowak|Marowak-Alola, M|100/100
|move|p2a: Zapdos|Hurricane|p1a: Marowak
|-damage|p1a: Marowak|0 fnt
|faint|p1a: Marowak
|
|upkeep
|
|t:|1661377732
|switch|p1a: Shuckle|Shuckle, F|100/100
|turn|2
|
|t:|1661377735
|switch|p2a: Excadrill|Excadrill, M|100/100
|move|p1a: Shuckle|Stealth Rock|p2a: Excadrill
|-sidestart|p2: GGeorgie◕‿◕|move: Stealth Rock
|
|upkeep
|turn|3
|
|t:|1661377742
|move|p2a: Excadrill|Iron Head|p1a: Shuckle
|-supereffective|p1a: Shuckle
|-damage|p1a: Shuckle|35/100
|move|p1a: Shuckle|Encore|p2a: Excadrill
|-start|p2a: Excadrill|Encore
|
|upkeep
|turn|4
|
|t:|1661377747
|switch|p1a: Kartana|Kartana|100/100
|move|p2a: Excadrill|Iron Head|p1a: Kartana
|-resisted|p1a: Kartana
|-damage|p1a: Kartana|76/100
|
|upkeep
|turn|5
|
|t:|1661377754
|switch|p2a: Ferrothorn|Ferrothorn, M, shiny|100/100
|-damage|p2a: Ferrothorn|94/100|[from] Stealth Rock
|move|p1a: Kartana|Knock Off|p2a: Ferrothorn
|-damage|p2a: Ferrothorn|68/100
|-damage|p1a: Kartana|63/100|[from] ability: Iron Barbs|[of] p2a: Ferrothorn
|-damage|p1a: Kartana|47/100|[from] item: Rocky Helmet|[of] p2a: Ferrothorn
|-enditem|p2a: Ferrothorn|Rocky Helmet|[from] move: Knock Off|[of] p1a: Kartana
|
|upkeep
|turn|6
|
|t:|1661377761
|switch|p1a: Zapdos|Zapdos-Galar|100/100
|move|p2a: Ferrothorn|Spikes|p1a: Zapdos
|-sidestart|p1: LT93OQ SaveBees|Spikes
|
|upkeep
|turn|7
|
|t:|1661377776
|switch|p2a: Clefable|Clefable, M|100/100
|move|p1a: Zapdos|Close Combat|p2a: Clefable
|-resisted|p2a: Clefable
|-damage|p2a: Clefable|62/100
|-unboost|p1a: Zapdos|def|1
|-unboost|p1a: Zapdos|spd|1
|
|upkeep
|turn|8
|
|t:|1661377783
|switch|p1a: Shuckle|Shuckle, F|35/100
|-damage|p1a: Shuckle|23/100|[from] Spikes
|move|p2a: Clefable|Moonblast|p1a: Shuckle
|-damage|p1a: Shuckle|0 fnt
|faint|p1a: Shuckle
|
|upkeep
|
|t:|1661377791
|switch|p1a: Zapdos|Zapdos-Galar|100/100
|turn|9
|
|t:|1661377795
|move|p1a: Zapdos|Brave Bird|p2a: Clefable
|-damage|p2a: Clefable|0 fnt
|faint|p2a: Clefable
|-damage|p1a: Zapdos|75/100|[from] Recoil
|
|upkeep
|
|t:|1661377797
|switch|p2a: Excadrill|Excadrill, M|100/100
|-damage|p2a: Excadrill|97/100|[from] Stealth Rock
|turn|10
|
|t:|1661377803
|move|p1a: Zapdos|Brave Bird|p2a: Excadrill
|-resisted|p2a: Excadrill
|-damage|p2a: Excadrill|34/100
|-damage|p1a: Zapdos|52/100|[from] Recoil
|move|p2a: Excadrill|Earthquake|p1a: Zapdos
|-immune|p1a: Zapdos
|
|-heal|p2a: Excadrill|40/100|[from] item: Leftovers
|upkeep
|turn|11
|
|t:|1661377807
|switch|p2a: Tyranitar|Tyranitar, F, shiny|100/100
|-damage|p2a: Tyranitar|88/100|[from] Stealth Rock
|-weather|Sandstorm|[from] ability: Sand Stream|[of] p2a: Tyranitar
|move|p1a: Zapdos|Brave Bird|p2a: Tyranitar
|-resisted|p2a: Tyranitar
|-damage|p2a: Tyranitar|43/100
|-damage|p1a: Zapdos|36/100|[from] Recoil
|
|-weather|Sandstorm|[upkeep]
|-damage|p1a: Zapdos|29/100|[from] Sandstorm
|upkeep
|turn|12
|
|t:|1661377811
|move|p1a: Zapdos|Brave Bird|p2a: Tyranitar
|-resisted|p2a: Tyranitar
|-damage|p2a: Tyranitar|0 fnt
|faint|p2a: Tyranitar
|-damage|p1a: Zapdos|15/100|[from] Recoil
|
|-weather|Sandstorm|[upkeep]
|-damage|p1a: Zapdos|8/100|[from] Sandstorm
|upkeep
|
|t:|1661377813
|switch|p2a: Excadrill|Excadrill, M|40/100
|-damage|p2a: Excadrill|37/100|[from] Stealth Rock
|turn|13
|
|t:|1661377823
|move|p2a: Excadrill|Rapid Spin|p1a: Zapdos
|-damage|p1a: Zapdos|0 fnt
|-boost|p2a: Excadrill|spe|1
|-sideend|p2: GGeorgie◕‿◕|Stealth Rock|[from] move: Rapid Spin|[of] p2a: Excadrill
|faint|p1a: Zapdos
|
|-weather|Sandstorm|[upkeep]
|-heal|p2a: Excadrill|43/100|[from] item: Leftovers
|upkeep
|-message|LT93OQ SaveBees forfeited.
|
|win|GGeorgie◕‿◕
|raw|LT93OQ SaveBees's rating: 1644 &rarr; <strong>1627</strong><br />(-17 for losing)
|raw|GGeorgie◕‿◕'s rating: 1704 &rarr; <strong>1721</strong><br />(+17 for winning)
|l|☆LT93OQ SaveBees
