|j|☆minimax_ai
|j|☆Geenobe
|t:|1663559012
|gametype|singles
|player|p1|minimax_ai|lusamine-nihilego|1466
|player|p2|Geenobe|265|1560
|teamsize|p1|6
|teamsize|p2|6
|gen|8
|tier|[Gen 8] OU
|rated|
|rule|Sleep Clause Mod: Limit one foe put to sleep
|rule|Species Clause: Limit one of each Pokémon
|rule|OHKO Clause: OHKO moves are banned
|rule|Evasion Items Clause: Evasion items are banned
|rule|Evasion Moves Clause: Evasion moves are banned
|rule|Endless Battle Clause: Forcing endless battles is banned
|rule|HP Percentage Mod: HP is shown in percentages
|rule|Dynamax Clause: You cannot dynamax
|clearpoke
|poke|p1|Rotom-Wash|
|poke|p1|Weavile, M|
|poke|p1|Landorus-Therian, M|
|poke|p1|Heatran, M|
|poke|p1|Tangrowth, F|
|poke|p1|Melmetal|
|poke|p2|Blaziken, M|
|poke|p2|Clefable, M|
|poke|p2|Moltres-Galar|
|poke|p2|Dragapult, F|
|poke|p2|Tapu Koko|
|poke|p2|Regieleki|
|teampreview
|c|☆minimax_ai|hf
|inactive|Battle timer is ON: inactive players will automatically lose when time's up. (requested by minimax_ai)
|c|☆Geenobe|u3
|c|☆Geenobe|2
|
|t:|1663559022
|start
|switch|p1a: landorustherian|Landorus-Therian, M|100/100
|switch|p2a: Tapu Koko|Tapu Koko|100/100
|-fieldstart|move: Electric Terrain|[from] ability: Electric Surge|[of] p2a: Tapu Koko
|-ability|p1a: landorustherian|Intimidate|boost
|-unboost|p2a: Tapu Koko|atk|1
|turn|1
|
|t:|1663559026
|move|p2a: Tapu Koko|Reflect|p2a: Tapu Koko
|-sidestart|p2: Geenobe|Reflect
|move|p1a: landorustherian|Toxic|p2a: Tapu Koko
|-status|p2a: Tapu Koko|tox
|
|-damage|p2a: Tapu Koko|94/100 tox|[from] psn
|upkeep
|turn|2
|
|t:|1663559029
|move|p2a: Tapu Koko|Taunt|p1a: landorustherian
|-start|p1a: landorustherian|move: Taunt
|cant|p1a: landorustherian|move: Taunt|Toxic
|
|-damage|p2a: Tapu Koko|82/100 tox|[from] psn
|upkeep
|turn|3
|
|t:|1663559032
|move|p2a: Tapu Koko|Light Screen|p2a: Tapu Koko
|-sidestart|p2: Geenobe|move: Light Screen
|move|p1a: landorustherian|Earthquake|p2a: Tapu Koko
|-supereffective|p2a: Tapu Koko
|-crit|p2a: Tapu Koko
|-damage|p2a: Tapu Koko|0 fnt
|faint|p2a: Tapu Koko
|
|upkeep
|
|t:|1663559039
|switch|p2a: Dragapult|Dragapult, F|100/100
|turn|4
|
|t:|1663559042
|move|p2a: Dragapult|Substitute|p2a: Dragapult
|-start|p2a: Dragapult|Substitute
|-damage|p2a: Dragapult|76/100
|move|p1a: landorustherian|Earthquake|p2a: Dragapult
|-end|p2a: Dragapult|Substitute
|
|-heal|p2a: Dragapult|82/100|[from] item: Leftovers
|-end|p1a: landorustherian|move: Taunt
|upkeep
|turn|5
|
|t:|1663559047
|move|p2a: Dragapult|Substitute|p2a: Dragapult
|-start|p2a: Dragapult|Substitute
|-damage|p2a: Dragapult|57/100
|move|p1a: landorustherian|Defog||[still]
|-sideend|p2: Geenobe|Reflect
|-sideend|p2: Geenobe|move: Light Screen
|-fieldend|move: Electric Terrain
|-fail|p1a: landorustherian
|
|-heal|p2a: Dragapult|63/100|[from] item: Leftovers
|upkeep
|turn|6
|
|t:|1663559055
|move|p2a: Dragapult|Dragon Darts|p1a: landorustherian
|-damage|p1a: landorustherian|74/100
|-anim|p2a: Dragapult|Dragon Darts|p1a: landorustherian
|-damage|p1a: landorustherian|50/100
|move|p1a: landorustherian|Earthquake|p2a: Dragapult
|-end|p2a: Dragapult|Substitute
|
|-heal|p2a: Dragapult|69/100|[from] item: Leftovers
|-heal|p1a: landorustherian|56/100|[from] item: Leftovers
|upkeep
|turn|7
|
|t:|1663559065
|move|p2a: Dragapult|Dragon Darts|p1a: landorustherian
|-damage|p1a: landorustherian|31/100
|-anim|p2a: Dragapult|Dragon Darts|p1a: landorustherian
|-damage|p1a: landorustherian|6/100
|move|p1a: landorustherian|Earthquake|p2a: Dragapult
|-damage|p2a: Dragapult|9/100
|
|-heal|p2a: Dragapult|15/100|[from] item: Leftovers
|-heal|p1a: landorustherian|12/100|[from] item: Leftovers
|upkeep
|turn|8
|
|t:|1663559073
|switch|p1a: Melmetal|Melmetal|100/100
|move|p2a: Dragapult|Dragon Darts|p1a: Melmetal
|-resisted|p1a: Melmetal
|-damage|p1a: Melmetal|92/100
|-anim|p2a: Dragapult|Dragon Darts|p1a: Melmetal
|-resisted|p1a: Melmetal
|-damage|p1a: Melmetal|85/100
|
|-heal|p2a: Dragapult|21/100|[from] item: Leftovers
|upkeep
|turn|9
|
|t:|1663559080
|move|p2a: Dragapult|Phantom Force||[still]
|-prepare|p2a: Dragapult|Phantom Force
|move|p1a: Melmetal|Earthquake|p2a: Dragapult|[miss]
|-miss|p1a: Melmetal|p2a: Dragapult
|
|-heal|p2a: Dragapult|27/100|[from] item: Leftovers
|upkeep
|turn|10
|
|t:|1663559083
|move|p2a: Dragapult|Phantom Force|p1a: Melmetal|[from]lockedmove
|-damage|p1a: Melmetal|58/100
|move|p1a: Melmetal|Double Iron Bash|p2a: Dragapult
|-damage|p2a: Dragapult|0 fnt
|faint|p2a: Dragapult
|-hitcount|p2: Dragapult|1
|
|upkeep
|
|t:|1663559088
|switch|p2a: Blaziken|Blaziken, M|100/100
|turn|11
|
|t:|1663559091
|move|p2a: Blaziken|Flare Blitz|p1a: Melmetal
|-supereffective|p1a: Melmetal
|-damage|p1a: Melmetal|0 fnt
|faint|p1a: Melmetal
|-damage|p2a: Blaziken|73/100|[from] Recoil
|-damage|p2a: Blaziken|63/100|[from] item: Life Orb
|
|-ability|p2a: Blaziken|Speed Boost|boost
|-boost|p2a: Blaziken|spe|1
|upkeep
|
|t:|1663559091
|switch|p1a: rotomwash|Rotom-Wash|100/100
|turn|12
|
|t:|1663559110
|switch|p2a: Clefable|Clefable, M|100/100
|move|p1a: rotomwash|Hydro Pump|p2a: Clefable
|-damage|p2a: Clefable|59/100
|
|upkeep
|turn|13
|
|t:|1663559117
|move|p1a: rotomwash|Nasty Plot|p1a: rotomwash
|-boost|p1a: rotomwash|spa|2
|move|p2a: Clefable|Soft-Boiled|p2a: Clefable
|-heal|p2a: Clefable|100/100
|
|upkeep
|turn|14
|
|t:|1663559121
|move|p1a: rotomwash|Hydro Pump|p2a: Clefable
|-damage|p2a: Clefable|14/100
|move|p2a: Clefable|Moonblast|p1a: rotomwash
|-damage|p1a: rotomwash|59/100
|
|-heal|p1a: rotomwash|65/100|[from] item: Leftovers
|upkeep
|turn|15
|
|t:|1663559124
|move|p1a: rotomwash|Hydro Pump|p2a: Clefable
|-damage|p2a: Clefable|0 fnt
|faint|p2a: Clefable
|
|-heal|p1a: rotomwash|72/100|[from] item: Leftovers
|upkeep
|
|t:|1663559127
|switch|p2a: Regieleki|Regieleki|100/100
|turn|16
|
|t:|1663559134
|switch|p1a: landorustherian|Landorus-Therian, M|12/100
|-ability|p1a: landorustherian|Intimidate|boost
|-unboost|p2a: Regieleki|atk|1
|move|p2a: Regieleki|Volt Switch|p1a: landorustherian
|-immune|p1a: landorustherian
|
|-heal|p1a: landorustherian|18/100|[from] item: Leftovers
|upkeep
|turn|17
|
|t:|1663559137
|switch|p2a: Moltres|Moltres-Galar|100/100
|move|p1a: landorustherian|Earthquake|p2a: Moltres
|-immune|p2a: Moltres
|
|-heal|p1a: landorustherian|24/100|[from] item: Leftovers
|upkeep
|turn|18
|
|t:|1663559143
|move|p2a: Moltres|Fiery Wrath|p1a: landorustherian
|-damage|p1a: landorustherian|0 fnt
|faint|p1a: landorustherian
|
|upkeep
|
|t:|1663559143
|switch|p1a: Weavile|Weavile, M|100/100
|-ability|p1a: Weavile|Pressure
|turn|19
|
|t:|1663559150
|move|p1a: Weavile|Knock Off|p2a: Moltres
|-resisted|p2a: Moltres
|-damage|p2a: Moltres|59/100
|-enditem|p2a: Moltres|Chesto Berry|[from] move: Knock Off|[of] p1a: Weavile
|move|p2a: Moltres|Fiery Wrath|p1a: Weavile
|-resisted|p1a: Weavile
|-damage|p1a: Weavile|71/100
|
|upkeep
|turn|20
|
|t:|1663559153
|move|p1a: Weavile|Knock Off|p2a: Moltres
|-resisted|p2a: Moltres
|-damage|p2a: Moltres|29/100
|-ability|p2a: Moltres|Berserk|boost
|-boost|p2a: Moltres|spa|1
|move|p2a: Moltres|Fiery Wrath|p1a: Weavile
|-resisted|p1a: Weavile
|-damage|p1a: Weavile|26/100
|
|upkeep
|turn|21
|
|t:|1663559156
|switch|p1a: rotomwash|Rotom-Wash|72/100
|move|p2a: Moltres|Fiery Wrath|p1a: rotomwash
|-damage|p1a: rotomwash|0 fnt
|faint|p1a: rotomwash
|
|upkeep
|
|t:|1663559156
|switch|p1a: Heatran|Heatran, M|100/100
|-item|p1a: Heatran|Air Balloon
|turn|22
|
|t:|1663559160
|move|p2a: Moltres|Fiery Wrath|p1a: Heatran
|-damage|p1a: Heatran|36/100
|-enditem|p1a: Heatran|Air Balloon
|move|p1a: Heatran|Magma Storm|p2a: Moltres
|-crit|p2a: Moltres
|-damage|p2a: Moltres|0 fnt
|faint|p2a: Moltres
|
|upkeep
|
|t:|1663559167
|switch|p2a: Regieleki|Regieleki|100/100
|turn|23
|
|t:|1663559169
|switch|p1a: Weavile|Weavile, M|26/100
|-ability|p1a: Weavile|Pressure
|move|p2a: Regieleki|Thunderbolt|p1a: Weavile
|-damage|p1a: Weavile|0 fnt
|faint|p1a: Weavile
|
|upkeep
|
|t:|1663559169
|switch|p1a: Tangrowth|Tangrowth, F|100/100
|turn|24
|
|t:|1663559173
|move|p2a: Regieleki|Thunderbolt|p1a: Tangrowth
|-resisted|p1a: Tangrowth
|-damage|p1a: Tangrowth|36/100
|move|p1a: Tangrowth|Giga Drain|p2a: Regieleki
|-damage|p2a: Regieleki|49/100
|-heal|p1a: Tangrowth|56/100|[from] drain|[of] p2a: Regieleki
|
|upkeep
|turn|25
|
|t:|1663559177
|switch|p1a: Heatran|Heatran, M|36/100
|move|p2a: Regieleki|Thunderbolt|p1a: Heatran
|-damage|p1a: Heatran|0 fnt
|faint|p1a: Heatran
|
|upkeep
|
|t:|1663559177
|switch|p1a: Tangrowth|Tangrowth, F|89/100
|turn|26
|
|t:|1663559179
|move|p2a: Regieleki|Thunderbolt|p1a: Tangrowth
|-resisted|p1a: Tangrowth
|-damage|p1a: Tangrowth|25/100
|move|p1a: Tangrowth|Giga Drain|p2a: Regieleki
|-crit|p2a: Regieleki
|-damage|p2a: Regieleki|0 fnt
|-heal|p1a: Tangrowth|44/100|[from] drain|[of] p2a: Regieleki
|faint|p2a: Regieleki
|
|upkeep
|
|t:|1663559181
|switch|p2a: Blaziken|Blaziken, M|63/100
|turn|27
|
|t:|1663559183
|move|p2a: Blaziken|Flare Blitz|p1a: Tangrowth
|-supereffective|p1a: Tangrowth
|-damage|p1a: Tangrowth|0 fnt
|-damage|p2a: Blaziken|46/100|[from] item: Rocky Helmet|[of] p1a: Tangrowth
|faint|p1a: Tangrowth
|-damage|p2a: Blaziken|27/100|[from] Recoil
|-damage|p2a: Blaziken|17/100|[from] item: Life Orb
|
|win|Geenobe
|raw|minimax_ai's rating: 1466 &rarr; <strong>1451</strong><br />(-15 for losing)
|raw|Geenobe's rating: 1560 &rarr; <strong>1575</strong><br />(+15 for winning)
|c|☆minimax_ai|gg
