|j|☆fil41c
|j|☆cute pink team
|t:|1661094278
|gametype|singles
|player|p1|fil41c|fisherman|1635
|player|p2|cute pink team|misty-gen1|1872
|teamsize|p1|6
|teamsize|p2|6
|gen|8
|tier|[Gen 8] OU
|rated|
|rule|Sleep Clause Mod: Limit one foe put to sleep
|rule|Species Clause: Limit one of each Pokémon
|rule|OHKO Clause: OHKO moves are banned
|rule|Evasion Items Clause: Evasion items are banned
|rule|Evasion Moves Clause: Evasion moves are banned
|rule|Endless Battle Clause: Forcing endless battles is banned
|rule|HP Percentage Mod: HP is shown in percentages
|rule|Dynamax Clause: You cannot dynamax
|clearpoke
|poke|p1|Hippowdon, M|
|poke|p1|Corviknight, M|
|poke|p1|Toxapex, M|
|poke|p1|Clefable, M|
|poke|p1|Tornadus-Therian, M|
|poke|p1|Blissey, F|
|poke|p2|Tyranitar, M|
|poke|p2|Corviknight, F|
|poke|p2|Volcanion|
|poke|p2|Zapdos|
|poke|p2|Dragapult, M|
|poke|p2|Quagsire, M|
|teampreview
|inactive|Battle timer is ON: inactive players will automatically lose when time's up. (requested by fil41c)
|
|t:|1661094288
|start
|switch|p1a: Hippowdon|Hippowdon, M|100/100
|switch|p2a: Zapdos|Zapdos|100/100
|-weather|Sandstorm|[from] ability: Sand Stream|[of] p1a: Hippowdon
|turn|1
|
|t:|1661094292
|move|p2a: Zapdos|Hurricane|p1a: Hippowdon
|-damage|p1a: Hippowdon|37/100
|move|p1a: Hippowdon|Toxic|p2a: Zapdos|[miss]
|-miss|p1a: Hippowdon|p2a: Zapdos
|
|-weather|Sandstorm|[upkeep]
|-damage|p2a: Zapdos|94/100|[from] Sandstorm
|-heal|p1a: Hippowdon|43/100|[from] item: Leftovers
|upkeep
|turn|2
|
|t:|1661094303
|switch|p1a: Toxapex|Toxapex, M|100/100
|move|p2a: Zapdos|Hurricane|p1a: Toxapex
|-damage|p1a: Toxapex|20/100
|
|-weather|Sandstorm|[upkeep]
|-damage|p2a: Zapdos|88/100|[from] Sandstorm
|-damage|p1a: Toxapex|14/100|[from] Sandstorm
|upkeep
|turn|3
|
|t:|1661094307
|switch|p2a: Volcanion|Volcanion|100/100
|switch|p1a: Blissey|Blissey, F|100/100
|
|-weather|Sandstorm|[upkeep]
|-damage|p2a: Volcanion|95/100|[from] Sandstorm
|-damage|p1a: Blissey|94/100|[from] Sandstorm
|upkeep
|turn|4
|
|t:|1661094320
|switch|p2a: Corviknight|Corviknight, F|100/100
|-ability|p2a: Corviknight|Pressure
|switch|p1a: Toxapex|Toxapex, M|48/100
|
|-weather|Sandstorm|[upkeep]
|-damage|p1a: Toxapex|42/100|[from] Sandstorm
|upkeep
|turn|5
|
|t:|1661094324
|move|p2a: Corviknight|U-turn|p1a: Toxapex
|-resisted|p1a: Toxapex
|-damage|p1a: Toxapex|37/100
|
|t:|1661094326
|switch|p2a: Zapdos|Zapdos|88/100|[from]move: U-turn
|move|p1a: Toxapex|Recover|p1a: Toxapex
|-heal|p1a: Toxapex|88/100
|
|-weather|none
|upkeep
|turn|6
|
|t:|1661094333
|switch|p1a: Blissey|Blissey, F|94/100
|move|p2a: Zapdos|Volt Switch|p1a: Blissey
|-damage|p1a: Blissey|73/100
|
|t:|1661094335
|switch|p2a: Tyranitar|Tyranitar, M|100/100|[from]move: Volt Switch
|-weather|Sandstorm|[from] ability: Sand Stream|[of] p2a: Tyranitar
|
|-weather|Sandstorm|[upkeep]
|-damage|p1a: Blissey|67/100|[from] Sandstorm
|upkeep
|turn|7
|
|t:|1661094338
|switch|p1a: Corviknight|Corviknight, M|100/100
|-ability|p1a: Corviknight|Pressure
|move|p2a: Tyranitar|Stone Edge|p1a: Corviknight
|-damage|p1a: Corviknight|45/100
|
|-weather|Sandstorm|[upkeep]
|-heal|p1a: Corviknight|51/100|[from] item: Leftovers
|upkeep
|turn|8
|
|t:|1661094343
|move|p2a: Tyranitar|Stone Edge|p1a: Corviknight
|-crit|p1a: Corviknight
|-damage|p1a: Corviknight|0 fnt
|faint|p1a: Corviknight
|
|-weather|Sandstorm|[upkeep]
|upkeep
|-message|fil41c forfeited.
|
|win|cute pink team
|raw|fil41c's rating: 1635 &rarr; <strong>1627</strong><br />(-8 for losing)
|raw|cute pink team's rating: 1872 &rarr; <strong>1880</strong><br />(+8 for winning)
|l|☆fil41c
