|j|☆clapfest
|j|☆Mel2345
|inactive|Battle timer is ON: inactive players will automatically lose when time's up.
|t:|1641047658
|gametype|singles
|player|p1|clapfest|265|
|player|p2|Mel2345|cheren-gen5bw2|
|teamsize|p1|6
|teamsize|p2|6
|gen|8
|tier|[Gen 8] OU
|rated|Tournament battle
|rule|Sleep Clause Mod: Limit one foe put to sleep
|rule|Species Clause: Limit one of each Pokémon
|rule|OHKO Clause: OHKO moves are banned
|rule|Evasion Moves Clause: Evasion moves are banned
|rule|Endless Battle Clause: Forcing endless battles is banned
|rule|HP Percentage Mod: HP is shown in percentages
|rule|Dynamax Clause: You cannot dynamax
|clearpoke
|poke|p1|Latios, M|
|poke|p1|Volcarona, F|
|poke|p1|Mamoswine, F|
|poke|p1|Heatran, M|
|poke|p1|Zapdos|
|poke|p1|Hydreigon, F|
|poke|p2|Mew|
|poke|p2|Rillaboom, M|
|poke|p2|Bisharp, M|
|poke|p2|Dragapult, M|
|poke|p2|Garchomp, F|
|poke|p2|Zapdos-Galar|
|teampreview
|inactive|Mel2345 also wants the timer to be on.
|j|%ironwater@!
|
|t:|1641047665
|start
|switch|p1a: Hydreigon|Hydreigon, F|100/100
|switch|p2a: BOUMosaurus|Mew|100/100
|turn|1
|
|t:|1641047674
|move|p2a: BOUMosaurus|Stealth Rock|p1a: Hydreigon
|-sidestart|p1: clapfest|move: Stealth Rock
|move|p1a: Hydreigon|Dark Pulse|p2a: BOUMosaurus
|-supereffective|p2a: BOUMosaurus
|-damage|p2a: BOUMosaurus|11/100
|-enditem|p2a: BOUMosaurus|Red Card|[of] p1a: Hydreigon
|-damage|p1a: Hydreigon|91/100|[from] item: Life Orb
|drag|p1a: Volcarona|Volcarona, F|100/100
|
|upkeep
|turn|2
|
|t:|1641047684
|move|p2a: BOUMosaurus|Taunt|p1a: Volcarona
|-start|p1a: Volcarona|move: Taunt
|cant|p1a: Volcarona|move: Taunt|Quiver Dance
|
|upkeep
|turn|3
|
|t:|1641047690
|move|p2a: BOUMosaurus|Spikes|p1a: Volcarona
|-sidestart|p1: clapfest|Spikes
|move|p1a: Volcarona|Fiery Dance|p2a: BOUMosaurus
|-damage|p2a: BOUMosaurus|0 fnt
|-boost|p1a: Volcarona|spa|1
|faint|p2a: BOUMosaurus
|
|upkeep
|
|t:|1641047696
|switch|p2a: Vroumosaurus|Dragapult, M|100/100
|turn|4
|inactive|clapfest has 120 seconds left.
|
|t:|1641047728
|switch|p1a: Hydreigon|Hydreigon, F|91/100
|-damage|p1a: Hydreigon|78/100|[from] Stealth Rock
|move|p2a: Vroumosaurus|Dragon Dance|p2a: Vroumosaurus
|-boost|p2a: Vroumosaurus|atk|1
|-boost|p2a: Vroumosaurus|spe|1
|
|upkeep
|turn|5
|
|t:|1641047742
|switch|p1a: Heatran|Heatran, M|100/100
|-damage|p1a: Heatran|88/100|[from] Stealth Rock
|-damage|p1a: Heatran|76/100|[from] Spikes
|move|p2a: Vroumosaurus|Dragon Darts|p1a: Heatran
|-resisted|p1a: Heatran
|-damage|p1a: Heatran|58/100
|-anim|p2a: Vroumosaurus|Dragon Darts|p1a: Heatran
|-resisted|p1a: Heatran
|-damage|p1a: Heatran|41/100
|
|-heal|p1a: Heatran|47/100|[from] item: Leftovers
|upkeep
|turn|6
|
|t:|1641047753
|switch|p1a: Hydreigon|Hydreigon, F|78/100
|-damage|p1a: Hydreigon|66/100|[from] Stealth Rock
|move|p2a: Vroumosaurus|Substitute|p2a: Vroumosaurus
|-start|p2a: Vroumosaurus|Substitute
|-damage|p2a: Vroumosaurus|76/100
|
|-heal|p2a: Vroumosaurus|82/100|[from] item: Leftovers
|upkeep
|turn|7
|
|t:|1641047778
|move|p2a: Vroumosaurus|Dragon Darts|p1a: Hydreigon
|-supereffective|p1a: Hydreigon
|-damage|p1a: Hydreigon|0 fnt
|faint|p1a: Hydreigon
|
|-heal|p2a: Vroumosaurus|88/100|[from] item: Leftovers
|upkeep
|
|t:|1641047789
|switch|p1a: Volcarona|Volcarona, F|100/100
|turn|8
|
|t:|1641047792
|move|p2a: Vroumosaurus|Dragon Darts|p1a: Volcarona
|-damage|p1a: Volcarona|62/100
|-anim|p2a: Vroumosaurus|Dragon Darts|p1a: Volcarona
|-damage|p1a: Volcarona|28/100
|move|p1a: Volcarona|Psychic|p2a: Vroumosaurus
|-end|p2a: Vroumosaurus|Substitute
|
|-heal|p2a: Vroumosaurus|94/100|[from] item: Leftovers
|upkeep
|turn|9
|
|t:|1641047802
|move|p2a: Vroumosaurus|Dragon Darts|p1a: Volcarona
|-damage|p1a: Volcarona|0 fnt
|faint|p1a: Volcarona
|
|-heal|p2a: Vroumosaurus|99/100|[from] item: Leftovers
|upkeep
|
|t:|1641047807
|switch|p1a: Zapdos|Zapdos|100/100
|turn|10
|
|t:|1641047820
|move|p2a: Vroumosaurus|Substitute|p2a: Vroumosaurus
|-start|p2a: Vroumosaurus|Substitute
|-damage|p2a: Vroumosaurus|75/100
|move|p1a: Zapdos|Hurricane|p2a: Vroumosaurus|[miss]
|-miss|p1a: Zapdos|p2a: Vroumosaurus
|
|-heal|p2a: Vroumosaurus|81/100|[from] item: Leftovers
|upkeep
|turn|11
|c|☆Mel2345|my bad
|
|t:|1641047842
|move|p2a: Vroumosaurus|Dragon Darts|p1a: Zapdos
|-damage|p1a: Zapdos|68/100
|-anim|p2a: Vroumosaurus|Dragon Darts|p1a: Zapdos
|-damage|p1a: Zapdos|33/100
|move|p1a: Zapdos|Hurricane|p2a: Vroumosaurus
|-end|p2a: Vroumosaurus|Substitute
|
|-heal|p2a: Vroumosaurus|87/100|[from] item: Leftovers
|upkeep
|turn|12
|
|t:|1641047852
|move|p2a: Vroumosaurus|Dragon Darts|p1a: Zapdos
|-damage|p1a: Zapdos|0 fnt
|faint|p1a: Zapdos
|
|-heal|p2a: Vroumosaurus|93/100|[from] item: Leftovers
|upkeep
|
|t:|1641047860
|switch|p1a: Mamoswine|Mamoswine, F|100/100
|-damage|p1a: Mamoswine|88/100|[from] Spikes
|-damage|p1a: Mamoswine|76/100|[from] Stealth Rock
|turn|13
|
|t:|1641047867
|move|p1a: Mamoswine|Ice Shard|p2a: Vroumosaurus
|-supereffective|p2a: Vroumosaurus
|-damage|p2a: Vroumosaurus|18/100
|-damage|p1a: Mamoswine|66/100|[from] item: Life Orb
|move|p2a: Vroumosaurus|Dragon Darts|p1a: Mamoswine
|-damage|p1a: Mamoswine|21/100
|-anim|p2a: Vroumosaurus|Dragon Darts|p1a: Mamoswine
|-damage|p1a: Mamoswine|0 fnt
|faint|p1a: Mamoswine
|
|-heal|p2a: Vroumosaurus|24/100|[from] item: Leftovers
|upkeep
|
|t:|1641047884
|switch|p1a: Latios|Latios, M|100/100
|-damage|p1a: Latios|88/100|[from] Stealth Rock
|turn|14
|
|t:|1641047892
|move|p2a: Vroumosaurus|Dragon Darts|p1a: Latios
|-supereffective|p1a: Latios
|-damage|p1a: Latios|0 fnt
|faint|p1a: Latios
|
|-heal|p2a: Vroumosaurus|30/100|[from] item: Leftovers
|upkeep
|c|☆clapfest|expected specs
|c|☆clapfest|lol'
|-message|clapfest forfeited.
|
|win|Mel2345
|n|☆clapfest|clapfest
|n|☆Mel2345|mel2345
|n|+ironwater@!|ironwater
|l|☆clapfest
