|j|☆pelican time
|j|☆SMxVale
|t:|1620328073
|gametype|singles
|player|p1|pelican time|102|1614
|player|p2|SMxVale|bruno|1557
|teamsize|p1|6
|teamsize|p2|6
|gen|8
|tier|[Gen 8] OU
|rated|
|clearpoke
|poke|p1|Zapdos|
|poke|p1|Gengar, F|
|poke|p1|Salamence, M|
|poke|p1|Rillaboom, M|
|poke|p1|Landorus-Therian, M|
|poke|p1|Magnezone|
|poke|p2|Slowbro, F|
|poke|p2|Zapdos|
|poke|p2|Kartana|
|poke|p2|Rillaboom, M|
|poke|p2|Landorus-Therian, M|
|poke|p2|Bisharp, M|
|rule|Sleep Clause Mod: Limit one foe put to sleep
|rule|Species Clause: Limit one of each Pokémon
|rule|OHKO Clause: OHKO moves are banned
|rule|Evasion Moves Clause: Evasion moves are banned
|rule|Endless Battle Clause: Forcing endless battles is banned
|rule|HP Percentage Mod: HP is shown in percentages
|rule|Dynamax Clause: You cannot dynamax
|teampreview
|
|t:|1620328100
|start
|switch|p1a: Zapdos|Zapdos|100/100
|switch|p2a: Slowbro|Slowbro, F|100/100
|turn|1
|inactive|Battle timer is ON: inactive players will automatically lose when time's up. (requested by SMxVale)
|
|t:|1620328108
|switch|p2a: Landorus|Landorus-Therian, M|100/100
|-ability|p2a: Landorus|Intimidate|boost
|-unboost|p1a: Zapdos|atk|1
|move|p1a: Zapdos|Volt Switch|p2a: Landorus
|-immune|p2a: Landorus
|
|upkeep
|turn|2
|
|t:|1620328116
|move|p1a: Zapdos|Toxic|p2a: Landorus|[miss]
|-miss|p1a: Zapdos|p2a: Landorus
|move|p2a: Landorus|Stealth Rock|p1a: Zapdos
|-sidestart|p1: pelican time|move: Stealth Rock
|
|upkeep
|turn|3
|
|t:|1620328127
|move|p1a: Zapdos|Toxic|p2a: Landorus|[miss]
|-miss|p1a: Zapdos|p2a: Landorus
|move|p2a: Landorus|U-turn|p1a: Zapdos
|-resisted|p1a: Zapdos
|-damage|p1a: Zapdos|87/100
|-status|p2a: Landorus|par|[from] ability: Static|[of] p1a: Zapdos
|
|t:|1620328140
|switch|p2a: Bisharp|Bisharp, M|100/100|[from]move: U-turn
|
|upkeep
|turn|4
|
|t:|1620328143
|move|p1a: Zapdos|Volt Switch|p2a: Bisharp
|-damage|p2a: Bisharp|39/100
|inactive|pelican time has 120 seconds left.
|
|t:|1620328177
|switch|p1a: Magnezone|Magnezone|100/100|[from]move: Volt Switch
|-damage|p1a: Magnezone|94/100|[from] Stealth Rock
|move|p2a: Bisharp|Swords Dance|p2a: Bisharp
|-boost|p2a: Bisharp|atk|2
|
|-heal|p1a: Magnezone|100/100|[from] item: Leftovers
|upkeep
|turn|5
|
|t:|1620328187
|move|p2a: Bisharp|Knock Off|p1a: Magnezone
|-damage|p1a: Magnezone|0 fnt
|-enditem|p1a: Magnezone|Leftovers|[from] move: Knock Off|[of] p2a: Bisharp
|faint|p1a: Magnezone
|-damage|p2a: Bisharp|29/100|[from] item: Life Orb
|
|upkeep
|
|t:|1620328195
|switch|p1a: Rillaboom|Rillaboom, M|100/100
|-damage|p1a: Rillaboom|88/100|[from] Stealth Rock
|-fieldstart|move: Grassy Terrain|[from] ability: Grassy Surge|[of] p1a: Rillaboom
|turn|6
|
|t:|1620328199
|move|p1a: Rillaboom|Grassy Glide|p2a: Bisharp
|-resisted|p2a: Bisharp
|-damage|p2a: Bisharp|0 fnt
|faint|p2a: Bisharp
|
|-heal|p1a: Rillaboom|94/100|[from] Grassy Terrain
|upkeep
|
|t:|1620328206
|switch|p2a: Zapdos|Zapdos|100/100
|turn|7
|
|t:|1620328217
|switch|p1a: Zapdos|Zapdos|87/100
|move|p2a: Zapdos|Hurricane|p1a: Zapdos
|-resisted|p1a: Zapdos
|-damage|p1a: Zapdos|52/100
|
|upkeep
|turn|8
|
|t:|1620328223
|move|p1a: Zapdos|Roost|p1a: Zapdos
|-heal|p1a: Zapdos|100/100
|-singleturn|p1a: Zapdos|move: Roost
|move|p2a: Zapdos|Discharge|p1a: Zapdos
|-resisted|p1a: Zapdos
|-damage|p1a: Zapdos|75/100
|
|-heal|p1a: Zapdos|81/100|[from] Grassy Terrain
|upkeep
|turn|9
|
|t:|1620328233
|move|p1a: Zapdos|Hurricane|p2a: Zapdos
|-resisted|p2a: Zapdos
|-damage|p2a: Zapdos|74/100
|move|p2a: Zapdos|Discharge|p1a: Zapdos
|-damage|p1a: Zapdos|29/100
|
|upkeep
|turn|10
|inactive|SMxVale has 120 seconds left.
|
|t:|1620328272
|move|p1a: Zapdos|Roost|p1a: Zapdos
|-heal|p1a: Zapdos|80/100
|-singleturn|p1a: Zapdos|move: Roost
|move|p2a: Zapdos|Discharge|p1a: Zapdos
|-resisted|p1a: Zapdos
|-damage|p1a: Zapdos|54/100
|
|-heal|p1a: Zapdos|61/100|[from] Grassy Terrain
|-fieldend|move: Grassy Terrain
|upkeep
|turn|11
|inactive|SMxVale has 120 seconds left.
|
|t:|1620328285
|move|p1a: Zapdos|Roost|p1a: Zapdos
|-heal|p1a: Zapdos|100/100
|-singleturn|p1a: Zapdos|move: Roost
|move|p2a: Zapdos|Roost|p2a: Zapdos
|-heal|p2a: Zapdos|100/100
|-singleturn|p2a: Zapdos|move: Roost
|
|upkeep
|turn|12
|
|t:|1620328289
|switch|p2a: Landorus|Landorus-Therian, M|100/100 par
|-ability|p2a: Landorus|Intimidate|boost
|-unboost|p1a: Zapdos|atk|1
|move|p1a: Zapdos|Toxic|p2a: Landorus|[miss]
|-miss|p1a: Zapdos|p2a: Landorus
|
|upkeep
|turn|13
|
|t:|1620328301
|switch|p1a: Rillaboom|Rillaboom, M|94/100
|-damage|p1a: Rillaboom|82/100|[from] Stealth Rock
|-fieldstart|move: Grassy Terrain|[from] ability: Grassy Surge|[of] p1a: Rillaboom
|cant|p2a: Landorus|par
|
|-heal|p1a: Rillaboom|88/100|[from] Grassy Terrain
|upkeep
|turn|14
|inactive|SMxVale has 120 seconds left.
|
|t:|1620328317
|switch|p2a: Zapdos|Zapdos|100/100
|move|p1a: Rillaboom|U-turn|p2a: Zapdos
|-resisted|p2a: Zapdos
|-damage|p2a: Zapdos|78/100
|-status|p1a: Rillaboom|par|[from] ability: Static|[of] p2a: Zapdos
|
|t:|1620328324
|switch|p1a: Gengar|Gengar, F|100/100|[from]move: U-turn
|-damage|p1a: Gengar|88/100|[from] Stealth Rock
|
|-heal|p1a: Gengar|94/100|[from] Grassy Terrain
|upkeep
|turn|15
|inactive|SMxVale has 120 seconds left.
|
|t:|1620328352
|switch|p2a: Landorus|Landorus-Therian, M|100/100 par
|-ability|p2a: Landorus|Intimidate|boost
|-unboost|p1a: Gengar|atk|1
|move|p1a: Gengar|Shadow Ball|p2a: Landorus
|-damage|p2a: Landorus|53/100 par
|
|-heal|p1a: Gengar|100/100|[from] Grassy Terrain
|-heal|p2a: Landorus|59/100 par|[from] item: Leftovers
|upkeep
|turn|16
|j| WhosUrMain?
|
|t:|1620328364
|switch|p1a: Rillaboom|Rillaboom, M|88/100 par
|-damage|p1a: Rillaboom|76/100 par|[from] Stealth Rock
|move|p2a: Landorus|U-turn|p1a: Rillaboom
|-supereffective|p1a: Rillaboom
|-damage|p1a: Rillaboom|24/100 par
|
|t:|1620328369
|switch|p2a: Kartana|Kartana|100/100|[from]move: U-turn
|
|-heal|p1a: Rillaboom|30/100 par|[from] Grassy Terrain
|upkeep
|turn|17
|
|t:|1620328385
|move|p2a: Kartana|Knock Off|p1a: Rillaboom
|-damage|p1a: Rillaboom|0 fnt
|-enditem|p1a: Rillaboom|Choice Band|[from] move: Knock Off|[of] p2a: Kartana
|faint|p1a: Rillaboom
|-ability|p2a: Kartana|Beast Boost|boost
|-boost|p2a: Kartana|atk|1
|
|-fieldend|move: Grassy Terrain
|upkeep
|
|t:|1620328388
|switch|p1a: Landorus|Landorus-Therian, M|100/100
|-damage|p1a: Landorus|88/100|[from] Stealth Rock
|-ability|p1a: Landorus|Intimidate|boost
|-unboost|p2a: Kartana|atk|1
|turn|18
|
|t:|1620328393
|move|p2a: Kartana|Knock Off|p1a: Landorus
|-damage|p1a: Landorus|36/100
|-enditem|p1a: Landorus|Choice Scarf|[from] move: Knock Off|[of] p2a: Kartana
|move|p1a: Landorus|U-turn|p2a: Kartana
|-damage|p2a: Kartana|70/100
|
|t:|1620328402
|switch|p1a: Zapdos|Zapdos|100/100|[from]move: U-turn
|
|upkeep
|turn|19
|
|t:|1620328415
|switch|p2a: Landorus|Landorus-Therian, M|59/100 par
|-ability|p2a: Landorus|Intimidate|boost
|-unboost|p1a: Zapdos|atk|1
|move|p1a: Zapdos|Hurricane|p2a: Landorus
|-crit|p2a: Landorus
|-damage|p2a: Landorus|0 fnt
|faint|p2a: Landorus
|
|upkeep
|
|t:|1620328421
|switch|p2a: Slowbro|Slowbro, F|100/100
|turn|20
|
|t:|1620328431
|move|p1a: Zapdos|Volt Switch|p2a: Slowbro
|-supereffective|p2a: Slowbro
|-damage|p2a: Slowbro|33/100
|
|t:|1620328437
|switch|p1a: Landorus|Landorus-Therian, M|36/100|[from]move: Volt Switch
|-damage|p1a: Landorus|23/100|[from] Stealth Rock
|-ability|p1a: Landorus|Intimidate|boost
|-unboost|p2a: Slowbro|atk|1
|move|p2a: Slowbro|Future Sight|p1a: Landorus
|-start|p2a: Slowbro|move: Future Sight
|
|upkeep
|turn|21
|inactive|pelican time has 120 seconds left.
|
|t:|1620328487
|move|p1a: Landorus|Explosion|p2a: Slowbro
|-damage|p2a: Slowbro|0 fnt
|faint|p1a: Landorus
|faint|p2a: Slowbro
|
|upkeep
|
|t:|1620328509
|switch|p1a: Zapdos|Zapdos|100/100
|switch|p2a: Rillaboom|Rillaboom, M|100/100
|-fieldstart|move: Grassy Terrain|[from] ability: Grassy Surge|[of] p2a: Rillaboom
|turn|22
|
|t:|1620328515
|move|p1a: Zapdos|Hurricane|p2a: Rillaboom
|-supereffective|p2a: Rillaboom
|-damage|p2a: Rillaboom|0 fnt
|faint|p2a: Rillaboom
|
|-end|p1a: Zapdos|move: Future Sight
|-damage|p1a: Zapdos|53/100
|upkeep
|
|t:|1620328520
|switch|p2a: Kartana|Kartana|70/100
|turn|23
|
|t:|1620328538
|move|p2a: Kartana|Knock Off|p1a: Zapdos
|-damage|p1a: Zapdos|2/100
|-status|p2a: Kartana|par|[from] ability: Static|[of] p1a: Zapdos
|-enditem|p1a: Zapdos|Heavy-Duty Boots|[from] move: Knock Off|[of] p2a: Kartana
|move|p1a: Zapdos|Roost|p1a: Zapdos
|-heal|p1a: Zapdos|52/100
|-singleturn|p1a: Zapdos|move: Roost
|
|-heal|p1a: Zapdos|58/100|[from] Grassy Terrain
|-heal|p2a: Kartana|77/100 par|[from] Grassy Terrain
|upkeep
|turn|24
|-message|SMxVale forfeited.
|
|win|pelican time
|l|☆SMxVale
|raw|pelican time's rating: 1631 &rarr; <strong>1647</strong><br />(+16 for winning)
|raw|SMxVale's rating: 1557 &rarr; <strong>1541</strong><br />(-16 for losing)
