|j|☆Hinokami Returns
|j|☆Rheinmetal
|t:|1605790657
|player|p1|Hinokami Returns|unknown|1461
|player|p2|Rheinmetal|cynthia|1493
|teamsize|p1|6
|teamsize|p2|6
|gametype|singles
|gen|8
|tier|[Gen 8] OU
|rated|
|clearpoke
|poke|p1|Hippowdon, M|
|poke|p1|Dracozolt|
|poke|p1|Zapdos|
|poke|p1|Garchomp, M|
|poke|p1|Toxapex, M|
|poke|p1|Magearna|
|poke|p2|Garchomp, M|
|poke|p2|Magearna|
|poke|p2|Pheromosa|
|poke|p2|Landorus-Therian, M|
|poke|p2|Urshifu-*, F|
|poke|p2|Clefable, F|
|rule|Sleep Clause Mod: Limit one foe put to sleep
|rule|Species Clause: Limit one of each Pokémon
|rule|OHKO Clause: OHKO moves are banned
|rule|Evasion Moves Clause: Evasion moves are banned
|rule|Endless Battle Clause: Forcing endless battles is banned
|rule|HP Percentage Mod: HP is shown in percentages
|rule|Dynamax Clause: You cannot dynamax
|teampreview
|inactive|Battle timer is ON: inactive players will automatically lose when time's up. (requested by Rheinmetal)
|
|t:|1605790669
|start
|switch|p1a: Gaara|Hippowdon, M|100/100
|switch|p2a: Garchomp|Garchomp, M|100/100
|-weather|Sandstorm|[from] ability: Sand Stream|[of] p1a: Gaara
|turn|1
|
|t:|1605790673
|move|p2a: Garchomp|Toxic|p1a: Gaara
|-status|p1a: Gaara|tox
|move|p1a: Gaara|Toxic|p2a: Garchomp
|-status|p2a: Garchomp|tox
|
|-weather|Sandstorm|[upkeep]
|-damage|p2a: Garchomp|94/100 tox|[from] psn
|-damage|p1a: Gaara|94/100 tox|[from] psn
|upkeep
|turn|2
|j| toddlertots
|
|t:|1605790680
|switch|p2a: Landorus|Landorus-Therian, M|100/100
|-ability|p2a: Landorus|Intimidate|boost
|-unboost|p1a: Gaara|atk|1
|move|p1a: Gaara|Stealth Rock|p2a: Landorus
|-sidestart|p2: Rheinmetal|move: Stealth Rock
|
|-weather|Sandstorm|[upkeep]
|-damage|p1a: Gaara|82/100 tox|[from] psn
|upkeep
|turn|3
|
|t:|1605790687
|move|p2a: Landorus|Knock Off|p1a: Gaara
|-damage|p1a: Gaara|66/100 tox
|-damage|p2a: Landorus|84/100|[from] item: Rocky Helmet|[of] p1a: Gaara
|-enditem|p1a: Gaara|Rocky Helmet|[from] move: Knock Off|[of] p2a: Landorus
|move|p1a: Gaara|Toxic|p2a: Landorus
|-status|p2a: Landorus|tox
|
|-weather|Sandstorm|[upkeep]
|-heal|p2a: Landorus|90/100 tox|[from] item: Leftovers
|-damage|p2a: Landorus|84/100 tox|[from] psn
|-damage|p1a: Gaara|47/100 tox|[from] psn
|upkeep
|turn|4
|
|t:|1605790691
|move|p2a: Landorus|Defog|p1a: Gaara
|-unboost|p1a: Gaara|evasion|1
|-sideend|p2: Rheinmetal|Stealth Rock|[from] move: Defog|[of] p2a: Landorus
|move|p1a: Gaara|Slack Off|p1a: Gaara
|-heal|p1a: Gaara|97/100 tox
|
|-weather|Sandstorm|[upkeep]
|-heal|p2a: Landorus|90/100 tox|[from] item: Leftovers
|-damage|p2a: Landorus|78/100 tox|[from] psn
|-damage|p1a: Gaara|72/100 tox|[from] psn
|upkeep
|turn|5
|
|t:|1605790699
|switch|p2a: Pheromosa|Pheromosa|100/100
|switch|p1a: Minato|Zapdos|100/100
|
|-weather|none
|upkeep
|turn|6
|
|t:|1605790709
|move|p2a: Pheromosa|Ice Beam|p1a: Minato
|-supereffective|p1a: Minato
|-damage|p1a: Minato|46/100
|-status|p1a: Minato|frz
|cant|p1a: Minato|frz
|
|upkeep
|turn|7
|
|t:|1605790726
|switch|p2a: Garchomp|Garchomp, M|94/100 tox
|switch|p1a: Jirobo|Toxapex, M|100/100
|
|-damage|p2a: Garchomp|88/100 tox|[from] psn
|upkeep
|turn|8
|l| toddlertots
|
|t:|1605790730
|switch|p1a: Minato|Zapdos|46/100 frz
|move|p2a: Garchomp|Stealth Rock|p1a: Minato
|-sidestart|p1: Hinokami Returns|move: Stealth Rock
|
|-damage|p2a: Garchomp|76/100 tox|[from] psn
|upkeep
|turn|9
|j| toddlertots
|
|t:|1605790737
|move|p2a: Garchomp|Toxic||[still]
|-fail|p2a: Garchomp
|cant|p1a: Minato|frz
|
|-damage|p2a: Garchomp|57/100 tox|[from] psn
|upkeep
|turn|10
|
|t:|1605790742
|move|p2a: Garchomp|Toxic||[still]
|-fail|p2a: Garchomp
|cant|p1a: Minato|frz
|
|-damage|p2a: Garchomp|32/100 tox|[from] psn
|upkeep
|turn|11
|
|t:|1605790757
|switch|p2a: Magearna|Magearna|100/100
|cant|p1a: Minato|frz
|
|upkeep
|turn|12
|
|t:|1605790764
|cant|p1a: Minato|frz
|move|p2a: Magearna|Ice Beam|p1a: Minato
|-supereffective|p1a: Minato
|-damage|p1a: Minato|0 fnt
|faint|p1a: Minato
|-ability|p2a: Magearna|Soul-Heart|boost
|-boost|p2a: Magearna|spa|1
|
|upkeep
|
|t:|1605790768
|switch|p1a: Kisame|Garchomp, M|100/100
|-damage|p1a: Kisame|94/100|[from] Stealth Rock
|turn|13
|
|t:|1605790775
|switch|p2a: Landorus|Landorus-Therian, M|78/100 tox
|-ability|p2a: Landorus|Intimidate|boost
|-unboost|p1a: Kisame|atk|1
|move|p1a: Kisame|Earthquake|p2a: Landorus
|-immune|p2a: Landorus
|
|-heal|p2a: Landorus|84/100 tox|[from] item: Leftovers
|-damage|p2a: Landorus|78/100 tox|[from] psn
|upkeep
|turn|14
|l| toddlertots
|
|t:|1605790782
|switch|p1a: Gaara|Hippowdon, M|72/100 tox
|-damage|p1a: Gaara|66/100 tox|[from] Stealth Rock
|-weather|Sandstorm|[from] ability: Sand Stream|[of] p1a: Gaara
|move|p2a: Landorus|Knock Off|p1a: Gaara
|-damage|p1a: Gaara|55/100 tox
|
|-weather|Sandstorm|[upkeep]
|-heal|p2a: Landorus|84/100 tox|[from] item: Leftovers
|-damage|p2a: Landorus|72/100 tox|[from] psn
|-damage|p1a: Gaara|48/100 tox|[from] psn
|upkeep
|turn|15
|
|t:|1605790797
|move|p2a: Landorus|Earthquake|p1a: Gaara
|-damage|p1a: Gaara|24/100 tox
|move|p1a: Gaara|Stealth Rock|p2a: Landorus
|-sidestart|p2: Rheinmetal|move: Stealth Rock
|
|-weather|Sandstorm|[upkeep]
|-heal|p2a: Landorus|78/100 tox|[from] item: Leftovers
|-damage|p2a: Landorus|60/100 tox|[from] psn
|-damage|p1a: Gaara|11/100 tox|[from] psn
|upkeep
|turn|16
|
|t:|1605790807
|move|p2a: Landorus|Knock Off|p1a: Gaara
|-damage|p1a: Gaara|0 fnt
|faint|p1a: Gaara
|
|-weather|Sandstorm|[upkeep]
|-heal|p2a: Landorus|66/100 tox|[from] item: Leftovers
|-damage|p2a: Landorus|42/100 tox|[from] psn
|upkeep
|
|t:|1605790809
|switch|p1a: Onoki|Dracozolt|100/100
|-damage|p1a: Onoki|88/100|[from] Stealth Rock
|turn|17
|
|t:|1605790814
|move|p1a: Onoki|Fire Blast|p2a: Landorus
|-damage|p2a: Landorus|8/100 tox
|-damage|p1a: Onoki|78/100|[from] item: Life Orb
|move|p2a: Landorus|Defog|p1a: Onoki
|-unboost|p1a: Onoki|evasion|1
|-sideend|p1: Hinokami Returns|Stealth Rock|[from] move: Defog|[of] p2a: Landorus
|-sideend|p2: Rheinmetal|Stealth Rock|[from] move: Defog|[of] p2a: Landorus
|
|-weather|Sandstorm|[upkeep]
|-heal|p2a: Landorus|14/100 tox|[from] item: Leftovers
|-damage|p2a: Landorus|0 fnt|[from] psn
|faint|p2a: Landorus
|upkeep
|
|t:|1605790821
|switch|p2a: Pheromosa|Pheromosa|100/100
|turn|18
|
|t:|1605790832
|move|p2a: Pheromosa|Ice Beam|p1a: Onoki
|-supereffective|p1a: Onoki
|-damage|p1a: Onoki|0 fnt
|faint|p1a: Onoki
|-ability|p2a: Pheromosa|Beast Boost|boost
|-boost|p2a: Pheromosa|atk|1
|
|-weather|none
|upkeep
|
|t:|1605790838
|switch|p1a: Tsunade|Magearna|100/100
|turn|19
|
|t:|1605790847
|switch|p2a: Magearna|Magearna|100/100
|move|p1a: Tsunade|Ice Beam|p2a: Magearna
|-resisted|p2a: Magearna
|-damage|p2a: Magearna|95/100
|
|upkeep
|turn|20
|
|t:|1605790854
|move|p2a: Magearna|Flash Cannon|p1a: Tsunade
|-damage|p1a: Tsunade|87/100
|move|p1a: Tsunade|Volt Switch|p2a: Magearna
|-crit|p2a: Magearna
|-damage|p2a: Magearna|83/100
|
|t:|1605790857
|switch|p1a: Kisame|Garchomp, M|94/100|[from]move: Volt Switch
|
|upkeep
|turn|21
|
|t:|1605790861
|move|p1a: Kisame|Earthquake|p2a: Magearna
|-supereffective|p2a: Magearna
|-damage|p2a: Magearna|0 fnt
|-damage|p1a: Kisame|85/100|[from] item: Life Orb
|faint|p2a: Magearna
|
|upkeep
|
|t:|1605790869
|switch|p2a: Pheromosa|Pheromosa|100/100
|turn|22
|
|t:|1605790880
|switch|p1a: Jirobo|Toxapex, M|100/100
|move|p2a: Pheromosa|U-turn|p1a: Jirobo
|-resisted|p1a: Jirobo
|-damage|p1a: Jirobo|88/100
|-damage|p2a: Pheromosa|84/100|[from] item: Rocky Helmet|[of] p1a: Jirobo
|
|t:|1605790883
|switch|p2a: Garchomp|Garchomp, M|32/100 tox|[from]move: U-turn
|
|-damage|p2a: Garchomp|26/100 tox|[from] psn
|upkeep
|turn|23
|
|t:|1605790890
|move|p2a: Garchomp|Toxic|p1a: Jirobo
|-immune|p1a: Jirobo
|move|p1a: Jirobo|Scald|p2a: Garchomp
|-damage|p2a: Garchomp|12/100 tox
|
|-damage|p2a: Garchomp|0 fnt|[from] psn
|faint|p2a: Garchomp
|upkeep
|
|t:|1605790894
|switch|p2a: Urshifu|Urshifu, F|100/100
|turn|24
|
|t:|1605790901
|move|p2a: Urshifu|Wicked Blow|p1a: Jirobo
|-crit|p1a: Jirobo
|-damage|p1a: Jirobo|44/100
|-damage|p2a: Urshifu|84/100|[from] item: Rocky Helmet|[of] p1a: Jirobo
|move|p1a: Jirobo|Toxic|p2a: Urshifu
|-status|p2a: Urshifu|tox
|
|-damage|p2a: Urshifu|78/100 tox|[from] psn
|upkeep
|turn|25
|
|t:|1605790905
|switch|p1a: Tsunade|Magearna|87/100
|move|p2a: Urshifu|Wicked Blow|p1a: Tsunade
|-resisted|p1a: Tsunade
|-crit|p1a: Tsunade
|-damage|p1a: Tsunade|57/100
|
|-damage|p2a: Urshifu|66/100 tox|[from] psn
|upkeep
|turn|26
|
|t:|1605790917
|move|p2a: Urshifu|Wicked Blow|p1a: Tsunade
|-resisted|p1a: Tsunade
|-crit|p1a: Tsunade
|-damage|p1a: Tsunade|26/100
|move|p1a: Tsunade|Flash Cannon|p2a: Urshifu
|-damage|p2a: Urshifu|18/100 tox
|
|-damage|p2a: Urshifu|0 fnt|[from] psn
|faint|p2a: Urshifu
|-ability|p1a: Tsunade|Soul-Heart|boost
|-boost|p1a: Tsunade|spa|1
|upkeep
|
|t:|1605790922
|switch|p2a: Pheromosa|Pheromosa|84/100
|turn|27
|
|t:|1605790930
|switch|p1a: Jirobo|Toxapex, M|77/100
|move|p2a: Pheromosa|Close Combat|p1a: Jirobo
|-resisted|p1a: Jirobo
|-damage|p1a: Jirobo|56/100
|-unboost|p2a: Pheromosa|def|1
|-unboost|p2a: Pheromosa|spd|1
|-damage|p2a: Pheromosa|67/100|[from] item: Rocky Helmet|[of] p1a: Jirobo
|
|upkeep
|turn|28
|-message|Rheinmetal forfeited.
|
|win|Hinokami Returns
|l|☆Rheinmetal
|raw|Hinokami Returns's rating: 1461 &rarr; <strong>1484</strong><br />(+23 for winning)
|raw|Rheinmetal's rating: 1511 &rarr; <strong>1488</strong><br />(-23 for losing)
