|j|☆cute pink team
|j|☆Dallyranks
|t:|1655045806
|gametype|singles
|player|p1|cute pink team|266|1844
|player|p2|Dallyranks|ltsurge|1859
|teamsize|p1|6
|teamsize|p2|6
|gen|8
|tier|[Gen 8] OU
|rated|
|rule|Sleep Clause Mod: Limit one foe put to sleep
|rule|Species Clause: Limit one of each Pokémon
|rule|OHKO Clause: OHKO moves are banned
|rule|Evasion Moves Clause: Evasion moves are banned
|rule|Endless Battle Clause: Forcing endless battles is banned
|rule|HP Percentage Mod: HP is shown in percentages
|rule|Dynamax Clause: You cannot dynamax
|clearpoke
|poke|p1|Mamoswine, M|
|poke|p1|Ditto|
|poke|p1|Corviknight, M|
|poke|p1|Volcanion|
|poke|p1|Suicune|
|poke|p1|Zapdos|
|poke|p2|Regieleki|
|poke|p2|Landorus-Therian, M|
|poke|p2|Marowak-Alola, F|
|poke|p2|Bewear, F|
|poke|p2|Slowking-Galar, M|
|poke|p2|Slowbro, M|
|teampreview
|j| Marciano500
|j| Bagaco
|l| Marciano500
|c|☆Dallyranks|Different variant of the team
|j| Sino pacific
|l| Bagaco
|
|t:|1655045839
|start
|switch|p1a: Zapdos|Zapdos|100/100
|switch|p2a: Bando|Landorus-Therian, M|100/100
|-ability|p2a: Bando|Intimidate|boost
|-unboost|p1a: Zapdos|atk|1
|turn|1
|
|t:|1655045846
|move|p1a: Zapdos|Hurricane|p2a: Bando
|-damage|p2a: Bando|37/100
|move|p2a: Bando|Stealth Rock|p1a: Zapdos
|-sidestart|p1: cute pink team|move: Stealth Rock
|
|-heal|p2a: Bando|43/100|[from] item: Leftovers
|upkeep
|turn|2
|
|t:|1655045861
|switch|p1a: Corviknight|Corviknight, M|100/100
|-damage|p1a: Corviknight|88/100|[from] Stealth Rock
|-ability|p1a: Corviknight|Pressure
|switch|p2a: Slowking-Valar|Slowking-Galar, M|100/100
|
|-heal|p1a: Corviknight|94/100|[from] item: Leftovers
|upkeep
|turn|3
|
|t:|1655045872
|switch|p2a: Switch or Die|Marowak-Alola, F|100/100
|move|p1a: Corviknight|Defog|p2a: Switch or Die
|-unboost|p2a: Switch or Die|evasion|1
|-sideend|p1: cute pink team|Stealth Rock|[from] move: Defog|[of] p1a: Corviknight
|
|-heal|p1a: Corviknight|100/100|[from] item: Leftovers
|upkeep
|turn|4
|j| Xymlle
|j| loolllool
|
|t:|1655045882
|move|p2a: Switch or Die|Swords Dance|p2a: Switch or Die
|-boost|p2a: Switch or Die|atk|2
|move|p1a: Corviknight|U-turn|p2a: Switch or Die
|-resisted|p2a: Switch or Die
|-damage|p2a: Switch or Die|97/100
|
|t:|1655045888
|switch|p1a: Ditto|Ditto|100/100|[from]move: U-turn
|-transform|p1a: Ditto|p2a: Switch or Die|[from] ability: Imposter
|
|upkeep
|turn|5
|inactive|Battle timer is ON: inactive players will automatically lose when time's up. (requested by Dallyranks)
|
|t:|1655045907
|switch|p1a: Volcanion|Volcanion|100/100
|switch|p2a: Wtf Is biting Me!|Slowbro, M|100/100
|
|upkeep
|turn|6
|
|t:|1655045924
|move|p1a: Volcanion|Steam Eruption|p2a: Wtf Is biting Me!
|-resisted|p2a: Wtf Is biting Me!
|-damage|p2a: Wtf Is biting Me!|58/100
|move|p2a: Wtf Is biting Me!|Future Sight|p1a: Volcanion
|-start|p2a: Wtf Is biting Me!|move: Future Sight
|
|upkeep
|turn|7
|j| waste yrself
|
|t:|1655045939
|move|p1a: Volcanion|Steam Eruption|p2a: Wtf Is biting Me!
|-resisted|p2a: Wtf Is biting Me!
|-damage|p2a: Wtf Is biting Me!|9/100
|move|p2a: Wtf Is biting Me!|Teleport|p2a: Wtf Is biting Me!
|
|t:|1655045944
|switch|p2a: Reggie|Regieleki|100/100|[from]move: Teleport
|
|upkeep
|turn|8
|
|t:|1655045952
|switch|p1a: Mamoswine|Mamoswine, M|100/100
|move|p2a: Reggie|Volt Switch|p1a: Mamoswine
|-immune|p1a: Mamoswine
|
|-end|p1a: Mamoswine|move: Future Sight
|-damage|p1a: Mamoswine|71/100
|upkeep
|turn|9
|j| yarcii
|
|t:|1655045969
|switch|p2a: Bewary|Bewear, F|100/100
|switch|p1a: Suicune|Suicune|100/100
|-ability|p1a: Suicune|Pressure
|
|upkeep
|turn|10
|
|t:|1655045991
|switch|p2a: Reggie|Regieleki|100/100
|move|p1a: Suicune|Substitute|p1a: Suicune
|-start|p1a: Suicune|Substitute
|-damage|p1a: Suicune|75/100
|
|-heal|p1a: Suicune|82/100|[from] item: Leftovers
|upkeep
|turn|11
|
|t:|1655046001
|move|p1a: Suicune|Protect|p1a: Suicune
|-singleturn|p1a: Suicune|Protect
|move|p2a: Reggie|Thunderbolt|p1a: Suicune
|-activate|p1a: Suicune|move: Protect
|
|-heal|p1a: Suicune|88/100|[from] item: Leftovers
|upkeep
|turn|12
|
|t:|1655046009
|move|p2a: Reggie|Thunderbolt|p1a: Suicune
|-supereffective|p1a: Suicune
|-end|p1a: Suicune|Substitute
|move|p1a: Suicune|Scald|p2a: Reggie
|-damage|p2a: Reggie|50/100
|
|-heal|p1a: Suicune|94/100|[from] item: Leftovers
|upkeep
|turn|13
|
|t:|1655046024
|move|p1a: Suicune|Protect|p1a: Suicune
|-singleturn|p1a: Suicune|Protect
|move|p2a: Reggie|Thunderbolt|p1a: Suicune
|-activate|p1a: Suicune|move: Protect
|
|-heal|p1a: Suicune|99/100|[from] item: Leftovers
|upkeep
|turn|14
|
|t:|1655046031
|switch|p2a: Bewary|Bewear, F|100/100
|switch|p1a: Mamoswine|Mamoswine, M|71/100
|
|upkeep
|turn|15
|
|t:|1655046038
|switch|p1a: Corviknight|Corviknight, M|100/100
|-ability|p1a: Corviknight|Pressure
|switch|p2a: Reggie|Regieleki|50/100
|
|upkeep
|turn|16
|
|t:|1655046054
|switch|p2a: Wtf Is biting Me!|Slowbro, M|42/100
|move|p1a: Corviknight|U-turn|p2a: Wtf Is biting Me!
|-supereffective|p2a: Wtf Is biting Me!
|-damage|p2a: Wtf Is biting Me!|25/100
|-damage|p1a: Corviknight|84/100|[from] item: Rocky Helmet|[of] p2a: Wtf Is biting Me!
|
|t:|1655046056
|switch|p1a: Suicune|Suicune|99/100|[from]move: U-turn
|-ability|p1a: Suicune|Pressure
|
|-heal|p1a: Suicune|100/100|[from] item: Leftovers
|upkeep
|turn|17
|
|t:|1655046066
|switch|p2a: Slowking-Valar|Slowking-Galar, M|100/100
|move|p1a: Suicune|Substitute|p1a: Suicune
|-start|p1a: Suicune|Substitute
|-damage|p1a: Suicune|75/100
|
|-heal|p1a: Suicune|82/100|[from] item: Leftovers
|upkeep
|turn|18
|
|t:|1655046078
|move|p1a: Suicune|Calm Mind|p1a: Suicune
|-boost|p1a: Suicune|spa|1
|-boost|p1a: Suicune|spd|1
|move|p2a: Slowking-Valar|Psyshock|p1a: Suicune
|-activate|p1a: Suicune|move: Substitute|[damage]
|
|-heal|p1a: Suicune|88/100|[from] item: Leftovers
|upkeep
|turn|19
|c|☆cute pink team|lmao
|j| Not_Taken_Name637
|inactive|Dallyranks has 120 seconds left.
|c|☆cute pink team|u swear to myself last battle
|c|☆cute pink team|that i wont lose to u again
|
|t:|1655046120
|move|p1a: Suicune|Protect|p1a: Suicune
|-singleturn|p1a: Suicune|Protect
|move|p2a: Slowking-Valar|Psyshock|p1a: Suicune
|-activate|p1a: Suicune|move: Protect
|
|-heal|p1a: Suicune|94/100|[from] item: Leftovers
|upkeep
|turn|20
|
|t:|1655046128
|move|p1a: Suicune|Calm Mind|p1a: Suicune
|-boost|p1a: Suicune|spa|1
|-boost|p1a: Suicune|spd|1
|move|p2a: Slowking-Valar|Psyshock|p1a: Suicune
|-end|p1a: Suicune|Substitute
|
|-heal|p1a: Suicune|99/100|[from] item: Leftovers
|upkeep
|turn|21
|inactive|Dallyranks has 120 seconds left.
|c|☆cute pink team|suicune is my gift for ur mu
|
|t:|1655046152
|move|p1a: Suicune|Substitute|p1a: Suicune
|-start|p1a: Suicune|Substitute
|-damage|p1a: Suicune|75/100
|move|p2a: Slowking-Valar|Psyshock|p1a: Suicune
|-activate|p1a: Suicune|move: Substitute|[damage]
|
|-heal|p1a: Suicune|81/100|[from] item: Leftovers
|upkeep
|turn|22
|inactive|Dallyranks has 120 seconds left.
|c|☆Dallyranks|Lol I can switch teams too bro chill
|inactive|Dallyranks has 90 seconds left.
|c|☆cute pink team|nope
|c|☆cute pink team|ur team cant beat mine
|c|☆cute pink team|never again
|c|☆Dallyranks|Loool
|c|☆Dallyranks|so salty
|c|☆cute pink team|i dare u do that again lol
|inactive|Dallyranks has 60 seconds left.
|c|☆Dallyranks|i have plenty teams to kill this
|c|☆cute pink team|i could swap too
|c|☆cute pink team|u know what
|c|☆cute pink team|this is just an testing team
|inactive|Dallyranks has 30 seconds left.
|c|☆cute pink team|not even my 10th teams lmao
|c|☆Dallyranks|So what you think this is
|inactive|Dallyranks has 20 seconds left.
|inactive|Dallyranks has 15 seconds left.
|inactive|Dallyranks has 10 seconds left.
|c|☆Dallyranks|with Bewear on it
|inactive|Dallyranks has 5 seconds left.
|c|☆Dallyranks|lol gg my guy
|-message|Dallyranks lost due to inactivity.
|
|win|cute pink team
|raw|cute pink team's rating: 1844 &rarr; <strong>1865</strong><br />(+21 for winning)
|raw|Dallyranks's rating: 1859 &rarr; <strong>1838</strong><br />(-21 for losing)
|l|☆Dallyranks
|c|☆cute pink team|gg
|l| waste yrself
||Ladder isn't responding, score probably updated but might not have (Request timeout).
