|j|☆akkappa
|j|☆Groundt
|player|p1|akkappa|fantina|1706
|player|p2|Groundt|winona|1717
|teamsize|p1|6
|teamsize|p2|6
|gametype|singles
|gen|8
|tier|[Gen 8] OU
|rated|
|clearpoke
|poke|p1|Toxapex, M|
|poke|p1|Ferrothorn, F|
|poke|p1|Mandibuzz, F|
|poke|p1|Dragapult, M|
|poke|p1|Tyranitar, M|
|poke|p1|Dugtrio, F|
|poke|p2|Necrozma|
|poke|p2|Mandibuzz, F|
|poke|p2|Gastrodon, F|
|poke|p2|Aegislash, M|
|poke|p2|Terrakion|
|poke|p2|Kyurem|
|rule|Sleep Clause Mod: Limit one foe put to sleep
|rule|Species Clause: Limit one of each Pokémon
|rule|OHKO Clause: OHKO moves are banned
|rule|Evasion Moves Clause: Evasion moves are banned
|rule|Endless Battle Clause: Forcing endless battles is banned
|rule|HP Percentage Mod: HP is shown in percentages
|rule|Dynamax Clause: You cannot dynamax
|teampreview
|
|start
|switch|p1a: Dragapult|Dragapult, M|100/100
|switch|p2a: Necrozma|Necrozma|100/100
|turn|1
|j| tapu moxo
|
|switch|p2a: Mandibuzz|Mandibuzz, F|100/100
|move|p1a: Dragapult|U-turn|p2a: Mandibuzz
|-damage|p2a: Mandibuzz|88/100
|
|switch|p1a: Mandibuzz|Mandibuzz, F|100/100|[from]move: U-turn
|
|upkeep
|turn|2
|
|move|p1a: Mandibuzz|Toxic|p2a: Mandibuzz
|-status|p2a: Mandibuzz|tox
|move|p2a: Mandibuzz|Knock Off|p1a: Mandibuzz
|-resisted|p1a: Mandibuzz
|-damage|p1a: Mandibuzz|94/100
|-enditem|p1a: Mandibuzz|Heavy-Duty Boots|[from] move: Knock Off|[of] p2a: Mandibuzz
|
|-damage|p2a: Mandibuzz|81/100 tox|[from] psn
|upkeep
|turn|3
|j| oufhdfx
|l| oufhdfx
|
|switch|p1a: Ferrothorn|Ferrothorn, F|100/100
|move|p2a: Mandibuzz|U-turn|p1a: Ferrothorn
|-damage|p1a: Ferrothorn|94/100
|-damage|p2a: Mandibuzz|69/100 tox|[from] ability: Iron Barbs|[of] p1a: Ferrothorn
|
|switch|p2a: Kyurem|Kyurem|100/100|[from]move: U-turn
|-ability|p2a: Kyurem|Pressure
|
|-heal|p1a: Ferrothorn|99/100|[from] item: Leftovers
|upkeep
|turn|4
|j| Lightchanseyy
|
|move|p2a: Kyurem|Substitute|p2a: Kyurem
|-start|p2a: Kyurem|Substitute
|-damage|p2a: Kyurem|75/100
|move|p1a: Ferrothorn|Body Press|p2a: Kyurem
|-supereffective|p2a: Kyurem
|-end|p2a: Kyurem|Substitute
|
|-heal|p2a: Kyurem|82/100|[from] item: Leftovers
|-heal|p1a: Ferrothorn|100/100|[from] item: Leftovers
|upkeep
|turn|5
|
|move|p2a: Kyurem|Substitute|p2a: Kyurem
|-start|p2a: Kyurem|Substitute
|-damage|p2a: Kyurem|57/100
|move|p1a: Ferrothorn|Knock Off|p2a: Kyurem
|-activate|p2a: Kyurem|move: Substitute|[damage]
|
|-heal|p2a: Kyurem|63/100|[from] item: Leftovers
|upkeep
|turn|6
|
|move|p2a: Kyurem|Roost|p2a: Kyurem
|-heal|p2a: Kyurem|100/100
|-singleturn|p2a: Kyurem|move: Roost
|move|p1a: Ferrothorn|Body Press|p2a: Kyurem
|-supereffective|p2a: Kyurem
|-end|p2a: Kyurem|Substitute
|
|upkeep
|turn|7
|j| seamonkeydood
|
|move|p2a: Kyurem|Substitute|p2a: Kyurem
|-start|p2a: Kyurem|Substitute
|-damage|p2a: Kyurem|75/100
|move|p1a: Ferrothorn|Body Press|p2a: Kyurem
|-supereffective|p2a: Kyurem
|-end|p2a: Kyurem|Substitute
|
|-heal|p2a: Kyurem|82/100|[from] item: Leftovers
|upkeep
|turn|8
|
|switch|p1a: Dragapult|Dragapult, M|100/100
|move|p2a: Kyurem|Substitute|p2a: Kyurem
|-start|p2a: Kyurem|Substitute
|-damage|p2a: Kyurem|57/100
|
|-heal|p2a: Kyurem|63/100|[from] item: Leftovers
|upkeep
|turn|9
|j| Tezej ☩♛☩
|l| Tezej ☩♛☩
|
|switch|p2a: Mandibuzz|Mandibuzz, F|69/100 tox
|move|p1a: Dragapult|Draco Meteor|p2a: Mandibuzz
|-damage|p2a: Mandibuzz|12/100 tox
|-unboost|p1a: Dragapult|spa|2
|
|-damage|p2a: Mandibuzz|6/100 tox|[from] psn
|upkeep
|turn|10
|
|move|p1a: Dragapult|Draco Meteor|p2a: Mandibuzz
|-damage|p2a: Mandibuzz|0 fnt
|-unboost|p1a: Dragapult|spa|2
|faint|p2a: Mandibuzz
|
|upkeep
|
|switch|p2a: Aegislash|Aegislash, M|100/100
|turn|11
|
|switch|p1a: Toxapex|Toxapex, M|100/100
|move|p2a: Aegislash|Toxic|p1a: Toxapex
|-immune|p1a: Toxapex
|
|upkeep
|turn|12
|
|-formechange|p2a: Aegislash|Aegislash-Blade||[from] ability: Stance Change
|move|p2a: Aegislash|Shadow Ball|p1a: Toxapex
|-damage|p1a: Toxapex|56/100
|-unboost|p1a: Toxapex|spd|1
|move|p1a: Toxapex|Scald|p2a: Aegislash
|-damage|p2a: Aegislash|68/100
|-status|p2a: Aegislash|brn
|
|-heal|p1a: Toxapex|62/100|[from] item: Black Sludge
|-damage|p2a: Aegislash|62/100 brn|[from] brn
|upkeep
|turn|13
|
|switch|p2a: Kyurem|Kyurem|63/100
|-ability|p2a: Kyurem|Pressure
|switch|p1a: Tyranitar|Tyranitar, M|100/100
|-weather|Sandstorm|[from] ability: Sand Stream|[of] p1a: Tyranitar
|
|-weather|Sandstorm|[upkeep]
|-damage|p2a: Kyurem|57/100|[from] Sandstorm
|-heal|p2a: Kyurem|63/100|[from] item: Leftovers
|upkeep
|turn|14
|
|switch|p2a: Gastrodon|Gastrodon, F|100/100
|move|p1a: Tyranitar|Heavy Slam|p2a: Gastrodon
|-resisted|p2a: Gastrodon
|-damage|p2a: Gastrodon|87/100
|
|-weather|Sandstorm|[upkeep]
|-heal|p2a: Gastrodon|93/100|[from] item: Leftovers
|upkeep
|turn|15
|
|switch|p1a: Ferrothorn|Ferrothorn, F|100/100
|move|p2a: Gastrodon|Scald|p1a: Ferrothorn
|-resisted|p1a: Ferrothorn
|-damage|p1a: Ferrothorn|89/100
|
|-weather|Sandstorm|[upkeep]
|-heal|p2a: Gastrodon|99/100|[from] item: Leftovers
|-heal|p1a: Ferrothorn|96/100|[from] item: Leftovers
|upkeep
|turn|16
|
|move|p2a: Gastrodon|Scald|p1a: Ferrothorn
|-resisted|p1a: Ferrothorn
|-damage|p1a: Ferrothorn|85/100
|move|p1a: Ferrothorn|Knock Off|p2a: Gastrodon
|-damage|p2a: Gastrodon|84/100
|-enditem|p2a: Gastrodon|Leftovers|[from] move: Knock Off|[of] p1a: Ferrothorn
|
|-weather|Sandstorm|[upkeep]
|-heal|p1a: Ferrothorn|92/100|[from] item: Leftovers
|upkeep
|turn|17
|
|switch|p1a: Mandibuzz|Mandibuzz, F|94/100
|move|p2a: Gastrodon|Scald|p1a: Mandibuzz
|-damage|p1a: Mandibuzz|74/100
|
|-weather|none
|upkeep
|turn|18
|
|move|p1a: Mandibuzz|Toxic|p2a: Gastrodon
|-status|p2a: Gastrodon|tox
|move|p2a: Gastrodon|Toxic|p1a: Mandibuzz
|-status|p1a: Mandibuzz|tox
|
|-damage|p1a: Mandibuzz|68/100 tox|[from] psn
|-damage|p2a: Gastrodon|78/100 tox|[from] psn
|upkeep
|turn|19
|
|move|p1a: Mandibuzz|Roost|p1a: Mandibuzz
|-heal|p1a: Mandibuzz|100/100 tox
|-singleturn|p1a: Mandibuzz|move: Roost
|move|p2a: Gastrodon|Scald|p1a: Mandibuzz
|-damage|p1a: Mandibuzz|79/100 tox
|
|-damage|p1a: Mandibuzz|67/100 tox|[from] psn
|-damage|p2a: Gastrodon|66/100 tox|[from] psn
|upkeep
|turn|20
|
|switch|p1a: Toxapex|Toxapex, M|95/100
|move|p2a: Gastrodon|Scald|p1a: Toxapex
|-resisted|p1a: Toxapex
|-damage|p1a: Toxapex|84/100
|
|-heal|p1a: Toxapex|90/100|[from] item: Black Sludge
|-damage|p2a: Gastrodon|48/100 tox|[from] psn
|upkeep
|turn|21
|
|move|p2a: Gastrodon|Recover|p2a: Gastrodon
|-heal|p2a: Gastrodon|98/100 tox
|move|p1a: Toxapex|Recover|p1a: Toxapex
|-heal|p1a: Toxapex|100/100
|
|-damage|p2a: Gastrodon|73/100 tox|[from] psn
|upkeep
|turn|22
|inactive|Battle timer is ON: inactive players will automatically lose when time's up. (requested by Groundt)
|
|switch|p2a: Aegislash|Aegislash, M|62/100 brn
|switch|p1a: Mandibuzz|Mandibuzz, F|67/100 tox
|
|-damage|p1a: Mandibuzz|61/100 tox|[from] psn
|-damage|p2a: Aegislash|56/100 brn|[from] brn
|upkeep
|turn|23
|
|move|p1a: Mandibuzz|Knock Off|p2a: Aegislash
|-supereffective|p2a: Aegislash
|-damage|p2a: Aegislash|7/100 brn
|-enditem|p2a: Aegislash|Spooky Plate|[from] move: Knock Off|[of] p1a: Mandibuzz
|-formechange|p2a: Aegislash|Aegislash-Blade||[from] ability: Stance Change
|move|p2a: Aegislash|Flash Cannon|p1a: Mandibuzz
|-damage|p1a: Mandibuzz|21/100 tox
|
|-damage|p1a: Mandibuzz|9/100 tox|[from] psn
|-damage|p2a: Aegislash|1/100 brn|[from] brn
|upkeep
|turn|24
|l| seamonkeydood
|
|move|p1a: Mandibuzz|Roost|p1a: Mandibuzz
|-heal|p1a: Mandibuzz|59/100 tox
|-singleturn|p1a: Mandibuzz|move: Roost
|move|p2a: Aegislash|Flash Cannon|p1a: Mandibuzz
|-damage|p1a: Mandibuzz|18/100 tox
|-unboost|p1a: Mandibuzz|spd|1
|
|-damage|p1a: Mandibuzz|0 fnt|[from] psn
|faint|p1a: Mandibuzz
|-damage|p2a: Aegislash|0 fnt|[from] brn
|faint|p2a: Aegislash
|upkeep
|
|switch|p1a: Dragapult|Dragapult, M|100/100
|switch|p2a: Necrozma|Necrozma|100/100
|turn|25
|
|move|p1a: Dragapult|U-turn|p2a: Necrozma
|-supereffective|p2a: Necrozma
|-crit|p2a: Necrozma
|-damage|p2a: Necrozma|74/100
|
|switch|p1a: Tyranitar|Tyranitar, M|100/100|[from]move: U-turn
|-weather|Sandstorm|[from] ability: Sand Stream|[of] p1a: Tyranitar
|move|p2a: Necrozma|Photon Geyser|p1a: Tyranitar
|-immune|p1a: Tyranitar
|
|-weather|Sandstorm|[upkeep]
|-damage|p2a: Necrozma|68/100|[from] Sandstorm
|-heal|p2a: Necrozma|74/100|[from] item: Leftovers
|upkeep
|turn|26
|l| Lightchanseyy
|
|move|p2a: Necrozma|Stealth Rock|p1a: Tyranitar
|-sidestart|p1: akkappa|move: Stealth Rock
|move|p1a: Tyranitar|Superpower|p2a: Necrozma
|-resisted|p2a: Necrozma
|-damage|p2a: Necrozma|64/100
|-unboost|p1a: Tyranitar|atk|1
|-unboost|p1a: Tyranitar|def|1
|
|-weather|Sandstorm|[upkeep]
|-damage|p2a: Necrozma|58/100|[from] Sandstorm
|-heal|p2a: Necrozma|64/100|[from] item: Leftovers
|upkeep
|turn|27
|j| Lightchanseyy
|l| Lightchanseyy
|
|switch|p2a: Terrakion|Terrakion|100/100
|switch|p1a: Ferrothorn|Ferrothorn, F|92/100
|-damage|p1a: Ferrothorn|85/100|[from] Stealth Rock
|
|-weather|Sandstorm|[upkeep]
|-heal|p1a: Ferrothorn|92/100|[from] item: Leftovers
|upkeep
|turn|28
|
|switch|p1a: Toxapex|Toxapex, M|100/100
|-damage|p1a: Toxapex|88/100|[from] Stealth Rock
|move|p2a: Terrakion|Close Combat|p1a: Toxapex
|-resisted|p1a: Toxapex
|-damage|p1a: Toxapex|70/100
|-unboost|p2a: Terrakion|def|1
|-unboost|p2a: Terrakion|spd|1
|
|-weather|Sandstorm|[upkeep]
|-damage|p1a: Toxapex|64/100|[from] Sandstorm
|-heal|p1a: Toxapex|70/100|[from] item: Black Sludge
|upkeep
|turn|29
|
|switch|p2a: Necrozma|Necrozma|64/100
|move|p1a: Toxapex|Toxic|p2a: Necrozma
|-status|p2a: Necrozma|tox
|
|-weather|none
|-heal|p2a: Necrozma|70/100 tox|[from] item: Leftovers
|-heal|p1a: Toxapex|76/100|[from] item: Black Sludge
|-damage|p2a: Necrozma|64/100 tox|[from] psn
|upkeep
|turn|30
|l| tapu moxo
|
|switch|p2a: Terrakion|Terrakion|100/100
|switch|p1a: Tyranitar|Tyranitar, M|100/100
|-damage|p1a: Tyranitar|88/100|[from] Stealth Rock
|-weather|Sandstorm|[from] ability: Sand Stream|[of] p1a: Tyranitar
|
|-weather|Sandstorm|[upkeep]
|upkeep
|turn|31
|
|switch|p1a: Ferrothorn|Ferrothorn, F|92/100
|-damage|p1a: Ferrothorn|85/100|[from] Stealth Rock
|move|p2a: Terrakion|Close Combat|p1a: Ferrothorn
|-supereffective|p1a: Ferrothorn
|-damage|p1a: Ferrothorn|14/100
|-unboost|p2a: Terrakion|def|1
|-unboost|p2a: Terrakion|spd|1
|-damage|p2a: Terrakion|88/100|[from] ability: Iron Barbs|[of] p1a: Ferrothorn
|
|-weather|Sandstorm|[upkeep]
|-heal|p1a: Ferrothorn|20/100|[from] item: Leftovers
|upkeep
|turn|32
|
|move|p1a: Ferrothorn|Protect|p1a: Ferrothorn
|-singleturn|p1a: Ferrothorn|Protect
|move|p2a: Terrakion|Close Combat|p1a: Ferrothorn
|-activate|p1a: Ferrothorn|move: Protect
|
|-weather|Sandstorm|[upkeep]
|-heal|p1a: Ferrothorn|26/100|[from] item: Leftovers
|upkeep
|turn|33
|
|switch|p1a: Dragapult|Dragapult, M|100/100
|-damage|p1a: Dragapult|88/100|[from] Stealth Rock
|move|p2a: Terrakion|Close Combat|p1a: Dragapult
|-immune|p1a: Dragapult
|
|-weather|Sandstorm|[upkeep]
|-damage|p1a: Dragapult|82/100|[from] Sandstorm
|upkeep
|turn|34
|
|switch|p2a: Necrozma|Necrozma|64/100 tox
|move|p1a: Dragapult|U-turn|p2a: Necrozma
|-supereffective|p2a: Necrozma
|-damage|p2a: Necrozma|45/100 tox
|
|switch|p1a: Tyranitar|Tyranitar, M|88/100|[from]move: U-turn
|-damage|p1a: Tyranitar|76/100|[from] Stealth Rock
|
|-weather|none
|-heal|p2a: Necrozma|51/100 tox|[from] item: Leftovers
|-damage|p2a: Necrozma|45/100 tox|[from] psn
|upkeep
|turn|35
|
|switch|p2a: Gastrodon|Gastrodon, F|73/100 tox
|move|p1a: Tyranitar|Heavy Slam|p2a: Gastrodon
|-resisted|p2a: Gastrodon
|-damage|p2a: Gastrodon|61/100 tox
|
|-damage|p2a: Gastrodon|55/100 tox|[from] psn
|upkeep
|turn|36
|
|switch|p1a: Toxapex|Toxapex, M|100/100
|-damage|p1a: Toxapex|88/100|[from] Stealth Rock
|move|p2a: Gastrodon|Scald|p1a: Toxapex
|-resisted|p1a: Toxapex
|-damage|p1a: Toxapex|77/100
|
|-heal|p1a: Toxapex|83/100|[from] item: Black Sludge
|-damage|p2a: Gastrodon|43/100 tox|[from] psn
|upkeep
|turn|37
|
|move|p2a: Gastrodon|Recover|p2a: Gastrodon
|-heal|p2a: Gastrodon|93/100 tox
|move|p1a: Toxapex|Recover|p1a: Toxapex
|-heal|p1a: Toxapex|100/100
|
|-damage|p2a: Gastrodon|74/100 tox|[from] psn
|upkeep
|turn|38
|
|switch|p2a: Necrozma|Necrozma|45/100 tox
|move|p1a: Toxapex|Toxic|p2a: Necrozma
|-fail|p2a: Necrozma|tox
|
|-heal|p2a: Necrozma|51/100 tox|[from] item: Leftovers
|-damage|p2a: Necrozma|45/100 tox|[from] psn
|upkeep
|turn|39
|
|move|p2a: Necrozma|Photon Geyser|p1a: Toxapex
|-supereffective|p1a: Toxapex
|-damage|p1a: Toxapex|27/100
|move|p1a: Toxapex|Recover|p1a: Toxapex
|-heal|p1a: Toxapex|77/100
|
|-heal|p2a: Necrozma|51/100 tox|[from] item: Leftovers
|-heal|p1a: Toxapex|83/100|[from] item: Black Sludge
|-damage|p2a: Necrozma|39/100 tox|[from] psn
|upkeep
|turn|40
|
|switch|p2a: Terrakion|Terrakion|88/100
|switch|p1a: Ferrothorn|Ferrothorn, F|26/100
|-damage|p1a: Ferrothorn|20/100|[from] Stealth Rock
|
|-heal|p1a: Ferrothorn|26/100|[from] item: Leftovers
|upkeep
|turn|41
|
|move|p1a: Ferrothorn|Protect|p1a: Ferrothorn
|-singleturn|p1a: Ferrothorn|Protect
|move|p2a: Terrakion|Close Combat|p1a: Ferrothorn
|-activate|p1a: Ferrothorn|move: Protect
|
|-heal|p1a: Ferrothorn|33/100|[from] item: Leftovers
|upkeep
|turn|42
|
|switch|p1a: Dragapult|Dragapult, M|82/100
|-damage|p1a: Dragapult|70/100|[from] Stealth Rock
|move|p2a: Terrakion|Close Combat|p1a: Dragapult
|-immune|p1a: Dragapult
|
|upkeep
|turn|43
|
|switch|p2a: Necrozma|Necrozma|39/100 tox
|move|p1a: Dragapult|Draco Meteor|p2a: Necrozma
|-damage|p2a: Necrozma|0 fnt
|-unboost|p1a: Dragapult|spa|2
|faint|p2a: Necrozma
|
|upkeep
|
|switch|p2a: Terrakion|Terrakion|88/100
|turn|44
|
|switch|p1a: Ferrothorn|Ferrothorn, F|33/100
|-damage|p1a: Ferrothorn|26/100|[from] Stealth Rock
|move|p2a: Terrakion|Earthquake|p1a: Ferrothorn
|-damage|p1a: Ferrothorn|6/100
|
|-heal|p1a: Ferrothorn|12/100|[from] item: Leftovers
|upkeep
|turn|45
|
|move|p1a: Ferrothorn|Protect|p1a: Ferrothorn
|-singleturn|p1a: Ferrothorn|Protect
|move|p2a: Terrakion|Earthquake|p1a: Ferrothorn
|-activate|p1a: Ferrothorn|move: Protect
|
|-heal|p1a: Ferrothorn|18/100|[from] item: Leftovers
|upkeep
|turn|46
|
|move|p1a: Ferrothorn|Protect||[still]
|-fail|p1a: Ferrothorn
|move|p2a: Terrakion|Earthquake|p1a: Ferrothorn
|-damage|p1a: Ferrothorn|0 fnt
|faint|p1a: Ferrothorn
|
|upkeep
|
|switch|p1a: Dragapult|Dragapult, M|70/100
|-damage|p1a: Dragapult|58/100|[from] Stealth Rock
|turn|47
|
|move|p2a: Terrakion|Earthquake|p1a: Dragapult
|-damage|p1a: Dragapult|5/100
|move|p1a: Dragapult|Draco Meteor|p2a: Terrakion
|-damage|p2a: Terrakion|0 fnt
|-unboost|p1a: Dragapult|spa|2
|faint|p2a: Terrakion
|
|upkeep
|
|switch|p2a: Gastrodon|Gastrodon, F|74/100 tox
|turn|48
|
|move|p1a: Dragapult|Draco Meteor|p2a: Gastrodon
|-damage|p2a: Gastrodon|30/100 tox
|-unboost|p1a: Dragapult|spa|2
|move|p2a: Gastrodon|Scald|p1a: Dragapult
|-resisted|p1a: Dragapult
|-damage|p1a: Dragapult|0 fnt
|faint|p1a: Dragapult
|
|-damage|p2a: Gastrodon|24/100 tox|[from] psn
|upkeep
|
|switch|p1a: Toxapex|Toxapex, M|100/100
|-damage|p1a: Toxapex|88/100|[from] Stealth Rock
|turn|49
|
|move|p2a: Gastrodon|Scald|p1a: Toxapex
|-resisted|p1a: Toxapex
|-damage|p1a: Toxapex|78/100
|move|p1a: Toxapex|Toxic|p2a: Gastrodon
|-fail|p2a: Gastrodon|tox
|
|-heal|p1a: Toxapex|84/100|[from] item: Black Sludge
|-damage|p2a: Gastrodon|12/100 tox|[from] psn
|upkeep
|turn|50
|
|move|p2a: Gastrodon|Scald|p1a: Toxapex
|-resisted|p1a: Toxapex
|-damage|p1a: Toxapex|74/100
|move|p1a: Toxapex|Toxic|p2a: Gastrodon
|-fail|p2a: Gastrodon|tox
|
|-heal|p1a: Toxapex|80/100|[from] item: Black Sludge
|-damage|p2a: Gastrodon|0 fnt|[from] psn
|faint|p2a: Gastrodon
|upkeep
|
|switch|p2a: Kyurem|Kyurem|63/100
|-ability|p2a: Kyurem|Pressure
|turn|51
|
|switch|p1a: Tyranitar|Tyranitar, M|76/100
|-damage|p1a: Tyranitar|63/100|[from] Stealth Rock
|-weather|Sandstorm|[from] ability: Sand Stream|[of] p1a: Tyranitar
|move|p2a: Kyurem|Substitute|p2a: Kyurem
|-start|p2a: Kyurem|Substitute
|-damage|p2a: Kyurem|38/100
|
|-weather|Sandstorm|[upkeep]
|-damage|p2a: Kyurem|32/100|[from] Sandstorm
|-heal|p2a: Kyurem|38/100|[from] item: Leftovers
|upkeep
|turn|52
|
|move|p2a: Kyurem|Icicle Spear|p1a: Tyranitar
|-damage|p1a: Tyranitar|54/100
|-damage|p1a: Tyranitar|44/100
|-hitcount|p1a: Tyranitar|2
|move|p1a: Tyranitar|Heavy Slam|p2a: Kyurem
|-supereffective|p2a: Kyurem
|-activate|p2a: Kyurem|move: Substitute|[damage]
|
|-weather|Sandstorm|[upkeep]
|-damage|p2a: Kyurem|32/100|[from] Sandstorm
|-heal|p2a: Kyurem|38/100|[from] item: Leftovers
|upkeep
|turn|53
|
|move|p2a: Kyurem|Roost|p2a: Kyurem
|-heal|p2a: Kyurem|88/100
|-singleturn|p2a: Kyurem|move: Roost
|move|p1a: Tyranitar|Heavy Slam|p2a: Kyurem
|-supereffective|p2a: Kyurem
|-end|p2a: Kyurem|Substitute
|
|-weather|Sandstorm|[upkeep]
|-damage|p2a: Kyurem|82/100|[from] Sandstorm
|-heal|p2a: Kyurem|88/100|[from] item: Leftovers
|upkeep
|turn|54
|
|move|p2a: Kyurem|Substitute|p2a: Kyurem
|-start|p2a: Kyurem|Substitute
|-damage|p2a: Kyurem|63/100
|move|p1a: Tyranitar|Superpower|p2a: Kyurem
|-supereffective|p2a: Kyurem
|-end|p2a: Kyurem|Substitute
|-unboost|p1a: Tyranitar|atk|1
|-unboost|p1a: Tyranitar|def|1
|
|-weather|Sandstorm|[upkeep]
|-damage|p2a: Kyurem|57/100|[from] Sandstorm
|-heal|p2a: Kyurem|63/100|[from] item: Leftovers
|upkeep
|turn|55
|
|move|p2a: Kyurem|Substitute|p2a: Kyurem
|-start|p2a: Kyurem|Substitute
|-damage|p2a: Kyurem|38/100
|move|p1a: Tyranitar|Superpower|p2a: Kyurem
|-supereffective|p2a: Kyurem
|-end|p2a: Kyurem|Substitute
|-unboost|p1a: Tyranitar|atk|1
|-unboost|p1a: Tyranitar|def|1
|
|-weather|none
|-heal|p2a: Kyurem|44/100|[from] item: Leftovers
|upkeep
|turn|56
|
|switch|p1a: Dugtrio|Dugtrio, F|100/100
|-damage|p1a: Dugtrio|94/100|[from] Stealth Rock
|move|p2a: Kyurem|Substitute|p2a: Kyurem
|-start|p2a: Kyurem|Substitute
|-damage|p2a: Kyurem|19/100
|
|-heal|p2a: Kyurem|25/100|[from] item: Leftovers
|upkeep
|turn|57
|
|move|p1a: Dugtrio|Earthquake|p2a: Kyurem
|-crit|p2a: Kyurem
|-end|p2a: Kyurem|Substitute
|move|p2a: Kyurem|Icicle Spear|p1a: Dugtrio
|-supereffective|p1a: Dugtrio
|-damage|p1a: Dugtrio|0 fnt
|-hitcount|p1a: Dugtrio|1
|faint|p1a: Dugtrio
|
|-heal|p2a: Kyurem|31/100|[from] item: Leftovers
|upkeep
|
|switch|p1a: Tyranitar|Tyranitar, M|44/100
|-damage|p1a: Tyranitar|32/100|[from] Stealth Rock
|-weather|Sandstorm|[from] ability: Sand Stream|[of] p1a: Tyranitar
|turn|58
|
|move|p2a: Kyurem|Roost|p2a: Kyurem
|-heal|p2a: Kyurem|81/100
|-singleturn|p2a: Kyurem|move: Roost
|move|p1a: Tyranitar|Superpower|p2a: Kyurem
|-supereffective|p2a: Kyurem
|-damage|p2a: Kyurem|15/100
|-unboost|p1a: Tyranitar|atk|1
|-unboost|p1a: Tyranitar|def|1
|
|-weather|Sandstorm|[upkeep]
|-damage|p2a: Kyurem|8/100|[from] Sandstorm
|-heal|p2a: Kyurem|15/100|[from] item: Leftovers
|upkeep
|turn|59
|
|move|p2a: Kyurem|Icicle Spear|p1a: Tyranitar
|-damage|p1a: Tyranitar|17/100
|-damage|p1a: Tyranitar|3/100
|-damage|p1a: Tyranitar|0 fnt
|-hitcount|p1a: Tyranitar|3
|faint|p1a: Tyranitar
|
|-weather|Sandstorm|[upkeep]
|-damage|p2a: Kyurem|8/100|[from] Sandstorm
|-heal|p2a: Kyurem|15/100|[from] item: Leftovers
|upkeep
|
|switch|p1a: Toxapex|Toxapex, M|100/100
|-damage|p1a: Toxapex|88/100|[from] Stealth Rock
|turn|60
|-message|Groundt forfeited.
|
|win|akkappa
|l|☆Groundt
|raw|akkappa's rating: 1706 &rarr; <strong>1726</strong><br />(+20 for winning)
|raw|Groundt's rating: 1718 &rarr; <strong>1697</strong><br />(-21 for losing)
