|j|☆Stellar Flares
|j|☆Griffon 1V1
|t:|1612707996
|player|p1|Stellar Flares|169|
|player|p2|Griffon 1V1|lance|
|teamsize|p1|6
|teamsize|p2|6
|gametype|singles
|gen|8
|tier|[Gen 8] OU
|rated|Tournament battle
|clearpoke
|poke|p1|Shedinja|
|poke|p1|Blissey, F|
|poke|p1|Corviknight, M|
|poke|p1|Gastrodon, M|
|poke|p1|Reuniclus, M|
|poke|p1|Clefable, F|
|poke|p2|Pelipper, F|
|poke|p2|Kartana|
|poke|p2|Swampert, M|
|poke|p2|Magearna|
|poke|p2|Barraskewda, F|
|poke|p2|Buzzwole|
|rule|Sleep Clause Mod: Limit one foe put to sleep
|rule|Species Clause: Limit one of each Pokémon
|rule|OHKO Clause: OHKO moves are banned
|rule|Evasion Moves Clause: Evasion moves are banned
|rule|Endless Battle Clause: Forcing endless battles is banned
|rule|HP Percentage Mod: HP is shown in percentages
|rule|Dynamax Clause: You cannot dynamax
|teampreview
|j| evatco
|j| Don Colombus
|j| mtmfr
|j| Impergator
|l| Impergator
|
|t:|1612708030
|start
|switch|p1a: Blissey|Blissey, F|100/100
|switch|p2a: Swampert|Swampert, M|100/100
|turn|1
|
|t:|1612708041
|switch|p1a: Corviknight|Corviknight, M|100/100
|-ability|p1a: Corviknight|Pressure
|move|p2a: Swampert|Stealth Rock|p1a: Corviknight
|-sidestart|p1: Stellar Flares|move: Stealth Rock
|
|upkeep
|turn|2
|
|t:|1612708046
|move|p1a: Corviknight|Defog|p2a: Swampert
|-unboost|p2a: Swampert|evasion|1
|-sideend|p1: Stellar Flares|Stealth Rock|[from] move: Defog|[of] p1a: Corviknight
|move|p2a: Swampert|Flip Turn|p1a: Corviknight
|-damage|p1a: Corviknight|86/100
|-damage|p2a: Swampert|84/100|[from] item: Rocky Helmet|[of] p1a: Corviknight
|
|t:|1612708049
|switch|p2a: Magearna|Magearna|100/100|[from]move: Flip Turn
|
|upkeep
|turn|3
|
|t:|1612708058
|switch|p1a: Shedinja|Shedinja|100/100
|move|p2a: Magearna|Trick|p1a: Shedinja
|-activate|p2a: Magearna|move: Trick|[of] p1a: Shedinja
|-item|p1a: Shedinja|Choice Specs|[from] move: Trick
|-item|p2a: Magearna|Heavy-Duty Boots|[from] move: Trick
|
|upkeep
|turn|4
|
|t:|1612708067
|switch|p2a: Swampert|Swampert, M|84/100
|move|p1a: Shedinja|Toxic|p2a: Swampert
|-status|p2a: Swampert|tox
|
|-heal|p2a: Swampert|90/100 tox|[from] item: Leftovers
|-damage|p2a: Swampert|84/100 tox|[from] psn
|upkeep
|turn|5
|
|t:|1612708070
|switch|p1a: Corviknight|Corviknight, M|86/100
|-ability|p1a: Corviknight|Pressure
|move|p2a: Swampert|Stealth Rock|p1a: Corviknight
|-sidestart|p1: Stellar Flares|move: Stealth Rock
|
|-heal|p2a: Swampert|90/100 tox|[from] item: Leftovers
|-damage|p2a: Swampert|78/100 tox|[from] psn
|upkeep
|turn|6
|l| Don Colombus
|inactive|Battle timer is ON: inactive players will automatically lose when time's up. (requested by Stellar Flares)
|
|t:|1612708116
|switch|p2a: Pelipper|Pelipper, F|100/100
|-weather|RainDance|[from] ability: Drizzle|[of] p2a: Pelipper
|move|p1a: Corviknight|Defog|p2a: Pelipper
|-unboost|p2a: Pelipper|evasion|1
|-sideend|p1: Stellar Flares|Stealth Rock|[from] move: Defog|[of] p1a: Corviknight
|
|-weather|RainDance|[upkeep]
|upkeep
|turn|7
|
|t:|1612708121
|switch|p1a: Blissey|Blissey, F|100/100
|move|p2a: Pelipper|U-turn|p1a: Blissey
|-damage|p1a: Blissey|93/100
|
|t:|1612708130
|switch|p2a: Barraskewda|Barraskewda, F|100/100|[from]move: U-turn
|
|-weather|RainDance|[upkeep]
|upkeep
|turn|8
|
|t:|1612708156
|switch|p1a: Gastrodon|Gastrodon, M|100/100
|move|p2a: Barraskewda|Crunch|p1a: Gastrodon
|-damage|p1a: Gastrodon|51/100
|
|-weather|RainDance|[upkeep]
|-heal|p1a: Gastrodon|57/100|[from] item: Leftovers
|upkeep
|turn|9
|inactive|Griffon 1V1 has 120 seconds left.
|
|t:|1612708207
|switch|p2a: Swampert|Swampert, M|78/100 tox
|move|p1a: Gastrodon|Recover|p1a: Gastrodon
|-heal|p1a: Gastrodon|100/100
|
|-weather|RainDance|[upkeep]
|-heal|p2a: Swampert|84/100 tox|[from] item: Leftovers
|-damage|p2a: Swampert|78/100 tox|[from] psn
|upkeep
|turn|10
|
|t:|1612708221
|switch|p1a: Corviknight|Corviknight, M|86/100
|-ability|p1a: Corviknight|Pressure
|move|p2a: Swampert|Stealth Rock|p1a: Corviknight
|-sidestart|p1: Stellar Flares|move: Stealth Rock
|
|-weather|RainDance|[upkeep]
|-heal|p2a: Swampert|84/100 tox|[from] item: Leftovers
|-damage|p2a: Swampert|72/100 tox|[from] psn
|upkeep
|turn|11
|
|t:|1612708225
|switch|p2a: Barraskewda|Barraskewda, F|100/100
|move|p1a: Corviknight|Defog|p2a: Barraskewda
|-unboost|p2a: Barraskewda|evasion|1
|-sideend|p1: Stellar Flares|Stealth Rock|[from] move: Defog|[of] p1a: Corviknight
|
|-weather|RainDance|[upkeep]
|upkeep
|turn|12
|
|t:|1612708241
|move|p2a: Barraskewda|Crunch|p1a: Corviknight
|-damage|p1a: Corviknight|61/100
|-damage|p2a: Barraskewda|84/100|[from] item: Rocky Helmet|[of] p1a: Corviknight
|move|p1a: Corviknight|Roost|p1a: Corviknight
|-heal|p1a: Corviknight|100/100
|-singleturn|p1a: Corviknight|move: Roost
|
|-weather|RainDance|[upkeep]
|upkeep
|turn|13
|
|t:|1612708248
|switch|p2a: Swampert|Swampert, M|72/100 tox
|move|p1a: Corviknight|Brave Bird|p2a: Swampert
|-damage|p2a: Swampert|38/100 tox
|-damage|p1a: Corviknight|89/100|[from] Recoil
|
|-weather|none
|-heal|p2a: Swampert|44/100 tox|[from] item: Leftovers
|-damage|p2a: Swampert|38/100 tox|[from] psn
|upkeep
|turn|14
|inactive|Griffon 1V1 has 90 seconds left.
|
|t:|1612708285
|switch|p2a: Pelipper|Pelipper, F|100/100
|-weather|RainDance|[from] ability: Drizzle|[of] p2a: Pelipper
|move|p1a: Corviknight|Body Press|p2a: Pelipper
|-resisted|p2a: Pelipper
|-damage|p2a: Pelipper|86/100
|
|-weather|RainDance|[upkeep]
|upkeep
|turn|15
|inactive|Griffon 1V1 has 90 seconds left.
|
|t:|1612708298
|switch|p1a: Gastrodon|Gastrodon, M|100/100
|move|p2a: Pelipper|Scald|p1a: Gastrodon
|-ability|p1a: Gastrodon|Storm Drain|boost
|-boost|p1a: Gastrodon|spa|1
|
|-weather|RainDance|[upkeep]
|upkeep
|turn|16
|
|t:|1612708302
|move|p2a: Pelipper|U-turn|p1a: Gastrodon
|-damage|p1a: Gastrodon|91/100
|inactive|Griffon 1V1 has 90 seconds left.
|
|t:|1612708341
|switch|p2a: Swampert|Swampert, M|38/100 tox|[from]move: U-turn
|move|p1a: Gastrodon|Scald|p2a: Swampert
|-damage|p2a: Swampert|4/100 tox
|
|-weather|RainDance|[upkeep]
|-heal|p2a: Swampert|11/100 tox|[from] item: Leftovers
|-heal|p1a: Gastrodon|97/100|[from] item: Leftovers
|-damage|p2a: Swampert|4/100 tox|[from] psn
|upkeep
|turn|17
|inactive|Griffon 1V1 has 60 seconds left.
|inactive|Stellar Flares has 120 seconds left.
|j| Tomhyoshi
|l| Tomhyoshi
|inactive|Stellar Flares has 90 seconds left.
|
|t:|1612708413
|move|p2a: Swampert|Stealth Rock|p1a: Gastrodon
|-sidestart|p1: Stellar Flares|move: Stealth Rock
|move|p1a: Gastrodon|Scald|p2a: Swampert
|-damage|p2a: Swampert|0 fnt
|faint|p2a: Swampert
|
|-weather|RainDance|[upkeep]
|-heal|p1a: Gastrodon|100/100|[from] item: Leftovers
|upkeep
|inactive|Griffon 1V1 has 60 seconds left.
|
|t:|1612708431
|switch|p2a: Kartana|Kartana|100/100
|turn|18
|inactive|Stellar Flares has 90 seconds left.
|
|t:|1612708443
|move|p2a: Kartana|Knock Off|p1a: Gastrodon
|-damage|p1a: Gastrodon|52/100
|-enditem|p1a: Gastrodon|Leftovers|[from] move: Knock Off|[of] p2a: Kartana
|move|p1a: Gastrodon|Scald|p2a: Kartana
|-resisted|p2a: Kartana
|-damage|p2a: Kartana|21/100
|
|-weather|RainDance|[upkeep]
|upkeep
|turn|19
|
|t:|1612708448
|move|p2a: Kartana|Knock Off|p1a: Gastrodon
|-damage|p1a: Gastrodon|20/100
|move|p1a: Gastrodon|Recover|p1a: Gastrodon
|-heal|p1a: Gastrodon|70/100
|
|-weather|RainDance|[upkeep]
|upkeep
|turn|20
|-message|Griffon 1V1 forfeited.
|
|win|Stellar Flares
|n|☆Stellar Flares|stellarflares
|n|☆Griffon 1V1|griffon1v1
|n| evatco|evatco
|n| mtmfr|mtmfr
