|j|☆Gotmyvanson
|j|☆Maurice Sellerby
|t:|1648496786
|gametype|singles
|player|p1|Gotmyvanson|2|1489
|player|p2|Maurice Sellerby|gentleman-gen4|1445
|teamsize|p1|6
|teamsize|p2|6
|gen|8
|tier|[Gen 8] OU
|rated|
|rule|Sleep Clause Mod: Limit one foe put to sleep
|rule|Species Clause: Limit one of each Pokémon
|rule|OHKO Clause: OHKO moves are banned
|rule|Evasion Moves Clause: Evasion moves are banned
|rule|Endless Battle Clause: Forcing endless battles is banned
|rule|HP Percentage Mod: HP is shown in percentages
|rule|Dynamax Clause: You cannot dynamax
|clearpoke
|poke|p1|Landorus-Therian, M|
|poke|p1|Slowking, M|
|poke|p1|Gengar, M|
|poke|p1|Ferrothorn, M|
|poke|p1|Zapdos-Galar|
|poke|p1|Toxapex, M|
|poke|p2|Garchomp, M|
|poke|p2|Regieleki|
|poke|p2|Clefable, F|
|poke|p2|Weavile, F|
|poke|p2|Volcarona, M|
|poke|p2|Hatterene, F|
|teampreview
|
|t:|1648496805
|start
|switch|p1a: Landorus|Landorus-Therian, M|100/100
|switch|p2a: Weavile|Weavile, F|100/100
|-ability|p2a: Weavile|Pressure
|-ability|p1a: Landorus|Intimidate|boost
|-unboost|p2a: Weavile|atk|1
|turn|1
|
|t:|1648496813
|switch|p1a: Ferrothorn|Ferrothorn, M|100/100
|move|p2a: Weavile|Knock Off|p1a: Ferrothorn
|-damage|p1a: Ferrothorn|73/100
|-damage|p2a: Weavile|88/100|[from] ability: Iron Barbs|[of] p1a: Ferrothorn
|-damage|p2a: Weavile|72/100|[from] item: Rocky Helmet|[of] p1a: Ferrothorn
|-enditem|p1a: Ferrothorn|Rocky Helmet|[from] move: Knock Off|[of] p2a: Weavile
|
|upkeep
|turn|2
|
|t:|1648496823
|switch|p2a: Hatterene|Hatterene, F|100/100
|move|p1a: Ferrothorn|Knock Off|p2a: Hatterene
|-damage|p2a: Hatterene|76/100
|-enditem|p2a: Hatterene|Focus Sash|[from] move: Knock Off|[of] p1a: Ferrothorn
|
|upkeep
|turn|3
|
|t:|1648496832
|switch|p1a: Gengar|Gengar, M|100/100
|move|p2a: Hatterene|Mystical Fire|p1a: Gengar
|-damage|p1a: Gengar|53/100
|-unboost|p1a: Gengar|spa|1
|
|upkeep
|turn|4
|
|t:|1648496840
|move|p1a: Gengar|Sludge Wave|p2a: Hatterene
|-supereffective|p2a: Hatterene
|-damage|p2a: Hatterene|5/100
|move|p2a: Hatterene|Psyshock|p1a: Gengar
|-supereffective|p1a: Gengar
|-damage|p1a: Gengar|0 fnt
|-start|p2a: Hatterene|Disable|Psyshock|[from] ability: Cursed Body|[of] p1a: Gengar
|faint|p1a: Gengar
|
|upkeep
|
|t:|1648496845
|switch|p1a: Landorus|Landorus-Therian, M|100/100
|-ability|p1a: Landorus|Intimidate|boost
|-unboost|p2a: Hatterene|atk|1
|turn|5
|
|t:|1648496853
|move|p1a: Landorus|U-turn|p2a: Hatterene
|-damage|p2a: Hatterene|0 fnt
|faint|p2a: Hatterene
|
|t:|1648496870
|switch|p1a: Slowking|Slowking, M|100/100|[from]move: U-turn
|
|upkeep
|
|t:|1648496875
|switch|p2a: Clefable|Clefable, F|100/100
|turn|6
|
|t:|1648496878
|move|p2a: Clefable|Stealth Rock|p1a: Slowking
|-sidestart|p1: Gotmyvanson|move: Stealth Rock
|move|p1a: Slowking|Teleport|p1a: Slowking
|
|t:|1648496881
|switch|p1a: Landorus|Landorus-Therian, M|100/100|[from]move: Teleport
|-damage|p1a: Landorus|88/100|[from] Stealth Rock
|-ability|p1a: Landorus|Intimidate|boost
|-unboost|p2a: Clefable|atk|1
|
|-heal|p1a: Landorus|94/100|[from] item: Leftovers
|upkeep
|turn|7
|
|t:|1648496890
|move|p1a: Landorus|Stealth Rock|p2a: Clefable
|-sidestart|p2: Maurice Sellerby|move: Stealth Rock
|move|p2a: Clefable|Moonblast|p1a: Landorus
|-damage|p1a: Landorus|61/100
|
|-heal|p1a: Landorus|67/100|[from] item: Leftovers
|upkeep
|turn|8
|
|t:|1648496898
|move|p1a: Landorus|U-turn|p2a: Clefable
|-resisted|p2a: Clefable
|-damage|p2a: Clefable|92/100
|
|t:|1648496901
|switch|p1a: Toxapex|Toxapex, M|100/100|[from]move: U-turn
|-damage|p1a: Toxapex|88/100|[from] Stealth Rock
|move|p2a: Clefable|Moonblast|p1a: Toxapex
|-resisted|p1a: Toxapex
|-damage|p1a: Toxapex|75/100
|
|-heal|p2a: Clefable|98/100|[from] item: Leftovers
|-heal|p1a: Toxapex|81/100|[from] item: Black Sludge
|upkeep
|turn|9
|
|t:|1648496915
|switch|p2a: Volcarona|Volcarona, M|100/100
|move|p1a: Toxapex|Knock Off|p2a: Volcarona
|-damage|p2a: Volcarona|75/100
|-status|p1a: Toxapex|brn|[from] ability: Flame Body|[of] p2a: Volcarona
|-enditem|p2a: Volcarona|Heavy-Duty Boots|[from] move: Knock Off|[of] p1a: Toxapex
|
|-heal|p1a: Toxapex|88/100 brn|[from] item: Black Sludge
|-damage|p1a: Toxapex|81/100 brn|[from] brn
|upkeep
|turn|10
|
|t:|1648496927
|move|p2a: Volcarona|Quiver Dance|p2a: Volcarona
|-boost|p2a: Volcarona|spa|1
|-boost|p2a: Volcarona|spd|1
|-boost|p2a: Volcarona|spe|1
|move|p1a: Toxapex|Scald|p2a: Volcarona
|-supereffective|p2a: Volcarona
|-damage|p2a: Volcarona|55/100
|
|-heal|p1a: Toxapex|88/100 brn|[from] item: Black Sludge
|-damage|p1a: Toxapex|81/100 brn|[from] brn
|upkeep
|turn|11
|
|t:|1648496939
|move|p2a: Volcarona|Quiver Dance|p2a: Volcarona
|-boost|p2a: Volcarona|spa|1
|-boost|p2a: Volcarona|spd|1
|-boost|p2a: Volcarona|spe|1
|move|p1a: Toxapex|Haze|p1a: Toxapex
|-clearallboost
|
|-heal|p1a: Toxapex|88/100 brn|[from] item: Black Sludge
|-damage|p1a: Toxapex|81/100 brn|[from] brn
|upkeep
|turn|12
|
|t:|1648496950
|move|p2a: Volcarona|Quiver Dance|p2a: Volcarona
|-boost|p2a: Volcarona|spa|1
|-boost|p2a: Volcarona|spd|1
|-boost|p2a: Volcarona|spe|1
|move|p1a: Toxapex|Scald|p2a: Volcarona
|-supereffective|p2a: Volcarona
|-damage|p2a: Volcarona|32/100
|
|-heal|p1a: Toxapex|88/100 brn|[from] item: Black Sludge
|-damage|p1a: Toxapex|81/100 brn|[from] brn
|upkeep
|turn|13
|
|t:|1648496961
|move|p2a: Volcarona|Giga Drain|p1a: Toxapex
|-damage|p1a: Toxapex|49/100 brn
|-heal|p2a: Volcarona|48/100|[from] drain|[of] p1a: Toxapex
|move|p1a: Toxapex|Haze|p1a: Toxapex
|-clearallboost
|
|-heal|p1a: Toxapex|55/100 brn|[from] item: Black Sludge
|-damage|p1a: Toxapex|49/100 brn|[from] brn
|upkeep
|turn|14
|
|t:|1648496971
|move|p2a: Volcarona|Quiver Dance|p2a: Volcarona
|-boost|p2a: Volcarona|spa|1
|-boost|p2a: Volcarona|spd|1
|-boost|p2a: Volcarona|spe|1
|move|p1a: Toxapex|Recover|p1a: Toxapex
|-heal|p1a: Toxapex|99/100 brn
|
|-heal|p1a: Toxapex|100/100 brn|[from] item: Black Sludge
|-damage|p1a: Toxapex|94/100 brn|[from] brn
|upkeep
|turn|15
|
|t:|1648496981
|move|p2a: Volcarona|Giga Drain|p1a: Toxapex
|-damage|p1a: Toxapex|61/100 brn
|-heal|p2a: Volcarona|64/100|[from] drain|[of] p1a: Toxapex
|move|p1a: Toxapex|Haze|p1a: Toxapex
|-clearallboost
|
|-heal|p1a: Toxapex|67/100 brn|[from] item: Black Sludge
|-damage|p1a: Toxapex|61/100 brn|[from] brn
|upkeep
|turn|16
|
|t:|1648496996
|move|p2a: Volcarona|Quiver Dance|p2a: Volcarona
|-boost|p2a: Volcarona|spa|1
|-boost|p2a: Volcarona|spd|1
|-boost|p2a: Volcarona|spe|1
|move|p1a: Toxapex|Scald|p2a: Volcarona
|-supereffective|p2a: Volcarona
|-damage|p2a: Volcarona|43/100
|
|-heal|p1a: Toxapex|67/100 brn|[from] item: Black Sludge
|-damage|p1a: Toxapex|61/100 brn|[from] brn
|upkeep
|turn|17
|
|t:|1648497007
|move|p2a: Volcarona|Giga Drain|p1a: Toxapex
|-damage|p1a: Toxapex|30/100 brn
|-heal|p2a: Volcarona|58/100|[from] drain|[of] p1a: Toxapex
|move|p1a: Toxapex|Recover|p1a: Toxapex
|-heal|p1a: Toxapex|80/100 brn
|
|-heal|p1a: Toxapex|87/100 brn|[from] item: Black Sludge
|-damage|p1a: Toxapex|80/100 brn|[from] brn
|upkeep
|turn|18
|
|t:|1648497018
|move|p2a: Volcarona|Giga Drain|p1a: Toxapex
|-crit|p1a: Toxapex
|-damage|p1a: Toxapex|32/100 brn
|-heal|p2a: Volcarona|81/100|[from] drain|[of] p1a: Toxapex
|move|p1a: Toxapex|Haze|p1a: Toxapex
|-clearallboost
|
|-heal|p1a: Toxapex|39/100 brn|[from] item: Black Sludge
|-damage|p1a: Toxapex|32/100 brn|[from] brn
|upkeep
|turn|19
|
|t:|1648497029
|move|p2a: Volcarona|Fiery Dance|p1a: Toxapex
|-resisted|p1a: Toxapex
|-damage|p1a: Toxapex|14/100 brn
|move|p1a: Toxapex|Recover|p1a: Toxapex
|-heal|p1a: Toxapex|64/100 brn
|
|-heal|p1a: Toxapex|71/100 brn|[from] item: Black Sludge
|-damage|p1a: Toxapex|64/100 brn|[from] brn
|upkeep
|turn|20
|
|t:|1648497039
|move|p2a: Volcarona|Quiver Dance|p2a: Volcarona
|-boost|p2a: Volcarona|spa|1
|-boost|p2a: Volcarona|spd|1
|-boost|p2a: Volcarona|spe|1
|move|p1a: Toxapex|Recover|p1a: Toxapex
|-heal|p1a: Toxapex|100/100 brn
|
|-damage|p1a: Toxapex|94/100 brn|[from] brn
|upkeep
|turn|21
|
|t:|1648497050
|move|p2a: Volcarona|Giga Drain|p1a: Toxapex
|-damage|p1a: Toxapex|61/100 brn
|-heal|p2a: Volcarona|98/100|[from] drain|[of] p1a: Toxapex
|move|p1a: Toxapex|Haze|p1a: Toxapex
|-clearallboost
|
|-heal|p1a: Toxapex|67/100 brn|[from] item: Black Sludge
|-damage|p1a: Toxapex|61/100 brn|[from] brn
|upkeep
|turn|22
|
|t:|1648497060
|move|p2a: Volcarona|Quiver Dance|p2a: Volcarona
|-boost|p2a: Volcarona|spa|1
|-boost|p2a: Volcarona|spd|1
|-boost|p2a: Volcarona|spe|1
|move|p1a: Toxapex|Scald|p2a: Volcarona
|-supereffective|p2a: Volcarona
|-damage|p2a: Volcarona|76/100
|
|-heal|p1a: Toxapex|67/100 brn|[from] item: Black Sludge
|-damage|p1a: Toxapex|61/100 brn|[from] brn
|upkeep
|turn|23
|
|t:|1648497071
|move|p2a: Volcarona|Giga Drain|p1a: Toxapex
|-damage|p1a: Toxapex|28/100 brn
|-heal|p2a: Volcarona|92/100|[from] drain|[of] p1a: Toxapex
|move|p1a: Toxapex|Haze|p1a: Toxapex
|-clearallboost
|
|-heal|p1a: Toxapex|34/100 brn|[from] item: Black Sludge
|-damage|p1a: Toxapex|28/100 brn|[from] brn
|upkeep
|turn|24
|
|t:|1648497082
|move|p2a: Volcarona|Quiver Dance|p2a: Volcarona
|-boost|p2a: Volcarona|spa|1
|-boost|p2a: Volcarona|spd|1
|-boost|p2a: Volcarona|spe|1
|move|p1a: Toxapex|Recover|p1a: Toxapex
|-heal|p1a: Toxapex|78/100 brn
|
|-heal|p1a: Toxapex|84/100 brn|[from] item: Black Sludge
|-damage|p1a: Toxapex|78/100 brn|[from] brn
|upkeep
|turn|25
|
|t:|1648497093
|move|p2a: Volcarona|Bug Buzz|p1a: Toxapex
|-resisted|p1a: Toxapex
|-damage|p1a: Toxapex|50/100 brn
|move|p1a: Toxapex|Recover|p1a: Toxapex
|-heal|p1a: Toxapex|99/100 brn
|
|-heal|p1a: Toxapex|100/100 brn|[from] item: Black Sludge
|-damage|p1a: Toxapex|94/100 brn|[from] brn
|upkeep
|turn|26
|
|t:|1648497103
|move|p2a: Volcarona|Bug Buzz|p1a: Toxapex
|-resisted|p1a: Toxapex
|-damage|p1a: Toxapex|66/100 brn
|move|p1a: Toxapex|Haze|p1a: Toxapex
|-clearallboost
|
|-heal|p1a: Toxapex|73/100 brn|[from] item: Black Sludge
|-damage|p1a: Toxapex|66/100 brn|[from] brn
|upkeep
|turn|27
|
|t:|1648497114
|move|p2a: Volcarona|Quiver Dance|p2a: Volcarona
|-boost|p2a: Volcarona|spa|1
|-boost|p2a: Volcarona|spd|1
|-boost|p2a: Volcarona|spe|1
|move|p1a: Toxapex|Haze|p1a: Toxapex
|-clearallboost
|
|-heal|p1a: Toxapex|73/100 brn|[from] item: Black Sludge
|-damage|p1a: Toxapex|66/100 brn|[from] brn
|upkeep
|turn|28
|
|t:|1648497124
|move|p2a: Volcarona|Quiver Dance|p2a: Volcarona
|-boost|p2a: Volcarona|spa|1
|-boost|p2a: Volcarona|spd|1
|-boost|p2a: Volcarona|spe|1
|move|p1a: Toxapex|Scald|p2a: Volcarona
|-supereffective|p2a: Volcarona
|-damage|p2a: Volcarona|69/100
|
|-heal|p1a: Toxapex|73/100 brn|[from] item: Black Sludge
|-damage|p1a: Toxapex|66/100 brn|[from] brn
|upkeep
|turn|29
|
|t:|1648497135
|move|p2a: Volcarona|Giga Drain|p1a: Toxapex
|-damage|p1a: Toxapex|31/100 brn
|-heal|p2a: Volcarona|86/100|[from] drain|[of] p1a: Toxapex
|move|p1a: Toxapex|Haze|p1a: Toxapex
|-clearallboost
|
|-heal|p1a: Toxapex|37/100 brn|[from] item: Black Sludge
|-damage|p1a: Toxapex|31/100 brn|[from] brn
|upkeep
|turn|30
|
|t:|1648497146
|move|p2a: Volcarona|Quiver Dance|p2a: Volcarona
|-boost|p2a: Volcarona|spa|1
|-boost|p2a: Volcarona|spd|1
|-boost|p2a: Volcarona|spe|1
|move|p1a: Toxapex|Recover|p1a: Toxapex
|-heal|p1a: Toxapex|81/100 brn
|
|-heal|p1a: Toxapex|87/100 brn|[from] item: Black Sludge
|-damage|p1a: Toxapex|81/100 brn|[from] brn
|upkeep
|turn|31
|
|t:|1648497158
|move|p2a: Volcarona|Bug Buzz|p1a: Toxapex
|-resisted|p1a: Toxapex
|-damage|p1a: Toxapex|52/100 brn
|move|p1a: Toxapex|Haze|p1a: Toxapex
|-clearallboost
|
|-heal|p1a: Toxapex|58/100 brn|[from] item: Black Sludge
|-damage|p1a: Toxapex|52/100 brn|[from] brn
|upkeep
|turn|32
|
|t:|1648497168
|move|p2a: Volcarona|Quiver Dance|p2a: Volcarona
|-boost|p2a: Volcarona|spa|1
|-boost|p2a: Volcarona|spd|1
|-boost|p2a: Volcarona|spe|1
|move|p1a: Toxapex|Recover|p1a: Toxapex
|-heal|p1a: Toxapex|100/100 brn
|
|-damage|p1a: Toxapex|94/100 brn|[from] brn
|upkeep
|turn|33
|
|t:|1648497177
|move|p2a: Volcarona|Bug Buzz|p1a: Toxapex
|-resisted|p1a: Toxapex
|-damage|p1a: Toxapex|62/100 brn
|move|p1a: Toxapex|Haze|p1a: Toxapex
|-clearallboost
|
|-heal|p1a: Toxapex|68/100 brn|[from] item: Black Sludge
|-damage|p1a: Toxapex|62/100 brn|[from] brn
|upkeep
|turn|34
|
|t:|1648497187
|move|p2a: Volcarona|Quiver Dance|p2a: Volcarona
|-boost|p2a: Volcarona|spa|1
|-boost|p2a: Volcarona|spd|1
|-boost|p2a: Volcarona|spe|1
|move|p1a: Toxapex|Haze|p1a: Toxapex
|-clearallboost
|
|-heal|p1a: Toxapex|68/100 brn|[from] item: Black Sludge
|-damage|p1a: Toxapex|62/100 brn|[from] brn
|upkeep
|turn|35
|
|t:|1648497198
|move|p2a: Volcarona|Quiver Dance|p2a: Volcarona
|-boost|p2a: Volcarona|spa|1
|-boost|p2a: Volcarona|spd|1
|-boost|p2a: Volcarona|spe|1
|move|p1a: Toxapex|Haze|p1a: Toxapex
|-clearallboost
|
|-heal|p1a: Toxapex|68/100 brn|[from] item: Black Sludge
|-damage|p1a: Toxapex|62/100 brn|[from] brn
|upkeep
|turn|36
|
|t:|1648497208
|move|p2a: Volcarona|Quiver Dance|p2a: Volcarona
|-boost|p2a: Volcarona|spa|1
|-boost|p2a: Volcarona|spd|1
|-boost|p2a: Volcarona|spe|1
|move|p1a: Toxapex|Haze|p1a: Toxapex
|-clearallboost
|
|-heal|p1a: Toxapex|68/100 brn|[from] item: Black Sludge
|-damage|p1a: Toxapex|62/100 brn|[from] brn
|upkeep
|turn|37
|
|t:|1648497218
|move|p2a: Volcarona|Bug Buzz|p1a: Toxapex
|-resisted|p1a: Toxapex
|-damage|p1a: Toxapex|41/100 brn
|move|p1a: Toxapex|Haze|p1a: Toxapex
|-clearallboost
|
|-heal|p1a: Toxapex|48/100 brn|[from] item: Black Sludge
|-damage|p1a: Toxapex|41/100 brn|[from] brn
|upkeep
|turn|38
|
|t:|1648497228
|move|p2a: Volcarona|Quiver Dance|p2a: Volcarona
|-boost|p2a: Volcarona|spa|1
|-boost|p2a: Volcarona|spd|1
|-boost|p2a: Volcarona|spe|1
|move|p1a: Toxapex|Recover|p1a: Toxapex
|-heal|p1a: Toxapex|91/100 brn
|
|-heal|p1a: Toxapex|98/100 brn|[from] item: Black Sludge
|-damage|p1a: Toxapex|91/100 brn|[from] brn
|upkeep
|turn|39
|
|t:|1648497238
|move|p2a: Volcarona|Fiery Dance|p1a: Toxapex
|-resisted|p1a: Toxapex
|-damage|p1a: Toxapex|64/100 brn
|move|p1a: Toxapex|Haze|p1a: Toxapex
|-clearallboost
|
|-heal|p1a: Toxapex|70/100 brn|[from] item: Black Sludge
|-damage|p1a: Toxapex|64/100 brn|[from] brn
|upkeep
|turn|40
|
|t:|1648497249
|move|p2a: Volcarona|Quiver Dance|p2a: Volcarona
|-boost|p2a: Volcarona|spa|1
|-boost|p2a: Volcarona|spd|1
|-boost|p2a: Volcarona|spe|1
|move|p1a: Toxapex|Haze|p1a: Toxapex
|-clearallboost
|
|-heal|p1a: Toxapex|70/100 brn|[from] item: Black Sludge
|-damage|p1a: Toxapex|64/100 brn|[from] brn
|upkeep
|turn|41
|
|t:|1648497259
|move|p2a: Volcarona|Quiver Dance|p2a: Volcarona
|-boost|p2a: Volcarona|spa|1
|-boost|p2a: Volcarona|spd|1
|-boost|p2a: Volcarona|spe|1
|move|p1a: Toxapex|Haze|p1a: Toxapex
|-clearallboost
|
|-heal|p1a: Toxapex|70/100 brn|[from] item: Black Sludge
|-damage|p1a: Toxapex|64/100 brn|[from] brn
|upkeep
|turn|42
|
|t:|1648497269
|move|p2a: Volcarona|Fiery Dance|p1a: Toxapex
|-resisted|p1a: Toxapex
|-damage|p1a: Toxapex|47/100 brn
|move|p1a: Toxapex|Haze|p1a: Toxapex
|-clearallboost
|
|-heal|p1a: Toxapex|53/100 brn|[from] item: Black Sludge
|-damage|p1a: Toxapex|47/100 brn|[from] brn
|upkeep
|turn|43
|
|t:|1648497279
|move|p2a: Volcarona|Quiver Dance|p2a: Volcarona
|-boost|p2a: Volcarona|spa|1
|-boost|p2a: Volcarona|spd|1
|-boost|p2a: Volcarona|spe|1
|move|p1a: Toxapex|Recover|p1a: Toxapex
|-heal|p1a: Toxapex|97/100 brn
|
|-heal|p1a: Toxapex|100/100 brn|[from] item: Black Sludge
|-damage|p1a: Toxapex|94/100 brn|[from] brn
|upkeep
|turn|44
|
|t:|1648497290
|move|p2a: Volcarona|Bug Buzz|p1a: Toxapex
|-resisted|p1a: Toxapex
|-damage|p1a: Toxapex|62/100 brn
|move|p1a: Toxapex|Haze|p1a: Toxapex
|-clearallboost
|
|-heal|p1a: Toxapex|69/100 brn|[from] item: Black Sludge
|-damage|p1a: Toxapex|62/100 brn|[from] brn
|upkeep
|turn|45
|
|t:|1648497300
|move|p2a: Volcarona|Bug Buzz|p1a: Toxapex
|-resisted|p1a: Toxapex
|-damage|p1a: Toxapex|44/100 brn
|move|p1a: Toxapex|Haze|p1a: Toxapex
|-clearallboost
|
|-heal|p1a: Toxapex|50/100 brn|[from] item: Black Sludge
|-damage|p1a: Toxapex|44/100 brn|[from] brn
|upkeep
|turn|46
|
|t:|1648497310
|move|p2a: Volcarona|Quiver Dance|p2a: Volcarona
|-boost|p2a: Volcarona|spa|1
|-boost|p2a: Volcarona|spd|1
|-boost|p2a: Volcarona|spe|1
|move|p1a: Toxapex|Recover|p1a: Toxapex
|-heal|p1a: Toxapex|94/100 brn
|
|-heal|p1a: Toxapex|99/100 brn|[from] item: Black Sludge
|-damage|p1a: Toxapex|94/100 brn|[from] brn
|upkeep
|turn|47
|
|t:|1648497320
|move|p2a: Volcarona|Bug Buzz|p1a: Toxapex
|-resisted|p1a: Toxapex
|-damage|p1a: Toxapex|66/100 brn
|move|p1a: Toxapex|Haze|p1a: Toxapex
|-clearallboost
|
|-heal|p1a: Toxapex|72/100 brn|[from] item: Black Sludge
|-damage|p1a: Toxapex|66/100 brn|[from] brn
|upkeep
|turn|48
|
|t:|1648497330
|move|p2a: Volcarona|Fiery Dance|p1a: Toxapex
|-resisted|p1a: Toxapex
|-damage|p1a: Toxapex|48/100 brn
|-boost|p2a: Volcarona|spa|1
|move|p1a: Toxapex|Haze|p1a: Toxapex
|-clearallboost
|
|-heal|p1a: Toxapex|54/100 brn|[from] item: Black Sludge
|-damage|p1a: Toxapex|48/100 brn|[from] brn
|upkeep
|turn|49
|
|t:|1648497341
|move|p2a: Volcarona|Quiver Dance|p2a: Volcarona
|-boost|p2a: Volcarona|spa|1
|-boost|p2a: Volcarona|spd|1
|-boost|p2a: Volcarona|spe|1
|move|p1a: Toxapex|Haze|p1a: Toxapex
|-clearallboost
|
|-heal|p1a: Toxapex|54/100 brn|[from] item: Black Sludge
|-damage|p1a: Toxapex|48/100 brn|[from] brn
|upkeep
|turn|50
|
|t:|1648497351
|move|p2a: Volcarona|Fiery Dance|p1a: Toxapex
|-resisted|p1a: Toxapex
|-damage|p1a: Toxapex|29/100 brn
|move|p1a: Toxapex|Haze|p1a: Toxapex
|-clearallboost
|
|-heal|p1a: Toxapex|35/100 brn|[from] item: Black Sludge
|-damage|p1a: Toxapex|29/100 brn|[from] brn
|upkeep
|turn|51
|
|t:|1648497362
|move|p2a: Volcarona|Quiver Dance|p2a: Volcarona
|-boost|p2a: Volcarona|spa|1
|-boost|p2a: Volcarona|spd|1
|-boost|p2a: Volcarona|spe|1
|move|p1a: Toxapex|Recover|p1a: Toxapex
|-heal|p1a: Toxapex|79/100 brn
|
|-heal|p1a: Toxapex|85/100 brn|[from] item: Black Sludge
|-damage|p1a: Toxapex|79/100 brn|[from] brn
|upkeep
|turn|52
|
|t:|1648497373
|move|p2a: Volcarona|Fiery Dance|p1a: Toxapex
|-resisted|p1a: Toxapex
|-damage|p1a: Toxapex|51/100 brn
|move|p1a: Toxapex|Haze|p1a: Toxapex
|-clearallboost
|
|-heal|p1a: Toxapex|57/100 brn|[from] item: Black Sludge
|-damage|p1a: Toxapex|51/100 brn|[from] brn
|upkeep
|turn|53
|
|t:|1648497397
|move|p2a: Volcarona|Quiver Dance|p2a: Volcarona
|-boost|p2a: Volcarona|spa|1
|-boost|p2a: Volcarona|spd|1
|-boost|p2a: Volcarona|spe|1
|move|p1a: Toxapex|Recover|p1a: Toxapex
|-heal|p1a: Toxapex|100/100 brn
|
|-damage|p1a: Toxapex|94/100 brn|[from] brn
|upkeep
|turn|54
|
|t:|1648497407
|move|p2a: Volcarona|Bug Buzz|p1a: Toxapex
|-resisted|p1a: Toxapex
|-damage|p1a: Toxapex|63/100 brn
|move|p1a: Toxapex|Haze|p1a: Toxapex
|-clearallboost
|
|-heal|p1a: Toxapex|69/100 brn|[from] item: Black Sludge
|-damage|p1a: Toxapex|63/100 brn|[from] brn
|upkeep
|turn|55
|
|t:|1648497418
|move|p2a: Volcarona|Quiver Dance|p2a: Volcarona
|-boost|p2a: Volcarona|spa|1
|-boost|p2a: Volcarona|spd|1
|-boost|p2a: Volcarona|spe|1
|move|p1a: Toxapex|Haze|p1a: Toxapex
|-clearallboost
|
|-heal|p1a: Toxapex|69/100 brn|[from] item: Black Sludge
|-damage|p1a: Toxapex|63/100 brn|[from] brn
|upkeep
|turn|56
|
|t:|1648497428
|move|p2a: Volcarona|Fiery Dance|p1a: Toxapex
|-resisted|p1a: Toxapex
|-damage|p1a: Toxapex|43/100 brn
|-boost|p2a: Volcarona|spa|1
|move|p1a: Toxapex|Haze|p1a: Toxapex
|-clearallboost
|
|-heal|p1a: Toxapex|50/100 brn|[from] item: Black Sludge
|-damage|p1a: Toxapex|43/100 brn|[from] brn
|upkeep
|turn|57
|
|t:|1648497440
|move|p2a: Volcarona|Quiver Dance|p2a: Volcarona
|-boost|p2a: Volcarona|spa|1
|-boost|p2a: Volcarona|spd|1
|-boost|p2a: Volcarona|spe|1
|move|p1a: Toxapex|Haze|p1a: Toxapex
|-clearallboost
|
|-heal|p1a: Toxapex|50/100 brn|[from] item: Black Sludge
|-damage|p1a: Toxapex|43/100 brn|[from] brn
|upkeep
|turn|58
|
|t:|1648497450
|move|p2a: Volcarona|Fiery Dance|p1a: Toxapex
|-resisted|p1a: Toxapex
|-damage|p1a: Toxapex|27/100 brn
|move|p1a: Toxapex|Recover|p1a: Toxapex
|-heal|p1a: Toxapex|77/100 brn
|
|-heal|p1a: Toxapex|83/100 brn|[from] item: Black Sludge
|-damage|p1a: Toxapex|77/100 brn|[from] brn
|upkeep
|turn|59
|
|t:|1648497460
|move|p2a: Volcarona|Bug Buzz|p1a: Toxapex
|-resisted|p1a: Toxapex
|-damage|p1a: Toxapex|58/100 brn
|move|p1a: Toxapex|Haze|p1a: Toxapex
|-clearallboost
|
|-heal|p1a: Toxapex|64/100 brn|[from] item: Black Sludge
|-damage|p1a: Toxapex|58/100 brn|[from] brn
|upkeep
|turn|60
|
|t:|1648497470
|move|p2a: Volcarona|Quiver Dance|p2a: Volcarona
|-boost|p2a: Volcarona|spa|1
|-boost|p2a: Volcarona|spd|1
|-boost|p2a: Volcarona|spe|1
|move|p1a: Toxapex|Haze|p1a: Toxapex
|-clearallboost
|
|-heal|p1a: Toxapex|64/100 brn|[from] item: Black Sludge
|-damage|p1a: Toxapex|58/100 brn|[from] brn
|upkeep
|turn|61
|
|t:|1648497480
|move|p2a: Volcarona|Fiery Dance|p1a: Toxapex
|-resisted|p1a: Toxapex
|-damage|p1a: Toxapex|38/100 brn
|move|p1a: Toxapex|Haze|p1a: Toxapex
|-clearallboost
|
|-heal|p1a: Toxapex|45/100 brn|[from] item: Black Sludge
|-damage|p1a: Toxapex|38/100 brn|[from] brn
|upkeep
|turn|62
|
|t:|1648497490
|move|p2a: Volcarona|Quiver Dance|p2a: Volcarona
|-boost|p2a: Volcarona|spa|1
|-boost|p2a: Volcarona|spd|1
|-boost|p2a: Volcarona|spe|1
|move|p1a: Toxapex|Recover|p1a: Toxapex
|-heal|p1a: Toxapex|88/100 brn
|
|-heal|p1a: Toxapex|95/100 brn|[from] item: Black Sludge
|-damage|p1a: Toxapex|88/100 brn|[from] brn
|upkeep
|turn|63
|
|t:|1648497501
|move|p2a: Volcarona|Giga Drain|p1a: Toxapex
|-damage|p1a: Toxapex|53/100 brn
|-heal|p2a: Volcarona|100/100|[from] drain|[of] p1a: Toxapex
|move|p1a: Toxapex|Haze|p1a: Toxapex
|-clearallboost
|
|-heal|p1a: Toxapex|59/100 brn|[from] item: Black Sludge
|-damage|p1a: Toxapex|53/100 brn|[from] brn
|upkeep
|turn|64
|
|t:|1648497513
|move|p2a: Volcarona|Fiery Dance|p1a: Toxapex
|-resisted|p1a: Toxapex
|-damage|p1a: Toxapex|35/100 brn
|-boost|p2a: Volcarona|spa|1
|move|p1a: Toxapex|Haze|p1a: Toxapex
|-clearallboost
|
|-heal|p1a: Toxapex|41/100 brn|[from] item: Black Sludge
|-damage|p1a: Toxapex|35/100 brn|[from] brn
|upkeep
|turn|65
|
|t:|1648497525
|switch|p1a: Slowking|Slowking, M|100/100
|move|p2a: Volcarona|Quiver Dance|p2a: Volcarona
|-boost|p2a: Volcarona|spa|1
|-boost|p2a: Volcarona|spd|1
|-boost|p2a: Volcarona|spe|1
|
|upkeep
|turn|66
|
|t:|1648497534
|switch|p1a: Toxapex|Toxapex, M|68/100 brn
|-damage|p1a: Toxapex|56/100 brn|[from] Stealth Rock
|move|p2a: Volcarona|Bug Buzz|p1a: Toxapex
|-resisted|p1a: Toxapex
|-damage|p1a: Toxapex|26/100 brn
|
|-heal|p1a: Toxapex|32/100 brn|[from] item: Black Sludge
|-damage|p1a: Toxapex|26/100 brn|[from] brn
|upkeep
|turn|67
|
|t:|1648497546
|move|p2a: Volcarona|Bug Buzz|p1a: Toxapex
|-resisted|p1a: Toxapex
|-damage|p1a: Toxapex|0 fnt
|faint|p1a: Toxapex
|
|upkeep
|
|t:|1648497548
|switch|p1a: Zapdos|Zapdos-Galar, shiny|100/100
|-damage|p1a: Zapdos|88/100|[from] Stealth Rock
|turn|68
|
|t:|1648497558
|move|p2a: Volcarona|Fiery Dance|p1a: Zapdos
|-damage|p1a: Zapdos|17/100
|move|p1a: Zapdos|Brave Bird|p2a: Volcarona
|-supereffective|p2a: Volcarona
|-damage|p2a: Volcarona|0 fnt
|-status|p1a: Zapdos|brn|[from] ability: Flame Body|[of] p2a: Volcarona
|faint|p2a: Volcarona
|-damage|p1a: Zapdos|0 fnt|[from] Recoil
|faint|p1a: Zapdos
|
|upkeep
|
|t:|1648497574
|switch|p1a: Ferrothorn|Ferrothorn, M|73/100
|switch|p2a: Garchomp|Garchomp, M|100/100
|-damage|p2a: Garchomp|94/100|[from] Stealth Rock
|-damage|p1a: Ferrothorn|67/100|[from] Stealth Rock
|turn|69
|
|t:|1648497584
|switch|p1a: Slowking|Slowking, M|100/100
|move|p2a: Garchomp|Swords Dance|p2a: Garchomp
|-boost|p2a: Garchomp|atk|2
|
|-heal|p2a: Garchomp|100/100|[from] item: Leftovers
|upkeep
|turn|70
|
|t:|1648497592
|move|p2a: Garchomp|Earthquake|p1a: Slowking
|-damage|p1a: Slowking|0 fnt
|faint|p1a: Slowking
|
|upkeep
|l|☆Gotmyvanson
|player|p1|
|inactive|Battle timer is ON: inactive players will automatically lose when time's up. (requested by Maurice Sellerby)
|inactive|Gotmyvanson has 30 seconds to reconnect!
|inactive|Gotmyvanson has 20 seconds to reconnect!
|inactive|Gotmyvanson has 15 seconds to reconnect!
|inactive|Gotmyvanson has 10 seconds to reconnect!
|inactive|Gotmyvanson has 5 seconds to reconnect!
|-message|Gotmyvanson lost due to inactivity.
|
|win|Maurice Sellerby
|raw|Gotmyvanson's rating: 1489 &rarr; <strong>1466</strong><br />(-23 for losing)
|raw|Maurice Sellerby's rating: 1445 &rarr; <strong>1468</strong><br />(+23 for winning)
