|j|☆minimax_ai
|j|☆outd blundar
|t:|1667820160
|gametype|singles
|player|p1|minimax_ai|169|1585
|player|p2|outd blundar|101|1567
|teamsize|p1|6
|teamsize|p2|6
|gen|8
|tier|[Gen 8] OU
|rated|
|rule|Sleep Clause Mod: Limit one foe put to sleep
|rule|Species Clause: Limit one of each Pokémon
|rule|OHKO Clause: OHKO moves are banned
|rule|Evasion Items Clause: Evasion items are banned
|rule|Evasion Moves Clause: Evasion moves are banned
|rule|Endless Battle Clause: Forcing endless battles is banned
|rule|HP Percentage Mod: HP is shown in percentages
|rule|Dynamax Clause: You cannot dynamax
|clearpoke
|poke|p1|Rotom-Wash|
|poke|p1|Weavile, M|
|poke|p1|Landorus-Therian, M|
|poke|p1|Heatran, M|
|poke|p1|Tangrowth, F|
|poke|p1|Melmetal|
|poke|p2|Chansey, F|
|poke|p2|Drapion, M|
|poke|p2|Landorus-Therian, M|
|poke|p2|Rillaboom, M|
|poke|p2|Regieleki|
|poke|p2|Heliolisk, M|
|teampreview
|c|☆minimax_ai|hf
|inactive|Battle timer is ON: inactive players will automatically lose when time's up. (requested by minimax_ai)
|
|t:|1667820167
|start
|switch|p1a: Melmetal|Melmetal|100/100
|switch|p2a: Heliolisk|Heliolisk, M|100/100
|turn|1
|
|t:|1667820172
|move|p2a: Heliolisk|Glare|p1a: Melmetal
|-status|p1a: Melmetal|par
|move|p1a: Melmetal|Double Iron Bash|p2a: Heliolisk
|-resisted|p2a: Heliolisk
|-damage|p2a: Heliolisk|60/100
|-resisted|p2a: Heliolisk
|-crit|p2a: Heliolisk
|-damage|p2a: Heliolisk|0 fnt
|faint|p2a: Heliolisk
|-hitcount|p2: Heliolisk|2
|
|upkeep
|
|t:|1667820174
|switch|p2a: Landorus|Landorus-Therian, M|100/100
|-ability|p2a: Landorus|Intimidate|boost
|-unboost|p1a: Melmetal|atk|1
|turn|2
|
|t:|1667820176
|move|p2a: Landorus|Stealth Rock|p1a: Melmetal
|-sidestart|p1: minimax_ai|move: Stealth Rock
|cant|p1a: Melmetal|par
|
|upkeep
|turn|3
|
|t:|1667820178
|switch|p1a: landorustherian|Landorus-Therian, M|100/100
|-damage|p1a: landorustherian|88/100|[from] Stealth Rock
|-ability|p1a: landorustherian|Intimidate|boost
|-unboost|p2a: Landorus|atk|1
|move|p2a: Landorus|U-turn|p1a: landorustherian
|-resisted|p1a: landorustherian
|-damage|p1a: landorustherian|81/100
|
|t:|1667820182
|switch|p2a: Chansey|Chansey, F|100/100|[from]move: U-turn
|
|-heal|p1a: landorustherian|87/100|[from] item: Leftovers
|upkeep
|turn|4
|
|t:|1667820185
|move|p1a: landorustherian|Defog|p2a: Chansey
|-unboost|p2a: Chansey|evasion|1
|-sideend|p1: minimax_ai|Stealth Rock|[from] move: Defog|[of] p1a: landorustherian
|move|p2a: Chansey|Body Slam|p1a: landorustherian
|-damage|p1a: landorustherian|82/100
|-status|p1a: landorustherian|par
|
|-heal|p1a: landorustherian|88/100 par|[from] item: Leftovers
|upkeep
|turn|5
|
|t:|1667820189
|move|p2a: Chansey|Ice Beam|p1a: landorustherian
|-supereffective|p1a: landorustherian
|-damage|p1a: landorustherian|61/100 par
|move|p1a: landorustherian|Earthquake|p2a: Chansey
|-damage|p2a: Chansey|72/100
|
|-heal|p1a: landorustherian|67/100 par|[from] item: Leftovers
|upkeep
|turn|6
|
|t:|1667820192
|move|p2a: Chansey|Ice Beam|p1a: landorustherian
|-supereffective|p1a: landorustherian
|-damage|p1a: landorustherian|40/100 par
|move|p1a: landorustherian|Toxic|p2a: Chansey
|-status|p2a: Chansey|tox
|
|-heal|p1a: landorustherian|46/100 par|[from] item: Leftovers
|-damage|p2a: Chansey|65/100 tox|[from] psn
|upkeep
|turn|7
|
|t:|1667820195
|move|p2a: Chansey|Ice Beam|p1a: landorustherian
|-supereffective|p1a: landorustherian
|-damage|p1a: landorustherian|17/100 par
|move|p1a: landorustherian|U-turn|p2a: Chansey
|-damage|p2a: Chansey|51/100 tox
|
|t:|1667820195
|switch|p1a: Weavile|Weavile, M|100/100|[from]move: U-turn
|-ability|p1a: Weavile|Pressure
|
|-damage|p2a: Chansey|38/100 tox|[from] psn
|upkeep
|turn|8
|
|t:|1667820198
|move|p1a: Weavile|Triple Axel|p2a: Chansey
|-damage|p2a: Chansey|28/100 tox
|-damage|p2a: Chansey|8/100 tox
|-damage|p2a: Chansey|0 fnt
|faint|p2a: Chansey
|-hitcount|p2: Chansey|3
|
|upkeep
|
|t:|1667820203
|switch|p2a: Landorus|Landorus-Therian, M|100/100
|-ability|p2a: Landorus|Intimidate|boost
|-unboost|p1a: Weavile|atk|1
|turn|9
|j| JackTen
|
|t:|1667820206
|switch|p2a: Drapion|Drapion, M|100/100
|move|p1a: Weavile|Triple Axel|p2a: Drapion
|-damage|p2a: Drapion|92/100
|-damage|p2a: Drapion|73/100
|-damage|p2a: Drapion|45/100
|-hitcount|p2a: Drapion|3
|
|-heal|p2a: Drapion|51/100|[from] item: Black Sludge
|upkeep
|turn|10
|
|t:|1667820210
|switch|p2a: Regieleki|Regieleki|100/100
|move|p1a: Weavile|Triple Axel|p2a: Regieleki
|-damage|p2a: Regieleki|83/100
|-hitcount|p2a: Regieleki|1
|
|upkeep
|turn|11
|
|t:|1667820212
|switch|p1a: landorustherian|Landorus-Therian, M|17/100 par
|-ability|p1a: landorustherian|Intimidate|boost
|-unboost|p2a: Regieleki|atk|1
|move|p2a: Regieleki|Reflect|p2a: Regieleki
|-sidestart|p2: outd blundar|Reflect
|
|-heal|p1a: landorustherian|23/100 par|[from] item: Leftovers
|upkeep
|turn|12
|
|t:|1667820216
|move|p2a: Regieleki|Rapid Spin|p1a: landorustherian
|-damage|p1a: landorustherian|15/100 par
|-boost|p2a: Regieleki|spe|1
|move|p1a: landorustherian|U-turn|p2a: Regieleki
|-damage|p2a: Regieleki|65/100
|
|t:|1667820216
|switch|p1a: Heatran|Heatran, M|100/100|[from]move: U-turn
|-item|p1a: Heatran|Air Balloon
|
|upkeep
|turn|13
|
|t:|1667820220
|move|p2a: Regieleki|Light Screen|p2a: Regieleki
|-sidestart|p2: outd blundar|move: Light Screen
|move|p1a: Heatran|Eruption|p2a: Regieleki
|-crit|p2a: Regieleki
|-damage|p2a: Regieleki|0 fnt
|faint|p2a: Regieleki
|
|upkeep
|
|t:|1667820222
|switch|p2a: Landorus|Landorus-Therian, M|100/100
|-ability|p2a: Landorus|Intimidate|boost
|-unboost|p1a: Heatran|atk|1
|turn|14
|
|t:|1667820223
|move|p1a: Heatran|Eruption|p2a: Landorus
|-damage|p2a: Landorus|58/100
|move|p2a: Landorus|Stealth Rock|p1a: Heatran
|-sidestart|p1: minimax_ai|move: Stealth Rock
|
|upkeep
|turn|15
|
|t:|1667820226
|move|p1a: Heatran|Eruption|p2a: Landorus
|-damage|p2a: Landorus|14/100
|move|p2a: Landorus|Fling|p1a: Heatran
|-damage|p1a: Heatran|91/100
|-status|p1a: Heatran|par
|-enditem|p1a: Heatran|Air Balloon
|-enditem|p2a: Landorus|Light Ball|[from] move: Fling
|
|upkeep
|turn|16
|
|t:|1667820229
|switch|p1a: Tangrowth|Tangrowth, F|100/100
|-damage|p1a: Tangrowth|88/100|[from] Stealth Rock
|move|p2a: Landorus|U-turn|p1a: Tangrowth
|-supereffective|p1a: Tangrowth
|-damage|p1a: Tangrowth|63/100
|-damage|p2a: Landorus|0 fnt|[from] item: Rocky Helmet|[of] p1a: Tangrowth
|faint|p2a: Landorus
|
|upkeep
|
|t:|1667820234
|switch|p2a: Drapion|Drapion, M|51/100
|turn|17
|
|t:|1667820237
|move|p2a: Drapion|Substitute|p2a: Drapion
|-start|p2a: Drapion|Substitute
|-damage|p2a: Drapion|26/100
|move|p1a: Tangrowth|Sleep Powder||[still]
|-fail|p1a: Tangrowth
|
|-heal|p2a: Drapion|32/100|[from] item: Black Sludge
|upkeep
|turn|18
|
|t:|1667820239
|switch|p1a: Melmetal|Melmetal|100/100 par
|-damage|p1a: Melmetal|94/100 par|[from] Stealth Rock
|move|p2a: Drapion|Acupressure|p2a: Drapion
|-boost|p2a: Drapion|spa|2
|
|-heal|p2a: Drapion|38/100|[from] item: Black Sludge
|-sideend|p2: outd blundar|Reflect
|upkeep
|turn|19
|
|t:|1667820241
|move|p2a: Drapion|Acupressure|p2a: Drapion
|-boost|p2a: Drapion|spd|2
|move|p1a: Melmetal|Ice Punch|p2a: Drapion
|-end|p2a: Drapion|Substitute
|
|-heal|p2a: Drapion|44/100|[from] item: Black Sludge
|upkeep
|turn|20
|
|t:|1667820244
|move|p2a: Drapion|Acupressure|p2a: Drapion
|-boost|p2a: Drapion|accuracy|2
|move|p1a: Melmetal|Ice Punch|p2a: Drapion
|-damage|p2a: Drapion|15/100
|
|-heal|p2a: Drapion|21/100|[from] item: Black Sludge
|-sideend|p2: outd blundar|move: Light Screen
|upkeep
|turn|21
|
|t:|1667820247
|move|p2a: Drapion|Acupressure|p2a: Drapion
|-boost|p2a: Drapion|def|2
|move|p1a: Melmetal|Double Iron Bash|p2a: Drapion
|-damage|p2a: Drapion|3/100
|-damage|p2a: Drapion|0 fnt
|faint|p2a: Drapion
|-hitcount|p2: Drapion|2
|
|upkeep
|-message|outd blundar forfeited.
|
|win|minimax_ai
|raw|minimax_ai's rating: 1585 &rarr; <strong>1604</strong><br />(+19 for winning)
|raw|outd blundar's rating: 1567 &rarr; <strong>1548</strong><br />(-19 for losing)
|c|☆minimax_ai|gg
|l|☆outd blundar
