|j|☆knexhawk
|j|☆wsdfg
|t:|1606756198
|player|p1|knexhawk|benga|1704
|player|p2|wsdfg|burglar|1781
|teamsize|p1|6
|teamsize|p2|6
|gametype|singles
|gen|8
|tier|[Gen 8] OU
|rated|
|clearpoke
|poke|p1|Diancie|
|poke|p1|Corviknight, M|
|poke|p1|Nidoking, M|
|poke|p1|Rillaboom, M|
|poke|p1|Heatran, M|
|poke|p1|Latios, M|
|poke|p2|Kyurem|
|poke|p2|Suicune|
|poke|p2|Landorus-Therian, M|
|poke|p2|Moltres|
|poke|p2|Urshifu-*, M|
|poke|p2|Spectrier|
|rule|Sleep Clause Mod: Limit one foe put to sleep
|rule|Species Clause: Limit one of each Pokémon
|rule|OHKO Clause: OHKO moves are banned
|rule|Evasion Moves Clause: Evasion moves are banned
|rule|Endless Battle Clause: Forcing endless battles is banned
|rule|HP Percentage Mod: HP is shown in percentages
|rule|Dynamax Clause: You cannot dynamax
|teampreview
|inactive|Battle timer is ON: inactive players will automatically lose when time's up. (requested by wsdfg)
|j| I'M AT MY LIMIT!
|
|t:|1606756244
|start
|switch|p1a: Latios|Latios, M|100/100
|switch|p2a: Spectrier|Spectrier|100/100
|turn|1
|
|t:|1606756249
|switch|p1a: Diancie|Diancie|100/100
|move|p2a: Spectrier|Shadow Ball|p1a: Diancie
|-damage|p1a: Diancie|56/100
|
|-heal|p1a: Diancie|62/100|[from] item: Leftovers
|upkeep
|turn|2
|
|t:|1606756253
|move|p2a: Spectrier|Shadow Ball|p1a: Diancie
|-damage|p1a: Diancie|20/100
|move|p1a: Diancie|Mystical Fire|p2a: Spectrier
|-damage|p2a: Spectrier|81/100
|-unboost|p2a: Spectrier|spa|1
|
|-heal|p1a: Diancie|26/100|[from] item: Leftovers
|upkeep
|turn|3
|
|t:|1606756259
|switch|p1a: Heatran|Heatran, M|100/100
|move|p2a: Spectrier|Shadow Ball|p1a: Heatran
|-damage|p1a: Heatran|60/100
|
|-heal|p1a: Heatran|66/100|[from] item: Leftovers
|upkeep
|turn|4
|
|t:|1606756266
|switch|p2a: Landorus|Landorus-Therian, M|100/100
|-ability|p2a: Landorus|Intimidate|boost
|-unboost|p1a: Heatran|atk|1
|move|p1a: Heatran|Stealth Rock|p2a: Landorus
|-sidestart|p2: wsdfg|move: Stealth Rock
|
|-heal|p1a: Heatran|72/100|[from] item: Leftovers
|upkeep
|turn|5
|c|☆knexhawk|i play stall its always taunt sub horse
|c|☆knexhawk|i do anything else its always specs
|
|t:|1606756285
|move|p2a: Landorus|Stealth Rock|p1a: Heatran
|-sidestart|p1: knexhawk|move: Stealth Rock
|move|p1a: Heatran|Taunt|p2a: Landorus
|-start|p2a: Landorus|move: Taunt
|
|-heal|p1a: Heatran|78/100|[from] item: Leftovers
|upkeep
|turn|6
|
|t:|1606756289
|switch|p1a: Corviknight|Corviknight, M|100/100
|-damage|p1a: Corviknight|88/100|[from] Stealth Rock
|-ability|p1a: Corviknight|Pressure
|move|p2a: Landorus|U-turn|p1a: Corviknight
|-resisted|p1a: Corviknight
|-damage|p1a: Corviknight|85/100
|
|t:|1606756292
|switch|p2a: Spectrier|Spectrier|81/100|[from]move: U-turn
|-damage|p2a: Spectrier|69/100|[from] Stealth Rock
|
|-heal|p1a: Corviknight|91/100|[from] item: Leftovers
|upkeep
|turn|7
|
|t:|1606756299
|move|p2a: Spectrier|Shadow Ball|p1a: Corviknight
|-damage|p1a: Corviknight|20/100
|move|p1a: Corviknight|U-turn|p2a: Spectrier
|-resisted|p2a: Spectrier
|-damage|p2a: Spectrier|58/100
|
|t:|1606756302
|switch|p1a: Rillaboom|Rillaboom, M|100/100|[from]move: U-turn
|-damage|p1a: Rillaboom|88/100|[from] Stealth Rock
|-fieldstart|move: Grassy Terrain|[from] ability: Grassy Surge|[of] p1a: Rillaboom
|
|-heal|p2a: Spectrier|64/100|[from] Grassy Terrain
|-heal|p1a: Rillaboom|94/100|[from] Grassy Terrain
|upkeep
|turn|8
|j| Vessev
|
|t:|1606756305
|switch|p2a: Moltres|Moltres|100/100
|move|p1a: Rillaboom|Knock Off|p2a: Moltres
|-damage|p2a: Moltres|67/100
|-enditem|p2a: Moltres|Heavy-Duty Boots|[from] move: Knock Off|[of] p1a: Rillaboom
|
|-heal|p1a: Rillaboom|100/100|[from] Grassy Terrain
|upkeep
|turn|9
|
|t:|1606756310
|switch|p1a: Latios|Latios, M|100/100
|-damage|p1a: Latios|88/100|[from] Stealth Rock
|move|p2a: Moltres|Defog|p1a: Latios
|-unboost|p1a: Latios|evasion|1
|-sideend|p1: knexhawk|Stealth Rock|[from] move: Defog|[of] p2a: Moltres
|-sideend|p2: wsdfg|Stealth Rock|[from] move: Defog|[of] p2a: Moltres
|-fieldend|move: Grassy Terrain
|
|upkeep
|turn|10
|
|t:|1606756316
|switch|p2a: Landorus|Landorus-Therian, M|100/100
|-ability|p2a: Landorus|Intimidate|boost
|-unboost|p1a: Latios|atk|1
|move|p1a: Latios|Psyshock|p2a: Landorus
|-damage|p2a: Landorus|44/100
|-damage|p1a: Latios|78/100|[from] item: Life Orb
|
|-heal|p2a: Landorus|50/100|[from] item: Leftovers
|upkeep
|turn|11
|
|t:|1606756323
|move|p1a: Latios|Psyshock|p2a: Landorus
|-damage|p2a: Landorus|1/100
|-damage|p1a: Latios|68/100|[from] item: Life Orb
|move|p2a: Landorus|Stealth Rock|p1a: Latios
|-sidestart|p1: knexhawk|move: Stealth Rock
|
|-heal|p2a: Landorus|7/100|[from] item: Leftovers
|upkeep
|turn|12
|
|t:|1606756327
|move|p1a: Latios|Psyshock|p2a: Landorus
|-crit|p2a: Landorus
|-damage|p2a: Landorus|0 fnt
|-damage|p1a: Latios|58/100|[from] item: Life Orb
|faint|p2a: Landorus
|
|upkeep
|
|t:|1606756329
|switch|p2a: Spectrier|Spectrier|64/100
|turn|13
|
|t:|1606756336
|switch|p1a: Corviknight|Corviknight, M|20/100
|-damage|p1a: Corviknight|8/100|[from] Stealth Rock
|-ability|p1a: Corviknight|Pressure
|move|p2a: Spectrier|Shadow Ball|p1a: Corviknight
|-damage|p1a: Corviknight|0 fnt
|faint|p1a: Corviknight
|-ability|p2a: Spectrier|Grim Neigh|boost
|-boost|p2a: Spectrier|spa|1
|
|upkeep
|
|t:|1606756338
|switch|p1a: Rillaboom|Rillaboom, M|100/100
|-damage|p1a: Rillaboom|88/100|[from] Stealth Rock
|-fieldstart|move: Grassy Terrain|[from] ability: Grassy Surge|[of] p1a: Rillaboom
|turn|14
|
|t:|1606756343
|switch|p2a: Moltres|Moltres|67/100
|switch|p1a: Heatran|Heatran, M|78/100
|-damage|p1a: Heatran|66/100|[from] Stealth Rock
|
|-heal|p1a: Heatran|72/100|[from] item: Leftovers
|-heal|p1a: Heatran|78/100|[from] Grassy Terrain
|upkeep
|turn|15
|
|t:|1606756347
|move|p2a: Moltres|Scorching Sands|p1a: Heatran
|-supereffective|p1a: Heatran
|-damage|p1a: Heatran|10/100
|move|p1a: Heatran|Stealth Rock|p2a: Moltres
|-sidestart|p2: wsdfg|move: Stealth Rock
|
|-heal|p1a: Heatran|16/100|[from] item: Leftovers
|-heal|p1a: Heatran|23/100|[from] Grassy Terrain
|upkeep
|turn|16
|
|t:|1606756356
|switch|p1a: Diancie|Diancie|26/100
|-damage|p1a: Diancie|13/100|[from] Stealth Rock
|move|p2a: Moltres|Defog|p1a: Diancie
|-fail|p1a: Diancie|unboost|[from] ability: Clear Body|[of] p1a: Diancie
|-sideend|p1: knexhawk|Stealth Rock|[from] move: Defog|[of] p2a: Moltres
|-sideend|p2: wsdfg|Stealth Rock|[from] move: Defog|[of] p2a: Moltres
|-fieldend|move: Grassy Terrain
|
|-heal|p1a: Diancie|20/100|[from] item: Leftovers
|upkeep
|turn|17
|
|t:|1606756363
|move|p2a: Moltres|Scorching Sands|p1a: Diancie
|-supereffective|p1a: Diancie
|-damage|p1a: Diancie|0 fnt
|faint|p1a: Diancie
|
|upkeep
|
|t:|1606756366
|switch|p1a: Latios|Latios, M|58/100
|turn|18
|
|t:|1606756371
|switch|p2a: Kyurem|Kyurem|100/100
|-ability|p2a: Kyurem|Pressure
|move|p1a: Latios|Draco Meteor|p2a: Kyurem|[miss]
|-miss|p1a: Latios|p2a: Kyurem
|
|upkeep
|turn|19
|
|t:|1606756375
|move|p1a: Latios|Draco Meteor|p2a: Kyurem
|-supereffective|p2a: Kyurem
|-damage|p2a: Kyurem|0 fnt
|-unboost|p1a: Latios|spa|2
|-damage|p1a: Latios|48/100|[from] item: Life Orb
|faint|p2a: Kyurem
|
|upkeep
|
|t:|1606756378
|switch|p2a: Spectrier|Spectrier|64/100
|turn|20
|
|t:|1606756387
|switch|p1a: Heatran|Heatran, M|23/100
|move|p2a: Spectrier|Shadow Ball|p1a: Heatran
|-damage|p1a: Heatran|0 fnt
|faint|p1a: Heatran
|-ability|p2a: Spectrier|Grim Neigh|boost
|-boost|p2a: Spectrier|spa|1
|
|upkeep
|
|t:|1606756388
|switch|p1a: Rillaboom|Rillaboom, M|88/100
|-fieldstart|move: Grassy Terrain|[from] ability: Grassy Surge|[of] p1a: Rillaboom
|turn|21
|
|t:|1606756398
|switch|p2a: Moltres|Moltres|67/100
|move|p1a: Rillaboom|Grassy Glide|p2a: Moltres
|-resisted|p2a: Moltres
|-damage|p2a: Moltres|54/100
|
|-heal|p1a: Rillaboom|94/100|[from] Grassy Terrain
|upkeep
|turn|22
|
|t:|1606756402
|switch|p1a: Nidoking|Nidoking, M|100/100
|move|p2a: Moltres|Roost|p2a: Moltres
|-heal|p2a: Moltres|100/100
|-singleturn|p2a: Moltres|move: Roost
|
|upkeep
|turn|23
|
|t:|1606756408
|switch|p2a: Suicune|Suicune|100/100
|-ability|p2a: Suicune|Pressure
|move|p1a: Nidoking|Sludge Wave|p2a: Suicune
|-damage|p2a: Suicune|49/100
|
|-heal|p2a: Suicune|55/100|[from] item: Leftovers
|-heal|p2a: Suicune|62/100|[from] Grassy Terrain
|upkeep
|turn|24
|
|t:|1606756412
|move|p1a: Nidoking|Earth Power|p2a: Suicune
|-damage|p2a: Suicune|11/100
|move|p2a: Suicune|Scald|p1a: Nidoking
|-supereffective|p1a: Nidoking
|-damage|p1a: Nidoking|17/100
|-status|p1a: Nidoking|brn
|
|-heal|p1a: Nidoking|23/100 brn|[from] Grassy Terrain
|-heal|p2a: Suicune|17/100|[from] item: Leftovers
|-heal|p2a: Suicune|24/100|[from] Grassy Terrain
|-damage|p1a: Nidoking|17/100 brn|[from] brn
|upkeep
|turn|25
|
|t:|1606756419
|move|p1a: Nidoking|Sludge Wave|p2a: Suicune
|-damage|p2a: Suicune|0 fnt
|faint|p2a: Suicune
|
|-heal|p1a: Nidoking|23/100 brn|[from] Grassy Terrain
|-fieldend|move: Grassy Terrain
|-damage|p1a: Nidoking|17/100 brn|[from] brn
|upkeep
|
|t:|1606756421
|switch|p2a: Spectrier|Spectrier|64/100
|turn|26
|
|t:|1606756424
|move|p2a: Spectrier|Shadow Ball|p1a: Nidoking
|-damage|p1a: Nidoking|0 fnt
|faint|p1a: Nidoking
|-ability|p2a: Spectrier|Grim Neigh|boost
|-boost|p2a: Spectrier|spa|1
|
|upkeep
|
|t:|1606756429
|switch|p1a: Rillaboom|Rillaboom, M|94/100
|-fieldstart|move: Grassy Terrain|[from] ability: Grassy Surge|[of] p1a: Rillaboom
|turn|27
|
|t:|1606756432
|switch|p2a: Urshifu|Urshifu, M|100/100
|switch|p1a: Latios|Latios, M|48/100
|
|upkeep
|turn|28
|
|t:|1606756435
|move|p1a: Latios|Draco Meteor|p2a: Urshifu
|-damage|p2a: Urshifu|0 fnt
|-unboost|p1a: Latios|spa|2
|-damage|p1a: Latios|38/100|[from] item: Life Orb
|faint|p2a: Urshifu
|
|upkeep
|
|t:|1606756438
|switch|p2a: Spectrier|Spectrier|64/100
|turn|29
|
|t:|1606756440
|switch|p1a: Rillaboom|Rillaboom, M|94/100
|move|p2a: Spectrier|Shadow Ball|p1a: Rillaboom
|-damage|p1a: Rillaboom|0 fnt
|faint|p1a: Rillaboom
|-ability|p2a: Spectrier|Grim Neigh|boost
|-boost|p2a: Spectrier|spa|1
|
|-heal|p2a: Spectrier|70/100|[from] Grassy Terrain
|upkeep
|-message|knexhawk forfeited.
|
|win|wsdfg
|l|☆knexhawk
|l|☆wsdfg
