|j|☆RegiSetsu
|j|☆Geenobe
|t:|1636661823
|gametype|singles
|player|p1|RegiSetsu|lucy-gen3|
|player|p2|Geenobe|guzma|
|teamsize|p1|6
|teamsize|p2|6
|gen|8
|tier|[Gen 8] OU
|rule|Sleep Clause Mod: Limit one foe put to sleep
|rule|Species Clause: Limit one of each Pokémon
|rule|OHKO Clause: OHKO moves are banned
|rule|Evasion Moves Clause: Evasion moves are banned
|rule|Endless Battle Clause: Forcing endless battles is banned
|rule|HP Percentage Mod: HP is shown in percentages
|rule|Dynamax Clause: You cannot dynamax
|clearpoke
|poke|p1|Regice|
|poke|p1|Regidrago|
|poke|p1|Regieleki|
|poke|p1|Blacephalon|
|poke|p1|Regirock|
|poke|p1|Registeel|
|poke|p2|Incineroar, M|
|poke|p2|Zapdos|
|poke|p2|Landorus-Therian, M|
|poke|p2|Melmetal|
|poke|p2|Rillaboom, M|
|poke|p2|Kyurem|
|teampreview
|c|☆RegiSetsu|hf
|c|☆Geenobe|No regigigas, smh
|c|☆Geenobe|Glhf
|c|☆RegiSetsu|he is right there
|c|☆Geenobe|Oh yes true
|
|t:|1636661853
|start
|switch|p1a: zReptar|Regirock|100/100
|switch|p2a: Big Garf|Incineroar, M|100/100
|-ability|p2a: Big Garf|Intimidate|boost
|-unboost|p1a: zReptar|atk|1
|turn|1
|
|t:|1636661860
|move|p2a: Big Garf|Parting Shot|p1a: zReptar
|-unboost|p1a: zReptar|atk|1
|-unboost|p1a: zReptar|spa|1
|
|t:|1636661868
|switch|p2a: 01000110 01010101|Melmetal|100/100|[from]move: Parting Shot
|move|p1a: zReptar|Stealth Rock|p2a: 01000110 01010101
|-sidestart|p2: Geenobe|move: Stealth Rock
|
|upkeep
|turn|2
|
|t:|1636661877
|move|p1a: zReptar|Body Press|p2a: 01000110 01010101
|-supereffective|p2a: 01000110 01010101
|-damage|p2a: 01000110 01010101|50/100
|move|p2a: 01000110 01010101|Earthquake|p1a: zReptar
|-supereffective|p1a: zReptar
|-damage|p1a: zReptar|72/100
|
|upkeep
|turn|3
|
|t:|1636661887
|switch|p2a: Overused|Landorus-Therian, M|100/100
|-damage|p2a: Overused|88/100|[from] Stealth Rock
|-ability|p2a: Overused|Intimidate|boost
|-unboost|p1a: zReptar|atk|1
|move|p1a: zReptar|Body Press|p2a: Overused
|-resisted|p2a: Overused
|-damage|p2a: Overused|69/100
|
|-heal|p2a: Overused|75/100|[from] item: Leftovers
|upkeep
|turn|4
|
|t:|1636661897
|move|p2a: Overused|Stealth Rock|p1a: zReptar
|-sidestart|p1: RegiSetsu|move: Stealth Rock
|move|p1a: zReptar|Explosion|p2a: Overused
|-damage|p2a: Overused|54/100
|faint|p1a: zReptar
|
|-heal|p2a: Overused|60/100|[from] item: Leftovers
|upkeep
|
|t:|1636661902
|switch|p1a: micaham|Regidrago|100/100
|-damage|p1a: micaham|88/100|[from] Stealth Rock
|turn|5
|
|t:|1636661906
|move|p1a: micaham|Dragon Energy|p2a: Overused
|-damage|p2a: Overused|0 fnt
|faint|p2a: Overused
|
|upkeep
|
|t:|1636661911
|switch|p2a: Capital a|Kyurem|100/100
|-damage|p2a: Capital a|76/100|[from] Stealth Rock
|-ability|p2a: Capital a|Pressure
|turn|6
|
|t:|1636661926
|switch|p1a: knexhawk2|Regice|100/100
|-damage|p1a: knexhawk2|76/100|[from] Stealth Rock
|move|p2a: Capital a|Draco Meteor|p1a: knexhawk2
|-crit|p1a: knexhawk2
|-damage|p1a: knexhawk2|2/100
|-unboost|p2a: Capital a|spa|2
|
|upkeep
|turn|7
|
|t:|1636661936
|move|p2a: Capital a|Draco Meteor|p1a: knexhawk2
|-damage|p1a: knexhawk2|0 fnt
|-unboost|p2a: Capital a|spa|2
|faint|p1a: knexhawk2
|
|upkeep
|
|t:|1636661955
|switch|p1a: Down$hift|Registeel|100/100
|-damage|p1a: Down$hift|94/100|[from] Stealth Rock
|turn|8
|
|t:|1636661966
|switch|p2a: 01000110 01010101|Melmetal|50/100
|-damage|p2a: 01000110 01010101|44/100|[from] Stealth Rock
|move|p1a: Down$hift|Iron Defense|p1a: Down$hift
|-boost|p1a: Down$hift|def|2
|
|-heal|p1a: Down$hift|100/100|[from] item: Leftovers
|upkeep
|turn|9
|
|t:|1636661987
|switch|p2a: Roc|Zapdos, shiny|100/100
|move|p1a: Down$hift|Amnesia|p1a: Down$hift
|-boost|p1a: Down$hift|spd|2
|
|upkeep
|turn|10
|
|t:|1636661990
|move|p2a: Roc|Defog|p1a: Down$hift
|-fail|p1a: Down$hift|unboost|[from] ability: Clear Body|[of] p1a: Down$hift
|-sideend|p1: RegiSetsu|Stealth Rock|[from] move: Defog|[of] p2a: Roc
|-sideend|p2: Geenobe|Stealth Rock|[from] move: Defog|[of] p2a: Roc
|move|p1a: Down$hift|Amnesia|p1a: Down$hift
|-boost|p1a: Down$hift|spd|2
|
|upkeep
|turn|11
|
|t:|1636661999
|move|p2a: Roc|Discharge|p1a: Down$hift
|-damage|p1a: Down$hift|93/100
|-status|p1a: Down$hift|par
|move|p1a: Down$hift|Iron Defense|p1a: Down$hift
|-boost|p1a: Down$hift|def|2
|
|-heal|p1a: Down$hift|99/100 par|[from] item: Leftovers
|upkeep
|turn|12
|
|t:|1636662005
|switch|p2a: Big Garf|Incineroar, M|100/100
|-ability|p2a: Big Garf|Intimidate|boost
|-fail|p1a: Down$hift|unboost|[from] ability: Clear Body|[of] p1a: Down$hift
|move|p1a: Down$hift|Iron Defense|p1a: Down$hift
|-boost|p1a: Down$hift|def|2
|
|-heal|p1a: Down$hift|100/100 par|[from] item: Leftovers
|upkeep
|turn|13
|
|t:|1636662012
|move|p2a: Big Garf|Knock Off|p1a: Down$hift
|-damage|p1a: Down$hift|91/100 par
|-enditem|p1a: Down$hift|Leftovers|[from] move: Knock Off|[of] p2a: Big Garf
|move|p1a: Down$hift|Body Press|p2a: Big Garf
|-supereffective|p2a: Big Garf
|-damage|p2a: Big Garf|0 fnt
|faint|p2a: Big Garf
|
|upkeep
|
|t:|1636662024
|switch|p2a: Roc|Zapdos, shiny|100/100
|turn|14
|
|t:|1636662027
|move|p2a: Roc|Discharge|p1a: Down$hift
|-damage|p1a: Down$hift|83/100 par
|move|p1a: Down$hift|Amnesia|p1a: Down$hift
|-boost|p1a: Down$hift|spd|2
|
|upkeep
|turn|15
|
|t:|1636662033
|move|p2a: Roc|Discharge|p1a: Down$hift
|-crit|p1a: Down$hift
|-damage|p1a: Down$hift|47/100 par
|cant|p1a: Down$hift|par
|
|upkeep
|turn|16
|
|t:|1636662039
|move|p2a: Roc|Discharge|p1a: Down$hift
|-damage|p1a: Down$hift|41/100 par
|move|p1a: Down$hift|Rest|p1a: Down$hift
|-status|p1a: Down$hift|slp|[from] move: Rest
|-heal|p1a: Down$hift|100/100 slp|[silent]
|
|upkeep
|turn|17
|c|☆Geenobe|I think this is gg actuslly lmao
|c|☆RegiSetsu|gg
|c|☆Geenobe|i can only win if I get really lucky
|c|☆Geenobe|well imma try it, if this fails gg
|c|☆RegiSetsu|yee i mean
|c|☆RegiSetsu|it can happen
|
|t:|1636662063
|switch|p2a: Capital a|Kyurem|76/100
|-ability|p2a: Capital a|Pressure
|cant|p1a: Down$hift|slp
|
|upkeep
|turn|18
|c|☆RegiSetsu|crit ep prob kills
|
|t:|1636662069
|move|p2a: Capital a|Earth Power|p1a: Down$hift
|-supereffective|p1a: Down$hift
|-damage|p1a: Down$hift|87/100 slp
|cant|p1a: Down$hift|slp
|
|upkeep
|turn|19
|
|t:|1636662074
|move|p2a: Capital a|Earth Power|p1a: Down$hift
|-supereffective|p1a: Down$hift
|-damage|p1a: Down$hift|75/100 slp
|-curestatus|p1a: Down$hift|slp|[msg]
|move|p1a: Down$hift|Body Press|p2a: Capital a
|-supereffective|p2a: Capital a
|-damage|p2a: Capital a|0 fnt
|faint|p2a: Capital a
|
|upkeep
|c|☆Geenobe|Ggwp
|c|☆RegiSetsu|gg
|c|☆Geenobe|i need to finish my regi team
|-message|Geenobe forfeited.
|
|win|RegiSetsu
