|raw|<div class="broadcast-blue"><strong>This battle is required to be public due to a player having a name starting with 'lt81yl'.</div>
|j|☆LT81YL far
|j|☆Lenape
|t:|1625589889
|gametype|singles
|player|p1|LT81YL far|1|1782
|player|p2|Lenape|170|1789
|teamsize|p1|6
|teamsize|p2|6
|gen|8
|tier|[Gen 8] OU
|rated|
|rule|Sleep Clause Mod: Limit one foe put to sleep
|rule|Species Clause: Limit one of each Pokémon
|rule|OHKO Clause: OHKO moves are banned
|rule|Evasion Moves Clause: Evasion moves are banned
|rule|Endless Battle Clause: Forcing endless battles is banned
|rule|HP Percentage Mod: HP is shown in percentages
|rule|Dynamax Clause: You cannot dynamax
|clearpoke
|poke|p1|Scizor, M|
|poke|p1|Clefable, F|
|poke|p1|Heatran, M|
|poke|p1|Gastrodon, M|
|poke|p1|Mandibuzz, F|
|poke|p1|Tapu Koko|
|poke|p2|Rotom-Heat|
|poke|p2|Corviknight, M|
|poke|p2|Sylveon, F|
|poke|p2|Rhyperior, M|
|poke|p2|Toxapex, F|
|poke|p2|Umbreon, M|
|teampreview
|inactive|Battle timer is ON: inactive players will automatically lose when time's up. (requested by LT81YL far)
|inactive|Lenape also wants the timer to be on.
|j| pokemonkorea co kr
|inactive|LT81YL far has 120 seconds left.
|
|t:|1625589927
|start
|switch|p1a: Clefable|Clefable, F|100/100
|switch|p2a: Rotom|Rotom-Heat|100/100
|turn|1
|
|t:|1625589931
|move|p2a: Rotom|Trick|p1a: Clefable
|-activate|p2a: Rotom|move: Trick|[of] p1a: Clefable
|-item|p1a: Clefable|Choice Scarf|[from] move: Trick
|-item|p2a: Rotom|Leftovers|[from] move: Trick
|move|p1a: Clefable|Knock Off|p2a: Rotom
|-damage|p2a: Rotom|86/100
|-enditem|p2a: Rotom|Leftovers|[from] move: Knock Off|[of] p1a: Clefable
|
|upkeep
|turn|2
|
|t:|1625589941
|switch|p1a: Gastrodon|Gastrodon, M|100/100
|move|p2a: Rotom|Discharge|p1a: Gastrodon
|-immune|p1a: Gastrodon
|
|upkeep
|turn|3
|
|t:|1625589947
|switch|p2a: Toxapex|Toxapex, F|100/100
|move|p1a: Gastrodon|Scald|p2a: Toxapex
|-resisted|p2a: Toxapex
|-damage|p2a: Toxapex|89/100
|
|-heal|p2a: Toxapex|95/100|[from] item: Black Sludge
|upkeep
|turn|4
|
|t:|1625589952
|move|p2a: Toxapex|Toxic|p1a: Gastrodon
|-status|p1a: Gastrodon|tox
|move|p1a: Gastrodon|Scald|p2a: Toxapex
|-resisted|p2a: Toxapex
|-damage|p2a: Toxapex|84/100
|
|-heal|p2a: Toxapex|91/100|[from] item: Black Sludge
|-damage|p1a: Gastrodon|94/100 tox|[from] psn
|upkeep
|turn|5
|
|t:|1625589957
|switch|p1a: Heatran|Heatran, M|100/100
|move|p2a: Toxapex|Scald|p1a: Heatran
|-supereffective|p1a: Heatran
|-damage|p1a: Heatran|77/100
|
|-heal|p1a: Heatran|83/100|[from] item: Leftovers
|-heal|p2a: Toxapex|97/100|[from] item: Black Sludge
|upkeep
|turn|6
|
|t:|1625589964
|switch|p2a: Rhyperior|Rhyperior, M|100/100
|move|p1a: Heatran|Toxic|p2a: Rhyperior
|-status|p2a: Rhyperior|tox
|
|-heal|p1a: Heatran|89/100|[from] item: Leftovers
|-damage|p2a: Rhyperior|94/100 tox|[from] psn
|upkeep
|turn|7
|
|t:|1625589969
|switch|p1a: Scizor|Scizor, M|100/100
|move|p2a: Rhyperior|Stealth Rock|p1a: Scizor
|-sidestart|p1: LT81YL far|move: Stealth Rock
|
|-heal|p2a: Rhyperior|100/100 tox|[from] item: Leftovers
|-damage|p2a: Rhyperior|88/100 tox|[from] psn
|upkeep
|turn|8
|
|t:|1625589975
|switch|p2a: Umbreon|Umbreon, M|100/100
|move|p1a: Scizor|U-turn|p2a: Umbreon
|-supereffective|p2a: Umbreon
|-damage|p2a: Umbreon|64/100
|
|t:|1625589978
|switch|p1a: Heatran|Heatran, M|89/100|[from]move: U-turn
|-damage|p1a: Heatran|77/100|[from] Stealth Rock
|
|-heal|p1a: Heatran|83/100|[from] item: Leftovers
|-heal|p2a: Umbreon|70/100|[from] item: Leftovers
|upkeep
|turn|9
|
|t:|1625589981
|switch|p2a: Rotom|Rotom-Heat|86/100
|move|p1a: Heatran|Stealth Rock|p2a: Rotom
|-sidestart|p2: Lenape|move: Stealth Rock
|
|-heal|p1a: Heatran|89/100|[from] item: Leftovers
|upkeep
|turn|10
|
|t:|1625589986
|switch|p1a: Gastrodon|Gastrodon, M|94/100 tox
|move|p2a: Rotom|Discharge|p1a: Gastrodon
|-immune|p1a: Gastrodon
|
|-damage|p1a: Gastrodon|88/100 tox|[from] psn
|upkeep
|turn|11
|
|t:|1625589991
|switch|p2a: Toxapex|Toxapex, F|100/100
|-damage|p2a: Toxapex|88/100|[from] Stealth Rock
|switch|p1a: Clefable|Clefable, F|100/100
|
|-heal|p2a: Toxapex|94/100|[from] item: Black Sludge
|upkeep
|turn|12
|
|t:|1625589994
|switch|p2a: Umbreon|Umbreon, M|70/100
|-damage|p2a: Umbreon|58/100|[from] Stealth Rock
|move|p1a: Clefable|Knock Off|p2a: Umbreon
|-resisted|p2a: Umbreon
|-damage|p2a: Umbreon|53/100
|-enditem|p2a: Umbreon|Leftovers|[from] move: Knock Off|[of] p1a: Clefable
|
|upkeep
|turn|13
|
|t:|1625590000
|switch|p1a: Scizor|Scizor, M|100/100
|move|p2a: Umbreon|Wish|p2a: Umbreon
|
|upkeep
|turn|14
|
|t:|1625590004
|move|p2a: Umbreon|Protect|p2a: Umbreon
|-singleturn|p2a: Umbreon|Protect
|move|p1a: Scizor|Swords Dance|p1a: Scizor
|-boost|p1a: Scizor|atk|2
|
|-heal|p2a: Umbreon|100/100|[from] move: Wish|[wisher] Umbreon
|upkeep
|turn|15
|
|t:|1625590006
|move|p1a: Scizor|U-turn|p2a: Umbreon
|-supereffective|p2a: Umbreon
|-damage|p2a: Umbreon|33/100
|
|t:|1625590012
|switch|p1a: Heatran|Heatran, M|89/100|[from]move: U-turn
|-damage|p1a: Heatran|76/100|[from] Stealth Rock
|move|p2a: Umbreon|Foul Play|p1a: Heatran
|-damage|p1a: Heatran|58/100
|
|-heal|p1a: Heatran|64/100|[from] item: Leftovers
|upkeep
|turn|16
|
|t:|1625590017
|switch|p2a: Rotom|Rotom-Heat|86/100
|-damage|p2a: Rotom|61/100|[from] Stealth Rock
|move|p1a: Heatran|Lava Plume|p2a: Rotom
|-resisted|p2a: Rotom
|-damage|p2a: Rotom|43/100
|
|-heal|p1a: Heatran|70/100|[from] item: Leftovers
|upkeep
|turn|17
|
|t:|1625590025
|switch|p2a: Umbreon|Umbreon, M|33/100
|-damage|p2a: Umbreon|21/100|[from] Stealth Rock
|move|p1a: Heatran|Toxic|p2a: Umbreon
|-status|p2a: Umbreon|tox
|
|-heal|p1a: Heatran|76/100|[from] item: Leftovers
|-damage|p2a: Umbreon|14/100 tox|[from] psn
|upkeep
|turn|18
|
|t:|1625590029
|move|p1a: Heatran|Lava Plume|p2a: Umbreon
|-damage|p2a: Umbreon|0 fnt
|faint|p2a: Umbreon
|
|-heal|p1a: Heatran|82/100|[from] item: Leftovers
|upkeep
|
|t:|1625590033
|switch|p2a: Rhyperior|Rhyperior, M|88/100 tox
|-damage|p2a: Rhyperior|82/100 tox|[from] Stealth Rock
|turn|19
|
|t:|1625590036
|switch|p1a: Scizor|Scizor, M|100/100
|move|p2a: Rhyperior|Rock Blast|p1a: Scizor
|-damage|p1a: Scizor|93/100
|-damage|p1a: Scizor|85/100
|-hitcount|p1a: Scizor|2
|
|-heal|p2a: Rhyperior|88/100 tox|[from] item: Leftovers
|-damage|p2a: Rhyperior|82/100 tox|[from] psn
|upkeep
|turn|20
|
|t:|1625590044
|switch|p2a: Toxapex|Toxapex, F|100/100
|-damage|p2a: Toxapex|88/100|[from] Stealth Rock
|move|p1a: Scizor|U-turn|p2a: Toxapex
|-resisted|p2a: Toxapex
|-damage|p2a: Toxapex|78/100
|
|t:|1625590047
|switch|p1a: Clefable|Clefable, F|100/100|[from]move: U-turn
|
|-heal|p2a: Toxapex|84/100|[from] item: Black Sludge
|upkeep
|turn|21
|
|t:|1625590053
|move|p1a: Clefable|Aromatherapy|p1a: Clefable
|-activate|p1a: Clefable|move: Aromatherapy
|-curestatus|p1: Gastrodon|tox|[msg]
|move|p2a: Toxapex|Scald|p1a: Clefable
|-damage|p1a: Clefable|85/100
|
|-heal|p2a: Toxapex|91/100|[from] item: Black Sludge
|upkeep
|turn|22
|
|t:|1625590059
|switch|p1a: Scizor|Scizor, M|85/100
|move|p2a: Toxapex|Scald|p1a: Scizor
|-damage|p1a: Scizor|66/100
|-status|p1a: Scizor|brn
|
|-heal|p2a: Toxapex|97/100|[from] item: Black Sludge
|-damage|p1a: Scizor|59/100 brn|[from] brn
|upkeep
|turn|23
|
|t:|1625590064
|move|p1a: Scizor|Roost|p1a: Scizor
|-heal|p1a: Scizor|100/100 brn
|-singleturn|p1a: Scizor|move: Roost
|move|p2a: Toxapex|Scald|p1a: Scizor
|-damage|p1a: Scizor|81/100 brn
|
|-heal|p2a: Toxapex|100/100|[from] item: Black Sludge
|-damage|p1a: Scizor|75/100 brn|[from] brn
|upkeep
|turn|24
|
|t:|1625590071
|move|p1a: Scizor|Swords Dance|p1a: Scizor
|-boost|p1a: Scizor|atk|2
|move|p2a: Toxapex|Scald|p1a: Scizor
|-damage|p1a: Scizor|53/100 brn
|
|-damage|p1a: Scizor|47/100 brn|[from] brn
|upkeep
|turn|25
|
|t:|1625590082
|move|p1a: Scizor|Roost|p1a: Scizor
|-heal|p1a: Scizor|97/100 brn
|-singleturn|p1a: Scizor|move: Roost
|move|p2a: Toxapex|Scald|p1a: Scizor
|-crit|p1a: Scizor
|-damage|p1a: Scizor|69/100 brn
|
|-damage|p1a: Scizor|63/100 brn|[from] brn
|upkeep
|turn|26
|
|t:|1625590091
|switch|p2a: Rotom|Rotom-Heat|43/100
|-damage|p2a: Rotom|18/100|[from] Stealth Rock
|move|p1a: Scizor|Roost|p1a: Scizor
|-heal|p1a: Scizor|100/100 brn
|-singleturn|p1a: Scizor|move: Roost
|
|-damage|p1a: Scizor|94/100 brn|[from] brn
|upkeep
|turn|27
|
|t:|1625590098
|move|p2a: Rotom|Trick|p1a: Scizor
|-activate|p2a: Rotom|move: Trick|[of] p1a: Scizor
|-enditem|p1a: Scizor|Heavy-Duty Boots|[silent]|[from] move: Trick
|-item|p2a: Rotom|Heavy-Duty Boots|[from] move: Trick
|move|p1a: Scizor|U-turn|p2a: Rotom
|-resisted|p2a: Rotom
|-damage|p2a: Rotom|4/100
|
|t:|1625590105
|switch|p1a: Tapu Koko|Tapu Koko|100/100|[from]move: U-turn
|-fieldstart|move: Electric Terrain|[from] ability: Electric Surge|[of] p1a: Tapu Koko
|
|upkeep
|turn|28
|
|t:|1625590109
|switch|p2a: Rhyperior|Rhyperior, M|82/100 tox
|-damage|p2a: Rhyperior|76/100 tox|[from] Stealth Rock
|move|p1a: Tapu Koko|Dazzling Gleam|p2a: Rhyperior
|-damage|p2a: Rhyperior|46/100 tox
|
|-heal|p2a: Rhyperior|52/100 tox|[from] item: Leftovers
|-damage|p2a: Rhyperior|46/100 tox|[from] psn
|upkeep
|turn|29
|
|t:|1625590117
|switch|p1a: Gastrodon|Gastrodon, M|88/100
|move|p2a: Rhyperior|Earthquake|p1a: Gastrodon
|-damage|p1a: Gastrodon|54/100
|
|-heal|p2a: Rhyperior|52/100 tox|[from] item: Leftovers
|-damage|p2a: Rhyperior|40/100 tox|[from] psn
|upkeep
|turn|30
|
|t:|1625590121
|switch|p2a: Sylveon|Sylveon, F|100/100
|-damage|p2a: Sylveon|88/100|[from] Stealth Rock
|move|p1a: Gastrodon|Recover|p1a: Gastrodon
|-heal|p1a: Gastrodon|100/100
|
|-heal|p2a: Sylveon|94/100|[from] item: Leftovers
|upkeep
|turn|31
|
|t:|1625590126
|switch|p1a: Heatran|Heatran, M|82/100
|-damage|p1a: Heatran|70/100|[from] Stealth Rock
|move|p2a: Sylveon|Wish|p2a: Sylveon
|
|-heal|p1a: Heatran|76/100|[from] item: Leftovers
|-heal|p2a: Sylveon|99/100|[from] item: Leftovers
|-fieldend|move: Electric Terrain
|upkeep
|turn|32
|
|t:|1625590131
|switch|p2a: Rhyperior|Rhyperior, M|40/100 tox
|-damage|p2a: Rhyperior|33/100 tox|[from] Stealth Rock
|move|p1a: Heatran|Earth Power|p2a: Rhyperior
|-supereffective|p2a: Rhyperior
|-damage|p2a: Rhyperior|0 fnt
|faint|p2a: Rhyperior
|
|-heal|p1a: Heatran|82/100|[from] item: Leftovers
|upkeep
|
|t:|1625590135
|switch|p2a: Rotom|Rotom-Heat|4/100
|turn|33
|
|t:|1625590139
|move|p2a: Rotom|Discharge|p1a: Heatran
|-crit|p1a: Heatran
|-damage|p1a: Heatran|52/100
|move|p1a: Heatran|Toxic|p2a: Rotom
|-status|p2a: Rotom|tox
|
|-heal|p1a: Heatran|58/100|[from] item: Leftovers
|-damage|p2a: Rotom|0 fnt|[from] psn
|faint|p2a: Rotom
|upkeep
|
|t:|1625590144
|switch|p2a: Toxapex|Toxapex, F|100/100
|-damage|p2a: Toxapex|88/100|[from] Stealth Rock
|turn|34
|
|t:|1625590154
|switch|p1a: Gastrodon|Gastrodon, M|100/100
|move|p2a: Toxapex|Scald|p1a: Gastrodon
|-ability|p1a: Gastrodon|Storm Drain|boost
|-boost|p1a: Gastrodon|spa|1
|
|-heal|p2a: Toxapex|94/100|[from] item: Black Sludge
|upkeep
|turn|35
|-message|Lenape forfeited.
|
|t:|1625590166
|move|p2a: Toxapex|Toxic|p1a: Gastrodon
|-status|p1a: Gastrodon|tox
|move|p1a: Gastrodon|Scald|p2a: Toxapex
|-resisted|p2a: Toxapex
|-damage|p2a: Toxapex|78/100
|
|-heal|p2a: Toxapex|84/100|[from] item: Black Sludge
|-damage|p1a: Gastrodon|94/100 tox|[from] psn
|upkeep
|turn|36
|
|win|LT81YL far
|l|☆Lenape
|raw|LT81YL far's rating: 1782 &rarr; <strong>1802</strong><br />(+20 for winning)
|raw|Lenape's rating: 1789 &rarr; <strong>1769</strong><br />(-20 for losing)
