|html|<div class="broadcast-blue"><strong>[Gen 8] OU is currently suspecting Melmetal! For information on how to participate check out the <a href="https://www.smogon.com/forums/threads/np-ss-ou-suspect-process-round-12-monster-mash.3709234/">suspect thread</a>.</strong></div>
|j|☆Spectre Ace
|j|☆Mamaw31180
|t:|1666745449
|gametype|singles
|player|p1|Spectre Ace|juggler|1805
|player|p2|Mamaw31180|lucas|1893
|teamsize|p1|6
|teamsize|p2|6
|gen|8
|tier|[Gen 8] OU
|rated|
|rule|Sleep Clause Mod: Limit one foe put to sleep
|rule|Species Clause: Limit one of each Pokémon
|rule|OHKO Clause: OHKO moves are banned
|rule|Evasion Items Clause: Evasion items are banned
|rule|Evasion Moves Clause: Evasion moves are banned
|rule|Endless Battle Clause: Forcing endless battles is banned
|rule|HP Percentage Mod: HP is shown in percentages
|rule|Dynamax Clause: You cannot dynamax
|clearpoke
|poke|p1|Landorus-Therian, M|
|poke|p1|Ferrothorn, M|
|poke|p1|Raichu-Alola, F|
|poke|p1|Tapu Koko|
|poke|p1|Weavile, F|
|poke|p1|Slowking, M|
|poke|p2|Kartana|
|poke|p2|Blacephalon|
|poke|p2|Landorus-Therian, M|
|poke|p2|Slowbro, M|
|poke|p2|Zapdos|
|poke|p2|Tyranitar, F|
|teampreview
|
|t:|1666745459
|start
|switch|p1a: Weavile|Weavile, F|100/100
|switch|p2a: Slowbro|Slowbro, M|100/100
|-ability|p1a: Weavile|Pressure
|turn|1
|inactive|Battle timer is ON: inactive players will automatically lose when time's up. (requested by Mamaw31180)
|
|t:|1666745462
|switch|p1a: Tapu Koko|Tapu Koko|100/100
|-fieldstart|move: Electric Terrain|[from] ability: Electric Surge|[of] p1a: Tapu Koko
|move|p2a: Slowbro|Body Press|p1a: Tapu Koko
|-resisted|p1a: Tapu Koko
|-damage|p1a: Tapu Koko|83/100
|
|upkeep
|turn|2
|
|t:|1666745465
|switch|p2a: Landorus|Landorus-Therian, M|100/100
|-ability|p2a: Landorus|Intimidate|boost
|-unboost|p1a: Tapu Koko|atk|1
|move|p1a: Tapu Koko|U-turn|p2a: Landorus
|-resisted|p2a: Landorus
|-damage|p2a: Landorus|95/100
|
|t:|1666745467
|switch|p1a: Weavile|Weavile, F|100/100|[from]move: U-turn
|-ability|p1a: Weavile|Pressure
|
|-heal|p2a: Landorus|100/100|[from] item: Leftovers
|upkeep
|turn|3
|
|t:|1666745469
|switch|p2a: Slowbro|Slowbro, M|100/100
|move|p1a: Weavile|Knock Off|p2a: Slowbro
|-supereffective|p2a: Slowbro
|-enditem|p2a: Slowbro|Colbur Berry|[eat]
|-enditem|p2a: Slowbro|Colbur Berry|[weaken]
|-damage|p2a: Slowbro|55/100
|
|upkeep
|turn|4
|
|t:|1666745484
|switch|p2a: Landorus|Landorus-Therian, M|100/100
|-ability|p2a: Landorus|Intimidate|boost
|-unboost|p1a: Weavile|atk|1
|move|p1a: Weavile|Knock Off|p2a: Landorus
|-damage|p2a: Landorus|51/100
|-enditem|p2a: Landorus|Leftovers|[from] move: Knock Off|[of] p1a: Weavile
|
|upkeep
|turn|5
|
|t:|1666745495
|switch|p1a: Landorus|Landorus-Therian, M|100/100
|-ability|p1a: Landorus|Intimidate|boost
|-unboost|p2a: Landorus|atk|1
|move|p2a: Landorus|Stealth Rock|p1a: Landorus
|-sidestart|p1: Spectre Ace|move: Stealth Rock
|
|upkeep
|turn|6
|
|t:|1666745498
|move|p2a: Landorus|Toxic|p1a: Landorus
|-status|p1a: Landorus|tox
|move|p1a: Landorus|Stealth Rock|p2a: Landorus
|-sidestart|p2: Mamaw31180|move: Stealth Rock
|
|-damage|p1a: Landorus|94/100 tox|[from] psn
|upkeep
|turn|7
|
|t:|1666745503
|move|p2a: Landorus|U-turn|p1a: Landorus
|-resisted|p1a: Landorus
|-crit|p1a: Landorus
|-damage|p1a: Landorus|79/100 tox
|
|t:|1666745505
|switch|p2a: Slowbro|Slowbro, M|88/100|[from]move: U-turn
|-damage|p2a: Slowbro|76/100|[from] Stealth Rock
|move|p1a: Landorus|Toxic|p2a: Slowbro
|-status|p2a: Slowbro|tox
|
|-heal|p1a: Landorus|85/100 tox|[from] item: Leftovers
|-damage|p1a: Landorus|73/100 tox|[from] psn
|-damage|p2a: Slowbro|69/100 tox|[from] psn
|upkeep
|turn|8
|
|t:|1666745514
|move|p1a: Landorus|U-turn|p2a: Slowbro
|-supereffective|p2a: Slowbro
|-damage|p2a: Slowbro|42/100 tox
|
|t:|1666745515
|switch|p1a: Raichu|Raichu-Alola, F, shiny|100/100|[from]move: U-turn
|-damage|p1a: Raichu|88/100|[from] Stealth Rock
|move|p2a: Slowbro|Teleport|p2a: Slowbro
|
|t:|1666745523
|switch|p2a: Tyranitar|Tyranitar, F|100/100|[from]move: Teleport
|-damage|p2a: Tyranitar|88/100|[from] Stealth Rock
|-weather|Sandstorm|[from] ability: Sand Stream|[of] p2a: Tyranitar
|
|-weather|Sandstorm|[upkeep]
|-damage|p1a: Raichu|82/100|[from] Sandstorm
|-fieldend|move: Electric Terrain
|upkeep
|turn|9
|
|t:|1666745531
|switch|p1a: Landorus|Landorus-Therian, M|73/100 tox
|-damage|p1a: Landorus|60/100 tox|[from] Stealth Rock
|-ability|p1a: Landorus|Intimidate|boost
|-unboost|p2a: Tyranitar|atk|1
|move|p2a: Tyranitar|Crunch|p1a: Landorus
|-damage|p1a: Landorus|13/100 tox
|-unboost|p1a: Landorus|def|1
|
|-weather|Sandstorm|[upkeep]
|-heal|p1a: Landorus|19/100 tox|[from] item: Leftovers
|-damage|p1a: Landorus|13/100 tox|[from] psn
|upkeep
|turn|10
|
|t:|1666745542
|switch|p2a: Slowbro|Slowbro, M|75/100 tox
|-damage|p2a: Slowbro|63/100 tox|[from] Stealth Rock
|move|p1a: Landorus|U-turn|p2a: Slowbro
|-supereffective|p2a: Slowbro
|-damage|p2a: Slowbro|36/100 tox
|
|t:|1666745544
|switch|p1a: Tapu Koko|Tapu Koko|83/100|[from]move: U-turn
|-damage|p1a: Tapu Koko|71/100|[from] Stealth Rock
|-fieldstart|move: Electric Terrain|[from] ability: Electric Surge|[of] p1a: Tapu Koko
|
|-weather|Sandstorm|[upkeep]
|-damage|p1a: Tapu Koko|65/100|[from] Sandstorm
|-damage|p2a: Slowbro|30/100 tox|[from] Sandstorm
|-damage|p2a: Slowbro|24/100 tox|[from] psn
|upkeep
|turn|11
|j| KappaHalo
|
|t:|1666745566
|move|p1a: Tapu Koko|Dazzling Gleam|p2a: Slowbro
|-damage|p2a: Slowbro|0 fnt
|faint|p2a: Slowbro
|
|-weather|Sandstorm|[upkeep]
|-damage|p1a: Tapu Koko|59/100|[from] Sandstorm
|upkeep
|j| Boopieoopiee
|
|t:|1666745571
|switch|p2a: Kartana|Kartana|100/100
|-damage|p2a: Kartana|94/100|[from] Stealth Rock
|turn|12
|
|t:|1666745575
|switch|p1a: Landorus|Landorus-Therian, M|13/100 tox
|-damage|p1a: Landorus|1/100 tox|[from] Stealth Rock
|-ability|p1a: Landorus|Intimidate|boost
|-unboost|p2a: Kartana|atk|1
|move|p2a: Kartana|Leaf Blade|p1a: Landorus
|-damage|p1a: Landorus|0 fnt
|faint|p1a: Landorus
|-ability|p2a: Kartana|Beast Boost|boost
|-boost|p2a: Kartana|atk|1
|
|-weather|none
|upkeep
|
|t:|1666745578
|switch|p1a: Raichu|Raichu-Alola, F, shiny|82/100
|-damage|p1a: Raichu|70/100|[from] Stealth Rock
|turn|13
|
|t:|1666745590
|switch|p2a: Landorus|Landorus-Therian, M|51/100
|-damage|p2a: Landorus|39/100|[from] Stealth Rock
|-ability|p2a: Landorus|Intimidate|boost
|-unboost|p1a: Raichu|atk|1
|move|p1a: Raichu|Rising Voltage|p2a: Landorus
|-immune|p2a: Landorus
|
|upkeep
|turn|14
|
|t:|1666745594
|move|p1a: Raichu|Surf|p2a: Landorus
|-supereffective|p2a: Landorus
|-damage|p2a: Landorus|0 fnt
|faint|p2a: Landorus
|-damage|p1a: Raichu|60/100|[from] item: Life Orb
|
|upkeep
|
|t:|1666745599
|switch|p2a: Tyranitar|Tyranitar, F|88/100
|-damage|p2a: Tyranitar|76/100|[from] Stealth Rock
|-weather|Sandstorm|[from] ability: Sand Stream|[of] p2a: Tyranitar
|turn|15
|
|t:|1666745604
|switch|p1a: Ferrothorn|Ferrothorn, M|100/100
|-damage|p1a: Ferrothorn|94/100|[from] Stealth Rock
|move|p2a: Tyranitar|Fire Punch|p1a: Ferrothorn
|-supereffective|p1a: Ferrothorn
|-damage|p1a: Ferrothorn|0 fnt
|-damage|p2a: Tyranitar|64/100|[from] ability: Iron Barbs|[of] p1a: Ferrothorn
|faint|p1a: Ferrothorn
|
|-weather|Sandstorm|[upkeep]
|upkeep
|
|t:|1666745607
|switch|p1a: Weavile|Weavile, F|100/100
|-damage|p1a: Weavile|76/100|[from] Stealth Rock
|-ability|p1a: Weavile|Pressure
|turn|16
|
|t:|1666745612
|switch|p2a: Zapdos|Zapdos|100/100
|move|p1a: Weavile|Triple Axel|p2a: Zapdos
|-supereffective|p2a: Zapdos
|-damage|p2a: Zapdos|72/100
|-supereffective|p2a: Zapdos
|-damage|p2a: Zapdos|21/100
|-status|p1a: Weavile|par|[from] ability: Static|[of] p2a: Zapdos
|-supereffective|p2a: Zapdos
|-damage|p2a: Zapdos|0 fnt
|faint|p2a: Zapdos
|-hitcount|p2: Zapdos|3
|
|-weather|Sandstorm|[upkeep]
|-damage|p1a: Weavile|70/100 par|[from] Sandstorm
|upkeep
|
|t:|1666745617
|switch|p2a: Kartana|Kartana|94/100
|-damage|p2a: Kartana|88/100|[from] Stealth Rock
|turn|17
|
|t:|1666745628
|move|p2a: Kartana|Leaf Blade|p1a: Weavile
|-damage|p1a: Weavile|0 fnt
|faint|p1a: Weavile
|-ability|p2a: Kartana|Beast Boost|boost
|-boost|p2a: Kartana|atk|1
|
|-weather|Sandstorm|[upkeep]
|-fieldend|move: Electric Terrain
|upkeep
|
|t:|1666745630
|switch|p1a: Tapu Koko|Tapu Koko|59/100
|-damage|p1a: Tapu Koko|46/100|[from] Stealth Rock
|-fieldstart|move: Electric Terrain|[from] ability: Electric Surge|[of] p1a: Tapu Koko
|turn|18
|
|t:|1666745633
|switch|p1a: Slowking|Slowking, M|100/100
|move|p2a: Kartana|Leaf Blade|p1a: Slowking
|-supereffective|p1a: Slowking
|-damage|p1a: Slowking|0 fnt
|faint|p1a: Slowking
|-ability|p2a: Kartana|Beast Boost|boost
|-boost|p2a: Kartana|atk|1
|
|-weather|Sandstorm|[upkeep]
|upkeep
|
|t:|1666745635
|switch|p1a: Raichu|Raichu-Alola, F, shiny|60/100
|-damage|p1a: Raichu|48/100|[from] Stealth Rock
|turn|19
|
|t:|1666745638
|switch|p2a: Blacephalon|Blacephalon|100/100
|-damage|p2a: Blacephalon|76/100|[from] Stealth Rock
|move|p1a: Raichu|Rising Voltage|p2a: Blacephalon
|-hint|Rising Voltage's BP doubled on grounded target.
|-crit|p2a: Blacephalon
|-damage|p2a: Blacephalon|0 fnt
|faint|p2a: Blacephalon
|-damage|p1a: Raichu|38/100|[from] item: Life Orb
|
|-weather|none
|upkeep
|
|t:|1666745642
|switch|p2a: Tyranitar|Tyranitar, F|64/100
|-damage|p2a: Tyranitar|51/100|[from] Stealth Rock
|-weather|Sandstorm|[from] ability: Sand Stream|[of] p2a: Tyranitar
|turn|20
|
|t:|1666745645
|move|p1a: Raichu|Rising Voltage|p2a: Tyranitar
|-hint|Rising Voltage's BP doubled on grounded target.
|-damage|p2a: Tyranitar|0 fnt
|faint|p2a: Tyranitar
|-damage|p1a: Raichu|28/100|[from] item: Life Orb
|
|-weather|Sandstorm|[upkeep]
|-damage|p1a: Raichu|22/100|[from] Sandstorm
|upkeep
|
|t:|1666745648
|switch|p2a: Kartana|Kartana|88/100
|-damage|p2a: Kartana|82/100|[from] Stealth Rock
|turn|21
|
|t:|1666745650
|move|p1a: Raichu|Rising Voltage|p2a: Kartana
|-hint|Rising Voltage's BP doubled on grounded target.
|-resisted|p2a: Kartana
|-damage|p2a: Kartana|0 fnt
|faint|p2a: Kartana
|-damage|p1a: Raichu|12/100|[from] item: Life Orb
|
|win|Spectre Ace
|raw|Spectre Ace's rating: 1805 &rarr; <strong>1830</strong><br />(+25 for winning)
|raw|Mamaw31180's rating: 1893 &rarr; <strong>1868</strong><br />(-25 for losing)
|j| lalelosido
|l|☆Mamaw31180
|l| lalelosido
|player|p1|Spectre Ace|juggler
