|j|☆SuperTheoryBros
|j|☆freebobby2020
|t:|1614299543
|player|p1|SuperTheoryBros|1|1768
|player|p2|freebobby2020|102|1821
|teamsize|p1|6
|teamsize|p2|6
|gametype|singles
|gen|8
|tier|[Gen 8] OU
|rated|
|clearpoke
|poke|p1|Blissey, F|
|poke|p1|Zapdos-Galar|
|poke|p1|Excadrill, M|
|poke|p1|Toxapex, M|
|poke|p1|Dragapult, F|
|poke|p1|Ferrothorn, F|
|poke|p2|Aegislash, M|
|poke|p2|Zapdos-Galar|
|poke|p2|Latios, M|
|poke|p2|Ferrothorn, M|
|poke|p2|Landorus-Therian, M|
|poke|p2|Garchomp, F|
|rule|Sleep Clause Mod: Limit one foe put to sleep
|rule|Species Clause: Limit one of each Pokémon
|rule|OHKO Clause: OHKO moves are banned
|rule|Evasion Moves Clause: Evasion moves are banned
|rule|Endless Battle Clause: Forcing endless battles is banned
|rule|HP Percentage Mod: HP is shown in percentages
|rule|Dynamax Clause: You cannot dynamax
|teampreview
|inactive|Battle timer is ON: inactive players will automatically lose when time's up. (requested by SuperTheoryBros)
|inactive|freebobby2020 has 120 seconds left.
|
|t:|1614299583
|start
|switch|p1a: Zapdos|Zapdos-Galar|100/100
|switch|p2a: Ah Ah Ah|Garchomp, F|100/100
|turn|1
|
|t:|1614299611
|move|p1a: Zapdos|Close Combat|p2a: Ah Ah Ah
|-damage|p2a: Ah Ah Ah|36/100
|-unboost|p1a: Zapdos|def|1
|-unboost|p1a: Zapdos|spd|1
|-damage|p1a: Zapdos|88/100|[from] ability: Rough Skin|[of] p2a: Ah Ah Ah
|move|p2a: Ah Ah Ah|Stealth Rock|p1a: Zapdos
|-sidestart|p1: SuperTheoryBros|move: Stealth Rock
|
|-heal|p2a: Ah Ah Ah|42/100|[from] item: Leftovers
|upkeep
|turn|2
|inactive|SuperTheoryBros has 120 seconds left.
|
|t:|1614299632
|switch|p1a: Ferrothorn|Ferrothorn, F|100/100
|-damage|p1a: Ferrothorn|95/100|[from] Stealth Rock
|switch|p2a: Woo Side|Aegislash, M|100/100
|
|-heal|p1a: Ferrothorn|100/100|[from] item: Leftovers
|upkeep
|turn|3
|inactive|SuperTheoryBros has 120 seconds left.
|
|t:|1614299654
|switch|p2a: Patek Philleech|Ferrothorn, M|100/100
|move|p1a: Ferrothorn|Spikes|p2a: Patek Philleech
|-sidestart|p2: freebobby2020|Spikes
|
|upkeep
|turn|4
|
|t:|1614299668
|move|p2a: Patek Philleech|Knock Off|p1a: Ferrothorn
|-damage|p1a: Ferrothorn|88/100
|-damage|p2a: Patek Philleech|88/100|[from] ability: Iron Barbs|[of] p1a: Ferrothorn
|-enditem|p1a: Ferrothorn|Leftovers|[from] move: Knock Off|[of] p2a: Patek Philleech
|move|p1a: Ferrothorn|Spikes|p2a: Patek Philleech
|-sidestart|p2: freebobby2020|Spikes
|
|-heal|p2a: Patek Philleech|94/100|[from] item: Leftovers
|upkeep
|turn|5
|
|t:|1614299677
|switch|p1a: Zapdos|Zapdos-Galar|88/100
|-damage|p1a: Zapdos|76/100|[from] Stealth Rock
|move|p2a: Patek Philleech|Spikes|p1a: Zapdos
|-sidestart|p1: SuperTheoryBros|Spikes
|
|-heal|p2a: Patek Philleech|100/100|[from] item: Leftovers
|upkeep
|turn|6
|
|t:|1614299688
|switch|p2a: Woo Side|Aegislash, M|100/100
|-damage|p2a: Woo Side|84/100|[from] Spikes
|move|p1a: Zapdos|Brave Bird|p2a: Woo Side
|-resisted|p2a: Woo Side
|-crit|p2a: Woo Side
|-damage|p2a: Woo Side|31/100
|-damage|p1a: Zapdos|58/100|[from] Recoil
|
|upkeep
|turn|7
|
|t:|1614299698
|-formechange|p2a: Woo Side|Aegislash-Blade||[from] ability: Stance Change
|move|p2a: Woo Side|Shadow Sneak|p1a: Zapdos
|-damage|p1a: Zapdos|33/100
|move|p1a: Zapdos|Brave Bird|p2a: Woo Side
|-resisted|p2a: Woo Side
|-damage|p2a: Woo Side|0 fnt
|-damage|p1a: Zapdos|23/100|[from] Recoil
|faint|p2a: Woo Side
|
|upkeep
|
|t:|1614299706
|switch|p2a: Blue Bands|Latios, M|100/100
|turn|8
|inactive|SuperTheoryBros has 120 seconds left.
|
|t:|1614299738
|switch|p1a: Excadrill|Excadrill, M|100/100
|-damage|p1a: Excadrill|88/100|[from] Spikes
|-damage|p1a: Excadrill|85/100|[from] Stealth Rock
|-ability|p1a: Excadrill|Mold Breaker
|move|p2a: Blue Bands|Psychic|p1a: Excadrill
|-resisted|p1a: Excadrill
|-damage|p1a: Excadrill|52/100
|-unboost|p1a: Excadrill|spd|1
|-damage|p2a: Blue Bands|91/100|[from] item: Life Orb
|
|-heal|p1a: Excadrill|58/100|[from] item: Leftovers
|upkeep
|turn|9
|inactive|SuperTheoryBros has 90 seconds left.
|
|t:|1614299753
|switch|p1a: Dragapult|Dragapult, F|100/100
|move|p2a: Blue Bands|Aura Sphere|p1a: Dragapult
|-immune|p1a: Dragapult
|
|upkeep
|turn|10
|inactive|SuperTheoryBros has 90 seconds left.
|
|t:|1614299766
|switch|p2a: Bandokay|Landorus-Therian, M|100/100
|-ability|p2a: Bandokay|Intimidate|boost
|-unboost|p1a: Dragapult|atk|1
|move|p1a: Dragapult|Dragon Darts|p2a: Bandokay
|-damage|p2a: Bandokay|79/100
|-anim|p1a: Dragapult|Dragon Darts|p2a: Bandokay
|-damage|p2a: Bandokay|59/100
|
|upkeep
|turn|11
|inactive|SuperTheoryBros has 90 seconds left.
|j| glava222
|inactive|SuperTheoryBros has 60 seconds left.
|
|t:|1614299806
|move|p2a: Bandokay|U-turn|p1a: Dragapult
|-resisted|p1a: Dragapult
|-damage|p1a: Dragapult|83/100
|
|t:|1614299808
|switch|p2a: Patek Philleech|Ferrothorn, M|100/100|[from]move: U-turn
|-damage|p2a: Patek Philleech|84/100|[from] Spikes
|move|p1a: Dragapult|Will-O-Wisp|p2a: Patek Philleech
|-status|p2a: Patek Philleech|brn
|
|-heal|p2a: Patek Philleech|90/100 brn|[from] item: Leftovers
|-damage|p2a: Patek Philleech|84/100 brn|[from] brn
|upkeep
|turn|12
|j| Matheus RW
|inactive|SuperTheoryBros has 60 seconds left.
|j| KRIMMER
|
|t:|1614299827
|switch|p1a: Ferrothorn|Ferrothorn, F|88/100
|-damage|p1a: Ferrothorn|82/100|[from] Stealth Rock
|-damage|p1a: Ferrothorn|70/100|[from] Spikes
|move|p2a: Patek Philleech|Knock Off|p1a: Ferrothorn
|-damage|p1a: Ferrothorn|66/100
|-damage|p2a: Patek Philleech|72/100 brn|[from] ability: Iron Barbs|[of] p1a: Ferrothorn
|
|-heal|p2a: Patek Philleech|78/100 brn|[from] item: Leftovers
|-damage|p2a: Patek Philleech|72/100 brn|[from] brn
|upkeep
|turn|13
|l| Matheus RW
|inactive|SuperTheoryBros has 60 seconds left.
|
|t:|1614299840
|switch|p2a: birds in the trap|Zapdos-Galar|100/100
|move|p1a: Ferrothorn|Spikes|p2a: birds in the trap
|-sidestart|p2: freebobby2020|Spikes
|
|upkeep
|turn|14
|inactive|SuperTheoryBros has 60 seconds left.
|
|t:|1614299862
|move|p2a: birds in the trap|Brave Bird|p1a: Ferrothorn
|-damage|p1a: Ferrothorn|9/100
|-damage|p2a: birds in the trap|88/100|[from] ability: Iron Barbs|[of] p1a: Ferrothorn
|-damage|p2a: birds in the trap|68/100|[from] Recoil
|move|p1a: Ferrothorn|Gyro Ball|p2a: birds in the trap
|-damage|p2a: birds in the trap|11/100
|
|upkeep
|turn|15
|
|t:|1614299880
|switch|p2a: Patek Philleech|Ferrothorn, M|72/100 brn
|-damage|p2a: Patek Philleech|47/100 brn|[from] Spikes
|move|p1a: Ferrothorn|Body Press|p2a: Patek Philleech
|-supereffective|p2a: Patek Philleech
|-damage|p2a: Patek Philleech|13/100 brn
|-damage|p1a: Ferrothorn|0 fnt|[from] ability: Iron Barbs|[of] p2a: Patek Philleech
|faint|p1a: Ferrothorn
|
|-heal|p2a: Patek Philleech|19/100 brn|[from] item: Leftovers
|-damage|p2a: Patek Philleech|13/100 brn|[from] brn
|upkeep
|j| assddff
|inactive|SuperTheoryBros has 30 seconds left.
|inactive|SuperTheoryBros has 20 seconds left.
|inactive|SuperTheoryBros has 15 seconds left.
|
|t:|1614299924
|switch|p1a: Dragapult|Dragapult, F|83/100
|turn|16
|inactive|SuperTheoryBros has 25 seconds left this turn.
|
|t:|1614299934
|move|p1a: Dragapult|Dragon Darts|p2a: Patek Philleech
|-resisted|p2a: Patek Philleech
|-damage|p2a: Patek Philleech|5/100 brn
|-anim|p1a: Dragapult|Dragon Darts|p2a: Patek Philleech
|-resisted|p2a: Patek Philleech
|-damage|p2a: Patek Philleech|0 fnt
|faint|p2a: Patek Philleech
|
|upkeep
|inactive|SuperTheoryBros has 30 seconds left this turn.
|
|t:|1614299936
|switch|p2a: Bandokay|Landorus-Therian, M|59/100
|-ability|p2a: Bandokay|Intimidate|boost
|-unboost|p1a: Dragapult|atk|1
|turn|17
|inactive|SuperTheoryBros has 30 seconds left.
|
|t:|1614299953
|switch|p1a: Toxapex|Toxapex, M|100/100
|-damage|p1a: Toxapex|88/100|[from] Spikes
|-damage|p1a: Toxapex|76/100|[from] Stealth Rock
|move|p2a: Bandokay|U-turn|p1a: Toxapex
|-resisted|p1a: Toxapex
|-damage|p1a: Toxapex|68/100
|-damage|p2a: Bandokay|42/100|[from] item: Rocky Helmet|[of] p1a: Toxapex
|inactive|SuperTheoryBros has 30 seconds left this turn.
|
|t:|1614299978
|switch|p2a: Blue Bands|Latios, M|91/100|[from]move: U-turn
|
|upkeep
|turn|18
|j| AverageJoe326
|
|t:|1614299987
|switch|p2a: Bandokay|Landorus-Therian, M|42/100
|-ability|p2a: Bandokay|Intimidate|boost
|-unboost|p1a: Toxapex|atk|1
|switch|p1a: Blissey|Blissey, F|100/100
|
|upkeep
|turn|19
|
|t:|1614300001
|move|p2a: Bandokay|Earthquake|p1a: Blissey
|-damage|p1a: Blissey|49/100
|move|p1a: Blissey|Stealth Rock|p2a: Bandokay
|-sidestart|p2: freebobby2020|move: Stealth Rock
|
|upkeep
|turn|20
|j| Xephix
|inactive|SuperTheoryBros has 30 seconds left.
|
|t:|1614300025
|switch|p1a: Zapdos|Zapdos-Galar|23/100
|-damage|p1a: Zapdos|10/100|[from] Stealth Rock
|move|p2a: Bandokay|Earthquake|p1a: Zapdos
|-immune|p1a: Zapdos
|
|upkeep
|turn|21
|inactive|SuperTheoryBros has 30 seconds left.
|inactive|SuperTheoryBros has 20 seconds left.
|j| Land·Woo
|inactive|SuperTheoryBros has 15 seconds left.
|
|t:|1614300047
|switch|p2a: Ah Ah Ah|Garchomp, F|42/100
|-damage|p2a: Ah Ah Ah|36/100|[from] Stealth Rock
|-damage|p2a: Ah Ah Ah|11/100|[from] Spikes
|move|p1a: Zapdos|Close Combat|p2a: Ah Ah Ah
|-damage|p2a: Ah Ah Ah|0 fnt
|-unboost|p1a: Zapdos|def|1
|-unboost|p1a: Zapdos|spd|1
|-damage|p1a: Zapdos|0 fnt|[from] ability: Rough Skin|[of] p2a: Ah Ah Ah
|faint|p2a: Ah Ah Ah
|faint|p1a: Zapdos
|
|upkeep
|inactive|SuperTheoryBros has 25 seconds left this turn.
|inactive|SuperTheoryBros has 20 seconds left.
|inactive|SuperTheoryBros has 15 seconds left.
|j| BabyPigsAreLaughin
|inactive|SuperTheoryBros has 10 seconds left.
|
|t:|1614300063
|switch|p1a: Blissey|Blissey, F|49/100
|switch|p2a: Bandokay|Landorus-Therian, M|42/100
|-damage|p2a: Bandokay|30/100|[from] Stealth Rock
|-ability|p2a: Bandokay|Intimidate|boost
|-unboost|p1a: Blissey|atk|1
|turn|22
|inactive|SuperTheoryBros has 20 seconds left this turn.
|inactive|SuperTheoryBros has 15 seconds left.
|inactive|SuperTheoryBros has 10 seconds left.
|
|t:|1614300075
|switch|p1a: Toxapex|Toxapex, M|100/100
|-damage|p1a: Toxapex|88/100|[from] Spikes
|-damage|p1a: Toxapex|76/100|[from] Stealth Rock
|move|p2a: Bandokay|Earthquake|p1a: Toxapex
|-supereffective|p1a: Toxapex
|-damage|p1a: Toxapex|14/100
|
|upkeep
|turn|23
|inactive|SuperTheoryBros has 20 seconds left this turn.
|j| centican
|inactive|SuperTheoryBros has 15 seconds left.
|inactive|SuperTheoryBros has 10 seconds left.
|
|t:|1614300087
|move|p2a: Bandokay|Earthquake|p1a: Toxapex
|-supereffective|p1a: Toxapex
|-damage|p1a: Toxapex|0 fnt
|faint|p1a: Toxapex
|
|upkeep
|inactive|SuperTheoryBros has 15 seconds left this turn.
|
|t:|1614300090
|switch|p1a: Dragapult|Dragapult, F|83/100
|turn|24
|inactive|SuperTheoryBros has 25 seconds left this turn.
|inactive|SuperTheoryBros has 20 seconds left.
|
|t:|1614300100
|switch|p2a: birds in the trap|Zapdos-Galar|11/100
|-damage|p2a: birds in the trap|0 fnt|[from] Stealth Rock
|faint|p2a: birds in the trap
|move|p1a: Dragapult|Dragon Darts|p2: birds in the trap|[notarget]
|-fail|p1a: Dragapult
|
|upkeep
|inactive|SuperTheoryBros has 25 seconds left this turn.
|
|t:|1614300102
|switch|p2a: Bandokay|Landorus-Therian, M|30/100
|-damage|p2a: Bandokay|18/100|[from] Stealth Rock
|-ability|p2a: Bandokay|Intimidate|boost
|-unboost|p1a: Dragapult|atk|1
|turn|25
|inactive|SuperTheoryBros has 30 seconds left.
|
|t:|1614300111
|switch|p1a: Excadrill|Excadrill, M|58/100
|-damage|p1a: Excadrill|46/100|[from] Spikes
|-damage|p1a: Excadrill|43/100|[from] Stealth Rock
|-ability|p1a: Excadrill|Mold Breaker
|move|p2a: Bandokay|U-turn|p1a: Excadrill
|-resisted|p1a: Excadrill
|-damage|p1a: Excadrill|26/100
|
|t:|1614300113
|switch|p2a: Blue Bands|Latios, M|91/100|[from]move: U-turn
|-damage|p2a: Blue Bands|78/100|[from] Stealth Rock
|
|-heal|p1a: Excadrill|32/100|[from] item: Leftovers
|upkeep
|turn|26
|inactive|SuperTheoryBros has 30 seconds left.
|
|t:|1614300133
|switch|p1a: Blissey|Blissey, F|49/100
|move|p2a: Blue Bands|Aura Sphere|p1a: Blissey
|-supereffective|p1a: Blissey
|-damage|p1a: Blissey|25/100
|-damage|p2a: Blue Bands|68/100|[from] item: Life Orb
|
|upkeep
|turn|27
|
|t:|1614300148
|move|p2a: Blue Bands|Aura Sphere|p1a: Blissey
|-supereffective|p1a: Blissey
|-damage|p1a: Blissey|3/100
|-damage|p2a: Blue Bands|58/100|[from] item: Life Orb
|move|p1a: Blissey|Soft-Boiled|p1a: Blissey
|-heal|p1a: Blissey|53/100
|
|upkeep
|turn|28
|-message|freebobby2020 forfeited.
|
|win|SuperTheoryBros
|l|☆freebobby2020
|l| AverageJoe326
|l| BabyPigsAreLaughin
|l| glava222
|l| assddff
|l| Xephix
||Ladder (probably) updated, but score could not be retrieved (Request timeout).
