|html|<div class="broadcast-blue"><strong>[Gen 8] OU is currently suspecting Melmetal! For information on how to participate check out the <a href="https://www.smogon.com/forums/threads/np-ss-ou-suspect-process-round-12-monster-mash.3709234/">suspect thread</a>.</strong></div>
|j|☆Rex Rei
|j|☆Adel19
|t:|1666931844
|gametype|singles
|player|p1|Rex Rei|veteran|1729
|player|p2|Adel19|rocketgruntf|1970
|teamsize|p1|6
|teamsize|p2|6
|gen|8
|tier|[Gen 8] OU
|rated|
|rule|Sleep Clause Mod: Limit one foe put to sleep
|rule|Species Clause: Limit one of each Pokémon
|rule|OHKO Clause: OHKO moves are banned
|rule|Evasion Items Clause: Evasion items are banned
|rule|Evasion Moves Clause: Evasion moves are banned
|rule|Endless Battle Clause: Forcing endless battles is banned
|rule|HP Percentage Mod: HP is shown in percentages
|rule|Dynamax Clause: You cannot dynamax
|clearpoke
|poke|p1|Torkoal, F|
|poke|p1|Venusaur, F|
|poke|p1|Charizard, F|
|poke|p1|Corviknight, F|
|poke|p1|Entei|
|poke|p1|Garchomp, F|
|poke|p2|Landorus-Therian, M|
|poke|p2|Zapdos|
|poke|p2|Tapu Fini|
|poke|p2|Kartana|
|poke|p2|Blissey, F|
|poke|p2|Zeraora|
|teampreview
|inactive|Battle timer is ON: inactive players will automatically lose when time's up. (requested by Rex Rei)
|
|t:|1666931864
|start
|switch|p1a: Torkoal|Torkoal, F|100/100
|switch|p2a: Blissey|Blissey, F|100/100
|-weather|SunnyDay|[from] ability: Drought|[of] p1a: Torkoal
|turn|1
|
|t:|1666931876
|move|p2a: Blissey|Toxic|p1a: Torkoal
|-status|p1a: Torkoal|tox
|move|p1a: Torkoal|Yawn|p2a: Blissey
|-start|p2a: Blissey|move: Yawn|[of] p1a: Torkoal
|
|-weather|SunnyDay|[upkeep]
|-damage|p1a: Torkoal|94/100 tox|[from] psn
|upkeep
|turn|2
|
|t:|1666931879
|move|p2a: Blissey|Stealth Rock|p1a: Torkoal
|-sidestart|p1: Rex Rei|move: Stealth Rock
|move|p1a: Torkoal|Stealth Rock|p2a: Blissey
|-sidestart|p2: Adel19|move: Stealth Rock
|
|-weather|SunnyDay|[upkeep]
|-damage|p1a: Torkoal|82/100 tox|[from] psn
|-end|p2a: Blissey|move: Yawn|[silent]
|-status|p2a: Blissey|slp
|upkeep
|turn|3
|
|t:|1666931899
|-curestatus|p2a: Blissey|slp|[from] ability: Natural Cure
|switch|p2a: Landorus|Landorus-Therian, M|100/100
|-damage|p2a: Landorus|88/100|[from] Stealth Rock
|-ability|p2a: Landorus|Intimidate|boost
|-unboost|p1a: Torkoal|atk|1
|move|p1a: Torkoal|Rapid Spin|p2a: Landorus
|-damage|p2a: Landorus|81/100
|-boost|p1a: Torkoal|spe|1
|-sideend|p1: Rex Rei|Stealth Rock|[from] move: Rapid Spin|[of] p1a: Torkoal
|
|-weather|SunnyDay|[upkeep]
|-damage|p1a: Torkoal|64/100 tox|[from] psn
|upkeep
|turn|4
|
|t:|1666931903
|switch|p1a: Charizard|Charizard, F|100/100
|move|p2a: Landorus|Substitute|p2a: Landorus
|-start|p2a: Landorus|Substitute
|-damage|p2a: Landorus|57/100
|
|-weather|SunnyDay|[upkeep]
|-damage|p1a: Charizard|88/100|[from] ability: Solar Power|[of] p1a: Charizard
|upkeep
|turn|5
|
|t:|1666931908
|move|p1a: Charizard|Weather Ball|p2a: Landorus
|-end|p2a: Landorus|Substitute
|move|p2a: Landorus|Stone Edge|p1a: Charizard|[miss]
|-miss|p2a: Landorus|p1a: Charizard
|
|-weather|SunnyDay|[upkeep]
|-damage|p1a: Charizard|76/100|[from] ability: Solar Power|[of] p1a: Charizard
|upkeep
|turn|6
|
|t:|1666931912
|switch|p2a: Blissey|Blissey, F|100/100
|move|p1a: Charizard|Weather Ball|p2a: Blissey
|-damage|p2a: Blissey|40/100
|
|-weather|SunnyDay|[upkeep]
|-damage|p1a: Charizard|63/100|[from] ability: Solar Power|[of] p1a: Charizard
|upkeep
|turn|7
|inactive|Adel19 has 120 seconds left.
|inactive|Adel19 has 90 seconds left.
|inactive|Adel19 has 60 seconds left.
|
|t:|1666932011
|switch|p2a: Kartana|Kartana|100/100
|-damage|p2a: Kartana|94/100|[from] Stealth Rock
|move|p1a: Charizard|Weather Ball|p2a: Kartana
|-supereffective|p2a: Kartana
|-damage|p2a: Kartana|0 fnt
|faint|p2a: Kartana
|
|-weather|SunnyDay|[upkeep]
|-damage|p1a: Charizard|51/100|[from] ability: Solar Power|[of] p1a: Charizard
|upkeep
|
|t:|1666932014
|switch|p2a: Zeraora|Zeraora|100/100
|turn|8
|
|t:|1666932016
|switch|p1a: Garchomp|Garchomp, F|100/100
|move|p2a: Zeraora|Knock Off|p1a: Garchomp
|-damage|p1a: Garchomp|71/100
|-damage|p2a: Zeraora|88/100|[from] ability: Rough Skin|[of] p1a: Garchomp
|-enditem|p1a: Garchomp|Life Orb|[from] move: Knock Off|[of] p2a: Zeraora
|
|-weather|none
|upkeep
|turn|9
|
|t:|1666932019
|switch|p2a: Tapu Fini|Tapu Fini|100/100
|-damage|p2a: Tapu Fini|88/100|[from] Stealth Rock
|-fieldstart|move: Misty Terrain|[from] ability: Misty Surge|[of] p2a: Tapu Fini
|move|p1a: Garchomp|Swords Dance|p1a: Garchomp
|-boost|p1a: Garchomp|atk|2
|
|-heal|p2a: Tapu Fini|94/100|[from] item: Leftovers
|upkeep
|turn|10
|
|t:|1666932023
|move|p1a: Garchomp|Earthquake|p2a: Tapu Fini
|-damage|p2a: Tapu Fini|26/100
|move|p2a: Tapu Fini|Moonblast|p1a: Garchomp
|-supereffective|p1a: Garchomp
|-damage|p1a: Garchomp|0 fnt
|faint|p1a: Garchomp
|
|-heal|p2a: Tapu Fini|32/100|[from] item: Leftovers
|upkeep
|
|t:|1666932025
|switch|p1a: Torkoal|Torkoal, F|64/100 tox
|-weather|SunnyDay|[from] ability: Drought|[of] p1a: Torkoal
|turn|11
|
|t:|1666932039
|switch|p1a: Entei|Entei|100/100
|move|p2a: Tapu Fini|Taunt|p1a: Entei
|-start|p1a: Entei|move: Taunt
|
|-weather|SunnyDay|[upkeep]
|-heal|p2a: Tapu Fini|38/100|[from] item: Leftovers
|upkeep
|turn|12
|
|t:|1666932049
|move|p1a: Entei|Sacred Fire|p2a: Tapu Fini
|-resisted|p2a: Tapu Fini
|-damage|p2a: Tapu Fini|1/100
|move|p2a: Tapu Fini|Surf|p1a: Entei
|-supereffective|p1a: Entei
|-damage|p1a: Entei|61/100
|
|-weather|SunnyDay|[upkeep]
|-heal|p2a: Tapu Fini|7/100|[from] item: Leftovers
|upkeep
|turn|13
|
|t:|1666932064
|move|p1a: Entei|Sacred Fire|p2a: Tapu Fini
|-resisted|p2a: Tapu Fini
|-damage|p2a: Tapu Fini|0 fnt
|faint|p2a: Tapu Fini
|
|-weather|SunnyDay|[upkeep]
|-end|p1a: Entei|move: Taunt
|-fieldend|Misty Terrain
|upkeep
|inactive|Adel19 has 90 seconds left.
|
|t:|1666932091
|switch|p2a: Blissey|Blissey, F|40/100
|turn|14
|
|t:|1666932108
|move|p1a: Entei|Sacred Fire|p2a: Blissey
|-damage|p2a: Blissey|0 fnt
|faint|p2a: Blissey
|
|-weather|SunnyDay|[upkeep]
|upkeep
|
|t:|1666932111
|switch|p2a: Zeraora|Zeraora|88/100
|turn|15
|
|t:|1666932114
|move|p2a: Zeraora|Knock Off|p1a: Entei
|-damage|p1a: Entei|31/100
|-enditem|p1a: Entei|Choice Band|[from] move: Knock Off|[of] p2a: Zeraora
|move|p1a: Entei|Sacred Fire|p2a: Zeraora
|-damage|p2a: Zeraora|0 fnt
|faint|p2a: Zeraora
|
|-weather|SunnyDay|[upkeep]
|upkeep
|-message|Adel19 forfeited.
|
|win|Rex Rei
|raw|Rex Rei's rating: 1729 &rarr; <strong>1761</strong><br />(+32 for winning)
|raw|Adel19's rating: 1970 &rarr; <strong>1938</strong><br />(-32 for losing)
|l|☆Adel19
