|j|☆iZYDEGAMES
|j|☆GORAN EL DRACO
|t:|1667307976
|gametype|singles
|player|p1|iZYDEGAMES|marnie-masters|1616
|player|p2|GORAN EL DRACO|harlequin|1690
|teamsize|p1|6
|teamsize|p2|6
|gen|8
|tier|[Gen 8] OU
|rated|
|rule|Sleep Clause Mod: Limit one foe put to sleep
|rule|Species Clause: Limit one of each Pokémon
|rule|OHKO Clause: OHKO moves are banned
|rule|Evasion Items Clause: Evasion items are banned
|rule|Evasion Moves Clause: Evasion moves are banned
|rule|Endless Battle Clause: Forcing endless battles is banned
|rule|HP Percentage Mod: HP is shown in percentages
|rule|Dynamax Clause: You cannot dynamax
|clearpoke
|poke|p1|Dragapult, F|
|poke|p1|Ferrothorn, F|
|poke|p1|Clefable, F|
|poke|p1|Tornadus-Therian, M|
|poke|p1|Magnezone|
|poke|p1|Garchomp, F|
|poke|p2|Pelipper, F|
|poke|p2|Melmetal|
|poke|p2|Inteleon, M|
|poke|p2|Ferrothorn, M|
|poke|p2|Barraskewda, F|
|poke|p2|Seismitoad, F|
|teampreview
|inactive|Battle timer is ON: inactive players will automatically lose when time's up. (requested by GORAN EL DRACO)
|
|t:|1667307993
|start
|switch|p1a: Clefable|Clefable, F|100/100
|switch|p2a: Pelipper|Pelipper, F|100/100
|-weather|RainDance|[from] ability: Drizzle|[of] p2a: Pelipper
|turn|1
|
|t:|1667307996
|move|p2a: Pelipper|Scald|p1a: Clefable
|-damage|p1a: Clefable|69/100
|-status|p1a: Clefable|brn
|move|p1a: Clefable|Knock Off|p2a: Pelipper
|-damage|p2a: Pelipper|95/100
|-enditem|p2a: Pelipper|Damp Rock|[from] move: Knock Off|[of] p1a: Clefable
|
|-weather|RainDance|[upkeep]
|-heal|p1a: Clefable|75/100 brn|[from] item: Leftovers
|upkeep
|turn|2
|
|t:|1667308005
|move|p2a: Pelipper|U-turn|p1a: Clefable
|-resisted|p1a: Clefable
|-damage|p1a: Clefable|71/100 brn
|
|t:|1667308011
|switch|p2a: Ferrothorn|Ferrothorn, M|100/100|[from]move: U-turn
|move|p1a: Clefable|Soft-Boiled|p1a: Clefable
|-heal|p1a: Clefable|100/100 brn
|
|-weather|RainDance|[upkeep]
|upkeep
|turn|3
|
|t:|1667308020
|move|p1a: Clefable|Knock Off|p2a: Ferrothorn
|-damage|p2a: Ferrothorn|95/100
|-activate|p2a: Ferrothorn|ability: Iron Barbs
|-enditem|p2a: Ferrothorn|Leftovers|[from] move: Knock Off|[of] p1a: Clefable
|move|p2a: Ferrothorn|Stealth Rock|p1a: Clefable
|-sidestart|p1: iZYDEGAMES|move: Stealth Rock
|
|-weather|RainDance|[upkeep]
|upkeep
|turn|4
|j| ISimpForKlara
|
|t:|1667308032
|switch|p2a: GALARIAN SNIPER|Inteleon, M|100/100
|move|p1a: Clefable|Thunder Wave|p2a: GALARIAN SNIPER|[miss]
|-miss|p1a: Clefable|p2a: GALARIAN SNIPER
|
|-weather|RainDance|[upkeep]
|upkeep
|turn|5
|
|t:|1667308047
|switch|p1a: Ferrothorn|Ferrothorn, F|100/100
|-damage|p1a: Ferrothorn|94/100|[from] Stealth Rock
|move|p2a: GALARIAN SNIPER|Snipe Shot|p1a: Ferrothorn
|-resisted|p1a: Ferrothorn
|-crit|p1a: Ferrothorn
|-damage|p1a: Ferrothorn|29/100
|
|-weather|RainDance|[upkeep]
|-heal|p1a: Ferrothorn|36/100|[from] item: Leftovers
|upkeep
|turn|6
|
|t:|1667308053
|move|p2a: GALARIAN SNIPER|Snipe Shot|p1a: Ferrothorn
|-resisted|p1a: Ferrothorn
|-crit|p1a: Ferrothorn
|-damage|p1a: Ferrothorn|0 fnt
|faint|p1a: Ferrothorn
|
|-weather|RainDance|[upkeep]
|upkeep
|
|t:|1667308056
|switch|p1a: Dragapult|Dragapult, F|100/100
|-damage|p1a: Dragapult|88/100|[from] Stealth Rock
|turn|7
|
|t:|1667308068
|move|p1a: Dragapult|U-turn|p2a: GALARIAN SNIPER
|-damage|p2a: GALARIAN SNIPER|40/100
|
|t:|1667308089
|switch|p1a: Clefable|Clefable, F|100/100 brn|[from]move: U-turn
|move|p2a: GALARIAN SNIPER|Snipe Shot|p1a: Clefable
|-damage|p1a: Clefable|48/100 brn
|
|-weather|RainDance|[upkeep]
|-heal|p1a: Clefable|54/100 brn|[from] item: Leftovers
|upkeep
|turn|8
|
|t:|1667308094
|move|p2a: GALARIAN SNIPER|Snipe Shot|p1a: Clefable
|-crit|p1a: Clefable
|-damage|p1a: Clefable|0 fnt
|faint|p1a: Clefable
|
|-weather|none
|upkeep
|
|t:|1667308098
|switch|p1a: Dragapult|Dragapult, F|88/100
|-damage|p1a: Dragapult|76/100|[from] Stealth Rock
|turn|9
|
|t:|1667308104
|switch|p2a: Pelipper|Pelipper, F|95/100
|-weather|RainDance|[from] ability: Drizzle|[of] p2a: Pelipper
|move|p1a: Dragapult|U-turn|p2a: Pelipper
|-resisted|p2a: Pelipper
|-damage|p2a: Pelipper|81/100
|
|t:|1667308110
|switch|p1a: Tornadus|Tornadus-Therian, M|100/100|[from]move: U-turn
|
|-weather|RainDance|[upkeep]
|upkeep
|turn|10
|
|t:|1667308116
|move|p1a: Tornadus|Defog|p2a: Pelipper
|-unboost|p2a: Pelipper|evasion|1
|-sideend|p1: iZYDEGAMES|Stealth Rock|[from] move: Defog|[of] p1a: Tornadus
|move|p2a: Pelipper|U-turn|p1a: Tornadus
|-resisted|p1a: Tornadus
|-damage|p1a: Tornadus|96/100
|
|t:|1667308118
|switch|p2a: Barraskewda|Barraskewda, F|100/100|[from]move: U-turn
|
|-weather|RainDance|[upkeep]
|upkeep
|turn|11
|
|t:|1667308136
|move|p2a: Barraskewda|Liquidation|p1a: Tornadus
|-damage|p1a: Tornadus|0 fnt
|faint|p1a: Tornadus
|
|-weather|RainDance|[upkeep]
|upkeep
|
|t:|1667308140
|switch|p1a: Dragapult|Dragapult, F|76/100
|turn|12
|
|t:|1667308147
|switch|p1a: Magnezone|Magnezone|100/100
|move|p2a: Barraskewda|Liquidation|p1a: Magnezone
|-damage|p1a: Magnezone|0 fnt
|faint|p1a: Magnezone
|
|-weather|RainDance|[upkeep]
|upkeep
|
|t:|1667308158
|switch|p1a: Dragapult|Dragapult, F|76/100
|turn|13
|c|☆GORAN EL DRACO|u got every single mag turn wrong
|c|☆GORAN EL DRACO|truly impressive
|inactive|iZYDEGAMES has 120 seconds left.
|c|☆iZYDEGAMES|i thought you woulnt choke
|c|☆GORAN EL DRACO|sorry i choked all the way to a 6-0 😂
|inactive|iZYDEGAMES has 90 seconds left.
|inactive|iZYDEGAMES has 60 seconds left.
|-message|iZYDEGAMES forfeited.
|
|win|GORAN EL DRACO
|raw|iZYDEGAMES's rating: 1616 &rarr; <strong>1600</strong><br />(-16 for losing)
|raw|GORAN EL DRACO's rating: 1690 &rarr; <strong>1706</strong><br />(+16 for winning)
|c|☆iZYDEGAMES|you stay in against clefable with yout rain setter t1
||Ladder isn't responding, score probably updated but might not have (Request timeout).
