|j|☆Allen-xia寻欢
|j|☆Shootingwolf
|t:|1604637540
|player|p1|Allen-xia寻欢|candice|1678
|player|p2|Shootingwolf|erika|1637
|teamsize|p1|6
|teamsize|p2|6
|gametype|singles
|gen|8
|tier|[Gen 8] OU
|rated|
|clearpoke
|poke|p1|Tornadus-Therian, M|
|poke|p1|Zygarde|
|poke|p1|Spectrier|
|poke|p1|Moltres|
|poke|p1|Magearna|
|poke|p1|Landorus-Therian, M|
|poke|p2|Mandibuzz, F|
|poke|p2|Pheromosa|
|poke|p2|Tapu Fini|
|poke|p2|Kyurem-Black|
|poke|p2|Landorus-Therian, M|
|poke|p2|Magearna|
|rule|Sleep Clause Mod: Limit one foe put to sleep
|rule|Species Clause: Limit one of each Pokémon
|rule|OHKO Clause: OHKO moves are banned
|rule|Evasion Moves Clause: Evasion moves are banned
|rule|Endless Battle Clause: Forcing endless battles is banned
|rule|HP Percentage Mod: HP is shown in percentages
|rule|Dynamax Clause: You cannot dynamax
|teampreview
|j| sedfghbjnk
|
|t:|1604637564
|start
|switch|p1a: Magearna|Magearna|100/100
|switch|p2a: Kyurem|Kyurem-Black|100/100
|-ability|p2a: Kyurem|Teravolt
|turn|1
|
|t:|1604637572
|switch|p2a: Magearna|Magearna|100/100
|move|p1a: Magearna|Shift Gear|p1a: Magearna
|-boost|p1a: Magearna|spe|2
|-boost|p1a: Magearna|atk|1
|
|upkeep
|turn|2
|
|t:|1604637575
|move|p1a: Magearna|Calm Mind|p1a: Magearna
|-boost|p1a: Magearna|spa|1
|-boost|p1a: Magearna|spd|1
|move|p2a: Magearna|Flash Cannon|p1a: Magearna
|-damage|p1a: Magearna|68/100
|
|upkeep
|turn|3
|
|t:|1604637587
|move|p1a: Magearna|Draining Kiss|p2a: Magearna
|-resisted|p2a: Magearna
|-damage|p2a: Magearna|85/100
|-heal|p1a: Magearna|80/100|[from] drain|[of] p2a: Magearna
|move|p2a: Magearna|Flash Cannon|p1a: Magearna
|-damage|p1a: Magearna|46/100
|-unboost|p1a: Magearna|spd|1
|
|upkeep
|turn|4
|
|t:|1604637593
|move|p1a: Magearna|Stored Power|p2a: Magearna
|-resisted|p2a: Magearna
|-damage|p2a: Magearna|62/100
|move|p2a: Magearna|Flash Cannon|p1a: Magearna
|-damage|p1a: Magearna|0 fnt
|faint|p1a: Magearna
|-ability|p2a: Magearna|Soul-Heart|boost
|-boost|p2a: Magearna|spa|1
|
|upkeep
|
|t:|1604637597
|switch|p1a: Moltres|Moltres|100/100
|turn|5
|
|t:|1604637604
|switch|p2a: Tapu Fini|Tapu Fini|100/100
|-fieldstart|move: Misty Terrain|[from] ability: Misty Surge|[of] p2a: Tapu Fini
|move|p1a: Moltres|Flamethrower|p2a: Tapu Fini
|-resisted|p2a: Tapu Fini
|-damage|p2a: Tapu Fini|86/100
|
|-heal|p2a: Tapu Fini|92/100|[from] item: Leftovers
|upkeep
|turn|6
|
|t:|1604637615
|switch|p1a: Zygarde|Zygarde|100/100
|-ability|p1a: Zygarde|Aura Break
|move|p2a: Tapu Fini|Calm Mind|p2a: Tapu Fini
|-boost|p2a: Tapu Fini|spa|1
|-boost|p2a: Tapu Fini|spd|1
|
|-heal|p2a: Tapu Fini|98/100|[from] item: Leftovers
|upkeep
|turn|7
|
|t:|1604637632
|switch|p1a: Landorus|Landorus-Therian, M|100/100
|-ability|p1a: Landorus|Intimidate|boost
|-unboost|p2a: Tapu Fini|atk|1
|move|p2a: Tapu Fini|Moonblast|p1a: Landorus
|-damage|p1a: Landorus|46/100
|
|-heal|p2a: Tapu Fini|100/100|[from] item: Leftovers
|upkeep
|turn|8
|
|t:|1604637638
|move|p1a: Landorus|Stealth Rock|p2a: Tapu Fini
|-sidestart|p2: Shootingwolf|move: Stealth Rock
|move|p2a: Tapu Fini|Surf|p1a: Landorus
|-supereffective|p1a: Landorus
|-damage|p1a: Landorus|0 fnt
|faint|p1a: Landorus
|
|upkeep
|
|t:|1604637642
|switch|p1a: Tornadus|Tornadus-Therian, M|100/100
|turn|9
|
|t:|1604637650
|move|p1a: Tornadus|Nasty Plot|p1a: Tornadus
|-boost|p1a: Tornadus|spa|2
|move|p2a: Tapu Fini|Moonblast|p1a: Tornadus
|-damage|p1a: Tornadus|36/100
|
|-fieldend|Misty Terrain
|upkeep
|turn|10
|
|t:|1604637655
|move|p1a: Tornadus|Air Slash|p2a: Tapu Fini
|-damage|p2a: Tapu Fini|54/100
|-damage|p1a: Tornadus|27/100|[from] item: Life Orb
|move|p2a: Tapu Fini|Moonblast|p1a: Tornadus
|-damage|p1a: Tornadus|0 fnt
|faint|p1a: Tornadus
|
|-heal|p2a: Tapu Fini|60/100|[from] item: Leftovers
|upkeep
|-message|Allen-xia寻欢 forfeited.
|
|win|Shootingwolf
|l|☆Allen-xia寻欢
|raw|Allen-xia寻欢's rating: 1678 &rarr; <strong>1656</strong><br />(-22 for losing)
|raw|Shootingwolf's rating: 1637 &rarr; <strong>1659</strong><br />(+22 for winning)
