|j|☆imchokingrn
|j|☆HOF69
|t:|1658632405
|gametype|singles
|player|p1|imchokingrn|backpacker|1623
|player|p2|HOF69|red|1836
|teamsize|p1|6
|teamsize|p2|6
|gen|8
|tier|[Gen 8] OU
|rated|
|rule|Sleep Clause Mod: Limit one foe put to sleep
|rule|Species Clause: Limit one of each Pokémon
|rule|OHKO Clause: OHKO moves are banned
|rule|Evasion Moves Clause: Evasion moves are banned
|rule|Endless Battle Clause: Forcing endless battles is banned
|rule|HP Percentage Mod: HP is shown in percentages
|rule|Dynamax Clause: You cannot dynamax
|clearpoke
|poke|p1|Tapu Koko|
|poke|p1|Victini|
|poke|p1|Landorus-Therian, M|
|poke|p1|Tornadus-Therian, M|
|poke|p1|Rotom-Wash|
|poke|p1|Ferrothorn, F|
|poke|p2|Blacephalon|
|poke|p2|Gengar, M|
|poke|p2|Krookodile, M|
|poke|p2|Kartana|
|poke|p2|Tapu Lele|
|poke|p2|Landorus-Therian, M|
|teampreview
|inactive|Battle timer is ON: inactive players will automatically lose when time's up. (requested by HOF69)
|
|t:|1658632430
|start
|switch|p1a: Rotom|Rotom-Wash|100/100
|switch|p2a: Krookodile|Krookodile, M|100/100
|-ability|p2a: Krookodile|Intimidate|boost
|-unboost|p1a: Rotom|atk|1
|turn|1
|
|t:|1658632433
|move|p2a: Krookodile|Knock Off|p1a: Rotom
|-damage|p1a: Rotom|49/100
|-enditem|p1a: Rotom|Leftovers|[from] move: Knock Off|[of] p2a: Krookodile
|move|p1a: Rotom|Hydro Pump|p2a: Krookodile|[miss]
|-miss|p1a: Rotom|p2a: Krookodile
|
|upkeep
|turn|2
|
|t:|1658632440
|move|p2a: Krookodile|Stealth Rock|p1a: Rotom
|-sidestart|p1: imchokingrn|move: Stealth Rock
|move|p1a: Rotom|Hydro Pump|p2a: Krookodile
|-supereffective|p2a: Krookodile
|-enditem|p2a: Krookodile|Focus Sash
|-damage|p2a: Krookodile|1/100
|
|upkeep
|turn|3
|
|t:|1658632445
|move|p2a: Krookodile|Knock Off|p1a: Rotom
|-damage|p1a: Rotom|12/100
|move|p1a: Rotom|Toxic|p2a: Krookodile|[miss]
|-miss|p1a: Rotom|p2a: Krookodile
|
|upkeep
|turn|4
|c|☆imchokingrn|,
|
|t:|1658632452
|move|p2a: Krookodile|Knock Off|p1a: Rotom
|-damage|p1a: Rotom|0 fnt
|faint|p1a: Rotom
|
|upkeep
|c|☆imchokingrn|oh yea i could go ferro
|c|☆imchokingrn|turn 4 and i already missplayed
|c|☆imchokingrn|thats gonna be easy for you
|c|☆HOF69|eh, we'll see
|
|t:|1658632480
|switch|p1a: Victini|Victini|100/100
|turn|5
|
|t:|1658632484
|move|p1a: Victini|U-turn|p2a: Krookodile
|-supereffective|p2a: Krookodile
|-damage|p2a: Krookodile|0 fnt
|faint|p2a: Krookodile
|
|t:|1658632495
|switch|p1a: Landorus|Landorus-Therian, M|100/100|[from]move: U-turn
|-damage|p1a: Landorus|88/100|[from] Stealth Rock
|
|-heal|p1a: Landorus|94/100|[from] item: Leftovers
|upkeep
|
|t:|1658632502
|switch|p2a: Tapu Lele|Tapu Lele|100/100
|-fieldstart|move: Psychic Terrain|[from] ability: Psychic Surge|[of] p2a: Tapu Lele
|turn|6
|inactive|imchokingrn has 120 seconds left.
|
|t:|1658632539
|switch|p1a: Victini|Victini|100/100
|move|p2a: Tapu Lele|Psyshock|p1a: Victini
|-resisted|p1a: Victini
|-damage|p1a: Victini|66/100
|
|upkeep
|turn|7
|
|t:|1658632549
|move|p1a: Victini|V-create|p2a: Tapu Lele
|-damage|p2a: Tapu Lele|0 fnt
|-unboost|p1a: Victini|spe|1
|-unboost|p1a: Victini|def|1
|-unboost|p1a: Victini|spd|1
|faint|p2a: Tapu Lele
|
|upkeep
|
|t:|1658632558
|switch|p2a: Gengar|Gengar, M, shiny|100/100
|turn|8
|
|t:|1658632567
|switch|p1a: Landorus|Landorus-Therian, M|94/100
|-damage|p1a: Landorus|82/100|[from] Stealth Rock
|-ability|p1a: Landorus|Intimidate|boost
|-unboost|p2a: Gengar|atk|1
|move|p2a: Gengar|Shadow Ball|p1a: Landorus
|-damage|p1a: Landorus|49/100
|
|-heal|p1a: Landorus|55/100|[from] item: Leftovers
|upkeep
|turn|9
|
|t:|1658632576
|move|p2a: Gengar|Shadow Ball|p1a: Landorus
|-damage|p1a: Landorus|17/100
|move|p1a: Landorus|Defog|p2a: Gengar
|-unboost|p2a: Gengar|evasion|1
|-sideend|p1: imchokingrn|Stealth Rock|[from] move: Defog|[of] p1a: Landorus
|-fieldend|move: Psychic Terrain
|
|-heal|p1a: Landorus|23/100|[from] item: Leftovers
|upkeep
|turn|10
|
|t:|1658632580
|switch|p1a: Tornadus|Tornadus-Therian, M|100/100
|move|p2a: Gengar|Shadow Ball|p1a: Tornadus
|-damage|p1a: Tornadus|74/100
|
|upkeep
|turn|11
|
|t:|1658632584
|move|p1a: Tornadus|Knock Off|p2a: Gengar
|-supereffective|p2a: Gengar
|-damage|p2a: Gengar|24/100
|-enditem|p2a: Gengar|Focus Sash|[from] move: Knock Off|[of] p1a: Tornadus
|move|p2a: Gengar|Sludge Wave|p1a: Tornadus
|-damage|p1a: Tornadus|45/100
|
|upkeep
|turn|12
|
|t:|1658632590
|move|p1a: Tornadus|Knock Off|p2a: Gengar
|-supereffective|p2a: Gengar
|-crit|p2a: Gengar
|-damage|p2a: Gengar|0 fnt
|faint|p2a: Gengar
|
|upkeep
|j| smime
|j| PainInTheS
|
|t:|1658632606
|switch|p2a: Kartana|Kartana|100/100
|turn|13
|inactive|imchokingrn has 120 seconds left.
|inactive|imchokingrn has 90 seconds left.
|
|t:|1658632672
|switch|p1a: Victini|Victini|66/100
|move|p2a: Kartana|Knock Off|p1a: Victini
|-supereffective|p1a: Victini
|-damage|p1a: Victini|0 fnt
|-enditem|p1a: Victini|Heavy-Duty Boots|[from] move: Knock Off|[of] p2a: Kartana
|faint|p1a: Victini
|-ability|p2a: Kartana|Beast Boost|boost
|-boost|p2a: Kartana|atk|1
|
|upkeep
|
|t:|1658632679
|switch|p1a: Ferrothorn|Ferrothorn, F|100/100
|turn|14
|
|t:|1658632686
|move|p2a: Kartana|Sacred Sword|p1a: Ferrothorn
|-supereffective|p1a: Ferrothorn
|-damage|p1a: Ferrothorn|24/100
|-activate|p1a: Ferrothorn|ability: Iron Barbs
|-activate|p2a: Kartana|item: Protective Pads
|move|p1a: Ferrothorn|Body Press|p2a: Kartana
|-supereffective|p2a: Kartana
|-damage|p2a: Kartana|43/100
|
|upkeep
|turn|15
|
|t:|1658632694
|move|p2a: Kartana|Knock Off|p1a: Ferrothorn
|-damage|p1a: Ferrothorn|0 fnt
|-activate|p1a: Ferrothorn|ability: Iron Barbs
|-activate|p2a: Kartana|item: Protective Pads
|-enditem|p1a: Ferrothorn|Rocky Helmet|[from] move: Knock Off|[of] p2a: Kartana
|faint|p1a: Ferrothorn
|-ability|p2a: Kartana|Beast Boost|boost
|-boost|p2a: Kartana|atk|1
|
|upkeep
|
|t:|1658632695
|switch|p1a: Tapu Koko|Tapu Koko|100/100
|-fieldstart|move: Electric Terrain|[from] ability: Electric Surge|[of] p1a: Tapu Koko
|turn|16
|
|t:|1658632698
|switch|p2a: Landorus|Landorus-Therian, M|100/100
|-ability|p2a: Landorus|Intimidate|boost
|-unboost|p1a: Tapu Koko|atk|1
|move|p1a: Tapu Koko|Dazzling Gleam|p2a: Landorus
|-damage|p2a: Landorus|69/100
|
|upkeep
|turn|17
|inactive|imchokingrn has 120 seconds left.
|
|t:|1658632703
|switch|p1a: Landorus|Landorus-Therian, M|23/100
|-ability|p1a: Landorus|Intimidate|boost
|-unboost|p2a: Landorus|atk|1
|move|p2a: Landorus|Knock Off|p1a: Landorus
|-damage|p1a: Landorus|3/100
|-enditem|p1a: Landorus|Leftovers|[from] move: Knock Off|[of] p2a: Landorus
|
|upkeep
|turn|18
|inactive|imchokingrn has 120 seconds left.
|c|☆imchokingrn|and my smart ass decided to sack victini and leave me no room to chip landot
|c|☆imchokingrn|._.
|
|t:|1658632725
|move|p1a: Landorus|Toxic|p2a: Landorus
|-status|p2a: Landorus|tox
|move|p2a: Landorus|U-turn|p1a: Landorus
|-resisted|p1a: Landorus
|-damage|p1a: Landorus|0 fnt
|faint|p1a: Landorus
|c|☆imchokingrn|ok thats a chip i guess
|
|t:|1658632730
|switch|p2a: Kartana|Kartana|43/100|[from]move: U-turn
|
|upkeep
|
|t:|1658632734
|switch|p1a: Tapu Koko|Tapu Koko|100/100
|turn|19
|c|☆imchokingrn|oh i
|c|☆imchokingrn|,
|inactive|imchokingrn has 120 seconds left.
|c|☆imchokingrn|shouldve went tornt shouldnt i
|
|t:|1658632760
|move|p1a: Tapu Koko|Volt Switch|p2a: Kartana
|-resisted|p2a: Kartana
|-crit|p2a: Kartana
|-damage|p2a: Kartana|0 fnt
|faint|p2a: Kartana
|
|t:|1658632762
|switch|p1a: Tornadus|Tornadus-Therian, M|78/100|[from]move: Volt Switch
|
|upkeep
|
|t:|1658632765
|switch|p2a: Landorus|Landorus-Therian, M|69/100 tox
|-ability|p2a: Landorus|Intimidate|boost
|-unboost|p1a: Tornadus|atk|1
|turn|20
|inactive|imchokingrn has 120 seconds left.
|j| CB Bhris Breezy
|j| gxe check ☝️
|inactive|imchokingrn has 90 seconds left.
|inactive|imchokingrn has 60 seconds left.
|c|☆imchokingrn|it didnt matter actually
|c|☆imchokingrn|yikes
|inactive|imchokingrn has 30 seconds left.
|
|t:|1658632863
|move|p1a: Tornadus|Hurricane|p2a: Landorus
|-damage|p2a: Landorus|45/100 tox
|move|p2a: Landorus|Knock Off|p1a: Tornadus
|-damage|p1a: Tornadus|38/100
|-enditem|p1a: Tornadus|Assault Vest|[from] move: Knock Off|[of] p2a: Landorus
|
|-damage|p2a: Landorus|39/100 tox|[from] psn
|-fieldend|move: Electric Terrain
|upkeep
|turn|21
|c| CB Bhris Breezy|yeah kartana is pretty fraile
|inactive|imchokingrn has 30 seconds left.
|c|☆imchokingrn|no the problem is that scarf blace just won
|inactive|imchokingrn has 20 seconds left.
|inactive|imchokingrn has 15 seconds left.
|c|☆imchokingrn|oh well
|inactive|imchokingrn has 10 seconds left.
|c|☆imchokingrn|at least you didnt lose 30
|inactive|HOF69 has 120 seconds left.
|c|☆imchokingrn|i probably only lose like 10
|c|☆imchokingrn|which is fine
|
|t:|1658632903
|move|p1a: Tornadus|Hurricane|p2a: Landorus
|-damage|p2a: Landorus|14/100 tox
|-start|p2a: Landorus|confusion
|-activate|p2a: Landorus|confusion
|move|p2a: Landorus|Knock Off|p1a: Tornadus
|-damage|p1a: Tornadus|11/100
|
|-damage|p2a: Landorus|2/100 tox|[from] psn
|upkeep
|turn|22
|inactive|imchokingrn has 20 seconds left this turn.
|inactive|imchokingrn has 15 seconds left.
|inactive|HOF69 has 120 seconds left.
|
|t:|1658632918
|move|p1a: Tornadus|U-turn|p2a: Landorus
|-resisted|p2a: Landorus
|-damage|p2a: Landorus|0 fnt
|faint|p2a: Landorus
|inactive|imchokingrn has 20 seconds left this turn.
|c|☆imchokingrn|or maybe you did lose 30
|
|t:|1658632921
|switch|p1a: Tapu Koko|Tapu Koko|100/100|[from]move: U-turn
|-fieldstart|move: Electric Terrain|[from] ability: Electric Surge|[of] p1a: Tapu Koko
|
|upkeep
|inactive|imchokingrn has 25 seconds left this turn.
|
|t:|1658632924
|switch|p2a: Blacephalon|Blacephalon|100/100
|turn|23
|c|☆imchokingrn|does it 1hko
|inactive|imchokingrn has 30 seconds left.
|c|☆imchokingrn|oh mind blown
|
|t:|1658632936
|move|p2a: Blacephalon|Flamethrower|p1a: Tapu Koko
|-damage|p1a: Tapu Koko|16/100
|move|p1a: Tapu Koko|Thunderbolt|p2a: Blacephalon
|-damage|p2a: Blacephalon|0 fnt
|faint|p2a: Blacephalon
|
|win|imchokingrn
|inactive|imchokingrn has 30 seconds left this turn.
|raw|imchokingrn's rating: 1623 &rarr; <strong>1654</strong><br />(+31 for winning)
|raw|HOF69's rating: 1836 &rarr; <strong>1805</strong><br />(-31 for losing)
|c|☆imchokingrn|,
|l|☆HOF69
|c| CB Bhris Breezy|lmao
|l| PainInTheS
|l| smime
|l| gxe check ☝️
||Ladder isn't responding, score probably updated but might not have (Request timeout).
