|j|☆HOF69
|j|☆UnzipsCrogre
|t:|1653174198
|gametype|singles
|player|p1|HOF69|red|1907
|player|p2|UnzipsCrogre|unknown|1981
|teamsize|p1|6
|teamsize|p2|6
|gen|8
|tier|[Gen 8] OU
|rated|
|rule|Sleep Clause Mod: Limit one foe put to sleep
|rule|Species Clause: Limit one of each Pokémon
|rule|OHKO Clause: OHKO moves are banned
|rule|Evasion Moves Clause: Evasion moves are banned
|rule|Endless Battle Clause: Forcing endless battles is banned
|rule|HP Percentage Mod: HP is shown in percentages
|rule|Dynamax Clause: You cannot dynamax
|clearpoke
|poke|p1|Blacephalon|
|poke|p1|Cloyster, M|
|poke|p1|Tapu Lele|
|poke|p1|Kartana|
|poke|p1|Landorus-Therian, M|
|poke|p1|Krookodile, M|
|poke|p2|Marowak-Alola, F|
|poke|p2|Melmetal|
|poke|p2|Crawdaunt, F|
|poke|p2|Hatterene, F|
|poke|p2|Porygon2|
|poke|p2|Cresselia, F|
|teampreview
|
|t:|1653174228
|start
|switch|p1a: Landorus|Landorus-Therian, M|100/100
|switch|p2a: Hatterene|Hatterene, F|100/100
|-ability|p1a: Landorus|Intimidate|boost
|-unboost|p2a: Hatterene|atk|1
|turn|1
|j| Vasolturo
|
|t:|1653174237
|move|p1a: Landorus|Earthquake|p2a: Hatterene
|-damage|p2a: Hatterene|45/100
|move|p2a: Hatterene|Trick Room|p2a: Hatterene
|-fieldstart|move: Trick Room|[of] p2a: Hatterene
|
|upkeep
|turn|2
|
|t:|1653174246
|switch|p1a: Krookodile|Krookodile, M|100/100
|-ability|p1a: Krookodile|Intimidate|boost
|-unboost|p2a: Hatterene|atk|1
|move|p2a: Hatterene|Healing Wish|p2a: Hatterene
|faint|p2a: Hatterene
|
|upkeep
|
|t:|1653174249
|switch|p2a: Melmetal|Melmetal|100/100
|turn|3
|
|t:|1653174251
|switch|p1a: Landorus|Landorus-Therian, M|100/100
|-ability|p1a: Landorus|Intimidate|boost
|-unboost|p2a: Melmetal|atk|1
|move|p2a: Melmetal|Double Iron Bash|p1a: Landorus
|-damage|p1a: Landorus|55/100
|-damage|p1a: Landorus|10/100
|-hitcount|p1a: Landorus|2
|
|upkeep
|turn|4
|l| Vasolturo
|j| sefsefsggdrfbcxcx
|
|t:|1653174264
|move|p2a: Melmetal|Double Iron Bash|p1a: Landorus
|-damage|p1a: Landorus|0 fnt
|faint|p1a: Landorus
|-hitcount|p1: Landorus|1
|
|upkeep
|
|t:|1653174265
|switch|p1a: Krookodile|Krookodile, M|100/100
|-ability|p1a: Krookodile|Intimidate|boost
|-unboost|p2a: Melmetal|atk|1
|turn|5
|
|t:|1653174268
|move|p2a: Melmetal|Double Iron Bash|p1a: Krookodile
|-damage|p1a: Krookodile|62/100
|-crit|p1a: Krookodile
|-damage|p1a: Krookodile|0 fnt
|faint|p1a: Krookodile
|-hitcount|p1: Krookodile|2
|
|-fieldend|move: Trick Room
|upkeep
|j| Vasolturo
|j| ash_won_kalos
|
|t:|1653174286
|switch|p1a: Cloyster|Cloyster, M, shiny|100/100
|turn|6
|
|t:|1653174292
|move|p1a: Cloyster|Shell Smash|p1a: Cloyster
|-unboost|p1a: Cloyster|def|1
|-unboost|p1a: Cloyster|spd|1
|-boost|p1a: Cloyster|atk|2
|-boost|p1a: Cloyster|spa|2
|-boost|p1a: Cloyster|spe|2
|move|p2a: Melmetal|Double Iron Bash|p1a: Cloyster
|-damage|p1a: Cloyster|60/100
|-damage|p1a: Cloyster|19/100
|-hitcount|p1a: Cloyster|2
|
|upkeep
|turn|7
|
|t:|1653174298
|switch|p2a: Crawdaunt|Crawdaunt, F|100/100
|move|p1a: Cloyster|Liquidation|p2a: Crawdaunt
|-resisted|p2a: Crawdaunt
|-damage|p2a: Crawdaunt|58/100
|-unboost|p2a: Crawdaunt|def|1
|
|upkeep
|turn|8
|
|t:|1653174302
|move|p2a: Crawdaunt|Aqua Jet|p1a: Cloyster
|-resisted|p1a: Cloyster
|-damage|p1a: Cloyster|0 fnt
|faint|p1a: Cloyster
|-damage|p2a: Crawdaunt|48/100|[from] item: Life Orb
|
|upkeep
|
|t:|1653174307
|switch|p1a: Tapu Lele|Tapu Lele|100/100
|-fieldstart|move: Psychic Terrain|[from] ability: Psychic Surge|[of] p1a: Tapu Lele
|turn|9
|
|t:|1653174309
|move|p1a: Tapu Lele|Moonblast|p2a: Crawdaunt
|-supereffective|p2a: Crawdaunt
|-damage|p2a: Crawdaunt|0 fnt
|faint|p2a: Crawdaunt
|
|upkeep
|
|t:|1653174312
|switch|p2a: Cresselia|Cresselia, F|100/100
|turn|10
|
|t:|1653174318
|move|p1a: Tapu Lele|Taunt|p2a: Cresselia
|-start|p2a: Cresselia|move: Taunt
|-enditem|p2a: Cresselia|Mental Herb
|-end|p2a: Cresselia|move: Taunt
|move|p2a: Cresselia|Trick Room|p2a: Cresselia
|-fieldstart|move: Trick Room|[of] p2a: Cresselia
|
|upkeep
|turn|11
|
|t:|1653174323
|move|p2a: Cresselia|Lunar Dance|p2a: Cresselia
|faint|p2a: Cresselia
|move|p1a: Tapu Lele|Moonblast|p2: Cresselia|[notarget]
|-fail|p1a: Tapu Lele
|
|upkeep
|j| BabyPigsAreLaughin
|
|t:|1653174326
|switch|p2a: Marowak|Marowak-Alola, F|100/100
|turn|12
|
|t:|1653174330
|switch|p1a: Blacephalon|Blacephalon|100/100
|move|p2a: Marowak|Flare Blitz|p1a: Blacephalon
|-resisted|p1a: Blacephalon
|-damage|p1a: Blacephalon|0 fnt
|faint|p1a: Blacephalon
|
|upkeep
|j| Trexton
|
|t:|1653174340
|switch|p1a: Tapu Lele|Tapu Lele|100/100
|turn|13
|
|t:|1653174342
|move|p2a: Marowak|Flare Blitz|p1a: Tapu Lele
|-damage|p1a: Tapu Lele|0 fnt
|faint|p1a: Tapu Lele
|
|-fieldend|move: Psychic Terrain
|upkeep
|-message|HOF69 forfeited.
|
|win|UnzipsCrogre
|raw|HOF69's rating: 1907 &rarr; <strong>1891</strong><br />(-16 for losing)
|raw|UnzipsCrogre's rating: 1981 &rarr; <strong>1997</strong><br />(+16 for winning)
|l|☆HOF69
