|j|☆yuwenzhao
|j|‽brigado bruh
|t:|1662280233
|gametype|singles
|player|p1|yuwenzhao|dawn|1475
|player|p2|brigado bruh|102|1456
|teamsize|p1|6
|teamsize|p2|6
|gen|8
|tier|[Gen 8] OU
|rated|
|rule|Sleep Clause Mod: Limit one foe put to sleep
|rule|Species Clause: Limit one of each Pokémon
|rule|OHKO Clause: OHKO moves are banned
|rule|Evasion Items Clause: Evasion items are banned
|rule|Evasion Moves Clause: Evasion moves are banned
|rule|Endless Battle Clause: Forcing endless battles is banned
|rule|HP Percentage Mod: HP is shown in percentages
|rule|Dynamax Clause: You cannot dynamax
|clearpoke
|poke|p1|Rillaboom, M|
|poke|p1|Zarude-Dada|
|poke|p1|Kartana|
|poke|p1|Volcanion|
|poke|p1|Nihilego|
|poke|p1|Dragonite, M|
|poke|p2|Rillaboom, F|
|poke|p2|Tornadus-Therian, M|
|poke|p2|Blaziken, M|
|poke|p2|Melmetal|
|poke|p2|Garchomp, F|
|poke|p2|Slowbro, F|
|teampreview
|inactive|Battle timer is ON: inactive players will automatically lose when time's up. (requested by brigado bruh)
|
|t:|1662280244
|start
|switch|p1a: Dragonite|Dragonite, M|100/100
|switch|p2a: Garchomp|Garchomp, F|100/100
|turn|1
|inactive|brigado bruh has 120 seconds left.
|
|t:|1662280275
|move|p2a: Garchomp|Toxic|p1a: Dragonite|[miss]
|-miss|p2a: Garchomp|p1a: Dragonite
|move|p1a: Dragonite|Ice Beam|p2a: Garchomp
|-supereffective|p2a: Garchomp
|-damage|p2a: Garchomp|25/100
|-status|p2a: Garchomp|frz
|
|-heal|p2a: Garchomp|31/100 frz|[from] item: Leftovers
|upkeep
|turn|2
|
|t:|1662280284
|switch|p2a: Slowbro|Slowbro, F|100/100
|move|p1a: Dragonite|Ice Beam|p2a: Slowbro
|-resisted|p2a: Slowbro
|-damage|p2a: Slowbro|86/100
|
|upkeep
|turn|3
|
|t:|1662280302
|switch|p1a: Rillaboom|Rillaboom, M|100/100
|-fieldstart|move: Grassy Terrain|[from] ability: Grassy Surge|[of] p1a: Rillaboom
|move|p2a: Slowbro|Teleport|p2a: Slowbro
|
|t:|1662280312
|switch|p2a: Blaziken|Blaziken, M|100/100|[from]move: Teleport
|
|upkeep
|turn|4
|
|t:|1662280325
|move|p1a: Rillaboom|Swords Dance|p1a: Rillaboom
|-boost|p1a: Rillaboom|atk|2
|move|p2a: Blaziken|Flare Blitz|p1a: Rillaboom
|-supereffective|p1a: Rillaboom
|-damage|p1a: Rillaboom|0 fnt
|faint|p1a: Rillaboom
|-damage|p2a: Blaziken|67/100|[from] Recoil
|
|-heal|p2a: Blaziken|73/100|[from] Grassy Terrain
|-heal|p2a: Blaziken|79/100|[from] item: Leftovers
|-ability|p2a: Blaziken|Speed Boost|boost
|-boost|p2a: Blaziken|spe|1
|upkeep
|
|t:|1662280337
|switch|p1a: Volcanion|Volcanion|100/100
|turn|5
|
|t:|1662280341
|switch|p2a: Garchomp|Garchomp, F|31/100 frz
|move|p1a: Volcanion|Steam Eruption|p2a: Garchomp
|-damage|p2a: Garchomp|0 fnt
|faint|p2a: Garchomp
|
|upkeep
|
|t:|1662280344
|switch|p2a: Slowbro|Slowbro, F|100/100
|turn|6
|
|t:|1662280357
|move|p1a: Volcanion|Sludge Wave|p2a: Slowbro
|-damage|p2a: Slowbro|65/100
|move|p2a: Slowbro|Future Sight|p1a: Volcanion
|-start|p2a: Slowbro|move: Future Sight
|
|-heal|p2a: Slowbro|71/100|[from] Grassy Terrain
|upkeep
|turn|7
|
|t:|1662280367
|move|p1a: Volcanion|Steam Eruption|p2a: Slowbro
|-resisted|p2a: Slowbro
|-damage|p2a: Slowbro|37/100
|-status|p2a: Slowbro|brn
|move|p2a: Slowbro|Teleport|p2a: Slowbro
|
|t:|1662280371
|switch|p2a: Tornadus|Tornadus-Therian, M|100/100|[from]move: Teleport
|
|-fieldend|move: Grassy Terrain
|upkeep
|turn|8
|
|t:|1662280381
|switch|p1a: Zarude|Zarude-Dada|100/100
|move|p2a: Tornadus|Knock Off|p1a: Zarude
|-resisted|p1a: Zarude
|-damage|p1a: Zarude|91/100
|-enditem|p1a: Zarude|Choice Scarf|[from] move: Knock Off|[of] p2a: Tornadus
|
|-end|p1a: Zarude|move: Future Sight
|-immune|p1a: Zarude
|upkeep
|turn|9
|
|t:|1662280396
|move|p2a: Tornadus|U-turn|p1a: Zarude
|-supereffective|p1a: Zarude
|-damage|p1a: Zarude|33/100
|
|t:|1662280399
|switch|p2a: Melmetal|Melmetal|100/100|[from]move: U-turn
|move|p1a: Zarude|U-turn|p2a: Melmetal
|-resisted|p2a: Melmetal
|-damage|p2a: Melmetal|94/100
|
|t:|1662280407
|switch|p1a: Volcanion|Volcanion|100/100|[from]move: U-turn
|
|-heal|p2a: Melmetal|100/100|[from] item: Leftovers
|upkeep
|turn|10
|
|t:|1662280428
|move|p2a: Melmetal|Protect|p2a: Melmetal
|-singleturn|p2a: Melmetal|Protect
|move|p1a: Volcanion|Steam Eruption|p2a: Melmetal
|-activate|p2a: Melmetal|move: Protect
|
|upkeep
|turn|11
|
|t:|1662280434
|switch|p2a: Slowbro|Slowbro, F|70/100 brn
|move|p1a: Volcanion|Flamethrower|p2a: Slowbro
|-resisted|p2a: Slowbro
|-damage|p2a: Slowbro|42/100 brn
|
|-damage|p2a: Slowbro|36/100 brn|[from] brn
|upkeep
|turn|12
|
|t:|1662280441
|switch|p2a: Tornadus|Tornadus-Therian, M|100/100
|move|p1a: Volcanion|Sludge Wave|p2a: Tornadus
|-damage|p2a: Tornadus|62/100
|
|upkeep
|turn|13
|
|t:|1662280465
|move|p2a: Tornadus|Knock Off|p1a: Volcanion
|-damage|p1a: Volcanion|85/100
|-enditem|p1a: Volcanion|Assault Vest|[from] move: Knock Off|[of] p2a: Tornadus
|move|p1a: Volcanion|Steam Eruption|p2a: Tornadus
|-damage|p2a: Tornadus|0 fnt
|faint|p2a: Tornadus
|
|upkeep
|
|t:|1662280474
|switch|p2a: Slowbro|Slowbro, F|69/100 brn
|turn|14
|
|t:|1662280480
|move|p1a: Volcanion|Sludge Wave|p2a: Slowbro
|-damage|p2a: Slowbro|30/100 brn
|move|p2a: Slowbro|Teleport|p2a: Slowbro
|inactive|brigado bruh has 120 seconds left.
|
|t:|1662280520
|switch|p2a: Melmetal|Melmetal|100/100|[from]move: Teleport
|
|upkeep
|turn|15
|
|t:|1662280526
|move|p1a: Volcanion|Flamethrower|p2a: Melmetal
|-supereffective|p2a: Melmetal
|-damage|p2a: Melmetal|15/100
|move|p2a: Melmetal|Thunder Punch|p1a: Volcanion
|-supereffective|p1a: Volcanion
|-damage|p1a: Volcanion|22/100
|
|-heal|p2a: Melmetal|22/100|[from] item: Leftovers
|upkeep
|turn|16
|
|t:|1662280535
|move|p2a: Melmetal|Protect|p2a: Melmetal
|-singleturn|p2a: Melmetal|Protect
|move|p1a: Volcanion|Steam Eruption|p2a: Melmetal
|-activate|p2a: Melmetal|move: Protect
|
|-heal|p2a: Melmetal|28/100|[from] item: Leftovers
|upkeep
|turn|17
|
|t:|1662280544
|move|p1a: Volcanion|Steam Eruption|p2a: Melmetal
|-damage|p2a: Melmetal|0 fnt
|faint|p2a: Melmetal
|
|upkeep
|
|t:|1662280546
|switch|p2a: Blaziken|Blaziken, M|79/100
|turn|18
|
|t:|1662280551
|move|p2a: Blaziken|Protect|p2a: Blaziken
|-singleturn|p2a: Blaziken|Protect
|move|p1a: Volcanion|Earth Power|p2a: Blaziken
|-activate|p2a: Blaziken|move: Protect
|
|-heal|p2a: Blaziken|86/100|[from] item: Leftovers
|-ability|p2a: Blaziken|Speed Boost|boost
|-boost|p2a: Blaziken|spe|1
|upkeep
|turn|19
|
|t:|1662280566
|move|p2a: Blaziken|Close Combat|p1a: Volcanion
|-damage|p1a: Volcanion|0 fnt
|-unboost|p2a: Blaziken|def|1
|-unboost|p2a: Blaziken|spd|1
|faint|p1a: Volcanion
|
|-heal|p2a: Blaziken|92/100|[from] item: Leftovers
|-ability|p2a: Blaziken|Speed Boost|boost
|-boost|p2a: Blaziken|spe|1
|upkeep
|
|t:|1662280579
|switch|p1a: Dragonite|Dragonite, M|100/100
|turn|20
|
|t:|1662280586
|switch|p2a: Slowbro|Slowbro, F|63/100 brn
|move|p1a: Dragonite|Fire Blast|p2a: Slowbro
|-resisted|p2a: Slowbro
|-damage|p2a: Slowbro|46/100 brn
|
|-damage|p2a: Slowbro|40/100 brn|[from] brn
|upkeep
|turn|21
|
|t:|1662280600
|switch|p1a: Nihilego|Nihilego|100/100
|move|p2a: Slowbro|Teleport|p2a: Slowbro
|
|t:|1662280609
|switch|p2a: Blaziken|Blaziken, M|92/100|[from]move: Teleport
|
|-heal|p2a: Blaziken|98/100|[from] item: Leftovers
|upkeep
|turn|22
|
|t:|1662280624
|move|p1a: Nihilego|Stealth Rock|p2a: Blaziken
|-sidestart|p2: brigado bruh|move: Stealth Rock
|move|p2a: Blaziken|Swords Dance|p2a: Blaziken
|-boost|p2a: Blaziken|atk|2
|
|-heal|p2a: Blaziken|100/100|[from] item: Leftovers
|-ability|p2a: Blaziken|Speed Boost|boost
|-boost|p2a: Blaziken|spe|1
|upkeep
|turn|23
|
|t:|1662280631
|move|p2a: Blaziken|Close Combat|p1a: Nihilego
|-damage|p1a: Nihilego|0 fnt
|-unboost|p2a: Blaziken|def|1
|-unboost|p2a: Blaziken|spd|1
|faint|p1a: Nihilego
|
|-ability|p2a: Blaziken|Speed Boost|boost
|-boost|p2a: Blaziken|spe|1
|upkeep
|-message|yuwenzhao forfeited.
|
|win|brigado bruh
|raw|yuwenzhao's rating: 1475 &rarr; <strong>1454</strong><br />(-21 for losing)
|raw|brigado bruh's rating: 1456 &rarr; <strong>1477</strong><br />(+21 for winning)
|l|☆yuwenzhao
|c|‽brigado bruh|/log brigado bruh made this room public.
