|j|☆Teggy420pls
|j|☆ArcanineSquad
|t:|1603553166
|player|p1|Teggy420pls|1|1391
|player|p2|ArcanineSquad|cynthia-gen4|1338
|teamsize|p1|6
|teamsize|p2|6
|gametype|singles
|gen|8
|tier|[Gen 8] OU
|rated|
|clearpoke
|poke|p1|Genesect|
|poke|p1|Blaziken, M|
|poke|p1|Ditto|
|poke|p1|Chansey, F|
|poke|p1|Spectrier|
|poke|p1|Tapu Fini|
|poke|p2|Victini|
|poke|p2|Landorus-Therian, M|
|poke|p2|Magearna|
|poke|p2|Hydreigon, M|
|poke|p2|Tornadus-Therian, M|
|poke|p2|Genesect|
|rule|Sleep Clause Mod: Limit one foe put to sleep
|rule|Species Clause: Limit one of each Pokémon
|rule|OHKO Clause: OHKO moves are banned
|rule|Evasion Moves Clause: Evasion moves are banned
|rule|Endless Battle Clause: Forcing endless battles is banned
|rule|HP Percentage Mod: HP is shown in percentages
|rule|Dynamax Clause: You cannot dynamax
|teampreview
|inactive|Battle timer is ON: inactive players will automatically lose when time's up. (requested by Teggy420pls)
|inactive|ArcanineSquad has 120 seconds left.
|
|t:|1603553216
|start
|switch|p1a: Banned in 3 days|Genesect, shiny|100/100
|switch|p2a: Victini|Victini|100/100
|-ability|p1a: Banned in 3 days|Download|boost
|-boost|p1a: Banned in 3 days|spa|1
|turn|1
|
|t:|1603553224
|move|p1a: Banned in 3 days|Extreme Speed|p2a: Victini
|-damage|p2a: Victini|61/100
|move|p2a: Victini|V-create|p1a: Banned in 3 days
|-supereffective|p1a: Banned in 3 days
|-damage|p1a: Banned in 3 days|0 fnt
|-unboost|p2a: Victini|spe|1
|-unboost|p2a: Victini|def|1
|-unboost|p2a: Victini|spd|1
|faint|p1a: Banned in 3 days
|
|upkeep
|c|☆Teggy420pls|Aw shit lol
|
|t:|1603553250
|switch|p1a: Foofa|Tapu Fini|100/100
|-fieldstart|move: Misty Terrain|[from] ability: Misty Surge|[of] p1a: Foofa
|turn|2
|inactive|ArcanineSquad has 120 seconds left.
|
|t:|1603553303
|switch|p2a: Magearna|Magearna|100/100
|move|p1a: Foofa|Surf|p2a: Magearna
|-damage|p2a: Magearna|88/100
|
|upkeep
|turn|3
|
|t:|1603553318
|switch|p1a: Teen Mom|Chansey, F|100/100
|move|p2a: Magearna|Volt Switch|p1a: Teen Mom
|-damage|p1a: Teen Mom|94/100
|
|t:|1603553325
|switch|p2a: Genesect|Genesect, shiny|100/100|[from]move: Volt Switch
|-ability|p2a: Genesect|Download|boost
|-boost|p2a: Genesect|atk|1
|
|upkeep
|turn|4
|
|t:|1603553340
|move|p2a: Genesect|Iron Head|p1a: Teen Mom
|-damage|p1a: Teen Mom|36/100
|move|p1a: Teen Mom|Stealth Rock|p2a: Genesect
|-sidestart|p2: ArcanineSquad|move: Stealth Rock
|
|upkeep
|turn|5
|
|t:|1603553345
|move|p2a: Genesect|Iron Head|p1a: Teen Mom
|-crit|p1a: Teen Mom
|-damage|p1a: Teen Mom|0 fnt
|faint|p1a: Teen Mom
|
|upkeep
|inactive|Teggy420pls has 120 seconds left.
|
|t:|1603553386
|switch|p1a: Cluck Norris|Blaziken, M|100/100
|turn|6
|inactive|ArcanineSquad has 120 seconds left.
|
|t:|1603553418
|switch|p2a: Landorus|Landorus-Therian, M|100/100
|-damage|p2a: Landorus|88/100|[from] Stealth Rock
|-ability|p2a: Landorus|Intimidate|boost
|-unboost|p1a: Cluck Norris|atk|1
|move|p1a: Cluck Norris|Swords Dance|p1a: Cluck Norris
|-boost|p1a: Cluck Norris|atk|2
|
|-fieldend|Misty Terrain
|-ability|p1a: Cluck Norris|Speed Boost|boost
|-boost|p1a: Cluck Norris|spe|1
|upkeep
|turn|7
|inactive|Teggy420pls has 120 seconds left.
|
|t:|1603553431
|move|p1a: Cluck Norris|Protect|p1a: Cluck Norris
|-singleturn|p1a: Cluck Norris|Protect
|move|p2a: Landorus|Earthquake|p1a: Cluck Norris
|-activate|p1a: Cluck Norris|move: Protect
|
|-ability|p1a: Cluck Norris|Speed Boost|boost
|-boost|p1a: Cluck Norris|spe|1
|upkeep
|turn|8
|
|t:|1603553443
|move|p1a: Cluck Norris|Flare Blitz|p2a: Landorus
|-damage|p2a: Landorus|2/100
|-damage|p1a: Cluck Norris|84/100|[from] item: Rocky Helmet|[of] p2a: Landorus
|-damage|p1a: Cluck Norris|48/100|[from] Recoil
|-damage|p1a: Cluck Norris|38/100|[from] item: Life Orb
|move|p2a: Landorus|Earthquake|p1a: Cluck Norris
|-supereffective|p1a: Cluck Norris
|-damage|p1a: Cluck Norris|0 fnt
|faint|p1a: Cluck Norris
|
|upkeep
|inactive|Teggy420pls has 120 seconds left.
|
|t:|1603553457
|switch|p1a: Rooby Roo|Spectrier|100/100
|turn|9
|inactive|ArcanineSquad has 90 seconds left.
|
|t:|1603553493
|move|p1a: Rooby Roo|Shadow Ball|p2a: Landorus
|-damage|p2a: Landorus|0 fnt
|-damage|p1a: Rooby Roo|91/100|[from] item: Life Orb
|faint|p2a: Landorus
|-ability|p1a: Rooby Roo|Grim Neigh|boost
|-boost|p1a: Rooby Roo|spa|1
|
|upkeep
|
|t:|1603553500
|switch|p2a: Magearna|Magearna|88/100
|-damage|p2a: Magearna|82/100|[from] Stealth Rock
|turn|10
|
|t:|1603553509
|move|p1a: Rooby Roo|Calm Mind|p1a: Rooby Roo
|-boost|p1a: Rooby Roo|spa|1
|-boost|p1a: Rooby Roo|spd|1
|move|p2a: Magearna|Flash Cannon|p1a: Rooby Roo
|-damage|p1a: Rooby Roo|62/100
|
|upkeep
|turn|11
|inactive|ArcanineSquad has 90 seconds left.
|
|t:|1603553520
|move|p1a: Rooby Roo|Shadow Ball|p2a: Magearna
|-damage|p2a: Magearna|35/100
|-damage|p1a: Rooby Roo|52/100|[from] item: Life Orb
|move|p2a: Magearna|Flash Cannon|p1a: Rooby Roo
|-damage|p1a: Rooby Roo|24/100
|
|upkeep
|turn|12
|
|t:|1603553528
|move|p1a: Rooby Roo|Shadow Ball|p2a: Magearna
|-damage|p2a: Magearna|0 fnt
|-damage|p1a: Rooby Roo|14/100|[from] item: Life Orb
|faint|p2a: Magearna
|-ability|p1a: Rooby Roo|Grim Neigh|boost
|-boost|p1a: Rooby Roo|spa|1
|
|upkeep
|
|t:|1603553534
|switch|p2a: Hydreigon|Hydreigon, M, shiny|100/100
|-damage|p2a: Hydreigon|88/100|[from] Stealth Rock
|turn|13
|
|t:|1603553538
|move|p1a: Rooby Roo|Shadow Ball|p2a: Hydreigon
|-resisted|p2a: Hydreigon
|-damage|p2a: Hydreigon|11/100
|-unboost|p2a: Hydreigon|spd|1
|-damage|p1a: Rooby Roo|4/100|[from] item: Life Orb
|move|p2a: Hydreigon|Fire Blast|p1a: Rooby Roo
|-damage|p1a: Rooby Roo|0 fnt
|-damage|p2a: Hydreigon|1/100|[from] item: Life Orb
|faint|p1a: Rooby Roo
|
|upkeep
|
|t:|1603553561
|switch|p1a: No u|Ditto|100/100
|-transform|p1a: No u|p2a: Hydreigon|[from] ability: Imposter
|turn|14
|inactive|ArcanineSquad has 90 seconds left.
|
|t:|1603553611
|move|p1a: No u|Draco Meteor|p2a: Hydreigon
|-supereffective|p2a: Hydreigon
|-damage|p2a: Hydreigon|0 fnt
|-unboost|p1a: No u|spa|2
|faint|p2a: Hydreigon
|
|upkeep
|
|t:|1603553619
|switch|p2a: Genesect|Genesect, shiny|100/100
|-damage|p2a: Genesect|88/100|[from] Stealth Rock
|-ability|p2a: Genesect|Download|boost
|-boost|p2a: Genesect|spa|1
|turn|15
|
|t:|1603553626
|switch|p1a: Foofa|Tapu Fini|100/100
|-fieldstart|move: Misty Terrain|[from] ability: Misty Surge|[of] p1a: Foofa
|move|p2a: Genesect|Extreme Speed|p1a: Foofa
|-damage|p1a: Foofa|71/100
|
|-heal|p1a: Foofa|77/100|[from] item: Leftovers
|upkeep
|turn|16
|
|t:|1603553639
|switch|p2a: Tornadus|Tornadus-Therian, M|100/100
|move|p1a: Foofa|Surf|p2a: Tornadus
|-damage|p2a: Tornadus|69/100
|
|-heal|p1a: Foofa|83/100|[from] item: Leftovers
|upkeep
|turn|17
|
|t:|1603553653
|move|p2a: Tornadus|Hurricane|p1a: Foofa|[miss]
|-miss|p2a: Tornadus|p1a: Foofa
|move|p1a: Foofa|Taunt|p2a: Tornadus
|-start|p2a: Tornadus|move: Taunt
|
|-heal|p1a: Foofa|89/100|[from] item: Leftovers
|upkeep
|turn|18
|
|t:|1603553660
|move|p2a: Tornadus|Hurricane|p1a: Foofa|[miss]
|-miss|p2a: Tornadus|p1a: Foofa
|move|p1a: Foofa|Nature's Madness|p2a: Tornadus
|-damage|p2a: Tornadus|35/100
|
|-heal|p1a: Foofa|96/100|[from] item: Leftovers
|upkeep
|turn|19
|
|t:|1603553670
|move|p2a: Tornadus|Hurricane|p1a: Foofa
|-damage|p1a: Foofa|64/100
|move|p1a: Foofa|Surf|p2a: Tornadus
|-crit|p2a: Tornadus
|-damage|p2a: Tornadus|0 fnt
|faint|p2a: Tornadus
|
|-heal|p1a: Foofa|70/100|[from] item: Leftovers
|-fieldend|Misty Terrain
|upkeep
|
|t:|1603553679
|switch|p2a: Victini|Victini|61/100
|-damage|p2a: Victini|36/100|[from] Stealth Rock
|turn|20
|
|t:|1603553683
|move|p2a: Victini|Bolt Strike|p1a: Foofa
|-supereffective|p1a: Foofa
|-damage|p1a: Foofa|21/100
|move|p1a: Foofa|Surf|p2a: Victini
|-supereffective|p2a: Victini
|-damage|p2a: Victini|0 fnt
|faint|p2a: Victini
|
|-heal|p1a: Foofa|27/100|[from] item: Leftovers
|upkeep
|
|t:|1603553691
|switch|p2a: Genesect|Genesect, shiny|88/100
|-damage|p2a: Genesect|76/100|[from] Stealth Rock
|-ability|p2a: Genesect|Download|boost
|-boost|p2a: Genesect|spa|1
|turn|21
|
|t:|1603553699
|move|p2a: Genesect|Iron Head|p1a: Foofa
|-damage|p1a: Foofa|0 fnt
|faint|p1a: Foofa
|
|upkeep
|
|t:|1603553703
|switch|p1a: No u|Ditto|100/100
|-transform|p1a: No u|p2a: Genesect|[from] ability: Imposter
|-ability|p1a: No u|Download|boost
|-boost|p1a: No u|atk|1
|turn|22
|
|t:|1603553709
|move|p1a: No u|Iron Head|p2a: Genesect
|-resisted|p2a: Genesect
|-damage|p2a: Genesect|32/100
|cant|p2a: Genesect|flinch
|
|upkeep
|turn|23
|-message|ArcanineSquad forfeited.
|
|win|Teggy420pls
|l|☆ArcanineSquad
|c|☆Teggy420pls|Gg
