|raw|<div class="broadcast-blue"><strong>This battle is required to be public due to a player having a name prefixed by 'LT71LX'.</div>
|j|☆LT71LX toytin
|j|☆orangesss
|t:|1596822126
|player|p1|LT71LX toytin|picnicker|1580
|player|p2|orangesss|kimonogirl|1574
|teamsize|p1|6
|teamsize|p2|6
|gametype|singles
|gen|8
|tier|[Gen 8] OU
|rated|
|clearpoke
|poke|p1|Torkoal, F|
|poke|p1|Venusaur, M|
|poke|p1|Blissey, F|
|poke|p1|Mandibuzz, F|
|poke|p1|Clefable, F|
|poke|p1|Charizard, F|
|poke|p2|Pelipper, F|
|poke|p2|Kingdra, F|
|poke|p2|Seismitoad, M|
|poke|p2|Crawdaunt, M|
|poke|p2|Clefable, F|
|poke|p2|Corviknight, F|
|rule|Sleep Clause Mod: Limit one foe put to sleep
|rule|Species Clause: Limit one of each Pokémon
|rule|OHKO Clause: OHKO moves are banned
|rule|Evasion Moves Clause: Evasion moves are banned
|rule|Endless Battle Clause: Forcing endless battles is banned
|rule|HP Percentage Mod: HP is shown in percentages
|rule|Dynamax Clause: You cannot dynamax
|teampreview
|inactive|Battle timer is ON: inactive players will automatically lose when time's up. (requested by orangesss)
|inactive|LT71LX toytin also wants the timer to be on.
|
|t:|1596822150
|start
|switch|p1a: Clefable|Clefable, F|100/100
|switch|p2a: Seismitoad|Seismitoad, M|100/100
|turn|1
|
|t:|1596822154
|move|p2a: Seismitoad|Sludge Wave|p1a: Clefable
|-supereffective|p1a: Clefable
|-damage|p1a: Clefable|29/100
|-damage|p2a: Seismitoad|91/100|[from] item: Life Orb
|move|p1a: Clefable|Stealth Rock|p2a: Seismitoad
|-sidestart|p2: orangesss|move: Stealth Rock
|
|-heal|p1a: Clefable|35/100|[from] item: Leftovers
|upkeep
|turn|2
|
|t:|1596822160
|switch|p1a: Blissey|Blissey, F|100/100
|move|p2a: Seismitoad|Stealth Rock|p1a: Blissey
|-sidestart|p1: LT71LX toytin|move: Stealth Rock
|
|upkeep
|turn|3
|
|t:|1596822164
|switch|p2a: Clefable|Clefable, F|100/100
|move|p1a: Blissey|Toxic|p2a: Clefable
|-status|p2a: Clefable|tox
|
|upkeep
|turn|4
|
|t:|1596822171
|switch|p1a: Clefable|Clefable, F|35/100
|move|p2a: Clefable|Calm Mind|p2a: Clefable
|-boost|p2a: Clefable|spa|1
|-boost|p2a: Clefable|spd|1
|
|-heal|p1a: Clefable|41/100|[from] item: Leftovers
|upkeep
|turn|5
|
|t:|1596822180
|switch|p1a: Venusaur|Venusaur, M|100/100
|-damage|p1a: Venusaur|88/100|[from] Stealth Rock
|move|p2a: Clefable|Moonblast|p1a: Venusaur
|-resisted|p1a: Venusaur
|-damage|p1a: Venusaur|63/100
|-unboost|p1a: Venusaur|spa|1
|
|upkeep
|turn|6
|
|t:|1596822189
|move|p1a: Venusaur|Growth|p1a: Venusaur
|-boost|p1a: Venusaur|atk|1
|-boost|p1a: Venusaur|spa|1
|move|p2a: Clefable|Calm Mind|p2a: Clefable
|-boost|p2a: Clefable|spa|1
|-boost|p2a: Clefable|spd|1
|
|upkeep
|turn|7
|
|t:|1596822195
|move|p1a: Venusaur|Sludge Bomb|p2a: Clefable
|-supereffective|p2a: Clefable
|-damage|p2a: Clefable|51/100 tox
|-damage|p1a: Venusaur|53/100|[from] item: Life Orb
|move|p2a: Clefable|Moonblast|p1a: Venusaur
|-resisted|p1a: Venusaur
|-crit|p1a: Venusaur
|-damage|p1a: Venusaur|0 fnt
|faint|p1a: Venusaur
|
|-heal|p2a: Clefable|57/100 tox|[from] item: Leftovers
|upkeep
|
|t:|1596822200
|switch|p1a: Charizard|Charizard, F|100/100
|turn|8
|
|t:|1596822210
|move|p1a: Charizard|Overheat|p2a: Clefable
|-damage|p2a: Clefable|32/100 tox
|-unboost|p1a: Charizard|spa|2
|move|p2a: Clefable|Soft-Boiled|p2a: Clefable
|-heal|p2a: Clefable|82/100 tox
|
|-heal|p2a: Clefable|88/100 tox|[from] item: Leftovers
|upkeep
|turn|9
|-message|LT71LX toytin forfeited.
|
|win|orangesss
||Ladder (probably) updated, but score could not be retrieved (Request timeout).
|l|orangesss
