|j|☆Professor Aaron
|j|☆64j3t3hrt3h
|t:|1663879483
|gametype|singles
|player|p1|Professor Aaron|kukui|1620
|player|p2|64j3t3hrt3h|266|1679
|teamsize|p1|6
|teamsize|p2|6
|gen|8
|tier|[Gen 8] OU
|rated|
|rule|Sleep Clause Mod: Limit one foe put to sleep
|rule|Species Clause: Limit one of each Pokémon
|rule|OHKO Clause: OHKO moves are banned
|rule|Evasion Items Clause: Evasion items are banned
|rule|Evasion Moves Clause: Evasion moves are banned
|rule|Endless Battle Clause: Forcing endless battles is banned
|rule|HP Percentage Mod: HP is shown in percentages
|rule|Dynamax Clause: You cannot dynamax
|clearpoke
|poke|p1|Tornadus-Therian, M|
|poke|p1|Moltres-Galar|
|poke|p1|Dragapult, F|
|poke|p1|Kartana|
|poke|p1|Corsola-Galar, M|
|poke|p1|Landorus-Therian, M|
|poke|p2|Buzzwole|
|poke|p2|Landorus-Therian, M|
|poke|p2|Magnezone|
|poke|p2|Tyranitar, M|
|poke|p2|Tapu Lele|
|poke|p2|Toxapex, F|
|teampreview
|
|t:|1663879495
|start
|switch|p1a: Tornadus|Tornadus-Therian, M|100/100
|switch|p2a: Tapu Lele|Tapu Lele, shiny|100/100
|-fieldstart|move: Psychic Terrain|[from] ability: Psychic Surge|[of] p2a: Tapu Lele
|turn|1
|
|t:|1663879501
|switch|p2a: Toxapex|Toxapex, F|100/100
|move|p1a: Tornadus|U-turn|p2a: Toxapex
|-resisted|p2a: Toxapex
|-damage|p2a: Toxapex|96/100
|-damage|p1a: Tornadus|84/100|[from] item: Rocky Helmet|[of] p2a: Toxapex
|
|t:|1663879515
|switch|p1a: Moltres|Moltres-Galar|100/100|[from]move: U-turn
|
|upkeep
|turn|2
|
|t:|1663879524
|move|p1a: Moltres|Nasty Plot|p1a: Moltres
|-boost|p1a: Moltres|spa|2
|move|p2a: Toxapex|Toxic|p1a: Moltres
|-status|p1a: Moltres|tox
|
|-damage|p1a: Moltres|94/100 tox|[from] psn
|upkeep
|turn|3
|inactive|Battle timer is ON: inactive players will automatically lose when time's up. (requested by Professor Aaron)
|
|t:|1663879534
|switch|p2a: Tyranitar|Tyranitar, M|100/100
|-weather|Sandstorm|[from] ability: Sand Stream|[of] p2a: Tyranitar
|move|p1a: Moltres|Hurricane|p2a: Tyranitar
|-resisted|p2a: Tyranitar
|-damage|p2a: Tyranitar|82/100
|-start|p2a: Tyranitar|confusion
|
|-weather|Sandstorm|[upkeep]
|-damage|p1a: Moltres|88/100 tox|[from] Sandstorm
|-heal|p2a: Tyranitar|88/100|[from] item: Leftovers
|-damage|p1a: Moltres|76/100 tox|[from] psn
|upkeep
|turn|4
|
|t:|1663879550
|switch|p1a: Kartana|Kartana|100/100
|-activate|p2a: Tyranitar|confusion
|-damage|p2a: Tyranitar|79/100|[from] confusion
|
|-weather|Sandstorm|[upkeep]
|-heal|p2a: Tyranitar|86/100|[from] item: Leftovers
|upkeep
|turn|5
|
|t:|1663879557
|switch|p1a: Corsola|Corsola-Galar, M|100/100
|switch|p2a: Buzzwole|Buzzwole|100/100
|
|-weather|Sandstorm|[upkeep]
|-damage|p2a: Buzzwole|94/100|[from] Sandstorm
|-damage|p1a: Corsola|94/100|[from] Sandstorm
|-fieldend|move: Psychic Terrain
|upkeep
|turn|6
|
|t:|1663879564
|switch|p2a: Toxapex|Toxapex, F|100/100
|move|p1a: Corsola|Whirlpool|p2a: Toxapex
|-resisted|p2a: Toxapex
|-damage|p2a: Toxapex|98/100
|-activate|p2a: Toxapex|move: Whirlpool|[of] p1a: Corsola
|
|-weather|Sandstorm|[upkeep]
|-damage|p2a: Toxapex|92/100|[from] Sandstorm
|-damage|p1a: Corsola|88/100|[from] Sandstorm
|-damage|p2a: Toxapex|79/100|[from] move: Whirlpool|[partiallytrapped]
|upkeep
|turn|7
|
|t:|1663879589
|switch|p1a: Tornadus|Tornadus-Therian, M|100/100
|move|p2a: Toxapex|Knock Off|p1a: Tornadus
|-damage|p1a: Tornadus|82/100
|-enditem|p1a: Tornadus|Heavy-Duty Boots|[from] move: Knock Off|[of] p2a: Toxapex
|
|-weather|none
|-end|p2a: Toxapex|Whirlpool|[partiallytrapped]|[silent]
|upkeep
|turn|8
|
|t:|1663879597
|move|p1a: Tornadus|U-turn|p2a: Toxapex
|-resisted|p2a: Toxapex
|-damage|p2a: Toxapex|75/100
|-damage|p1a: Tornadus|65/100|[from] item: Rocky Helmet|[of] p2a: Toxapex
|j| NDHB
|
|t:|1663879603
|switch|p1a: Dragapult|Dragapult, F|100/100|[from]move: U-turn
|move|p2a: Toxapex|Toxic|p1a: Dragapult
|-status|p1a: Dragapult|tox
|
|-damage|p1a: Dragapult|94/100 tox|[from] psn
|upkeep
|turn|9
|
|t:|1663879610
|switch|p2a: Tyranitar|Tyranitar, M|86/100
|-weather|Sandstorm|[from] ability: Sand Stream|[of] p2a: Tyranitar
|move|p1a: Dragapult|Dragon Dance|p1a: Dragapult
|-boost|p1a: Dragapult|atk|1
|-boost|p1a: Dragapult|spe|1
|
|-weather|Sandstorm|[upkeep]
|-damage|p1a: Dragapult|88/100 tox|[from] Sandstorm
|-heal|p2a: Tyranitar|92/100|[from] item: Leftovers
|-damage|p1a: Dragapult|76/100 tox|[from] psn
|upkeep
|turn|10
|
|t:|1663879621
|switch|p2a: Toxapex|Toxapex, F|100/100
|move|p1a: Dragapult|Dragon Darts|p2a: Toxapex
|-damage|p2a: Toxapex|71/100
|-anim|p1a: Dragapult|Dragon Darts|p2a: Toxapex
|-damage|p2a: Toxapex|38/100
|-damage|p1a: Dragapult|67/100 tox|[from] item: Life Orb
|
|-weather|Sandstorm|[upkeep]
|-damage|p1a: Dragapult|61/100 tox|[from] Sandstorm
|-damage|p2a: Toxapex|31/100|[from] Sandstorm
|-damage|p1a: Dragapult|43/100 tox|[from] psn
|upkeep
|turn|11
|
|t:|1663879633
|switch|p2a: Magnezone|Magnezone|100/100
|move|p1a: Dragapult|Flamethrower|p2a: Magnezone
|-supereffective|p2a: Magnezone
|-damage|p2a: Magnezone|39/100
|-damage|p1a: Dragapult|33/100 tox|[from] item: Life Orb
|
|-weather|Sandstorm|[upkeep]
|-damage|p1a: Dragapult|27/100 tox|[from] Sandstorm
|-heal|p2a: Magnezone|45/100|[from] item: Leftovers
|-damage|p1a: Dragapult|3/100 tox|[from] psn
|upkeep
|turn|12
|
|t:|1663879645
|move|p1a: Dragapult|Dragon Darts|p2a: Magnezone
|-resisted|p2a: Magnezone
|-damage|p2a: Magnezone|27/100
|-anim|p1a: Dragapult|Dragon Darts|p2a: Magnezone
|-resisted|p2a: Magnezone
|-damage|p2a: Magnezone|10/100
|-damage|p1a: Dragapult|0 fnt|[from] item: Life Orb
|faint|p1a: Dragapult
|move|p2a: Magnezone|Thunderbolt|p1: Dragapult|[notarget]
|-fail|p2a: Magnezone
|
|-weather|Sandstorm|[upkeep]
|-heal|p2a: Magnezone|16/100|[from] item: Leftovers
|upkeep
|
|t:|1663879658
|switch|p1a: Kartana|Kartana|100/100
|turn|13
|
|t:|1663879662
|switch|p2a: Buzzwole|Buzzwole|94/100
|move|p1a: Kartana|Knock Off|p2a: Buzzwole
|-resisted|p2a: Buzzwole
|-damage|p2a: Buzzwole|75/100
|-enditem|p2a: Buzzwole|Choice Scarf|[from] move: Knock Off|[of] p1a: Kartana
|
|-weather|none
|upkeep
|turn|14
|
|t:|1663879672
|switch|p1a: Corsola|Corsola-Galar, M|88/100
|move|p2a: Buzzwole|Close Combat|p1a: Corsola
|-immune|p1a: Corsola
|
|upkeep
|turn|15
|
|t:|1663879679
|switch|p2a: Toxapex|Toxapex, F|65/100
|switch|p1a: Kartana|Kartana|100/100
|
|upkeep
|turn|16
|
|t:|1663879684
|move|p1a: Kartana|Swords Dance|p1a: Kartana
|-boost|p1a: Kartana|atk|2
|move|p2a: Toxapex|Knock Off|p1a: Kartana
|-damage|p1a: Kartana|85/100
|-enditem|p1a: Kartana|Black Glasses|[from] move: Knock Off|[of] p2a: Toxapex
|
|upkeep
|turn|17
|
|t:|1663879695
|move|p1a: Kartana|Leaf Blade|p2a: Toxapex
|-damage|p2a: Toxapex|0 fnt
|-damage|p1a: Kartana|69/100|[from] item: Rocky Helmet|[of] p2a: Toxapex
|faint|p2a: Toxapex
|-ability|p1a: Kartana|Beast Boost|boost
|-boost|p1a: Kartana|atk|1
|
|upkeep
|-message|64j3t3hrt3h forfeited.
|
|win|Professor Aaron
|raw|Professor Aaron's rating: 1620 &rarr; <strong>1643</strong><br />(+23 for winning)
|raw|64j3t3hrt3h's rating: 1679 &rarr; <strong>1656</strong><br />(-23 for losing)
|l|☆64j3t3hrt3h
|l|☆Professor Aaron
||Ladder isn't responding, score probably updated but might not have (Request timeout).
