|html|<div class="broadcast-blue"><strong>[Gen 8] OU is currently suspecting Melmetal! For information on how to participate check out the <a href="https://www.smogon.com/forums/threads/np-ss-ou-suspect-process-round-12-monster-mash.3709234/">suspect thread</a>.</strong></div>
|j|☆Steez Ibanez
|j|☆nitroxpm1
|t:|1666505640
|gametype|singles
|player|p1|Steez Ibanez|acetrainer-gen7|1945
|player|p2|nitroxpm1|youngster-gen4dp|1688
|teamsize|p1|6
|teamsize|p2|6
|gen|8
|tier|[Gen 8] OU
|rated|
|rule|Sleep Clause Mod: Limit one foe put to sleep
|rule|Species Clause: Limit one of each Pokémon
|rule|OHKO Clause: OHKO moves are banned
|rule|Evasion Items Clause: Evasion items are banned
|rule|Evasion Moves Clause: Evasion moves are banned
|rule|Endless Battle Clause: Forcing endless battles is banned
|rule|HP Percentage Mod: HP is shown in percentages
|rule|Dynamax Clause: You cannot dynamax
|clearpoke
|poke|p1|Heatran, M|
|poke|p1|Zapdos|
|poke|p1|Garchomp, M|
|poke|p1|Weezing-Galar, M|
|poke|p1|Landorus-Therian, M|
|poke|p1|Ferrothorn, M|
|poke|p2|Kartana|
|poke|p2|Tapu Lele|
|poke|p2|Landorus-Therian, M|
|poke|p2|Melmetal|
|poke|p2|Heatran, F|
|poke|p2|Buzzwole|
|teampreview
|
|t:|1666505645
|start
|switch|p1a: Simba|Landorus-Therian, M|100/100
|switch|p2a: Tapu Lele|Tapu Lele|100/100
|-ability|p1a: Simba|Intimidate|boost
|-unboost|p2a: Tapu Lele|atk|1
|-fieldstart|move: Psychic Terrain|[from] ability: Psychic Surge|[of] p2a: Tapu Lele
|turn|1
|
|t:|1666505648
|move|p1a: Simba|U-turn|p2a: Tapu Lele
|-crit|p2a: Tapu Lele
|-damage|p2a: Tapu Lele|42/100
|
|t:|1666505650
|switch|p1a: Abomination|Ferrothorn, M|100/100|[from]move: U-turn
|move|p2a: Tapu Lele|Focus Blast|p1a: Abomination
|-supereffective|p1a: Abomination
|-damage|p1a: Abomination|0 fnt
|faint|p1a: Abomination
|
|upkeep
|
|t:|1666505656
|switch|p1a: Speedwagon|Weezing-Galar, M|100/100
|turn|2
|
|t:|1666505663
|switch|p2a: Heatran|Heatran, F|100/100
|move|p1a: Speedwagon|Toxic Spikes|p2a: Heatran
|-sidestart|p2: nitroxpm1|move: Toxic Spikes
|
|upkeep
|turn|3
|
|t:|1666505679
|switch|p1a: Hephaestus|Heatran, M|100/100
|-item|p1a: Hephaestus|Air Balloon
|move|p2a: Heatran|Lava Plume|p1a: Hephaestus
|-start|p1a: Hephaestus|ability: Flash Fire
|
|upkeep
|turn|4
|
|t:|1666505685
|move|p1a: Hephaestus|Stealth Rock|p2a: Heatran
|-sidestart|p2: nitroxpm1|move: Stealth Rock
|move|p2a: Heatran|Flash Cannon|p1a: Hephaestus
|-resisted|p1a: Hephaestus
|-damage|p1a: Hephaestus|92/100
|-unboost|p1a: Hephaestus|spd|1
|-enditem|p1a: Hephaestus|Air Balloon
|
|upkeep
|turn|5
|
|t:|1666505688
|move|p1a: Hephaestus|Earth Power|p2a: Heatran
|-supereffective|p2a: Heatran
|-damage|p2a: Heatran|12/100
|move|p2a: Heatran|Earth Power|p1a: Hephaestus
|-supereffective|p1a: Hephaestus
|-damage|p1a: Hephaestus|0 fnt
|faint|p1a: Hephaestus
|
|-heal|p2a: Heatran|19/100|[from] item: Leftovers
|-fieldend|move: Psychic Terrain
|upkeep
|
|t:|1666505691
|switch|p1a: Samehada|Garchomp, M|100/100
|turn|6
|
|t:|1666505696
|move|p1a: Samehada|Earthquake|p2a: Heatran
|-supereffective|p2a: Heatran
|-crit|p2a: Heatran
|-damage|p2a: Heatran|0 fnt
|faint|p2a: Heatran
|
|upkeep
|
|t:|1666505698
|switch|p2a: Buzzwole|Buzzwole|100/100
|-status|p2a: Buzzwole|psn
|-damage|p2a: Buzzwole|88/100 psn|[from] Stealth Rock
|turn|7
|
|t:|1666505725
|switch|p1a: Speedwagon|Weezing-Galar, M|100/100
|move|p2a: Buzzwole|Ice Punch|p1a: Speedwagon
|-damage|p1a: Speedwagon|81/100
|
|-heal|p1a: Speedwagon|87/100|[from] item: Black Sludge
|-damage|p2a: Buzzwole|76/100 psn|[from] psn
|upkeep
|turn|8
|
|t:|1666505733
|switch|p2a: Melmetal|Melmetal|100/100
|-damage|p2a: Melmetal|94/100|[from] Stealth Rock
|switch|p1a: Simba|Landorus-Therian, M|100/100
|-ability|p1a: Simba|Intimidate|boost
|-unboost|p2a: Melmetal|atk|1
|
|upkeep
|turn|9
|
|t:|1666505739
|move|p1a: Simba|U-turn|p2a: Melmetal
|-resisted|p2a: Melmetal
|-damage|p2a: Melmetal|87/100
|
|t:|1666505740
|switch|p1a: Bolt|Zapdos|100/100|[from]move: U-turn
|move|p2a: Melmetal|Ice Punch|p1a: Bolt
|-supereffective|p1a: Bolt
|-damage|p1a: Bolt|72/100
|
|upkeep
|turn|10
|j| Spyer2k
|j| Haxgo
|
|t:|1666505746
|switch|p2a: Landorus|Landorus-Therian, M|100/100
|-damage|p2a: Landorus|88/100|[from] Stealth Rock
|-ability|p2a: Landorus|Intimidate|boost
|-unboost|p1a: Bolt|atk|1
|move|p1a: Bolt|Heat Wave|p2a: Landorus
|-damage|p2a: Landorus|55/100
|
|upkeep
|turn|11
|
|t:|1666505755
|move|p2a: Landorus|Stone Edge|p1a: Bolt
|-supereffective|p1a: Bolt
|-damage|p1a: Bolt|21/100
|move|p1a: Bolt|Roost|p1a: Bolt
|-heal|p1a: Bolt|71/100
|-singleturn|p1a: Bolt|move: Roost
|
|upkeep
|turn|12
|
|t:|1666505761
|switch|p1a: Speedwagon|Weezing-Galar, M|87/100
|move|p2a: Landorus|Stone Edge|p1a: Speedwagon|[miss]
|-miss|p2a: Landorus|p1a: Speedwagon
|
|-heal|p1a: Speedwagon|93/100|[from] item: Black Sludge
|upkeep
|turn|13
|
|t:|1666505767
|switch|p2a: Tapu Lele|Tapu Lele|42/100
|-status|p2a: Tapu Lele|psn
|-damage|p2a: Tapu Lele|30/100 psn|[from] Stealth Rock
|-fieldstart|move: Psychic Terrain|[from] ability: Psychic Surge|[of] p2a: Tapu Lele
|switch|p1a: Samehada|Garchomp, M|100/100
|
|-damage|p2a: Tapu Lele|18/100 psn|[from] psn
|upkeep
|turn|14
|
|t:|1666505770
|switch|p1a: Speedwagon|Weezing-Galar, M|93/100
|move|p2a: Tapu Lele|Moonblast|p1a: Speedwagon
|-resisted|p1a: Speedwagon
|-damage|p1a: Speedwagon|33/100
|
|-heal|p1a: Speedwagon|39/100|[from] item: Black Sludge
|-damage|p2a: Tapu Lele|5/100 psn|[from] psn
|upkeep
|turn|15
|
|t:|1666505774
|move|p2a: Tapu Lele|Moonblast|p1a: Speedwagon
|-resisted|p1a: Speedwagon
|-damage|p1a: Speedwagon|0 fnt
|faint|p1a: Speedwagon
|
|-damage|p2a: Tapu Lele|0 fnt|[from] psn
|faint|p2a: Tapu Lele
|upkeep
|j| HQSNonsense
|
|t:|1666505780
|switch|p2a: Kartana|Kartana|100/100
|switch|p1a: Simba|Landorus-Therian, M|100/100
|-ability|p1a: Simba|Intimidate|boost
|-unboost|p2a: Kartana|atk|1
|-damage|p2a: Kartana|94/100|[from] Stealth Rock
|turn|16
|
|t:|1666505783
|switch|p2a: Landorus|Landorus-Therian, M|55/100
|-damage|p2a: Landorus|43/100|[from] Stealth Rock
|-ability|p2a: Landorus|Intimidate|boost
|-unboost|p1a: Simba|atk|1
|move|p1a: Simba|U-turn|p2a: Landorus
|-resisted|p2a: Landorus
|-damage|p2a: Landorus|33/100
|
|t:|1666505787
|switch|p1a: Bolt|Zapdos|71/100|[from]move: U-turn
|
|upkeep
|turn|17
|
|t:|1666505791
|switch|p1a: Samehada|Garchomp, M|100/100
|move|p2a: Landorus|Defog|p1a: Samehada
|-unboost|p1a: Samehada|evasion|1
|-sideend|p2: nitroxpm1|Toxic Spikes|[from] move: Defog|[of] p2a: Landorus
|-sideend|p2: nitroxpm1|Stealth Rock|[from] move: Defog|[of] p2a: Landorus
|-fieldend|move: Psychic Terrain
|
|upkeep
|turn|18
|
|t:|1666505796
|switch|p2a: Melmetal|Melmetal|87/100
|move|p1a: Samehada|Swords Dance|p1a: Samehada
|-boost|p1a: Samehada|atk|2
|
|upkeep
|turn|19
|
|t:|1666505800
|move|p1a: Samehada|Earthquake|p2a: Melmetal
|-supereffective|p2a: Melmetal
|-damage|p2a: Melmetal|0 fnt
|faint|p2a: Melmetal
|
|upkeep
|
|t:|1666505803
|switch|p2a: Buzzwole|Buzzwole|76/100 psn
|turn|20
|
|t:|1666505807
|move|p1a: Samehada|Fire Fang|p2a: Buzzwole
|-supereffective|p2a: Buzzwole
|-damage|p2a: Buzzwole|13/100 psn
|-damage|p1a: Samehada|84/100|[from] item: Rocky Helmet|[of] p2a: Buzzwole
|move|p2a: Buzzwole|Ice Punch|p1a: Samehada
|-supereffective|p1a: Samehada
|-damage|p1a: Samehada|0 fnt
|-damage|p2a: Buzzwole|1/100 psn|[from] ability: Rough Skin|[of] p1a: Samehada
|faint|p1a: Samehada
|-ability|p2a: Buzzwole|Beast Boost|boost
|-boost|p2a: Buzzwole|atk|1
|
|-damage|p2a: Buzzwole|0 fnt|[from] psn
|faint|p2a: Buzzwole
|upkeep
|
|t:|1666505811
|switch|p1a: Simba|Landorus-Therian, M|100/100
|switch|p2a: Kartana|Kartana|94/100
|-ability|p1a: Simba|Intimidate|boost
|-unboost|p2a: Kartana|atk|1
|turn|21
|
|t:|1666505815
|switch|p2a: Landorus|Landorus-Therian, M|33/100
|-ability|p2a: Landorus|Intimidate|boost
|-unboost|p1a: Simba|atk|1
|move|p1a: Simba|U-turn|p2a: Landorus
|-resisted|p2a: Landorus
|-damage|p2a: Landorus|22/100
|
|t:|1666505817
|switch|p1a: Bolt|Zapdos|71/100|[from]move: U-turn
|
|upkeep
|turn|22
|
|t:|1666505823
|switch|p1a: Simba|Landorus-Therian, M|100/100
|-ability|p1a: Simba|Intimidate|boost
|-unboost|p2a: Landorus|atk|1
|move|p2a: Landorus|Stone Edge|p1a: Simba|[miss]
|-miss|p2a: Landorus|p1a: Simba
|
|upkeep
|turn|23
|
|t:|1666505826
|switch|p2a: Kartana|Kartana|94/100
|move|p1a: Simba|U-turn|p2a: Kartana
|-damage|p2a: Kartana|68/100
|
|t:|1666505828
|switch|p1a: Bolt|Zapdos|71/100|[from]move: U-turn
|
|upkeep
|turn|24
|
|t:|1666505838
|move|p2a: Kartana|Knock Off|p1a: Bolt
|-damage|p1a: Bolt|25/100
|-status|p2a: Kartana|par|[from] ability: Static|[of] p1a: Bolt
|-enditem|p1a: Bolt|Heavy-Duty Boots|[from] move: Knock Off|[of] p2a: Kartana
|move|p1a: Bolt|Roost|p1a: Bolt
|-heal|p1a: Bolt|75/100
|-singleturn|p1a: Bolt|move: Roost
|
|upkeep
|turn|25
|j| Jamel 1
|
|t:|1666505845
|move|p1a: Bolt|Roost|p1a: Bolt
|-heal|p1a: Bolt|100/100
|-singleturn|p1a: Bolt|move: Roost
|cant|p2a: Kartana|par
|
|upkeep
|turn|26
|-message|nitroxpm1 forfeited.
|
|win|Steez Ibanez
|raw|Steez Ibanez's rating: 1927 &rarr; <strong>1935</strong><br />(+8 for winning)
|raw|nitroxpm1's rating: 1688 &rarr; <strong>1680</strong><br />(-8 for losing)
|l|☆nitroxpm1
|l|☆Steez Ibanez
|l| Jamel 1
