|html|<div class="broadcast-blue"><strong>[Gen 8] OU is currently suspecting Melmetal! For information on how to participate check out the <a href="https://www.smogon.com/forums/threads/np-ss-ou-suspect-process-round-12-monster-mash.3709234/">suspect thread</a>.</strong></div>
|j|☆snuggypooh
|j|☆HQSTest
|t:|1665988449
|gametype|singles
|player|p1|snuggypooh|smasher|1674
|player|p2|HQSTest|veteranf|1681
|teamsize|p1|6
|teamsize|p2|6
|gen|8
|tier|[Gen 8] OU
|rated|
|rule|Sleep Clause Mod: Limit one foe put to sleep
|rule|Species Clause: Limit one of each Pokémon
|rule|OHKO Clause: OHKO moves are banned
|rule|Evasion Items Clause: Evasion items are banned
|rule|Evasion Moves Clause: Evasion moves are banned
|rule|Endless Battle Clause: Forcing endless battles is banned
|rule|HP Percentage Mod: HP is shown in percentages
|rule|Dynamax Clause: You cannot dynamax
|clearpoke
|poke|p1|Mew|
|poke|p1|Tapu Koko|
|poke|p1|Dragapult, M|
|poke|p1|Hawlucha, F|
|poke|p1|Kommo-o, F|
|poke|p1|Bisharp, M|
|poke|p2|Dragapult, M|
|poke|p2|Rillaboom, M|
|poke|p2|Volcarona, M|
|poke|p2|Mew|
|poke|p2|Moltres-Galar|
|poke|p2|Zeraora|
|teampreview
|
|t:|1665988462
|start
|switch|p1a: Stereotypes|Tapu Koko|100/100
|switch|p2a: Mew|Mew|100/100
|-fieldstart|move: Electric Terrain|[from] ability: Electric Surge|[of] p1a: Stereotypes
|turn|1
|
|t:|1665988470
|move|p1a: Stereotypes|Taunt|p2a: Mew
|-start|p2a: Mew|move: Taunt
|cant|p2a: Mew|move: Taunt|Stealth Rock
|
|upkeep
|turn|2
|
|t:|1665988476
|move|p1a: Stereotypes|Reflect|p1a: Stereotypes
|-sidestart|p1: snuggypooh|Reflect
|move|p2a: Mew|Flare Blitz|p1a: Stereotypes
|-damage|p1a: Stereotypes|86/100
|-damage|p2a: Mew|96/100|[from] Recoil
|
|upkeep
|turn|3
|j| nian9
|
|t:|1665988487
|switch|p2a: Zeraora|Zeraora|100/100
|move|p1a: Stereotypes|Light Screen|p1a: Stereotypes
|-sidestart|p1: snuggypooh|move: Light Screen
|
|upkeep
|turn|4
|
|t:|1665988492
|move|p2a: Zeraora|Bulk Up|p2a: Zeraora
|-boost|p2a: Zeraora|atk|1
|-boost|p2a: Zeraora|def|1
|move|p1a: Stereotypes|U-turn|p2a: Zeraora
|-damage|p2a: Zeraora|83/100
|
|t:|1665988506
|switch|p1a: Be Mine|Dragapult, M|100/100|[from]move: U-turn
|
|upkeep
|turn|5
|
|t:|1665988512
|move|p2a: Zeraora|Bulk Up|p2a: Zeraora
|-boost|p2a: Zeraora|atk|1
|-boost|p2a: Zeraora|def|1
|move|p1a: Be Mine|Dragon Dance|p1a: Be Mine
|-boost|p1a: Be Mine|atk|1
|-boost|p1a: Be Mine|spe|1
|
|-fieldend|move: Electric Terrain
|upkeep
|turn|6
|
|t:|1665988519
|move|p1a: Be Mine|Dragon Darts|p2a: Zeraora
|-damage|p2a: Zeraora|58/100
|-anim|p1a: Be Mine|Dragon Darts|p2a: Zeraora
|-damage|p2a: Zeraora|27/100
|move|p2a: Zeraora|Knock Off|p1a: Be Mine
|-supereffective|p1a: Be Mine
|-damage|p1a: Be Mine|0 fnt
|-enditem|p1a: Be Mine|Weakness Policy|[from] move: Knock Off|[of] p2a: Zeraora
|faint|p1a: Be Mine
|-damage|p2a: Zeraora|17/100|[from] item: Life Orb
|
|upkeep
|
|t:|1665988532
|switch|p1a: Stereotypes|Tapu Koko|86/100
|-fieldstart|move: Electric Terrain|[from] ability: Electric Surge|[of] p1a: Stereotypes
|turn|7
|
|t:|1665988540
|move|p2a: Zeraora|Drain Punch|p1a: Stereotypes
|-resisted|p1a: Stereotypes
|-damage|p1a: Stereotypes|69/100
|-heal|p2a: Zeraora|27/100|[from] drain|[of] p1a: Stereotypes
|-damage|p2a: Zeraora|17/100|[from] item: Life Orb
|move|p1a: Stereotypes|U-turn|p2a: Zeraora
|-damage|p2a: Zeraora|4/100
|
|t:|1665988552
|switch|p1a: Racer|Hawlucha, F|100/100|[from]move: U-turn
|-enditem|p1a: Racer|Electric Seed
|-boost|p1a: Racer|def|1|[from] item: Electric Seed
|
|upkeep
|turn|8
|
|t:|1665988558
|switch|p2a: Mew|Mew|96/100
|move|p1a: Racer|Acrobatics|p2a: Mew
|-damage|p2a: Mew|53/100
|-enditem|p2a: Mew|Red Card|[of] p1a: Racer
|drag|p1a: Lovers|Bisharp, M|100/100
|
|upkeep
|turn|9
|
|t:|1665988572
|move|p2a: Mew|Stealth Rock|p1a: Lovers
|-sidestart|p1: snuggypooh|move: Stealth Rock
|move|p1a: Lovers|Knock Off|p2a: Mew
|-supereffective|p2a: Mew
|-damage|p2a: Mew|0 fnt
|faint|p2a: Mew
|
|-sideend|p1: snuggypooh|Reflect
|upkeep
|
|t:|1665988586
|switch|p2a: Moltres|Moltres-Galar|100/100
|turn|10
|
|t:|1665988597
|move|p2a: Moltres|Agility|p2a: Moltres
|-boost|p2a: Moltres|spe|2
|move|p1a: Lovers|Swords Dance|p1a: Lovers
|-boost|p1a: Lovers|atk|2
|
|-sideend|p1: snuggypooh|move: Light Screen
|upkeep
|turn|11
|
|t:|1665988604
|move|p2a: Moltres|Fiery Wrath|p1a: Lovers
|-resisted|p1a: Lovers
|-damage|p1a: Lovers|64/100
|move|p1a: Lovers|Iron Head|p2a: Moltres
|-damage|p2a: Moltres|0 fnt
|faint|p2a: Moltres
|
|-fieldend|move: Electric Terrain
|upkeep
|
|t:|1665988611
|switch|p2a: Rillaboom|Rillaboom, M|100/100
|-fieldstart|move: Grassy Terrain|[from] ability: Grassy Surge|[of] p2a: Rillaboom
|turn|12
|
|t:|1665988630
|move|p1a: Lovers|Sucker Punch|p2a: Rillaboom
|-damage|p2a: Rillaboom|0 fnt
|faint|p2a: Rillaboom
|
|-heal|p1a: Lovers|70/100|[from] Grassy Terrain
|upkeep
|
|t:|1665988634
|switch|p2a: Dragapult|Dragapult, M|100/100
|turn|13
|
|t:|1665988638
|move|p2a: Dragapult|Substitute|p2a: Dragapult
|-start|p2a: Dragapult|Substitute
|-damage|p2a: Dragapult|76/100
|move|p1a: Lovers|Knock Off|p2a: Dragapult
|-supereffective|p2a: Dragapult
|-crit|p2a: Dragapult
|-end|p2a: Dragapult|Substitute
|
|-heal|p2a: Dragapult|82/100|[from] Grassy Terrain
|-heal|p2a: Dragapult|88/100|[from] item: Leftovers
|-heal|p1a: Lovers|76/100|[from] Grassy Terrain
|upkeep
|turn|14
|
|t:|1665988648
|move|p2a: Dragapult|Substitute|p2a: Dragapult
|-start|p2a: Dragapult|Substitute
|-damage|p2a: Dragapult|63/100
|move|p1a: Lovers|Knock Off|p2a: Dragapult
|-supereffective|p2a: Dragapult
|-end|p2a: Dragapult|Substitute
|
|-heal|p2a: Dragapult|69/100|[from] Grassy Terrain
|-heal|p2a: Dragapult|76/100|[from] item: Leftovers
|-heal|p1a: Lovers|82/100|[from] Grassy Terrain
|upkeep
|turn|15
|
|t:|1665988657
|move|p2a: Dragapult|Substitute|p2a: Dragapult
|-start|p2a: Dragapult|Substitute
|-damage|p2a: Dragapult|51/100
|move|p1a: Lovers|Knock Off|p2a: Dragapult
|-supereffective|p2a: Dragapult
|-end|p2a: Dragapult|Substitute
|
|-heal|p2a: Dragapult|57/100|[from] Grassy Terrain
|-heal|p2a: Dragapult|63/100|[from] item: Leftovers
|-heal|p1a: Lovers|89/100|[from] Grassy Terrain
|upkeep
|turn|16
|
|t:|1665988666
|move|p2a: Dragapult|Substitute|p2a: Dragapult
|-start|p2a: Dragapult|Substitute
|-damage|p2a: Dragapult|38/100
|move|p1a: Lovers|Knock Off|p2a: Dragapult
|-supereffective|p2a: Dragapult
|-end|p2a: Dragapult|Substitute
|
|-heal|p2a: Dragapult|44/100|[from] Grassy Terrain
|-heal|p2a: Dragapult|51/100|[from] item: Leftovers
|-heal|p1a: Lovers|95/100|[from] Grassy Terrain
|-fieldend|move: Grassy Terrain
|upkeep
|turn|17
|
|t:|1665988676
|move|p2a: Dragapult|Phantom Force||[still]
|-prepare|p2a: Dragapult|Phantom Force
|move|p1a: Lovers|Knock Off|p2a: Dragapult|[miss]
|-miss|p1a: Lovers|p2a: Dragapult
|
|-heal|p2a: Dragapult|57/100|[from] item: Leftovers
|upkeep
|turn|18
|
|t:|1665988681
|move|p2a: Dragapult|Phantom Force|p1a: Lovers|[from]lockedmove
|-resisted|p1a: Lovers
|-damage|p1a: Lovers|67/100
|move|p1a: Lovers|Knock Off|p2a: Dragapult
|-supereffective|p2a: Dragapult
|-damage|p2a: Dragapult|0 fnt
|-enditem|p2a: Dragapult|Leftovers|[from] move: Knock Off|[of] p1a: Lovers
|faint|p2a: Dragapult
|
|upkeep
|
|t:|1665988686
|switch|p2a: Zeraora|Zeraora|4/100
|turn|19
|j| OUTD ROOMS
|
|t:|1665988693
|move|p1a: Lovers|Sucker Punch||[still]
|-fail|p1a: Lovers
|move|p2a: Zeraora|Bulk Up|p2a: Zeraora
|-boost|p2a: Zeraora|atk|1
|-boost|p2a: Zeraora|def|1
|
|upkeep
|turn|20
|
|t:|1665988700
|move|p2a: Zeraora|Bulk Up|p2a: Zeraora
|-boost|p2a: Zeraora|atk|1
|-boost|p2a: Zeraora|def|1
|move|p1a: Lovers|Knock Off|p2a: Zeraora
|-damage|p2a: Zeraora|0 fnt
|-enditem|p2a: Zeraora|Life Orb|[from] move: Knock Off|[of] p1a: Lovers
|faint|p2a: Zeraora
|
|upkeep
|l| nian9
|
|t:|1665988703
|switch|p2a: Volcarona|Volcarona, M|100/100
|turn|21
|
|t:|1665988709
|move|p2a: Volcarona|Flamethrower|p1a: Lovers
|-supereffective|p1a: Lovers
|-damage|p1a: Lovers|0 fnt
|faint|p1a: Lovers
|
|upkeep
|
|t:|1665988717
|switch|p1a: Racer|Hawlucha, F|100/100
|-damage|p1a: Racer|88/100|[from] Stealth Rock
|turn|22
|
|t:|1665988723
|move|p2a: Volcarona|Psychic|p1a: Racer
|-supereffective|p1a: Racer
|-damage|p1a: Racer|0 fnt
|faint|p1a: Racer
|
|upkeep
|
|t:|1665988729
|switch|p1a: Stereotypes|Tapu Koko|69/100
|-damage|p1a: Stereotypes|56/100|[from] Stealth Rock
|-fieldstart|move: Electric Terrain|[from] ability: Electric Surge|[of] p1a: Stereotypes
|turn|23
|
|t:|1665988734
|move|p1a: Stereotypes|Taunt|p2a: Volcarona
|-start|p2a: Volcarona|move: Taunt
|move|p2a: Volcarona|Flamethrower|p1a: Stereotypes
|-damage|p1a: Stereotypes|0 fnt
|faint|p1a: Stereotypes
|
|upkeep
|
|t:|1665988740
|switch|p1a: Romeo Must Die|Mew|100/100
|-damage|p1a: Romeo Must Die|88/100|[from] Stealth Rock
|turn|24
|
|t:|1665988750
|move|p2a: Volcarona|Flamethrower|p1a: Romeo Must Die
|-damage|p1a: Romeo Must Die|49/100
|-status|p1a: Romeo Must Die|brn
|-activate|p1a: Romeo Must Die|ability: Synchronize
|-immune|p2a: Volcarona
|move|p1a: Romeo Must Die|Cosmic Power|p1a: Romeo Must Die
|-boost|p1a: Romeo Must Die|def|1
|-boost|p1a: Romeo Must Die|spd|1
|
|-heal|p1a: Romeo Must Die|55/100 brn|[from] item: Leftovers
|-damage|p1a: Romeo Must Die|49/100 brn|[from] brn
|upkeep
|turn|25
|j| Way Hubris
|
|t:|1665988770
|move|p1a: Romeo Must Die|Soft-Boiled|p1a: Romeo Must Die
|-heal|p1a: Romeo Must Die|99/100 brn
|move|p2a: Volcarona|Flamethrower|p1a: Romeo Must Die
|-damage|p1a: Romeo Must Die|72/100 brn
|
|-heal|p1a: Romeo Must Die|78/100 brn|[from] item: Leftovers
|-damage|p1a: Romeo Must Die|72/100 brn|[from] brn
|-end|p2a: Volcarona|move: Taunt
|upkeep
|turn|26
|
|t:|1665988779
|move|p2a: Volcarona|Quiver Dance|p2a: Volcarona
|-boost|p2a: Volcarona|spa|1
|-boost|p2a: Volcarona|spd|1
|-boost|p2a: Volcarona|spe|1
|move|p1a: Romeo Must Die|Taunt|p2a: Volcarona
|-start|p2a: Volcarona|move: Taunt
|
|-heal|p1a: Romeo Must Die|78/100 brn|[from] item: Leftovers
|-damage|p1a: Romeo Must Die|72/100 brn|[from] brn
|upkeep
|turn|27
|
|t:|1665988789
|move|p2a: Volcarona|Flamethrower|p1a: Romeo Must Die
|-damage|p1a: Romeo Must Die|31/100 brn
|move|p1a: Romeo Must Die|Cosmic Power|p1a: Romeo Must Die
|-boost|p1a: Romeo Must Die|def|1
|-boost|p1a: Romeo Must Die|spd|1
|
|-heal|p1a: Romeo Must Die|37/100 brn|[from] item: Leftovers
|-damage|p1a: Romeo Must Die|31/100 brn|[from] brn
|-fieldend|move: Electric Terrain
|upkeep
|turn|28
|-message|snuggypooh forfeited.
|
|win|HQSTest
|raw|snuggypooh's rating: 1674 &rarr; <strong>1654</strong><br />(-20 for losing)
|raw|HQSTest's rating: 1681 &rarr; <strong>1701</strong><br />(+20 for winning)
|l|☆snuggypooh
