|raw|<div class="broadcast-blue"><strong>This battle is required to be public due to a player having a name starting with 'lt92pf'.</div>
|j|☆LT92PF Zokuru
|j|☆tolstoy
|t:|1659645716
|gametype|singles
|player|p1|LT92PF Zokuru|#splxiiitigers|1726
|player|p2|tolstoy|102|1835
|teamsize|p1|6
|teamsize|p2|6
|gen|8
|tier|[Gen 8] OU
|rated|
|rule|Sleep Clause Mod: Limit one foe put to sleep
|rule|Species Clause: Limit one of each Pokémon
|rule|OHKO Clause: OHKO moves are banned
|rule|Evasion Items Clause: Evasion items are banned
|rule|Evasion Moves Clause: Evasion moves are banned
|rule|Endless Battle Clause: Forcing endless battles is banned
|rule|HP Percentage Mod: HP is shown in percentages
|rule|Dynamax Clause: You cannot dynamax
|clearpoke
|poke|p1|Corviknight, M|
|poke|p1|Clefable, M|
|poke|p1|Toxapex, F|
|poke|p1|Gastrodon, F|
|poke|p1|Jirachi|
|poke|p1|Hydreigon, F|
|poke|p2|Aurorus, M|
|poke|p2|Ninetales-Alola, M|
|poke|p2|Arctovish|
|poke|p2|Arctozolt|
|poke|p2|Landorus-Therian, M|
|poke|p2|Volcarona, M|
|teampreview
|j| Profdesinnoh
|inactive|Battle timer is ON: inactive players will automatically lose when time's up. (requested by tolstoy)
|
|t:|1659645729
|start
|switch|p1a: Toxapex|Toxapex, F, shiny|100/100
|switch|p2a: THE MAGIC DRAGON|Aurorus, M|100/100
|-weather|Hail|[from] ability: Snow Warning|[of] p2a: THE MAGIC DRAGON
|turn|1
|j| cityfolk
|
|t:|1659645736
|move|p2a: THE MAGIC DRAGON|Earth Power|p1a: Toxapex
|-supereffective|p1a: Toxapex
|-damage|p1a: Toxapex|56/100
|move|p1a: Toxapex|Toxic|p2a: THE MAGIC DRAGON
|-status|p2a: THE MAGIC DRAGON|tox
|
|-weather|Hail|[upkeep]
|-damage|p1a: Toxapex|50/100|[from] Hail
|-damage|p2a: THE MAGIC DRAGON|94/100 tox|[from] psn
|upkeep
|turn|2
|
|t:|1659645743
|switch|p1a: Jirachi|Jirachi|100/100
|move|p2a: THE MAGIC DRAGON|Stealth Rock|p1a: Jirachi
|-sidestart|p1: LT92PF Zokuru|move: Stealth Rock
|
|-weather|Hail|[upkeep]
|-damage|p1a: Jirachi|94/100|[from] Hail
|-heal|p1a: Jirachi|100/100|[from] item: Leftovers
|-damage|p2a: THE MAGIC DRAGON|82/100 tox|[from] psn
|upkeep
|turn|3
|j| opela
|j| alterabsol
|
|t:|1659645747
|switch|p2a: GILBERT GOTTFRIED|Landorus-Therian, M|100/100
|-ability|p2a: GILBERT GOTTFRIED|Intimidate|boost
|-unboost|p1a: Jirachi|atk|1
|move|p1a: Jirachi|Wish|p1a: Jirachi
|
|-weather|Hail|[upkeep]
|-damage|p1a: Jirachi|94/100|[from] Hail
|-damage|p2a: GILBERT GOTTFRIED|94/100|[from] Hail
|-heal|p1a: Jirachi|100/100|[from] item: Leftovers
|-heal|p2a: GILBERT GOTTFRIED|100/100|[from] item: Leftovers
|upkeep
|turn|4
|
|t:|1659645755
|move|p1a: Jirachi|Body Slam|p2a: GILBERT GOTTFRIED
|-damage|p2a: GILBERT GOTTFRIED|88/100
|-status|p2a: GILBERT GOTTFRIED|par
|move|p2a: GILBERT GOTTFRIED|U-turn|p1a: Jirachi
|-damage|p1a: Jirachi|81/100
|
|t:|1659645759
|switch|p2a: KNEE SLAPPER|Arctovish|100/100|[from]move: U-turn
|
|-weather|Hail|[upkeep]
|-damage|p1a: Jirachi|75/100|[from] Hail
|-heal|p1a: Jirachi|100/100|[from] move: Wish|[wisher] Jirachi
|upkeep
|turn|5
|
|t:|1659645762
|move|p1a: Jirachi|Protect|p1a: Jirachi
|-singleturn|p1a: Jirachi|Protect
|move|p2a: KNEE SLAPPER|Fishious Rend|p1a: Jirachi
|-activate|p1a: Jirachi|move: Protect
|
|-weather|Hail|[upkeep]
|-damage|p1a: Jirachi|94/100|[from] Hail
|-heal|p1a: Jirachi|100/100|[from] item: Leftovers
|upkeep
|turn|6
|j| Pure Ruby
|j| isabela000◥▶_◀◤
|
|t:|1659645768
|switch|p1a: Toxapex|Toxapex, F, shiny|83/100
|-damage|p1a: Toxapex|71/100|[from] Stealth Rock
|move|p2a: KNEE SLAPPER|Fishious Rend|p1a: Toxapex
|-resisted|p1a: Toxapex
|-damage|p1a: Toxapex|34/100
|-damage|p2a: KNEE SLAPPER|84/100|[from] item: Rocky Helmet|[of] p1a: Toxapex
|
|-weather|Hail|[upkeep]
|-damage|p1a: Toxapex|28/100|[from] Hail
|upkeep
|turn|7
|l| Pure Ruby
|
|t:|1659645774
|move|p1a: Toxapex|Baneful Bunker|p1a: Toxapex
|-singleturn|p1a: Toxapex|move: Protect
|move|p2a: KNEE SLAPPER|Fishious Rend|p1a: Toxapex
|-activate|p1a: Toxapex|move: Protect
|-status|p2a: KNEE SLAPPER|psn
|
|-weather|Hail|[upkeep]
|-damage|p1a: Toxapex|22/100|[from] Hail
|-damage|p2a: KNEE SLAPPER|72/100 psn|[from] psn
|upkeep
|turn|8
|j| 50 at max
|
|t:|1659645780
|switch|p1a: Hydreigon|Hydreigon, F|100/100
|-damage|p1a: Hydreigon|88/100|[from] Stealth Rock
|move|p2a: KNEE SLAPPER|Fishious Rend|p1a: Hydreigon
|-resisted|p1a: Hydreigon
|-damage|p1a: Hydreigon|32/100
|
|-weather|none
|-heal|p1a: Hydreigon|38/100|[from] item: Leftovers
|-damage|p2a: KNEE SLAPPER|59/100 psn|[from] psn
|upkeep
|turn|9
|
|t:|1659645790
|switch|p2a: WEEB FANTASY|Ninetales-Alola, M, shiny|100/100
|-weather|Hail|[from] ability: Snow Warning|[of] p2a: WEEB FANTASY
|move|p1a: Hydreigon|Defog|p2a: WEEB FANTASY
|-unboost|p2a: WEEB FANTASY|evasion|1
|-sideend|p1: LT92PF Zokuru|Stealth Rock|[from] move: Defog|[of] p1a: Hydreigon
|
|-weather|Hail|[upkeep]
|-damage|p1a: Hydreigon|32/100|[from] Hail
|-heal|p1a: Hydreigon|38/100|[from] item: Leftovers
|upkeep
|turn|10
|j| Keblar
|
|t:|1659645808
|switch|p2a: GILBERT GOTTFRIED|Landorus-Therian, M|88/100 par
|-ability|p2a: GILBERT GOTTFRIED|Intimidate|boost
|-unboost|p1a: Hydreigon|atk|1
|switch|p1a: Jirachi|Jirachi|100/100
|
|-weather|Hail|[upkeep]
|-damage|p1a: Jirachi|94/100|[from] Hail
|-damage|p2a: GILBERT GOTTFRIED|82/100 par|[from] Hail
|-heal|p1a: Jirachi|100/100|[from] item: Leftovers
|-heal|p2a: GILBERT GOTTFRIED|88/100 par|[from] item: Leftovers
|upkeep
|turn|11
|
|t:|1659645814
|switch|p1a: Corviknight|Corviknight, M|100/100
|-ability|p1a: Corviknight|Pressure
|move|p2a: GILBERT GOTTFRIED|Knock Off|p1a: Corviknight
|-damage|p1a: Corviknight|81/100
|-enditem|p1a: Corviknight|Shed Shell|[from] move: Knock Off|[of] p2a: GILBERT GOTTFRIED
|
|-weather|Hail|[upkeep]
|-damage|p1a: Corviknight|75/100|[from] Hail
|-damage|p2a: GILBERT GOTTFRIED|82/100 par|[from] Hail
|-heal|p2a: GILBERT GOTTFRIED|88/100 par|[from] item: Leftovers
|upkeep
|turn|12
|
|t:|1659645818
|move|p1a: Corviknight|Roost|p1a: Corviknight
|-heal|p1a: Corviknight|100/100
|-singleturn|p1a: Corviknight|move: Roost
|move|p2a: GILBERT GOTTFRIED|U-turn|p1a: Corviknight
|-resisted|p1a: Corviknight
|-damage|p1a: Corviknight|94/100
|
|t:|1659645821
|switch|p2a: KENDRICK LAMAR|Arctozolt|100/100|[from]move: U-turn
|
|-weather|Hail|[upkeep]
|-damage|p1a: Corviknight|88/100|[from] Hail
|upkeep
|turn|13
|j| sackchaser
|j| Venositile
|
|t:|1659645832
|move|p2a: KENDRICK LAMAR|Bolt Beak|p1a: Corviknight
|-supereffective|p1a: Corviknight
|-damage|p1a: Corviknight|0 fnt
|faint|p1a: Corviknight
|
|-weather|Hail|[upkeep]
|upkeep
|j|+spoo
|
|t:|1659645838
|switch|p1a: Gastrodon|Gastrodon, F|100/100
|turn|14
|
|t:|1659645847
|move|p2a: KENDRICK LAMAR|Freeze-Dry|p1a: Gastrodon
|-supereffective|p1a: Gastrodon
|-damage|p1a: Gastrodon|36/100
|move|p1a: Gastrodon|Scald|p2a: KENDRICK LAMAR
|-damage|p2a: KENDRICK LAMAR|60/100
|
|-weather|Hail|[upkeep]
|-damage|p1a: Gastrodon|29/100|[from] Hail
|-heal|p1a: Gastrodon|36/100|[from] item: Leftovers
|upkeep
|turn|15
|
|t:|1659645854
|switch|p1a: Jirachi|Jirachi|100/100
|move|p2a: KENDRICK LAMAR|Freeze-Dry|p1a: Jirachi
|-resisted|p1a: Jirachi
|-damage|p1a: Jirachi|93/100
|
|-weather|Hail|[upkeep]
|-damage|p1a: Jirachi|87/100|[from] Hail
|-heal|p1a: Jirachi|93/100|[from] item: Leftovers
|upkeep
|turn|16
|
|t:|1659645863
|switch|p2a: GILBERT GOTTFRIED|Landorus-Therian, M|88/100 par
|-ability|p2a: GILBERT GOTTFRIED|Intimidate|boost
|-unboost|p1a: Jirachi|atk|1
|move|p1a: Jirachi|Wish|p1a: Jirachi
|
|-weather|none
|-heal|p1a: Jirachi|99/100|[from] item: Leftovers
|-heal|p2a: GILBERT GOTTFRIED|94/100 par|[from] item: Leftovers
|upkeep
|turn|17
|j| Heiwa June ☾
|
|t:|1659645870
|switch|p1a: Hydreigon|Hydreigon, F|38/100
|move|p2a: GILBERT GOTTFRIED|Earthquake|p1a: Hydreigon
|-immune|p1a: Hydreigon|[from] ability: Levitate
|
|-heal|p1a: Hydreigon|90/100|[from] move: Wish|[wisher] Jirachi
|-heal|p1a: Hydreigon|96/100|[from] item: Leftovers
|-heal|p2a: GILBERT GOTTFRIED|99/100 par|[from] item: Leftovers
|upkeep
|turn|18
|
|t:|1659645876
|switch|p1a: Toxapex|Toxapex, F, shiny|56/100
|move|p2a: GILBERT GOTTFRIED|U-turn|p1a: Toxapex
|-resisted|p1a: Toxapex
|-damage|p1a: Toxapex|49/100
|-damage|p2a: GILBERT GOTTFRIED|83/100 par|[from] item: Rocky Helmet|[of] p1a: Toxapex
|j| LT92PF Adri
|j| OmBrArch
|
|t:|1659645880
|switch|p2a: THE MAGIC DRAGON|Aurorus, M|82/100 tox|[from]move: U-turn
|-weather|Hail|[from] ability: Snow Warning|[of] p2a: THE MAGIC DRAGON
|
|-weather|Hail|[upkeep]
|-damage|p1a: Toxapex|43/100|[from] Hail
|-damage|p2a: THE MAGIC DRAGON|76/100 tox|[from] psn
|upkeep
|turn|19
|j| LT92PF Pachito
|
|t:|1659645889
|switch|p1a: Jirachi|Jirachi|99/100
|move|p2a: THE MAGIC DRAGON|Stealth Rock|p1a: Jirachi
|-sidestart|p1: LT92PF Zokuru|move: Stealth Rock
|
|-weather|Hail|[upkeep]
|-damage|p1a: Jirachi|93/100|[from] Hail
|-heal|p1a: Jirachi|99/100|[from] item: Leftovers
|-damage|p2a: THE MAGIC DRAGON|63/100 tox|[from] psn
|upkeep
|turn|20
|j| LT92PF Ryusui
|j| Wado BTK
|
|t:|1659645895
|switch|p2a: GILBERT GOTTFRIED|Landorus-Therian, M|83/100 par
|-ability|p2a: GILBERT GOTTFRIED|Intimidate|boost
|-unboost|p1a: Jirachi|atk|1
|move|p1a: Jirachi|Wish|p1a: Jirachi
|
|-weather|Hail|[upkeep]
|-damage|p1a: Jirachi|93/100|[from] Hail
|-damage|p2a: GILBERT GOTTFRIED|77/100 par|[from] Hail
|-heal|p1a: Jirachi|99/100|[from] item: Leftovers
|-heal|p2a: GILBERT GOTTFRIED|83/100 par|[from] item: Leftovers
|upkeep
|turn|21
|
|t:|1659645909
|move|p1a: Jirachi|U-turn|p2a: GILBERT GOTTFRIED
|-resisted|p2a: GILBERT GOTTFRIED
|-damage|p2a: GILBERT GOTTFRIED|78/100 par
|j| Stall Sucks Bro✞
|
|t:|1659645910
|switch|p1a: Toxapex|Toxapex, F, shiny|76/100|[from]move: U-turn
|-damage|p1a: Toxapex|64/100|[from] Stealth Rock
|cant|p2a: GILBERT GOTTFRIED|par
|
|-weather|Hail|[upkeep]
|-damage|p2a: GILBERT GOTTFRIED|72/100 par|[from] Hail
|-damage|p1a: Toxapex|58/100|[from] Hail
|-heal|p1a: Toxapex|100/100|[from] move: Wish|[wisher] Jirachi
|-heal|p2a: GILBERT GOTTFRIED|78/100 par|[from] item: Leftovers
|upkeep
|turn|22
|j|+Ticken
|j| Momentary Life
|
|t:|1659645920
|move|p2a: GILBERT GOTTFRIED|Earthquake|p1a: Toxapex
|-supereffective|p1a: Toxapex
|-damage|p1a: Toxapex|45/100
|move|p1a: Toxapex|Scald|p2a: GILBERT GOTTFRIED
|-supereffective|p2a: GILBERT GOTTFRIED
|-damage|p2a: GILBERT GOTTFRIED|54/100 par
|
|-weather|Hail|[upkeep]
|-damage|p2a: GILBERT GOTTFRIED|48/100 par|[from] Hail
|-damage|p1a: Toxapex|39/100|[from] Hail
|-heal|p2a: GILBERT GOTTFRIED|54/100 par|[from] item: Leftovers
|upkeep
|turn|23
|
|t:|1659645927
|move|p2a: GILBERT GOTTFRIED|U-turn|p1a: Toxapex
|-resisted|p1a: Toxapex
|-damage|p1a: Toxapex|33/100
|-damage|p2a: GILBERT GOTTFRIED|37/100 par|[from] item: Rocky Helmet|[of] p1a: Toxapex
|
|t:|1659645930
|switch|p2a: KENDRICK LAMAR|Arctozolt|60/100|[from]move: U-turn
|move|p1a: Toxapex|Scald|p2a: KENDRICK LAMAR
|-damage|p2a: KENDRICK LAMAR|39/100
|
|-weather|Hail|[upkeep]
|-damage|p1a: Toxapex|27/100|[from] Hail
|upkeep
|turn|24
|
|t:|1659645939
|move|p1a: Toxapex|Baneful Bunker|p1a: Toxapex
|-singleturn|p1a: Toxapex|move: Protect
|move|p2a: KENDRICK LAMAR|Bolt Beak|p1a: Toxapex
|-activate|p1a: Toxapex|move: Protect
|-status|p2a: KENDRICK LAMAR|psn
|
|-weather|Hail|[upkeep]
|-damage|p1a: Toxapex|21/100|[from] Hail
|-damage|p2a: KENDRICK LAMAR|27/100 psn|[from] psn
|upkeep
|turn|25
|
|t:|1659645946
|switch|p1a: Gastrodon|Gastrodon, F|36/100
|-damage|p1a: Gastrodon|29/100|[from] Stealth Rock
|move|p2a: KENDRICK LAMAR|Bolt Beak|p1a: Gastrodon
|-immune|p1a: Gastrodon
|
|-weather|none
|-heal|p1a: Gastrodon|36/100|[from] item: Leftovers
|-damage|p2a: KENDRICK LAMAR|15/100 psn|[from] psn
|upkeep
|turn|26
|l| LT92PF Adri
|
|t:|1659645962
|switch|p1a: Jirachi|Jirachi|99/100
|-damage|p1a: Jirachi|93/100|[from] Stealth Rock
|move|p2a: KENDRICK LAMAR|Freeze-Dry|p1a: Jirachi
|-resisted|p1a: Jirachi
|-damage|p1a: Jirachi|86/100
|
|-heal|p1a: Jirachi|92/100|[from] item: Leftovers
|-damage|p2a: KENDRICK LAMAR|2/100 psn|[from] psn
|upkeep
|turn|27
|
|t:|1659645969
|move|p1a: Jirachi|Body Slam|p2a: KENDRICK LAMAR
|-damage|p2a: KENDRICK LAMAR|0 fnt
|faint|p2a: KENDRICK LAMAR
|
|-heal|p1a: Jirachi|99/100|[from] item: Leftovers
|upkeep
|l| 50 at max
|
|t:|1659645972
|switch|p2a: SUSAN BOYLE|Volcarona, M|100/100
|turn|28
|j| abab rhyme
|
|t:|1659645982
|move|p2a: SUSAN BOYLE|Substitute|p2a: SUSAN BOYLE
|-start|p2a: SUSAN BOYLE|Substitute
|-damage|p2a: SUSAN BOYLE|76/100
|move|p1a: Jirachi|Wish|p1a: Jirachi
|
|-heal|p1a: Jirachi|100/100|[from] item: Leftovers
|upkeep
|turn|29
|
|t:|1659645987
|switch|p1a: Clefable|Clefable, M|100/100
|-damage|p1a: Clefable|88/100|[from] Stealth Rock
|move|p2a: SUSAN BOYLE|Quiver Dance|p2a: SUSAN BOYLE
|-boost|p2a: SUSAN BOYLE|spa|1
|-boost|p2a: SUSAN BOYLE|spd|1
|-boost|p2a: SUSAN BOYLE|spe|1
|
|-heal|p1a: Clefable|100/100|[from] move: Wish|[wisher] Jirachi
|upkeep
|turn|30
|
|t:|1659645991
|move|p2a: SUSAN BOYLE|Fire Blast|p1a: Clefable
|-damage|p1a: Clefable|47/100
|move|p1a: Clefable|Calm Mind|p1a: Clefable
|-boost|p1a: Clefable|spa|1
|-boost|p1a: Clefable|spd|1
|
|-heal|p1a: Clefable|53/100|[from] item: Leftovers
|upkeep
|turn|31
|j| jhehehehe
|
|t:|1659645996
|move|p2a: SUSAN BOYLE|Fire Blast|p1a: Clefable
|-damage|p1a: Clefable|18/100
|move|p1a: Clefable|Soft-Boiled|p1a: Clefable
|-heal|p1a: Clefable|68/100
|
|-heal|p1a: Clefable|74/100|[from] item: Leftovers
|upkeep
|turn|32
|
|t:|1659645999
|switch|p2a: WEEB FANTASY|Ninetales-Alola, M, shiny|100/100
|-weather|Hail|[from] ability: Snow Warning|[of] p2a: WEEB FANTASY
|move|p1a: Clefable|Soft-Boiled|p1a: Clefable
|-heal|p1a: Clefable|100/100
|
|-weather|Hail|[upkeep]
|-damage|p1a: Clefable|94/100|[from] Hail
|-heal|p1a: Clefable|100/100|[from] item: Leftovers
|upkeep
|turn|33
|j| lt92pf qrts
|
|t:|1659646004
|switch|p1a: Toxapex|Toxapex, F, shiny|54/100
|-damage|p1a: Toxapex|42/100|[from] Stealth Rock
|move|p2a: WEEB FANTASY|Encore||[still]
|-fail|p2a: WEEB FANTASY
|
|-weather|Hail|[upkeep]
|-damage|p1a: Toxapex|36/100|[from] Hail
|upkeep
|turn|34
|
|t:|1659646010
|switch|p1a: Jirachi|Jirachi|100/100
|-damage|p1a: Jirachi|94/100|[from] Stealth Rock
|move|p2a: WEEB FANTASY|Blizzard|p1a: Jirachi
|-resisted|p1a: Jirachi
|-damage|p1a: Jirachi|84/100
|
|-weather|Hail|[upkeep]
|-damage|p1a: Jirachi|78/100|[from] Hail
|-heal|p1a: Jirachi|84/100|[from] item: Leftovers
|upkeep
|turn|35
|
|t:|1659646013
|move|p2a: WEEB FANTASY|Blizzard|p1a: Jirachi
|-resisted|p1a: Jirachi
|-damage|p1a: Jirachi|73/100
|move|p1a: Jirachi|Body Slam|p2a: WEEB FANTASY
|-damage|p2a: WEEB FANTASY|75/100
|-status|p2a: WEEB FANTASY|par
|
|-weather|Hail|[upkeep]
|-damage|p1a: Jirachi|67/100|[from] Hail
|-heal|p1a: Jirachi|73/100|[from] item: Leftovers
|upkeep
|turn|36
|l| Heiwa June ☾
|
|t:|1659646020
|move|p1a: Jirachi|Wish|p1a: Jirachi
|move|p2a: WEEB FANTASY|Blizzard|p1a: Jirachi
|-resisted|p1a: Jirachi
|-damage|p1a: Jirachi|64/100
|
|-weather|Hail|[upkeep]
|-damage|p1a: Jirachi|57/100|[from] Hail
|-heal|p1a: Jirachi|64/100|[from] item: Leftovers
|upkeep
|turn|37
|l| Stall Sucks Bro✞
|j| tired of new gens
|-message|tolstoy forfeited.
|
|win|LT92PF Zokuru
|raw|LT92PF Zokuru's rating: 1726 &rarr; <strong>1752</strong><br />(+26 for winning)
|raw|tolstoy's rating: 1835 &rarr; <strong>1809</strong><br />(-26 for losing)
|l|☆tolstoy
|l| Profdesinnoh
|l| alterabsol
|j| Profdesinnoh
