|j|☆Candice
|j|☆RKS-miku
|t:|1660383505
|gametype|singles
|player|p1|Candice|psychicf-gen4|1572
|player|p2|RKS-miku|dawn|1607
|teamsize|p1|6
|teamsize|p2|6
|gen|8
|tier|[Gen 8] OU
|rated|
|rule|Sleep Clause Mod: Limit one foe put to sleep
|rule|Species Clause: Limit one of each Pokémon
|rule|OHKO Clause: OHKO moves are banned
|rule|Evasion Items Clause: Evasion items are banned
|rule|Evasion Moves Clause: Evasion moves are banned
|rule|Endless Battle Clause: Forcing endless battles is banned
|rule|HP Percentage Mod: HP is shown in percentages
|rule|Dynamax Clause: You cannot dynamax
|clearpoke
|poke|p1|Landorus-Therian, M|
|poke|p1|Zapdos-Galar|
|poke|p1|Zeraora|
|poke|p1|Dragapult, F|
|poke|p1|Tapu Fini|
|poke|p1|Ferrothorn, F|
|poke|p2|Barraskewda, F|
|poke|p2|Ferrothorn, F|
|poke|p2|Pelipper, M|
|poke|p2|Landorus-Therian, M|
|poke|p2|Tapu Lele|
|poke|p2|Rotom-Wash|
|teampreview
|
|t:|1660383516
|start
|switch|p1a: Zeraora|Zeraora|100/100
|switch|p2a: Tapu Lele|Tapu Lele|100/100
|-fieldstart|move: Psychic Terrain|[from] ability: Psychic Surge|[of] p2a: Tapu Lele
|turn|1
|
|t:|1660383527
|switch|p2a: Landorus|Landorus-Therian, M|100/100
|-ability|p2a: Landorus|Intimidate|boost
|-unboost|p1a: Zeraora|atk|1
|move|p1a: Zeraora|Knock Off|p2a: Landorus
|-damage|p2a: Landorus|87/100
|-damage|p1a: Zeraora|84/100|[from] item: Rocky Helmet|[of] p2a: Landorus
|-enditem|p2a: Landorus|Rocky Helmet|[from] move: Knock Off|[of] p1a: Zeraora
|
|upkeep
|turn|2
|
|t:|1660383539
|switch|p1a: Zapdos|Zapdos-Galar|100/100
|move|p2a: Landorus|U-turn|p1a: Zapdos
|-resisted|p1a: Zapdos
|-damage|p1a: Zapdos|94/100
|
|t:|1660383551
|switch|p2a: Rotom|Rotom-Wash|100/100|[from]move: U-turn
|
|upkeep
|turn|3
|
|t:|1660383601
|move|p1a: Zapdos|U-turn|p2a: Rotom
|-damage|p2a: Rotom|66/100
|
|t:|1660383604
|switch|p1a: Dragapult|Dragapult, F|100/100|[from]move: U-turn
|move|p2a: Rotom|Volt Switch|p1a: Dragapult
|-resisted|p1a: Dragapult
|-damage|p1a: Dragapult|83/100
|
|t:|1660383627
|switch|p2a: Pelipper|Pelipper, M|100/100|[from]move: Volt Switch
|-weather|RainDance|[from] ability: Drizzle|[of] p2a: Pelipper
|
|-weather|RainDance|[upkeep]
|upkeep
|turn|4
|
|t:|1660383646
|switch|p2a: Ferrothorn|Ferrothorn, F|100/100
|move|p1a: Dragapult|Shadow Ball|p2a: Ferrothorn
|-damage|p2a: Ferrothorn|76/100
|
|-weather|RainDance|[upkeep]
|-heal|p2a: Ferrothorn|82/100|[from] item: Leftovers
|upkeep
|turn|5
|
|t:|1660383654
|switch|p1a: Landorus|Landorus-Therian, M|100/100
|-ability|p1a: Landorus|Intimidate|boost
|-unboost|p2a: Ferrothorn|atk|1
|move|p2a: Ferrothorn|Knock Off|p1a: Landorus
|-damage|p1a: Landorus|87/100
|-enditem|p1a: Landorus|Leftovers|[from] move: Knock Off|[of] p2a: Ferrothorn
|
|-weather|RainDance|[upkeep]
|-heal|p2a: Ferrothorn|88/100|[from] item: Leftovers
|-fieldend|move: Psychic Terrain
|upkeep
|turn|6
|
|t:|1660383664
|switch|p2a: Pelipper|Pelipper, M|100/100
|move|p1a: Landorus|Stealth Rock|p2a: Pelipper
|-sidestart|p2: RKS-miku|move: Stealth Rock
|
|-weather|RainDance|[upkeep]
|upkeep
|turn|7
|
|t:|1660383668
|move|p2a: Pelipper|Surf|p1a: Landorus
|-supereffective|p1a: Landorus
|-damage|p1a: Landorus|0 fnt
|faint|p1a: Landorus
|
|-weather|none
|upkeep
|
|t:|1660383688
|switch|p1a: Zeraora|Zeraora|84/100
|turn|8
|
|t:|1660383697
|switch|p1a: Zapdos|Zapdos-Galar|94/100
|switch|p2a: Rotom|Rotom-Wash|66/100
|
|upkeep
|turn|9
|
|t:|1660383726
|move|p1a: Zapdos|Close Combat|p2a: Rotom
|-damage|p2a: Rotom|0 fnt
|-unboost|p1a: Zapdos|def|1
|-unboost|p1a: Zapdos|spd|1
|faint|p2a: Rotom
|
|upkeep
|
|t:|1660383738
|switch|p2a: Tapu Lele|Tapu Lele|100/100
|-damage|p2a: Tapu Lele|88/100|[from] Stealth Rock
|-fieldstart|move: Psychic Terrain|[from] ability: Psychic Surge|[of] p2a: Tapu Lele
|turn|10
|
|t:|1660383745
|switch|p1a: Dragapult|Dragapult, F|83/100
|move|p2a: Tapu Lele|Moonblast|p1a: Dragapult
|-supereffective|p1a: Dragapult
|-damage|p1a: Dragapult|0 fnt
|faint|p1a: Dragapult
|
|upkeep
|
|t:|1660383768
|switch|p1a: Ferrothorn|Ferrothorn, F|100/100
|turn|11
|
|t:|1660383783
|switch|p2a: Landorus|Landorus-Therian, M|87/100
|-damage|p2a: Landorus|75/100|[from] Stealth Rock
|-ability|p2a: Landorus|Intimidate|boost
|-unboost|p1a: Ferrothorn|atk|1
|switch|p1a: Zapdos|Zapdos-Galar|94/100
|
|upkeep
|turn|12
|
|t:|1660383795
|move|p1a: Zapdos|Brave Bird|p2a: Landorus
|-damage|p2a: Landorus|10/100
|-damage|p1a: Zapdos|68/100|[from] Recoil
|move|p2a: Landorus|Knock Off|p1a: Zapdos
|-resisted|p1a: Zapdos
|-damage|p1a: Zapdos|50/100
|-enditem|p1a: Zapdos|Choice Band|[from] move: Knock Off|[of] p2a: Landorus
|
|upkeep
|turn|13
|
|t:|1660383808
|move|p1a: Zapdos|Close Combat|p2a: Landorus
|-resisted|p2a: Landorus
|-damage|p2a: Landorus|0 fnt
|-unboost|p1a: Zapdos|def|1
|-unboost|p1a: Zapdos|spd|1
|faint|p2a: Landorus
|
|upkeep
|
|t:|1660383824
|switch|p2a: Tapu Lele|Tapu Lele|88/100
|-damage|p2a: Tapu Lele|76/100|[from] Stealth Rock
|turn|14
|
|t:|1660383833
|switch|p1a: Ferrothorn|Ferrothorn, F|100/100
|move|p2a: Tapu Lele|Psyshock|p1a: Ferrothorn
|-resisted|p1a: Ferrothorn
|-damage|p1a: Ferrothorn|83/100
|
|-fieldend|move: Psychic Terrain
|upkeep
|turn|15
|
|t:|1660383843
|switch|p2a: Pelipper|Pelipper, M|100/100
|-damage|p2a: Pelipper|76/100|[from] Stealth Rock
|-weather|RainDance|[from] ability: Drizzle|[of] p2a: Pelipper
|switch|p1a: Zapdos|Zapdos-Galar|50/100
|
|-weather|RainDance|[upkeep]
|upkeep
|turn|16
|
|t:|1660383866
|switch|p2a: Ferrothorn|Ferrothorn, F|88/100
|-damage|p2a: Ferrothorn|82/100|[from] Stealth Rock
|move|p1a: Zapdos|Brave Bird|p2a: Ferrothorn
|-damage|p2a: Ferrothorn|39/100
|-damage|p1a: Zapdos|38/100|[from] ability: Iron Barbs|[of] p2a: Ferrothorn
|-damage|p1a: Zapdos|22/100|[from] Recoil
|
|-weather|RainDance|[upkeep]
|-heal|p2a: Ferrothorn|45/100|[from] item: Leftovers
|upkeep
|turn|17
|
|t:|1660383884
|move|p1a: Zapdos|Close Combat|p2a: Ferrothorn
|-supereffective|p2a: Ferrothorn
|-damage|p2a: Ferrothorn|0 fnt
|-unboost|p1a: Zapdos|def|1
|-unboost|p1a: Zapdos|spd|1
|-damage|p1a: Zapdos|10/100|[from] ability: Iron Barbs|[of] p2a: Ferrothorn
|faint|p2a: Ferrothorn
|
|-weather|RainDance|[upkeep]
|upkeep
|
|t:|1660383890
|switch|p2a: Barraskewda|Barraskewda, F|100/100
|-damage|p2a: Barraskewda|88/100|[from] Stealth Rock
|turn|18
|
|t:|1660383894
|move|p2a: Barraskewda|Close Combat|p1a: Zapdos
|-resisted|p1a: Zapdos
|-damage|p1a: Zapdos|0 fnt
|-unboost|p2a: Barraskewda|def|1
|-unboost|p2a: Barraskewda|spd|1
|faint|p1a: Zapdos
|
|-weather|RainDance|[upkeep]
|upkeep
|
|t:|1660383898
|switch|p1a: Tapu Fini|Tapu Fini|100/100
|-fieldstart|move: Misty Terrain|[from] ability: Misty Surge|[of] p1a: Tapu Fini
|turn|19
|
|t:|1660383911
|switch|p2a: Tapu Lele|Tapu Lele|76/100
|-damage|p2a: Tapu Lele|63/100|[from] Stealth Rock
|-fieldstart|move: Psychic Terrain|[from] ability: Psychic Surge|[of] p2a: Tapu Lele
|move|p1a: Tapu Fini|Scald|p2a: Tapu Lele
|-damage|p2a: Tapu Lele|19/100
|
|-weather|none
|upkeep
|turn|20
|
|t:|1660383928
|switch|p2a: Pelipper|Pelipper, M|76/100
|-damage|p2a: Pelipper|51/100|[from] Stealth Rock
|-weather|RainDance|[from] ability: Drizzle|[of] p2a: Pelipper
|switch|p1a: Ferrothorn|Ferrothorn, F|83/100
|
|-weather|RainDance|[upkeep]
|upkeep
|turn|21
|j| CanUrepeat
|
|t:|1660383937
|move|p2a: Pelipper|Hurricane|p1a: Ferrothorn
|-damage|p1a: Ferrothorn|14/100
|move|p1a: Ferrothorn|Leech Seed|p2a: Pelipper
|-start|p2a: Pelipper|move: Leech Seed
|
|-weather|RainDance|[upkeep]
|-damage|p2a: Pelipper|38/100|[from] Leech Seed|[of] p1a: Ferrothorn
|-heal|p1a: Ferrothorn|24/100|[silent]
|upkeep
|turn|22
|
|t:|1660383946
|switch|p1a: Zeraora|Zeraora|84/100
|move|p2a: Pelipper|Hurricane|p1a: Zeraora
|-resisted|p1a: Zeraora
|-damage|p1a: Zeraora|35/100
|-start|p1a: Zeraora|confusion
|
|-weather|RainDance|[upkeep]
|-damage|p2a: Pelipper|26/100|[from] Leech Seed|[of] p1a: Zeraora
|-heal|p1a: Zeraora|45/100|[silent]
|upkeep
|turn|23
|
|t:|1660383956
|-activate|p1a: Zeraora|confusion
|-damage|p1a: Zeraora|25/100|[from] confusion
|move|p2a: Pelipper|Hurricane|p1a: Zeraora
|-resisted|p1a: Zeraora
|-damage|p1a: Zeraora|0 fnt
|faint|p1a: Zeraora
|
|-weather|RainDance|[upkeep]
|-fieldend|move: Psychic Terrain
|upkeep
|
|t:|1660383962
|switch|p1a: Tapu Fini|Tapu Fini|100/100
|-fieldstart|move: Misty Terrain|[from] ability: Misty Surge|[of] p1a: Tapu Fini
|turn|24
|
|t:|1660383970
|move|p1a: Tapu Fini|Calm Mind|p1a: Tapu Fini
|-boost|p1a: Tapu Fini|spa|1
|-boost|p1a: Tapu Fini|spd|1
|move|p2a: Pelipper|Hurricane|p1a: Tapu Fini
|-damage|p1a: Tapu Fini|60/100
|
|-weather|none
|-heal|p1a: Tapu Fini|66/100|[from] item: Leftovers
|-damage|p2a: Pelipper|14/100|[from] Leech Seed|[of] p1a: Tapu Fini
|-heal|p1a: Tapu Fini|75/100|[silent]
|upkeep
|turn|25
|
|t:|1660383983
|move|p1a: Tapu Fini|Draining Kiss|p2a: Pelipper
|-damage|p2a: Pelipper|0 fnt
|-heal|p1a: Tapu Fini|82/100|[from] drain|[of] p2a: Pelipper
|faint|p2a: Pelipper
|
|-heal|p1a: Tapu Fini|89/100|[from] item: Leftovers
|upkeep
|
|t:|1660383990
|switch|p2a: Tapu Lele|Tapu Lele|19/100
|-damage|p2a: Tapu Lele|7/100|[from] Stealth Rock
|-fieldstart|move: Psychic Terrain|[from] ability: Psychic Surge|[of] p2a: Tapu Lele
|turn|26
|
|t:|1660383993
|move|p2a: Tapu Lele|Psyshock|p1a: Tapu Fini
|-damage|p1a: Tapu Fini|45/100
|move|p1a: Tapu Fini|Draining Kiss|p2a: Tapu Lele
|-damage|p2a: Tapu Lele|0 fnt
|-heal|p1a: Tapu Fini|48/100|[from] drain|[of] p2a: Tapu Lele
|faint|p2a: Tapu Lele
|
|-heal|p1a: Tapu Fini|55/100|[from] item: Leftovers
|upkeep
|
|t:|1660383998
|switch|p2a: Barraskewda|Barraskewda, F|88/100
|-damage|p2a: Barraskewda|76/100|[from] Stealth Rock
|turn|27
|
|t:|1660384007
|move|p2a: Barraskewda|Psychic Fangs|p1a: Tapu Fini
|-damage|p1a: Tapu Fini|17/100
|move|p1a: Tapu Fini|Draining Kiss|p2a: Barraskewda
|-damage|p2a: Barraskewda|21/100
|-heal|p1a: Tapu Fini|48/100|[from] drain|[of] p2a: Barraskewda
|
|-heal|p1a: Tapu Fini|55/100|[from] item: Leftovers
|upkeep
|turn|28
|
|t:|1660384013
|move|p2a: Barraskewda|Psychic Fangs|p1a: Tapu Fini
|-damage|p1a: Tapu Fini|16/100
|move|p1a: Tapu Fini|Draining Kiss|p2a: Barraskewda
|-damage|p2a: Barraskewda|0 fnt
|-heal|p1a: Tapu Fini|28/100|[from] drain|[of] p2a: Barraskewda
|faint|p2a: Barraskewda
|
|win|Candice
|raw|Candice's rating: 1572 &rarr; <strong>1594</strong><br />(+22 for winning)
|raw|RKS-miku's rating: 1607 &rarr; <strong>1585</strong><br />(-22 for losing)
|l|☆Candice
