|j|☆minimax_ai
|j|☆Hgfhhfghfff
|t:|1665546513
|gametype|singles
|player|p1|minimax_ai|lusamine-nihilego|1538
|player|p2|Hgfhhfghfff|266|1512
|teamsize|p1|6
|teamsize|p2|6
|gen|8
|tier|[Gen 8] OU
|rated|
|rule|Sleep Clause Mod: Limit one foe put to sleep
|rule|Species Clause: Limit one of each Pokémon
|rule|OHKO Clause: OHKO moves are banned
|rule|Evasion Items Clause: Evasion items are banned
|rule|Evasion Moves Clause: Evasion moves are banned
|rule|Endless Battle Clause: Forcing endless battles is banned
|rule|HP Percentage Mod: HP is shown in percentages
|rule|Dynamax Clause: You cannot dynamax
|clearpoke
|poke|p1|Rotom-Wash|
|poke|p1|Weavile, F|
|poke|p1|Landorus-Therian, M|
|poke|p1|Heatran, M|
|poke|p1|Tangrowth, M|
|poke|p1|Melmetal|
|poke|p2|Rillaboom, F|
|poke|p2|Jirachi|
|poke|p2|Keldeo|
|poke|p2|Diancie|
|poke|p2|Zapdos|
|poke|p2|Zygarde-10%|
|teampreview
|c|☆minimax_ai|hf
|inactive|Battle timer is ON: inactive players will automatically lose when time's up. (requested by minimax_ai)
|
|t:|1665546520
|start
|switch|p1a: Melmetal|Melmetal|100/100
|switch|p2a: Zygarde|Zygarde-10%|100/100
|-ability|p2a: Zygarde|Aura Break
|turn|1
|
|t:|1665546524
|move|p2a: Zygarde|Thousand Arrows|p1a: Melmetal
|-supereffective|p1a: Melmetal
|-damage|p1a: Melmetal|43/100
|move|p1a: Melmetal|Double Iron Bash|p2a: Zygarde
|-damage|p2a: Zygarde|27/100
|-damage|p2a: Zygarde|0 fnt
|faint|p2a: Zygarde
|-hitcount|p2: Zygarde|2
|
|upkeep
|
|t:|1665546532
|switch|p2a: Zapdos|Zapdos|100/100
|turn|2
|
|t:|1665546534
|move|p2a: Zapdos|Heat Wave|p1a: Melmetal
|-supereffective|p1a: Melmetal
|-damage|p1a: Melmetal|13/100
|-status|p1a: Melmetal|brn
|move|p1a: Melmetal|Thunder Punch|p2a: Zapdos
|-damage|p2a: Zapdos|83/100
|
|-damage|p1a: Melmetal|7/100 brn|[from] brn
|upkeep
|turn|3
|
|t:|1665546542
|move|p2a: Zapdos|Discharge|p1a: Melmetal
|-damage|p1a: Melmetal|0 fnt
|faint|p1a: Melmetal
|
|upkeep
|
|t:|1665546542
|switch|p1a: Weavile|Weavile, F|100/100
|-ability|p1a: Weavile|Pressure
|turn|4
|
|t:|1665546549
|switch|p2a: Keldeo|Keldeo|100/100
|move|p1a: Weavile|Knock Off|p2a: Keldeo
|-resisted|p2a: Keldeo
|-damage|p2a: Keldeo|59/100
|-ability|p2a: Keldeo|Justified|boost
|-boost|p2a: Keldeo|atk|1
|-enditem|p2a: Keldeo|Leftovers|[from] move: Knock Off|[of] p1a: Weavile
|
|upkeep
|turn|5
|
|t:|1665546555
|switch|p1a: rotomwash|Rotom-Wash|100/100
|move|p2a: Keldeo|Scald|p1a: rotomwash
|-resisted|p1a: rotomwash
|-damage|p1a: rotomwash|78/100
|
|-heal|p1a: rotomwash|84/100|[from] item: Leftovers
|upkeep
|turn|6
|
|t:|1665546563
|switch|p2a: Rillaboom|Rillaboom, F|100/100
|-fieldstart|move: Grassy Terrain|[from] ability: Grassy Surge|[of] p2a: Rillaboom
|move|p1a: rotomwash|Thunderbolt|p2a: Rillaboom
|-resisted|p2a: Rillaboom
|-damage|p2a: Rillaboom|78/100
|
|-heal|p1a: rotomwash|91/100|[from] item: Leftovers
|-heal|p2a: Rillaboom|84/100|[from] Grassy Terrain
|upkeep
|turn|7
|
|t:|1665546570
|switch|p1a: Tangrowth|Tangrowth, M|100/100
|move|p2a: Rillaboom|U-turn|p1a: Tangrowth
|-supereffective|p1a: Tangrowth
|-damage|p1a: Tangrowth|75/100
|-damage|p2a: Rillaboom|67/100|[from] item: Rocky Helmet|[of] p1a: Tangrowth
|
|t:|1665546579
|switch|p2a: Jirachi|Jirachi|100/100|[from]move: U-turn
|
|-heal|p1a: Tangrowth|81/100|[from] Grassy Terrain
|upkeep
|turn|8
|
|t:|1665546581
|switch|p1a: landorustherian|Landorus-Therian, M|100/100
|-ability|p1a: landorustherian|Intimidate|boost
|-unboost|p2a: Jirachi|atk|1
|move|p2a: Jirachi|Psychic|p1a: landorustherian
|-damage|p1a: landorustherian|73/100
|
|-heal|p1a: landorustherian|79/100|[from] item: Leftovers
|upkeep
|turn|9
|
|t:|1665546590
|move|p2a: Jirachi|Icy Wind|p1a: landorustherian
|-supereffective|p1a: landorustherian
|-damage|p1a: landorustherian|28/100
|-unboost|p1a: landorustherian|spe|1
|move|p1a: landorustherian|Earthquake|p2a: Jirachi
|-supereffective|p2a: Jirachi
|-damage|p2a: Jirachi|42/100
|
|-heal|p2a: Jirachi|49/100|[from] Grassy Terrain
|-heal|p2a: Jirachi|55/100|[from] item: Leftovers
|-heal|p1a: landorustherian|34/100|[from] item: Leftovers
|upkeep
|turn|10
|
|t:|1665546597
|switch|p1a: rotomwash|Rotom-Wash|91/100
|move|p2a: Jirachi|Icy Wind|p1a: rotomwash
|-resisted|p1a: rotomwash
|-damage|p1a: rotomwash|82/100
|-unboost|p1a: rotomwash|spe|1
|
|-heal|p2a: Jirachi|61/100|[from] Grassy Terrain
|-heal|p2a: Jirachi|67/100|[from] item: Leftovers
|-heal|p1a: rotomwash|88/100|[from] item: Leftovers
|-fieldend|move: Grassy Terrain
|upkeep
|turn|11
|
|t:|1665546604
|move|p2a: Jirachi|Psychic|p1a: rotomwash
|-damage|p1a: rotomwash|48/100
|move|p1a: rotomwash|Thunderbolt|p2a: Jirachi
|-damage|p2a: Jirachi|32/100
|
|-heal|p2a: Jirachi|38/100|[from] item: Leftovers
|-heal|p1a: rotomwash|54/100|[from] item: Leftovers
|upkeep
|turn|12
|
|t:|1665546611
|move|p2a: Jirachi|Psychic|p1a: rotomwash
|-damage|p1a: rotomwash|9/100
|move|p1a: rotomwash|Hydro Pump|p2a: Jirachi
|-damage|p2a: Jirachi|0 fnt
|faint|p2a: Jirachi
|
|-heal|p1a: rotomwash|15/100|[from] item: Leftovers
|upkeep
|
|t:|1665546618
|switch|p2a: Rillaboom|Rillaboom, F|67/100
|-fieldstart|move: Grassy Terrain|[from] ability: Grassy Surge|[of] p2a: Rillaboom
|turn|13
|
|t:|1665546620
|switch|p1a: Tangrowth|Tangrowth, M|100/100
|move|p2a: Rillaboom|U-turn|p1a: Tangrowth
|-supereffective|p1a: Tangrowth
|-damage|p1a: Tangrowth|71/100
|-damage|p2a: Rillaboom|51/100|[from] item: Rocky Helmet|[of] p1a: Tangrowth
|
|t:|1665546624
|switch|p2a: Zapdos|Zapdos|83/100|[from]move: U-turn
|
|-heal|p1a: Tangrowth|77/100|[from] Grassy Terrain
|upkeep
|turn|14
|
|t:|1665546627
|switch|p1a: landorustherian|Landorus-Therian, M|34/100
|-ability|p1a: landorustherian|Intimidate|boost
|-unboost|p2a: Zapdos|atk|1
|move|p2a: Zapdos|Heat Wave|p1a: landorustherian
|-damage|p1a: landorustherian|16/100
|
|-heal|p1a: landorustherian|22/100|[from] item: Leftovers
|upkeep
|turn|15
|
|t:|1665546635
|move|p2a: Zapdos|Heat Wave|p1a: landorustherian
|-damage|p1a: landorustherian|3/100
|move|p1a: landorustherian|Toxic|p2a: Zapdos
|-status|p2a: Zapdos|tox
|
|-heal|p1a: landorustherian|9/100|[from] item: Leftovers
|-damage|p2a: Zapdos|77/100 tox|[from] psn
|upkeep
|turn|16
|
|t:|1665546640
|switch|p1a: Heatran|Heatran, M|100/100
|-item|p1a: Heatran|Air Balloon
|move|p2a: Zapdos|Heat Wave|p1a: Heatran
|-start|p1a: Heatran|ability: Flash Fire
|
|-damage|p2a: Zapdos|65/100 tox|[from] psn
|upkeep
|turn|17
|
|t:|1665546643
|move|p2a: Zapdos|Discharge|p1a: Heatran
|-damage|p1a: Heatran|70/100
|-status|p1a: Heatran|par
|-enditem|p1a: Heatran|Air Balloon
|move|p1a: Heatran|Magma Storm|p2a: Zapdos
|-damage|p2a: Zapdos|0 fnt
|faint|p2a: Zapdos
|
|-heal|p1a: Heatran|76/100 par|[from] Grassy Terrain
|-fieldend|move: Grassy Terrain
|upkeep
|
|t:|1665546653
|switch|p2a: Keldeo|Keldeo|59/100
|turn|18
|
|t:|1665546659
|-end|p1a: Heatran|ability: Flash Fire|[silent]
|switch|p1a: Tangrowth|Tangrowth, M|100/100
|move|p2a: Keldeo|Calm Mind|p2a: Keldeo
|-boost|p2a: Keldeo|spa|1
|-boost|p2a: Keldeo|spd|1
|
|upkeep
|turn|19
|
|t:|1665546665
|move|p2a: Keldeo|Scald|p1a: Tangrowth
|-resisted|p1a: Tangrowth
|-damage|p1a: Tangrowth|53/100
|move|p1a: Tangrowth|Giga Drain|p2a: Keldeo
|-supereffective|p2a: Keldeo
|-damage|p2a: Keldeo|17/100
|-heal|p1a: Tangrowth|70/100|[from] drain|[of] p2a: Keldeo
|
|upkeep
|turn|20
|
|t:|1665546672
|move|p2a: Keldeo|Scald|p1a: Tangrowth
|-resisted|p1a: Tangrowth
|-damage|p1a: Tangrowth|25/100
|move|p1a: Tangrowth|Giga Drain|p2a: Keldeo
|-supereffective|p2a: Keldeo
|-damage|p2a: Keldeo|0 fnt
|-heal|p1a: Tangrowth|32/100|[from] drain|[of] p2a: Keldeo
|faint|p2a: Keldeo
|
|upkeep
|
|t:|1665546680
|switch|p2a: Diancie|Diancie|100/100
|turn|21
|
|t:|1665546683
|switch|p1a: landorustherian|Landorus-Therian, M|9/100
|-ability|p1a: landorustherian|Intimidate|boost
|-fail|p2a: Diancie|unboost|[from] ability: Clear Body|[of] p2a: Diancie
|move|p2a: Diancie|Mystical Fire|p1a: landorustherian
|-damage|p1a: landorustherian|0 fnt
|faint|p1a: landorustherian
|
|upkeep
|
|t:|1665546683
|switch|p1a: rotomwash|Rotom-Wash|15/100
|turn|22
|
|t:|1665546688
|switch|p2a: Rillaboom|Rillaboom, F|51/100
|-fieldstart|move: Grassy Terrain|[from] ability: Grassy Surge|[of] p2a: Rillaboom
|move|p1a: rotomwash|Pain Split|p2a: Rillaboom
|-sethp|p2a: Rillaboom|32/100|[from] move: Pain Split|[silent]
|-sethp|p1a: rotomwash|36/100|[from] move: Pain Split
|
|-heal|p1a: rotomwash|42/100|[from] item: Leftovers
|-heal|p2a: Rillaboom|38/100|[from] Grassy Terrain
|upkeep
|turn|23
|
|t:|1665546697
|switch|p1a: Tangrowth|Tangrowth, M|65/100
|move|p2a: Rillaboom|Wood Hammer|p1a: Tangrowth
|-resisted|p1a: Tangrowth
|-crit|p1a: Tangrowth
|-damage|p1a: Tangrowth|21/100
|-damage|p2a: Rillaboom|22/100|[from] item: Rocky Helmet|[of] p1a: Tangrowth
|-damage|p2a: Rillaboom|5/100|[from] Recoil
|
|-heal|p2a: Rillaboom|11/100|[from] Grassy Terrain
|-heal|p1a: Tangrowth|27/100|[from] Grassy Terrain
|upkeep
|turn|24
|
|t:|1665546708
|switch|p1a: Heatran|Heatran, M|76/100 par
|move|p2a: Rillaboom|U-turn|p1a: Heatran
|-resisted|p1a: Heatran
|-damage|p1a: Heatran|69/100 par
|
|t:|1665546712
|switch|p2a: Diancie|Diancie|100/100|[from]move: U-turn
|
|-heal|p1a: Heatran|75/100 par|[from] Grassy Terrain
|upkeep
|turn|25
|
|t:|1665546718
|move|p1a: Heatran|Earth Power|p2a: Diancie
|-supereffective|p2a: Diancie
|-damage|p2a: Diancie|66/100
|move|p2a: Diancie|Earth Power|p1a: Heatran
|-supereffective|p1a: Heatran
|-damage|p1a: Heatran|0 fnt
|faint|p1a: Heatran
|
|-heal|p2a: Diancie|72/100|[from] Grassy Terrain
|upkeep
|
|t:|1665546718
|switch|p1a: rotomwash|Rotom-Wash|42/100
|turn|26
|
|t:|1665546730
|move|p1a: rotomwash|Hydro Pump|p2a: Diancie|[miss]
|-miss|p1a: rotomwash|p2a: Diancie
|move|p2a: Diancie|Draining Kiss|p1a: rotomwash
|-damage|p1a: rotomwash|18/100
|-heal|p2a: Diancie|90/100|[from] drain|[of] p1a: rotomwash
|
|-heal|p1a: rotomwash|25/100|[from] item: Leftovers
|-heal|p2a: Diancie|96/100|[from] Grassy Terrain
|-fieldend|move: Grassy Terrain
|upkeep
|turn|27
|
|t:|1665546743
|switch|p2a: Rillaboom|Rillaboom, F|11/100
|-fieldstart|move: Grassy Terrain|[from] ability: Grassy Surge|[of] p2a: Rillaboom
|move|p1a: rotomwash|Pain Split|p2a: Rillaboom
|-sethp|p2a: Rillaboom|16/100|[from] move: Pain Split|[silent]
|-sethp|p1a: rotomwash|18/100|[from] move: Pain Split
|
|-heal|p1a: rotomwash|25/100|[from] item: Leftovers
|-heal|p2a: Rillaboom|22/100|[from] Grassy Terrain
|upkeep
|turn|28
|
|t:|1665546753
|switch|p1a: Tangrowth|Tangrowth, M|61/100
|move|p2a: Rillaboom|U-turn|p1a: Tangrowth
|-supereffective|p1a: Tangrowth
|-damage|p1a: Tangrowth|33/100
|-damage|p2a: Rillaboom|6/100|[from] item: Rocky Helmet|[of] p1a: Tangrowth
|
|t:|1665546761
|switch|p2a: Diancie|Diancie|96/100|[from]move: U-turn
|
|-heal|p2a: Diancie|100/100|[from] Grassy Terrain
|-heal|p1a: Tangrowth|40/100|[from] Grassy Terrain
|upkeep
|turn|29
|
|t:|1665546763
|switch|p1a: rotomwash|Rotom-Wash|25/100
|move|p2a: Diancie|Mystical Fire|p1a: rotomwash
|-resisted|p1a: rotomwash
|-damage|p1a: rotomwash|13/100
|-unboost|p1a: rotomwash|spa|1
|
|-heal|p1a: rotomwash|19/100|[from] item: Leftovers
|upkeep
|turn|30
|
|t:|1665546771
|move|p1a: rotomwash|Pain Split|p2a: Diancie
|-sethp|p2a: Diancie|60/100|[from] move: Pain Split|[silent]
|-sethp|p1a: rotomwash|60/100|[from] move: Pain Split
|move|p2a: Diancie|Draining Kiss|p1a: rotomwash
|-damage|p1a: rotomwash|35/100
|-heal|p2a: Diancie|79/100|[from] drain|[of] p1a: rotomwash
|
|-heal|p1a: rotomwash|41/100|[from] item: Leftovers
|-heal|p2a: Diancie|85/100|[from] Grassy Terrain
|upkeep
|turn|31
|
|t:|1665546779
|switch|p2a: Rillaboom|Rillaboom, F|6/100
|move|p1a: rotomwash|Pain Split|p2a: Rillaboom
|-sethp|p2a: Rillaboom|21/100|[from] move: Pain Split|[silent]
|-sethp|p1a: rotomwash|24/100|[from] move: Pain Split
|
|-heal|p1a: rotomwash|30/100|[from] item: Leftovers
|-heal|p2a: Rillaboom|27/100|[from] Grassy Terrain
|-fieldend|move: Grassy Terrain
|upkeep
|turn|32
|
|t:|1665546791
|switch|p1a: Tangrowth|Tangrowth, M|73/100
|move|p2a: Rillaboom|Knock Off|p1a: Tangrowth
|-damage|p1a: Tangrowth|53/100
|-damage|p2a: Rillaboom|11/100|[from] item: Rocky Helmet|[of] p1a: Tangrowth
|-enditem|p1a: Tangrowth|Rocky Helmet|[from] move: Knock Off|[of] p2a: Rillaboom
|
|upkeep
|turn|33
|
|t:|1665546803
|move|p2a: Rillaboom|Wood Hammer|p1a: Tangrowth
|-resisted|p1a: Tangrowth
|-damage|p1a: Tangrowth|32/100
|-damage|p2a: Rillaboom|3/100|[from] Recoil
|move|p1a: Tangrowth|Sleep Powder|p2a: Rillaboom
|-immune|p2a: Rillaboom
|
|upkeep
|turn|34
|
|t:|1665546817
|move|p2a: Rillaboom|Knock Off|p1a: Tangrowth
|-damage|p1a: Tangrowth|20/100
|move|p1a: Tangrowth|Giga Drain|p2a: Rillaboom
|-resisted|p2a: Rillaboom
|-damage|p2a: Rillaboom|0 fnt
|-heal|p1a: Tangrowth|21/100|[from] drain|[of] p2a: Rillaboom
|faint|p2a: Rillaboom
|
|upkeep
|
|t:|1665546822
|switch|p2a: Diancie|Diancie|85/100
|turn|35
|
|t:|1665546825
|switch|p1a: rotomwash|Rotom-Wash|30/100
|move|p2a: Diancie|Draining Kiss|p1a: rotomwash
|-damage|p1a: rotomwash|2/100
|-heal|p2a: Diancie|100/100|[from] drain|[of] p1a: rotomwash
|
|-heal|p1a: rotomwash|9/100|[from] item: Leftovers
|upkeep
|turn|36
|
|t:|1665546831
|move|p1a: rotomwash|Pain Split|p2a: Diancie
|-sethp|p2a: Diancie|55/100|[from] move: Pain Split|[silent]
|-sethp|p1a: rotomwash|54/100|[from] move: Pain Split
|move|p2a: Diancie|Draining Kiss|p1a: rotomwash
|-damage|p1a: rotomwash|30/100
|-heal|p2a: Diancie|73/100|[from] drain|[of] p1a: rotomwash
|
|-heal|p1a: rotomwash|37/100|[from] item: Leftovers
|upkeep
|turn|37
|
|t:|1665546835
|move|p1a: rotomwash|Pain Split|p2a: Diancie
|-sethp|p2a: Diancie|55/100|[from] move: Pain Split|[silent]
|-sethp|p1a: rotomwash|54/100|[from] move: Pain Split
|move|p2a: Diancie|Draining Kiss|p1a: rotomwash
|-damage|p1a: rotomwash|31/100
|-heal|p2a: Diancie|72/100|[from] drain|[of] p1a: rotomwash
|
|-heal|p1a: rotomwash|37/100|[from] item: Leftovers
|upkeep
|turn|38
|
|t:|1665546838
|move|p1a: rotomwash|Hydro Pump|p2a: Diancie
|-supereffective|p2a: Diancie
|-damage|p2a: Diancie|23/100
|move|p2a: Diancie|Draining Kiss|p1a: rotomwash
|-damage|p1a: rotomwash|13/100
|-heal|p2a: Diancie|41/100|[from] drain|[of] p1a: rotomwash
|
|-heal|p1a: rotomwash|19/100|[from] item: Leftovers
|upkeep
|turn|39
|
|t:|1665546843
|move|p1a: rotomwash|Hydro Pump|p2a: Diancie
|-supereffective|p2a: Diancie
|-damage|p2a: Diancie|0 fnt
|faint|p2a: Diancie
|
|win|minimax_ai
|raw|minimax_ai's rating: 1538 &rarr; <strong>1557</strong><br />(+19 for winning)
|raw|Hgfhhfghfff's rating: 1512 &rarr; <strong>1493</strong><br />(-19 for losing)
|c|☆minimax_ai|gg
