|j|☆Corumba
|j|☆SKIP THE DRIP
|t:|1648893862
|gametype|singles
|player|p1|Corumba|102|1876
|player|p2|SKIP THE DRIP|victor-dojo|1824
|teamsize|p1|6
|teamsize|p2|6
|gen|8
|tier|[Gen 8] OU
|rated|
|rule|Sleep Clause Mod: Limit one foe put to sleep
|rule|Species Clause: Limit one of each Pokémon
|rule|OHKO Clause: OHKO moves are banned
|rule|Evasion Moves Clause: Evasion moves are banned
|rule|Endless Battle Clause: Forcing endless battles is banned
|rule|HP Percentage Mod: HP is shown in percentages
|rule|Dynamax Clause: You cannot dynamax
|clearpoke
|poke|p1|Barbaracle, M|
|poke|p1|Dragapult, M|
|poke|p1|Blaziken, F|
|poke|p1|Shuckle, F|
|poke|p1|Toxtricity, M|
|poke|p1|Mimikyu, M|
|poke|p2|Heatran, M|
|poke|p2|Tornadus-Therian, M|
|poke|p2|Zeraora|
|poke|p2|Tapu Fini|
|poke|p2|Landorus-Therian, M|
|poke|p2|Ferrothorn, F|
|teampreview
|inactive|Battle timer is ON: inactive players will automatically lose when time's up. (requested by SKIP THE DRIP)
|j| Randbats enjoyer
|c|☆SKIP THE DRIP|Corumba
|c|☆SKIP THE DRIP|the demon
|c|☆Corumba|yes
|c|☆Corumba|hello
|c|☆Corumba|i'm just a man
|c|☆Corumba|not a demon
|inactive|Corumba has 120 seconds left.
|
|t:|1648893897
|start
|switch|p1a: Shuckle|Shuckle, F|100/100
|switch|p2a: Landorus|Landorus-Therian, M|100/100
|-ability|p2a: Landorus|Intimidate|boost
|-unboost|p1a: Shuckle|atk|1
|turn|1
|
|t:|1648893905
|move|p2a: Landorus|Toxic|p1a: Shuckle
|-status|p1a: Shuckle|tox
|move|p1a: Shuckle|Sticky Web|p2a: Landorus
|-sidestart|p2: SKIP THE DRIP|move: Sticky Web
|
|-damage|p1a: Shuckle|94/100 tox|[from] psn
|upkeep
|turn|2
|
|t:|1648893908
|move|p2a: Landorus|Defog|p1a: Shuckle
|-unboost|p1a: Shuckle|evasion|1
|-sideend|p2: SKIP THE DRIP|Sticky Web|[from] move: Defog|[of] p2a: Landorus
|move|p1a: Shuckle|Encore|p2a: Landorus
|-start|p2a: Landorus|Encore
|
|-damage|p1a: Shuckle|82/100 tox|[from] psn
|upkeep
|turn|3
|
|t:|1648893912
|move|p2a: Landorus|Defog|p1a: Shuckle
|-unboost|p1a: Shuckle|evasion|1
|move|p1a: Shuckle|Sticky Web|p2a: Landorus
|-sidestart|p2: SKIP THE DRIP|move: Sticky Web
|
|-damage|p1a: Shuckle|64/100 tox|[from] psn
|upkeep
|turn|4
|
|t:|1648893926
|move|p2a: Landorus|Defog|p1a: Shuckle
|-unboost|p1a: Shuckle|evasion|1
|-sideend|p2: SKIP THE DRIP|Sticky Web|[from] move: Defog|[of] p2a: Landorus
|move|p1a: Shuckle|Stealth Rock|p2a: Landorus
|-sidestart|p2: SKIP THE DRIP|move: Stealth Rock
|
|-damage|p1a: Shuckle|39/100 tox|[from] psn
|upkeep
|turn|5
|
|t:|1648893929
|move|p2a: Landorus|Defog|p1a: Shuckle
|-unboost|p1a: Shuckle|evasion|1
|-sideend|p2: SKIP THE DRIP|Stealth Rock|[from] move: Defog|[of] p2a: Landorus
|move|p1a: Shuckle|Sticky Web|p2a: Landorus
|-sidestart|p2: SKIP THE DRIP|move: Sticky Web
|
|-damage|p1a: Shuckle|8/100 tox|[from] psn
|-end|p2a: Landorus|Encore
|upkeep
|turn|6
|
|t:|1648893934
|move|p2a: Landorus|Earthquake|p1a: Shuckle
|-damage|p1a: Shuckle|0 fnt
|faint|p1a: Shuckle
|
|upkeep
|c|☆Corumba|now what do i do
|j| ISimpForKlara
|
|t:|1648893955
|switch|p1a: BAARRBARRICCCC|Barbaracle, M|100/100
|-item|p1a: BAARRBARRICCCC|Air Balloon
|turn|7
|c|☆SKIP THE DRIP|do ur corumba thing
|
|t:|1648893962
|move|p2a: Landorus|U-turn|p1a: BAARRBARRICCCC
|-damage|p1a: BAARRBARRICCCC|78/100
|-enditem|p1a: BAARRBARRICCCC|Air Balloon
|
|t:|1648893964
|switch|p2a: Ferrothorn|Ferrothorn, F, shiny|100/100|[from]move: U-turn
|-activate|p2a: Ferrothorn|move: Sticky Web
|-unboost|p2a: Ferrothorn|spe|1
|move|p1a: BAARRBARRICCCC|Liquidation|p2a: Ferrothorn
|-resisted|p2a: Ferrothorn
|-damage|p2a: Ferrothorn|84/100
|-unboost|p2a: Ferrothorn|def|1
|-damage|p1a: BAARRBARRICCCC|66/100|[from] ability: Iron Barbs|[of] p2a: Ferrothorn
|-damage|p1a: BAARRBARRICCCC|50/100|[from] item: Rocky Helmet|[of] p2a: Ferrothorn
|
|upkeep
|turn|8
|c|☆Corumba|i dont know why i didnt smash
|
|t:|1648893984
|move|p1a: BAARRBARRICCCC|Shell Smash|p1a: BAARRBARRICCCC
|-unboost|p1a: BAARRBARRICCCC|def|1
|-unboost|p1a: BAARRBARRICCCC|spd|1
|-boost|p1a: BAARRBARRICCCC|atk|2
|-boost|p1a: BAARRBARRICCCC|spa|2
|-boost|p1a: BAARRBARRICCCC|spe|2
|move|p2a: Ferrothorn|Body Press|p1a: BAARRBARRICCCC
|-supereffective|p1a: BAARRBARRICCCC
|-damage|p1a: BAARRBARRICCCC|0 fnt
|faint|p1a: BAARRBARRICCCC
|
|upkeep
|
|t:|1648893989
|switch|p1a: Blaziken|Blaziken, F|100/100
|turn|9
|
|t:|1648894000
|move|p1a: Blaziken|Swords Dance|p1a: Blaziken
|-boost|p1a: Blaziken|atk|2
|move|p2a: Ferrothorn|Body Press|p1a: Blaziken
|-damage|p1a: Blaziken|74/100
|
|-heal|p1a: Blaziken|80/100|[from] item: Leftovers
|-ability|p1a: Blaziken|Speed Boost|boost
|-boost|p1a: Blaziken|spe|1
|upkeep
|turn|10
|
|t:|1648894011
|move|p1a: Blaziken|Swords Dance|p1a: Blaziken
|-boost|p1a: Blaziken|atk|2
|move|p2a: Ferrothorn|Body Press|p1a: Blaziken
|-damage|p1a: Blaziken|55/100
|
|-heal|p1a: Blaziken|61/100|[from] item: Leftovers
|-ability|p1a: Blaziken|Speed Boost|boost
|-boost|p1a: Blaziken|spe|1
|upkeep
|turn|11
|
|t:|1648894025
|switch|p2a: Tornadus|Tornadus-Therian, M|100/100
|move|p1a: Blaziken|Close Combat|p2a: Tornadus
|-resisted|p2a: Tornadus
|-damage|p2a: Tornadus|1/100
|-unboost|p1a: Blaziken|def|1
|-unboost|p1a: Blaziken|spd|1
|
|-heal|p1a: Blaziken|67/100|[from] item: Leftovers
|-ability|p1a: Blaziken|Speed Boost|boost
|-boost|p1a: Blaziken|spe|1
|upkeep
|turn|12
|j| Nightmare!Zenya
|
|t:|1648894035
|move|p1a: Blaziken|Close Combat|p2a: Tornadus
|-resisted|p2a: Tornadus
|-damage|p2a: Tornadus|0 fnt
|-unboost|p1a: Blaziken|def|1
|-unboost|p1a: Blaziken|spd|1
|faint|p2a: Tornadus
|
|-heal|p1a: Blaziken|73/100|[from] item: Leftovers
|-ability|p1a: Blaziken|Speed Boost|boost
|-boost|p1a: Blaziken|spe|1
|upkeep
|
|t:|1648894038
|switch|p2a: Landorus|Landorus-Therian, M|100/100
|-ability|p2a: Landorus|Intimidate|boost
|-unboost|p1a: Blaziken|atk|1
|turn|13
|j| youhuanbingshi
|
|t:|1648894047
|switch|p2a: Ferrothorn|Ferrothorn, F, shiny|84/100
|-activate|p2a: Ferrothorn|move: Sticky Web
|-unboost|p2a: Ferrothorn|spe|1
|move|p1a: Blaziken|Flare Blitz|p2a: Ferrothorn
|-supereffective|p2a: Ferrothorn
|-damage|p2a: Ferrothorn|0 fnt
|-damage|p1a: Blaziken|61/100|[from] ability: Iron Barbs|[of] p2a: Ferrothorn
|-damage|p1a: Blaziken|44/100|[from] item: Rocky Helmet|[of] p2a: Ferrothorn
|faint|p2a: Ferrothorn
|-damage|p1a: Blaziken|16/100|[from] Recoil
|
|-heal|p1a: Blaziken|22/100|[from] item: Leftovers
|-ability|p1a: Blaziken|Speed Boost|boost
|-boost|p1a: Blaziken|spe|1
|upkeep
|
|t:|1648894052
|switch|p2a: Landorus|Landorus-Therian, M|100/100
|-ability|p2a: Landorus|Intimidate|boost
|-unboost|p1a: Blaziken|atk|1
|turn|14
|
|t:|1648894057
|move|p1a: Blaziken|Flare Blitz|p2a: Landorus
|-damage|p2a: Landorus|0 fnt
|faint|p2a: Landorus
|-damage|p1a: Blaziken|0 fnt|[from] Recoil
|faint|p1a: Blaziken
|
|upkeep
|
|t:|1648894076
|switch|p2a: Heatran|Heatran, M|100/100
|switch|p1a: Mimikyu|Mimikyu, M|100/100
|-activate|p2a: Heatran|move: Sticky Web
|-unboost|p2a: Heatran|spe|1
|turn|15
|l| ISimpForKlara
|j| ikoero
|
|t:|1648894083
|move|p1a: Mimikyu|Swords Dance|p1a: Mimikyu
|-boost|p1a: Mimikyu|atk|2
|move|p2a: Heatran|Flash Cannon|p1a: Mimikyu
|-activate|p1a: Mimikyu|ability: Disguise
|-damage|p1a: Mimikyu|100/100
|detailschange|p1a: Mimikyu|Mimikyu-Busted, M
|-damage|p1a: Mimikyu|88/100|[from] pokemon: Mimikyu-Busted
|
|upkeep
|turn|16
|
|t:|1648894090
|move|p1a: Mimikyu|Drain Punch|p2a: Heatran
|-supereffective|p2a: Heatran
|-damage|p2a: Heatran|0 fnt
|-heal|p1a: Mimikyu|100/100|[from] drain|[of] p2a: Heatran
|faint|p2a: Heatran
|-damage|p1a: Mimikyu|91/100|[from] item: Life Orb
|
|upkeep
|
|t:|1648894093
|switch|p2a: Zeraora|Zeraora|100/100
|turn|17
|
|t:|1648894099
|move|p2a: Zeraora|Bulk Up|p2a: Zeraora
|-boost|p2a: Zeraora|atk|1
|-boost|p2a: Zeraora|def|1
|move|p1a: Mimikyu|Shadow Claw|p2a: Zeraora
|-damage|p2a: Zeraora|27/100
|-damage|p1a: Mimikyu|81/100|[from] item: Life Orb
|
|upkeep
|turn|18
|c|☆Corumba|does this kill
|inactive|Corumba has 120 seconds left.
|c|☆Corumba|it does
|
|t:|1648894143
|move|p1a: Mimikyu|Shadow Sneak|p2a: Zeraora
|-damage|p2a: Zeraora|0 fnt
|faint|p2a: Zeraora
|-damage|p1a: Mimikyu|71/100|[from] item: Life Orb
|
|upkeep
|-message|SKIP THE DRIP forfeited.
|
|win|Corumba
|raw|Corumba's rating: 1876 &rarr; <strong>1893</strong><br />(+17 for winning)
|raw|SKIP THE DRIP's rating: 1824 &rarr; <strong>1807</strong><br />(-17 for losing)
|l|☆SKIP THE DRIP
|l| youhuanbingshi
