|j|☆Nearexx
|j|☆Bunch24
|t:|1653754869
|gametype|singles
|player|p1|Nearexx|2|1706
|player|p2|Bunch24|101|1674
|teamsize|p1|6
|teamsize|p2|6
|gen|8
|tier|[Gen 8] OU
|rated|
|rule|Sleep Clause Mod: Limit one foe put to sleep
|rule|Species Clause: Limit one of each Pokémon
|rule|OHKO Clause: OHKO moves are banned
|rule|Evasion Moves Clause: Evasion moves are banned
|rule|Endless Battle Clause: Forcing endless battles is banned
|rule|HP Percentage Mod: HP is shown in percentages
|rule|Dynamax Clause: You cannot dynamax
|clearpoke
|poke|p1|Tapu Koko|
|poke|p1|Urshifu-*, M|
|poke|p1|Slowking-Galar, M|
|poke|p1|Corviknight, M|
|poke|p1|Landorus-Therian, M|
|poke|p1|Weavile, F|
|poke|p2|Talonflame, F|
|poke|p2|Tornadus-Therian, M|
|poke|p2|Slowking-Galar, F|
|poke|p2|Toxapex, F|
|poke|p2|Hydreigon, M|
|poke|p2|Rhyperior, F|
|teampreview
|inactive|Battle timer is ON: inactive players will automatically lose when time's up. (requested by Nearexx)
|j| Matheus RW
|j| Celtis
|
|t:|1653754898
|start
|switch|p1a: Urshifu|Urshifu-Rapid-Strike, M|100/100
|switch|p2a: Talonflame|Talonflame, F|100/100
|turn|1
|
|t:|1653754906
|switch|p2a: Toxapex|Toxapex, F|100/100
|switch|p1a: Corviknight|Corviknight, M|100/100
|-ability|p1a: Corviknight|Pressure
|
|upkeep
|turn|2
|
|t:|1653754915
|switch|p2a: Tornadus|Tornadus-Therian, M|100/100
|move|p1a: Corviknight|U-turn|p2a: Tornadus
|-resisted|p2a: Tornadus
|-damage|p2a: Tornadus|93/100
|
|t:|1653754922
|switch|p1a: Tapu Koko|Tapu Koko|100/100|[from]move: U-turn
|-fieldstart|move: Electric Terrain|[from] ability: Electric Surge|[of] p1a: Tapu Koko
|
|upkeep
|turn|3
|
|t:|1653754925
|switch|p2a: Slowking|Slowking-Galar, F|100/100
|move|p1a: Tapu Koko|Dazzling Gleam|p2a: Slowking
|-resisted|p2a: Slowking
|-damage|p2a: Slowking|93/100
|
|upkeep
|turn|4
|
|t:|1653754931
|move|p1a: Tapu Koko|U-turn|p2a: Slowking
|-damage|p2a: Slowking|76/100
|
|t:|1653754949
|switch|p1a: Corviknight|Corviknight, M|100/100|[from]move: U-turn
|-ability|p1a: Corviknight|Pressure
|move|p2a: Slowking|Future Sight|p1a: Corviknight
|-start|p2a: Slowking|move: Future Sight
|
|upkeep
|turn|5
|j| RandomNublet
|
|t:|1653754956
|move|p1a: Corviknight|U-turn|p2a: Slowking
|-damage|p2a: Slowking|60/100
|
|t:|1653754962
|switch|p1a: Slowking|Slowking-Galar, M|100/100|[from]move: U-turn
|move|p2a: Slowking|Ice Beam|p1a: Slowking
|-damage|p1a: Slowking|90/100
|
|upkeep
|turn|6
|
|t:|1653754967
|move|p2a: Slowking|Earthquake|p1a: Slowking
|-supereffective|p1a: Slowking
|-damage|p1a: Slowking|57/100
|move|p1a: Slowking|Future Sight|p2a: Slowking
|-start|p1a: Slowking|move: Future Sight
|
|-end|p1a: Slowking|move: Future Sight
|-damage|p1a: Slowking|36/100
|-fieldend|move: Electric Terrain
|upkeep
|turn|7
|
|t:|1653754978
|switch|p2a: Rhyperior|Rhyperior, F|100/100
|move|p1a: Slowking|Earthquake|p2a: Rhyperior
|-supereffective|p2a: Rhyperior
|-damage|p2a: Rhyperior|85/100
|
|-heal|p2a: Rhyperior|91/100|[from] item: Leftovers
|upkeep
|turn|8
|
|t:|1653754985
|switch|p1a: Corviknight|Corviknight, M|100/100
|-ability|p1a: Corviknight|Pressure
|move|p2a: Rhyperior|Stealth Rock|p1a: Corviknight
|-sidestart|p1: Nearexx|move: Stealth Rock
|
|-end|p2a: Rhyperior|move: Future Sight
|-damage|p2a: Rhyperior|52/100
|-heal|p2a: Rhyperior|58/100|[from] item: Leftovers
|upkeep
|turn|9
|
|t:|1653754997
|move|p1a: Corviknight|Defog|p2a: Rhyperior
|-unboost|p2a: Rhyperior|evasion|1
|-sideend|p1: Nearexx|Stealth Rock|[from] move: Defog|[of] p1a: Corviknight
|move|p2a: Rhyperior|Swords Dance|p2a: Rhyperior
|-boost|p2a: Rhyperior|atk|2
|
|-heal|p2a: Rhyperior|64/100|[from] item: Leftovers
|upkeep
|turn|10
|
|t:|1653755003
|move|p1a: Corviknight|Body Press|p2a: Rhyperior
|-supereffective|p2a: Rhyperior
|-damage|p2a: Rhyperior|36/100
|move|p2a: Rhyperior|Stone Edge|p1a: Corviknight
|-damage|p1a: Corviknight|42/100
|
|-heal|p2a: Rhyperior|42/100|[from] item: Leftovers
|upkeep
|turn|11
|
|t:|1653755011
|move|p1a: Corviknight|Roost|p1a: Corviknight
|-heal|p1a: Corviknight|92/100
|-singleturn|p1a: Corviknight|move: Roost
|move|p2a: Rhyperior|Swords Dance|p2a: Rhyperior
|-boost|p2a: Rhyperior|atk|2
|
|-heal|p2a: Rhyperior|49/100|[from] item: Leftovers
|upkeep
|turn|12
|
|t:|1653755017
|move|p1a: Corviknight|Body Press|p2a: Rhyperior
|-supereffective|p2a: Rhyperior
|-damage|p2a: Rhyperior|20/100
|move|p2a: Rhyperior|Stone Edge|p1a: Corviknight|[miss]
|-miss|p2a: Rhyperior|p1a: Corviknight
|
|-heal|p2a: Rhyperior|27/100|[from] item: Leftovers
|upkeep
|turn|13
|
|t:|1653755024
|switch|p2a: Toxapex|Toxapex, F|100/100
|move|p1a: Corviknight|Body Press|p2a: Toxapex
|-resisted|p2a: Toxapex
|-damage|p2a: Toxapex|93/100
|-damage|p1a: Corviknight|75/100|[from] item: Rocky Helmet|[of] p2a: Toxapex
|
|upkeep
|turn|14
|j| havefun507
|
|t:|1653755028
|switch|p2a: Talonflame|Talonflame, F|100/100
|move|p1a: Corviknight|U-turn|p2a: Talonflame
|-resisted|p2a: Talonflame
|-damage|p2a: Talonflame|96/100
|
|t:|1653755033
|switch|p1a: Tapu Koko|Tapu Koko|100/100|[from]move: U-turn
|-fieldstart|move: Electric Terrain|[from] ability: Electric Surge|[of] p1a: Tapu Koko
|
|upkeep
|turn|15
|
|t:|1653755042
|switch|p2a: Toxapex|Toxapex, F|100/100
|move|p1a: Tapu Koko|Thunderbolt|p2a: Toxapex
|-supereffective|p2a: Toxapex
|-damage|p2a: Toxapex|19/100
|
|upkeep
|turn|16
|
|t:|1653755049
|switch|p2a: Slowking|Slowking-Galar, F|94/100
|move|p1a: Tapu Koko|Dazzling Gleam|p2a: Slowking
|-resisted|p2a: Slowking
|-damage|p2a: Slowking|86/100
|
|upkeep
|turn|17
|
|t:|1653755054
|move|p1a: Tapu Koko|U-turn|p2a: Slowking
|-damage|p2a: Slowking|68/100
|
|t:|1653755057
|switch|p1a: Slowking|Slowking-Galar, M|69/100|[from]move: U-turn
|move|p2a: Slowking|Sludge Bomb|p1a: Slowking
|-resisted|p1a: Slowking
|-damage|p1a: Slowking|61/100
|
|upkeep
|turn|18
|
|t:|1653755061
|switch|p2a: Tornadus|Tornadus-Therian, M|100/100
|move|p1a: Slowking|Future Sight|p2a: Tornadus
|-start|p1a: Slowking|move: Future Sight
|
|-fieldend|move: Electric Terrain
|upkeep
|turn|19
|
|t:|1653755067
|switch|p1a: Tapu Koko|Tapu Koko|100/100
|-fieldstart|move: Electric Terrain|[from] ability: Electric Surge|[of] p1a: Tapu Koko
|move|p2a: Tornadus|Knock Off|p1a: Tapu Koko
|-resisted|p1a: Tapu Koko
|-damage|p1a: Tapu Koko|86/100
|-enditem|p1a: Tapu Koko|Heavy-Duty Boots|[from] move: Knock Off|[of] p2a: Tornadus
|
|upkeep
|turn|20
|
|t:|1653755071
|switch|p2a: Slowking|Slowking-Galar, F|100/100
|move|p1a: Tapu Koko|Thunderbolt|p2a: Slowking
|-damage|p2a: Slowking|77/100
|
|-end|p2a: Slowking|move: Future Sight
|-damage|p2a: Slowking|56/100
|upkeep
|turn|21
|
|t:|1653755075
|switch|p2a: Tornadus|Tornadus-Therian, M|100/100
|move|p1a: Tapu Koko|U-turn|p2a: Tornadus
|-resisted|p2a: Tornadus
|-damage|p2a: Tornadus|92/100
|
|t:|1653755079
|switch|p1a: Weavile|Weavile, F|100/100|[from]move: U-turn
|-ability|p1a: Weavile|Pressure
|
|upkeep
|turn|22
|
|t:|1653755084
|switch|p2a: Talonflame|Talonflame, F|96/100
|move|p1a: Weavile|Triple Axel|p2a: Talonflame
|-damage|p2a: Talonflame|84/100
|-damage|p2a: Talonflame|62/100
|-damage|p2a: Talonflame|24/100
|-hitcount|p2a: Talonflame|3
|
|upkeep
|turn|23
|
|t:|1653755091
|move|p2a: Talonflame|Roost|p2a: Talonflame
|-heal|p2a: Talonflame|74/100
|-singleturn|p2a: Talonflame|move: Roost
|move|p1a: Weavile|Knock Off|p2a: Talonflame
|-damage|p2a: Talonflame|14/100
|-status|p1a: Weavile|brn|[from] ability: Flame Body|[of] p2a: Talonflame
|-enditem|p2a: Talonflame|Heavy-Duty Boots|[from] move: Knock Off|[of] p1a: Weavile
|
|-damage|p1a: Weavile|94/100 brn|[from] brn
|-fieldend|move: Electric Terrain
|upkeep
|turn|24
|
|t:|1653755103
|move|p1a: Weavile|Ice Shard|p2a: Talonflame
|-damage|p2a: Talonflame|1/100
|move|p2a: Talonflame|Roost|p2a: Talonflame
|-heal|p2a: Talonflame|51/100
|-singleturn|p2a: Talonflame|move: Roost
|
|-damage|p1a: Weavile|88/100 brn|[from] brn
|upkeep
|turn|25
|
|t:|1653755106
|move|p2a: Talonflame|Roost|p2a: Talonflame
|-heal|p2a: Talonflame|100/100
|-singleturn|p2a: Talonflame|move: Roost
|move|p1a: Weavile|Swords Dance|p1a: Weavile
|-boost|p1a: Weavile|atk|2
|
|-damage|p1a: Weavile|82/100 brn|[from] brn
|upkeep
|turn|26
|
|t:|1653755110
|switch|p2a: Toxapex|Toxapex, F|52/100
|move|p1a: Weavile|Triple Axel|p2a: Toxapex
|-resisted|p2a: Toxapex
|-damage|p2a: Toxapex|49/100
|-damage|p1a: Weavile|66/100 brn|[from] item: Rocky Helmet|[of] p2a: Toxapex
|-resisted|p2a: Toxapex
|-damage|p2a: Toxapex|43/100
|-damage|p1a: Weavile|50/100 brn|[from] item: Rocky Helmet|[of] p2a: Toxapex
|-resisted|p2a: Toxapex
|-damage|p2a: Toxapex|35/100
|-damage|p1a: Weavile|33/100 brn|[from] item: Rocky Helmet|[of] p2a: Toxapex
|-hitcount|p2a: Toxapex|3
|
|-damage|p1a: Weavile|27/100 brn|[from] brn
|upkeep
|turn|27
|
|t:|1653755114
|move|p1a: Weavile|Knock Off|p2a: Toxapex
|-damage|p2a: Toxapex|5/100
|-damage|p1a: Weavile|11/100 brn|[from] item: Rocky Helmet|[of] p2a: Toxapex
|-enditem|p2a: Toxapex|Rocky Helmet|[from] move: Knock Off|[of] p1a: Weavile
|move|p2a: Toxapex|Recover|p2a: Toxapex
|-heal|p2a: Toxapex|56/100
|
|-damage|p1a: Weavile|5/100 brn|[from] brn
|upkeep
|turn|28
|
|t:|1653755120
|move|p1a: Weavile|Knock Off|p2a: Toxapex
|-damage|p2a: Toxapex|36/100
|move|p2a: Toxapex|Scald|p1a: Weavile
|-damage|p1a: Weavile|0 fnt
|faint|p1a: Weavile
|
|upkeep
|j| Jddjdurur
|
|t:|1653755127
|switch|p1a: Slowking|Slowking-Galar, M|94/100
|turn|29
|
|t:|1653755132
|switch|p2a: Tornadus|Tornadus-Therian, M|100/100
|move|p1a: Slowking|Future Sight|p2a: Tornadus
|-start|p1a: Slowking|move: Future Sight
|
|upkeep
|turn|30
|
|t:|1653755136
|move|p2a: Tornadus|U-turn|p1a: Slowking
|-damage|p1a: Slowking|79/100
|
|t:|1653755137
|switch|p2a: Slowking|Slowking-Galar, F|89/100|[from]move: U-turn
|move|p1a: Slowking|Sludge Bomb|p2a: Slowking
|-resisted|p2a: Slowking
|-damage|p2a: Slowking|81/100
|
|upkeep
|turn|31
|
|t:|1653755141
|move|p2a: Slowking|Earthquake|p1a: Slowking
|-supereffective|p1a: Slowking
|-damage|p1a: Slowking|49/100
|move|p1a: Slowking|Earthquake|p2a: Slowking
|-supereffective|p2a: Slowking
|-damage|p2a: Slowking|49/100
|
|-end|p2a: Slowking|move: Future Sight
|-damage|p2a: Slowking|27/100
|upkeep
|turn|32
|
|t:|1653755146
|switch|p2a: Tornadus|Tornadus-Therian, M|100/100
|move|p1a: Slowking|Future Sight|p2a: Tornadus
|-start|p1a: Slowking|move: Future Sight
|
|upkeep
|turn|33
|
|t:|1653755149
|move|p2a: Tornadus|U-turn|p1a: Slowking
|-damage|p1a: Slowking|33/100
|
|t:|1653755151
|switch|p2a: Slowking|Slowking-Galar, F|61/100|[from]move: U-turn
|move|p1a: Slowking|Sludge Bomb|p2a: Slowking
|-resisted|p2a: Slowking
|-damage|p2a: Slowking|53/100
|
|upkeep
|turn|34
|
|t:|1653755159
|move|p1a: Slowking|Earthquake|p2a: Slowking
|-supereffective|p2a: Slowking
|-damage|p2a: Slowking|19/100
|move|p2a: Slowking|Earthquake|p1a: Slowking
|-supereffective|p1a: Slowking
|-damage|p1a: Slowking|1/100
|
|-end|p2a: Slowking|move: Future Sight
|-crit|p2a: Slowking
|-damage|p2a: Slowking|0 fnt
|faint|p2a: Slowking
|upkeep
|
|t:|1653755164
|switch|p2a: Tornadus|Tornadus-Therian, M|100/100
|turn|35
|
|t:|1653755179
|switch|p1a: Tapu Koko|Tapu Koko|86/100
|-fieldstart|move: Electric Terrain|[from] ability: Electric Surge|[of] p1a: Tapu Koko
|move|p2a: Tornadus|U-turn|p1a: Tapu Koko
|-resisted|p1a: Tapu Koko
|-damage|p1a: Tapu Koko|76/100
|
|t:|1653755183
|switch|p2a: Rhyperior|Rhyperior, F|27/100|[from]move: U-turn
|
|-heal|p2a: Rhyperior|33/100|[from] item: Leftovers
|upkeep
|turn|36
|
|t:|1653755189
|move|p1a: Tapu Koko|U-turn|p2a: Rhyperior
|-damage|p2a: Rhyperior|22/100
|
|t:|1653755191
|switch|p1a: Corviknight|Corviknight, M|75/100|[from]move: U-turn
|-ability|p1a: Corviknight|Pressure
|move|p2a: Rhyperior|Stone Edge|p1a: Corviknight
|-damage|p1a: Corviknight|45/100
|
|-heal|p2a: Rhyperior|28/100|[from] item: Leftovers
|upkeep
|turn|37
|
|t:|1653755195
|move|p1a: Corviknight|Roost|p1a: Corviknight
|-heal|p1a: Corviknight|95/100
|-singleturn|p1a: Corviknight|move: Roost
|move|p2a: Rhyperior|Earthquake|p1a: Corviknight
|-supereffective|p1a: Corviknight
|-damage|p1a: Corviknight|36/100
|
|-heal|p2a: Rhyperior|34/100|[from] item: Leftovers
|upkeep
|turn|38
|
|t:|1653755201
|switch|p2a: Talonflame|Talonflame, F|100/100
|move|p1a: Corviknight|Body Press|p2a: Talonflame
|-resisted|p2a: Talonflame
|-damage|p2a: Talonflame|84/100
|
|upkeep
|turn|39
|
|t:|1653755206
|switch|p1a: Landorus|Landorus-Therian, M|100/100
|-ability|p1a: Landorus|Intimidate|boost
|-unboost|p2a: Talonflame|atk|1
|move|p2a: Talonflame|Will-O-Wisp|p1a: Landorus
|-status|p1a: Landorus|brn
|
|-damage|p1a: Landorus|94/100 brn|[from] brn
|-fieldend|move: Electric Terrain
|upkeep
|turn|40
|
|t:|1653755215
|switch|p2a: Tornadus|Tornadus-Therian, M|100/100
|move|p1a: Landorus|Stealth Rock|p2a: Tornadus
|-sidestart|p2: Bunch24|move: Stealth Rock
|
|-heal|p1a: Landorus|100/100 brn|[from] item: Leftovers
|-damage|p1a: Landorus|94/100 brn|[from] brn
|upkeep
|turn|41
|
|t:|1653755219
|move|p2a: Tornadus|Knock Off|p1a: Landorus
|-damage|p1a: Landorus|75/100 brn
|-enditem|p1a: Landorus|Leftovers|[from] move: Knock Off|[of] p2a: Tornadus
|move|p1a: Landorus|Toxic|p2a: Tornadus
|-status|p2a: Tornadus|tox
|
|-damage|p2a: Tornadus|94/100 tox|[from] psn
|-damage|p1a: Landorus|69/100 brn|[from] brn
|upkeep
|turn|42
|
|t:|1653755221
|move|p2a: Tornadus|Defog|p1a: Landorus
|-unboost|p1a: Landorus|evasion|1
|-sideend|p2: Bunch24|Stealth Rock|[from] move: Defog|[of] p2a: Tornadus
|move|p1a: Landorus|U-turn|p2a: Tornadus
|-resisted|p2a: Tornadus
|-damage|p2a: Tornadus|90/100 tox
|
|t:|1653755224
|switch|p1a: Tapu Koko|Tapu Koko|76/100|[from]move: U-turn
|-fieldstart|move: Electric Terrain|[from] ability: Electric Surge|[of] p1a: Tapu Koko
|
|-damage|p2a: Tornadus|78/100 tox|[from] psn
|upkeep
|turn|43
|
|t:|1653755233
|switch|p2a: Rhyperior|Rhyperior, F|34/100
|move|p1a: Tapu Koko|Dazzling Gleam|p2a: Rhyperior
|-damage|p2a: Rhyperior|5/100
|
|-heal|p2a: Rhyperior|11/100|[from] item: Leftovers
|upkeep
|turn|44
|
|t:|1653755241
|move|p1a: Tapu Koko|Dazzling Gleam|p2a: Rhyperior
|-damage|p2a: Rhyperior|0 fnt
|faint|p2a: Rhyperior
|
|upkeep
|
|t:|1653755249
|switch|p2a: Hydreigon|Hydreigon, M|100/100
|turn|45
|
|t:|1653755256
|move|p2a: Hydreigon|U-turn|p1a: Tapu Koko
|-resisted|p1a: Tapu Koko
|-damage|p1a: Tapu Koko|65/100
|
|t:|1653755259
|switch|p2a: Toxapex|Toxapex, F|69/100|[from]move: U-turn
|move|p1a: Tapu Koko|Dazzling Gleam|p2a: Toxapex
|-resisted|p2a: Toxapex
|-damage|p2a: Toxapex|56/100
|
|upkeep
|turn|46
|
|t:|1653755265
|switch|p2a: Tornadus|Tornadus-Therian, M|100/100 tox
|move|p1a: Tapu Koko|Thunderbolt|p2a: Tornadus
|-supereffective|p2a: Tornadus
|-damage|p2a: Tornadus|0 fnt
|faint|p2a: Tornadus
|
|-fieldend|move: Electric Terrain
|upkeep
|
|t:|1653755267
|switch|p2a: Hydreigon|Hydreigon, M|100/100
|turn|47
|
|t:|1653755273
|move|p2a: Hydreigon|U-turn|p1a: Tapu Koko
|-resisted|p1a: Tapu Koko
|-damage|p1a: Tapu Koko|55/100
|
|t:|1653755275
|switch|p2a: Toxapex|Toxapex, F|89/100|[from]move: U-turn
|move|p1a: Tapu Koko|Dazzling Gleam|p2a: Toxapex
|-resisted|p2a: Toxapex
|-damage|p2a: Toxapex|75/100
|
|upkeep
|turn|48
|
|t:|1653755279
|switch|p1a: Slowking|Slowking-Galar, M|35/100
|move|p2a: Toxapex|Toxic|p1a: Slowking
|-immune|p1a: Slowking
|
|upkeep
|turn|49
|
|t:|1653755284
|switch|p2a: Talonflame|Talonflame, F|84/100
|move|p1a: Slowking|Future Sight|p2a: Talonflame
|-start|p1a: Slowking|move: Future Sight
|
|upkeep
|turn|50
|l| Jddjdurur
|
|t:|1653755289
|switch|p1a: Landorus|Landorus-Therian, M|69/100 brn
|-ability|p1a: Landorus|Intimidate|boost
|-unboost|p2a: Talonflame|atk|1
|move|p2a: Talonflame|Brave Bird|p1a: Landorus
|-damage|p1a: Landorus|47/100 brn
|-damage|p2a: Talonflame|77/100|[from] Recoil
|
|-damage|p1a: Landorus|41/100 brn|[from] brn
|upkeep
|turn|51
|
|t:|1653755294
|move|p2a: Talonflame|Brave Bird|p1a: Landorus
|-damage|p1a: Landorus|18/100 brn
|-damage|p2a: Talonflame|68/100|[from] Recoil
|move|p1a: Landorus|Toxic|p2a: Talonflame
|-status|p2a: Talonflame|tox
|
|-end|p2a: Talonflame|move: Future Sight
|-damage|p2a: Talonflame|12/100 tox
|-damage|p2a: Talonflame|6/100 tox|[from] psn
|-damage|p1a: Landorus|12/100 brn|[from] brn
|upkeep
|turn|52
|
|t:|1653755299
|move|p2a: Talonflame|Brave Bird|p1a: Landorus
|-damage|p1a: Landorus|0 fnt
|faint|p1a: Landorus
|-damage|p2a: Talonflame|2/100 tox|[from] Recoil
|
|-damage|p2a: Talonflame|0 fnt|[from] psn
|faint|p2a: Talonflame
|upkeep
|
|t:|1653755303
|switch|p2a: Hydreigon|Hydreigon, M|100/100
|switch|p1a: Tapu Koko|Tapu Koko|55/100
|-fieldstart|move: Electric Terrain|[from] ability: Electric Surge|[of] p1a: Tapu Koko
|turn|53
|
|t:|1653755306
|move|p2a: Hydreigon|Dark Pulse|p1a: Tapu Koko
|-resisted|p1a: Tapu Koko
|-damage|p1a: Tapu Koko|23/100
|move|p1a: Tapu Koko|Thunderbolt|p2a: Hydreigon
|-resisted|p2a: Hydreigon
|-damage|p2a: Hydreigon|73/100
|
|upkeep
|turn|54
|
|t:|1653755311
|switch|p1a: Urshifu|Urshifu-Rapid-Strike, M|100/100
|move|p2a: Hydreigon|Dark Pulse|p1a: Urshifu
|-resisted|p1a: Urshifu
|-damage|p1a: Urshifu|70/100
|
|upkeep
|turn|55
|
|t:|1653755316
|switch|p2a: Toxapex|Toxapex, F|100/100
|move|p1a: Urshifu|U-turn|p2a: Toxapex
|-resisted|p2a: Toxapex
|-damage|p2a: Toxapex|90/100
|
|t:|1653755318
|switch|p1a: Tapu Koko|Tapu Koko|23/100|[from]move: U-turn
|
|upkeep
|turn|56
|
|t:|1653755320
|move|p1a: Tapu Koko|Roost|p1a: Tapu Koko
|-heal|p1a: Tapu Koko|73/100
|-singleturn|p1a: Tapu Koko|move: Roost
|move|p2a: Toxapex|Toxic|p1a: Tapu Koko
|-status|p1a: Tapu Koko|tox
|
|-damage|p1a: Tapu Koko|67/100 tox|[from] psn
|upkeep
|turn|57
|
|t:|1653755325
|move|p1a: Tapu Koko|Thunderbolt|p2a: Toxapex
|-supereffective|p2a: Toxapex
|-damage|p2a: Toxapex|10/100
|move|p2a: Toxapex|Recover|p2a: Toxapex
|-heal|p2a: Toxapex|60/100
|
|-damage|p1a: Tapu Koko|55/100 tox|[from] psn
|-fieldend|move: Electric Terrain
|upkeep
|turn|58
|
|t:|1653755330
|switch|p2a: Hydreigon|Hydreigon, M|73/100
|move|p1a: Tapu Koko|Roost|p1a: Tapu Koko
|-heal|p1a: Tapu Koko|100/100 tox
|-singleturn|p1a: Tapu Koko|move: Roost
|
|-damage|p1a: Tapu Koko|82/100 tox|[from] psn
|upkeep
|turn|59
|
|t:|1653755334
|move|p2a: Hydreigon|U-turn|p1a: Tapu Koko
|-resisted|p1a: Tapu Koko
|-damage|p1a: Tapu Koko|71/100 tox
|
|t:|1653755335
|switch|p2a: Toxapex|Toxapex, F|93/100|[from]move: U-turn
|move|p1a: Tapu Koko|Dazzling Gleam|p2a: Toxapex
|-resisted|p2a: Toxapex
|-damage|p2a: Toxapex|80/100
|
|-damage|p1a: Tapu Koko|47/100 tox|[from] psn
|upkeep
|turn|60
|
|t:|1653755341
|move|p1a: Tapu Koko|U-turn|p2a: Toxapex
|-resisted|p2a: Toxapex
|-damage|p2a: Toxapex|75/100
|
|t:|1653755344
|switch|p1a: Slowking|Slowking-Galar, M|68/100|[from]move: U-turn
|move|p2a: Toxapex|Scald|p1a: Slowking
|-damage|p1a: Slowking|60/100
|
|upkeep
|turn|61
|
|t:|1653755348
|move|p2a: Toxapex|Scald|p1a: Slowking
|-damage|p1a: Slowking|53/100
|move|p1a: Slowking|Future Sight|p2a: Toxapex
|-start|p1a: Slowking|move: Future Sight
|
|upkeep
|turn|62
|
|t:|1653755353
|switch|p2a: Hydreigon|Hydreigon, M|73/100
|move|p1a: Slowking|Sludge Bomb|p2a: Hydreigon
|-damage|p2a: Hydreigon|32/100
|
|upkeep
|turn|63
|j| Ks aisusus
|
|t:|1653755359
|move|p2a: Hydreigon|Dark Pulse|p1a: Slowking
|-supereffective|p1a: Slowking
|-damage|p1a: Slowking|18/100
|move|p1a: Slowking|Sludge Bomb|p2a: Hydreigon
|-damage|p2a: Hydreigon|0 fnt
|faint|p2a: Hydreigon
|
|-hint|Future Sight did not hit because the target is fainted.
|upkeep
|
|t:|1653755362
|switch|p2a: Toxapex|Toxapex, F|100/100
|turn|64
|
|t:|1653755364
|move|p2a: Toxapex|Scald|p1a: Slowking
|-damage|p1a: Slowking|11/100
|move|p1a: Slowking|Future Sight|p2a: Toxapex
|-start|p1a: Slowking|move: Future Sight
|
|upkeep
|turn|65
|
|t:|1653755368
|move|p2a: Toxapex|Scald|p1a: Slowking
|-damage|p1a: Slowking|4/100
|move|p1a: Slowking|Earthquake|p2a: Toxapex
|-supereffective|p2a: Toxapex
|-damage|p2a: Toxapex|81/100
|
|upkeep
|turn|66
|
|t:|1653755373
|switch|p1a: Urshifu|Urshifu-Rapid-Strike, M|70/100
|move|p2a: Toxapex|Scald|p1a: Urshifu
|-resisted|p1a: Urshifu
|-damage|p1a: Urshifu|58/100
|
|-end|p2a: Toxapex|move: Future Sight
|-supereffective|p2a: Toxapex
|-damage|p2a: Toxapex|1/100
|upkeep
|turn|67
|
|t:|1653755376
|move|p1a: Urshifu|Aqua Jet|p2a: Toxapex
|-resisted|p2a: Toxapex
|-damage|p2a: Toxapex|0 fnt
|faint|p2a: Toxapex
|
|win|Nearexx
|raw|Nearexx's rating: 1706 &rarr; <strong>1724</strong><br />(+18 for winning)
|raw|Bunch24's rating: 1674 &rarr; <strong>1656</strong><br />(-18 for losing)
|l|☆Nearexx
