|j|☆YUNG TOASTER BREAD
|j|☆dealtests
|t:|1640548126
|gametype|singles
|player|p1|YUNG TOASTER BREAD|byron|1677
|player|p2|dealtests|unknown|1807
|teamsize|p1|6
|teamsize|p2|6
|gen|8
|tier|[Gen 8] OU
|rated|
|rule|Sleep Clause Mod: Limit one foe put to sleep
|rule|Species Clause: Limit one of each Pokémon
|rule|OHKO Clause: OHKO moves are banned
|rule|Evasion Moves Clause: Evasion moves are banned
|rule|Endless Battle Clause: Forcing endless battles is banned
|rule|HP Percentage Mod: HP is shown in percentages
|rule|Dynamax Clause: You cannot dynamax
|clearpoke
|poke|p1|Melmetal|
|poke|p1|Rotom-Wash|
|poke|p1|Landorus-Therian, M|
|poke|p1|Crawdaunt, M|
|poke|p1|Latios, M|
|poke|p1|Blissey, F|
|poke|p2|Corviknight, M|
|poke|p2|Toxapex, F|
|poke|p2|Mandibuzz, F|
|poke|p2|Clefable, F|
|poke|p2|Blissey, F|
|poke|p2|Quagsire, F|
|teampreview
|inactive|Battle timer is ON: inactive players will automatically lose when time's up. (requested by dealtests)
|
|t:|1640548146
|start
|switch|p1a: Melmetal|Melmetal|100/100
|switch|p2a: scarlett jo|Clefable, F|100/100
|turn|1
|
|t:|1640548156
|switch|p2a: johnny sins|Corviknight, M, shiny|100/100
|-ability|p2a: johnny sins|Pressure
|move|p1a: Melmetal|Thunder Wave|p2a: johnny sins
|-status|p2a: johnny sins|par
|
|upkeep
|turn|2
|
|t:|1640548159
|move|p1a: Melmetal|Thunder Punch|p2a: johnny sins
|-supereffective|p2a: johnny sins
|-damage|p2a: johnny sins|54/100 par
|cant|p2a: johnny sins|par
|
|upkeep
|turn|3
|
|t:|1640548165
|switch|p2a: charli|Quagsire, F, shiny|100/100
|move|p1a: Melmetal|Double Iron Bash|p2a: charli
|-resisted|p2a: charli
|-damage|p2a: charli|81/100
|-resisted|p2a: charli
|-damage|p2a: charli|58/100
|-hitcount|p2a: charli|2
|
|-heal|p2a: charli|64/100|[from] item: Leftovers
|upkeep
|turn|4
|
|t:|1640548188
|move|p1a: Melmetal|Double Iron Bash|p2a: charli
|-resisted|p2a: charli
|-damage|p2a: charli|43/100
|-resisted|p2a: charli
|-damage|p2a: charli|22/100
|-hitcount|p2a: charli|2
|cant|p2a: charli|flinch
|
|-heal|p2a: charli|28/100|[from] item: Leftovers
|upkeep
|turn|5
|
|t:|1640548199
|switch|p2a: johnny sins|Corviknight, M, shiny|54/100 par
|-ability|p2a: johnny sins|Pressure
|move|p1a: Melmetal|Superpower|p2a: johnny sins
|-damage|p2a: johnny sins|24/100 par
|-unboost|p1a: Melmetal|atk|1
|-unboost|p1a: Melmetal|def|1
|
|upkeep
|turn|6
|j| Jokari
|
|t:|1640548208
|switch|p2a: charli|Quagsire, F, shiny|28/100
|move|p1a: Melmetal|Thunder Punch|p2a: charli
|-immune|p2a: charli
|
|-heal|p2a: charli|34/100|[from] item: Leftovers
|upkeep
|turn|7
|
|t:|1640548212
|switch|p2a: johnny sins|Corviknight, M, shiny|24/100 par
|-ability|p2a: johnny sins|Pressure
|move|p1a: Melmetal|Superpower|p2a: johnny sins
|-damage|p2a: johnny sins|6/100 par
|-unboost|p1a: Melmetal|atk|1
|-unboost|p1a: Melmetal|def|1
|
|upkeep
|turn|8
|
|t:|1640548224
|move|p1a: Melmetal|Double Iron Bash|p2a: johnny sins
|-resisted|p2a: johnny sins
|-damage|p2a: johnny sins|0 fnt
|faint|p2a: johnny sins
|-hitcount|p2: johnny sins|1
|
|upkeep
|
|t:|1640548227
|switch|p2a: mia khalifa|Mandibuzz, F, shiny|100/100
|turn|9
|
|t:|1640548235
|switch|p1a: Rotom|Rotom-Wash|100/100
|move|p2a: mia khalifa|Knock Off|p1a: Rotom
|-damage|p1a: Rotom|67/100
|-enditem|p1a: Rotom|Leftovers|[from] move: Knock Off|[of] p2a: mia khalifa
|
|upkeep
|turn|10
|
|t:|1640548241
|move|p1a: Rotom|Volt Switch|p2a: mia khalifa
|-supereffective|p2a: mia khalifa
|-damage|p2a: mia khalifa|46/100
|
|t:|1640548246
|switch|p1a: Landorus|Landorus-Therian, M|100/100|[from]move: Volt Switch
|-ability|p1a: Landorus|Intimidate|boost
|-unboost|p2a: mia khalifa|atk|1
|move|p2a: mia khalifa|Toxic|p1a: Landorus
|-status|p1a: Landorus|tox
|
|-damage|p1a: Landorus|94/100 tox|[from] psn
|upkeep
|turn|11
|
|t:|1640548252
|move|p1a: Landorus|Stealth Rock|p2a: mia khalifa
|-sidestart|p2: dealtests|move: Stealth Rock
|move|p2a: mia khalifa|Roost|p2a: mia khalifa
|-heal|p2a: mia khalifa|96/100
|-singleturn|p2a: mia khalifa|move: Roost
|
|-damage|p1a: Landorus|82/100 tox|[from] psn
|upkeep
|turn|12
|
|t:|1640548255
|switch|p2a: scarlett jo|Clefable, F|100/100
|move|p1a: Landorus|U-turn|p2a: scarlett jo
|-resisted|p2a: scarlett jo
|-damage|p2a: scarlett jo|92/100
|
|t:|1640548260
|switch|p1a: Melmetal|Melmetal|100/100|[from]move: U-turn
|
|upkeep
|turn|13
|
|t:|1640548269
|move|p1a: Melmetal|Double Iron Bash|p2a: scarlett jo
|-supereffective|p2a: scarlett jo
|-damage|p2a: scarlett jo|18/100
|-supereffective|p2a: scarlett jo
|-damage|p2a: scarlett jo|0 fnt
|faint|p2a: scarlett jo
|-hitcount|p2: scarlett jo|2
|
|upkeep
|
|t:|1640548271
|switch|p2a: your mom|Toxapex, F, shiny|100/100
|-damage|p2a: your mom|88/100|[from] Stealth Rock
|turn|14
|-message|dealtests forfeited.
|
|win|YUNG TOASTER BREAD
|raw|YUNG TOASTER BREAD's rating: 1677 &rarr; <strong>1704</strong><br />(+27 for winning)
|raw|dealtests's rating: 1807 &rarr; <strong>1780</strong><br />(-27 for losing)
|l|☆dealtests
