|raw|<div class="broadcast-blue"><strong>This battle is required to be public due to a player having a name starting with 'lt92pf'.</div>
|j|☆Coach Jones 6fifth
|j|☆LT92PF Lio
|t:|1659825497
|gametype|singles
|player|p1|Coach Jones 6fifth|lusamine-nihilego|1807
|player|p2|LT92PF Lio|2|1737
|teamsize|p1|6
|teamsize|p2|6
|gen|8
|tier|[Gen 8] OU
|rated|
|rule|Sleep Clause Mod: Limit one foe put to sleep
|rule|Species Clause: Limit one of each Pokémon
|rule|OHKO Clause: OHKO moves are banned
|rule|Evasion Items Clause: Evasion items are banned
|rule|Evasion Moves Clause: Evasion moves are banned
|rule|Endless Battle Clause: Forcing endless battles is banned
|rule|HP Percentage Mod: HP is shown in percentages
|rule|Dynamax Clause: You cannot dynamax
|clearpoke
|poke|p1|Zapdos|
|poke|p1|Melmetal|
|poke|p1|Blacephalon|
|poke|p1|Tapu Lele|
|poke|p1|Urshifu-*, M|
|poke|p1|Landorus-Therian, M|
|poke|p2|Clefable, M|
|poke|p2|Gastrodon, F|
|poke|p2|Marowak-Alola, F|
|poke|p2|Dragapult, M|
|poke|p2|Corviknight, F|
|poke|p2|Toxapex, F|
|teampreview
|
|t:|1659825509
|start
|switch|p1a: live|Tapu Lele|100/100
|switch|p2a: Clefable|Clefable, M|100/100
|-fieldstart|move: Psychic Terrain|[from] ability: Psychic Surge|[of] p1a: live
|turn|1
|
|t:|1659825512
|switch|p1a: Melmetal|Melmetal|100/100
|move|p2a: Clefable|Knock Off|p1a: Melmetal
|-damage|p1a: Melmetal|92/100
|-enditem|p1a: Melmetal|Assault Vest|[from] move: Knock Off|[of] p2a: Clefable
|
|upkeep
|turn|2
|
|t:|1659825519
|switch|p2a: Corviknight|Corviknight, F|100/100
|-ability|p2a: Corviknight|Pressure
|move|p1a: Melmetal|Double Iron Bash|p2a: Corviknight
|-resisted|p2a: Corviknight
|-damage|p2a: Corviknight|88/100
|-resisted|p2a: Corviknight
|-damage|p2a: Corviknight|76/100
|-hitcount|p2a: Corviknight|2
|
|-heal|p2a: Corviknight|82/100|[from] item: Leftovers
|upkeep
|turn|3
|
|t:|1659825522
|switch|p1a: Standorus-T|Landorus-Therian, M, shiny|100/100
|-ability|p1a: Standorus-T|Intimidate|boost
|-unboost|p2a: Corviknight|atk|1
|move|p2a: Corviknight|U-turn|p1a: Standorus-T
|-resisted|p1a: Standorus-T
|-damage|p1a: Standorus-T|97/100
|j| chokst du
|
|t:|1659825524
|switch|p2a: Clefable|Clefable, M|100/100|[from]move: U-turn
|
|-heal|p1a: Standorus-T|100/100|[from] item: Leftovers
|upkeep
|turn|4
|
|t:|1659825529
|switch|p1a: Melmetal|Melmetal|92/100
|move|p2a: Clefable|Stealth Rock|p1a: Melmetal
|-sidestart|p1: Coach Jones 6fifth|move: Stealth Rock
|
|upkeep
|turn|5
|
|t:|1659825532
|switch|p2a: Corviknight|Corviknight, F|82/100
|-ability|p2a: Corviknight|Pressure
|switch|p1a: Standorus-T|Landorus-Therian, M, shiny|100/100
|-damage|p1a: Standorus-T|88/100|[from] Stealth Rock
|-ability|p1a: Standorus-T|Intimidate|boost
|-unboost|p2a: Corviknight|atk|1
|
|-heal|p1a: Standorus-T|94/100|[from] item: Leftovers
|-heal|p2a: Corviknight|88/100|[from] item: Leftovers
|-fieldend|move: Psychic Terrain
|upkeep
|turn|6
|
|t:|1659825536
|move|p1a: Standorus-T|Stealth Rock|p2a: Corviknight
|-sidestart|p2: LT92PF Lio|move: Stealth Rock
|move|p2a: Corviknight|U-turn|p1a: Standorus-T
|-resisted|p1a: Standorus-T
|-damage|p1a: Standorus-T|91/100
|
|t:|1659825539
|switch|p2a: Clefable|Clefable, M|100/100|[from]move: U-turn
|
|-heal|p1a: Standorus-T|97/100|[from] item: Leftovers
|upkeep
|turn|7
|
|t:|1659825542
|switch|p1a: Melmetal|Melmetal|92/100
|-damage|p1a: Melmetal|86/100|[from] Stealth Rock
|move|p2a: Clefable|Knock Off|p1a: Melmetal
|-damage|p1a: Melmetal|81/100
|
|upkeep
|turn|8
|
|t:|1659825545
|switch|p2a: Corviknight|Corviknight, F|88/100
|-damage|p2a: Corviknight|76/100|[from] Stealth Rock
|-ability|p2a: Corviknight|Pressure
|move|p1a: Melmetal|Double Iron Bash|p2a: Corviknight
|-resisted|p2a: Corviknight
|-damage|p2a: Corviknight|64/100
|-resisted|p2a: Corviknight
|-damage|p2a: Corviknight|52/100
|-hitcount|p2a: Corviknight|2
|
|-heal|p2a: Corviknight|58/100|[from] item: Leftovers
|upkeep
|turn|9
|
|t:|1659825547
|switch|p1a: Standorus-T|Landorus-Therian, M, shiny|97/100
|-damage|p1a: Standorus-T|84/100|[from] Stealth Rock
|-ability|p1a: Standorus-T|Intimidate|boost
|-unboost|p2a: Corviknight|atk|1
|move|p2a: Corviknight|Roost|p2a: Corviknight
|-heal|p2a: Corviknight|100/100
|-singleturn|p2a: Corviknight|move: Roost
|
|-heal|p1a: Standorus-T|90/100|[from] item: Leftovers
|upkeep
|turn|10
|
|t:|1659825550
|move|p1a: Standorus-T|Knock Off|p2a: Corviknight
|-damage|p2a: Corviknight|82/100
|-enditem|p2a: Corviknight|Leftovers|[from] move: Knock Off|[of] p1a: Standorus-T
|move|p2a: Corviknight|U-turn|p1a: Standorus-T
|-resisted|p1a: Standorus-T
|-damage|p1a: Standorus-T|87/100
|j| LT92PF Black Lotus
|
|t:|1659825554
|switch|p2a: Clefable|Clefable, M|100/100|[from]move: U-turn
|
|-heal|p1a: Standorus-T|93/100|[from] item: Leftovers
|upkeep
|turn|11
|
|t:|1659825558
|move|p1a: Standorus-T|Knock Off|p2a: Clefable
|-resisted|p2a: Clefable
|-crit|p2a: Clefable
|-damage|p2a: Clefable|79/100
|-enditem|p2a: Clefable|Leftovers|[from] move: Knock Off|[of] p1a: Standorus-T
|move|p2a: Clefable|Knock Off|p1a: Standorus-T
|-damage|p1a: Standorus-T|82/100
|-enditem|p1a: Standorus-T|Leftovers|[from] move: Knock Off|[of] p2a: Clefable
|
|upkeep
|turn|12
|
|t:|1659825561
|move|p1a: Standorus-T|Earthquake|p2a: Clefable
|-damage|p2a: Clefable|37/100
|move|p2a: Clefable|Soft-Boiled|p2a: Clefable
|-heal|p2a: Clefable|87/100
|
|upkeep
|turn|13
|
|t:|1659825563
|move|p1a: Standorus-T|Earthquake|p2a: Clefable
|-damage|p2a: Clefable|48/100
|move|p2a: Clefable|Soft-Boiled|p2a: Clefable
|-heal|p2a: Clefable|98/100
|
|upkeep
|turn|14
|j| Lt92pf addicted
|
|t:|1659825566
|move|p1a: Standorus-T|Earthquake|p2a: Clefable
|-damage|p2a: Clefable|53/100
|move|p2a: Clefable|Moonblast|p1a: Standorus-T
|-damage|p1a: Standorus-T|51/100
|-unboost|p1a: Standorus-T|spa|1
|
|upkeep
|turn|15
|
|t:|1659825568
|move|p1a: Standorus-T|Earthquake|p2a: Clefable
|-damage|p2a: Clefable|10/100
|move|p2a: Clefable|Soft-Boiled|p2a: Clefable
|-heal|p2a: Clefable|60/100
|
|upkeep
|turn|16
|
|t:|1659825570
|move|p1a: Standorus-T|Earthquake|p2a: Clefable
|-damage|p2a: Clefable|21/100
|move|p2a: Clefable|Soft-Boiled|p2a: Clefable
|-heal|p2a: Clefable|71/100
|
|upkeep
|turn|17
|
|t:|1659825573
|move|p1a: Standorus-T|Earthquake|p2a: Clefable
|-damage|p2a: Clefable|29/100
|move|p2a: Clefable|Soft-Boiled|p2a: Clefable
|-heal|p2a: Clefable|79/100
|
|upkeep
|turn|18
|
|t:|1659825576
|move|p1a: Standorus-T|Earthquake|p2a: Clefable
|-damage|p2a: Clefable|40/100
|move|p2a: Clefable|Soft-Boiled|p2a: Clefable
|-heal|p2a: Clefable|90/100
|
|upkeep
|turn|19
|
|t:|1659825578
|move|p1a: Standorus-T|U-turn|p2a: Clefable
|-resisted|p2a: Clefable
|-damage|p2a: Clefable|80/100
|
|t:|1659825580
|switch|p1a: Melmetal|Melmetal|81/100|[from]move: U-turn
|-damage|p1a: Melmetal|74/100|[from] Stealth Rock
|move|p2a: Clefable|Soft-Boiled|p2a: Clefable
|-heal|p2a: Clefable|100/100
|
|upkeep
|turn|20
|
|t:|1659825586
|switch|p2a: Corviknight|Corviknight, F|82/100
|-damage|p2a: Corviknight|70/100|[from] Stealth Rock
|-ability|p2a: Corviknight|Pressure
|switch|p1a: live|Tapu Lele|100/100
|-damage|p1a: live|88/100|[from] Stealth Rock
|-fieldstart|move: Psychic Terrain|[from] ability: Psychic Surge|[of] p1a: live
|
|upkeep
|turn|21
|
|t:|1659825589
|move|p1a: live|Thunderbolt|p2a: Corviknight
|-supereffective|p2a: Corviknight
|-damage|p2a: Corviknight|0 fnt
|faint|p2a: Corviknight
|
|upkeep
|
|t:|1659825593
|switch|p2a: Dragapult|Dragapult, M|100/100
|-damage|p2a: Dragapult|88/100|[from] Stealth Rock
|turn|22
|j| LT92PF rej
|
|t:|1659825599
|switch|p1a: Standorus-T|Landorus-Therian, M, shiny|51/100
|-damage|p1a: Standorus-T|39/100|[from] Stealth Rock
|-ability|p1a: Standorus-T|Intimidate|boost
|-unboost|p2a: Dragapult|atk|1
|move|p2a: Dragapult|Shadow Ball|p1a: Standorus-T
|-damage|p1a: Standorus-T|0 fnt
|faint|p1a: Standorus-T
|
|upkeep
|
|t:|1659825607
|switch|p1a: Headshot|Blacephalon, shiny|100/100
|-damage|p1a: Headshot|76/100|[from] Stealth Rock
|turn|23
|
|t:|1659825612
|switch|p2a: Gastrodon|Gastrodon, F|100/100
|-damage|p2a: Gastrodon|94/100|[from] Stealth Rock
|move|p1a: Headshot|Shadow Ball|p2a: Gastrodon
|-damage|p2a: Gastrodon|61/100
|
|-heal|p2a: Gastrodon|67/100|[from] item: Leftovers
|upkeep
|turn|24
|
|t:|1659825614
|switch|p1a: Urshifu|Urshifu-Rapid-Strike, M|100/100
|-damage|p1a: Urshifu|94/100|[from] Stealth Rock
|move|p2a: Gastrodon|Recover|p2a: Gastrodon
|-heal|p2a: Gastrodon|100/100
|
|-fieldend|move: Psychic Terrain
|upkeep
|turn|25
|
|t:|1659825617
|switch|p2a: Toxapex|Toxapex, F|100/100
|-damage|p2a: Toxapex|88/100|[from] Stealth Rock
|move|p1a: Urshifu|U-turn|p2a: Toxapex
|-resisted|p2a: Toxapex
|-damage|p2a: Toxapex|77/100
|-damage|p1a: Urshifu|78/100|[from] item: Rocky Helmet|[of] p2a: Toxapex
|
|t:|1659825619
|switch|p1a: live|Tapu Lele|88/100|[from]move: U-turn
|-damage|p1a: live|76/100|[from] Stealth Rock
|-fieldstart|move: Psychic Terrain|[from] ability: Psychic Surge|[of] p1a: live
|
|upkeep
|turn|26
|
|t:|1659825623
|switch|p2a: Marowak|Marowak-Alola, F|100/100
|-damage|p2a: Marowak|76/100|[from] Stealth Rock
|move|p1a: live|Psyshock|p2a: Marowak
|-damage|p2a: Marowak|0 fnt
|faint|p2a: Marowak
|
|upkeep
|
|t:|1659825626
|switch|p2a: Dragapult|Dragapult, M|88/100
|-damage|p2a: Dragapult|76/100|[from] Stealth Rock
|turn|27
|
|t:|1659825631
|switch|p1a: Melmetal|Melmetal|74/100
|-damage|p1a: Melmetal|68/100|[from] Stealth Rock
|move|p2a: Dragapult|Shadow Ball|p1a: Melmetal
|-crit|p1a: Melmetal
|-damage|p1a: Melmetal|10/100
|
|upkeep
|turn|28
|
|t:|1659825634
|move|p2a: Dragapult|Shadow Ball|p1a: Melmetal
|-damage|p1a: Melmetal|0 fnt
|faint|p1a: Melmetal
|
|upkeep
|
|t:|1659825635
|switch|p1a: Zapdos|Zapdos|100/100
|turn|29
|
|t:|1659825639
|switch|p2a: Gastrodon|Gastrodon, F|100/100
|-damage|p2a: Gastrodon|94/100|[from] Stealth Rock
|move|p1a: Zapdos|Hurricane|p2a: Gastrodon
|-damage|p2a: Gastrodon|65/100
|
|-heal|p2a: Gastrodon|71/100|[from] item: Leftovers
|-fieldend|move: Psychic Terrain
|upkeep
|turn|30
|
|t:|1659825641
|switch|p1a: live|Tapu Lele|76/100
|-damage|p1a: live|63/100|[from] Stealth Rock
|-fieldstart|move: Psychic Terrain|[from] ability: Psychic Surge|[of] p1a: live
|move|p2a: Gastrodon|Toxic|p1a: live
|-status|p1a: live|tox
|
|-heal|p2a: Gastrodon|77/100|[from] item: Leftovers
|-damage|p1a: live|57/100 tox|[from] psn
|upkeep
|turn|31
|
|t:|1659825647
|switch|p2a: Clefable|Clefable, M|100/100
|move|p1a: live|Psyshock|p2a: Clefable
|-damage|p2a: Clefable|25/100
|
|-damage|p1a: live|45/100 tox|[from] psn
|upkeep
|turn|32
|
|t:|1659825649
|move|p1a: live|Psyshock|p2a: Clefable
|-damage|p2a: Clefable|0 fnt
|faint|p2a: Clefable
|
|-damage|p1a: live|27/100 tox|[from] psn
|upkeep
|
|t:|1659825652
|switch|p2a: Dragapult|Dragapult, M|76/100
|-damage|p2a: Dragapult|64/100|[from] Stealth Rock
|turn|33
|
|t:|1659825709
|switch|p1a: Headshot|Blacephalon, shiny|76/100
|-damage|p1a: Headshot|51/100|[from] Stealth Rock
|move|p2a: Dragapult|Shadow Ball|p1a: Headshot
|-supereffective|p1a: Headshot
|-damage|p1a: Headshot|0 fnt
|faint|p1a: Headshot
|
|upkeep
|
|t:|1659825711
|switch|p1a: Zapdos|Zapdos|100/100
|turn|34
|
|t:|1659825715
|switch|p2a: Gastrodon|Gastrodon, F|77/100
|-damage|p2a: Gastrodon|71/100|[from] Stealth Rock
|move|p1a: Zapdos|Hurricane|p2a: Gastrodon|[miss]
|-miss|p1a: Zapdos|p2a: Gastrodon
|
|-heal|p2a: Gastrodon|77/100|[from] item: Leftovers
|-fieldend|move: Psychic Terrain
|upkeep
|turn|35
|
|t:|1659825719
|switch|p1a: Urshifu|Urshifu-Rapid-Strike, M|78/100
|-damage|p1a: Urshifu|72/100|[from] Stealth Rock
|move|p2a: Gastrodon|Scald|p1a: Urshifu
|-resisted|p1a: Urshifu
|-damage|p1a: Urshifu|53/100
|-status|p1a: Urshifu|brn
|
|-heal|p2a: Gastrodon|84/100|[from] item: Leftovers
|-damage|p1a: Urshifu|47/100 brn|[from] brn
|upkeep
|turn|36
|
|t:|1659825722
|move|p1a: Urshifu|Close Combat|p2a: Gastrodon
|-damage|p2a: Gastrodon|31/100
|-unboost|p1a: Urshifu|def|1
|-unboost|p1a: Urshifu|spd|1
|move|p2a: Gastrodon|Recover|p2a: Gastrodon
|-heal|p2a: Gastrodon|81/100
|
|-heal|p2a: Gastrodon|87/100|[from] item: Leftovers
|-damage|p1a: Urshifu|41/100 brn|[from] brn
|upkeep
|turn|37
|
|t:|1659825725
|switch|p1a: live|Tapu Lele|27/100 tox
|-damage|p1a: live|14/100 tox|[from] Stealth Rock
|-fieldstart|move: Psychic Terrain|[from] ability: Psychic Surge|[of] p1a: live
|move|p2a: Gastrodon|Recover|p2a: Gastrodon
|-heal|p2a: Gastrodon|100/100
|
|-damage|p1a: live|8/100 tox|[from] psn
|upkeep
|turn|38
|
|t:|1659825730
|switch|p2a: Toxapex|Toxapex, F|100/100
|-damage|p2a: Toxapex|88/100|[from] Stealth Rock
|move|p1a: live|Psyshock|p2a: Toxapex
|-supereffective|p2a: Toxapex
|-damage|p2a: Toxapex|0 fnt
|faint|p2a: Toxapex
|
|-damage|p1a: live|0 fnt|[from] psn
|faint|p1a: live
|upkeep
|
|t:|1659825736
|switch|p1a: Zapdos|Zapdos|100/100
|switch|p2a: Gastrodon|Gastrodon, F|100/100
|-damage|p2a: Gastrodon|94/100|[from] Stealth Rock
|turn|39
|
|t:|1659825738
|switch|p1a: Urshifu|Urshifu-Rapid-Strike, M|41/100 brn
|-damage|p1a: Urshifu|35/100 brn|[from] Stealth Rock
|move|p2a: Gastrodon|Toxic|p1a: Urshifu|[miss]
|-miss|p2a: Gastrodon|p1a: Urshifu
|
|-heal|p2a: Gastrodon|100/100|[from] item: Leftovers
|-damage|p1a: Urshifu|29/100 brn|[from] brn
|upkeep
|turn|40
|
|t:|1659825740
|move|p1a: Urshifu|Close Combat|p2a: Gastrodon
|-damage|p2a: Gastrodon|46/100
|-unboost|p1a: Urshifu|def|1
|-unboost|p1a: Urshifu|spd|1
|move|p2a: Gastrodon|Recover|p2a: Gastrodon
|-heal|p2a: Gastrodon|96/100
|
|-heal|p2a: Gastrodon|100/100|[from] item: Leftovers
|-damage|p1a: Urshifu|22/100 brn|[from] brn
|upkeep
|turn|41
|
|t:|1659825743
|move|p1a: Urshifu|Close Combat|p2a: Gastrodon
|-damage|p2a: Gastrodon|49/100
|-unboost|p1a: Urshifu|def|1
|-unboost|p1a: Urshifu|spd|1
|move|p2a: Gastrodon|Recover|p2a: Gastrodon
|-heal|p2a: Gastrodon|99/100
|
|-heal|p2a: Gastrodon|100/100|[from] item: Leftovers
|-damage|p1a: Urshifu|16/100 brn|[from] brn
|-fieldend|move: Psychic Terrain
|upkeep
|turn|42
|
|t:|1659825745
|move|p1a: Urshifu|Close Combat|p2a: Gastrodon
|-damage|p2a: Gastrodon|45/100
|-unboost|p1a: Urshifu|def|1
|-unboost|p1a: Urshifu|spd|1
|move|p2a: Gastrodon|Recover|p2a: Gastrodon
|-heal|p2a: Gastrodon|95/100
|
|-heal|p2a: Gastrodon|100/100|[from] item: Leftovers
|-damage|p1a: Urshifu|10/100 brn|[from] brn
|upkeep
|turn|43
|
|t:|1659825747
|move|p1a: Urshifu|Close Combat|p2a: Gastrodon
|-damage|p2a: Gastrodon|48/100
|-unboost|p1a: Urshifu|def|1
|-unboost|p1a: Urshifu|spd|1
|move|p2a: Gastrodon|Recover|p2a: Gastrodon
|-heal|p2a: Gastrodon|98/100
|
|-heal|p2a: Gastrodon|100/100|[from] item: Leftovers
|-damage|p1a: Urshifu|4/100 brn|[from] brn
|upkeep
|turn|44
|
|t:|1659825750
|move|p1a: Urshifu|Close Combat|p2a: Gastrodon
|-damage|p2a: Gastrodon|48/100
|-unboost|p1a: Urshifu|def|1
|-unboost|p1a: Urshifu|spd|1
|move|p2a: Gastrodon|Recover|p2a: Gastrodon
|-heal|p2a: Gastrodon|98/100
|
|-heal|p2a: Gastrodon|100/100|[from] item: Leftovers
|-damage|p1a: Urshifu|0 fnt|[from] brn
|faint|p1a: Urshifu
|upkeep
|
|t:|1659825752
|switch|p1a: Zapdos|Zapdos|100/100
|turn|45
|
|t:|1659825754
|move|p1a: Zapdos|Hurricane|p2a: Gastrodon
|-damage|p2a: Gastrodon|68/100
|-start|p2a: Gastrodon|confusion
|-activate|p2a: Gastrodon|confusion
|move|p2a: Gastrodon|Toxic|p1a: Zapdos
|-status|p1a: Zapdos|tox
|
|-heal|p2a: Gastrodon|74/100|[from] item: Leftovers
|-damage|p1a: Zapdos|94/100 tox|[from] psn
|upkeep
|turn|46
|
|t:|1659825756
|move|p1a: Zapdos|Hurricane|p2a: Gastrodon|[miss]
|-miss|p1a: Zapdos|p2a: Gastrodon
|-activate|p2a: Gastrodon|confusion
|move|p2a: Gastrodon|Recover|p2a: Gastrodon
|-heal|p2a: Gastrodon|100/100
|
|-damage|p1a: Zapdos|82/100 tox|[from] psn
|upkeep
|turn|47
|-message|Coach Jones 6fifth forfeited.
|
|win|LT92PF Lio
|raw|Coach Jones 6fifth's rating: 1807 &rarr; <strong>1783</strong><br />(-24 for losing)
|raw|LT92PF Lio's rating: 1737 &rarr; <strong>1761</strong><br />(+24 for winning)
|c|☆Coach Jones 6fifth|ggg
|c|☆Coach Jones 6fifth|g*
|c|☆Coach Jones 6fifth|g
|l|☆Coach Jones 6fifth
|c|☆LT92PF Lio|gg
||Ladder isn't responding, score probably updated but might not have (Request timeout).
