|j|☆Colonel Rivai
|j|☆GORAN EL DRACO
|t:|1649215835
|gametype|singles
|player|p1|Colonel Rivai|2|1682
|player|p2|GORAN EL DRACO|harlequin|1838
|teamsize|p1|6
|teamsize|p2|6
|gen|8
|tier|[Gen 8] OU
|rated|
|rule|Sleep Clause Mod: Limit one foe put to sleep
|rule|Species Clause: Limit one of each Pokémon
|rule|OHKO Clause: OHKO moves are banned
|rule|Evasion Moves Clause: Evasion moves are banned
|rule|Endless Battle Clause: Forcing endless battles is banned
|rule|HP Percentage Mod: HP is shown in percentages
|rule|Dynamax Clause: You cannot dynamax
|clearpoke
|poke|p1|Hydreigon, M|
|poke|p1|Kartana|
|poke|p1|Blacephalon|
|poke|p1|Landorus-Therian, M|
|poke|p1|Melmetal|
|poke|p1|Toxapex, F|
|poke|p2|Gengar, F|
|poke|p2|Dragapult, F|
|poke|p2|Blacephalon|
|poke|p2|Zeraora|
|poke|p2|Skarmory, F|
|poke|p2|Tyranitar, F|
|teampreview
|inactive|Battle timer is ON: inactive players will automatically lose when time's up. (requested by GORAN EL DRACO)
|
|t:|1649215844
|start
|switch|p1a: Hydreigon|Hydreigon, M|100/100
|switch|p2a: Dragapult|Dragapult, F|100/100
|turn|1
|
|t:|1649215849
|switch|p1a: Toxapex|Toxapex, F|100/100
|move|p2a: Dragapult|Draco Meteor|p1a: Toxapex
|-damage|p1a: Toxapex|30/100
|-unboost|p2a: Dragapult|spa|2
|
|upkeep
|turn|2
|
|t:|1649215854
|switch|p1a: Melmetal|Melmetal|100/100
|move|p2a: Dragapult|Draco Meteor|p1a: Melmetal
|-resisted|p1a: Melmetal
|-damage|p1a: Melmetal|87/100
|-unboost|p2a: Dragapult|spa|2
|
|upkeep
|turn|3
|
|t:|1649215859
|switch|p2a: Skarmory|Skarmory, F|100/100
|switch|p1a: Hydreigon|Hydreigon, M|100/100
|
|upkeep
|turn|4
|
|t:|1649215866
|move|p1a: Hydreigon|Beat Up|p2a: Skarmory
|-damage|p2a: Skarmory|93/100
|-damage|p2a: Skarmory|83/100
|-damage|p2a: Skarmory|75/100
|-damage|p2a: Skarmory|67/100
|-damage|p2a: Skarmory|62/100
|-damage|p2a: Skarmory|53/100
|-hitcount|p2a: Skarmory|6
|move|p2a: Skarmory|Stealth Rock|p1a: Hydreigon
|-sidestart|p1: Colonel Rivai|move: Stealth Rock
|
|upkeep
|turn|5
|
|t:|1649215870
|switch|p1a: Toxapex|Toxapex, F|64/100
|-damage|p1a: Toxapex|51/100|[from] Stealth Rock
|move|p2a: Skarmory|Body Press|p1a: Toxapex
|-resisted|p1a: Toxapex
|-damage|p1a: Toxapex|41/100
|-damage|p2a: Skarmory|37/100|[from] item: Rocky Helmet|[of] p1a: Toxapex
|
|upkeep
|turn|6
|
|t:|1649215876
|switch|p2a: Zeraora|Zeraora|100/100
|move|p1a: Toxapex|Knock Off|p2a: Zeraora
|-damage|p2a: Zeraora|79/100
|-enditem|p2a: Zeraora|Choice Band|[from] move: Knock Off|[of] p1a: Toxapex
|
|upkeep
|turn|7
|
|t:|1649215879
|switch|p1a: Landorus|Landorus-Therian, M|100/100
|-damage|p1a: Landorus|88/100|[from] Stealth Rock
|-ability|p1a: Landorus|Intimidate|boost
|-unboost|p2a: Zeraora|atk|1
|move|p2a: Zeraora|Knock Off|p1a: Landorus
|-damage|p1a: Landorus|68/100
|-enditem|p1a: Landorus|Leftovers|[from] move: Knock Off|[of] p2a: Zeraora
|
|upkeep
|turn|8
|
|t:|1649215888
|switch|p2a: Dragapult|Dragapult, F|100/100
|move|p1a: Landorus|Stealth Rock|p2a: Dragapult
|-sidestart|p2: GORAN EL DRACO|move: Stealth Rock
|
|upkeep
|turn|9
|
|t:|1649215894
|switch|p1a: Melmetal|Melmetal|87/100
|-damage|p1a: Melmetal|81/100|[from] Stealth Rock
|move|p2a: Dragapult|Draco Meteor|p1a: Melmetal
|-resisted|p1a: Melmetal
|-damage|p1a: Melmetal|53/100
|-unboost|p2a: Dragapult|spa|2
|
|upkeep
|turn|10
|
|t:|1649215901
|switch|p2a: Skarmory|Skarmory, F|37/100
|-damage|p2a: Skarmory|24/100|[from] Stealth Rock
|move|p1a: Melmetal|Thunder Punch|p2a: Skarmory
|-supereffective|p2a: Skarmory
|-crit|p2a: Skarmory
|-damage|p2a: Skarmory|0 fnt
|-damage|p1a: Melmetal|36/100|[from] item: Rocky Helmet|[of] p2a: Skarmory
|faint|p2a: Skarmory
|
|upkeep
|
|t:|1649215915
|switch|p2a: Dragapult|Dragapult, F|100/100
|-damage|p2a: Dragapult|88/100|[from] Stealth Rock
|turn|11
|
|t:|1649215917
|move|p2a: Dragapult|Flamethrower|p1a: Melmetal
|-supereffective|p1a: Melmetal
|-damage|p1a: Melmetal|0 fnt
|faint|p1a: Melmetal
|
|upkeep
|
|t:|1649215920
|switch|p1a: Hydreigon|Hydreigon, M|100/100
|-damage|p1a: Hydreigon|88/100|[from] Stealth Rock
|turn|12
|
|t:|1649215928
|move|p2a: Dragapult|Flamethrower|p1a: Hydreigon
|-resisted|p1a: Hydreigon
|-damage|p1a: Hydreigon|64/100
|move|p1a: Hydreigon|Superpower|p2a: Dragapult
|-immune|p2a: Dragapult
|
|upkeep
|turn|13
|c|☆Colonel Rivai|ok
|
|t:|1649215936
|switch|p2a: Zeraora|Zeraora|79/100
|-damage|p2a: Zeraora|66/100|[from] Stealth Rock
|switch|p1a: Toxapex|Toxapex, F|74/100
|-damage|p1a: Toxapex|62/100|[from] Stealth Rock
|
|upkeep
|turn|14
|inactive|Colonel Rivai has 120 seconds left.
|
|t:|1649215967
|switch|p2a: Dragapult|Dragapult, F|88/100
|-damage|p2a: Dragapult|76/100|[from] Stealth Rock
|switch|p1a: Landorus|Landorus-Therian, M|68/100
|-damage|p1a: Landorus|56/100|[from] Stealth Rock
|-ability|p1a: Landorus|Intimidate|boost
|-unboost|p2a: Dragapult|atk|1
|
|upkeep
|turn|15
|
|t:|1649215973
|move|p2a: Dragapult|Draco Meteor|p1a: Landorus
|-damage|p1a: Landorus|0 fnt
|-unboost|p2a: Dragapult|spa|2
|faint|p1a: Landorus
|
|upkeep
|
|t:|1649215975
|switch|p1a: Blacephalon|Blacephalon|100/100
|-damage|p1a: Blacephalon|76/100|[from] Stealth Rock
|turn|16
|
|t:|1649215978
|switch|p1a: Kartana|Kartana|100/100
|-damage|p1a: Kartana|94/100|[from] Stealth Rock
|switch|p2a: Tyranitar|Tyranitar, F|100/100
|-damage|p2a: Tyranitar|88/100|[from] Stealth Rock
|-weather|Sandstorm|[from] ability: Sand Stream|[of] p2a: Tyranitar
|
|-weather|Sandstorm|[upkeep]
|upkeep
|turn|17
|inactive|GORAN EL DRACO has 120 seconds left.
|
|t:|1649216011
|switch|p2a: Dragapult|Dragapult, F|76/100
|-damage|p2a: Dragapult|63/100|[from] Stealth Rock
|move|p1a: Kartana|Leaf Blade|p2a: Dragapult
|-resisted|p2a: Dragapult
|-damage|p2a: Dragapult|8/100
|
|-weather|Sandstorm|[upkeep]
|-damage|p2a: Dragapult|2/100|[from] Sandstorm
|upkeep
|turn|18
|
|t:|1649216029
|switch|p1a: Toxapex|Toxapex, F|95/100
|-damage|p1a: Toxapex|83/100|[from] Stealth Rock
|move|p2a: Dragapult|Draco Meteor|p1a: Toxapex
|-damage|p1a: Toxapex|8/100
|-unboost|p2a: Dragapult|spa|2
|
|-weather|Sandstorm|[upkeep]
|-damage|p2a: Dragapult|0 fnt|[from] Sandstorm
|-damage|p1a: Toxapex|2/100|[from] Sandstorm
|faint|p2a: Dragapult
|upkeep
|
|t:|1649216039
|switch|p2a: Blacephalon|Blacephalon|100/100
|-damage|p2a: Blacephalon|76/100|[from] Stealth Rock
|turn|19
|
|t:|1649216043
|move|p2a: Blacephalon|Flamethrower|p1a: Toxapex
|-resisted|p1a: Toxapex
|-damage|p1a: Toxapex|0 fnt
|faint|p1a: Toxapex
|-ability|p2a: Blacephalon|Beast Boost|boost
|-boost|p2a: Blacephalon|spa|1
|
|-weather|Sandstorm|[upkeep]
|-damage|p2a: Blacephalon|70/100|[from] Sandstorm
|upkeep
|
|t:|1649216045
|switch|p1a: Hydreigon|Hydreigon, M|64/100
|-damage|p1a: Hydreigon|52/100|[from] Stealth Rock
|turn|20
|
|t:|1649216047
|move|p2a: Blacephalon|Flamethrower|p1a: Hydreigon
|-resisted|p1a: Hydreigon
|-damage|p1a: Hydreigon|2/100
|move|p1a: Hydreigon|Beat Up|p2a: Blacephalon
|-supereffective|p2a: Blacephalon
|-damage|p2a: Blacephalon|18/100
|-supereffective|p2a: Blacephalon
|-damage|p2a: Blacephalon|0 fnt
|faint|p2a: Blacephalon
|-hitcount|p2: Blacephalon|2
|
|-weather|none
|upkeep
|
|t:|1649216060
|switch|p2a: Zeraora|Zeraora|66/100
|-damage|p2a: Zeraora|54/100|[from] Stealth Rock
|turn|21
|
|t:|1649216062
|move|p2a: Zeraora|Knock Off|p1a: Hydreigon
|-resisted|p1a: Hydreigon
|-damage|p1a: Hydreigon|0 fnt
|-enditem|p1a: Hydreigon|Choice Band|[from] move: Knock Off|[of] p2a: Zeraora
|faint|p1a: Hydreigon
|
|upkeep
|
|t:|1649216064
|switch|p1a: Blacephalon|Blacephalon|76/100
|-damage|p1a: Blacephalon|51/100|[from] Stealth Rock
|turn|22
|
|t:|1649216068
|switch|p1a: Kartana|Kartana|94/100
|-damage|p1a: Kartana|88/100|[from] Stealth Rock
|switch|p2a: Tyranitar|Tyranitar, F|88/100
|-damage|p2a: Tyranitar|76/100|[from] Stealth Rock
|-weather|Sandstorm|[from] ability: Sand Stream|[of] p2a: Tyranitar
|
|-weather|Sandstorm|[upkeep]
|upkeep
|turn|23
|
|t:|1649216074
|move|p1a: Kartana|Leaf Blade|p2a: Tyranitar
|-supereffective|p2a: Tyranitar
|-damage|p2a: Tyranitar|0 fnt
|faint|p2a: Tyranitar
|-ability|p1a: Kartana|Beast Boost|boost
|-boost|p1a: Kartana|atk|1
|
|-weather|Sandstorm|[upkeep]
|upkeep
|
|t:|1649216078
|switch|p2a: Zeraora|Zeraora|54/100
|-damage|p2a: Zeraora|42/100|[from] Stealth Rock
|turn|24
|
|t:|1649216102
|move|p2a: Zeraora|Knock Off|p1a: Kartana
|-damage|p1a: Kartana|59/100
|-enditem|p1a: Kartana|Choice Band|[from] move: Knock Off|[of] p2a: Zeraora
|move|p1a: Kartana|Leaf Blade|p2a: Zeraora
|-damage|p2a: Zeraora|0 fnt
|faint|p2a: Zeraora
|-ability|p1a: Kartana|Beast Boost|boost
|-boost|p1a: Kartana|atk|1
|
|-weather|Sandstorm|[upkeep]
|upkeep
|
|t:|1649216108
|switch|p2a: Gengar|Gengar, F|100/100
|-damage|p2a: Gengar|88/100|[from] Stealth Rock
|turn|25
|
|t:|1649216110
|move|p2a: Gengar|Shadow Ball|p1a: Kartana
|-damage|p1a: Kartana|0 fnt
|faint|p1a: Kartana
|
|-weather|Sandstorm|[upkeep]
|-damage|p2a: Gengar|82/100|[from] Sandstorm
|upkeep
|
|t:|1649216111
|switch|p1a: Blacephalon|Blacephalon|51/100
|-damage|p1a: Blacephalon|26/100|[from] Stealth Rock
|turn|26
|c|☆GORAN EL DRACO|gg
|c|☆Colonel Rivai|gg
|
|t:|1649216115
|move|p2a: Gengar|Shadow Ball|p1a: Blacephalon
|-supereffective|p1a: Blacephalon
|-crit|p1a: Blacephalon
|-damage|p1a: Blacephalon|0 fnt
|faint|p1a: Blacephalon
|
|win|GORAN EL DRACO
|raw|Colonel Rivai's rating: 1682 &rarr; <strong>1670</strong><br />(-12 for losing)
|raw|GORAN EL DRACO's rating: 1838 &rarr; <strong>1850</strong><br />(+12 for winning)
||Ladder isn't responding, score probably updated but might not have (Request timeout).
