|j|☆StealthyKoala
|j|☆Ayante
|inactive|Battle timer is ON: inactive players will automatically lose when time's up.
|t:|1605137794
|player|p1|StealthyKoala|blaine|
|player|p2|Ayante|koga|
|teamsize|p1|6
|teamsize|p2|6
|gametype|singles
|gen|8
|tier|[Gen 8] OU
|rated|Tournament battle
|clearpoke
|poke|p1|Pelipper, M|
|poke|p1|Tornadus, M|
|poke|p1|Kingdra, F|
|poke|p1|Crawdaunt, M|
|poke|p1|Thundurus-Therian, M|
|poke|p1|Ferrothorn, F|
|poke|p2|Zapdos|
|poke|p2|Tapu Fini|
|poke|p2|Zarude|
|poke|p2|Melmetal|
|poke|p2|Pheromosa|
|poke|p2|Swampert, F|
|rule|Sleep Clause Mod: Limit one foe put to sleep
|rule|Species Clause: Limit one of each Pokémon
|rule|OHKO Clause: OHKO moves are banned
|rule|Evasion Moves Clause: Evasion moves are banned
|rule|Endless Battle Clause: Forcing endless battles is banned
|rule|HP Percentage Mod: HP is shown in percentages
|rule|Dynamax Clause: You cannot dynamax
|teampreview
|j| Thats quite Unfor
|j| Kingmunchlax
|j| fr-espyy
|j| Mel0nL0rd
|j| Showtime Lakers 24
|c| Mel0nL0rd|ooh
|j| OilyBootySpex
|j| Amir
|j| LowGxeDoritos
|
|t:|1605137811
|start
|switch|p1a: Pelipper|Pelipper, M|100/100
|switch|p2a: Zapdos|Zapdos|100/100
|-weather|RainDance|[from] ability: Drizzle|[of] p1a: Pelipper
|turn|1
|j| whiteegg
|l| Kingmunchlax
|c| LowGxeDoritos|oh no
|j| AgAzumarill
|l| Thats quite Unfor
|
|t:|1605137819
|switch|p1a: Thundurus|Thundurus-Therian, M|100/100
|move|p2a: Zapdos|Hurricane|p1a: Thundurus
|-resisted|p1a: Thundurus
|-damage|p1a: Thundurus|60/100
|
|-weather|RainDance|[upkeep]
|upkeep
|turn|2
|c| Mel0nL0rd|oop
|j| crawdunked
|j| Kingmunchlax
|c| Mel0nL0rd|zapdos lead
|j| RakMo
|
|t:|1605137827
|switch|p2a: Swampert|Swampert, F|100/100
|move|p1a: Thundurus|Nasty Plot|p1a: Thundurus
|-boost|p1a: Thundurus|spa|2
|
|-weather|RainDance|[upkeep]
|upkeep
|turn|3
|c| LowGxeDoritos|u have abandoned ur roots zaza
|
|t:|1605137835
|move|p1a: Thundurus|Weather Ball|p2a: Swampert
|-damage|p2a: Swampert|28/100
|move|p2a: Swampert|Flip Turn|p1a: Thundurus
|-damage|p1a: Thundurus|0 fnt
|faint|p1a: Thundurus
|c|☆StealthyKoala|nah
|c| Mel0nL0rd|wat
|c|☆StealthyKoala|I just don't want to use sun rn
|c| Showtime Lakers 24|banded?
|c| Mel0nL0rd|that did lotta damage
|l| Kingmunchlax
|
|t:|1605137863
|switch|p2a: Tapu Fini|Tapu Fini|100/100|[from]move: Flip Turn
|-fieldstart|move: Misty Terrain|[from] ability: Misty Surge|[of] p2a: Tapu Fini
|
|-weather|RainDance|[upkeep]
|upkeep
|
|t:|1605137867
|switch|p1a: Ferrothorn|Ferrothorn, F|100/100
|turn|4
|j|^Steez Ibanez
|j| X-Art 91
|c| AgAzumarill|Mel0nL0rd i like what your names refrencing
|c| Mel0nL0rd|thx
|c|^Steez Ibanez|Zaza w the rain
|inactive|Ayante has 120 seconds left.
|c|☆StealthyKoala|ye
|c|☆StealthyKoala|didn't you
|c|☆StealthyKoala|5-0 me
|c|☆StealthyKoala|when I used this
|c|^Steez Ibanez|Thats not important
|j| FinlayC
|c|^Steez Ibanez|focus on this match
|c|☆StealthyKoala|true lmao
|inactive|Ayante has 90 seconds left.
|
|t:|1605137928
|switch|p2a: Melmetal|Melmetal|100/100
|move|p1a: Ferrothorn|Knock Off|p2a: Melmetal
|-damage|p2a: Melmetal|88/100
|-enditem|p2a: Melmetal|Assault Vest|[from] move: Knock Off|[of] p1a: Ferrothorn
|
|-weather|RainDance|[upkeep]
|upkeep
|turn|5
|j| Prethia
|
|t:|1605137934
|move|p2a: Melmetal|Earthquake|p1a: Ferrothorn
|-damage|p1a: Ferrothorn|69/100
|move|p1a: Ferrothorn|Stealth Rock|p2a: Melmetal
|-sidestart|p2: Ayante|move: Stealth Rock
|
|-weather|RainDance|[upkeep]
|upkeep
|turn|6
|inactive|Ayante has 90 seconds left.
|
|t:|1605137943
|switch|p1a: Kingdra|Kingdra, F|100/100
|move|p2a: Melmetal|Earthquake|p1a: Kingdra
|-damage|p1a: Kingdra|53/100
|
|-weather|RainDance|[upkeep]
|upkeep
|turn|7
|inactive|Ayante has 90 seconds left.
|j| Phos24
|inactive|Ayante has 60 seconds left.
|j| nooob ninja
|l| RakMo
|c| Mel0nL0rd|is the kingdra specs?
|inactive|Ayante has 30 seconds left.
|
|t:|1605138016
|switch|p2a: Swampert|Swampert, F|28/100
|-damage|p2a: Swampert|22/100|[from] Stealth Rock
|move|p1a: Kingdra|Hydro Pump|p2a: Swampert|[miss]
|-miss|p1a: Kingdra|p2a: Swampert
|
|-weather|RainDance|[upkeep]
|-heal|p2a: Swampert|28/100|[from] item: Leftovers
|-fieldend|Misty Terrain
|upkeep
|turn|8
|
|t:|1605138023
|move|p1a: Kingdra|Hydro Pump|p2a: Swampert
|-damage|p2a: Swampert|0 fnt
|faint|p2a: Swampert
|
|-weather|none
|upkeep
|l|^Steez Ibanez
|inactive|Ayante has 30 seconds left.
|
|t:|1605138037
|switch|p2a: Koba|Zarude|100/100
|-damage|p2a: Koba|88/100|[from] Stealth Rock
|turn|9
|
|t:|1605138043
|switch|p1a: Pelipper|Pelipper, M|100/100
|-weather|RainDance|[from] ability: Drizzle|[of] p1a: Pelipper
|move|p2a: Koba|Close Combat|p1a: Pelipper
|-resisted|p1a: Pelipper
|-damage|p1a: Pelipper|78/100
|-unboost|p2a: Koba|def|1
|-unboost|p2a: Koba|spd|1
|
|-weather|RainDance|[upkeep]
|upkeep
|turn|10
|
|t:|1605138054
|switch|p2a: Tapu Fini|Tapu Fini|100/100
|-damage|p2a: Tapu Fini|88/100|[from] Stealth Rock
|-fieldstart|move: Misty Terrain|[from] ability: Misty Surge|[of] p2a: Tapu Fini
|move|p1a: Pelipper|U-turn|p2a: Tapu Fini
|-resisted|p2a: Tapu Fini
|-damage|p2a: Tapu Fini|85/100
|
|t:|1605138065
|switch|p1a: Tornadus|Tornadus, M|100/100|[from]move: U-turn
|
|-weather|RainDance|[upkeep]
|-heal|p2a: Tapu Fini|91/100|[from] item: Leftovers
|upkeep
|turn|11
|
|t:|1605138080
|switch|p2a: Zapdos|Zapdos|100/100
|move|p1a: Tornadus|Hurricane|p2a: Zapdos
|-resisted|p2a: Zapdos
|-damage|p2a: Zapdos|65/100
|-start|p2a: Zapdos|confusion
|
|-weather|RainDance|[upkeep]
|upkeep
|turn|12
|
|t:|1605138096
|switch|p2a: Melmetal|Melmetal|88/100
|-damage|p2a: Melmetal|82/100|[from] Stealth Rock
|move|p1a: Tornadus|Hurricane|p2a: Melmetal
|-resisted|p2a: Melmetal
|-damage|p2a: Melmetal|51/100
|
|-weather|RainDance|[upkeep]
|upkeep
|turn|13
|j|^Steez Ibanez
|
|t:|1605138103
|move|p1a: Tornadus|Focus Blast|p2a: Melmetal
|-supereffective|p2a: Melmetal
|-damage|p2a: Melmetal|0 fnt
|faint|p2a: Melmetal
|
|-weather|RainDance|[upkeep]
|upkeep
|
|t:|1605138110
|switch|p2a: Zapdos|Zapdos|65/100
|turn|14
|
|t:|1605138113
|switch|p1a: Ferrothorn|Ferrothorn, F|69/100
|move|p2a: Zapdos|Roost|p2a: Zapdos
|-heal|p2a: Zapdos|100/100
|-singleturn|p2a: Zapdos|move: Roost
|
|-weather|RainDance|[upkeep]
|-fieldend|Misty Terrain
|upkeep
|turn|15
|inactive|Ayante has 60 seconds left.
|j| RakMo
|
|t:|1605138135
|move|p2a: Zapdos|Hurricane|p1a: Ferrothorn
|-damage|p1a: Ferrothorn|34/100
|move|p1a: Ferrothorn|Knock Off|p2a: Zapdos
|-damage|p2a: Zapdos|74/100
|-enditem|p2a: Zapdos|Heavy-Duty Boots|[from] move: Knock Off|[of] p1a: Ferrothorn
|
|-weather|RainDance|[upkeep]
|upkeep
|turn|16
|
|t:|1605138146
|move|p2a: Zapdos|Hurricane|p1a: Ferrothorn
|-damage|p1a: Ferrothorn|0 fnt
|faint|p1a: Ferrothorn
|
|-weather|none
|upkeep
|l| RakMo
|j| Kingmunchlax
|
|t:|1605138169
|switch|p1a: Pelipper|Pelipper, M|78/100
|-weather|RainDance|[from] ability: Drizzle|[of] p1a: Pelipper
|turn|17
|
|t:|1605138176
|move|p2a: Zapdos|Thunderbolt|p1a: Pelipper
|-supereffective|p1a: Pelipper
|-damage|p1a: Pelipper|0 fnt
|faint|p1a: Pelipper
|
|-weather|RainDance|[upkeep]
|upkeep
|j| Black_Knight777
|
|t:|1605138182
|switch|p1a: Kingdra|Kingdra, F|53/100
|turn|18
|inactive|Ayante has 60 seconds left.
|inactive|Ayante has 30 seconds left.
|
|t:|1605138232
|switch|p2a: NovusOrdoSeclorum|Pheromosa|100/100
|move|p1a: Kingdra|Surf|p2a: NovusOrdoSeclorum
|-damage|p2a: NovusOrdoSeclorum|0 fnt
|faint|p2a: NovusOrdoSeclorum
|
|-weather|RainDance|[upkeep]
|upkeep
|inactive|Ayante has 30 seconds left this turn.
|
|t:|1605138235
|switch|p2a: Tapu Fini|Tapu Fini|91/100
|-damage|p2a: Tapu Fini|78/100|[from] Stealth Rock
|-fieldstart|move: Misty Terrain|[from] ability: Misty Surge|[of] p2a: Tapu Fini
|turn|19
|inactive|Ayante has 30 seconds left.
|j| Yelodash
|inactive|StealthyKoala has 120 seconds left.
|j| RakMo
|l| nooob ninja
|inactive|StealthyKoala has 90 seconds left.
|
|t:|1605138304
|move|p1a: Kingdra|Surf|p2a: Tapu Fini
|-resisted|p2a: Tapu Fini
|-damage|p2a: Tapu Fini|39/100
|move|p2a: Tapu Fini|Moonblast|p1a: Kingdra
|-supereffective|p1a: Kingdra
|-damage|p1a: Kingdra|0 fnt
|faint|p1a: Kingdra
|
|-weather|RainDance|[upkeep]
|-heal|p2a: Tapu Fini|46/100|[from] item: Leftovers
|upkeep
|
|t:|1605138309
|switch|p1a: Tornadus|Tornadus, M|100/100
|turn|20
|inactive|Ayante has 30 seconds left.
|j|@gomikyu
|j| nooob ninja
|inactive|Ayante has 20 seconds left.
|inactive|Ayante has 15 seconds left.
|l| RakMo
|inactive|Ayante has 10 seconds left.
|
|t:|1605138345
|move|p1a: Tornadus|Hurricane|p2a: Tapu Fini
|-damage|p2a: Tapu Fini|4/100
|move|p2a: Tapu Fini|Defog|p1a: Tornadus
|-unboost|p1a: Tornadus|evasion|1
|-sideend|p2: Ayante|Stealth Rock|[from] move: Defog|[of] p2a: Tapu Fini
|-fieldend|Misty Terrain
|
|-weather|RainDance|[upkeep]
|-heal|p2a: Tapu Fini|10/100|[from] item: Leftovers
|upkeep
|turn|21
|inactive|Ayante has 20 seconds left this turn.
|inactive|Ayante has 15 seconds left.
|
|t:|1605138365
|move|p1a: Tornadus|Hurricane|p2a: Tapu Fini
|-damage|p2a: Tapu Fini|0 fnt
|faint|p2a: Tapu Fini
|
|-weather|RainDance|[upkeep]
|upkeep
|inactive|Ayante has 20 seconds left this turn.
|j| Darth_Darkrai
|
|t:|1605138368
|switch|p2a: Zapdos|Zapdos|74/100
|turn|22
|inactive|Ayante has 30 seconds left this turn.
|l| OilyBootySpex
|
|t:|1605138372
|move|p1a: Tornadus|Tailwind|p1a: Tornadus
|-sidestart|p1: StealthyKoala|move: Tailwind
|move|p2a: Zapdos|Thunderbolt|p1a: Tornadus
|-supereffective|p1a: Tornadus
|-damage|p1a: Tornadus|0 fnt
|faint|p1a: Tornadus
|
|-weather|RainDance|[upkeep]
|upkeep
|c|^Steez Ibanez|oof
|
|t:|1605138373
|switch|p1a: Crawdaunt|Crawdaunt, M|100/100
|turn|23
|j| RakMo
|
|t:|1605138383
|move|p1a: Crawdaunt|Crabhammer|p2a: Zapdos
|-damage|p2a: Zapdos|0 fnt
|faint|p2a: Zapdos
|
|-weather|RainDance|[upkeep]
|upkeep
|l| Prethia
|
|t:|1605138389
|switch|p2a: Koba|Zarude|88/100
|turn|24
|j| Vittorioso ✿
|
|t:|1605138401
|move|p1a: Crawdaunt|Crabhammer|p2a: Koba
|-resisted|p2a: Koba
|-crit|p2a: Koba
|-damage|p2a: Koba|0 fnt
|faint|p2a: Koba
|
|win|StealthyKoala
