|j|☆PedroGrug
|j|☆Envied
|t:|1607914985
|player|p1|PedroGrug|lyra|1662
|player|p2|Envied|101|1567
|teamsize|p1|6
|teamsize|p2|6
|gametype|singles
|gen|8
|tier|[Gen 8] OU
|rated|
|clearpoke
|poke|p1|Cinderace, M|
|poke|p1|Garchomp, M|
|poke|p1|Tornadus-Therian, M|
|poke|p1|Vaporeon, F|
|poke|p1|Melmetal|
|poke|p1|Tapu Koko|
|poke|p2|Registeel|
|poke|p2|Blissey, F|
|poke|p2|Slowbro, F|
|poke|p2|Rhyperior, F|
|poke|p2|Zapdos|
|poke|p2|Clefable, M|
|rule|Sleep Clause Mod: Limit one foe put to sleep
|rule|Species Clause: Limit one of each Pokémon
|rule|OHKO Clause: OHKO moves are banned
|rule|Evasion Moves Clause: Evasion moves are banned
|rule|Endless Battle Clause: Forcing endless battles is banned
|rule|HP Percentage Mod: HP is shown in percentages
|rule|Dynamax Clause: You cannot dynamax
|teampreview
|
|t:|1607915000
|start
|switch|p1a: Garchomp|Garchomp, M|100/100
|switch|p2a: Registeel|Registeel|100/100
|turn|1
|
|t:|1607915006
|move|p1a: Garchomp|Earthquake|p2a: Registeel
|-supereffective|p2a: Registeel
|-damage|p2a: Registeel|43/100
|move|p2a: Registeel|Toxic|p1a: Garchomp
|-status|p1a: Garchomp|tox
|
|-heal|p2a: Registeel|49/100|[from] item: Leftovers
|-damage|p1a: Garchomp|94/100 tox|[from] psn
|upkeep
|turn|2
|
|t:|1607915012
|move|p1a: Garchomp|Stealth Rock|p2a: Registeel
|-sidestart|p2: Envied|move: Stealth Rock
|move|p2a: Registeel|Stealth Rock|p1a: Garchomp
|-sidestart|p1: PedroGrug|move: Stealth Rock
|
|-heal|p2a: Registeel|55/100|[from] item: Leftovers
|-damage|p1a: Garchomp|82/100 tox|[from] psn
|upkeep
|turn|3
|
|t:|1607915019
|switch|p1a: Melmetal|Melmetal|100/100
|-damage|p1a: Melmetal|94/100|[from] Stealth Rock
|move|p2a: Registeel|Protect||[still]
|-fail|p2a: Registeel
|
|-heal|p2a: Registeel|61/100|[from] item: Leftovers
|-heal|p1a: Melmetal|100/100|[from] item: Leftovers
|upkeep
|turn|4
|
|t:|1607915026
|move|p2a: Registeel|Protect|p2a: Registeel
|-singleturn|p2a: Registeel|Protect
|move|p1a: Melmetal|Earthquake|p2a: Registeel
|-activate|p2a: Registeel|move: Protect
|
|-heal|p2a: Registeel|67/100|[from] item: Leftovers
|upkeep
|turn|5
|
|t:|1607915033
|switch|p2a: Zapdos|Zapdos|100/100
|move|p1a: Melmetal|Earthquake|p2a: Zapdos
|-immune|p2a: Zapdos
|
|upkeep
|turn|6
|
|t:|1607915039
|move|p2a: Zapdos|Heat Wave|p1a: Melmetal|[miss]
|-miss|p2a: Zapdos|p1a: Melmetal
|move|p1a: Melmetal|Toxic|p2a: Zapdos
|-status|p2a: Zapdos|tox
|
|-damage|p2a: Zapdos|94/100 tox|[from] psn
|upkeep
|turn|7
|
|t:|1607915045
|move|p1a: Melmetal|Protect|p1a: Melmetal
|-singleturn|p1a: Melmetal|Protect
|move|p2a: Zapdos|Volt Switch|p1a: Melmetal
|-activate|p1a: Melmetal|move: Protect
|
|-damage|p2a: Zapdos|82/100 tox|[from] psn
|upkeep
|turn|8
|
|t:|1607915054
|switch|p2a: Slowbro|Slowbro, F|100/100
|-damage|p2a: Slowbro|88/100|[from] Stealth Rock
|switch|p1a: Garchomp|Garchomp, M|82/100 tox
|-damage|p1a: Garchomp|76/100 tox|[from] Stealth Rock
|
|-heal|p2a: Slowbro|94/100|[from] item: Leftovers
|-damage|p1a: Garchomp|69/100 tox|[from] psn
|upkeep
|turn|9
|
|t:|1607915063
|move|p1a: Garchomp|Toxic|p2a: Slowbro
|-status|p2a: Slowbro|tox
|move|p2a: Slowbro|Trick Room|p2a: Slowbro
|-fieldstart|move: Trick Room|[of] p2a: Slowbro
|
|-heal|p2a: Slowbro|99/100 tox|[from] item: Leftovers
|-damage|p2a: Slowbro|94/100 tox|[from] psn
|-damage|p1a: Garchomp|57/100 tox|[from] psn
|upkeep
|turn|10
|
|t:|1607915070
|switch|p1a: Vaporeon|Vaporeon, F|100/100
|-damage|p1a: Vaporeon|88/100|[from] Stealth Rock
|move|p2a: Slowbro|Teleport|p2a: Slowbro
|
|t:|1607915094
|switch|p2a: Blissey|Blissey, F|100/100|[from]move: Teleport
|-damage|p2a: Blissey|88/100|[from] Stealth Rock
|
|-heal|p2a: Blissey|94/100|[from] item: Leftovers
|-heal|p1a: Vaporeon|94/100|[from] item: Leftovers
|upkeep
|turn|11
|
|t:|1607915097
|move|p2a: Blissey|Tri Attack|p1a: Vaporeon
|-damage|p1a: Vaporeon|71/100
|move|p1a: Vaporeon|Heal Bell|p1a: Vaporeon
|-activate|p1a: Vaporeon|move: Heal Bell
|-curestatus|p1: Garchomp|tox|[msg]
|
|-heal|p2a: Blissey|99/100|[from] item: Leftovers
|-heal|p1a: Vaporeon|77/100|[from] item: Leftovers
|upkeep
|turn|12
|
|t:|1607915103
|move|p1a: Vaporeon|Protect|p1a: Vaporeon
|-singleturn|p1a: Vaporeon|Protect
|move|p2a: Blissey|Tri Attack|p1a: Vaporeon
|-activate|p1a: Vaporeon|move: Protect
|
|-heal|p2a: Blissey|100/100|[from] item: Leftovers
|-heal|p1a: Vaporeon|83/100|[from] item: Leftovers
|upkeep
|turn|13
|
|t:|1607915117
|move|p2a: Blissey|Tri Attack|p1a: Vaporeon
|-damage|p1a: Vaporeon|58/100
|-status|p1a: Vaporeon|par
|move|p1a: Vaporeon|Wish|p1a: Vaporeon
|
|-heal|p1a: Vaporeon|65/100 par|[from] item: Leftovers
|-fieldend|move: Trick Room
|upkeep
|turn|14
|
|t:|1607915123
|move|p2a: Blissey|Tri Attack|p1a: Vaporeon
|-damage|p1a: Vaporeon|42/100 par
|move|p1a: Vaporeon|Heal Bell|p1a: Vaporeon
|-activate|p1a: Vaporeon|move: Heal Bell
|-curestatus|p1a: Vaporeon|par|[msg]
|
|-heal|p1a: Vaporeon|92/100|[from] move: Wish|[wisher] Vaporeon
|-heal|p1a: Vaporeon|98/100|[from] item: Leftovers
|upkeep
|turn|15
|
|t:|1607915133
|switch|p1a: Melmetal|Melmetal|100/100
|-damage|p1a: Melmetal|94/100|[from] Stealth Rock
|move|p2a: Blissey|Tri Attack|p1a: Melmetal
|-resisted|p1a: Melmetal
|-damage|p1a: Melmetal|80/100
|
|-heal|p1a: Melmetal|86/100|[from] item: Leftovers
|upkeep
|turn|16
|
|t:|1607915142
|switch|p2a: Zapdos|Zapdos|82/100 tox
|move|p1a: Melmetal|Double Iron Bash|p2a: Zapdos
|-resisted|p2a: Zapdos
|-crit|p2a: Zapdos
|-damage|p2a: Zapdos|59/100 tox
|-resisted|p2a: Zapdos
|-damage|p2a: Zapdos|43/100 tox
|-hitcount|p2a: Zapdos|2
|
|-heal|p1a: Melmetal|92/100|[from] item: Leftovers
|-damage|p2a: Zapdos|37/100 tox|[from] psn
|upkeep
|turn|17
|l|☆Envied
|player|p2|
|j|☆Envied
|player|p2|Envied|101
|inactive|Battle timer is ON: inactive players will automatically lose when time's up. (requested by PedroGrug)
|
|t:|1607915192
|move|p2a: Zapdos|Roost|p2a: Zapdos
|-heal|p2a: Zapdos|87/100 tox
|-singleturn|p2a: Zapdos|move: Roost
|move|p1a: Melmetal|Double Iron Bash|p2a: Zapdos
|-resisted|p2a: Zapdos
|-damage|p2a: Zapdos|71/100 tox
|-resisted|p2a: Zapdos
|-damage|p2a: Zapdos|56/100 tox
|-status|p1a: Melmetal|par|[from] ability: Static|[of] p2a: Zapdos
|-hitcount|p2a: Zapdos|2
|
|-heal|p1a: Melmetal|98/100 par|[from] item: Leftovers
|-damage|p2a: Zapdos|44/100 tox|[from] psn
|upkeep
|turn|18
|
|t:|1607915209
|switch|p1a: Garchomp|Garchomp, M|57/100
|-damage|p1a: Garchomp|51/100|[from] Stealth Rock
|move|p2a: Zapdos|Volt Switch|p1a: Garchomp
|-immune|p1a: Garchomp
|
|-damage|p2a: Zapdos|26/100 tox|[from] psn
|upkeep
|turn|19
|
|t:|1607915228
|switch|p2a: Clefable|Clefable, M|100/100
|move|p1a: Garchomp|Fire Blast|p2a: Clefable
|-damage|p2a: Clefable|82/100
|
|-heal|p2a: Clefable|88/100|[from] item: Leftovers
|upkeep
|turn|20
|
|t:|1607915235
|switch|p1a: Tornadus|Tornadus-Therian, M|100/100
|move|p2a: Clefable|Wish|p2a: Clefable
|
|-heal|p2a: Clefable|94/100|[from] item: Leftovers
|upkeep
|turn|21
|
|t:|1607915244
|switch|p2a: Registeel|Registeel|67/100
|-damage|p2a: Registeel|61/100|[from] Stealth Rock
|move|p1a: Tornadus|Knock Off|p2a: Registeel
|-damage|p2a: Registeel|47/100
|-enditem|p2a: Registeel|Leftovers|[from] move: Knock Off|[of] p1a: Tornadus
|
|-heal|p2a: Registeel|100/100|[from] move: Wish|[wisher] Clefable
|upkeep
|turn|22
|
|t:|1607915253
|move|p1a: Tornadus|U-turn|p2a: Registeel
|-resisted|p2a: Registeel
|-damage|p2a: Registeel|96/100
|
|t:|1607915256
|switch|p1a: Vaporeon|Vaporeon, F|98/100|[from]move: U-turn
|-damage|p1a: Vaporeon|86/100|[from] Stealth Rock
|move|p2a: Registeel|Toxic|p1a: Vaporeon
|-status|p1a: Vaporeon|tox
|
|-heal|p1a: Vaporeon|92/100 tox|[from] item: Leftovers
|-damage|p1a: Vaporeon|86/100 tox|[from] psn
|upkeep
|turn|23
|
|t:|1607915263
|move|p1a: Vaporeon|Wish|p1a: Vaporeon
|move|p2a: Registeel|Seismic Toss|p1a: Vaporeon
|-damage|p1a: Vaporeon|64/100 tox
|
|-heal|p1a: Vaporeon|70/100 tox|[from] item: Leftovers
|-damage|p1a: Vaporeon|58/100 tox|[from] psn
|upkeep
|turn|24
|
|t:|1607915270
|move|p1a: Vaporeon|Heal Bell|p1a: Vaporeon
|-activate|p1a: Vaporeon|move: Heal Bell
|-curestatus|p1a: Vaporeon|tox|[msg]
|-curestatus|p1: Melmetal|par|[msg]
|move|p2a: Registeel|Toxic|p1a: Vaporeon
|-status|p1a: Vaporeon|tox
|
|-heal|p1a: Vaporeon|100/100 tox|[from] move: Wish|[wisher] Vaporeon
|-damage|p1a: Vaporeon|94/100 tox|[from] psn
|upkeep
|turn|25
|
|t:|1607915280
|move|p1a: Vaporeon|Wish|p1a: Vaporeon
|move|p2a: Registeel|Seismic Toss|p1a: Vaporeon
|-damage|p1a: Vaporeon|73/100 tox
|
|-heal|p1a: Vaporeon|79/100 tox|[from] item: Leftovers
|-damage|p1a: Vaporeon|66/100 tox|[from] psn
|upkeep
|turn|26
|
|t:|1607915284
|switch|p1a: Garchomp|Garchomp, M|51/100
|-damage|p1a: Garchomp|45/100|[from] Stealth Rock
|move|p2a: Registeel|Toxic|p1a: Garchomp
|-status|p1a: Garchomp|tox
|
|-heal|p1a: Garchomp|99/100 tox|[from] move: Wish|[wisher] Vaporeon
|-damage|p1a: Garchomp|94/100 tox|[from] psn
|upkeep
|turn|27
|
|t:|1607915300
|switch|p1a: Melmetal|Melmetal|98/100
|-damage|p1a: Melmetal|92/100|[from] Stealth Rock
|move|p2a: Registeel|Protect||[still]
|-fail|p2a: Registeel
|
|-heal|p1a: Melmetal|98/100|[from] item: Leftovers
|upkeep
|turn|28
|
|t:|1607915312
|switch|p2a: Slowbro|Slowbro, F|100/100 tox
|-damage|p2a: Slowbro|88/100 tox|[from] Stealth Rock
|move|p1a: Melmetal|Double Iron Bash|p2a: Slowbro
|-resisted|p2a: Slowbro
|-damage|p2a: Slowbro|75/100 tox
|-resisted|p2a: Slowbro
|-damage|p2a: Slowbro|61/100 tox
|-hitcount|p2a: Slowbro|2
|
|-heal|p1a: Melmetal|100/100|[from] item: Leftovers
|-heal|p2a: Slowbro|68/100 tox|[from] item: Leftovers
|-damage|p2a: Slowbro|61/100 tox|[from] psn
|upkeep
|turn|29
|
|t:|1607915324
|move|p1a: Melmetal|Earthquake|p2a: Slowbro
|-damage|p2a: Slowbro|36/100 tox
|move|p2a: Slowbro|Scald|p1a: Melmetal
|-damage|p1a: Melmetal|77/100
|
|-heal|p1a: Melmetal|83/100|[from] item: Leftovers
|-heal|p2a: Slowbro|42/100 tox|[from] item: Leftovers
|-damage|p2a: Slowbro|30/100 tox|[from] psn
|upkeep
|turn|30
|
|t:|1607915334
|switch|p2a: Zapdos|Zapdos|26/100 tox
|move|p1a: Melmetal|Double Iron Bash|p2a: Zapdos
|-resisted|p2a: Zapdos
|-damage|p2a: Zapdos|11/100 tox
|-resisted|p2a: Zapdos
|-damage|p2a: Zapdos|0 fnt
|-hitcount|p2a: Zapdos|2
|faint|p2a: Zapdos
|
|-heal|p1a: Melmetal|89/100|[from] item: Leftovers
|upkeep
|
|t:|1607915340
|switch|p2a: Registeel|Registeel|96/100
|-damage|p2a: Registeel|89/100|[from] Stealth Rock
|turn|31
|
|t:|1607915347
|switch|p2a: Clefable|Clefable, M|94/100
|move|p1a: Melmetal|Protect||[still]
|-fail|p1a: Melmetal
|
|-heal|p2a: Clefable|99/100|[from] item: Leftovers
|-heal|p1a: Melmetal|95/100|[from] item: Leftovers
|upkeep
|turn|32
|
|t:|1607915355
|switch|p2a: Slowbro|Slowbro, F|63/100 tox
|-damage|p2a: Slowbro|51/100 tox|[from] Stealth Rock
|move|p1a: Melmetal|Double Iron Bash|p2a: Slowbro
|-resisted|p2a: Slowbro
|-damage|p2a: Slowbro|38/100 tox
|-resisted|p2a: Slowbro
|-damage|p2a: Slowbro|26/100 tox
|-hitcount|p2a: Slowbro|2
|
|-heal|p1a: Melmetal|100/100|[from] item: Leftovers
|-heal|p2a: Slowbro|32/100 tox|[from] item: Leftovers
|-damage|p2a: Slowbro|26/100 tox|[from] psn
|upkeep
|turn|33
|
|t:|1607915373
|switch|p2a: Registeel|Registeel|89/100
|-damage|p2a: Registeel|83/100|[from] Stealth Rock
|move|p1a: Melmetal|Earthquake|p2a: Registeel
|-supereffective|p2a: Registeel
|-damage|p2a: Registeel|32/100
|
|upkeep
|turn|34
|
|t:|1607915381
|move|p2a: Registeel|Protect|p2a: Registeel
|-singleturn|p2a: Registeel|Protect
|move|p1a: Melmetal|Earthquake|p2a: Registeel
|-activate|p2a: Registeel|move: Protect
|
|upkeep
|turn|35
|
|t:|1607915391
|move|p2a: Registeel|Seismic Toss|p1a: Melmetal
|-damage|p1a: Melmetal|76/100
|move|p1a: Melmetal|Earthquake|p2a: Registeel
|-supereffective|p2a: Registeel
|-damage|p2a: Registeel|0 fnt
|faint|p2a: Registeel
|
|-heal|p1a: Melmetal|82/100|[from] item: Leftovers
|upkeep
|
|t:|1607915396
|switch|p2a: Slowbro|Slowbro, F|59/100 tox
|-damage|p2a: Slowbro|46/100 tox|[from] Stealth Rock
|turn|36
|
|t:|1607915402
|switch|p1a: Vaporeon|Vaporeon, F|66/100 tox
|-damage|p1a: Vaporeon|54/100 tox|[from] Stealth Rock
|move|p2a: Slowbro|Slack Off|p2a: Slowbro
|-heal|p2a: Slowbro|96/100 tox
|
|-heal|p1a: Vaporeon|60/100 tox|[from] item: Leftovers
|-heal|p2a: Slowbro|100/100 tox|[from] item: Leftovers
|-damage|p1a: Vaporeon|54/100 tox|[from] psn
|-damage|p2a: Slowbro|94/100 tox|[from] psn
|upkeep
|turn|37
|
|t:|1607915408
|move|p1a: Vaporeon|Heal Bell|p1a: Vaporeon
|-activate|p1a: Vaporeon|move: Heal Bell
|-curestatus|p1a: Vaporeon|tox|[msg]
|-curestatus|p1: Garchomp|tox|[msg]
|move|p2a: Slowbro|Teleport|p2a: Slowbro
|
|t:|1607915414
|switch|p2a: Blissey|Blissey, F|100/100|[from]move: Teleport
|-damage|p2a: Blissey|88/100|[from] Stealth Rock
|
|-heal|p1a: Vaporeon|60/100|[from] item: Leftovers
|-heal|p2a: Blissey|94/100|[from] item: Leftovers
|upkeep
|turn|38
|
|t:|1607915419
|move|p1a: Vaporeon|Wish|p1a: Vaporeon
|move|p2a: Blissey|Tri Attack|p1a: Vaporeon
|-damage|p1a: Vaporeon|35/100
|
|-heal|p1a: Vaporeon|42/100|[from] item: Leftovers
|-heal|p2a: Blissey|99/100|[from] item: Leftovers
|upkeep
|turn|39
|
|t:|1607915425
|move|p1a: Vaporeon|Protect|p1a: Vaporeon
|-singleturn|p1a: Vaporeon|Protect
|move|p2a: Blissey|Tri Attack|p1a: Vaporeon
|-activate|p1a: Vaporeon|move: Protect
|
|-heal|p1a: Vaporeon|92/100|[from] move: Wish|[wisher] Vaporeon
|-heal|p1a: Vaporeon|98/100|[from] item: Leftovers
|-heal|p2a: Blissey|100/100|[from] item: Leftovers
|upkeep
|turn|40
|
|t:|1607915431
|move|p1a: Vaporeon|Wish|p1a: Vaporeon
|move|p2a: Blissey|Flamethrower|p1a: Vaporeon
|-resisted|p1a: Vaporeon
|-damage|p1a: Vaporeon|88/100
|
|-heal|p1a: Vaporeon|94/100|[from] item: Leftovers
|upkeep
|turn|41
|
|t:|1607915437
|switch|p1a: Melmetal|Melmetal|82/100
|-damage|p1a: Melmetal|76/100|[from] Stealth Rock
|move|p2a: Blissey|Tri Attack|p1a: Melmetal
|-resisted|p1a: Melmetal
|-damage|p1a: Melmetal|63/100
|-status|p1a: Melmetal|frz
|
|-heal|p1a: Melmetal|100/100 frz|[from] move: Wish|[wisher] Vaporeon
|upkeep
|turn|42
|
|t:|1607915447
|switch|p2a: Rhyperior|Rhyperior, F|100/100
|-damage|p2a: Rhyperior|94/100|[from] Stealth Rock
|switch|p1a: Vaporeon|Vaporeon, F|94/100
|-damage|p1a: Vaporeon|82/100|[from] Stealth Rock
|
|-heal|p1a: Vaporeon|88/100|[from] item: Leftovers
|upkeep
|turn|43
|
|t:|1607915452
|move|p1a: Vaporeon|Scald|p2a: Rhyperior
|-supereffective|p2a: Rhyperior
|-damage|p2a: Rhyperior|0 fnt
|faint|p2a: Rhyperior
|
|-heal|p1a: Vaporeon|94/100|[from] item: Leftovers
|upkeep
|-message|Envied forfeited.
|
|win|PedroGrug
|l|☆Envied
|raw|PedroGrug's rating: 1646 &rarr; <strong>1662</strong><br />(+16 for winning)
|raw|Envied's rating: 1567 &rarr; <strong>1552</strong><br />(-15 for losing)
