|html|<div class="broadcast-blue"><strong>[Gen 8] OU is currently suspecting Melmetal! For information on how to participate check out the <a href="https://www.smogon.com/forums/threads/np-ss-ou-suspect-process-round-12-monster-mash.3709234/">suspect thread</a>.</strong></div>
|j|☆samohi0
|j|☆Kwaga
|t:|1666393927
|gametype|singles
|player|p1|samohi0|102|1718
|player|p2|Kwaga|102|1748
|teamsize|p1|6
|teamsize|p2|6
|gen|8
|tier|[Gen 8] OU
|rated|
|rule|Sleep Clause Mod: Limit one foe put to sleep
|rule|Species Clause: Limit one of each Pokémon
|rule|OHKO Clause: OHKO moves are banned
|rule|Evasion Items Clause: Evasion items are banned
|rule|Evasion Moves Clause: Evasion moves are banned
|rule|Endless Battle Clause: Forcing endless battles is banned
|rule|HP Percentage Mod: HP is shown in percentages
|rule|Dynamax Clause: You cannot dynamax
|clearpoke
|poke|p1|Dragapult, M|
|poke|p1|Urshifu-*, F|
|poke|p1|Tapu Lele|
|poke|p1|Landorus-Therian, M|
|poke|p1|Zapdos|
|poke|p1|Melmetal|
|poke|p2|Mew|
|poke|p2|Weavile, M|
|poke|p2|Crawdaunt, M|
|poke|p2|Garchomp, M|
|poke|p2|Blacephalon|
|poke|p2|Celesteela|
|teampreview
|inactive|Battle timer is ON: inactive players will automatically lose when time's up. (requested by Kwaga)
|
|t:|1666393949
|start
|switch|p1a: Zapdos|Zapdos|100/100
|switch|p2a: Mew|Mew, shiny|100/100
|turn|1
|inactive|samohi0 has 120 seconds left.
|j| Jpoxford
|
|t:|1666393988
|move|p2a: Mew|Stealth Rock|p1a: Zapdos
|-sidestart|p1: samohi0|move: Stealth Rock
|move|p1a: Zapdos|Hurricane|p2a: Mew
|-damage|p2a: Mew|55/100
|
|upkeep
|turn|2
|j| GiroBalMegaMetagro
|inactive|samohi0 has 120 seconds left.
|
|t:|1666393995
|move|p1a: Zapdos|Defog|p2a: Mew
|-unboost|p2a: Mew|evasion|1
|-sideend|p1: samohi0|Stealth Rock|[from] move: Defog|[of] p1a: Zapdos
|move|p2a: Mew|Taunt|p1a: Zapdos
|-start|p1a: Zapdos|move: Taunt
|
|upkeep
|turn|3
|
|t:|1666393998
|move|p2a: Mew|Stealth Rock|p1a: Zapdos
|-sidestart|p1: samohi0|move: Stealth Rock
|move|p1a: Zapdos|Volt Switch|p2a: Mew
|-damage|p2a: Mew|26/100
|
|t:|1666394000
|switch|p1a: Dragapult|Dragapult, M|100/100|[from]move: Volt Switch
|-damage|p1a: Dragapult|88/100|[from] Stealth Rock
|
|upkeep
|turn|4
|
|t:|1666394004
|move|p1a: Dragapult|Shadow Ball|p2a: Mew
|-supereffective|p2a: Mew
|-damage|p2a: Mew|0 fnt
|faint|p2a: Mew
|
|upkeep
|
|t:|1666394008
|switch|p2a: Crawdaunt|Crawdaunt, M, shiny|100/100
|turn|5
|
|t:|1666394011
|move|p1a: Dragapult|Shadow Ball|p2a: Crawdaunt
|-resisted|p2a: Crawdaunt
|-damage|p2a: Crawdaunt|44/100
|move|p2a: Crawdaunt|Knock Off|p1a: Dragapult
|-supereffective|p1a: Dragapult
|-damage|p1a: Dragapult|0 fnt
|-enditem|p1a: Dragapult|Choice Specs|[from] move: Knock Off|[of] p2a: Crawdaunt
|faint|p1a: Dragapult
|-damage|p2a: Crawdaunt|35/100|[from] item: Life Orb
|
|upkeep
|
|t:|1666394015
|switch|p1a: Urshifu|Urshifu-Rapid-Strike, F|100/100
|-damage|p1a: Urshifu|94/100|[from] Stealth Rock
|turn|6
|
|t:|1666394018
|move|p2a: Crawdaunt|Aqua Jet|p1a: Urshifu
|-resisted|p1a: Urshifu
|-damage|p1a: Urshifu|75/100
|-damage|p2a: Crawdaunt|25/100|[from] item: Life Orb
|move|p1a: Urshifu|U-turn|p2a: Crawdaunt
|-supereffective|p2a: Crawdaunt
|-damage|p2a: Crawdaunt|0 fnt
|faint|p2a: Crawdaunt
|
|t:|1666394024
|switch|p1a: Melmetal|Melmetal|100/100|[from]move: U-turn
|-damage|p1a: Melmetal|94/100|[from] Stealth Rock
|
|upkeep
|inactive|Kwaga has 120 seconds left.
|
|t:|1666394058
|switch|p2a: Celesteela|Celesteela, shiny|100/100
|turn|7
|j| 0SiegeWarfare
|
|t:|1666394063
|move|p2a: Celesteela|Flamethrower|p1a: Melmetal
|-supereffective|p1a: Melmetal
|-damage|p1a: Melmetal|64/100
|move|p1a: Melmetal|Thunder Punch|p2a: Celesteela
|-supereffective|p2a: Celesteela
|-damage|p2a: Celesteela|38/100
|
|upkeep
|turn|8
|
|t:|1666394066
|move|p2a: Celesteela|Flamethrower|p1a: Melmetal
|-supereffective|p1a: Melmetal
|-damage|p1a: Melmetal|36/100
|move|p1a: Melmetal|Thunder Punch|p2a: Celesteela
|-supereffective|p2a: Celesteela
|-damage|p2a: Celesteela|0 fnt
|faint|p2a: Celesteela
|
|upkeep
|
|t:|1666394073
|switch|p2a: Garchomp|Garchomp, M, shiny|100/100
|turn|9
|
|t:|1666394076
|move|p2a: Garchomp|Earthquake|p1a: Melmetal
|-supereffective|p1a: Melmetal
|-damage|p1a: Melmetal|0 fnt
|faint|p1a: Melmetal
|
|upkeep
|l| Jpoxford
|
|t:|1666394080
|switch|p1a: Tapu Lele|Tapu Lele|100/100
|-damage|p1a: Tapu Lele|88/100|[from] Stealth Rock
|-fieldstart|move: Psychic Terrain|[from] ability: Psychic Surge|[of] p1a: Tapu Lele
|turn|10
|
|t:|1666394082
|switch|p2a: Blacephalon|Blacephalon, shiny|100/100
|move|p1a: Tapu Lele|Moonblast|p2a: Blacephalon
|-resisted|p2a: Blacephalon
|-damage|p2a: Blacephalon|58/100
|-unboost|p2a: Blacephalon|spa|1
|
|upkeep
|turn|11
|
|t:|1666394084
|switch|p1a: Landorus|Landorus-Therian, M|100/100
|-damage|p1a: Landorus|88/100|[from] Stealth Rock
|-ability|p1a: Landorus|Intimidate|boost
|-unboost|p2a: Blacephalon|atk|1
|move|p2a: Blacephalon|Shadow Ball|p1a: Landorus
|-damage|p1a: Landorus|61/100
|
|-heal|p1a: Landorus|67/100|[from] item: Leftovers
|upkeep
|turn|12
|
|t:|1666394088
|move|p2a: Blacephalon|Shadow Ball|p1a: Landorus
|-damage|p1a: Landorus|42/100
|move|p1a: Landorus|Knock Off|p2a: Blacephalon
|-supereffective|p2a: Blacephalon
|-damage|p2a: Blacephalon|0 fnt
|-enditem|p2a: Blacephalon|Choice Scarf|[from] move: Knock Off|[of] p1a: Landorus
|faint|p2a: Blacephalon
|
|-heal|p1a: Landorus|48/100|[from] item: Leftovers
|upkeep
|
|t:|1666394092
|switch|p2a: Garchomp|Garchomp, M, shiny|100/100
|turn|13
|
|t:|1666394095
|move|p2a: Garchomp|Scale Shot|p1a: Landorus
|-damage|p1a: Landorus|35/100
|-damage|p1a: Landorus|22/100
|-damage|p1a: Landorus|9/100
|-damage|p1a: Landorus|0 fnt
|faint|p1a: Landorus
|-hitcount|p1: Landorus|4
|-unboost|p2a: Garchomp|def|1
|-boost|p2a: Garchomp|spe|1
|
|upkeep
|
|t:|1666394121
|switch|p1a: Zapdos|Zapdos|100/100
|turn|14
|
|t:|1666394123
|move|p2a: Garchomp|Swords Dance|p2a: Garchomp
|-boost|p2a: Garchomp|atk|2
|move|p1a: Zapdos|Hurricane|p2a: Garchomp|[miss]
|-miss|p1a: Zapdos|p2a: Garchomp
|
|-fieldend|move: Psychic Terrain
|upkeep
|turn|15
|
|t:|1666394127
|move|p2a: Garchomp|Scale Shot|p1a: Zapdos
|-damage|p1a: Zapdos|70/100
|-damage|p1a: Zapdos|38/100
|-damage|p1a: Zapdos|4/100
|-damage|p1a: Zapdos|0 fnt
|faint|p1a: Zapdos
|-hitcount|p1: Zapdos|4
|-unboost|p2a: Garchomp|def|1
|-boost|p2a: Garchomp|spe|1
|
|upkeep
|
|t:|1666394133
|switch|p1a: Urshifu|Urshifu-Rapid-Strike, F|75/100
|-damage|p1a: Urshifu|69/100|[from] Stealth Rock
|turn|16
|
|t:|1666394134
|move|p1a: Urshifu|Aqua Jet|p2a: Garchomp
|-damage|p2a: Garchomp|34/100
|-damage|p1a: Urshifu|57/100|[from] ability: Rough Skin|[of] p2a: Garchomp
|move|p2a: Garchomp|Earthquake|p1a: Urshifu
|-damage|p1a: Urshifu|0 fnt
|faint|p1a: Urshifu
|
|upkeep
|
|t:|1666394137
|switch|p1a: Tapu Lele|Tapu Lele|88/100
|-damage|p1a: Tapu Lele|76/100|[from] Stealth Rock
|-fieldstart|move: Psychic Terrain|[from] ability: Psychic Surge|[of] p1a: Tapu Lele
|turn|17
|
|t:|1666394139
|move|p2a: Garchomp|Earthquake|p1a: Tapu Lele
|-damage|p1a: Tapu Lele|0 fnt
|faint|p1a: Tapu Lele
|
|win|Kwaga
|raw|samohi0's rating: 1718 &rarr; <strong>1700</strong><br />(-18 for losing)
|raw|Kwaga's rating: 1748 &rarr; <strong>1766</strong><br />(+18 for winning)
|j| RazorForce21
|l| RazorForce21
|l|☆samohi0
|l|☆Kwaga
