|j|☆af lele.tomas
|j|☆enpathy
|t:|1631139429
|gametype|singles
|player|p1|af lele.tomas|nate|1693
|player|p2|enpathy|265|1763
|teamsize|p1|6
|teamsize|p2|6
|gen|8
|tier|[Gen 8] OU
|rated|
|rule|Sleep Clause Mod: Limit one foe put to sleep
|rule|Species Clause: Limit one of each Pokémon
|rule|OHKO Clause: OHKO moves are banned
|rule|Evasion Moves Clause: Evasion moves are banned
|rule|Endless Battle Clause: Forcing endless battles is banned
|rule|HP Percentage Mod: HP is shown in percentages
|rule|Dynamax Clause: You cannot dynamax
|clearpoke
|poke|p1|Garchomp, M|
|poke|p1|Corviknight, M|
|poke|p1|Tyranitar, M|
|poke|p1|Slowking, M|
|poke|p1|Zeraora|
|poke|p1|Clefable, M|
|poke|p2|Zapdos|
|poke|p2|Skarmory, M|
|poke|p2|Dragapult, F|
|poke|p2|Hippowdon, F|
|poke|p2|Slowking, F|
|poke|p2|Bisharp, M|
|teampreview
|
|t:|1631139458
|start
|switch|p1a: Garchomp|Garchomp, M|100/100
|switch|p2a: Dragapult|Dragapult, F|100/100
|turn|1
|
|t:|1631139463
|switch|p1a: Tyranitar|Tyranitar, M|100/100
|-weather|Sandstorm|[from] ability: Sand Stream|[of] p1a: Tyranitar
|move|p2a: Dragapult|Will-O-Wisp|p1a: Tyranitar
|-status|p1a: Tyranitar|brn
|
|-weather|Sandstorm|[upkeep]
|-damage|p2a: Dragapult|95/100|[from] Sandstorm
|-damage|p1a: Tyranitar|94/100 brn|[from] brn
|upkeep
|turn|2
|
|t:|1631139469
|move|p2a: Dragapult|U-turn|p1a: Tyranitar
|-supereffective|p1a: Tyranitar
|-damage|p1a: Tyranitar|61/100 brn
|
|t:|1631139471
|switch|p2a: Skarmory|Skarmory, M|100/100|[from]move: U-turn
|move|p1a: Tyranitar|Stealth Rock|p2a: Skarmory
|-sidestart|p2: enpathy|move: Stealth Rock
|
|-weather|Sandstorm|[upkeep]
|-heal|p1a: Tyranitar|67/100 brn|[from] item: Leftovers
|-damage|p1a: Tyranitar|61/100 brn|[from] brn
|upkeep
|turn|3
|
|t:|1631139476
|switch|p1a: Slowking|Slowking, M|100/100
|move|p2a: Skarmory|Spikes|p1a: Slowking
|-sidestart|p1: af lele.tomas|Spikes
|
|-weather|Sandstorm|[upkeep]
|-damage|p1a: Slowking|94/100|[from] Sandstorm
|upkeep
|turn|4
|j| Duragonite
|
|t:|1631139482
|switch|p2a: Bisharp|Bisharp, M|100/100
|-damage|p2a: Bisharp|95/100|[from] Stealth Rock
|move|p1a: Slowking|Flamethrower|p2a: Bisharp
|-supereffective|p2a: Bisharp
|-damage|p2a: Bisharp|0 fnt
|faint|p2a: Bisharp
|
|-weather|Sandstorm|[upkeep]
|-damage|p1a: Slowking|88/100|[from] Sandstorm
|upkeep
|
|t:|1631139485
|switch|p2a: Dragapult|Dragapult, F|95/100
|turn|5
|
|t:|1631139492
|switch|p1a: Corviknight|Corviknight, M|100/100
|-ability|p1a: Corviknight|Pressure
|move|p2a: Dragapult|Dragon Darts|p1a: Corviknight
|-resisted|p1a: Corviknight
|-damage|p1a: Corviknight|94/100
|-anim|p2a: Dragapult|Dragon Darts|p1a: Corviknight
|-resisted|p1a: Corviknight
|-damage|p1a: Corviknight|88/100
|
|-weather|none
|upkeep
|turn|6
|
|t:|1631139495
|move|p2a: Dragapult|Will-O-Wisp|p1a: Corviknight
|-status|p1a: Corviknight|brn
|move|p1a: Corviknight|Defog|p2a: Dragapult
|-unboost|p2a: Dragapult|evasion|1
|-sideend|p2: enpathy|Stealth Rock|[from] move: Defog|[of] p1a: Corviknight
|-sideend|p1: af lele.tomas|Spikes|[from] move: Defog|[of] p1a: Corviknight
|
|-damage|p1a: Corviknight|81/100 brn|[from] brn
|upkeep
|turn|7
|
|t:|1631139501
|switch|p1a: Clefable|Clefable, M|100/100
|move|p2a: Dragapult|Hex|p1a: Clefable
|-damage|p1a: Clefable|72/100
|
|-heal|p1a: Clefable|78/100|[from] item: Leftovers
|upkeep
|turn|8
|
|t:|1631139504
|move|p2a: Dragapult|Will-O-Wisp|p1a: Clefable|[miss]
|-miss|p2a: Dragapult|p1a: Clefable
|move|p1a: Clefable|Heal Bell|p1a: Clefable
|-activate|p1a: Clefable|move: Heal Bell
|-curestatus|p1: Tyranitar|brn|[msg]
|-curestatus|p1: Corviknight|brn|[msg]
|
|-heal|p1a: Clefable|85/100|[from] item: Leftovers
|upkeep
|turn|9
|-message|enpathy forfeited.
|
|win|af lele.tomas
|l|☆enpathy
|raw|af lele.tomas's rating: 1693 &rarr; <strong>1717</strong><br />(+24 for winning)
|raw|enpathy's rating: 1764 &rarr; <strong>1740</strong><br />(-24 for losing)
