|j|☆Jucherz
|j|☆Rediyu
|t:|1661686769
|gametype|singles
|player|p1|Jucherz|preschooler|1545
|player|p2|Rediyu|guitarist|1542
|teamsize|p1|6
|teamsize|p2|6
|gen|8
|tier|[Gen 8] OU
|rated|
|rule|Sleep Clause Mod: Limit one foe put to sleep
|rule|Species Clause: Limit one of each Pokémon
|rule|OHKO Clause: OHKO moves are banned
|rule|Evasion Items Clause: Evasion items are banned
|rule|Evasion Moves Clause: Evasion moves are banned
|rule|Endless Battle Clause: Forcing endless battles is banned
|rule|HP Percentage Mod: HP is shown in percentages
|rule|Dynamax Clause: You cannot dynamax
|clearpoke
|poke|p1|Blaziken, F|
|poke|p1|Rotom-Wash|
|poke|p1|Rillaboom, F|
|poke|p1|Weavile, F|
|poke|p1|Corviknight, F|
|poke|p1|Kommo-o, F|
|poke|p2|Rillaboom, F|
|poke|p2|Tornadus-Therian, M|
|poke|p2|Blaziken, F|
|poke|p2|Melmetal|
|poke|p2|Garchomp, F|
|poke|p2|Slowbro, M|
|teampreview
|
|t:|1661686783
|start
|switch|p1a: Weavile|Weavile, F|100/100
|switch|p2a: Tornadus|Tornadus-Therian, M|100/100
|turn|1
|inactive|Battle timer is ON: inactive players will automatically lose when time's up. (requested by Jucherz)
|
|t:|1661686794
|move|p1a: Weavile|Knock Off|p2a: Tornadus
|-damage|p2a: Tornadus|52/100
|-enditem|p2a: Tornadus|Heavy-Duty Boots|[from] move: Knock Off|[of] p1a: Weavile
|move|p2a: Tornadus|U-turn|p1a: Weavile
|-supereffective|p1a: Weavile
|-damage|p1a: Weavile|48/100
|
|t:|1661686799
|switch|p2a: Rillaboom|Rillaboom, F|100/100|[from]move: U-turn
|-fieldstart|move: Grassy Terrain|[from] ability: Grassy Surge|[of] p2a: Rillaboom
|
|-heal|p1a: Weavile|54/100|[from] Grassy Terrain
|upkeep
|turn|2
|
|t:|1661686807
|switch|p1a: Corviknight|Corviknight, F|100/100
|-ability|p1a: Corviknight|Pressure
|move|p2a: Rillaboom|Knock Off|p1a: Corviknight
|-damage|p1a: Corviknight|79/100
|-damage|p2a: Rillaboom|84/100|[from] item: Rocky Helmet|[of] p1a: Corviknight
|-enditem|p1a: Corviknight|Rocky Helmet|[from] move: Knock Off|[of] p2a: Rillaboom
|
|-heal|p2a: Rillaboom|90/100|[from] Grassy Terrain
|-heal|p2a: Rillaboom|96/100|[from] item: Leftovers
|upkeep
|turn|3
|
|t:|1661686819
|switch|p2a: Tornadus|Tornadus-Therian, M|85/100
|switch|p1a: Weavile|Weavile, F|54/100
|
|-heal|p1a: Weavile|60/100|[from] Grassy Terrain
|upkeep
|turn|4
|
|t:|1661686827
|switch|p2a: Slowbro|Slowbro, M|100/100
|move|p1a: Weavile|Swords Dance|p1a: Weavile
|-boost|p1a: Weavile|atk|2
|
|-heal|p1a: Weavile|66/100|[from] Grassy Terrain
|upkeep
|turn|5
|
|t:|1661686837
|switch|p2a: Blaziken|Blaziken, F|100/100
|move|p1a: Weavile|Knock Off|p2a: Blaziken
|-resisted|p2a: Blaziken
|-damage|p2a: Blaziken|41/100
|-enditem|p2a: Blaziken|Leftovers|[from] move: Knock Off|[of] p1a: Weavile
|
|-heal|p1a: Weavile|72/100|[from] Grassy Terrain
|-heal|p2a: Blaziken|47/100|[from] Grassy Terrain
|-fieldend|move: Grassy Terrain
|upkeep
|turn|6
|
|t:|1661686850
|move|p1a: Weavile|Triple Axel|p2a: Blaziken
|-resisted|p2a: Blaziken
|-damage|p2a: Blaziken|32/100
|-resisted|p2a: Blaziken
|-damage|p2a: Blaziken|5/100
|-resisted|p2a: Blaziken
|-damage|p2a: Blaziken|0 fnt
|faint|p2a: Blaziken
|-hitcount|p2: Blaziken|3
|
|upkeep
|-message|Rediyu forfeited.
|
|win|Jucherz
|raw|Jucherz's rating: 1545 &rarr; <strong>1565</strong><br />(+20 for winning)
|raw|Rediyu's rating: 1542 &rarr; <strong>1522</strong><br />(-20 for losing)
|l|☆Rediyu
