|j|☆groundt
|j|☆Croakgunk Vibes
|player|p1|groundt|winona-gen3|1467
|player|p2|Croakgunk Vibes|flannery|1400
|teamsize|p1|6
|teamsize|p2|6
|gametype|singles
|gen|8
|tier|[Gen 8] OU
|rated|
|rule|Sleep Clause Mod: Limit one foe put to sleep
|rule|Species Clause: Limit one of each Pokémon
|rule|OHKO Clause: OHKO moves are banned
|rule|Evasion Moves Clause: Evasion moves are banned
|rule|Endless Battle Clause: Forcing endless battles is banned
|rule|HP Percentage Mod: HP is shown in percentages
|clearpoke
|poke|p1|Bronzong|
|poke|p1|Hatterene, F|
|poke|p1|Vikavolt, F|
|poke|p1|Musharna, M|
|poke|p1|Snorlax, F|
|poke|p1|Toxtricity, F|
|poke|p2|Corviknight, M|
|poke|p2|Seismitoad, M|
|poke|p2|Clefable, F|
|poke|p2|Dragapult, M|
|poke|p2|Darmanitan-Galar, M|
|poke|p2|Cinderace, F|
|teampreview
|inactive|Battle timer is ON: inactive players will automatically lose when time's up. (requested by Croakgunk Vibes)
|
|start
|switch|p1a: Bronzong|Bronzong|100/100
|switch|p2a: Cinderace|Cinderace, F|100/100
|turn|1
|
|move|p2a: Cinderace|Pyro Ball|p1a: Bronzong
|-supereffective|p1a: Bronzong
|-damage|p1a: Bronzong|52/100
|move|p1a: Bronzong|Trick Room|p1a: Bronzong
|-fieldstart|move: Trick Room|[of] p1a: Bronzong
|
|upkeep
|turn|2
|
|switch|p2a: Corviknight|Corviknight, M|100/100
|-ability|p2a: Corviknight|Pressure
|move|p1a: Bronzong|Steel Beam|p2a: Corviknight
|-resisted|p2a: Corviknight
|-damage|p2a: Corviknight|76/100
|-damage|p1a: Bronzong|2/100|[from] mindblown
|
|-heal|p2a: Corviknight|82/100|[from] item: Leftovers
|upkeep
|turn|3
|
|move|p1a: Bronzong|Stealth Rock|p2a: Corviknight
|-sidestart|p2: Croakgunk Vibes|move: Stealth Rock
|move|p2a: Corviknight|Roost|p2a: Corviknight
|-heal|p2a: Corviknight|100/100
|-singleturn|p2a: Corviknight|move: Roost
|
|upkeep
|turn|4
|
|move|p1a: Bronzong|Steel Beam|p2a: Corviknight
|-resisted|p2a: Corviknight
|-damage|p2a: Corviknight|79/100
|-damage|p1a: Bronzong|0 fnt|[from] mindblown
|faint|p1a: Bronzong
|move|p2a: Corviknight|Defog|p1: Bronzong|[notarget]
|-fail|p2a: Corviknight
|
|-heal|p2a: Corviknight|85/100|[from] item: Leftovers
|upkeep
|
|switch|p1a: Vikavolt|Vikavolt, F|100/100
|turn|5
|
|switch|p2a: Clefable|Clefable, F|100/100
|move|p1a: Vikavolt|Thunderbolt|p2a: Clefable
|-damage|p2a: Clefable|61/100
|
|-heal|p2a: Clefable|67/100|[from] item: Leftovers
|-fieldend|move: Trick Room
|upkeep
|turn|6
|
|switch|p1a: Musharna|Musharna, M|100/100
|-activate|p1a: Musharna|ability: Forewarn|Moonblast|[of] p2a: Clefable
|move|p2a: Clefable|Wish|p2a: Clefable
|
|-heal|p2a: Clefable|73/100|[from] item: Leftovers
|upkeep
|turn|7
|
|move|p2a: Clefable|Moonblast|p1a: Musharna
|-damage|p1a: Musharna|74/100
|move|p1a: Musharna|Trick Room|p1a: Musharna
|-fieldstart|move: Trick Room|[of] p1a: Musharna
|
|-heal|p2a: Clefable|100/100|[from] move: Wish|[wisher] Clefable
|upkeep
|turn|8
|
|switch|p1a: Snorlax|Snorlax, F|100/100
|move|p2a: Clefable|Wish|p2a: Clefable
|
|upkeep
|turn|9
|
|switch|p2a: Corviknight|Corviknight, M|85/100
|-damage|p2a: Corviknight|72/100|[from] Stealth Rock
|-ability|p2a: Corviknight|Pressure
|move|p1a: Snorlax|Belly Drum|p1a: Snorlax
|-damage|p1a: Snorlax|50/100
|-setboost|p1a: Snorlax|atk|6|[from] move: Belly Drum
|-enditem|p1a: Snorlax|Aguav Berry|[eat]
|-heal|p1a: Snorlax|83/100|[from] item: Aguav Berry
|
|-heal|p2a: Corviknight|100/100|[from] move: Wish|[wisher] Clefable
|upkeep
|turn|10
|
|switch|p2a: Seismitoad|Seismitoad, M, shiny|100/100
|-damage|p2a: Seismitoad|94/100|[from] Stealth Rock
|move|p1a: Snorlax|Darkest Lariat|p2a: Seismitoad
|-damage|p2a: Seismitoad|14/100
|
|-heal|p2a: Seismitoad|20/100|[from] item: Leftovers
|upkeep
|turn|11
|
|move|p2a: Seismitoad|Protect|p2a: Seismitoad
|-singleturn|p2a: Seismitoad|Protect
|move|p1a: Snorlax|Darkest Lariat|p2a: Seismitoad
|-activate|p2a: Seismitoad|move: Protect
|
|-heal|p2a: Seismitoad|26/100|[from] item: Leftovers
|-fieldend|move: Trick Room
|upkeep
|turn|12
|
|move|p2a: Seismitoad|Toxic|p1a: Snorlax
|-status|p1a: Snorlax|tox
|move|p1a: Snorlax|Darkest Lariat|p2a: Seismitoad
|-damage|p2a: Seismitoad|0 fnt
|faint|p2a: Seismitoad
|
|-damage|p1a: Snorlax|77/100 tox|[from] psn
|upkeep
|
|switch|p2a: Darmanitan|Darmanitan-Galar, M|100/100
|-damage|p2a: Darmanitan|76/100|[from] Stealth Rock
|turn|13
|
|-start|p2a: Darmanitan|Dynamax
|-heal|p2a: Darmanitan|76/100|[silent]
|-start|p1a: Snorlax|Dynamax
|-formechange|p1a: Snorlax|Snorlax-Gmax|
|-heal|p1a: Snorlax|77/100 tox|[silent]
|move|p2a: Darmanitan|Max Flare|p1a: Snorlax
|-damage|p1a: Snorlax|53/100 tox
|-weather|SunnyDay
|move|p1a: Snorlax|G-Max Replenish|p2a: Darmanitan
|-damage|p2a: Darmanitan|0 fnt
|-item|p1a: Snorlax|Aguav Berry|[from] move: G-Max Replenish
|faint|p2a: Darmanitan
|
|-weather|SunnyDay|[upkeep]
|-damage|p1a: Snorlax|41/100 tox|[from] psn
|upkeep
|-enditem|p1a: Snorlax|Aguav Berry|[eat]
|-heal|p1a: Snorlax|74/100 tox|[from] item: Aguav Berry
|
|switch|p2a: Clefable|Clefable, F|100/100
|turn|14
|
|move|p2a: Clefable|Protect|p2a: Clefable
|-singleturn|p2a: Clefable|Protect
|move|p1a: Snorlax|G-Max Replenish|p2a: Clefable
|-zbroken|p2a: Clefable
|-damage|p2a: Clefable|35/100
|-item|p1a: Snorlax|Aguav Berry|[from] move: G-Max Replenish
|
|-weather|SunnyDay|[upkeep]
|-heal|p2a: Clefable|41/100|[from] item: Leftovers
|-damage|p1a: Snorlax|55/100 tox|[from] psn
|upkeep
|turn|15
|
|move|p2a: Clefable|Moonblast|p1a: Snorlax
|-damage|p1a: Snorlax|46/100 tox
|-enditem|p1a: Snorlax|Aguav Berry|[eat]
|-heal|p1a: Snorlax|79/100 tox|[from] item: Aguav Berry
|move|p1a: Snorlax|Max Darkness|p2a: Clefable
|-resisted|p2a: Clefable
|-damage|p2a: Clefable|0 fnt
|faint|p2a: Clefable
|
|-weather|SunnyDay|[upkeep]
|-damage|p1a: Snorlax|54/100 tox|[from] psn
|-end|p1a: Snorlax|Dynamax
|-formechange|p1a: Snorlax|Snorlax|
|-heal|p1a: Snorlax|54/100 tox|[silent]
|upkeep
|
|switch|p2a: Dragapult|Dragapult, M|100/100
|-damage|p2a: Dragapult|88/100|[from] Stealth Rock
|turn|16
|
|move|p2a: Dragapult|Draco Meteor|p1a: Snorlax
|-damage|p1a: Snorlax|1/100 tox
|-unboost|p2a: Dragapult|spa|2
|move|p1a: Snorlax|Darkest Lariat|p2a: Dragapult
|-supereffective|p2a: Dragapult
|-damage|p2a: Dragapult|0 fnt
|faint|p2a: Dragapult
|
|-weather|SunnyDay|[upkeep]
|-damage|p1a: Snorlax|0 fnt|[from] psn
|faint|p1a: Snorlax
|upkeep
|
|switch|p2a: Cinderace|Cinderace, F|100/100
|switch|p1a: Musharna|Musharna, M|74/100
|-activate|p1a: Musharna|ability: Forewarn|Pyro Ball|[of] p2a: Cinderace
|turn|17
|
|move|p2a: Cinderace|Pyro Ball|p1a: Musharna
|-damage|p1a: Musharna|18/100
|move|p1a: Musharna|Trick Room|p1a: Musharna
|-fieldstart|move: Trick Room|[of] p1a: Musharna
|
|-weather|none
|upkeep
|turn|18
|
|move|p1a: Musharna|Healing Wish|p1a: Musharna
|faint|p1a: Musharna
|move|p2a: Cinderace|Pyro Ball|p1: Musharna|[notarget]
|-fail|p2a: Cinderace
|
|upkeep
|
|switch|p1a: Hatterene|Hatterene, F|100/100
|-heal|p1a: Hatterene|100/100|[from] move: Healing Wish
|turn|19
|
|move|p1a: Hatterene|Psychic|p2a: Cinderace
|-damage|p2a: Cinderace|24/100
|move|p2a: Cinderace|Pyro Ball|p1a: Hatterene
|-damage|p1a: Hatterene|6/100
|-status|p1a: Hatterene|brn
|
|-heal|p1a: Hatterene|12/100 brn|[from] item: Leftovers
|-damage|p1a: Hatterene|6/100 brn|[from] brn
|upkeep
|turn|20
|
|move|p2a: Cinderace|Sucker Punch|p1a: Hatterene
|-damage|p1a: Hatterene|0 fnt
|faint|p1a: Hatterene
|
|upkeep
|
|switch|p1a: Vikavolt|Vikavolt, F|100/100
|turn|21
|
|switch|p2a: Corviknight|Corviknight, M|100/100
|-damage|p2a: Corviknight|88/100|[from] Stealth Rock
|-ability|p2a: Corviknight|Pressure
|move|p1a: Vikavolt|Thunderbolt|p2a: Corviknight
|-supereffective|p2a: Corviknight
|-damage|p2a: Corviknight|3/100
|
|-heal|p2a: Corviknight|10/100|[from] item: Leftovers
|-fieldend|move: Trick Room
|upkeep
|turn|22
|
|move|p2a: Corviknight|Brave Bird|p1a: Vikavolt
|-damage|p1a: Vikavolt|59/100
|-damage|p2a: Corviknight|0 fnt|[from] Recoil
|faint|p2a: Corviknight
|move|p1a: Vikavolt|Thunderbolt|p2: Corviknight|[notarget]
|-fail|p1a: Vikavolt
|
|upkeep
|
|switch|p2a: Cinderace|Cinderace, F|24/100
|turn|23
|
|move|p2a: Cinderace|Pyro Ball|p1a: Vikavolt
|-supereffective|p1a: Vikavolt
|-crit|p1a: Vikavolt
|-damage|p1a: Vikavolt|0 fnt
|faint|p1a: Vikavolt
|
|upkeep
|
|switch|p1a: Toxtricity|Toxtricity, F|100/100
|turn|24
|
|move|p1a: Toxtricity|Overdrive|p2a: Cinderace
|-damage|p2a: Cinderace|0 fnt
|faint|p2a: Cinderace
|
|win|groundt
|l|☆Croakgunk Vibes
||Ladder (probably) updated, but score could not be retrieved (Response not received).
|error|Unexpected response null from ladder server.
