|j|☆Corumba
|j|☆Brelele
|t:|1608498888
|player|p1|Corumba|schoolkid-gen4|1562
|player|p2|Brelele|candice|1546
|teamsize|p1|6
|teamsize|p2|6
|gametype|singles
|gen|8
|tier|[Gen 8] OU
|rated|
|clearpoke
|poke|p1|Tangrowth, M|
|poke|p1|Dragapult, M|
|poke|p1|Tyranitar, M|
|poke|p1|Excadrill, M|
|poke|p1|Celesteela|
|poke|p1|Garchomp, M|
|poke|p2|Obstagoon, M|
|poke|p2|Spectrier|
|poke|p2|Toxapex, M|
|poke|p2|Landorus-Therian, M|
|poke|p2|Moltres|
|poke|p2|Clefable, M|
|rule|Sleep Clause Mod: Limit one foe put to sleep
|rule|Species Clause: Limit one of each Pokémon
|rule|OHKO Clause: OHKO moves are banned
|rule|Evasion Moves Clause: Evasion moves are banned
|rule|Endless Battle Clause: Forcing endless battles is banned
|rule|HP Percentage Mod: HP is shown in percentages
|rule|Dynamax Clause: You cannot dynamax
|teampreview
|inactive|Battle timer is ON: inactive players will automatically lose when time's up. (requested by Brelele)
|
|t:|1608498903
|start
|switch|p1a: Tangrowth|Tangrowth, M|100/100
|switch|p2a: Landorus|Landorus-Therian, M|100/100
|-ability|p2a: Landorus|Intimidate|boost
|-unboost|p1a: Tangrowth|atk|1
|turn|1
|
|t:|1608498910
|move|p2a: Landorus|U-turn|p1a: Tangrowth
|-supereffective|p1a: Tangrowth
|-damage|p1a: Tangrowth|71/100
|-damage|p2a: Landorus|84/100|[from] item: Rocky Helmet|[of] p1a: Tangrowth
|
|t:|1608498928
|switch|p2a: Moltres|Moltres|100/100|[from]move: U-turn
|-ability|p2a: Moltres|Pressure
|move|p1a: Tangrowth|Knock Off|p2a: Moltres
|-damage|p2a: Moltres|87/100
|-enditem|p2a: Moltres|Heavy-Duty Boots|[from] move: Knock Off|[of] p1a: Tangrowth
|
|upkeep
|turn|2
|
|t:|1608498936
|switch|p1a: Tyranitar|Tyranitar, M|100/100
|-weather|Sandstorm|[from] ability: Sand Stream|[of] p1a: Tyranitar
|move|p2a: Moltres|Scorching Sands|p1a: Tyranitar
|-supereffective|p1a: Tyranitar
|-damage|p1a: Tyranitar|85/100
|
|-weather|Sandstorm|[upkeep]
|-damage|p2a: Moltres|81/100|[from] Sandstorm
|-heal|p1a: Tyranitar|91/100|[from] item: Leftovers
|upkeep
|turn|3
|
|t:|1608498946
|switch|p2a: agent goon|Obstagoon, M|100/100
|move|p1a: Tyranitar|Stealth Rock|p2a: agent goon
|-sidestart|p2: Brelele|move: Stealth Rock
|
|-weather|Sandstorm|[upkeep]
|-damage|p2a: agent goon|94/100|[from] Sandstorm
|-heal|p1a: Tyranitar|97/100|[from] item: Leftovers
|-status|p2a: agent goon|brn|[from] item: Flame Orb
|upkeep
|turn|4
|
|t:|1608498974
|switch|p1a: Garchomp|Garchomp, M|100/100
|move|p2a: agent goon|Close Combat|p1a: Garchomp
|-damage|p1a: Garchomp|53/100
|-unboost|p2a: agent goon|def|1
|-unboost|p2a: agent goon|spd|1
|-damage|p2a: agent goon|82/100 brn|[from] ability: Rough Skin|[of] p1a: Garchomp
|
|-weather|Sandstorm|[upkeep]
|-damage|p2a: agent goon|76/100 brn|[from] Sandstorm
|-heal|p1a: Garchomp|59/100|[from] item: Leftovers
|-damage|p2a: agent goon|70/100 brn|[from] brn
|upkeep
|turn|5
|
|t:|1608498987
|switch|p2a: Clefable|Clefable, M|100/100
|move|p1a: Garchomp|Earthquake|p2a: Clefable
|-crit|p2a: Clefable
|-damage|p2a: Clefable|54/100
|
|-weather|Sandstorm|[upkeep]
|-heal|p1a: Garchomp|65/100|[from] item: Leftovers
|-heal|p2a: Clefable|60/100|[from] item: Leftovers
|upkeep
|turn|6
|
|t:|1608499003
|switch|p1a: Excadrill|Excadrill, M|100/100
|move|p2a: Clefable|Soft-Boiled|p2a: Clefable
|-heal|p2a: Clefable|100/100
|
|-weather|none
|upkeep
|turn|7
|
|t:|1608499016
|switch|p2a: Moltres|Moltres|81/100
|-damage|p2a: Moltres|31/100|[from] Stealth Rock
|-ability|p2a: Moltres|Pressure
|move|p1a: Excadrill|Iron Head|p2a: Moltres
|-resisted|p2a: Moltres
|-damage|p2a: Moltres|10/100
|
|upkeep
|turn|8
|
|t:|1608499028
|switch|p1a: Tyranitar|Tyranitar, M|97/100
|-weather|Sandstorm|[from] ability: Sand Stream|[of] p1a: Tyranitar
|move|p2a: Moltres|Defog|p1a: Tyranitar
|-unboost|p1a: Tyranitar|evasion|1
|-sideend|p2: Brelele|Stealth Rock|[from] move: Defog|[of] p2a: Moltres
|
|-weather|Sandstorm|[upkeep]
|-damage|p2a: Moltres|4/100|[from] Sandstorm
|-heal|p1a: Tyranitar|100/100|[from] item: Leftovers
|upkeep
|turn|9
|
|t:|1608499035
|move|p2a: Moltres|Roost|p2a: Moltres
|-heal|p2a: Moltres|55/100
|-singleturn|p2a: Moltres|move: Roost
|move|p1a: Tyranitar|Stealth Rock|p2a: Moltres
|-sidestart|p2: Brelele|move: Stealth Rock
|
|-weather|Sandstorm|[upkeep]
|-damage|p2a: Moltres|49/100|[from] Sandstorm
|upkeep
|turn|10
|
|t:|1608499037
|move|p2a: Moltres|Roost|p2a: Moltres
|-heal|p2a: Moltres|99/100
|-singleturn|p2a: Moltres|move: Roost
|move|p1a: Tyranitar|Toxic|p2a: Moltres
|-status|p2a: Moltres|tox
|
|-weather|Sandstorm|[upkeep]
|-damage|p2a: Moltres|93/100 tox|[from] Sandstorm
|-damage|p2a: Moltres|87/100 tox|[from] psn
|upkeep
|turn|11
|
|t:|1608499044
|switch|p2a: agent goon|Obstagoon, M|70/100 brn
|-damage|p2a: agent goon|58/100 brn|[from] Stealth Rock
|move|p1a: Tyranitar|Stealth Rock||[still]
|-fail|p1a: Tyranitar
|
|-weather|Sandstorm|[upkeep]
|-damage|p2a: agent goon|52/100 brn|[from] Sandstorm
|-damage|p2a: agent goon|45/100 brn|[from] brn
|upkeep
|turn|12
|
|t:|1608499052
|switch|p1a: Tangrowth|Tangrowth, M|100/100
|move|p2a: agent goon|Close Combat|p1a: Tangrowth
|-damage|p1a: Tangrowth|75/100
|-unboost|p2a: agent goon|def|1
|-unboost|p2a: agent goon|spd|1
|-damage|p2a: agent goon|29/100 brn|[from] item: Rocky Helmet|[of] p1a: Tangrowth
|
|-weather|none
|-damage|p2a: agent goon|23/100 brn|[from] brn
|upkeep
|turn|13
|
|t:|1608499062
|move|p2a: agent goon|Facade|p1a: Tangrowth
|-damage|p1a: Tangrowth|22/100
|-damage|p2a: agent goon|6/100 brn|[from] item: Rocky Helmet|[of] p1a: Tangrowth
|move|p1a: Tangrowth|Giga Drain|p2a: agent goon
|-damage|p2a: agent goon|0 fnt
|-heal|p1a: Tangrowth|25/100|[from] drain|[of] p2a: agent goon
|faint|p2a: agent goon
|
|upkeep
|
|t:|1608499072
|switch|p2a: Spectrier|Spectrier|100/100
|-damage|p2a: Spectrier|88/100|[from] Stealth Rock
|turn|14
|
|t:|1608499076
|switch|p1a: Tyranitar|Tyranitar, M|100/100
|-weather|Sandstorm|[from] ability: Sand Stream|[of] p1a: Tyranitar
|move|p2a: Spectrier|Shadow Ball|p1a: Tyranitar
|-resisted|p1a: Tyranitar
|-damage|p1a: Tyranitar|88/100
|
|-weather|Sandstorm|[upkeep]
|-damage|p2a: Spectrier|82/100|[from] Sandstorm
|-heal|p1a: Tyranitar|94/100|[from] item: Leftovers
|upkeep
|turn|15
|
|t:|1608499083
|switch|p2a: Clefable|Clefable, M|100/100
|move|p1a: Tyranitar|Toxic|p2a: Clefable
|-status|p2a: Clefable|tox
|
|-weather|Sandstorm|[upkeep]
|-heal|p1a: Tyranitar|99/100|[from] item: Leftovers
|upkeep
|turn|16
|
|t:|1608499098
|move|p2a: Clefable|Stealth Rock|p1a: Tyranitar
|-sidestart|p1: Corumba|move: Stealth Rock
|move|p1a: Tyranitar|Roar|p2a: Clefable
|drag|p2a: Landorus|Landorus-Therian, M|84/100
|-damage|p2a: Landorus|72/100|[from] Stealth Rock
|-ability|p2a: Landorus|Intimidate|boost
|-unboost|p1a: Tyranitar|atk|1
|
|-weather|Sandstorm|[upkeep]
|-heal|p1a: Tyranitar|100/100|[from] item: Leftovers
|upkeep
|turn|17
|
|t:|1608499108
|switch|p1a: Tangrowth|Tangrowth, M|58/100
|-damage|p1a: Tangrowth|46/100|[from] Stealth Rock
|move|p2a: Landorus|Earthquake|p1a: Tangrowth
|-resisted|p1a: Tangrowth
|-damage|p1a: Tangrowth|30/100
|
|-weather|Sandstorm|[upkeep]
|-damage|p1a: Tangrowth|24/100|[from] Sandstorm
|upkeep
|turn|18
|
|t:|1608499115
|switch|p2a: Spectrier|Spectrier|82/100
|-damage|p2a: Spectrier|70/100|[from] Stealth Rock
|move|p1a: Tangrowth|Knock Off|p2a: Spectrier
|-supereffective|p2a: Spectrier
|-damage|p2a: Spectrier|0 fnt
|-enditem|p2a: Spectrier|Choice Specs|[from] move: Knock Off|[of] p1a: Tangrowth
|faint|p2a: Spectrier
|
|-weather|none
|upkeep
|
|t:|1608499126
|switch|p2a: Landorus|Landorus-Therian, M|72/100
|-damage|p2a: Landorus|59/100|[from] Stealth Rock
|-ability|p2a: Landorus|Intimidate|boost
|-unboost|p1a: Tangrowth|atk|1
|turn|19
|
|t:|1608499133
|switch|p1a: Garchomp|Garchomp, M|65/100
|-damage|p1a: Garchomp|59/100|[from] Stealth Rock
|move|p2a: Landorus|U-turn|p1a: Garchomp
|-damage|p1a: Garchomp|36/100
|-damage|p2a: Landorus|47/100|[from] ability: Rough Skin|[of] p1a: Garchomp
|
|t:|1608499138
|switch|p2a: Clefable|Clefable, M|100/100 tox|[from]move: U-turn
|
|-heal|p1a: Garchomp|42/100|[from] item: Leftovers
|upkeep
|turn|20
|
|t:|1608499145
|switch|p1a: Excadrill|Excadrill, M|100/100
|-damage|p1a: Excadrill|97/100|[from] Stealth Rock
|move|p2a: Clefable|Moonblast|p1a: Excadrill
|-resisted|p1a: Excadrill
|-damage|p1a: Excadrill|78/100
|-unboost|p1a: Excadrill|spa|1
|
|upkeep
|turn|21
|
|t:|1608499156
|switch|p1a: Celesteela|Celesteela|100/100
|-damage|p1a: Celesteela|88/100|[from] Stealth Rock
|switch|p2a: Moltres|Moltres|87/100 tox
|-damage|p2a: Moltres|37/100 tox|[from] Stealth Rock
|-ability|p2a: Moltres|Pressure
|
|-heal|p1a: Celesteela|94/100|[from] item: Leftovers
|-damage|p2a: Moltres|31/100 tox|[from] psn
|upkeep
|turn|22
|
|t:|1608499166
|switch|p1a: Dragapult|Dragapult, M|100/100
|-damage|p1a: Dragapult|88/100|[from] Stealth Rock
|move|p2a: Moltres|Roost|p2a: Moltres
|-heal|p2a: Moltres|81/100 tox
|-singleturn|p2a: Moltres|move: Roost
|
|-heal|p1a: Dragapult|94/100|[from] item: Leftovers
|-damage|p2a: Moltres|69/100 tox|[from] psn
|upkeep
|turn|23
|
|t:|1608499170
|move|p1a: Dragapult|Substitute|p1a: Dragapult
|-start|p1a: Dragapult|Substitute
|-damage|p1a: Dragapult|69/100
|move|p2a: Moltres|Mystical Fire|p1a: Dragapult
|-resisted|p1a: Dragapult
|-activate|p1a: Dragapult|move: Substitute|[damage]
|
|-heal|p1a: Dragapult|75/100|[from] item: Leftovers
|-damage|p2a: Moltres|51/100 tox|[from] psn
|upkeep
|turn|24
|
|t:|1608499179
|move|p1a: Dragapult|Hex|p2a: Moltres
|-damage|p2a: Moltres|6/100 tox
|move|p2a: Moltres|Scorching Sands|p1a: Dragapult
|-end|p1a: Dragapult|Substitute
|
|-heal|p1a: Dragapult|81/100|[from] item: Leftovers
|-damage|p2a: Moltres|0 fnt|[from] psn
|faint|p2a: Moltres
|upkeep
|
|t:|1608499184
|switch|p2a: Landorus|Landorus-Therian, M|47/100
|-damage|p2a: Landorus|35/100|[from] Stealth Rock
|-ability|p2a: Landorus|Intimidate|boost
|-unboost|p1a: Dragapult|atk|1
|turn|25
|
|t:|1608499192
|switch|p1a: Tangrowth|Tangrowth, M|57/100
|-damage|p1a: Tangrowth|45/100|[from] Stealth Rock
|move|p2a: Landorus|Knock Off|p1a: Tangrowth
|-damage|p1a: Tangrowth|25/100
|-damage|p2a: Landorus|18/100|[from] item: Rocky Helmet|[of] p1a: Tangrowth
|-enditem|p1a: Tangrowth|Rocky Helmet|[from] move: Knock Off|[of] p2a: Landorus
|
|upkeep
|turn|26
|
|t:|1608499201
|switch|p2a: Toxapex|Toxapex, M|100/100
|-damage|p2a: Toxapex|88/100|[from] Stealth Rock
|move|p1a: Tangrowth|Knock Off|p2a: Toxapex
|-damage|p2a: Toxapex|74/100
|-damage|p1a: Tangrowth|9/100|[from] item: Rocky Helmet|[of] p2a: Toxapex
|-enditem|p2a: Toxapex|Rocky Helmet|[from] move: Knock Off|[of] p1a: Tangrowth
|
|upkeep
|turn|27
|
|t:|1608499206
|move|p1a: Tangrowth|Sleep Powder|p2a: Toxapex
|-status|p2a: Toxapex|slp|[from] move: Sleep Powder
|cant|p2a: Toxapex|slp
|
|upkeep
|turn|28
|
|t:|1608499213
|switch|p1a: Celesteela|Celesteela|94/100
|-damage|p1a: Celesteela|82/100|[from] Stealth Rock
|-curestatus|p2a: Toxapex|slp|[msg]
|move|p2a: Toxapex|Toxic Spikes|p1a: Celesteela
|-sidestart|p1: Corumba|move: Toxic Spikes
|
|-heal|p1a: Celesteela|88/100|[from] item: Leftovers
|upkeep
|turn|29
|
|t:|1608499219
|move|p1a: Celesteela|Substitute|p1a: Celesteela
|-start|p1a: Celesteela|Substitute
|-damage|p1a: Celesteela|63/100
|move|p2a: Toxapex|Scald|p1a: Celesteela
|-activate|p1a: Celesteela|move: Substitute|[damage]
|
|-heal|p1a: Celesteela|69/100|[from] item: Leftovers
|upkeep
|turn|30
|
|t:|1608499226
|move|p1a: Celesteela|Leech Seed|p2a: Toxapex
|-start|p2a: Toxapex|move: Leech Seed
|move|p2a: Toxapex|Scald|p1a: Celesteela
|-end|p1a: Celesteela|Substitute
|
|-heal|p1a: Celesteela|75/100|[from] item: Leftovers
|-damage|p2a: Toxapex|62/100|[from] Leech Seed|[of] p1a: Celesteela
|-heal|p1a: Celesteela|85/100|[silent]
|upkeep
|turn|31
|
|t:|1608499229
|switch|p2a: Clefable|Clefable, M|100/100 tox
|move|p1a: Celesteela|Substitute|p1a: Celesteela
|-start|p1a: Celesteela|Substitute
|-damage|p1a: Celesteela|60/100
|
|-heal|p1a: Celesteela|66/100|[from] item: Leftovers
|upkeep
|turn|32
|
|t:|1608499235
|move|p1a: Celesteela|Meteor Beam||[still]
|-prepare|p1a: Celesteela|Meteor Beam
|-boost|p1a: Celesteela|spa|1
|move|p2a: Clefable|Moonblast|p1a: Celesteela
|-resisted|p1a: Celesteela
|-activate|p1a: Celesteela|move: Substitute|[damage]
|
|-heal|p1a: Celesteela|72/100|[from] item: Leftovers
|upkeep
|turn|33
|
|t:|1608499250
|move|p1a: Celesteela|Meteor Beam|p2a: Clefable|[from]lockedmove
|-damage|p2a: Clefable|62/100 tox
|move|p2a: Clefable|Wish|p2a: Clefable
|
|-heal|p1a: Celesteela|78/100|[from] item: Leftovers
|-heal|p2a: Clefable|68/100 tox|[from] item: Leftovers
|upkeep
|turn|34
|
|t:|1608499261
|switch|p2a: Toxapex|Toxapex, M|95/100
|-damage|p2a: Toxapex|83/100|[from] Stealth Rock
|move|p1a: Celesteela|Air Slash|p2a: Toxapex
|-damage|p2a: Toxapex|51/100
|
|-heal|p2a: Toxapex|100/100|[from] move: Wish|[wisher] Clefable
|-heal|p1a: Celesteela|84/100|[from] item: Leftovers
|upkeep
|turn|35
|
|t:|1608499267
|move|p1a: Celesteela|Leech Seed|p2a: Toxapex
|-start|p2a: Toxapex|move: Leech Seed
|move|p2a: Toxapex|Haze|p2a: Toxapex
|-clearallboost
|
|-heal|p1a: Celesteela|90/100|[from] item: Leftovers
|-damage|p2a: Toxapex|88/100|[from] Leech Seed|[of] p1a: Celesteela
|-heal|p1a: Celesteela|99/100|[silent]
|upkeep
|turn|36
|
|t:|1608499271
|move|p1a: Celesteela|Air Slash|p2a: Toxapex
|-damage|p2a: Toxapex|65/100
|move|p2a: Toxapex|Toxic Spikes|p1a: Celesteela
|-sidestart|p1: Corumba|move: Toxic Spikes
|
|-heal|p1a: Celesteela|100/100|[from] item: Leftovers
|-damage|p2a: Toxapex|53/100|[from] Leech Seed|[of] p1a: Celesteela
|upkeep
|turn|37
|
|t:|1608499277
|switch|p2a: Clefable|Clefable, M|68/100 tox
|move|p1a: Celesteela|Meteor Beam||[still]
|-prepare|p1a: Celesteela|Meteor Beam
|-boost|p1a: Celesteela|spa|1
|
|-heal|p2a: Clefable|74/100 tox|[from] item: Leftovers
|upkeep
|turn|38
|
|t:|1608499286
|move|p1a: Celesteela|Meteor Beam|p2a: Clefable|[from]lockedmove|[miss]
|-miss|p1a: Celesteela|p2a: Clefable
|move|p2a: Clefable|Moonblast|p1a: Celesteela
|-resisted|p1a: Celesteela
|-end|p1a: Celesteela|Substitute
|
|-heal|p2a: Clefable|80/100 tox|[from] item: Leftovers
|upkeep
|turn|39
|
|t:|1608499292
|switch|p2a: Toxapex|Toxapex, M|86/100
|-damage|p2a: Toxapex|74/100|[from] Stealth Rock
|move|p1a: Celesteela|Substitute|p1a: Celesteela
|-start|p1a: Celesteela|Substitute
|-damage|p1a: Celesteela|76/100
|
|-heal|p1a: Celesteela|82/100|[from] item: Leftovers
|upkeep
|turn|40
|
|t:|1608499295
|move|p1a: Celesteela|Air Slash|p2a: Toxapex
|-damage|p2a: Toxapex|43/100
|move|p2a: Toxapex|Haze|p2a: Toxapex
|-clearallboost
|
|-heal|p1a: Celesteela|88/100|[from] item: Leftovers
|upkeep
|turn|41
|
|t:|1608499302
|move|p1a: Celesteela|Leech Seed|p2a: Toxapex
|-start|p2a: Toxapex|move: Leech Seed
|move|p2a: Toxapex|Recover|p2a: Toxapex
|-heal|p2a: Toxapex|93/100
|
|-heal|p1a: Celesteela|94/100|[from] item: Leftovers
|-damage|p2a: Toxapex|81/100|[from] Leech Seed|[of] p1a: Celesteela
|-heal|p1a: Celesteela|100/100|[silent]
|upkeep
|turn|42
|
|t:|1608499306
|switch|p2a: Clefable|Clefable, M|80/100 tox
|move|p1a: Celesteela|Meteor Beam||[still]
|-prepare|p1a: Celesteela|Meteor Beam
|-boost|p1a: Celesteela|spa|1
|
|-heal|p2a: Clefable|86/100 tox|[from] item: Leftovers
|upkeep
|turn|43
|
|t:|1608499311
|move|p1a: Celesteela|Meteor Beam|p2a: Clefable|[from]lockedmove
|-damage|p2a: Clefable|47/100 tox
|move|p2a: Clefable|Wish|p2a: Clefable
|
|-heal|p2a: Clefable|53/100 tox|[from] item: Leftovers
|upkeep
|turn|44
|
|t:|1608499318
|move|p1a: Celesteela|Meteor Beam||[still]
|-prepare|p1a: Celesteela|Meteor Beam
|-boost|p1a: Celesteela|spa|1
|move|p2a: Clefable|Stealth Rock||[still]
|-fail|p2a: Clefable
|
|-heal|p2a: Clefable|100/100 tox|[from] move: Wish|[wisher] Clefable
|upkeep
|turn|45
|
|t:|1608499322
|switch|p2a: Toxapex|Toxapex, M|100/100
|-damage|p2a: Toxapex|88/100|[from] Stealth Rock
|move|p1a: Celesteela|Meteor Beam|p2a: Toxapex|[from]lockedmove|[miss]
|-miss|p1a: Celesteela|p2a: Toxapex
|
|upkeep
|turn|46
|
|t:|1608499325
|move|p1a: Celesteela|Air Slash|p2a: Toxapex
|-damage|p2a: Toxapex|48/100
|move|p2a: Toxapex|Haze|p2a: Toxapex
|-clearallboost
|
|upkeep
|turn|47
|
|t:|1608499332
|move|p1a: Celesteela|Leech Seed|p2a: Toxapex
|-start|p2a: Toxapex|move: Leech Seed
|move|p2a: Toxapex|Recover|p2a: Toxapex
|-heal|p2a: Toxapex|99/100
|
|-damage|p2a: Toxapex|86/100|[from] Leech Seed|[of] p1a: Celesteela
|upkeep
|turn|48
|
|t:|1608499338
|move|p1a: Celesteela|Meteor Beam||[still]
|-prepare|p1a: Celesteela|Meteor Beam
|-boost|p1a: Celesteela|spa|1
|move|p2a: Toxapex|Toxic Spikes||[still]
|-fail|p2a: Toxapex
|
|-damage|p2a: Toxapex|74/100|[from] Leech Seed|[of] p1a: Celesteela
|upkeep
|turn|49
|
|t:|1608499341
|move|p1a: Celesteela|Meteor Beam|p2a: Toxapex|[from]lockedmove
|-damage|p2a: Toxapex|36/100
|move|p2a: Toxapex|Haze|p2a: Toxapex
|-clearallboost
|
|-damage|p2a: Toxapex|24/100|[from] Leech Seed|[of] p1a: Celesteela
|upkeep
|turn|50
|
|t:|1608499346
|switch|p2a: Clefable|Clefable, M|100/100 tox
|move|p1a: Celesteela|Meteor Beam||[still]
|-prepare|p1a: Celesteela|Meteor Beam
|-boost|p1a: Celesteela|spa|1
|
|upkeep
|turn|51
|
|t:|1608499352
|move|p1a: Celesteela|Meteor Beam|p2a: Clefable|[from]lockedmove
|-damage|p2a: Clefable|60/100 tox
|move|p2a: Clefable|Wish|p2a: Clefable
|
|-heal|p2a: Clefable|66/100 tox|[from] item: Leftovers
|upkeep
|turn|52
|
|t:|1608499358
|switch|p2a: Toxapex|Toxapex, M|57/100
|-damage|p2a: Toxapex|45/100|[from] Stealth Rock
|move|p1a: Celesteela|Air Slash|p2a: Toxapex
|-damage|p2a: Toxapex|12/100
|
|-heal|p2a: Toxapex|77/100|[from] move: Wish|[wisher] Clefable
|upkeep
|turn|53
|
|t:|1608499363
|move|p1a: Celesteela|Air Slash|p2a: Toxapex
|-damage|p2a: Toxapex|41/100
|move|p2a: Toxapex|Haze|p2a: Toxapex
|-clearallboost
|
|upkeep
|turn|54
|
|t:|1608499369
|move|p1a: Celesteela|Meteor Beam||[still]
|-prepare|p1a: Celesteela|Meteor Beam
|-boost|p1a: Celesteela|spa|1
|move|p2a: Toxapex|Recover|p2a: Toxapex
|-heal|p2a: Toxapex|92/100
|
|upkeep
|turn|55
|
|t:|1608499373
|move|p1a: Celesteela|Meteor Beam|p2a: Toxapex|[from]lockedmove
|-damage|p2a: Toxapex|54/100
|move|p2a: Toxapex|Haze|p2a: Toxapex
|-clearallboost
|
|upkeep
|turn|56
|
|t:|1608499377
|move|p1a: Celesteela|Leech Seed|p2a: Toxapex
|-start|p2a: Toxapex|move: Leech Seed
|move|p2a: Toxapex|Scald|p1a: Celesteela
|-activate|p1a: Celesteela|move: Substitute|[damage]
|
|-damage|p2a: Toxapex|42/100|[from] Leech Seed|[of] p1a: Celesteela
|upkeep
|turn|57
|
|t:|1608499383
|switch|p2a: Clefable|Clefable, M|66/100 tox
|move|p1a: Celesteela|Meteor Beam||[still]
|-prepare|p1a: Celesteela|Meteor Beam
|-boost|p1a: Celesteela|spa|1
|
|-heal|p2a: Clefable|73/100 tox|[from] item: Leftovers
|upkeep
|turn|58
|
|t:|1608499394
|move|p1a: Celesteela|Meteor Beam|p2a: Clefable|[from]lockedmove
|-damage|p2a: Clefable|33/100 tox
|move|p2a: Clefable|Soft-Boiled|p2a: Clefable
|-heal|p2a: Clefable|83/100 tox
|
|-heal|p2a: Clefable|90/100 tox|[from] item: Leftovers
|upkeep
|turn|59
|
|t:|1608499401
|switch|p2a: Toxapex|Toxapex, M|75/100
|-damage|p2a: Toxapex|63/100|[from] Stealth Rock
|move|p1a: Celesteela|Air Slash|p2a: Toxapex
|-damage|p2a: Toxapex|31/100
|
|upkeep
|turn|60
|
|t:|1608499407
|switch|p2a: Clefable|Clefable, M|90/100 tox
|move|p1a: Celesteela|Air Slash|p2a: Clefable
|-damage|p2a: Clefable|52/100 tox
|
|-heal|p2a: Clefable|58/100 tox|[from] item: Leftovers
|upkeep
|turn|61
|
|t:|1608499413
|move|p1a: Celesteela|Meteor Beam||[still]
|-prepare|p1a: Celesteela|Meteor Beam
|-boost|p1a: Celesteela|spa|1
|move|p2a: Clefable|Soft-Boiled|p2a: Clefable
|-heal|p2a: Clefable|100/100 tox
|
|upkeep
|turn|62
|
|t:|1608499416
|move|p1a: Celesteela|Meteor Beam|p2a: Clefable|[from]lockedmove
|-damage|p2a: Clefable|48/100 tox
|move|p2a: Clefable|Wish|p2a: Clefable
|
|-heal|p2a: Clefable|54/100 tox|[from] item: Leftovers
|upkeep
|turn|63
|
|t:|1608499421
|switch|p2a: Toxapex|Toxapex, M|65/100
|-damage|p2a: Toxapex|52/100|[from] Stealth Rock
|move|p1a: Celesteela|Air Slash|p2a: Toxapex
|-damage|p2a: Toxapex|9/100
|
|-heal|p2a: Toxapex|74/100|[from] move: Wish|[wisher] Clefable
|upkeep
|turn|64
|
|t:|1608499426
|move|p1a: Celesteela|Air Slash|p2a: Toxapex
|-damage|p2a: Toxapex|33/100
|move|p2a: Toxapex|Haze|p2a: Toxapex
|-clearallboost
|
|upkeep
|turn|65
|c|☆Corumba|stop dicking about
|c|☆Corumba|just forfeit
|
|t:|1608499441
|move|p1a: Celesteela|Leech Seed|p2a: Toxapex
|-start|p2a: Toxapex|move: Leech Seed
|move|p2a: Toxapex|Recover|p2a: Toxapex
|-heal|p2a: Toxapex|83/100
|
|-damage|p2a: Toxapex|71/100|[from] Leech Seed|[of] p1a: Celesteela
|upkeep
|turn|66
|
|t:|1608499448
|switch|p2a: Clefable|Clefable, M|54/100 tox
|move|p1a: Celesteela|Air Slash|p2a: Clefable
|-damage|p2a: Clefable|27/100 tox
|
|-heal|p2a: Clefable|33/100 tox|[from] item: Leftovers
|upkeep
|turn|67
|
|t:|1608499452
|move|p1a: Celesteela|Air Slash|p2a: Clefable|[miss]
|-miss|p1a: Celesteela|p2a: Clefable
|move|p2a: Clefable|Soft-Boiled|p2a: Clefable
|-heal|p2a: Clefable|83/100 tox
|
|-heal|p2a: Clefable|90/100 tox|[from] item: Leftovers
|upkeep
|turn|68
|
|t:|1608499459
|move|p1a: Celesteela|Meteor Beam||[still]
|-prepare|p1a: Celesteela|Meteor Beam
|-boost|p1a: Celesteela|spa|1
|move|p2a: Clefable|Moonblast|p1a: Celesteela
|-resisted|p1a: Celesteela
|-end|p1a: Celesteela|Substitute
|
|-heal|p2a: Clefable|96/100 tox|[from] item: Leftovers
|upkeep
|turn|69
|
|t:|1608499463
|switch|p2a: Toxapex|Toxapex, M|100/100
|-damage|p2a: Toxapex|88/100|[from] Stealth Rock
|move|p1a: Celesteela|Meteor Beam|p2a: Toxapex|[from]lockedmove
|-damage|p2a: Toxapex|54/100
|
|upkeep
|turn|70
|
|t:|1608499466
|move|p1a: Celesteela|Air Slash|p2a: Toxapex
|-damage|p2a: Toxapex|23/100
|move|p2a: Toxapex|Haze|p2a: Toxapex
|-clearallboost
|
|upkeep
|turn|71
|
|t:|1608499472
|switch|p2a: Clefable|Clefable, M|96/100 tox
|move|p1a: Celesteela|Meteor Beam||[still]
|-prepare|p1a: Celesteela|Meteor Beam
|-boost|p1a: Celesteela|spa|1
|
|-heal|p2a: Clefable|100/100 tox|[from] item: Leftovers
|upkeep
|turn|72
|
|t:|1608499480
|move|p1a: Celesteela|Meteor Beam|p2a: Clefable|[from]lockedmove
|-damage|p2a: Clefable|59/100 tox
|move|p2a: Clefable|Wish|p2a: Clefable
|
|-heal|p2a: Clefable|65/100 tox|[from] item: Leftovers
|upkeep
|turn|73
|
|t:|1608499483
|switch|p2a: Toxapex|Toxapex, M|57/100
|-damage|p2a: Toxapex|44/100|[from] Stealth Rock
|move|p1a: Celesteela|Air Slash|p2a: Toxapex
|-damage|p2a: Toxapex|8/100
|
|-heal|p2a: Toxapex|73/100|[from] move: Wish|[wisher] Clefable
|upkeep
|turn|74
|
|t:|1608499493
|move|p1a: Celesteela|Air Slash|p2a: Toxapex
|-damage|p2a: Toxapex|39/100
|move|p2a: Toxapex|Haze|p2a: Toxapex
|-clearallboost
|
|upkeep
|turn|75
|
|t:|1608499505
|move|p1a: Celesteela|Meteor Beam||[still]
|-prepare|p1a: Celesteela|Meteor Beam
|-boost|p1a: Celesteela|spa|1
|move|p2a: Toxapex|Recover|p2a: Toxapex
|-heal|p2a: Toxapex|89/100
|
|upkeep
|turn|76
|
|t:|1608499509
|move|p1a: Celesteela|Meteor Beam|p2a: Toxapex|[from]lockedmove
|-damage|p2a: Toxapex|55/100
|move|p2a: Toxapex|Haze|p2a: Toxapex
|-clearallboost
|
|upkeep
|turn|77
|
|t:|1608499514
|move|p1a: Celesteela|Leech Seed|p2a: Toxapex|[miss]
|-miss|p1a: Celesteela|p2a: Toxapex
|move|p2a: Toxapex|Recover|p2a: Toxapex
|-heal|p2a: Toxapex|100/100
|
|upkeep
|turn|78
|
|t:|1608499519
|move|p1a: Celesteela|Leech Seed|p2a: Toxapex
|-start|p2a: Toxapex|move: Leech Seed
|move|p2a: Toxapex|Scald|p1a: Celesteela
|-damage|p1a: Celesteela|86/100
|
|-heal|p1a: Celesteela|92/100|[from] item: Leftovers
|-damage|p2a: Toxapex|88/100|[from] Leech Seed|[of] p1a: Celesteela
|-heal|p1a: Celesteela|100/100|[silent]
|upkeep
|turn|79
|
|t:|1608499526
|switch|p2a: Clefable|Clefable, M|65/100 tox
|move|p1a: Celesteela|Substitute|p1a: Celesteela
|-start|p1a: Celesteela|Substitute
|-damage|p1a: Celesteela|76/100
|
|-heal|p1a: Celesteela|82/100|[from] item: Leftovers
|-heal|p2a: Clefable|71/100 tox|[from] item: Leftovers
|upkeep
|turn|80
|
|t:|1608499532
|move|p1a: Celesteela|Meteor Beam||[still]
|-prepare|p1a: Celesteela|Meteor Beam
|-boost|p1a: Celesteela|spa|1
|move|p2a: Clefable|Wish|p2a: Clefable
|
|-heal|p1a: Celesteela|88/100|[from] item: Leftovers
|-heal|p2a: Clefable|77/100 tox|[from] item: Leftovers
|upkeep
|turn|81
|
|t:|1608499537
|switch|p2a: Toxapex|Toxapex, M|100/100
|-damage|p2a: Toxapex|88/100|[from] Stealth Rock
|move|p1a: Celesteela|Meteor Beam|p2a: Toxapex|[from]lockedmove
|-damage|p2a: Toxapex|54/100
|
|-heal|p2a: Toxapex|100/100|[from] move: Wish|[wisher] Clefable
|-heal|p1a: Celesteela|94/100|[from] item: Leftovers
|upkeep
|turn|82
|
|t:|1608499545
|move|p1a: Celesteela|Air Slash|p2a: Toxapex
|-damage|p2a: Toxapex|66/100
|cant|p2a: Toxapex|flinch
|
|-heal|p1a: Celesteela|99/100|[from] item: Leftovers
|upkeep
|turn|83
|
|t:|1608499552
|move|p1a: Celesteela|Air Slash|p2a: Toxapex
|-damage|p2a: Toxapex|35/100
|move|p2a: Toxapex|Haze|p2a: Toxapex
|-clearallboost
|
|-heal|p1a: Celesteela|100/100|[from] item: Leftovers
|upkeep
|turn|84
|
|t:|1608499560
|switch|p2a: Clefable|Clefable, M|77/100 tox
|move|p1a: Celesteela|Meteor Beam||[still]
|-prepare|p1a: Celesteela|Meteor Beam
|-boost|p1a: Celesteela|spa|1
|
|-heal|p2a: Clefable|83/100 tox|[from] item: Leftovers
|upkeep
|turn|85
|
|t:|1608499566
|move|p1a: Celesteela|Meteor Beam|p2a: Clefable|[from]lockedmove|[miss]
|-miss|p1a: Celesteela|p2a: Clefable
|move|p2a: Clefable|Wish|p2a: Clefable
|
|-heal|p2a: Clefable|89/100 tox|[from] item: Leftovers
|upkeep
|turn|86
|
|t:|1608499573
|switch|p2a: Toxapex|Toxapex, M|68/100
|-damage|p2a: Toxapex|56/100|[from] Stealth Rock
|move|p1a: Celesteela|Leech Seed|p2a: Toxapex
|-start|p2a: Toxapex|move: Leech Seed
|
|-heal|p2a: Toxapex|100/100|[from] move: Wish|[wisher] Clefable
|-damage|p2a: Toxapex|88/100|[from] Leech Seed|[of] p1a: Celesteela
|upkeep
|turn|87
|
|t:|1608499577
|move|p1a: Celesteela|Air Slash|p2a: Toxapex
|-damage|p2a: Toxapex|58/100
|move|p2a: Toxapex|Haze|p2a: Toxapex
|-clearallboost
|
|-damage|p2a: Toxapex|45/100|[from] Leech Seed|[of] p1a: Celesteela
|upkeep
|turn|88
|
|t:|1608499583
|switch|p2a: Clefable|Clefable, M|89/100 tox
|move|p1a: Celesteela|Meteor Beam||[still]
|-prepare|p1a: Celesteela|Meteor Beam
|-boost|p1a: Celesteela|spa|1
|
|-heal|p2a: Clefable|95/100 tox|[from] item: Leftovers
|upkeep
|turn|89
|
|t:|1608499592
|move|p1a: Celesteela|Meteor Beam|p2a: Clefable|[from]lockedmove|[miss]
|-miss|p1a: Celesteela|p2a: Clefable
|move|p2a: Clefable|Stealth Rock||[still]
|-fail|p2a: Clefable
|
|-heal|p2a: Clefable|100/100 tox|[from] item: Leftovers
|upkeep
|turn|90
|
|t:|1608499599
|switch|p2a: Toxapex|Toxapex, M|79/100
|-damage|p2a: Toxapex|67/100|[from] Stealth Rock
|move|p1a: Celesteela|Leech Seed|p2a: Toxapex
|-start|p2a: Toxapex|move: Leech Seed
|
|-damage|p2a: Toxapex|54/100|[from] Leech Seed|[of] p1a: Celesteela
|upkeep
|turn|91
|
|t:|1608499603
|switch|p2a: Clefable|Clefable, M|100/100 tox
|move|p1a: Celesteela|Air Slash|p2a: Clefable
|-damage|p2a: Clefable|65/100 tox
|
|-heal|p2a: Clefable|71/100 tox|[from] item: Leftovers
|upkeep
|turn|92
|
|t:|1608499610
|move|p1a: Celesteela|Meteor Beam||[still]
|-prepare|p1a: Celesteela|Meteor Beam
|-boost|p1a: Celesteela|spa|1
|move|p2a: Clefable|Wish|p2a: Clefable
|
|-heal|p2a: Clefable|77/100 tox|[from] item: Leftovers
|upkeep
|turn|93
|
|t:|1608499613
|switch|p2a: Toxapex|Toxapex, M|88/100
|-damage|p2a: Toxapex|75/100|[from] Stealth Rock
|move|p1a: Celesteela|Meteor Beam|p2a: Toxapex|[from]lockedmove|[miss]
|-miss|p1a: Celesteela|p2a: Toxapex
|
|-heal|p2a: Toxapex|100/100|[from] move: Wish|[wisher] Clefable
|upkeep
|turn|94
|c|☆Corumba|lol
|c|☆Corumba|you're extremely lucky
|
|t:|1608499630
|move|p1a: Celesteela|Air Slash|p2a: Toxapex
|-damage|p2a: Toxapex|54/100
|move|p2a: Toxapex|Haze|p2a: Toxapex
|-clearallboost
|
|upkeep
|turn|95
|c|☆Corumba|no flinches
|c|☆Corumba|and loads of misses
|
|t:|1608499645
|move|p1a: Celesteela|Leech Seed|p2a: Toxapex|[miss]
|-miss|p1a: Celesteela|p2a: Toxapex
|move|p2a: Toxapex|Recover|p2a: Toxapex
|-heal|p2a: Toxapex|100/100
|
|upkeep
|turn|96
|
|t:|1608499650
|switch|p2a: Clefable|Clefable, M|77/100 tox
|move|p1a: Celesteela|Leech Seed|p2a: Clefable
|-start|p2a: Clefable|move: Leech Seed
|
|-heal|p2a: Clefable|83/100 tox|[from] item: Leftovers
|upkeep
|turn|97
|
|t:|1608499659
|switch|p1a: Excadrill|Excadrill, M|78/100
|-damage|p1a: Excadrill|74/100|[from] Stealth Rock
|move|p2a: Clefable|Moonblast|p1a: Excadrill
|-resisted|p1a: Excadrill
|-damage|p1a: Excadrill|52/100
|-unboost|p1a: Excadrill|spa|1
|
|-heal|p2a: Clefable|90/100 tox|[from] item: Leftovers
|upkeep
|turn|98
|
|t:|1608499666
|switch|p2a: Toxapex|Toxapex, M|100/100
|-damage|p2a: Toxapex|88/100|[from] Stealth Rock
|move|p1a: Excadrill|Rapid Spin|p2a: Toxapex
|-damage|p2a: Toxapex|77/100
|-boost|p1a: Excadrill|spe|1
|-sideend|p1: Corumba|Toxic Spikes|[from] move: Rapid Spin|[of] p1a: Excadrill
|-sideend|p1: Corumba|Stealth Rock|[from] move: Rapid Spin|[of] p1a: Excadrill
|
|upkeep
|turn|99
|
|t:|1608499675
|switch|p1a: Dragapult|Dragapult, M|81/100
|switch|p2a: Landorus|Landorus-Therian, M|18/100
|-damage|p2a: Landorus|6/100|[from] Stealth Rock
|-ability|p2a: Landorus|Intimidate|boost
|-unboost|p1a: Dragapult|atk|1
|
|-heal|p1a: Dragapult|87/100|[from] item: Leftovers
|upkeep
|turn|100
|
|t:|1608499684
|switch|p1a: Garchomp|Garchomp, M|42/100
|move|p2a: Landorus|Stone Edge|p1a: Garchomp
|-resisted|p1a: Garchomp
|-damage|p1a: Garchomp|27/100
|
|-heal|p1a: Garchomp|33/100|[from] item: Leftovers
|upkeep
|turn|101
|
|t:|1608499693
|move|p2a: Landorus|Stone Edge|p1a: Garchomp|[miss]
|-miss|p2a: Landorus|p1a: Garchomp
|move|p1a: Garchomp|Roar|p2a: Landorus
|drag|p2a: Clefable|Clefable, M|90/100 tox
|
|-heal|p1a: Garchomp|39/100|[from] item: Leftovers
|-heal|p2a: Clefable|96/100 tox|[from] item: Leftovers
|upkeep
|turn|102
|
|t:|1608499712
|switch|p1a: Excadrill|Excadrill, M|52/100
|move|p2a: Clefable|Moonblast|p1a: Excadrill
|-resisted|p1a: Excadrill
|-damage|p1a: Excadrill|30/100
|-unboost|p1a: Excadrill|spa|1
|
|-heal|p2a: Clefable|100/100 tox|[from] item: Leftovers
|upkeep
|turn|103
|
|t:|1608499721
|move|p1a: Excadrill|Earthquake|p2a: Clefable
|-damage|p2a: Clefable|63/100 tox
|move|p2a: Clefable|Moonblast|p1a: Excadrill
|-resisted|p1a: Excadrill
|-damage|p1a: Excadrill|9/100
|
|-heal|p2a: Clefable|69/100 tox|[from] item: Leftovers
|upkeep
|turn|104
|
|t:|1608499727
|switch|p1a: Celesteela|Celesteela|100/100
|switch|p2a: Toxapex|Toxapex, M|100/100
|-damage|p2a: Toxapex|88/100|[from] Stealth Rock
|
|upkeep
|turn|105
|
|t:|1608499730
|move|p1a: Celesteela|Leech Seed|p2a: Toxapex
|-start|p2a: Toxapex|move: Leech Seed
|move|p2a: Toxapex|Toxic Spikes|p1a: Celesteela
|-sidestart|p1: Corumba|move: Toxic Spikes
|
|-damage|p2a: Toxapex|76/100|[from] Leech Seed|[of] p1a: Celesteela
|upkeep
|turn|106
|
|t:|1608499737
|switch|p1a: Excadrill|Excadrill, M|9/100
|move|p2a: Toxapex|Toxic Spikes|p1a: Excadrill
|-sidestart|p1: Corumba|move: Toxic Spikes
|
|-damage|p2a: Toxapex|64/100|[from] Leech Seed|[of] p1a: Excadrill
|-heal|p1a: Excadrill|20/100|[silent]
|upkeep
|turn|107
|
|t:|1608499746
|move|p1a: Excadrill|Earthquake|p2a: Toxapex
|-supereffective|p2a: Toxapex
|-damage|p2a: Toxapex|2/100
|move|p2a: Toxapex|Scald|p1a: Excadrill
|-supereffective|p1a: Excadrill
|-damage|p1a: Excadrill|0 fnt
|faint|p1a: Excadrill
|
|upkeep
|
|t:|1608499756
|switch|p1a: Dragapult|Dragapult, M|87/100
|-status|p1a: Dragapult|tox
|turn|108
|l|☆Brelele
|inactive|Brelele disconnected and has a minute to reconnect!
|player|p2|
|j|☆Brelele
|inactive|Brelele reconnected and has 125 seconds left.
|player|p2|Brelele|candice
|inactive|Brelele has 120 seconds left.
|
|t:|1608499792
|switch|p2a: Landorus|Landorus-Therian, M|6/100
|-damage|p2a: Landorus|0 fnt|[from] Stealth Rock
|faint|p2a: Landorus
|move|p1a: Dragapult|Hex|p2: Landorus|[notarget]
|-fail|p1a: Dragapult
|
|-heal|p1a: Dragapult|93/100 tox|[from] item: Leftovers
|-damage|p1a: Dragapult|87/100 tox|[from] psn
|upkeep
|
|t:|1608499797
|switch|p2a: Clefable|Clefable, M|69/100 tox
|turn|109
|
|t:|1608499804
|move|p1a: Dragapult|Hex|p2a: Clefable
|-damage|p2a: Clefable|11/100 tox
|move|p2a: Clefable|Soft-Boiled|p2a: Clefable
|-heal|p2a: Clefable|61/100 tox
|
|-heal|p1a: Dragapult|93/100 tox|[from] item: Leftovers
|-heal|p2a: Clefable|67/100 tox|[from] item: Leftovers
|-damage|p1a: Dragapult|81/100 tox|[from] psn
|upkeep
|turn|110
|
|t:|1608499808
|move|p1a: Dragapult|Hex|p2a: Clefable
|-damage|p2a: Clefable|8/100 tox
|move|p2a: Clefable|Soft-Boiled|p2a: Clefable
|-heal|p2a: Clefable|58/100 tox
|
|-heal|p1a: Dragapult|87/100 tox|[from] item: Leftovers
|-heal|p2a: Clefable|64/100 tox|[from] item: Leftovers
|-damage|p1a: Dragapult|69/100 tox|[from] psn
|upkeep
|turn|111
|
|t:|1608499816
|move|p1a: Dragapult|Hex|p2a: Clefable
|-damage|p2a: Clefable|6/100 tox
|move|p2a: Clefable|Soft-Boiled|p2a: Clefable
|-heal|p2a: Clefable|56/100 tox
|
|-heal|p1a: Dragapult|75/100 tox|[from] item: Leftovers
|-heal|p2a: Clefable|62/100 tox|[from] item: Leftovers
|-damage|p1a: Dragapult|51/100 tox|[from] psn
|upkeep
|turn|112
|
|t:|1608499824
|move|p1a: Dragapult|Hex|p2a: Clefable
|-damage|p2a: Clefable|3/100 tox
|move|p2a: Clefable|Soft-Boiled|p2a: Clefable
|-heal|p2a: Clefable|53/100 tox
|
|-heal|p1a: Dragapult|57/100 tox|[from] item: Leftovers
|-heal|p2a: Clefable|59/100 tox|[from] item: Leftovers
|-damage|p1a: Dragapult|27/100 tox|[from] psn
|upkeep
|turn|113
|inactive|Brelele has 120 seconds left.
|
|t:|1608499844
|switch|p2a: Toxapex|Toxapex, M|35/100
|-damage|p2a: Toxapex|23/100|[from] Stealth Rock
|move|p1a: Dragapult|Hex|p2a: Toxapex
|-damage|p2a: Toxapex|0 fnt
|faint|p2a: Toxapex
|
|-heal|p1a: Dragapult|33/100 tox|[from] item: Leftovers
|-damage|p1a: Dragapult|0 fnt|[from] psn
|faint|p1a: Dragapult
|upkeep
|
|t:|1608499871
|switch|p1a: Celesteela|Celesteela|100/100
|switch|p2a: Clefable|Clefable, M|59/100 tox
|turn|114
|inactive|Brelele has 120 seconds left.
|l|☆Brelele
|inactive|Brelele disconnected and has a minute to reconnect!
|player|p2|
|inactive|Brelele has 30 seconds to reconnect!
|inactive|Brelele has 20 seconds to reconnect!
|inactive|Brelele has 15 seconds to reconnect!
|inactive|Brelele has 10 seconds to reconnect!
|c|☆Corumba|gimp
|inactive|Brelele has 5 seconds to reconnect!
|j|☆Brelele
|inactive|Brelele reconnected and has 50 seconds left.
|player|p2|Brelele|candice
|c|☆Corumba|gimp]
|c|☆Corumba|absolute nobber
|
|t:|1608499957
|move|p1a: Celesteela|Substitute|p1a: Celesteela
|-start|p1a: Celesteela|Substitute
|-damage|p1a: Celesteela|76/100
|move|p2a: Clefable|Soft-Boiled|p2a: Clefable
|-heal|p2a: Clefable|100/100 tox
|
|-heal|p1a: Celesteela|82/100|[from] item: Leftovers
|upkeep
|turn|115
|inactive|Corumba has 120 seconds left.
|
|t:|1608499969
|move|p1a: Celesteela|Leech Seed|p2a: Clefable|[miss]
|-miss|p1a: Celesteela|p2a: Clefable
|move|p2a: Clefable|Stealth Rock|p1a: Celesteela
|-sidestart|p1: Corumba|move: Stealth Rock
|
|-heal|p1a: Celesteela|88/100|[from] item: Leftovers
|upkeep
|turn|116
|inactive|Corumba has 120 seconds left.
|
|t:|1608499983
|switch|p1a: Tangrowth|Tangrowth, M|42/100
|-damage|p1a: Tangrowth|30/100|[from] Stealth Rock
|-status|p1a: Tangrowth|tox
|move|p2a: Clefable|Stealth Rock||[still]
|-fail|p2a: Clefable
|
|-damage|p1a: Tangrowth|24/100 tox|[from] psn
|upkeep
|turn|117
|
|t:|1608499987
|switch|p1a: Celesteela|Celesteela|88/100
|-damage|p1a: Celesteela|75/100|[from] Stealth Rock
|move|p2a: Clefable|Moonblast|p1a: Celesteela
|-resisted|p1a: Celesteela
|-damage|p1a: Celesteela|61/100
|-unboost|p1a: Celesteela|spa|1
|
|-heal|p1a: Celesteela|67/100|[from] item: Leftovers
|upkeep
|turn|118
|inactive|Corumba has 120 seconds left.
|
|t:|1608500000
|switch|p1a: Tyranitar|Tyranitar, M|100/100
|-status|p1a: Tyranitar|tox
|-damage|p1a: Tyranitar|88/100 tox|[from] Stealth Rock
|-weather|Sandstorm|[from] ability: Sand Stream|[of] p1a: Tyranitar
|move|p2a: Clefable|Moonblast|p1a: Tyranitar
|-supereffective|p1a: Tyranitar
|-damage|p1a: Tyranitar|63/100 tox
|
|-weather|Sandstorm|[upkeep]
|-heal|p1a: Tyranitar|69/100 tox|[from] item: Leftovers
|-damage|p1a: Tyranitar|63/100 tox|[from] psn
|upkeep
|turn|119
|
|t:|1608500018
|move|p1a: Tyranitar|Earthquake|p2a: Clefable
|-damage|p2a: Clefable|79/100 tox
|move|p2a: Clefable|Wish|p2a: Clefable
|
|-weather|Sandstorm|[upkeep]
|-heal|p1a: Tyranitar|69/100 tox|[from] item: Leftovers
|-heal|p2a: Clefable|85/100 tox|[from] item: Leftovers
|-damage|p1a: Tyranitar|57/100 tox|[from] psn
|upkeep
|turn|120
|
|t:|1608500031
|move|p1a: Tyranitar|Earthquake|p2a: Clefable
|-damage|p2a: Clefable|63/100 tox
|move|p2a: Clefable|Moonblast|p1a: Tyranitar
|-supereffective|p1a: Tyranitar
|-damage|p1a: Tyranitar|31/100 tox
|
|-weather|Sandstorm|[upkeep]
|-heal|p2a: Clefable|100/100 tox|[from] move: Wish|[wisher] Clefable
|-heal|p1a: Tyranitar|37/100 tox|[from] item: Leftovers
|-damage|p1a: Tyranitar|19/100 tox|[from] psn
|upkeep
|turn|121
|c|☆Corumba|gg
|c|☆Corumba|wp
|c|☆Corumba|gl
|-message|Corumba forfeited.
|
|win|Brelele
|l|☆Corumba
||Ladder (probably) updated, but score could not be retrieved (Request timeout).
