|j|☆A
|j|☆scorvolshunie
|player|p1|A|clemont|1580
|player|p2|scorvolshunie|170|1629
|teamsize|p1|6
|teamsize|p2|6
|gametype|singles
|gen|8
|tier|[Gen 8] OU
|rated|
|clearpoke
|poke|p1|Corviknight, M|
|poke|p1|Hatterene, F|
|poke|p1|Rotom-Heat|
|poke|p1|Seismitoad, M|
|poke|p1|Conkeldurr, F|
|poke|p1|Zeraora|
|poke|p2|Bisharp, F|
|poke|p2|Gengar, F|
|poke|p2|Dracovish|
|poke|p2|Mimikyu, M|
|poke|p2|Mew|
|poke|p2|Zeraora|
|rule|Sleep Clause Mod: Limit one foe put to sleep
|rule|Species Clause: Limit one of each Pokémon
|rule|OHKO Clause: OHKO moves are banned
|rule|Evasion Moves Clause: Evasion moves are banned
|rule|Endless Battle Clause: Forcing endless battles is banned
|rule|HP Percentage Mod: HP is shown in percentages
|rule|Dynamax Clause: You cannot dynamax
|teampreview
|c|☆A|AHHHH
|j| super random guy
|c|☆A|is that broken mon MIMIKYU
|c|☆A|FRICK ME
|c| super random guy|FUCK
|c|☆A|gl tho
|
|start
|switch|p1a: him|Zeraora|100/100
|switch|p2a: Mew|Mew|100/100
|turn|1
|c| super random guy|NOT MIMIPOO
|c|☆A|hello epic gamer mew
|c| super random guy|epic meowster
|c|☆A|hello jerry from seinfeld
|c| super random guy|moo
|c|☆A|why is this just named him
|
|switch|p1a: Hello?|Hatterene, F|100/100
|switch|p2a: Zeraora|Zeraora|100/100
|
|upkeep
|turn|2
|c| super random guy|mew is mew
|c| super random guy|blues clues
|c|☆A|wait thats illegal
|c| super random guy|do the skiddle doo
|
|switch|p1a: im in love w the|Seismitoad, M|100/100
|move|p2a: Zeraora|Calm Mind|p2a: Zeraora
|-boost|p2a: Zeraora|spa|1
|-boost|p2a: Zeraora|spd|1
|
|upkeep
|turn|3
|c| super random guy|fucking bucking budew
|c|☆A|noo
|
|switch|p1a: Choccy Milk|Rotom-Heat|100/100
|move|p2a: Zeraora|Focus Blast|p1a: Choccy Milk
|-damage|p1a: Choccy Milk|47/100
|
|-heal|p1a: Choccy Milk|53/100|[from] item: Leftovers
|upkeep
|turn|4
|c| super random guy|got a few screws
|c|☆A|dude that did 6 million
|
|move|p1a: Choccy Milk|Protect|p1a: Choccy Milk
|-singleturn|p1a: Choccy Milk|Protect
|move|p2a: Zeraora|Focus Blast|p1a: Choccy Milk
|-activate|p1a: Choccy Milk|move: Protect
|
|-heal|p1a: Choccy Milk|59/100|[from] item: Leftovers
|upkeep
|turn|5
|c| super random guy|loose
|c| super random guy|got a noose
|
|move|p2a: Zeraora|Focus Blast|p1a: Choccy Milk
|-damage|p1a: Choccy Milk|0 fnt
|faint|p1a: Choccy Milk
|
|upkeep
|c|☆A|BACKPACK BACKPACK
|c| super random guy|ready to let loose
|c|☆A|NOOO
|
|switch|p1a: Hello?|Hatterene, F|100/100
|turn|6
|
|move|p2a: Zeraora|Thunderbolt|p1a: Hello?
|-damage|p1a: Hello?|63/100
|move|p1a: Hello?|Mystical Fire|p2a: Zeraora
|-damage|p2a: Zeraora|78/100
|-unboost|p2a: Zeraora|spa|1
|
|-heal|p2a: Zeraora|84/100|[from] item: Leftovers
|upkeep
|turn|7
|c| super random guy|FUCING NIGERIAN
|c|☆A|its not possible
|
|move|p2a: Zeraora|Thunderbolt|p1a: Hello?
|-damage|p1a: Hello?|37/100
|move|p1a: Hello?|Psychic|p2a: Zeraora
|-damage|p2a: Zeraora|44/100
|
|-heal|p2a: Zeraora|50/100|[from] item: Leftovers
|upkeep
|turn|8
|c|☆A|no ones been able to summon him before
|
|switch|p1a: im in love w the|Seismitoad, M|100/100
|move|p2a: Zeraora|Thunderbolt|p1a: im in love w the
|-immune|p1a: im in love w the
|
|-heal|p2a: Zeraora|56/100|[from] item: Leftovers
|upkeep
|turn|9
|
|move|p2a: Zeraora|Grass Knot|p1a: im in love w the
|-supereffective|p1a: im in love w the
|-damage|p1a: im in love w the|7/100
|move|p1a: im in love w the|Earthquake|p2a: Zeraora
|-supereffective|p2a: Zeraora
|-damage|p2a: Zeraora|0 fnt
|faint|p2a: Zeraora
|
|-heal|p1a: im in love w the|13/100|[from] item: Leftovers
|upkeep
|c| super random guy|shut up
|c| super random guy|i will show u
|c|☆A|boomer
|c| super random guy|the supreme negus
|
|switch|p2a: Gengar|Gengar, F|100/100
|turn|10
|c|☆A|why does this 13-0 me
|c| super random guy|in the flesh.
|
|switch|p1a: CHADDEUS|Corviknight, M, shiny|100/100
|-ability|p1a: CHADDEUS|Pressure
|move|p2a: Gengar|Hypnosis|p1a: CHADDEUS
|-status|p1a: CHADDEUS|slp|[from] move: Hypnosis
|
|upkeep
|turn|11
|c| super random guy|right NOW
|c|☆A|hypnosis? Massaakaa
|
|switch|p1a: him|Zeraora|100/100
|move|p2a: Gengar|Nasty Plot|p2a: Gengar
|-boost|p2a: Gengar|spa|2
|
|upkeep
|turn|12
|c|☆A|kisama
|c| super random guy|Sidndieksdoenodle woznd eosbcowoe ofeod dosien nesodnd woe 29emdj
|c| super random guy|there
|c|☆A|eat my monkey punch
|c| super random guy|/me gasps
|inactive|Battle timer is ON: inactive players will automatically lose when time's up. (requested by A)
|
|switch|p2a: Mew|Mew|100/100
|move|p1a: him|Knock Off|p2a: Mew
|-supereffective|p2a: Mew
|-damage|p2a: Mew|37/100
|-enditem|p2a: Mew|Red Card|[from] move: Knock Off|[of] p1a: him
|
|upkeep
|turn|13
|c| super random guy|>kek
|c|☆A|DIE LIT
|
|move|p1a: him|Knock Off|p2a: Mew
|-supereffective|p2a: Mew
|-damage|p2a: Mew|0 fnt
|faint|p2a: Mew
|
|upkeep
|c| super random guy|I CAN GREENTEXT
|c|☆A|PIE LIT
|c|☆A|i lose to
|
|switch|p2a: Dracovish|Dracovish|100/100
|turn|14
|c|☆A|mimipooo
|c|☆A|mimipoor
|
|switch|p1a: im in love w the|Seismitoad, M|13/100
|move|p2a: Dracovish|Fishious Rend|p1a: im in love w the
|-heal|p1a: im in love w the|38/100|[from] ability: Water Absorb|[of] p2a: Dracovish
|
|-heal|p1a: im in love w the|44/100|[from] item: Leftovers
|upkeep
|turn|15
|c|☆A|ayy
|c| super random guy|>SKY TIT
|c| super random guy|>CRY FIT
|
|move|p2a: Dracovish|Crunch|p1a: im in love w the
|-damage|p1a: im in love w the|16/100
|move|p1a: im in love w the|Knock Off|p2a: Dracovish
|-damage|p2a: Dracovish|77/100
|-enditem|p2a: Dracovish|Lum Berry|[from] move: Knock Off|[of] p1a: im in love w the
|
|-heal|p1a: im in love w the|23/100|[from] item: Leftovers
|upkeep
|turn|16
|c| super random guy|>WHY SIT
|c|☆A|noo
|c|☆A|why is it lum berry
|c|☆A|who does tht
|c| super random guy|>TRY SPLITS
|
|switch|p1a: clicker|Conkeldurr, F|100/100
|move|p2a: Dracovish|Crunch|p1a: clicker
|-resisted|p1a: clicker
|-damage|p1a: clicker|86/100
|
|-status|p1a: clicker|brn|[from] item: Flame Orb
|upkeep
|turn|17
|c| super random guy|>PIE WRIST
|
|move|p1a: clicker|Mach Punch|p2a: Dracovish
|-damage|p2a: Dracovish|39/100
|move|p2a: Dracovish|Psychic Fangs|p1a: clicker
|-supereffective|p1a: clicker
|-damage|p1a: clicker|16/100 brn
|
|-damage|p1a: clicker|10/100 brn|[from] brn
|upkeep
|turn|18
|c|☆A|freest knock
|c|☆A|of my entire
|c|☆A|gosh darn
|c|☆A|LIFE
|
|move|p1a: clicker|Mach Punch|p2a: Dracovish
|-damage|p2a: Dracovish|0 fnt
|faint|p2a: Dracovish
|
|-damage|p1a: clicker|4/100 brn|[from] brn
|upkeep
|c| super random guy|ill knock ur nipple
|c|☆A|thts illegal
|
|switch|p2a: Gengar|Gengar, F|100/100
|turn|19
|c|☆A|im reporting u
|c|☆A|mimikyu still 13-0s me
|c| super random guy|nipple cripple
|c| super random guy|triple
|
|switch|p1a: Hello?|Hatterene, F|37/100
|move|p2a: Gengar|Shadow Ball|p1a: Hello?
|-supereffective|p1a: Hello?
|-crit|p1a: Hello?
|-damage|p1a: Hello?|0 fnt
|faint|p1a: Hello?
|
|upkeep
|
|switch|p1a: him|Zeraora|100/100
|turn|20
|c| super random guy|OH FUCKING MONGOLOIDS
|c|☆A|freest knock of my career
|c| super random guy|i smacked my knee
|c| super random guy|bees knees
|
|move|p1a: him|Knock Off|p2a: Gengar
|-supereffective|p2a: Gengar
|-damage|p2a: Gengar|0 fnt
|-enditem|p2a: Gengar|Blunder Policy|[from] move: Knock Off|[of] p1a: him
|faint|p2a: Gengar
|
|upkeep
|c| super random guy|i like peas
|c| super random guy|japanese cheese
|c|☆A|!dt blunder policy
|raw|<ul class="utilichart"><li class="result"><span class="col itemiconcol"><psicon item="blunderpolicy"></span> <span class="col namecol"><a href="https://dex.pokemonshowdown.com/items/blunderpolicy">Blunder Policy</a></span> <span class="col itemdesccol">If the holder misses due to accuracy, its Speed is raised by 2 stages. Single use.</span> </li><li style="clear:both"></li></ul>
|raw|<font size="1"><font color="#686868">Gen:</font> 8&nbsp;|&ThickSpace;<font color="#686868">Fling Base Power:</font> 80</font>

|
|switch|p2a: Bisharp|Bisharp, F|100/100
|turn|21
|c|☆A|thts so epic anon
|
|move|p1a: him|Close Combat|p2a: Bisharp
|-supereffective|p2a: Bisharp
|-damage|p2a: Bisharp|0 fnt
|-unboost|p1a: him|def|1
|-unboost|p1a: him|spd|1
|faint|p2a: Bisharp
|
|upkeep
|c| super random guy|more like
|
|switch|p2a: Mimikyu|Mimikyu, M|100/100
|turn|22
|c| super random guy|loser policu
|
|move|p1a: him|Knock Off|p2a: Mimikyu
|-activate|p2a: Mimikyu|ability: Disguise
|-damage|p2a: Mimikyu|100/100
|-enditem|p2a: Mimikyu|Life Orb|[from] move: Knock Off|[of] p1a: him
|detailschange|p2a: Mimikyu|Mimikyu-Busted, M
|-damage|p2a: Mimikyu|88/100|[from] pokemon: Mimikyu-Busted
|move|p2a: Mimikyu|Swords Dance|p2a: Mimikyu
|-boost|p2a: Mimikyu|atk|2
|
|upkeep
|turn|23
|c| super random guy|HAH GOTTEM
|c|☆A|blunder more like
|c|☆A|worse than aim
|c| super random guy|>gottem
|
|switch|p1a: clicker|Conkeldurr, F|4/100 brn
|move|p2a: Mimikyu|Shadow Sneak|p1a: clicker
|-damage|p1a: clicker|0 fnt
|faint|p1a: clicker
|
|upkeep
|c| super random guy|>kek
|
|switch|p1a: him|Zeraora|100/100
|turn|24
|c| super random guy|>kek
|c| super random guy|>kek
|c| super random guy|>kek
|c|☆A|i am reporting u
|
|move|p1a: him|Plasma Fists|p2a: Mimikyu
|-damage|p2a: Mimikyu|9/100
|-fieldactivate|move: Ion Deluge
|move|p2a: Mimikyu|Play Rough|p1a: him
|-damage|p1a: him|0 fnt
|faint|p1a: him
|
|upkeep
|c| super random guy|>kek
|c| super random guy|>kek
|c| super random guy|>kek
|c| super random guy|>kek
|c| super random guy|>kek
|c|☆A|fuck knock lost me the game
|c| super random guy|>kek
|
|switch|p1a: CHADDEUS|Corviknight, M, shiny|100/100 slp
|-ability|p1a: CHADDEUS|Pressure
|turn|25
|
|move|p2a: Mimikyu|Drain Punch|p1a: CHADDEUS
|-damage|p1a: CHADDEUS|65/100 slp
|-heal|p2a: Mimikyu|36/100|[from] drain|[of] p1a: CHADDEUS
|cant|p1a: CHADDEUS|slp
|
|-heal|p1a: CHADDEUS|72/100 slp|[from] item: Leftovers
|upkeep
|turn|26
|c| super random guy|no
|c|☆A|wake up baby chungus
|
|move|p2a: Mimikyu|Drain Punch|p1a: CHADDEUS
|-damage|p1a: CHADDEUS|36/100 slp
|-heal|p2a: Mimikyu|64/100|[from] drain|[of] p1a: CHADDEUS
|cant|p1a: CHADDEUS|slp
|
|-heal|p1a: CHADDEUS|42/100 slp|[from] item: Leftovers
|upkeep
|turn|27
|c| super random guy|bc this mon is ass
|
|move|p2a: Mimikyu|Drain Punch|p1a: CHADDEUS
|-damage|p1a: CHADDEUS|9/100 slp
|-heal|p2a: Mimikyu|90/100|[from] drain|[of] p1a: CHADDEUS
|-curestatus|p1a: CHADDEUS|slp|[msg]
|move|p1a: CHADDEUS|Roost|p1a: CHADDEUS
|-heal|p1a: CHADDEUS|59/100
|-singleturn|p1a: CHADDEUS|move: Roost
|
|-heal|p1a: CHADDEUS|65/100|[from] item: Leftovers
|upkeep
|turn|28
|c| super random guy|see
|c|☆A|philemon is my dad
|
|move|p2a: Mimikyu|Swords Dance|p2a: Mimikyu
|-boost|p2a: Mimikyu|atk|2
|move|p1a: CHADDEUS|Bulk Up|p1a: CHADDEUS
|-boost|p1a: CHADDEUS|atk|1
|-boost|p1a: CHADDEUS|def|1
|
|-heal|p1a: CHADDEUS|71/100|[from] item: Leftovers
|upkeep
|turn|29
|
|move|p2a: Mimikyu|Drain Punch|p1a: CHADDEUS
|-damage|p1a: CHADDEUS|39/100
|-heal|p2a: Mimikyu|100/100|[from] drain|[of] p1a: CHADDEUS
|move|p1a: CHADDEUS|Roost|p1a: CHADDEUS
|-heal|p1a: CHADDEUS|89/100
|-singleturn|p1a: CHADDEUS|move: Roost
|
|-heal|p1a: CHADDEUS|95/100|[from] item: Leftovers
|upkeep
|turn|30
|c| super random guy|i hollow costed the joos
|
|move|p2a: Mimikyu|Swords Dance|p2a: Mimikyu
|-boost|p2a: Mimikyu|atk|2
|move|p1a: CHADDEUS|Brave Bird|p2a: Mimikyu
|-damage|p2a: Mimikyu|8/100
|-damage|p1a: CHADDEUS|75/100|[from] Recoil
|
|-heal|p1a: CHADDEUS|82/100|[from] item: Leftovers
|upkeep
|turn|31
|c| super random guy|NIGER IM QUEER
|
|move|p2a: Mimikyu|Drain Punch|p1a: CHADDEUS
|-damage|p1a: CHADDEUS|36/100
|-heal|p2a: Mimikyu|44/100|[from] drain|[of] p1a: CHADDEUS
|move|p1a: CHADDEUS|Brave Bird|p2a: Mimikyu
|-damage|p2a: Mimikyu|0 fnt
|-damage|p1a: CHADDEUS|27/100|[from] Recoil
|faint|p2a: Mimikyu
|
|win|A
|raw|A's rating: 1580 &rarr; <strong>1602</strong><br />(+22 for winning)
|raw|scorvolshunie's rating: 1629 &rarr; <strong>1607</strong><br />(-22 for losing)
|c|☆A|wp
|l| super random guy
|j| super random guy
