|j|☆magnus barlsen
|j|☆Stimo96
|t:|1654939878
|gametype|singles
|player|p1|magnus barlsen|266|1506
|player|p2|Stimo96|alder|1512
|teamsize|p1|6
|teamsize|p2|6
|gen|8
|tier|[Gen 8] OU
|rated|
|rule|Sleep Clause Mod: Limit one foe put to sleep
|rule|Species Clause: Limit one of each Pokémon
|rule|OHKO Clause: OHKO moves are banned
|rule|Evasion Moves Clause: Evasion moves are banned
|rule|Endless Battle Clause: Forcing endless battles is banned
|rule|HP Percentage Mod: HP is shown in percentages
|rule|Dynamax Clause: You cannot dynamax
|clearpoke
|poke|p1|Tapu Lele|
|poke|p1|Volcarona, F|
|poke|p1|Heatran, M|
|poke|p1|Rillaboom, M|
|poke|p1|Rotom-Wash|
|poke|p1|Hawlucha, F|
|poke|p2|Kartana|
|poke|p2|Heatran, M|
|poke|p2|Tapu Lele|
|poke|p2|Landorus-Therian, M|
|poke|p2|Corviknight, F|
|poke|p2|Slowking, F|
|teampreview
|
|t:|1654939898
|start
|switch|p1a: Rotom|Rotom-Wash|100/100
|switch|p2a: Tapu Lele|Tapu Lele|100/100
|-fieldstart|move: Psychic Terrain|[from] ability: Psychic Surge|[of] p2a: Tapu Lele
|turn|1
|inactive|Battle timer is ON: inactive players will automatically lose when time's up. (requested by Stimo96)
|
|t:|1654939917
|move|p2a: Tapu Lele|Psyshock|p1a: Rotom
|-crit|p1a: Rotom
|-damage|p1a: Rotom|0 fnt
|faint|p1a: Rotom
|
|upkeep
|
|t:|1654939929
|switch|p1a: Heatran|Heatran, M|100/100
|turn|2
|
|t:|1654939933
|switch|p2a: Slowking|Slowking, F|100/100
|move|p1a: Heatran|Stealth Rock|p2a: Slowking
|-sidestart|p2: Stimo96|move: Stealth Rock
|
|upkeep
|turn|3
|
|t:|1654939939
|move|p1a: Heatran|Magma Storm|p2a: Slowking
|-resisted|p2a: Slowking
|-damage|p2a: Slowking|88/100
|-activate|p2a: Slowking|move: Magma Storm|[of] p1a: Heatran
|move|p2a: Slowking|Future Sight|p1a: Heatran
|-start|p2a: Slowking|move: Future Sight
|
|-damage|p2a: Slowking|75/100|[from] move: Magma Storm|[partiallytrapped]
|upkeep
|turn|4
|
|t:|1654939947
|move|p1a: Heatran|Taunt|p2a: Slowking
|-start|p2a: Slowking|move: Taunt
|move|p2a: Slowking|Scald|p1a: Heatran
|-supereffective|p1a: Heatran
|-damage|p1a: Heatran|64/100
|
|-heal|p1a: Heatran|70/100|[from] item: Leftovers
|-damage|p2a: Slowking|63/100|[from] move: Magma Storm|[partiallytrapped]
|upkeep
|turn|5
|
|t:|1654939956
|move|p1a: Heatran|Earth Power|p2a: Slowking
|-damage|p2a: Slowking|46/100
|move|p2a: Slowking|Scald|p1a: Heatran
|-supereffective|p1a: Heatran
|-damage|p1a: Heatran|33/100
|
|-end|p1a: Heatran|move: Future Sight
|-resisted|p1a: Heatran
|-damage|p1a: Heatran|18/100
|-heal|p1a: Heatran|24/100|[from] item: Leftovers
|-damage|p2a: Slowking|33/100|[from] move: Magma Storm|[partiallytrapped]
|-fieldend|move: Psychic Terrain
|upkeep
|turn|6
|j| Women Fist
|l| Women Fist
|
|t:|1654939968
|move|p1a: Heatran|Earth Power|p2a: Slowking
|-damage|p2a: Slowking|17/100
|move|p2a: Slowking|Scald|p1a: Heatran
|-supereffective|p1a: Heatran
|-damage|p1a: Heatran|0 fnt
|faint|p1a: Heatran
|
|-end|p2a: Slowking|Magma Storm|[partiallytrapped]|[silent]
|-end|p2a: Slowking|move: Taunt
|upkeep
|
|t:|1654939976
|switch|p1a: Rillaboom|Rillaboom, M|100/100
|-fieldstart|move: Grassy Terrain|[from] ability: Grassy Surge|[of] p1a: Rillaboom
|turn|7
|
|t:|1654939982
|switch|p2a: Corviknight|Corviknight, F|100/100
|-ability|p2a: Corviknight|Pressure
|move|p1a: Rillaboom|U-turn|p2a: Corviknight
|-resisted|p2a: Corviknight
|-damage|p2a: Corviknight|95/100
|
|t:|1654939990
|switch|p1a: Volcarona|Volcarona, F|100/100|[from]move: U-turn
|
|upkeep
|turn|8
|
|t:|1654940003
|switch|p2a: Tapu Lele|Tapu Lele|100/100
|-damage|p2a: Tapu Lele|88/100|[from] Stealth Rock
|-fieldstart|move: Psychic Terrain|[from] ability: Psychic Surge|[of] p2a: Tapu Lele
|move|p1a: Volcarona|Quiver Dance|p1a: Volcarona
|-boost|p1a: Volcarona|spa|1
|-boost|p1a: Volcarona|spd|1
|-boost|p1a: Volcarona|spe|1
|
|upkeep
|turn|9
|
|t:|1654940014
|move|p1a: Volcarona|Flamethrower|p2a: Tapu Lele
|-damage|p2a: Tapu Lele|25/100
|move|p2a: Tapu Lele|Psyshock|p1a: Volcarona
|-damage|p1a: Volcarona|14/100
|
|upkeep
|turn|10
|
|t:|1654940030
|move|p1a: Volcarona|Flamethrower|p2a: Tapu Lele
|-damage|p2a: Tapu Lele|0 fnt
|faint|p2a: Tapu Lele
|
|upkeep
|
|t:|1654940036
|switch|p2a: Kartana|Kartana, shiny|100/100
|-damage|p2a: Kartana|94/100|[from] Stealth Rock
|turn|11
|
|t:|1654940046
|move|p2a: Kartana|Smart Strike|p1a: Volcarona
|-resisted|p1a: Volcarona
|-damage|p1a: Volcarona|0 fnt
|-status|p2a: Kartana|brn|[from] ability: Flame Body|[of] p1a: Volcarona
|faint|p1a: Volcarona
|-ability|p2a: Kartana|Beast Boost|boost
|-boost|p2a: Kartana|atk|1
|
|-damage|p2a: Kartana|88/100 brn|[from] brn
|upkeep
|
|t:|1654940055
|switch|p1a: Rillaboom|Rillaboom, M|100/100
|-fieldstart|move: Grassy Terrain|[from] ability: Grassy Surge|[of] p1a: Rillaboom
|turn|12
|
|t:|1654940071
|move|p2a: Kartana|Smart Strike|p1a: Rillaboom
|-damage|p1a: Rillaboom|60/100
|move|p1a: Rillaboom|Knock Off|p2a: Kartana
|-damage|p2a: Kartana|36/100 brn
|-enditem|p2a: Kartana|Choice Scarf|[from] move: Knock Off|[of] p1a: Rillaboom
|
|-heal|p2a: Kartana|42/100 brn|[from] Grassy Terrain
|-heal|p1a: Rillaboom|66/100|[from] Grassy Terrain
|-damage|p2a: Kartana|36/100 brn|[from] brn
|upkeep
|turn|13
|
|t:|1654940083
|switch|p2a: Corviknight|Corviknight, F|95/100
|-ability|p2a: Corviknight|Pressure
|move|p1a: Rillaboom|Knock Off|p2a: Corviknight
|-damage|p2a: Corviknight|62/100
|-enditem|p2a: Corviknight|Heavy-Duty Boots|[from] move: Knock Off|[of] p1a: Rillaboom
|
|-heal|p1a: Rillaboom|72/100|[from] Grassy Terrain
|upkeep
|turn|14
|
|t:|1654940100
|switch|p1a: Tapu Lele|Tapu Lele|100/100
|-fieldstart|move: Psychic Terrain|[from] ability: Psychic Surge|[of] p1a: Tapu Lele
|move|p2a: Corviknight|Roost|p2a: Corviknight
|-heal|p2a: Corviknight|100/100
|-singleturn|p2a: Corviknight|move: Roost
|
|upkeep
|turn|15
|
|t:|1654940114
|switch|p2a: Kartana|Kartana, shiny|36/100 brn
|-damage|p2a: Kartana|30/100 brn|[from] Stealth Rock
|move|p1a: Tapu Lele|Moonblast|p2a: Kartana
|-resisted|p2a: Kartana
|-damage|p2a: Kartana|0 fnt
|faint|p2a: Kartana
|
|upkeep
|
|t:|1654940123
|switch|p2a: Heatran|Heatran, M|100/100
|-damage|p2a: Heatran|88/100|[from] Stealth Rock
|turn|16
|
|t:|1654940135
|move|p1a: Tapu Lele|Moonblast|p2a: Heatran
|-resisted|p2a: Heatran
|-damage|p2a: Heatran|70/100
|-unboost|p2a: Heatran|spa|1
|move|p2a: Heatran|Eruption|p1a: Tapu Lele
|-damage|p1a: Tapu Lele|59/100
|
|upkeep
|turn|17
|
|t:|1654940146
|switch|p1a: Rillaboom|Rillaboom, M|72/100
|-fieldstart|move: Grassy Terrain|[from] ability: Grassy Surge|[of] p1a: Rillaboom
|move|p2a: Heatran|Flamethrower|p1a: Rillaboom
|-supereffective|p1a: Rillaboom
|-damage|p1a: Rillaboom|0 fnt
|faint|p1a: Rillaboom
|
|-heal|p2a: Heatran|76/100|[from] Grassy Terrain
|upkeep
|
|t:|1654940155
|switch|p1a: Hawlucha|Hawlucha, F|100/100
|-enditem|p1a: Hawlucha|Grassy Seed
|-boost|p1a: Hawlucha|def|1|[from] item: Grassy Seed
|turn|18
|
|t:|1654940165
|move|p1a: Hawlucha|Close Combat|p2a: Heatran
|-supereffective|p2a: Heatran
|-damage|p2a: Heatran|0 fnt
|-unboost|p1a: Hawlucha|def|1
|-unboost|p1a: Hawlucha|spd|1
|faint|p2a: Heatran
|
|upkeep
|
|t:|1654940175
|switch|p2a: Slowking|Slowking, F|50/100
|turn|19
|
|t:|1654940193
|move|p1a: Hawlucha|Swords Dance|p1a: Hawlucha
|-boost|p1a: Hawlucha|atk|2
|move|p2a: Slowking|Scald|p1a: Hawlucha
|-damage|p1a: Hawlucha|43/100
|
|-heal|p2a: Slowking|56/100|[from] Grassy Terrain
|upkeep
|turn|20
|
|t:|1654940210
|switch|p2a: Corviknight|Corviknight, F|100/100
|-damage|p2a: Corviknight|88/100|[from] Stealth Rock
|-ability|p2a: Corviknight|Pressure
|move|p1a: Hawlucha|Acrobatics|p2a: Corviknight
|-resisted|p2a: Corviknight
|-damage|p2a: Corviknight|57/100
|
|upkeep
|turn|21
|
|t:|1654940226
|move|p1a: Hawlucha|Stone Edge|p2a: Corviknight
|-damage|p2a: Corviknight|19/100
|move|p2a: Corviknight|Body Press|p1a: Hawlucha
|-resisted|p1a: Hawlucha
|-damage|p1a: Hawlucha|22/100
|
|-fieldend|move: Grassy Terrain
|upkeep
|turn|22
|
|t:|1654940235
|move|p1a: Hawlucha|Acrobatics|p2a: Corviknight
|-resisted|p2a: Corviknight
|-damage|p2a: Corviknight|0 fnt
|faint|p2a: Corviknight
|
|upkeep
|
|t:|1654940241
|switch|p2a: Slowking|Slowking, F|89/100
|turn|23
|
|t:|1654940245
|move|p1a: Hawlucha|Acrobatics|p2a: Slowking
|-damage|p2a: Slowking|0 fnt
|faint|p2a: Slowking
|
|upkeep
|-message|Stimo96 forfeited.
|
|win|magnus barlsen
|raw|magnus barlsen's rating: 1506 &rarr; <strong>1526</strong><br />(+20 for winning)
|raw|Stimo96's rating: 1512 &rarr; <strong>1492</strong><br />(-20 for losing)
|l|☆Stimo96
||Ladder isn't responding, score probably updated but might not have (Request timeout).
