|raw|<div class="broadcast-blue"><strong>This battle is required to be public due to a player having a name starting with 'lt93oq'.</div>
|j|☆tolstoy
|j|☆LT93OQ im garbage
|t:|1660604231
|gametype|singles
|player|p1|tolstoy|#lax|1796
|player|p2|LT93OQ im garbage|266|1870
|teamsize|p1|6
|teamsize|p2|6
|gen|8
|tier|[Gen 8] OU
|rated|
|rule|Sleep Clause Mod: Limit one foe put to sleep
|rule|Species Clause: Limit one of each Pokémon
|rule|OHKO Clause: OHKO moves are banned
|rule|Evasion Items Clause: Evasion items are banned
|rule|Evasion Moves Clause: Evasion moves are banned
|rule|Endless Battle Clause: Forcing endless battles is banned
|rule|HP Percentage Mod: HP is shown in percentages
|rule|Dynamax Clause: You cannot dynamax
|clearpoke
|poke|p1|Excadrill, F|
|poke|p1|Tapu Koko|
|poke|p1|Corviknight, F|
|poke|p1|Clefable, F|
|poke|p1|Heatran, F|
|poke|p1|Toxapex, M|
|poke|p2|Mandibuzz, F|
|poke|p2|Buzzwole|
|poke|p2|Quagsire, F|
|poke|p2|Bronzong|
|poke|p2|Clefable, M|
|poke|p2|Toxapex, M|
|teampreview
|inactive|Battle timer is ON: inactive players will automatically lose when time's up. (requested by LT93OQ im garbage)
|j| LT93OQ Empo
|inactive|tolstoy has 120 seconds left.
|c| LT93OQ Empo|lax :3 :3
|
|t:|1660604263
|start
|switch|p1a: Clefable|Clefable, F|100/100
|switch|p2a: Clefable|Clefable, M|100/100
|turn|1
|c|☆tolstoy|empo ^_^
|j| Lunarr
|
|t:|1660604275
|switch|p2a: Toxapex|Toxapex, M|100/100
|move|p1a: Clefable|Knock Off|p2a: Toxapex
|-damage|p2a: Toxapex|90/100
|-enditem|p2a: Toxapex|Shed Shell|[from] move: Knock Off|[of] p1a: Clefable
|
|upkeep
|turn|2
|j| Smash Time steez
|
|t:|1660604282
|switch|p1a: Corviknight|Corviknight, F|100/100
|-ability|p1a: Corviknight|Pressure
|move|p2a: Toxapex|Knock Off|p1a: Corviknight
|-damage|p1a: Corviknight|89/100
|-enditem|p1a: Corviknight|Leftovers|[from] move: Knock Off|[of] p2a: Toxapex
|
|upkeep
|turn|3
|j| Reigen shishou
|
|t:|1660604290
|move|p1a: Corviknight|U-turn|p2a: Toxapex
|-resisted|p2a: Toxapex
|-damage|p2a: Toxapex|84/100
|
|t:|1660604295
|switch|p1a: Clefable|Clefable, F|100/100|[from]move: U-turn
|move|p2a: Toxapex|Knock Off|p1a: Clefable
|-resisted|p1a: Clefable
|-damage|p1a: Clefable|94/100
|-damage|p2a: Toxapex|68/100|[from] item: Rocky Helmet|[of] p1a: Clefable
|-enditem|p1a: Clefable|Rocky Helmet|[from] move: Knock Off|[of] p2a: Toxapex
|
|upkeep
|turn|4
|
|t:|1660604301
|switch|p1a: Corviknight|Corviknight, F|89/100
|-ability|p1a: Corviknight|Pressure
|move|p2a: Toxapex|Light Screen|p2a: Toxapex
|-sidestart|p2: LT93OQ im garbage|move: Light Screen
|
|upkeep
|turn|5
|
|t:|1660604304
|switch|p2a: Clefable|Clefable, M|100/100
|move|p1a: Corviknight|U-turn|p2a: Clefable
|-resisted|p2a: Clefable
|-damage|p2a: Clefable|95/100
|
|t:|1660604307
|switch|p1a: Clefable|Clefable, F|94/100|[from]move: U-turn
|
|upkeep
|turn|6
|
|t:|1660604310
|switch|p2a: Toxapex|Toxapex, M|100/100
|move|p1a: Clefable|Knock Off|p2a: Toxapex
|-damage|p2a: Toxapex|93/100
|
|upkeep
|turn|7
|
|t:|1660604317
|move|p2a: Toxapex|Light Screen||[still]
|-fail|p2a: Toxapex
|move|p1a: Clefable|Stealth Rock|p2a: Toxapex
|-sidestart|p2: LT93OQ im garbage|move: Stealth Rock
|
|upkeep
|turn|8
|c|☆tolstoy|wtf
|c|☆tolstoy|that's fast as fuck
|
|t:|1660604331
|switch|p1a: Corviknight|Corviknight, F|89/100
|-ability|p1a: Corviknight|Pressure
|move|p2a: Toxapex|Haze|p2a: Toxapex
|-clearallboost
|
|-sideend|p2: LT93OQ im garbage|move: Light Screen
|-damage|p1a: Corviknight|76/100|[from] item: Sticky Barb
|upkeep
|turn|9
|
|t:|1660604337
|switch|p2a: Bronzong|Bronzong|100/100
|-damage|p2a: Bronzong|94/100|[from] Stealth Rock
|move|p1a: Corviknight|U-turn|p2a: Bronzong
|-damage|p2a: Bronzong|82/100
|
|t:|1660604345
|switch|p1a: Heatran|Heatran, F|100/100|[from]move: U-turn
|-item|p1a: Heatran|Air Balloon
|
|-heal|p2a: Bronzong|88/100|[from] item: Leftovers
|upkeep
|turn|10
|
|t:|1660604351
|move|p2a: Bronzong|Protect|p2a: Bronzong
|-singleturn|p2a: Bronzong|Protect
|move|p1a: Heatran|Magma Storm|p2a: Bronzong
|-activate|p2a: Bronzong|move: Protect
|
|-heal|p2a: Bronzong|94/100|[from] item: Leftovers
|upkeep
|turn|11
|j| zkutrzrfd
|
|t:|1660604361
|switch|p2a: Quagsire|Quagsire, F|100/100
|-damage|p2a: Quagsire|94/100|[from] Stealth Rock
|move|p1a: Heatran|Magma Storm|p2a: Quagsire
|-resisted|p2a: Quagsire
|-damage|p2a: Quagsire|72/100
|-activate|p2a: Quagsire|move: Magma Storm|[of] p1a: Heatran
|
|-heal|p2a: Quagsire|78/100|[from] item: Leftovers
|-damage|p2a: Quagsire|66/100|[from] move: Magma Storm|[partiallytrapped]
|upkeep
|turn|12
|
|t:|1660604367
|move|p1a: Heatran|Earth Power|p2a: Quagsire
|-damage|p2a: Quagsire|40/100
|move|p2a: Quagsire|Scald|p1a: Heatran
|-supereffective|p1a: Heatran
|-damage|p1a: Heatran|69/100
|-enditem|p1a: Heatran|Air Balloon
|
|-heal|p2a: Quagsire|46/100|[from] item: Leftovers
|-damage|p2a: Quagsire|34/100|[from] move: Magma Storm|[partiallytrapped]
|upkeep
|turn|13
|
|t:|1660604375
|move|p1a: Heatran|Will-O-Wisp|p2a: Quagsire
|-status|p2a: Quagsire|brn
|move|p2a: Quagsire|Recover|p2a: Quagsire
|-heal|p2a: Quagsire|84/100 brn
|
|-heal|p2a: Quagsire|90/100 brn|[from] item: Leftovers
|-damage|p2a: Quagsire|84/100 brn|[from] brn
|-damage|p2a: Quagsire|71/100 brn|[from] move: Magma Storm|[partiallytrapped]
|upkeep
|turn|14
|
|t:|1660604381
|move|p1a: Heatran|Earth Power|p2a: Quagsire
|-damage|p2a: Quagsire|46/100 brn
|-unboost|p2a: Quagsire|spd|1
|move|p2a: Quagsire|Scald|p1a: Heatran
|-supereffective|p1a: Heatran
|-damage|p1a: Heatran|38/100
|
|-heal|p2a: Quagsire|53/100 brn|[from] item: Leftovers
|-damage|p2a: Quagsire|46/100 brn|[from] brn
|-damage|p2a: Quagsire|34/100 brn|[from] move: Magma Storm|[partiallytrapped]
|upkeep
|turn|15
|
|t:|1660604390
|move|p2a: Quagsire|Protect|p2a: Quagsire
|-singleturn|p2a: Quagsire|Protect
|move|p1a: Heatran|Earth Power|p2a: Quagsire
|-activate|p2a: Quagsire|move: Protect
|
|-heal|p2a: Quagsire|40/100 brn|[from] item: Leftovers
|-damage|p2a: Quagsire|34/100 brn|[from] brn
|-end|p2a: Quagsire|Magma Storm|[partiallytrapped]
|upkeep
|turn|16
|j| LT93OQ Dasmer
|
|t:|1660604405
|switch|p2a: Mandibuzz|Mandibuzz, F|100/100
|move|p1a: Heatran|Magma Storm|p2a: Mandibuzz
|-damage|p2a: Mandibuzz|74/100
|-activate|p2a: Mandibuzz|move: Magma Storm|[of] p1a: Heatran
|
|-damage|p2a: Mandibuzz|62/100|[from] move: Magma Storm|[partiallytrapped]
|upkeep
|turn|17
|
|t:|1660604410
|move|p2a: Mandibuzz|Roost|p2a: Mandibuzz
|-heal|p2a: Mandibuzz|100/100
|-singleturn|p2a: Mandibuzz|move: Roost
|move|p1a: Heatran|Will-O-Wisp|p2a: Mandibuzz
|-status|p2a: Mandibuzz|brn
|
|-damage|p2a: Mandibuzz|94/100 brn|[from] brn
|-damage|p2a: Mandibuzz|82/100 brn|[from] move: Magma Storm|[partiallytrapped]
|upkeep
|turn|18
|j| LT93OQ adricraxk
|
|t:|1660604418
|switch|p1a: Clefable|Clefable, F|94/100
|move|p2a: Mandibuzz|Toxic|p1a: Clefable
|-status|p1a: Clefable|tox
|
|-damage|p2a: Mandibuzz|76/100 brn|[from] brn
|-end|p2a: Mandibuzz|Magma Storm|[partiallytrapped]|[silent]
|upkeep
|turn|19
|l| LT93OQ adricraxk
|
|t:|1660604423
|switch|p2a: Clefable|Clefable, M|95/100
|move|p1a: Clefable|Knock Off|p2a: Clefable
|-resisted|p2a: Clefable
|-damage|p2a: Clefable|91/100
|
|upkeep
|turn|20
|j| best hoes best dro
|
|t:|1660604432
|switch|p1a: Excadrill|Excadrill, F|100/100
|-ability|p1a: Excadrill|Mold Breaker
|move|p2a: Clefable|Heal Bell|p2a: Clefable
|-activate|p2a: Clefable|move: Heal Bell
|-curestatus|p2: Quagsire|brn|[msg]
|-curestatus|p2: Mandibuzz|brn|[msg]
|
|upkeep
|turn|21
|j| LT93OQ XKH
|
|t:|1660604442
|switch|p2a: Mandibuzz|Mandibuzz, F|76/100
|move|p1a: Excadrill|Swords Dance|p1a: Excadrill
|-boost|p1a: Excadrill|atk|2
|
|upkeep
|turn|22
|
|t:|1660604446
|switch|p2a: Buzzwole|Buzzwole|100/100
|move|p1a: Excadrill|Iron Head|p2a: Buzzwole
|-damage|p2a: Buzzwole|60/100
|
|upkeep
|turn|23
|
|t:|1660604451
|move|p2a: Buzzwole|Close Combat|p1a: Excadrill
|-supereffective|p1a: Excadrill
|-damage|p1a: Excadrill|0 fnt
|-unboost|p2a: Buzzwole|def|1
|-unboost|p2a: Buzzwole|spd|1
|faint|p1a: Excadrill
|-ability|p2a: Buzzwole|Beast Boost|boost
|-boost|p2a: Buzzwole|def|1
|
|upkeep
|j| CB Bhris Breezy
|
|t:|1660604456
|switch|p1a: Tapu Koko|Tapu Koko|100/100
|-fieldstart|move: Electric Terrain|[from] ability: Electric Surge|[of] p1a: Tapu Koko
|turn|24
|
|t:|1660604461
|switch|p2a: Bronzong|Bronzong|94/100
|-damage|p2a: Bronzong|88/100|[from] Stealth Rock
|move|p1a: Tapu Koko|Calm Mind|p1a: Tapu Koko
|-boost|p1a: Tapu Koko|spa|1
|-boost|p1a: Tapu Koko|spd|1
|
|-heal|p2a: Bronzong|94/100|[from] item: Leftovers
|upkeep
|turn|25
|
|t:|1660604466
|move|p1a: Tapu Koko|Thunderbolt|p2a: Bronzong
|-damage|p2a: Bronzong|49/100
|move|p2a: Bronzong|Toxic|p1a: Tapu Koko|[miss]
|-miss|p2a: Bronzong|p1a: Tapu Koko
|
|-heal|p2a: Bronzong|55/100|[from] item: Leftovers
|upkeep
|turn|26
|
|t:|1660604470
|move|p1a: Tapu Koko|Thunderbolt|p2a: Bronzong
|-damage|p2a: Bronzong|10/100
|move|p2a: Bronzong|Toxic|p1a: Tapu Koko
|-status|p1a: Tapu Koko|tox
|
|-heal|p2a: Bronzong|16/100|[from] item: Leftovers
|-damage|p1a: Tapu Koko|94/100 tox|[from] psn
|upkeep
|turn|27
|c|☆LT93OQ im garbage|today is not the day
|c|☆LT93OQ im garbage|for stall
|
|t:|1660604476
|move|p2a: Bronzong|Protect|p2a: Bronzong
|-singleturn|p2a: Bronzong|Protect
|move|p1a: Tapu Koko|Calm Mind|p1a: Tapu Koko
|-boost|p1a: Tapu Koko|spa|1
|-boost|p1a: Tapu Koko|spd|1
|
|-heal|p2a: Bronzong|22/100|[from] item: Leftovers
|-damage|p1a: Tapu Koko|82/100 tox|[from] psn
|upkeep
|turn|28
|
|t:|1660604492
|move|p2a: Bronzong|Protect|p2a: Bronzong
|-singleturn|p2a: Bronzong|Protect
|move|p1a: Tapu Koko|Dazzling Gleam|p2a: Bronzong
|-activate|p2a: Bronzong|move: Protect
|
|-heal|p2a: Bronzong|28/100|[from] item: Leftovers
|-damage|p1a: Tapu Koko|63/100 tox|[from] psn
|-fieldend|move: Electric Terrain
|upkeep
|turn|29
|
|t:|1660604499
|switch|p2a: Quagsire|Quagsire, F|34/100
|-damage|p2a: Quagsire|28/100|[from] Stealth Rock
|move|p1a: Tapu Koko|Thunderbolt|p2a: Quagsire
|-immune|p2a: Quagsire
|
|-heal|p2a: Quagsire|34/100|[from] item: Leftovers
|-damage|p1a: Tapu Koko|39/100 tox|[from] psn
|upkeep
|turn|30
|
|t:|1660604508
|move|p2a: Quagsire|Protect|p2a: Quagsire
|-singleturn|p2a: Quagsire|Protect
|move|p1a: Tapu Koko|Thunderbolt|p2a: Quagsire
|-activate|p2a: Quagsire|move: Protect
|
|-heal|p2a: Quagsire|40/100|[from] item: Leftovers
|-damage|p1a: Tapu Koko|8/100 tox|[from] psn
|upkeep
|turn|31
|c|☆tolstoy|u ran into evless drill
|c|☆tolstoy|and double rocks on tran
|c|☆tolstoy|u r fine.
|
|t:|1660604527
|switch|p1a: Clefable|Clefable, F|94/100 tox
|move|p2a: Quagsire|Recover|p2a: Quagsire
|-heal|p2a: Quagsire|90/100
|
|-heal|p2a: Quagsire|96/100|[from] item: Leftovers
|upkeep
|turn|32
|c|☆LT93OQ im garbage|did u have
|c|☆LT93OQ im garbage|0 attack as well
|c|☆LT93OQ im garbage|did i get my head calc fucked up
|c|☆tolstoy|0 spd 0 atk
|c|☆LT93OQ im garbage|idk if ihead 2kos
|c|☆tolstoy|bad import
|c|☆LT93OQ im garbage|k so ihead wouldve
|c|☆LT93OQ im garbage|2kod
|c|☆LT93OQ im garbage|rip me
|c|☆tolstoy|actually
|inactive|LT93OQ im garbage has 120 seconds left.
|
|t:|1660604558
|switch|p2a: Toxapex|Toxapex, M|100/100
|-damage|p2a: Toxapex|88/100|[from] Stealth Rock
|move|p1a: Clefable|Knock Off|p2a: Toxapex
|-damage|p2a: Toxapex|80/100
|
|upkeep
|turn|33
|c|☆tolstoy|my only evs are adamant 100 atk
|c|☆tolstoy|fsr.
|
|t:|1660604568
|switch|p1a: Corviknight|Corviknight, F|76/100
|-ability|p1a: Corviknight|Pressure
|move|p2a: Toxapex|Light Screen|p2a: Toxapex
|-sidestart|p2: LT93OQ im garbage|move: Light Screen
|
|-damage|p1a: Corviknight|64/100|[from] item: Sticky Barb
|upkeep
|turn|34
|c|☆LT93OQ im garbage|oh, nvm im good
|
|t:|1660604573
|switch|p2a: Mandibuzz|Mandibuzz, F|76/100
|move|p1a: Corviknight|U-turn|p2a: Mandibuzz
|-damage|p2a: Mandibuzz|64/100
|
|t:|1660604576
|switch|p1a: Tapu Koko|Tapu Koko|8/100 tox|[from]move: U-turn
|-fieldstart|move: Electric Terrain|[from] ability: Electric Surge|[of] p1a: Tapu Koko
|
|-damage|p1a: Tapu Koko|2/100 tox|[from] psn
|upkeep
|turn|35
|
|t:|1660604579
|move|p1a: Tapu Koko|Roost|p1a: Tapu Koko
|-heal|p1a: Tapu Koko|52/100 tox
|-singleturn|p1a: Tapu Koko|move: Roost
|move|p2a: Mandibuzz|Defog|p1a: Tapu Koko
|-unboost|p1a: Tapu Koko|evasion|1
|-sideend|p2: LT93OQ im garbage|Stealth Rock|[from] move: Defog|[of] p2a: Mandibuzz
|-fieldend|move: Electric Terrain
|
|-damage|p1a: Tapu Koko|39/100 tox|[from] psn
|upkeep
|turn|36
|
|t:|1660604583
|switch|p2a: Bronzong|Bronzong|28/100
|move|p1a: Tapu Koko|Roost|p1a: Tapu Koko
|-heal|p1a: Tapu Koko|90/100 tox
|-singleturn|p1a: Tapu Koko|move: Roost
|
|-heal|p2a: Bronzong|35/100|[from] item: Leftovers
|-damage|p1a: Tapu Koko|71/100 tox|[from] psn
|upkeep
|turn|37
|
|t:|1660604585
|switch|p1a: Clefable|Clefable, F|94/100 tox
|move|p2a: Bronzong|Stealth Rock|p1a: Clefable
|-sidestart|p1: tolstoy|move: Stealth Rock
|
|-heal|p2a: Bronzong|41/100|[from] item: Leftovers
|-sideend|p2: LT93OQ im garbage|move: Light Screen
|upkeep
|turn|38
|
|t:|1660604590
|move|p2a: Bronzong|Protect|p2a: Bronzong
|-singleturn|p2a: Bronzong|Protect
|move|p1a: Clefable|Stealth Rock|p2a: Bronzong
|-sidestart|p2: LT93OQ im garbage|move: Stealth Rock
|
|-heal|p2a: Bronzong|47/100|[from] item: Leftovers
|upkeep
|turn|39
|
|t:|1660604597
|switch|p2a: Toxapex|Toxapex, M|100/100
|-damage|p2a: Toxapex|88/100|[from] Stealth Rock
|move|p1a: Clefable|Knock Off|p2a: Toxapex
|-damage|p2a: Toxapex|81/100
|
|upkeep
|turn|40
|l| Smash Time steez
|
|t:|1660604601
|switch|p1a: Toxapex|Toxapex, M|100/100
|-damage|p1a: Toxapex|88/100|[from] Stealth Rock
|move|p2a: Toxapex|Light Screen|p2a: Toxapex
|-sidestart|p2: LT93OQ im garbage|move: Light Screen
|
|upkeep
|turn|41
|j| Aurella
|
|t:|1660604608
|switch|p2a: Clefable|Clefable, M|91/100
|move|p1a: Toxapex|Scald|p2a: Clefable
|-damage|p2a: Clefable|84/100
|
|upkeep
|turn|42
|
|t:|1660604613
|switch|p2a: Toxapex|Toxapex, M|100/100
|-damage|p2a: Toxapex|88/100|[from] Stealth Rock
|switch|p1a: Clefable|Clefable, F|94/100 tox
|
|upkeep
|turn|43
|
|t:|1660604617
|switch|p2a: Clefable|Clefable, M|84/100
|switch|p1a: Toxapex|Toxapex, M|88/100
|-damage|p1a: Toxapex|75/100|[from] Stealth Rock
|
|upkeep
|turn|44
|
|t:|1660604622
|switch|p2a: Toxapex|Toxapex, M|100/100
|-damage|p2a: Toxapex|88/100|[from] Stealth Rock
|switch|p1a: Clefable|Clefable, F|94/100 tox
|
|-sideend|p2: LT93OQ im garbage|move: Light Screen
|upkeep
|turn|45
|l| LT93OQ Dasmer
|c|☆tolstoy|idk how u break
|c|☆LT93OQ im garbage|will take a while
|c|☆LT93OQ im garbage|but its there
|c|☆tolstoy|but I have merciless pex too
|c|☆tolstoy|LMFAO
|c|☆tolstoy|holy
|c|☆LT93OQ im garbage|oh
|
|t:|1660604642
|switch|p1a: Toxapex|Toxapex, M|75/100
|-damage|p1a: Toxapex|63/100|[from] Stealth Rock
|move|p2a: Toxapex|Light Screen|p2a: Toxapex
|-sidestart|p2: LT93OQ im garbage|move: Light Screen
|
|upkeep
|turn|46
|c|☆LT93OQ im garbage|nvm ill just go back and forth
|c|☆LT93OQ im garbage|was gonna involve quag
|c|☆LT93OQ im garbage|into the mix
|
|t:|1660604657
|switch|p2a: Clefable|Clefable, M|84/100
|switch|p1a: Clefable|Clefable, F|94/100 tox
|
|upkeep
|turn|47
|
|t:|1660604662
|switch|p2a: Toxapex|Toxapex, M|100/100
|-damage|p2a: Toxapex|88/100|[from] Stealth Rock
|switch|p1a: Toxapex|Toxapex, M|63/100
|-damage|p1a: Toxapex|50/100|[from] Stealth Rock
|
|upkeep
|turn|48
|j| clicko
|c|☆tolstoy|waste of time unfort
|-message|tolstoy forfeited.
|
|win|LT93OQ im garbage
|raw|tolstoy's rating: 1796 &rarr; <strong>1780</strong><br />(-16 for losing)
|raw|LT93OQ im garbage's rating: 1870 &rarr; <strong>1886</strong><br />(+16 for winning)
|l|☆tolstoy
|l| CB Bhris Breezy
|l| LT93OQ Empo
|l|☆LT93OQ im garbage
|j| dorapult
||Ladder isn't responding, score probably updated but might not have (Request timeout).
|l| dorapult
|l| zkutrzrfd
|l| clicko
|j| iitzhatzツ
|j| Dzhugashvili
|l| Dzhugashvili
|l| Lunarr
|l| iitzhatzツ
