|j|☆ongliem
|j|☆uto RAR
|t:|1667971715
|gametype|singles
|player|p1|ongliem|101|1525
|player|p2|uto RAR|hilbert|1550
|teamsize|p1|6
|teamsize|p2|6
|gen|8
|tier|[Gen 8] OU
|rated|
|rule|Sleep Clause Mod: Limit one foe put to sleep
|rule|Species Clause: Limit one of each Pokémon
|rule|OHKO Clause: OHKO moves are banned
|rule|Evasion Items Clause: Evasion items are banned
|rule|Evasion Moves Clause: Evasion moves are banned
|rule|Endless Battle Clause: Forcing endless battles is banned
|rule|HP Percentage Mod: HP is shown in percentages
|rule|Dynamax Clause: You cannot dynamax
|clearpoke
|poke|p1|Landorus-Therian, M|
|poke|p1|Tapu Koko|
|poke|p1|Heatran, M|
|poke|p1|Rillaboom, M|
|poke|p1|Regieleki|
|poke|p1|Kartana|
|poke|p2|Tapu Lele|
|poke|p2|Urshifu-*, M|
|poke|p2|Garchomp, F|
|poke|p2|Ferrothorn, F|
|poke|p2|Zapdos|
|poke|p2|Clefable, M|
|teampreview
|c|☆ongliem|hf
|c|☆uto RAR|u2
|
|t:|1667971733
|start
|switch|p1a: Rillaboom|Rillaboom, M|100/100
|switch|p2a: Ferrothorn|Ferrothorn, F|100/100
|-fieldstart|move: Grassy Terrain|[from] ability: Grassy Surge|[of] p1a: Rillaboom
|turn|1
|
|t:|1667971740
|move|p1a: Rillaboom|Superpower|p2a: Ferrothorn
|-supereffective|p2a: Ferrothorn
|-damage|p2a: Ferrothorn|5/100
|-unboost|p1a: Rillaboom|atk|1
|-unboost|p1a: Rillaboom|def|1
|-damage|p1a: Rillaboom|88/100|[from] ability: Iron Barbs|[of] p2a: Ferrothorn
|move|p2a: Ferrothorn|Gyro Ball|p1a: Rillaboom
|-damage|p1a: Rillaboom|6/100
|
|-heal|p1a: Rillaboom|13/100|[from] Grassy Terrain
|-heal|p2a: Ferrothorn|11/100|[from] Grassy Terrain
|-heal|p2a: Ferrothorn|17/100|[from] item: Leftovers
|upkeep
|turn|2
|
|t:|1667971755
|switch|p1a: Landorus|Landorus-Therian, M|100/100
|-ability|p1a: Landorus|Intimidate|boost
|-unboost|p2a: Ferrothorn|atk|1
|switch|p2a: Clefable|Clefable, M|100/100
|
|upkeep
|turn|3
|
|t:|1667971762
|move|p1a: Landorus|Stealth Rock|p2a: Clefable
|-sidestart|p2: uto RAR|move: Stealth Rock
|move|p2a: Clefable|Stealth Rock|p1a: Landorus
|-sidestart|p1: ongliem|move: Stealth Rock
|
|upkeep
|turn|4
|
|t:|1667971768
|move|p1a: Landorus|Swords Dance|p1a: Landorus
|-boost|p1a: Landorus|atk|2
|move|p2a: Clefable|Moonblast|p1a: Landorus
|-damage|p1a: Landorus|61/100
|
|upkeep
|turn|5
|
|t:|1667971774
|switch|p2a: Ferrothorn|Ferrothorn, F|17/100
|-damage|p2a: Ferrothorn|11/100|[from] Stealth Rock
|move|p1a: Landorus|Explosion|p2a: Ferrothorn
|-resisted|p2a: Ferrothorn
|-damage|p2a: Ferrothorn|0 fnt
|faint|p1a: Landorus
|faint|p2a: Ferrothorn
|
|-fieldend|move: Grassy Terrain
|upkeep
|inactive|Battle timer is ON: inactive players will automatically lose when time's up. (requested by uto RAR)
|
|t:|1667971789
|switch|p1a: Tapu Koko|Tapu Koko|100/100
|switch|p2a: Zapdos|Zapdos|100/100
|-damage|p1a: Tapu Koko|88/100|[from] Stealth Rock
|-fieldstart|move: Electric Terrain|[from] ability: Electric Surge|[of] p1a: Tapu Koko
|turn|6
|
|t:|1667971798
|move|p1a: Tapu Koko|Dazzling Gleam|p2a: Zapdos
|-damage|p2a: Zapdos|49/100
|move|p2a: Zapdos|Volt Switch|p1a: Tapu Koko
|-resisted|p1a: Tapu Koko
|-damage|p1a: Tapu Koko|68/100
|
|t:|1667971812
|switch|p2a: Tapu Lele|Tapu Lele|100/100|[from]move: Volt Switch
|-damage|p2a: Tapu Lele|88/100|[from] Stealth Rock
|-fieldstart|move: Psychic Terrain|[from] ability: Psychic Surge|[of] p2a: Tapu Lele
|
|upkeep
|turn|7
|
|t:|1667971820
|switch|p1a: Heatran|Heatran, M|100/100
|-damage|p1a: Heatran|88/100|[from] Stealth Rock
|move|p2a: Tapu Lele|Moonblast|p1a: Heatran
|-resisted|p1a: Heatran
|-damage|p1a: Heatran|77/100
|-unboost|p1a: Heatran|spa|1
|
|upkeep
|turn|8
|
|t:|1667971835
|switch|p2a: Urshifu|Urshifu-Rapid-Strike, M|100/100
|-damage|p2a: Urshifu|94/100|[from] Stealth Rock
|move|p1a: Heatran|Flash Cannon|p2a: Urshifu
|-resisted|p2a: Urshifu
|-damage|p2a: Urshifu|60/100
|
|upkeep
|turn|9
|
|t:|1667971855
|switch|p1a: Rillaboom|Rillaboom, M|13/100
|-damage|p1a: Rillaboom|0 fnt|[from] Stealth Rock
|faint|p1a: Rillaboom
|move|p2a: Urshifu|Surging Strikes|p1: Rillaboom|[notarget]
|-fail|p2a: Urshifu
|
|upkeep
|
|t:|1667971863
|switch|p1a: Tapu Koko|Tapu Koko|68/100
|-damage|p1a: Tapu Koko|55/100|[from] Stealth Rock
|-fieldstart|move: Electric Terrain|[from] ability: Electric Surge|[of] p1a: Tapu Koko
|turn|10
|
|t:|1667971869
|switch|p2a: Clefable|Clefable, M|100/100
|move|p1a: Tapu Koko|Dazzling Gleam|p2a: Clefable
|-damage|p2a: Clefable|50/100
|
|-heal|p2a: Clefable|56/100|[from] item: Leftovers
|upkeep
|turn|11
|
|t:|1667971878
|move|p1a: Tapu Koko|Dazzling Gleam|p2a: Clefable
|-damage|p2a: Clefable|12/100
|move|p2a: Clefable|Thunder Wave|p1a: Tapu Koko
|-immune|p1a: Tapu Koko
|
|-heal|p2a: Clefable|18/100|[from] item: Leftovers
|upkeep
|turn|12
|
|t:|1667971885
|move|p1a: Tapu Koko|Dazzling Gleam|p2a: Clefable
|-damage|p2a: Clefable|0 fnt
|faint|p2a: Clefable
|
|upkeep
|
|t:|1667971887
|switch|p2a: Zapdos|Zapdos|49/100
|turn|13
|
|t:|1667971891
|move|p1a: Tapu Koko|Dazzling Gleam|p2a: Zapdos
|-damage|p2a: Zapdos|0 fnt
|faint|p2a: Zapdos
|
|upkeep
|
|t:|1667971895
|switch|p2a: Tapu Lele|Tapu Lele|88/100
|-damage|p2a: Tapu Lele|76/100|[from] Stealth Rock
|-fieldstart|move: Psychic Terrain|[from] ability: Psychic Surge|[of] p2a: Tapu Lele
|turn|14
|
|t:|1667971908
|switch|p1a: Heatran|Heatran, M|77/100
|-damage|p1a: Heatran|64/100|[from] Stealth Rock
|move|p2a: Tapu Lele|Focus Blast|p1a: Heatran|[miss]
|-miss|p2a: Tapu Lele|p1a: Heatran
|
|upkeep
|turn|15
|
|t:|1667971919
|move|p2a: Tapu Lele|Focus Blast|p1a: Heatran
|-supereffective|p1a: Heatran
|-damage|p1a: Heatran|0 fnt
|faint|p1a: Heatran
|
|upkeep
|
|t:|1667971928
|switch|p1a: Kartana|Kartana|100/100
|-damage|p1a: Kartana|94/100|[from] Stealth Rock
|turn|16
|
|t:|1667971939
|move|p1a: Kartana|Leaf Blade|p2a: Tapu Lele
|-damage|p2a: Tapu Lele|0 fnt
|faint|p2a: Tapu Lele
|-ability|p1a: Kartana|Beast Boost|boost
|-boost|p1a: Kartana|atk|1
|
|upkeep
|
|t:|1667971942
|switch|p2a: Garchomp|Garchomp, F|100/100
|-damage|p2a: Garchomp|94/100|[from] Stealth Rock
|turn|17
|
|t:|1667971948
|move|p1a: Kartana|Leaf Blade|p2a: Garchomp
|-damage|p2a: Garchomp|11/100
|-damage|p1a: Kartana|82/100|[from] ability: Rough Skin|[of] p2a: Garchomp
|move|p2a: Garchomp|Earthquake|p1a: Kartana
|-damage|p1a: Kartana|24/100
|
|-heal|p2a: Garchomp|17/100|[from] item: Leftovers
|upkeep
|turn|18
|
|t:|1667971957
|move|p1a: Kartana|Leaf Blade|p2a: Garchomp
|-damage|p2a: Garchomp|0 fnt
|-damage|p1a: Kartana|12/100|[from] ability: Rough Skin|[of] p2a: Garchomp
|faint|p2a: Garchomp
|-ability|p1a: Kartana|Beast Boost|boost
|-boost|p1a: Kartana|atk|1
|
|-fieldend|move: Psychic Terrain
|upkeep
|
|t:|1667971959
|switch|p2a: Urshifu|Urshifu-Rapid-Strike, M|60/100
|-damage|p2a: Urshifu|54/100|[from] Stealth Rock
|turn|19
|
|t:|1667971967
|move|p2a: Urshifu|Aqua Jet|p1a: Kartana
|-resisted|p1a: Kartana
|-damage|p1a: Kartana|0 fnt
|faint|p1a: Kartana
|
|upkeep
|
|t:|1667971972
|switch|p1a: Regieleki|Regieleki|100/100
|-damage|p1a: Regieleki|88/100|[from] Stealth Rock
|turn|20
|
|t:|1667971979
|move|p2a: Urshifu|Aqua Jet|p1a: Regieleki
|-damage|p1a: Regieleki|28/100
|move|p1a: Regieleki|Rising Voltage|p2a: Urshifu
|-supereffective|p2a: Urshifu
|-damage|p2a: Urshifu|0 fnt
|faint|p2a: Urshifu
|
|win|ongliem
|raw|ongliem's rating: 1525 &rarr; <strong>1546</strong><br />(+21 for winning)
|raw|uto RAR's rating: 1550 &rarr; <strong>1529</strong><br />(-21 for losing)
|l|☆uto RAR
|c|☆ongliem|gg
