|j|☆Highv0ltag3
|j|☆cute pink team
|t:|1655040676
|gametype|singles
|player|p1|Highv0ltag3|az|1778
|player|p2|cute pink team|266|1798
|teamsize|p1|6
|teamsize|p2|6
|gen|8
|tier|[Gen 8] OU
|rated|
|rule|Sleep Clause Mod: Limit one foe put to sleep
|rule|Species Clause: Limit one of each Pokémon
|rule|OHKO Clause: OHKO moves are banned
|rule|Evasion Moves Clause: Evasion moves are banned
|rule|Endless Battle Clause: Forcing endless battles is banned
|rule|HP Percentage Mod: HP is shown in percentages
|rule|Dynamax Clause: You cannot dynamax
|clearpoke
|poke|p1|Jellicent, F|
|poke|p1|Landorus-Therian, M|
|poke|p1|Hydreigon, M|
|poke|p1|Magnezone|
|poke|p1|Skarmory, M|
|poke|p1|Blacephalon|
|poke|p2|Mamoswine, F|
|poke|p2|Ditto|
|poke|p2|Corviknight, M|
|poke|p2|Volcanion|
|poke|p2|Porygon-Z|
|poke|p2|Zapdos|
|teampreview
|j| pika2333
|
|t:|1655040697
|start
|switch|p1a: Blacephalon|Blacephalon|100/100
|switch|p2a: Porygon-Z|Porygon-Z|100/100
|turn|1
|
|t:|1655040702
|switch|p1a: Hydreigon|Hydreigon, M|100/100
|switch|p2a: Volcanion|Volcanion|100/100
|
|upkeep
|turn|2
|
|t:|1655040710
|switch|p2a: Corviknight|Corviknight, M|100/100
|-ability|p2a: Corviknight|Pressure
|move|p1a: Hydreigon|Nasty Plot|p1a: Hydreigon
|-boost|p1a: Hydreigon|spa|2
|
|upkeep
|turn|3
|
|t:|1655040715
|switch|p2a: Ditto|Ditto|100/100
|-transform|p2a: Ditto|p1a: Hydreigon|[from] ability: Imposter
|move|p1a: Hydreigon|Dark Pulse|p2a: Ditto
|-resisted|p2a: Ditto
|-damage|p2a: Ditto|42/100
|
|upkeep
|turn|4
|
|t:|1655040721
|move|p2a: Ditto|Flash Cannon|p1a: Hydreigon
|-damage|p1a: Hydreigon|42/100
|move|p1a: Hydreigon|Dark Pulse|p2a: Ditto
|-resisted|p2a: Ditto
|-damage|p2a: Ditto|0 fnt
|faint|p2a: Ditto
|
|upkeep
|
|t:|1655040728
|switch|p2a: Mamoswine|Mamoswine, F|100/100
|turn|5
|
|t:|1655040733
|switch|p1a: Skarmory|Skarmory, M|100/100
|switch|p2a: Zapdos|Zapdos|100/100
|
|upkeep
|turn|6
|
|t:|1655040736
|switch|p1a: Landorus|Landorus-Therian, M|100/100
|-ability|p1a: Landorus|Intimidate|boost
|-unboost|p2a: Zapdos|atk|1
|move|p2a: Zapdos|Hurricane|p1a: Landorus|[miss]
|-miss|p2a: Zapdos|p1a: Landorus
|
|upkeep
|turn|7
|
|t:|1655040740
|move|p2a: Zapdos|Hurricane|p1a: Landorus
|-crit|p1a: Landorus
|-damage|p1a: Landorus|5/100
|move|p1a: Landorus|Toxic|p2a: Zapdos
|-status|p2a: Zapdos|tox
|
|-heal|p1a: Landorus|11/100|[from] item: Leftovers
|-damage|p2a: Zapdos|94/100 tox|[from] psn
|upkeep
|turn|8
|
|t:|1655040744
|switch|p2a: Volcanion|Volcanion|100/100
|switch|p1a: Magnezone|Magnezone|100/100
|
|upkeep
|turn|9
|
|t:|1655040747
|switch|p1a: Jellicent|Jellicent, F|100/100
|move|p2a: Volcanion|Overheat|p1a: Jellicent
|-resisted|p1a: Jellicent
|-damage|p1a: Jellicent|57/100
|-unboost|p2a: Volcanion|spa|2
|
|upkeep
|turn|10
|
|t:|1655040750
|switch|p2a: Zapdos|Zapdos|94/100 tox
|move|p1a: Jellicent|Recover|p1a: Jellicent
|-heal|p1a: Jellicent|100/100
|
|-damage|p2a: Zapdos|88/100 tox|[from] psn
|upkeep
|turn|11
|
|t:|1655040764
|switch|p1a: Landorus|Landorus-Therian, M|11/100
|-ability|p1a: Landorus|Intimidate|boost
|-unboost|p2a: Zapdos|atk|1
|move|p2a: Zapdos|Heat Wave|p1a: Landorus
|-damage|p1a: Landorus|0 fnt
|faint|p1a: Landorus
|
|-damage|p2a: Zapdos|76/100 tox|[from] psn
|upkeep
|
|t:|1655040768
|switch|p1a: Hydreigon|Hydreigon, M|42/100
|turn|12
|
|t:|1655040773
|switch|p2a: Mamoswine|Mamoswine, F|100/100
|move|p1a: Hydreigon|Dark Pulse|p2a: Mamoswine
|-damage|p2a: Mamoswine|70/100
|
|upkeep
|turn|13
|
|t:|1655040779
|switch|p1a: Skarmory|Skarmory, M|100/100
|switch|p2a: Zapdos|Zapdos|76/100 tox
|
|-damage|p2a: Zapdos|69/100 tox|[from] psn
|upkeep
|turn|14
|
|t:|1655040791
|switch|p1a: Jellicent|Jellicent, F|100/100
|move|p2a: Zapdos|Volt Switch|p1a: Jellicent
|-supereffective|p1a: Jellicent
|-damage|p1a: Jellicent|2/100
|
|t:|1655040794
|switch|p2a: Porygon-Z|Porygon-Z|100/100|[from]move: Volt Switch
|
|upkeep
|turn|15
|j| YTB_Xewo
|
|t:|1655040802
|move|p2a: Porygon-Z|Thunderbolt|p1a: Jellicent
|-supereffective|p1a: Jellicent
|-damage|p1a: Jellicent|0 fnt
|faint|p1a: Jellicent
|
|upkeep
|
|t:|1655040811
|switch|p1a: Hydreigon|Hydreigon, M|42/100
|turn|16
|
|t:|1655040813
|switch|p2a: Mamoswine|Mamoswine, F|70/100
|move|p1a: Hydreigon|Flash Cannon|p2a: Mamoswine
|-supereffective|p2a: Mamoswine
|-damage|p2a: Mamoswine|32/100
|-unboost|p2a: Mamoswine|spd|1
|
|upkeep
|turn|17
|
|t:|1655040824
|switch|p1a: Blacephalon|Blacephalon|100/100
|move|p2a: Mamoswine|Ice Shard|p1a: Blacephalon
|-resisted|p1a: Blacephalon
|-damage|p1a: Blacephalon|75/100
|
|upkeep
|turn|18
|
|t:|1655040836
|switch|p2a: Volcanion|Volcanion|100/100
|move|p1a: Blacephalon|Shadow Ball|p2a: Volcanion
|-damage|p2a: Volcanion|41/100
|-unboost|p2a: Volcanion|spd|1
|
|upkeep
|turn|19
|
|t:|1655040840
|switch|p2a: Porygon-Z|Porygon-Z|100/100
|move|p1a: Blacephalon|Shadow Ball|p2a: Porygon-Z
|-immune|p2a: Porygon-Z
|
|upkeep
|turn|20
|
|t:|1655040844
|switch|p1a: Magnezone|Magnezone|100/100
|move|p2a: Porygon-Z|Tri Attack|p1a: Magnezone
|-resisted|p1a: Magnezone
|-crit|p1a: Magnezone
|-damage|p1a: Magnezone|41/100
|
|upkeep
|turn|21
|
|t:|1655040855
|move|p2a: Porygon-Z|Tri Attack|p1a: Magnezone
|-resisted|p1a: Magnezone
|-damage|p1a: Magnezone|0 fnt
|faint|p1a: Magnezone
|
|upkeep
|
|t:|1655040859
|switch|p1a: Blacephalon|Blacephalon|75/100
|turn|22
|
|t:|1655040871
|move|p1a: Blacephalon|Shadow Ball|p2a: Porygon-Z
|-immune|p2a: Porygon-Z
|move|p2a: Porygon-Z|Tri Attack|p1a: Blacephalon
|-immune|p1a: Blacephalon
|
|upkeep
|turn|23
|
|t:|1655040875
|move|p1a: Blacephalon|Shadow Ball|p2a: Porygon-Z
|-immune|p2a: Porygon-Z
|move|p2a: Porygon-Z|Tri Attack|p1a: Blacephalon
|-immune|p1a: Blacephalon
|
|upkeep
|turn|24
|
|t:|1655040878
|switch|p2a: Corviknight|Corviknight, M|100/100
|-ability|p2a: Corviknight|Pressure
|move|p1a: Blacephalon|Shadow Ball|p2a: Corviknight
|-damage|p2a: Corviknight|69/100
|
|-heal|p2a: Corviknight|76/100|[from] item: Leftovers
|upkeep
|turn|25
|
|t:|1655040888
|move|p1a: Blacephalon|Shadow Ball|p2a: Corviknight
|-damage|p2a: Corviknight|45/100
|move|p2a: Corviknight|Roost|p2a: Corviknight
|-heal|p2a: Corviknight|95/100
|-singleturn|p2a: Corviknight|move: Roost
|
|-heal|p2a: Corviknight|100/100|[from] item: Leftovers
|upkeep
|turn|26
|
|t:|1655040892
|move|p1a: Blacephalon|Shadow Ball|p2a: Corviknight
|-crit|p2a: Corviknight
|-damage|p2a: Corviknight|54/100
|move|p2a: Corviknight|Brave Bird|p1a: Blacephalon
|-damage|p1a: Blacephalon|0 fnt
|faint|p1a: Blacephalon
|-damage|p2a: Corviknight|38/100|[from] Recoil
|
|-heal|p2a: Corviknight|45/100|[from] item: Leftovers
|upkeep
|
|t:|1655040894
|switch|p1a: Hydreigon|Hydreigon, M|42/100
|turn|27
|
|t:|1655040896
|move|p1a: Hydreigon|Roost|p1a: Hydreigon
|-heal|p1a: Hydreigon|92/100
|-singleturn|p1a: Hydreigon|move: Roost
|move|p2a: Corviknight|U-turn|p1a: Hydreigon
|-supereffective|p1a: Hydreigon
|-damage|p1a: Hydreigon|61/100
|j| naganeitor
|
|t:|1655040900
|switch|p2a: Porygon-Z|Porygon-Z|100/100|[from]move: U-turn
|
|upkeep
|turn|28
|
|t:|1655040911
|move|p1a: Hydreigon|Dark Pulse|p2a: Porygon-Z
|-damage|p2a: Porygon-Z|35/100
|move|p2a: Porygon-Z|Tri Attack|p1a: Hydreigon
|-damage|p1a: Hydreigon|0 fnt
|faint|p1a: Hydreigon
|
|upkeep
|
|t:|1655040915
|switch|p1a: Skarmory|Skarmory, M|100/100
|turn|29
|-message|Highv0ltag3 forfeited.
|
|win|cute pink team
|raw|Highv0ltag3's rating: 1778 &rarr; <strong>1759</strong><br />(-19 for losing)
|raw|cute pink team's rating: 1798 &rarr; <strong>1817</strong><br />(+19 for winning)
|l|☆Highv0ltag3
|c|☆cute pink team|ez
|l| YTB_Xewo
||Ladder isn't responding, score probably updated but might not have (Request timeout).
