|j|☆MaiNameJeff
|j|☆HQSFun
|t:|1667910460
|gametype|singles
|player|p1|MaiNameJeff|ghetsis-gen5bw|1675
|player|p2|HQSFun|veteranf|1704
|teamsize|p1|6
|teamsize|p2|6
|gen|8
|tier|[Gen 8] OU
|rated|
|rule|Sleep Clause Mod: Limit one foe put to sleep
|rule|Species Clause: Limit one of each Pokémon
|rule|OHKO Clause: OHKO moves are banned
|rule|Evasion Items Clause: Evasion items are banned
|rule|Evasion Moves Clause: Evasion moves are banned
|rule|Endless Battle Clause: Forcing endless battles is banned
|rule|HP Percentage Mod: HP is shown in percentages
|rule|Dynamax Clause: You cannot dynamax
|clearpoke
|poke|p1|Dragapult, F|
|poke|p1|Urshifu-*, M|
|poke|p1|Tapu Lele|
|poke|p1|Landorus-Therian, M|
|poke|p1|Zapdos|
|poke|p1|Melmetal|
|poke|p2|Blaziken, M|
|poke|p2|Rillaboom, F|
|poke|p2|Landorus-Therian, M|
|poke|p2|Nihilego|
|poke|p2|Bisharp, M|
|poke|p2|Dragonite, F|
|teampreview
|inactive|Battle timer is ON: inactive players will automatically lose when time's up. (requested by MaiNameJeff)
|
|t:|1667910473
|start
|switch|p1a: Landorus|Landorus-Therian, M|100/100
|switch|p2a: Bisharp|Bisharp, M|100/100
|-ability|p1a: Landorus|Intimidate|boost
|-unboost|p2a: Bisharp|atk|1
|-ability|p2a: Bisharp|Defiant|boost
|-boost|p2a: Bisharp|atk|2
|turn|1
|
|t:|1667910480
|move|p2a: Bisharp|Knock Off|p1a: Landorus
|-damage|p1a: Landorus|33/100
|-enditem|p1a: Landorus|Leftovers|[from] move: Knock Off|[of] p2a: Bisharp
|move|p1a: Landorus|Earthquake|p2a: Bisharp
|-supereffective|p2a: Bisharp
|-enditem|p2a: Bisharp|Focus Sash
|-damage|p2a: Bisharp|1/100
|
|upkeep
|turn|2
|
|t:|1667910488
|move|p2a: Bisharp|Stealth Rock|p1a: Landorus
|-sidestart|p1: MaiNameJeff|move: Stealth Rock
|move|p1a: Landorus|Stealth Rock|p2a: Bisharp
|-sidestart|p2: HQSFun|move: Stealth Rock
|
|upkeep
|turn|3
|
|t:|1667910495
|switch|p1a: Zapdos|Zapdos|100/100
|move|p2a: Bisharp|Knock Off|p1a: Zapdos
|-damage|p1a: Zapdos|11/100
|-enditem|p1a: Zapdos|Heavy-Duty Boots|[from] move: Knock Off|[of] p2a: Bisharp
|
|upkeep
|turn|4
|
|t:|1667910503
|move|p1a: Zapdos|Volt Switch|p2a: Bisharp
|-damage|p2a: Bisharp|0 fnt
|faint|p2a: Bisharp
|c|☆HQSFun|t
|
|t:|1667910520
|switch|p1a: Urshifu|Urshifu-Rapid-Strike, M|100/100|[from]move: Volt Switch
|-damage|p1a: Urshifu|94/100|[from] Stealth Rock
|
|upkeep
|
|t:|1667910524
|switch|p2a: Rillaboom|Rillaboom, F|100/100
|-damage|p2a: Rillaboom|88/100|[from] Stealth Rock
|-fieldstart|move: Grassy Terrain|[from] ability: Grassy Surge|[of] p2a: Rillaboom
|turn|5
|
|t:|1667910532
|move|p2a: Rillaboom|Grassy Glide|p1a: Urshifu
|-supereffective|p1a: Urshifu
|-damage|p1a: Urshifu|0 fnt
|faint|p1a: Urshifu
|-damage|p2a: Rillaboom|78/100|[from] item: Life Orb
|
|-heal|p2a: Rillaboom|84/100|[from] Grassy Terrain
|upkeep
|
|t:|1667910545
|switch|p1a: Tapu Lele|Tapu Lele|100/100
|-damage|p1a: Tapu Lele|88/100|[from] Stealth Rock
|-fieldstart|move: Psychic Terrain|[from] ability: Psychic Surge|[of] p1a: Tapu Lele
|turn|6
|
|t:|1667910556
|switch|p2a: Landorus|Landorus-Therian, M|100/100
|-damage|p2a: Landorus|88/100|[from] Stealth Rock
|-ability|p2a: Landorus|Intimidate|boost
|-unboost|p1a: Tapu Lele|atk|1
|move|p1a: Tapu Lele|Psychic|p2a: Landorus
|-damage|p2a: Landorus|11/100
|
|-heal|p2a: Landorus|17/100|[from] item: Leftovers
|upkeep
|turn|7
|
|t:|1667910567
|move|p1a: Tapu Lele|Psychic|p2a: Landorus
|-damage|p2a: Landorus|0 fnt
|faint|p2a: Landorus
|
|upkeep
|
|t:|1667910569
|switch|p2a: Rillaboom|Rillaboom, F|84/100
|-damage|p2a: Rillaboom|72/100|[from] Stealth Rock
|-fieldstart|move: Grassy Terrain|[from] ability: Grassy Surge|[of] p2a: Rillaboom
|turn|8
|
|t:|1667910573
|switch|p1a: Melmetal|Melmetal|100/100
|-damage|p1a: Melmetal|94/100|[from] Stealth Rock
|move|p2a: Rillaboom|Grassy Glide|p1a: Melmetal
|-resisted|p1a: Melmetal
|-damage|p1a: Melmetal|76/100
|-damage|p2a: Rillaboom|62/100|[from] item: Life Orb
|
|-heal|p2a: Rillaboom|68/100|[from] Grassy Terrain
|-heal|p1a: Melmetal|82/100|[from] Grassy Terrain
|-heal|p1a: Melmetal|88/100|[from] item: Leftovers
|upkeep
|turn|9
|
|t:|1667910585
|switch|p1a: Tapu Lele|Tapu Lele|88/100
|-damage|p1a: Tapu Lele|76/100|[from] Stealth Rock
|-fieldstart|move: Psychic Terrain|[from] ability: Psychic Surge|[of] p1a: Tapu Lele
|move|p2a: Rillaboom|Drain Punch|p1a: Tapu Lele
|-resisted|p1a: Tapu Lele
|-damage|p1a: Tapu Lele|63/100
|-heal|p2a: Rillaboom|74/100|[from] drain|[of] p1a: Tapu Lele
|-damage|p2a: Rillaboom|64/100|[from] item: Life Orb
|
|upkeep
|turn|10
|
|t:|1667910609
|switch|p2a: Nihilego|Nihilego|100/100
|-damage|p2a: Nihilego|88/100|[from] Stealth Rock
|move|p1a: Tapu Lele|Psychic|p2a: Nihilego
|-supereffective|p2a: Nihilego
|-damage|p2a: Nihilego|0 fnt
|faint|p2a: Nihilego
|
|upkeep
|
|t:|1667910614
|switch|p2a: Rillaboom|Rillaboom, F|64/100
|-damage|p2a: Rillaboom|51/100|[from] Stealth Rock
|-fieldstart|move: Grassy Terrain|[from] ability: Grassy Surge|[of] p2a: Rillaboom
|turn|11
|
|t:|1667910617
|switch|p1a: Landorus|Landorus-Therian, M|33/100
|-damage|p1a: Landorus|20/100|[from] Stealth Rock
|-ability|p1a: Landorus|Intimidate|boost
|-unboost|p2a: Rillaboom|atk|1
|move|p2a: Rillaboom|Grassy Glide|p1a: Landorus
|-damage|p1a: Landorus|0 fnt
|faint|p1a: Landorus
|-damage|p2a: Rillaboom|41/100|[from] item: Life Orb
|
|-heal|p2a: Rillaboom|47/100|[from] Grassy Terrain
|upkeep
|
|t:|1667910620
|switch|p1a: Tapu Lele|Tapu Lele|63/100
|-damage|p1a: Tapu Lele|50/100|[from] Stealth Rock
|-fieldstart|move: Psychic Terrain|[from] ability: Psychic Surge|[of] p1a: Tapu Lele
|turn|12
|
|t:|1667910629
|move|p1a: Tapu Lele|Psychic|p2a: Rillaboom
|-damage|p2a: Rillaboom|0 fnt
|faint|p2a: Rillaboom
|
|upkeep
|
|t:|1667910631
|switch|p2a: Dragonite|Dragonite, F|100/100
|turn|13
|
|t:|1667910638
|move|p1a: Tapu Lele|Psychic|p2a: Dragonite
|-damage|p2a: Dragonite|67/100
|move|p2a: Dragonite|Dragon Dance|p2a: Dragonite
|-boost|p2a: Dragonite|atk|1
|-boost|p2a: Dragonite|spe|1
|
|upkeep
|turn|14
|
|t:|1667910646
|switch|p1a: Melmetal|Melmetal|88/100
|-damage|p1a: Melmetal|82/100|[from] Stealth Rock
|move|p2a: Dragonite|Dragon Dance|p2a: Dragonite
|-boost|p2a: Dragonite|atk|1
|-boost|p2a: Dragonite|spe|1
|
|-heal|p1a: Melmetal|88/100|[from] item: Leftovers
|upkeep
|turn|15
|
|t:|1667910652
|move|p2a: Dragonite|Earthquake|p1a: Melmetal
|-supereffective|p1a: Melmetal
|-damage|p1a: Melmetal|0 fnt
|faint|p1a: Melmetal
|
|upkeep
|
|t:|1667910659
|switch|p1a: Zapdos|Zapdos|11/100
|-damage|p1a: Zapdos|0 fnt|[from] Stealth Rock
|faint|p1a: Zapdos
|
|t:|1667910665
|switch|p1a: Dragapult|Dragapult, F|100/100
|-damage|p1a: Dragapult|88/100|[from] Stealth Rock
|turn|16
|
|t:|1667910673
|move|p2a: Dragonite|Dual Wingbeat|p1a: Dragapult
|-damage|p1a: Dragapult|21/100
|-damage|p1a: Dragapult|0 fnt
|faint|p1a: Dragapult
|-hitcount|p1: Dragapult|2
|
|-fieldend|move: Psychic Terrain
|upkeep
|
|t:|1667910675
|switch|p1a: Tapu Lele|Tapu Lele|50/100
|-damage|p1a: Tapu Lele|38/100|[from] Stealth Rock
|-fieldstart|move: Psychic Terrain|[from] ability: Psychic Surge|[of] p1a: Tapu Lele
|turn|17
|
|t:|1667910678
|move|p2a: Dragonite|Earthquake|p1a: Tapu Lele
|-damage|p1a: Tapu Lele|0 fnt
|faint|p1a: Tapu Lele
|
|win|HQSFun
|raw|MaiNameJeff's rating: 1675 &rarr; <strong>1657</strong><br />(-18 for losing)
|raw|HQSFun's rating: 1704 &rarr; <strong>1722</strong><br />(+18 for winning)
|l|☆MaiNameJeff
||Ladder isn't responding, score probably updated but might not have (Request timeout).
