|j|‽minimax_ai
|j|☆Eclipse77
|t:|1667716411
|gametype|singles
|player|p1|minimax_ai|169|1648
|player|p2|Eclipse77|hilda-wonderlauncher|1637
|teamsize|p1|6
|teamsize|p2|6
|gen|8
|tier|[Gen 8] OU
|rated|
|rule|Sleep Clause Mod: Limit one foe put to sleep
|rule|Species Clause: Limit one of each Pokémon
|rule|OHKO Clause: OHKO moves are banned
|rule|Evasion Items Clause: Evasion items are banned
|rule|Evasion Moves Clause: Evasion moves are banned
|rule|Endless Battle Clause: Forcing endless battles is banned
|rule|HP Percentage Mod: HP is shown in percentages
|rule|Dynamax Clause: You cannot dynamax
|clearpoke
|poke|p1|Rotom-Wash|
|poke|p1|Weavile, F|
|poke|p1|Landorus-Therian, M|
|poke|p1|Heatran, M|
|poke|p1|Tangrowth, M|
|poke|p1|Melmetal|
|poke|p2|Rillaboom, M|
|poke|p2|Tornadus-Therian, M|
|poke|p2|Blaziken, M|
|poke|p2|Melmetal|
|poke|p2|Garchomp, M|
|poke|p2|Slowbro, M|
|teampreview
|inactive|Battle timer is ON: inactive players will automatically lose when time's up. (requested by minimax_ai)
|j| Kochiya Y
|
|t:|1667716432
|start
|switch|p1a: Landorus|Landorus-Therian, M|100/100
|switch|p2a: Blaziken|Blaziken, M|100/100
|-ability|p1a: Landorus|Intimidate|boost
|-unboost|p2a: Blaziken|atk|1
|turn|1
|j| XuanR
|inactive|Eclipse77 has 120 seconds left.
|
|t:|1667716462
|switch|p2a: Tornadus|Tornadus-Therian, M|100/100
|move|p1a: Landorus|Earthquake|p2a: Tornadus
|-immune|p2a: Tornadus
|
|upkeep
|turn|2
|
|t:|1667716467
|move|p2a: Tornadus|Knock Off|p1a: Landorus
|-damage|p1a: Landorus|82/100
|-enditem|p1a: Landorus|Leftovers|[from] move: Knock Off|[of] p2a: Tornadus
|move|p1a: Landorus|Earthquake|p2a: Tornadus
|-immune|p2a: Tornadus
|
|upkeep
|turn|3
|
|t:|1667716476
|move|p2a: Tornadus|U-turn|p1a: Landorus
|-resisted|p1a: Landorus
|-damage|p1a: Landorus|75/100
|
|t:|1667716478
|switch|p2a: Slowbro|Slowbro, M|100/100|[from]move: U-turn
|move|p1a: Landorus|Earthquake|p2a: Slowbro
|-damage|p2a: Slowbro|72/100
|
|upkeep
|turn|4
|
|t:|1667716486
|switch|p1a: Rotom|Rotom-Wash|100/100
|move|p2a: Slowbro|Toxic|p1a: Rotom
|-status|p1a: Rotom|tox
|
|-damage|p1a: Rotom|94/100 tox|[from] psn
|upkeep
|turn|5
|
|t:|1667716489
|switch|p2a: Garchomp|Garchomp, M|100/100
|move|p1a: Rotom|Thunderbolt|p2a: Garchomp
|-immune|p2a: Garchomp
|
|-heal|p1a: Rotom|100/100 tox|[from] item: Leftovers
|-damage|p1a: Rotom|88/100 tox|[from] psn
|upkeep
|turn|6
|j| Waloogi67
|
|t:|1667716493
|move|p1a: Rotom|Hydro Pump|p2a: Garchomp|[miss]
|-miss|p1a: Rotom|p2a: Garchomp
|move|p2a: Garchomp|Stealth Rock|p1a: Rotom
|-sidestart|p1: minimax_ai|move: Stealth Rock
|
|-heal|p1a: Rotom|94/100 tox|[from] item: Leftovers
|-damage|p1a: Rotom|75/100 tox|[from] psn
|upkeep
|turn|7
|
|t:|1667716496
|move|p2a: Garchomp|Protect|p2a: Garchomp
|-singleturn|p2a: Garchomp|Protect
|move|p1a: Rotom|Thunderbolt|p2a: Garchomp
|-activate|p2a: Garchomp|move: Protect
|
|-heal|p1a: Rotom|82/100 tox|[from] item: Leftovers
|-damage|p1a: Rotom|57/100 tox|[from] psn
|upkeep
|turn|8
|
|t:|1667716498
|switch|p2a: Slowbro|Slowbro, M|100/100
|move|p1a: Rotom|Hydro Pump|p2a: Slowbro
|-resisted|p2a: Slowbro
|-damage|p2a: Slowbro|77/100
|
|-heal|p1a: Rotom|63/100 tox|[from] item: Leftovers
|-damage|p1a: Rotom|32/100 tox|[from] psn
|upkeep
|turn|9
|
|t:|1667716500
|switch|p2a: Garchomp|Garchomp, M|100/100
|move|p1a: Rotom|Pain Split|p2a: Garchomp
|-sethp|p2a: Garchomp|62/100|[from] move: Pain Split|[silent]
|-sethp|p1a: Rotom|85/100 tox|[from] move: Pain Split
|
|-heal|p1a: Rotom|91/100 tox|[from] item: Leftovers
|-heal|p2a: Garchomp|68/100|[from] item: Leftovers
|-damage|p1a: Rotom|53/100 tox|[from] psn
|upkeep
|turn|10
|
|t:|1667716504
|move|p2a: Garchomp|Protect|p2a: Garchomp
|-singleturn|p2a: Garchomp|Protect
|move|p1a: Rotom|Pain Split|p2a: Garchomp
|-activate|p2a: Garchomp|move: Protect
|
|-heal|p1a: Rotom|60/100 tox|[from] item: Leftovers
|-heal|p2a: Garchomp|74/100|[from] item: Leftovers
|-damage|p1a: Rotom|16/100 tox|[from] psn
|upkeep
|turn|11
|
|t:|1667716507
|switch|p2a: Slowbro|Slowbro, M|100/100
|move|p1a: Rotom|Hydro Pump|p2a: Slowbro
|-resisted|p2a: Slowbro
|-damage|p2a: Slowbro|78/100
|
|-heal|p1a: Rotom|22/100 tox|[from] item: Leftovers
|-damage|p1a: Rotom|0 fnt|[from] psn
|faint|p1a: Rotom
|upkeep
|
|t:|1667716507
|switch|p1a: Heatran|Heatran, M|100/100
|-damage|p1a: Heatran|88/100|[from] Stealth Rock
|-item|p1a: Heatran|Air Balloon
|turn|12
|
|t:|1667716509
|move|p1a: Heatran|Stealth Rock|p2a: Slowbro
|-sidestart|p2: Eclipse77|move: Stealth Rock
|move|p2a: Slowbro|Scald|p1a: Heatran
|-supereffective|p1a: Heatran
|-damage|p1a: Heatran|32/100
|-enditem|p1a: Heatran|Air Balloon
|
|upkeep
|turn|13
|
|t:|1667716513
|move|p1a: Heatran|Earth Power|p2a: Slowbro
|-damage|p2a: Slowbro|46/100
|-unboost|p2a: Slowbro|spd|1
|move|p2a: Slowbro|Scald|p1a: Heatran
|-supereffective|p1a: Heatran
|-damage|p1a: Heatran|0 fnt
|faint|p1a: Heatran
|
|upkeep
|
|t:|1667716513
|switch|p1a: Weavile|Weavile, F|100/100
|-damage|p1a: Weavile|76/100|[from] Stealth Rock
|-ability|p1a: Weavile|Pressure
|turn|14
|
|t:|1667716516
|switch|p2a: Melmetal|Melmetal|100/100
|-damage|p2a: Melmetal|94/100|[from] Stealth Rock
|move|p1a: Weavile|Knock Off|p2a: Melmetal
|-damage|p2a: Melmetal|51/100
|-enditem|p2a: Melmetal|Leftovers|[from] move: Knock Off|[of] p1a: Weavile
|
|upkeep
|turn|15
|
|t:|1667716525
|switch|p1a: Tangrowth|Tangrowth, M|100/100
|-damage|p1a: Tangrowth|88/100|[from] Stealth Rock
|switch|p2a: Tornadus|Tornadus-Therian, M|100/100
|
|upkeep
|turn|16
|
|t:|1667716529
|switch|p1a: Melmetal|Melmetal|100/100
|-damage|p1a: Melmetal|94/100|[from] Stealth Rock
|move|p2a: Tornadus|Knock Off|p1a: Melmetal
|-damage|p1a: Melmetal|83/100
|-enditem|p1a: Melmetal|Assault Vest|[from] move: Knock Off|[of] p2a: Tornadus
|
|upkeep
|turn|17
|
|t:|1667716534
|move|p2a: Tornadus|U-turn|p1a: Melmetal
|-resisted|p1a: Melmetal
|-damage|p1a: Melmetal|80/100
|
|t:|1667716536
|switch|p2a: Slowbro|Slowbro, M|79/100|[from]move: U-turn
|-damage|p2a: Slowbro|67/100|[from] Stealth Rock
|move|p1a: Melmetal|Double Iron Bash|p2a: Slowbro
|-resisted|p2a: Slowbro
|-damage|p2a: Slowbro|55/100
|-damage|p1a: Melmetal|63/100|[from] item: Rocky Helmet|[of] p2a: Slowbro
|-resisted|p2a: Slowbro
|-damage|p2a: Slowbro|44/100
|-damage|p1a: Melmetal|47/100|[from] item: Rocky Helmet|[of] p2a: Slowbro
|-hitcount|p2a: Slowbro|2
|
|upkeep
|turn|18
|
|t:|1667716541
|switch|p2a: Garchomp|Garchomp, M|74/100
|-damage|p2a: Garchomp|68/100|[from] Stealth Rock
|move|p1a: Melmetal|Thunder Punch|p2a: Garchomp
|-immune|p2a: Garchomp
|
|-heal|p2a: Garchomp|74/100|[from] item: Leftovers
|upkeep
|turn|19
|
|t:|1667716546
|switch|p1a: Landorus|Landorus-Therian, M|75/100
|-damage|p1a: Landorus|63/100|[from] Stealth Rock
|-ability|p1a: Landorus|Intimidate|boost
|-unboost|p2a: Garchomp|atk|1
|move|p2a: Garchomp|Toxic|p1a: Landorus
|-status|p1a: Landorus|tox
|
|-heal|p2a: Garchomp|81/100|[from] item: Leftovers
|-damage|p1a: Landorus|57/100 tox|[from] psn
|upkeep
|turn|20
|
|t:|1667716549
|move|p2a: Garchomp|Protect|p2a: Garchomp
|-singleturn|p2a: Garchomp|Protect
|move|p1a: Landorus|Earthquake|p2a: Garchomp
|-activate|p2a: Garchomp|move: Protect
|
|-heal|p2a: Garchomp|87/100|[from] item: Leftovers
|-damage|p1a: Landorus|45/100 tox|[from] psn
|upkeep
|turn|21
|
|t:|1667716556
|switch|p2a: Tornadus|Tornadus-Therian, M|100/100
|move|p1a: Landorus|Earthquake|p2a: Tornadus
|-immune|p2a: Tornadus
|
|-damage|p1a: Landorus|26/100 tox|[from] psn
|upkeep
|turn|22
|
|t:|1667716560
|move|p2a: Tornadus|Heat Wave|p1a: Landorus
|-damage|p1a: Landorus|8/100 tox
|move|p1a: Landorus|Toxic|p2a: Tornadus|[miss]
|-miss|p1a: Landorus|p2a: Tornadus
|
|-damage|p1a: Landorus|0 fnt|[from] psn
|faint|p1a: Landorus
|upkeep
|
|t:|1667716560
|switch|p1a: Melmetal|Melmetal|47/100
|-damage|p1a: Melmetal|40/100|[from] Stealth Rock
|turn|23
|
|t:|1667716564
|move|p2a: Tornadus|Heat Wave|p1a: Melmetal
|-supereffective|p1a: Melmetal
|-damage|p1a: Melmetal|0 fnt
|faint|p1a: Melmetal
|
|upkeep
|
|t:|1667716564
|switch|p1a: Weavile|Weavile, F|76/100
|-damage|p1a: Weavile|51/100|[from] Stealth Rock
|-ability|p1a: Weavile|Pressure
|turn|24
|
|t:|1667716571
|switch|p2a: Slowbro|Slowbro, M|77/100
|-damage|p2a: Slowbro|65/100|[from] Stealth Rock
|move|p1a: Weavile|Triple Axel|p2a: Slowbro
|-resisted|p2a: Slowbro
|-damage|p2a: Slowbro|61/100
|-damage|p1a: Weavile|34/100|[from] item: Rocky Helmet|[of] p2a: Slowbro
|-resisted|p2a: Slowbro
|-damage|p2a: Slowbro|52/100
|-damage|p1a: Weavile|18/100|[from] item: Rocky Helmet|[of] p2a: Slowbro
|-resisted|p2a: Slowbro
|-damage|p2a: Slowbro|39/100
|-damage|p1a: Weavile|2/100|[from] item: Rocky Helmet|[of] p2a: Slowbro
|-hitcount|p2a: Slowbro|3
|
|upkeep
|turn|25
|
|t:|1667716577
|move|p1a: Weavile|Triple Axel|p2a: Slowbro
|-resisted|p2a: Slowbro
|-damage|p2a: Slowbro|35/100
|-damage|p1a: Weavile|0 fnt|[from] item: Rocky Helmet|[of] p2a: Slowbro
|faint|p1a: Weavile
|-hitcount|p2a: Slowbro|1
|move|p2a: Slowbro|Scald|p1: Weavile|[notarget]
|-fail|p2a: Slowbro
|
|upkeep
|
|t:|1667716577
|switch|p1a: Tangrowth|Tangrowth, M|100/100
|-damage|p1a: Tangrowth|88/100|[from] Stealth Rock
|turn|26
|
|t:|1667716579
|move|p1a: Tangrowth|Giga Drain|p2a: Slowbro
|-supereffective|p2a: Slowbro
|-damage|p2a: Slowbro|0 fnt
|-heal|p1a: Tangrowth|100/100|[from] drain|[of] p2a: Slowbro
|faint|p2a: Slowbro
|
|upkeep
|
|t:|1667716582
|switch|p2a: Blaziken|Blaziken, M|100/100
|-damage|p2a: Blaziken|88/100|[from] Stealth Rock
|turn|27
|
|t:|1667716584
|move|p2a: Blaziken|Swords Dance|p2a: Blaziken
|-boost|p2a: Blaziken|atk|2
|move|p1a: Tangrowth|Focus Blast|p2a: Blaziken
|-damage|p2a: Blaziken|47/100
|
|-heal|p2a: Blaziken|53/100|[from] item: Leftovers
|-ability|p2a: Blaziken|Speed Boost|boost
|-boost|p2a: Blaziken|spe|1
|upkeep
|turn|28
|
|t:|1667716586
|move|p2a: Blaziken|Flare Blitz|p1a: Tangrowth
|-supereffective|p1a: Tangrowth
|-damage|p1a: Tangrowth|0 fnt
|-damage|p2a: Blaziken|36/100|[from] item: Rocky Helmet|[of] p1a: Tangrowth
|faint|p1a: Tangrowth
|-damage|p2a: Blaziken|0 fnt|[from] Recoil
|faint|p2a: Blaziken
|
|win|Eclipse77
|raw|minimax_ai's rating: 1648 &rarr; <strong>1627</strong><br />(-21 for losing)
|raw|Eclipse77's rating: 1637 &rarr; <strong>1658</strong><br />(+21 for winning)
|l|‽minimax_ai
