|j|☆thunderdog_32
|j|☆Anibunnysomoney
|t:|1663724603
|gametype|singles
|player|p1|thunderdog_32|red|1439
|player|p2|Anibunnysomoney|102|1469
|teamsize|p1|6
|teamsize|p2|6
|gen|8
|tier|[Gen 8] OU
|rated|
|rule|Sleep Clause Mod: Limit one foe put to sleep
|rule|Species Clause: Limit one of each Pokémon
|rule|OHKO Clause: OHKO moves are banned
|rule|Evasion Items Clause: Evasion items are banned
|rule|Evasion Moves Clause: Evasion moves are banned
|rule|Endless Battle Clause: Forcing endless battles is banned
|rule|HP Percentage Mod: HP is shown in percentages
|rule|Dynamax Clause: You cannot dynamax
|clearpoke
|poke|p1|Melmetal|
|poke|p1|Landorus-Therian, M|
|poke|p1|Blissey, F|
|poke|p1|Tapu Fini|
|poke|p1|Buzzwole|
|poke|p1|Victini|
|poke|p2|Mew|
|poke|p2|Terrakion|
|poke|p2|Skarmory, F|
|poke|p2|Seismitoad, M|
|poke|p2|Tyranitar, F|
|poke|p2|Dragapult, M|
|teampreview
|inactive|Battle timer is ON: inactive players will automatically lose when time's up. (requested by thunderdog_32)
|
|t:|1663724626
|start
|switch|p1a: Tapu Fini|Tapu Fini|100/100
|switch|p2a: Mew|Mew, shiny|100/100
|-fieldstart|move: Misty Terrain|[from] ability: Misty Surge|[of] p1a: Tapu Fini
|turn|1
|
|t:|1663724631
|move|p2a: Mew|Trick|p1a: Tapu Fini
|-activate|p2a: Mew|move: Trick|[of] p1a: Tapu Fini
|-item|p1a: Tapu Fini|Choice Scarf|[from] move: Trick
|-item|p2a: Mew|Choice Scarf|[from] move: Trick
|move|p1a: Tapu Fini|Trick|p2a: Mew
|-activate|p1a: Tapu Fini|move: Trick|[of] p2a: Mew
|-item|p2a: Mew|Choice Scarf|[from] move: Trick
|-item|p1a: Tapu Fini|Choice Scarf|[from] move: Trick
|
|upkeep
|turn|2
|c|☆thunderdog_32|Lol
|
|t:|1663724654
|move|p2a: Mew|Ice Beam|p1a: Tapu Fini
|-resisted|p1a: Tapu Fini
|-damage|p1a: Tapu Fini|91/100
|move|p1a: Tapu Fini|Moonblast|p2a: Mew
|-damage|p2a: Mew|69/100
|
|upkeep
|turn|3
|
|t:|1663724666
|switch|p2a: Seismitoad|Seismitoad, M, shiny|100/100
|move|p1a: Tapu Fini|Moonblast|p2a: Seismitoad
|-damage|p2a: Seismitoad|79/100
|-unboost|p2a: Seismitoad|spa|1
|
|-heal|p2a: Seismitoad|86/100|[from] item: Leftovers
|upkeep
|turn|4
|
|t:|1663724680
|switch|p1a: Melmetal|Melmetal|100/100
|move|p2a: Seismitoad|Stealth Rock|p1a: Melmetal
|-sidestart|p1: thunderdog_32|move: Stealth Rock
|
|-heal|p2a: Seismitoad|92/100|[from] item: Leftovers
|upkeep
|turn|5
|
|t:|1663724686
|switch|p1a: Blissey|Blissey, F|100/100
|move|p2a: Seismitoad|Scald|p1a: Blissey
|-damage|p1a: Blissey|94/100
|
|-heal|p2a: Seismitoad|98/100|[from] item: Leftovers
|-fieldend|Misty Terrain
|upkeep
|turn|6
|
|t:|1663724690
|move|p2a: Seismitoad|Knock Off|p1a: Blissey
|-damage|p1a: Blissey|77/100
|-enditem|p1a: Blissey|Heavy-Duty Boots|[from] move: Knock Off|[of] p2a: Seismitoad
|move|p1a: Blissey|Stealth Rock|p2a: Seismitoad
|-sidestart|p2: Anibunnysomoney|move: Stealth Rock
|
|-heal|p2a: Seismitoad|100/100|[from] item: Leftovers
|upkeep
|turn|7
|
|t:|1663724697
|switch|p2a: Skarmory|Skarmory, F|100/100
|-damage|p2a: Skarmory|88/100|[from] Stealth Rock
|move|p1a: Blissey|Seismic Toss|p2a: Skarmory
|-damage|p2a: Skarmory|58/100
|-damage|p1a: Blissey|60/100|[from] item: Rocky Helmet|[of] p2a: Skarmory
|
|upkeep
|turn|8
|
|t:|1663724703
|move|p2a: Skarmory|Body Press|p1a: Blissey
|-supereffective|p1a: Blissey
|-damage|p1a: Blissey|8/100
|move|p1a: Blissey|Soft-Boiled|p1a: Blissey
|-heal|p1a: Blissey|58/100
|
|upkeep
|turn|9
|
|t:|1663724716
|switch|p1a: Buzzwole|Buzzwole|100/100
|-damage|p1a: Buzzwole|88/100|[from] Stealth Rock
|move|p2a: Skarmory|Body Press|p1a: Buzzwole
|-resisted|p1a: Buzzwole
|-damage|p1a: Buzzwole|77/100
|-damage|p2a: Skarmory|42/100|[from] item: Rocky Helmet|[of] p1a: Buzzwole
|
|upkeep
|turn|10
|
|t:|1663724723
|switch|p1a: Tapu Fini|Tapu Fini|91/100
|-damage|p1a: Tapu Fini|78/100|[from] Stealth Rock
|-fieldstart|move: Misty Terrain|[from] ability: Misty Surge|[of] p1a: Tapu Fini
|move|p2a: Skarmory|Roost|p2a: Skarmory
|-heal|p2a: Skarmory|92/100
|-singleturn|p2a: Skarmory|move: Roost
|
|upkeep
|turn|11
|
|t:|1663724732
|move|p1a: Tapu Fini|Trick|p2a: Skarmory
|-activate|p1a: Tapu Fini|move: Trick|[of] p2a: Skarmory
|-item|p2a: Skarmory|Choice Scarf|[from] move: Trick
|-item|p1a: Tapu Fini|Rocky Helmet|[from] move: Trick
|move|p2a: Skarmory|Roost|p2a: Skarmory
|-heal|p2a: Skarmory|100/100
|-singleturn|p2a: Skarmory|move: Roost
|
|upkeep
|turn|12
|
|t:|1663724756
|switch|p2a: Seismitoad|Seismitoad, M, shiny|100/100
|-damage|p2a: Seismitoad|94/100|[from] Stealth Rock
|move|p1a: Tapu Fini|Defog|p2a: Seismitoad
|-unboost|p2a: Seismitoad|evasion|1
|-sideend|p2: Anibunnysomoney|Stealth Rock|[from] move: Defog|[of] p1a: Tapu Fini
|-sideend|p1: thunderdog_32|Stealth Rock|[from] move: Defog|[of] p1a: Tapu Fini
|-fieldend|Misty Terrain
|
|-heal|p2a: Seismitoad|100/100|[from] item: Leftovers
|upkeep
|turn|13
|inactive|Anibunnysomoney has 120 seconds left.
|
|t:|1663724778
|move|p1a: Tapu Fini|Moonblast|p2a: Seismitoad
|-damage|p2a: Seismitoad|77/100
|move|p2a: Seismitoad|Toxic|p1a: Tapu Fini
|-status|p1a: Tapu Fini|tox
|
|-heal|p2a: Seismitoad|83/100|[from] item: Leftovers
|-damage|p1a: Tapu Fini|72/100 tox|[from] psn
|upkeep
|turn|14
|inactive|Anibunnysomoney has 120 seconds left.
|
|t:|1663724788
|move|p1a: Tapu Fini|Moonblast|p2a: Seismitoad
|-crit|p2a: Seismitoad
|-damage|p2a: Seismitoad|48/100
|move|p2a: Seismitoad|Stealth Rock|p1a: Tapu Fini
|-sidestart|p1: thunderdog_32|move: Stealth Rock
|
|-heal|p2a: Seismitoad|54/100|[from] item: Leftovers
|-damage|p1a: Tapu Fini|60/100 tox|[from] psn
|upkeep
|turn|15
|
|t:|1663724793
|move|p1a: Tapu Fini|Defog|p2a: Seismitoad
|-unboost|p2a: Seismitoad|evasion|1
|-sideend|p1: thunderdog_32|Stealth Rock|[from] move: Defog|[of] p1a: Tapu Fini
|move|p2a: Seismitoad|Knock Off|p1a: Tapu Fini
|-resisted|p1a: Tapu Fini
|-damage|p1a: Tapu Fini|52/100 tox
|-damage|p2a: Seismitoad|37/100|[from] item: Rocky Helmet|[of] p1a: Tapu Fini
|-enditem|p1a: Tapu Fini|Rocky Helmet|[from] move: Knock Off|[of] p2a: Seismitoad
|
|-heal|p2a: Seismitoad|43/100|[from] item: Leftovers
|-damage|p1a: Tapu Fini|34/100 tox|[from] psn
|upkeep
|turn|16
|
|t:|1663724798
|move|p1a: Tapu Fini|Moonblast|p2a: Seismitoad
|-damage|p2a: Seismitoad|19/100
|move|p2a: Seismitoad|Stealth Rock|p1a: Tapu Fini
|-sidestart|p1: thunderdog_32|move: Stealth Rock
|
|-heal|p2a: Seismitoad|25/100|[from] item: Leftovers
|-damage|p1a: Tapu Fini|9/100 tox|[from] psn
|upkeep
|turn|17
|
|t:|1663724803
|switch|p2a: Skarmory|Skarmory, F|100/100
|move|p1a: Tapu Fini|Defog|p2a: Skarmory
|-unboost|p2a: Skarmory|evasion|1
|-sideend|p1: thunderdog_32|Stealth Rock|[from] move: Defog|[of] p1a: Tapu Fini
|
|-damage|p1a: Tapu Fini|0 fnt|[from] psn
|faint|p1a: Tapu Fini
|upkeep
|
|t:|1663724815
|switch|p1a: Victini|Victini|100/100
|turn|18
|
|t:|1663724825
|switch|p2a: Seismitoad|Seismitoad, M, shiny|25/100
|move|p1a: Victini|Glaciate|p2a: Seismitoad
|-crit|p2a: Seismitoad
|-damage|p2a: Seismitoad|11/100
|-unboost|p2a: Seismitoad|spe|1
|
|-heal|p2a: Seismitoad|17/100|[from] item: Leftovers
|upkeep
|turn|19
|
|t:|1663724833
|move|p1a: Victini|U-turn|p2a: Seismitoad
|-damage|p2a: Seismitoad|0 fnt
|faint|p2a: Seismitoad
|
|t:|1663724844
|switch|p1a: Landorus|Landorus-Therian, M|100/100|[from]move: U-turn
|
|upkeep
|
|t:|1663724847
|switch|p2a: Mew|Mew, shiny|69/100
|turn|20
|
|t:|1663724853
|switch|p1a: Melmetal|Melmetal|100/100
|move|p2a: Mew|Trick|p1a: Melmetal
|-activate|p2a: Mew|move: Trick|[of] p1a: Melmetal
|-item|p1a: Melmetal|Choice Scarf|[from] move: Trick
|-item|p2a: Mew|Assault Vest|[from] move: Trick
|
|upkeep
|turn|21
|
|t:|1663724877
|switch|p2a: Skarmory|Skarmory, F|100/100
|move|p1a: Melmetal|Double Iron Bash|p2a: Skarmory
|-resisted|p2a: Skarmory
|-damage|p2a: Skarmory|89/100
|-resisted|p2a: Skarmory
|-damage|p2a: Skarmory|80/100
|-hitcount|p2a: Skarmory|2
|
|upkeep
|turn|22
|
|t:|1663724889
|switch|p1a: Victini|Victini|100/100
|move|p2a: Skarmory|Body Press|p1a: Victini
|-resisted|p1a: Victini
|-damage|p1a: Victini|85/100
|
|upkeep
|turn|23
|
|t:|1663724899
|switch|p2a: Mew|Mew, shiny|69/100
|move|p1a: Victini|Glaciate|p2a: Mew
|-damage|p2a: Mew|60/100
|-unboost|p2a: Mew|spe|1
|
|upkeep
|turn|24
|inactive|Anibunnysomoney has 120 seconds left.
|inactive|thunderdog_32 has 120 seconds left.
|
|t:|1663724940
|move|p1a: Victini|V-create|p2a: Mew
|-damage|p2a: Mew|0 fnt
|-unboost|p1a: Victini|spe|1
|-unboost|p1a: Victini|def|1
|-unboost|p1a: Victini|spd|1
|faint|p2a: Mew
|
|upkeep
|
|t:|1663724947
|switch|p2a: Tyranitar|Tyranitar, F|100/100
|-weather|Sandstorm|[from] ability: Sand Stream|[of] p2a: Tyranitar
|turn|25
|
|t:|1663724953
|switch|p1a: Buzzwole|Buzzwole|77/100
|move|p2a: Tyranitar|Ice Beam|p1a: Buzzwole
|-damage|p1a: Buzzwole|41/100
|
|-weather|Sandstorm|[upkeep]
|-damage|p1a: Buzzwole|35/100|[from] Sandstorm
|upkeep
|turn|26
|
|t:|1663724964
|switch|p2a: Dragapult|Dragapult, M, shiny|100/100
|move|p1a: Buzzwole|Roost|p1a: Buzzwole
|-heal|p1a: Buzzwole|85/100
|-singleturn|p1a: Buzzwole|move: Roost
|
|-weather|Sandstorm|[upkeep]
|-damage|p2a: Dragapult|95/100|[from] Sandstorm
|-damage|p1a: Buzzwole|79/100|[from] Sandstorm
|upkeep
|turn|27
|
|t:|1663724970
|switch|p1a: Blissey|Blissey, F|58/100
|move|p2a: Dragapult|Dragon Darts|p1a: Blissey
|-damage|p1a: Blissey|27/100
|-anim|p2a: Dragapult|Dragon Darts|p1a: Blissey
|-damage|p1a: Blissey|0 fnt
|faint|p1a: Blissey
|
|-weather|Sandstorm|[upkeep]
|-damage|p2a: Dragapult|89/100|[from] Sandstorm
|upkeep
|
|t:|1663724974
|switch|p1a: Melmetal|Melmetal|100/100
|turn|28
|
|t:|1663724982
|switch|p2a: Skarmory|Skarmory, F|80/100
|move|p1a: Melmetal|Thunder Punch|p2a: Skarmory
|-supereffective|p2a: Skarmory
|-damage|p2a: Skarmory|44/100
|
|-weather|Sandstorm|[upkeep]
|upkeep
|turn|29
|
|t:|1663724987
|move|p1a: Melmetal|Thunder Punch|p2a: Skarmory
|-supereffective|p2a: Skarmory
|-damage|p2a: Skarmory|6/100
|move|p2a: Skarmory|Whirlwind|p1a: Melmetal
|drag|p1a: Buzzwole|Buzzwole|79/100
|
|-weather|none
|upkeep
|turn|30
|
|t:|1663724996
|switch|p2a: Dragapult|Dragapult, M, shiny|89/100
|move|p1a: Buzzwole|Ice Punch|p2a: Dragapult
|-supereffective|p2a: Dragapult
|-damage|p2a: Dragapult|13/100
|
|upkeep
|turn|31
|
|t:|1663725007
|switch|p1a: Melmetal|Melmetal|100/100
|move|p2a: Dragapult|Dragon Darts|p1a: Melmetal
|-resisted|p1a: Melmetal
|-damage|p1a: Melmetal|89/100
|-anim|p2a: Dragapult|Dragon Darts|p1a: Melmetal
|-resisted|p1a: Melmetal
|-damage|p1a: Melmetal|78/100
|
|upkeep
|turn|32
|
|t:|1663725024
|switch|p2a: Skarmory|Skarmory, F|6/100
|move|p1a: Melmetal|Double Iron Bash|p2a: Skarmory
|-resisted|p2a: Skarmory
|-damage|p2a: Skarmory|0 fnt
|faint|p2a: Skarmory
|-hitcount|p2: Skarmory|1
|
|upkeep
|
|t:|1663725030
|switch|p2a: Tyranitar|Tyranitar, F|100/100
|-weather|Sandstorm|[from] ability: Sand Stream|[of] p2a: Tyranitar
|turn|33
|
|t:|1663725035
|move|p2a: Tyranitar|Earth Power|p1a: Melmetal
|-supereffective|p1a: Melmetal
|-damage|p1a: Melmetal|41/100
|move|p1a: Melmetal|Double Iron Bash|p2a: Tyranitar
|-supereffective|p2a: Tyranitar
|-damage|p2a: Tyranitar|43/100
|-supereffective|p2a: Tyranitar
|-damage|p2a: Tyranitar|0 fnt
|faint|p2a: Tyranitar
|-hitcount|p2: Tyranitar|2
|
|-weather|Sandstorm|[upkeep]
|upkeep
|-message|Anibunnysomoney forfeited.
|
|win|thunderdog_32
|raw|thunderdog_32's rating: 1439 &rarr; <strong>1461</strong><br />(+22 for winning)
|raw|Anibunnysomoney's rating: 1469 &rarr; <strong>1447</strong><br />(-22 for losing)
|l|☆Anibunnysomoney
||Ladder isn't responding, score probably updated but might not have (Request timeout).
