|j|☆Pierdeligasx3
|j|☆Pinks1ip
|t:|1653923339
|gametype|singles
|player|p1|Pierdeligasx3|drayden|1453
|player|p2|Pinks1ip|skierf|1491
|teamsize|p1|6
|teamsize|p2|6
|gen|8
|tier|[Gen 8] OU
|rated|
|rule|Sleep Clause Mod: Limit one foe put to sleep
|rule|Species Clause: Limit one of each Pokémon
|rule|OHKO Clause: OHKO moves are banned
|rule|Evasion Moves Clause: Evasion moves are banned
|rule|Endless Battle Clause: Forcing endless battles is banned
|rule|HP Percentage Mod: HP is shown in percentages
|rule|Dynamax Clause: You cannot dynamax
|clearpoke
|poke|p1|Hippowdon, F|
|poke|p1|Dracozolt|
|poke|p1|Ferrothorn, F|
|poke|p1|Tapu Fini|
|poke|p1|Excadrill, M|
|poke|p1|Zapdos-Galar|
|poke|p2|Tyranitar, F|
|poke|p2|Aegislash, F|
|poke|p2|Dragapult, F|
|poke|p2|Landorus-Therian, M|
|poke|p2|Buzzwole|
|poke|p2|Heatran, F|
|teampreview
|inactive|Battle timer is ON: inactive players will automatically lose when time's up. (requested by Pierdeligasx3)
|
|t:|1653923357
|start
|switch|p1a: Zapdos|Zapdos-Galar|100/100
|switch|p2a: Buzzwole|Buzzwole|100/100
|turn|1
|
|t:|1653923368
|switch|p2a: Aegislash|Aegislash, F|100/100
|-item|p2a: Aegislash|Air Balloon
|move|p1a: Zapdos|Throat Chop|p2a: Aegislash
|-supereffective|p2a: Aegislash
|-damage|p2a: Aegislash|57/100
|-start|p2a: Aegislash|Throat Chop|[silent]
|-enditem|p2a: Aegislash|Air Balloon
|
|upkeep
|turn|2
|
|t:|1653923380
|switch|p1a: Hippowdon|Hippowdon, F|100/100
|-weather|Sandstorm|[from] ability: Sand Stream|[of] p1a: Hippowdon
|switch|p2a: Buzzwole|Buzzwole|100/100
|
|-weather|Sandstorm|[upkeep]
|-damage|p2a: Buzzwole|94/100|[from] Sandstorm
|upkeep
|turn|3
|
|t:|1653923384
|move|p2a: Buzzwole|Ice Punch|p1a: Hippowdon
|-supereffective|p1a: Hippowdon
|-damage|p1a: Hippowdon|63/100
|move|p1a: Hippowdon|Toxic|p2a: Buzzwole
|-status|p2a: Buzzwole|tox
|
|-weather|Sandstorm|[upkeep]
|-damage|p2a: Buzzwole|88/100 tox|[from] Sandstorm
|-damage|p2a: Buzzwole|82/100 tox|[from] psn
|upkeep
|turn|4
|
|t:|1653923395
|switch|p2a: Dragapult|Dragapult, F|100/100
|switch|p1a: Tapu Fini|Tapu Fini|100/100
|-fieldstart|move: Misty Terrain|[from] ability: Misty Surge|[of] p1a: Tapu Fini
|
|-weather|Sandstorm|[upkeep]
|-damage|p2a: Dragapult|95/100|[from] Sandstorm
|-damage|p1a: Tapu Fini|94/100|[from] Sandstorm
|-heal|p1a: Tapu Fini|100/100|[from] item: Leftovers
|upkeep
|turn|5
|
|t:|1653923402
|move|p2a: Dragapult|U-turn|p1a: Tapu Fini
|-resisted|p1a: Tapu Fini
|-damage|p1a: Tapu Fini|93/100
|
|t:|1653923408
|switch|p2a: Heatran|Heatran, F|100/100|[from]move: U-turn
|move|p1a: Tapu Fini|Calm Mind|p1a: Tapu Fini
|-boost|p1a: Tapu Fini|spa|1
|-boost|p1a: Tapu Fini|spd|1
|
|-weather|Sandstorm|[upkeep]
|-damage|p1a: Tapu Fini|87/100|[from] Sandstorm
|-heal|p1a: Tapu Fini|93/100|[from] item: Leftovers
|upkeep
|turn|6
|
|t:|1653923411
|move|p1a: Tapu Fini|Surf|p2a: Heatran
|-supereffective|p2a: Heatran
|-damage|p2a: Heatran|36/100
|move|p2a: Heatran|Taunt|p1a: Tapu Fini
|-start|p1a: Tapu Fini|move: Taunt
|
|-weather|Sandstorm|[upkeep]
|-damage|p1a: Tapu Fini|87/100|[from] Sandstorm
|-heal|p1a: Tapu Fini|93/100|[from] item: Leftovers
|-heal|p2a: Heatran|42/100|[from] item: Leftovers
|upkeep
|turn|7
|
|t:|1653923419
|move|p1a: Tapu Fini|Surf|p2a: Heatran
|-supereffective|p2a: Heatran
|-damage|p2a: Heatran|0 fnt
|faint|p2a: Heatran
|
|-weather|Sandstorm|[upkeep]
|-damage|p1a: Tapu Fini|87/100|[from] Sandstorm
|-heal|p1a: Tapu Fini|93/100|[from] item: Leftovers
|upkeep
|
|t:|1653923425
|switch|p2a: Tyranitar|Tyranitar, F|100/100
|turn|8
|
|t:|1653923437
|switch|p1a: Excadrill|Excadrill, M|100/100
|move|p2a: Tyranitar|Stone Edge|p1a: Excadrill
|-resisted|p1a: Excadrill
|-damage|p1a: Excadrill|67/100
|
|-weather|Sandstorm|[upkeep]
|-heal|p1a: Excadrill|73/100|[from] item: Leftovers
|-fieldend|Misty Terrain
|upkeep
|turn|9
|
|t:|1653923445
|switch|p1a: Zapdos|Zapdos-Galar|100/100
|switch|p2a: Buzzwole|Buzzwole|82/100 tox
|
|-weather|none
|-damage|p2a: Buzzwole|76/100 tox|[from] psn
|upkeep
|turn|10
|
|t:|1653923451
|switch|p2a: Aegislash|Aegislash, F|57/100
|move|p1a: Zapdos|U-turn|p2a: Aegislash
|-resisted|p2a: Aegislash
|-damage|p2a: Aegislash|52/100
|l|☆Pierdeligasx3
|inactive|Pierdeligasx3 disconnected and has a minute to reconnect!
|player|p1|
|j|☆Pierdeligasx3
|inactive|Pierdeligasx3 reconnected and has 130 seconds left.
|player|p1|Pierdeligasx3|drayden
|
|t:|1653923480
|switch|p1a: Excadrill|Excadrill, M|73/100|[from]move: U-turn
|
|-heal|p1a: Excadrill|79/100|[from] item: Leftovers
|upkeep
|turn|11
|
|t:|1653923491
|switch|p1a: Zapdos|Zapdos-Galar|100/100
|move|p2a: Aegislash|King's Shield||[still]
|-fail|p2a: Aegislash
|
|upkeep
|turn|12
|
|t:|1653923500
|move|p1a: Zapdos|Throat Chop|p2a: Aegislash
|-supereffective|p2a: Aegislash
|-damage|p2a: Aegislash|8/100
|-start|p2a: Aegislash|Throat Chop|[silent]
|-formechange|p2a: Aegislash|Aegislash-Blade||[from] ability: Stance Change
|move|p2a: Aegislash|Shadow Ball|p1a: Zapdos
|-damage|p1a: Zapdos|41/100
|-unboost|p1a: Zapdos|spd|1
|-ability|p1a: Zapdos|Defiant
|-boost|p1a: Zapdos|atk|2
|
|upkeep
|turn|13
|
|t:|1653923512
|switch|p2a: Buzzwole|Buzzwole|76/100 tox
|move|p1a: Zapdos|Throat Chop|p2a: Buzzwole
|-resisted|p2a: Buzzwole
|-damage|p2a: Buzzwole|60/100 tox
|-start|p2a: Buzzwole|Throat Chop|[silent]
|-damage|p1a: Zapdos|25/100|[from] item: Rocky Helmet|[of] p2a: Buzzwole
|
|-damage|p2a: Buzzwole|54/100 tox|[from] psn
|upkeep
|turn|14
|
|t:|1653923523
|switch|p1a: Tapu Fini|Tapu Fini|93/100
|-fieldstart|move: Misty Terrain|[from] ability: Misty Surge|[of] p1a: Tapu Fini
|move|p2a: Buzzwole|Roost|p2a: Buzzwole
|-heal|p2a: Buzzwole|100/100 tox
|-singleturn|p2a: Buzzwole|move: Roost
|
|-heal|p1a: Tapu Fini|99/100|[from] item: Leftovers
|-damage|p2a: Buzzwole|88/100 tox|[from] psn
|-end|p2a: Buzzwole|Throat Chop|[silent]
|upkeep
|turn|15
|
|t:|1653923530
|switch|p2a: Tyranitar|Tyranitar, F|100/100
|-weather|Sandstorm|[from] ability: Sand Stream|[of] p2a: Tyranitar
|move|p1a: Tapu Fini|Calm Mind|p1a: Tapu Fini
|-boost|p1a: Tapu Fini|spa|1
|-boost|p1a: Tapu Fini|spd|1
|
|-weather|Sandstorm|[upkeep]
|-damage|p1a: Tapu Fini|93/100|[from] Sandstorm
|-heal|p1a: Tapu Fini|99/100|[from] item: Leftovers
|upkeep
|turn|16
|
|t:|1653923534
|move|p1a: Tapu Fini|Calm Mind|p1a: Tapu Fini
|-boost|p1a: Tapu Fini|spa|1
|-boost|p1a: Tapu Fini|spd|1
|move|p2a: Tyranitar|Stone Edge|p1a: Tapu Fini
|-damage|p1a: Tapu Fini|26/100
|
|-weather|Sandstorm|[upkeep]
|-damage|p1a: Tapu Fini|20/100|[from] Sandstorm
|-heal|p1a: Tapu Fini|26/100|[from] item: Leftovers
|upkeep
|turn|17
|
|t:|1653923540
|switch|p1a: Excadrill|Excadrill, M|79/100
|move|p2a: Tyranitar|Stone Edge|p1a: Excadrill|[miss]
|-miss|p2a: Tyranitar|p1a: Excadrill
|
|-weather|Sandstorm|[upkeep]
|-heal|p1a: Excadrill|85/100|[from] item: Leftovers
|upkeep
|turn|18
|
|t:|1653923545
|switch|p2a: Buzzwole|Buzzwole|88/100 tox
|move|p1a: Excadrill|Swords Dance|p1a: Excadrill
|-boost|p1a: Excadrill|atk|2
|
|-weather|Sandstorm|[upkeep]
|-damage|p2a: Buzzwole|82/100 tox|[from] Sandstorm
|-heal|p1a: Excadrill|91/100|[from] item: Leftovers
|-damage|p2a: Buzzwole|76/100 tox|[from] psn
|-fieldend|Misty Terrain
|upkeep
|turn|19
|
|t:|1653923548
|move|p1a: Excadrill|Iron Head|p2a: Buzzwole
|-damage|p2a: Buzzwole|16/100 tox
|-damage|p1a: Excadrill|74/100|[from] item: Rocky Helmet|[of] p2a: Buzzwole
|move|p2a: Buzzwole|Close Combat|p1a: Excadrill
|-supereffective|p1a: Excadrill
|-damage|p1a: Excadrill|0 fnt
|-unboost|p2a: Buzzwole|def|1
|-unboost|p2a: Buzzwole|spd|1
|faint|p1a: Excadrill
|-ability|p2a: Buzzwole|Beast Boost|boost
|-boost|p2a: Buzzwole|atk|1
|
|-weather|none
|-damage|p2a: Buzzwole|3/100 tox|[from] psn
|upkeep
|
|t:|1653923555
|switch|p1a: Tapu Fini|Tapu Fini|26/100
|-fieldstart|move: Misty Terrain|[from] ability: Misty Surge|[of] p1a: Tapu Fini
|turn|20
|
|t:|1653923566
|move|p2a: Buzzwole|Close Combat|p1a: Tapu Fini
|-resisted|p1a: Tapu Fini
|-damage|p1a: Tapu Fini|0 fnt
|-unboost|p2a: Buzzwole|def|1
|-unboost|p2a: Buzzwole|spd|1
|faint|p1a: Tapu Fini
|-ability|p2a: Buzzwole|Beast Boost|boost
|-boost|p2a: Buzzwole|atk|1
|
|-damage|p2a: Buzzwole|0 fnt|[from] psn
|faint|p2a: Buzzwole
|upkeep
|
|t:|1653923576
|switch|p1a: Zapdos|Zapdos-Galar|25/100
|switch|p2a: Dragapult|Dragapult, F|95/100
|turn|21
|
|t:|1653923588
|switch|p2a: Tyranitar|Tyranitar, F|100/100
|-weather|Sandstorm|[from] ability: Sand Stream|[of] p2a: Tyranitar
|move|p1a: Zapdos|U-turn|p2a: Tyranitar
|-supereffective|p2a: Tyranitar
|-damage|p2a: Tyranitar|53/100
|
|t:|1653923596
|switch|p1a: Dracozolt|Dracozolt, shiny|100/100|[from]move: U-turn
|
|-weather|Sandstorm|[upkeep]
|upkeep
|turn|22
|
|t:|1653923602
|switch|p2a: Landorus|Landorus-Therian, M|100/100
|-ability|p2a: Landorus|Intimidate|boost
|-unboost|p1a: Dracozolt|atk|1
|move|p1a: Dracozolt|Bolt Beak|p2a: Landorus
|-immune|p2a: Landorus
|
|-weather|Sandstorm|[upkeep]
|upkeep
|turn|23
|
|t:|1653923610
|switch|p1a: Ferrothorn|Ferrothorn, F|100/100
|move|p2a: Landorus|Earthquake|p1a: Ferrothorn
|-damage|p1a: Ferrothorn|71/100
|
|-weather|Sandstorm|[upkeep]
|upkeep
|turn|24
|
|t:|1653923617
|switch|p2a: Tyranitar|Tyranitar, F|53/100
|move|p1a: Ferrothorn|Leech Seed|p2a: Tyranitar
|-start|p2a: Tyranitar|move: Leech Seed
|
|-weather|Sandstorm|[upkeep]
|-damage|p2a: Tyranitar|40/100|[from] Leech Seed|[of] p1a: Ferrothorn
|-heal|p1a: Ferrothorn|83/100|[silent]
|-fieldend|Misty Terrain
|upkeep
|turn|25
|
|t:|1653923622
|switch|p1a: Hippowdon|Hippowdon, F|63/100
|move|p2a: Tyranitar|Fire Punch|p1a: Hippowdon
|-damage|p1a: Hippowdon|35/100
|
|-weather|none
|-damage|p2a: Tyranitar|28/100|[from] Leech Seed|[of] p1a: Hippowdon
|-heal|p1a: Hippowdon|45/100|[silent]
|upkeep
|turn|26
|
|t:|1653923630
|switch|p2a: Landorus|Landorus-Therian, M|100/100
|-ability|p2a: Landorus|Intimidate|boost
|-unboost|p1a: Hippowdon|atk|1
|move|p1a: Hippowdon|Stealth Rock|p2a: Landorus
|-sidestart|p2: Pinks1ip|move: Stealth Rock
|
|upkeep
|turn|27
|
|t:|1653923635
|move|p2a: Landorus|Defog|p1a: Hippowdon
|-unboost|p1a: Hippowdon|evasion|1
|-sideend|p2: Pinks1ip|Stealth Rock|[from] move: Defog|[of] p2a: Landorus
|move|p1a: Hippowdon|Slack Off|p1a: Hippowdon
|-heal|p1a: Hippowdon|95/100
|
|upkeep
|turn|28
|
|t:|1653923637
|move|p2a: Landorus|Stealth Rock|p1a: Hippowdon
|-sidestart|p1: Pierdeligasx3|move: Stealth Rock
|move|p1a: Hippowdon|Stealth Rock|p2a: Landorus
|-sidestart|p2: Pinks1ip|move: Stealth Rock
|
|upkeep
|turn|29
|
|t:|1653923640
|move|p2a: Landorus|U-turn|p1a: Hippowdon
|-damage|p1a: Hippowdon|81/100
|
|t:|1653923644
|switch|p2a: Aegislash|Aegislash, F|8/100|[from]move: U-turn
|-damage|p2a: Aegislash|2/100|[from] Stealth Rock
|move|p1a: Hippowdon|Toxic|p2a: Aegislash
|-immune|p2a: Aegislash
|
|upkeep
|turn|30
|
|t:|1653923655
|-formechange|p2a: Aegislash|Aegislash-Blade||[from] ability: Stance Change
|move|p2a: Aegislash|Shadow Ball|p1a: Hippowdon
|-damage|p1a: Hippowdon|44/100
|move|p1a: Hippowdon|Earthquake|p2a: Aegislash
|-supereffective|p2a: Aegislash
|-damage|p2a: Aegislash|0 fnt
|faint|p2a: Aegislash
|
|upkeep
|
|t:|1653923669
|switch|p2a: Dragapult|Dragapult, F|95/100
|-damage|p2a: Dragapult|82/100|[from] Stealth Rock
|turn|31
|
|t:|1653923674
|switch|p1a: Ferrothorn|Ferrothorn, F|83/100
|-damage|p1a: Ferrothorn|77/100|[from] Stealth Rock
|move|p2a: Dragapult|Shadow Ball|p1a: Ferrothorn
|-damage|p1a: Ferrothorn|39/100
|
|upkeep
|turn|32
|
|t:|1653923683
|move|p2a: Dragapult|Shadow Ball|p1a: Ferrothorn
|-damage|p1a: Ferrothorn|2/100
|move|p1a: Ferrothorn|Knock Off|p2a: Dragapult
|-supereffective|p2a: Dragapult
|-damage|p2a: Dragapult|29/100
|-enditem|p2a: Dragapult|Choice Specs|[from] move: Knock Off|[of] p1a: Ferrothorn
|
|upkeep
|turn|33
|
|t:|1653923695
|move|p2a: Dragapult|Shadow Ball|p1a: Ferrothorn
|-damage|p1a: Ferrothorn|0 fnt
|faint|p1a: Ferrothorn
|
|upkeep
|
|t:|1653923700
|switch|p1a: Zapdos|Zapdos-Galar|25/100
|-damage|p1a: Zapdos|12/100|[from] Stealth Rock
|turn|34
|
|t:|1653923712
|move|p1a: Zapdos|Brave Bird|p2a: Dragapult
|-damage|p2a: Dragapult|0 fnt
|faint|p2a: Dragapult
|-damage|p1a: Zapdos|3/100|[from] Recoil
|
|upkeep
|
|t:|1653923728
|switch|p2a: Landorus|Landorus-Therian, M|100/100
|-damage|p2a: Landorus|88/100|[from] Stealth Rock
|-ability|p2a: Landorus|Intimidate|boost
|-unboost|p1a: Zapdos|atk|1
|-ability|p1a: Zapdos|Defiant
|-boost|p1a: Zapdos|atk|2
|turn|35
|inactive|Pinks1ip has 120 seconds left.
|inactive|Pinks1ip has 90 seconds left.
|inactive|Pinks1ip has 60 seconds left.
|c|☆Pinks1ip|Is your hippo max defense ?
|
|t:|1653923817
|switch|p2a: Tyranitar|Tyranitar, F|28/100
|-damage|p2a: Tyranitar|16/100|[from] Stealth Rock
|-weather|Sandstorm|[from] ability: Sand Stream|[of] p2a: Tyranitar
|move|p1a: Zapdos|Brave Bird|p2a: Tyranitar
|-resisted|p2a: Tyranitar
|-damage|p2a: Tyranitar|0 fnt
|faint|p2a: Tyranitar
|-damage|p1a: Zapdos|0 fnt|[from] Recoil
|faint|p1a: Zapdos
|
|-weather|Sandstorm|[upkeep]
|upkeep
|c|☆Pierdeligasx3|Nope
|c|☆Pinks1ip|Hmm
|c|☆Pinks1ip|Idk who wins here tbh
|inactive|Pierdeligasx3 has 120 seconds left.
|c|☆Pierdeligasx3|I dont know
|c|☆Pinks1ip|it comes to damage roles with drac
|c|☆Pierdeligasx3|But i try to win xD
|
|t:|1653923863
|switch|p1a: Hippowdon|Hippowdon, F|44/100
|switch|p2a: Landorus|Landorus-Therian, M|88/100
|-damage|p2a: Landorus|76/100|[from] Stealth Rock
|-ability|p2a: Landorus|Intimidate|boost
|-unboost|p1a: Hippowdon|atk|1
|-damage|p1a: Hippowdon|37/100|[from] Stealth Rock
|turn|36
|
|t:|1653923867
|move|p2a: Landorus|Earthquake|p1a: Hippowdon
|-damage|p1a: Hippowdon|7/100
|move|p1a: Hippowdon|Slack Off|p1a: Hippowdon
|-heal|p1a: Hippowdon|57/100
|
|-weather|Sandstorm|[upkeep]
|-heal|p2a: Landorus|82/100|[from] item: Leftovers
|upkeep
|turn|37
|c|☆Pinks1ip|gg
|c|☆Pinks1ip|Did you lie ?
|c|☆Pierdeligasx3|No
|inactive|Pinks1ip has 60 seconds left.
|
|t:|1653923893
|move|p2a: Landorus|Earthquake|p1a: Hippowdon
|-damage|p1a: Hippowdon|30/100
|move|p1a: Hippowdon|Slack Off|p1a: Hippowdon
|-heal|p1a: Hippowdon|80/100
|
|-weather|Sandstorm|[upkeep]
|-heal|p2a: Landorus|88/100|[from] item: Leftovers
|upkeep
|turn|38
|c|☆Pierdeligasx3|Gas Evs in soecial defense
|c|☆Pierdeligasx3|And defense
|c|☆Pierdeligasx3|Is mixed
|c|☆Pinks1ip|hmmm
|inactive|Pinks1ip has 60 seconds left.
|c|☆Pinks1ip|e
|c|☆Pinks1ip|eh
|c|☆Pinks1ip|it is what it is
|c|☆Pinks1ip|gg
|c|☆Pierdeligasx3|Gg
|-message|Pinks1ip forfeited.
|
|win|Pierdeligasx3
|raw|Pierdeligasx3's rating: 1453 &rarr; <strong>1475</strong><br />(+22 for winning)
|raw|Pinks1ip's rating: 1491 &rarr; <strong>1469</strong><br />(-22 for losing)
|l|☆Pinks1ip
