|raw|<div class="broadcast-blue"><strong>This battle is required to be public due to a player having a name starting with 'lt93oq'.</div>
|j|☆LT93OQ Ruft
|j|☆kazt 5
|t:|1660846630
|gametype|singles
|player|p1|LT93OQ Ruft|169|1668
|player|p2|kazt 5|acetrainersnowf|1743
|teamsize|p1|6
|teamsize|p2|6
|gen|8
|tier|[Gen 8] OU
|rated|
|rule|Sleep Clause Mod: Limit one foe put to sleep
|rule|Species Clause: Limit one of each Pokémon
|rule|OHKO Clause: OHKO moves are banned
|rule|Evasion Items Clause: Evasion items are banned
|rule|Evasion Moves Clause: Evasion moves are banned
|rule|Endless Battle Clause: Forcing endless battles is banned
|rule|HP Percentage Mod: HP is shown in percentages
|rule|Dynamax Clause: You cannot dynamax
|clearpoke
|poke|p1|Clefable, F|
|poke|p1|Slowking-Galar, M|
|poke|p1|Blissey, F|
|poke|p1|Gastrodon-East, F|
|poke|p1|Toxapex, F|
|poke|p1|Corviknight, F|
|poke|p2|Heatran, M|
|poke|p2|Heracross, F|
|poke|p2|Landorus-Therian, M|
|poke|p2|Slowbro, M|
|poke|p2|Mandibuzz, F|
|poke|p2|Gengar, M|
|teampreview
|inactive|Battle timer is ON: inactive players will automatically lose when time's up. (requested by kazt 5)
|
|t:|1660846664
|start
|switch|p1a: Gastrodon|Gastrodon-East, F|100/100
|switch|p2a: Gengar|Gengar, M|100/100
|turn|1
|
|t:|1660846668
|switch|p2a: Slowbro|Slowbro, M|100/100
|move|p1a: Gastrodon|Earthquake|p2a: Slowbro
|-damage|p2a: Slowbro|82/100
|
|upkeep
|turn|2
|
|t:|1660846673
|move|p1a: Gastrodon|Toxic|p2a: Slowbro
|-status|p2a: Slowbro|tox
|move|p2a: Slowbro|Future Sight|p1a: Gastrodon
|-start|p2a: Slowbro|move: Future Sight
|
|-damage|p2a: Slowbro|76/100 tox|[from] psn
|upkeep
|turn|3
|
|t:|1660846697
|switch|p1a: Toxapex|Toxapex, F|100/100
|move|p2a: Slowbro|Teleport|p2a: Slowbro
|
|t:|1660846701
|switch|p2a: Landorus|Landorus-Therian, M|100/100|[from]move: Teleport
|-ability|p2a: Landorus|Intimidate|boost
|-unboost|p1a: Toxapex|atk|1
|
|upkeep
|turn|4
|
|t:|1660846706
|switch|p1a: Corviknight|Corviknight, F|100/100
|-ability|p1a: Corviknight|Pressure
|move|p2a: Landorus|Knock Off|p1a: Corviknight
|-damage|p1a: Corviknight|78/100
|-enditem|p1a: Corviknight|Shed Shell|[from] move: Knock Off|[of] p2a: Landorus
|
|-end|p1a: Corviknight|move: Future Sight
|-resisted|p1a: Corviknight
|-damage|p1a: Corviknight|58/100
|upkeep
|turn|5
|
|t:|1660846711
|switch|p2a: Slowbro|Slowbro, M|100/100 tox
|move|p1a: Corviknight|Roost|p1a: Corviknight
|-heal|p1a: Corviknight|100/100
|-singleturn|p1a: Corviknight|move: Roost
|
|-damage|p2a: Slowbro|94/100 tox|[from] psn
|upkeep
|turn|6
|
|t:|1660846715
|switch|p1a: Toxapex|Toxapex, F|100/100
|move|p2a: Slowbro|Future Sight|p1a: Toxapex
|-start|p2a: Slowbro|move: Future Sight
|
|-damage|p2a: Slowbro|82/100 tox|[from] psn
|upkeep
|turn|7
|
|t:|1660846718
|move|p1a: Toxapex|Light Screen|p1a: Toxapex
|-sidestart|p1: LT93OQ Ruft|move: Light Screen
|move|p2a: Slowbro|Scald|p1a: Toxapex
|-resisted|p1a: Toxapex
|-damage|p1a: Toxapex|95/100
|
|-damage|p2a: Slowbro|64/100 tox|[from] psn
|upkeep
|turn|8
|
|t:|1660846732
|switch|p1a: Gastrodon|Gastrodon-East, F|100/100
|move|p2a: Slowbro|Teleport|p2a: Slowbro
|
|t:|1660846735
|switch|p2a: Heracross|Heracross, F|100/100|[from]move: Teleport
|
|-end|p1a: Gastrodon|move: Future Sight
|-damage|p1a: Gastrodon|86/100
|-heal|p1a: Gastrodon|92/100|[from] item: Leftovers
|-status|p2a: Heracross|brn|[from] item: Flame Orb
|upkeep
|turn|9
|inactive|kazt 5 has 120 seconds left.
|inactive|LT93OQ Ruft has 120 seconds left.
|
|t:|1660846783
|switch|p1a: Toxapex|Toxapex, F|100/100
|move|p2a: Heracross|Close Combat|p1a: Toxapex
|-resisted|p1a: Toxapex
|-damage|p1a: Toxapex|70/100
|-unboost|p2a: Heracross|def|1
|-unboost|p2a: Heracross|spd|1
|
|-damage|p2a: Heracross|94/100 brn|[from] brn
|upkeep
|turn|10
|
|t:|1660846787
|move|p2a: Heracross|Earthquake|p1a: Toxapex
|-supereffective|p1a: Toxapex
|-damage|p1a: Toxapex|4/100
|move|p1a: Toxapex|Recover|p1a: Toxapex
|-heal|p1a: Toxapex|54/100
|
|-damage|p2a: Heracross|88/100 brn|[from] brn
|upkeep
|turn|11
|inactive|LT93OQ Ruft has 120 seconds left.
|
|t:|1660846809
|switch|p1a: Corviknight|Corviknight, F|100/100
|-ability|p1a: Corviknight|Pressure
|move|p2a: Heracross|Swords Dance|p2a: Heracross
|-boost|p2a: Heracross|atk|2
|
|-damage|p2a: Heracross|82/100 brn|[from] brn
|-sideend|p1: LT93OQ Ruft|move: Light Screen
|upkeep
|turn|12
|
|t:|1660846818
|switch|p1a: Clefable|Clefable, F|100/100
|move|p2a: Heracross|Close Combat|p1a: Clefable
|-resisted|p1a: Clefable
|-damage|p1a: Clefable|65/100
|-unboost|p2a: Heracross|def|1
|-unboost|p2a: Heracross|spd|1
|
|-heal|p1a: Clefable|71/100|[from] item: Leftovers
|-damage|p2a: Heracross|76/100 brn|[from] brn
|upkeep
|turn|13
|
|t:|1660846839
|switch|p2a: Gengar|Gengar, M|100/100
|move|p1a: Clefable|Moonblast|p2a: Gengar
|-resisted|p2a: Gengar
|-damage|p2a: Gengar|75/100
|-unboost|p2a: Gengar|spa|1
|
|-heal|p1a: Clefable|77/100|[from] item: Leftovers
|upkeep
|turn|14
|
|t:|1660846843
|switch|p1a: Gastrodon|Gastrodon-East, F|92/100
|move|p2a: Gengar|Trick|p1a: Gastrodon
|-activate|p2a: Gengar|move: Trick|[of] p1a: Gastrodon
|-item|p1a: Gastrodon|Choice Specs|[from] move: Trick
|-item|p2a: Gengar|Leftovers|[from] move: Trick
|
|-heal|p2a: Gengar|81/100|[from] item: Leftovers
|upkeep
|turn|15
|
|t:|1660846849
|switch|p2a: Slowbro|Slowbro, M|97/100 tox
|move|p1a: Gastrodon|Scald|p2a: Slowbro
|-resisted|p2a: Slowbro
|-damage|p2a: Slowbro|80/100 tox
|
|-damage|p2a: Slowbro|74/100 tox|[from] psn
|upkeep
|turn|16
|
|t:|1660846853
|switch|p1a: Toxapex|Toxapex, F|88/100
|move|p2a: Slowbro|Teleport|p2a: Slowbro
|
|t:|1660846856
|switch|p2a: Landorus|Landorus-Therian, M|100/100|[from]move: Teleport
|-ability|p2a: Landorus|Intimidate|boost
|-unboost|p1a: Toxapex|atk|1
|
|upkeep
|turn|17
|
|t:|1660846879
|switch|p1a: Corviknight|Corviknight, F|100/100
|-ability|p1a: Corviknight|Pressure
|move|p2a: Landorus|Earthquake|p1a: Corviknight
|-immune|p1a: Corviknight
|
|upkeep
|turn|18
|
|t:|1660846886
|switch|p2a: Heatran|Heatran, M|100/100
|move|p1a: Corviknight|Iron Defense|p1a: Corviknight
|-boost|p1a: Corviknight|def|2
|
|upkeep
|turn|19
|
|t:|1660846899
|switch|p1a: Gastrodon|Gastrodon-East, F|92/100
|move|p2a: Heatran|Magma Storm|p1a: Gastrodon|[miss]
|-miss|p2a: Heatran|p1a: Gastrodon
|
|upkeep
|turn|20
|
|t:|1660846907
|switch|p2a: Slowbro|Slowbro, M|100/100 tox
|move|p1a: Gastrodon|Scald|p2a: Slowbro
|-resisted|p2a: Slowbro
|-damage|p2a: Slowbro|82/100 tox
|
|-damage|p2a: Slowbro|76/100 tox|[from] psn
|upkeep
|turn|21
|
|t:|1660846913
|switch|p1a: Toxapex|Toxapex, F|100/100
|move|p2a: Slowbro|Teleport|p2a: Slowbro
|
|t:|1660846917
|switch|p2a: Landorus|Landorus-Therian, M|100/100|[from]move: Teleport
|-ability|p2a: Landorus|Intimidate|boost
|-unboost|p1a: Toxapex|atk|1
|
|upkeep
|turn|22
|
|t:|1660846921
|switch|p1a: Corviknight|Corviknight, F|100/100
|-ability|p1a: Corviknight|Pressure
|move|p2a: Landorus|U-turn|p1a: Corviknight
|-resisted|p1a: Corviknight
|-damage|p1a: Corviknight|96/100
|
|t:|1660846924
|switch|p2a: Heatran|Heatran, M|100/100|[from]move: U-turn
|
|upkeep
|turn|23
|
|t:|1660846926
|switch|p1a: Gastrodon|Gastrodon-East, F|92/100
|move|p2a: Heatran|Stealth Rock|p1a: Gastrodon
|-sidestart|p1: LT93OQ Ruft|move: Stealth Rock
|
|upkeep
|turn|24
|
|t:|1660846940
|switch|p2a: Slowbro|Slowbro, M|100/100 tox
|move|p1a: Gastrodon|Scald|p2a: Slowbro
|-resisted|p2a: Slowbro
|-damage|p2a: Slowbro|83/100 tox
|
|-damage|p2a: Slowbro|77/100 tox|[from] psn
|upkeep
|turn|25
|
|t:|1660846943
|switch|p1a: Toxapex|Toxapex, F|100/100
|-damage|p1a: Toxapex|88/100|[from] Stealth Rock
|move|p2a: Slowbro|Teleport|p2a: Slowbro
|
|t:|1660846951
|switch|p2a: Heracross|Heracross, F|76/100 brn|[from]move: Teleport
|
|-damage|p2a: Heracross|70/100 brn|[from] brn
|upkeep
|turn|26
|
|t:|1660846961
|switch|p1a: Clefable|Clefable, F|77/100
|-damage|p1a: Clefable|64/100|[from] Stealth Rock
|move|p2a: Heracross|Facade|p1a: Clefable
|-damage|p1a: Clefable|1/100
|
|-heal|p1a: Clefable|7/100|[from] item: Leftovers
|-damage|p2a: Heracross|63/100 brn|[from] brn
|upkeep
|turn|27
|
|t:|1660846977
|switch|p1a: Slowking|Slowking-Galar, M|100/100
|-damage|p1a: Slowking|88/100|[from] Stealth Rock
|move|p2a: Heracross|Close Combat|p1a: Slowking
|-resisted|p1a: Slowking
|-damage|p1a: Slowking|62/100
|-unboost|p2a: Heracross|def|1
|-unboost|p2a: Heracross|spd|1
|
|-damage|p2a: Heracross|57/100 brn|[from] brn
|upkeep
|turn|28
|
|t:|1660846983
|switch|p1a: Corviknight|Corviknight, F|96/100
|-damage|p1a: Corviknight|84/100|[from] Stealth Rock
|-ability|p1a: Corviknight|Pressure
|move|p2a: Heracross|Facade|p1a: Corviknight
|-resisted|p1a: Corviknight
|-damage|p1a: Corviknight|62/100
|
|-damage|p2a: Heracross|51/100 brn|[from] brn
|upkeep
|turn|29
|
|t:|1660846989
|move|p2a: Heracross|Close Combat|p1a: Corviknight
|-damage|p1a: Corviknight|2/100
|-unboost|p2a: Heracross|def|1
|-unboost|p2a: Heracross|spd|1
|move|p1a: Corviknight|Roost|p1a: Corviknight
|-heal|p1a: Corviknight|52/100
|-singleturn|p1a: Corviknight|move: Roost
|
|-damage|p2a: Heracross|45/100 brn|[from] brn
|upkeep
|turn|30
|
|t:|1660846993
|switch|p1a: Toxapex|Toxapex, F|100/100
|-damage|p1a: Toxapex|88/100|[from] Stealth Rock
|move|p2a: Heracross|Close Combat|p1a: Toxapex
|-resisted|p1a: Toxapex
|-damage|p1a: Toxapex|60/100
|-unboost|p2a: Heracross|def|1
|-unboost|p2a: Heracross|spd|1
|
|-damage|p2a: Heracross|39/100 brn|[from] brn
|upkeep
|turn|31
|
|t:|1660846999
|switch|p1a: Corviknight|Corviknight, F|52/100
|-damage|p1a: Corviknight|40/100|[from] Stealth Rock
|-ability|p1a: Corviknight|Pressure
|move|p2a: Heracross|Earthquake|p1a: Corviknight
|-immune|p1a: Corviknight
|
|-damage|p2a: Heracross|32/100 brn|[from] brn
|upkeep
|turn|32
|
|t:|1660847004
|move|p2a: Heracross|Close Combat|p1a: Corviknight
|-damage|p1a: Corviknight|0 fnt
|-unboost|p2a: Heracross|def|1
|-unboost|p2a: Heracross|spd|1
|faint|p1a: Corviknight
|
|-damage|p2a: Heracross|26/100 brn|[from] brn
|upkeep
|c|☆kazt 5|gg
|
|t:|1660847017
|switch|p1a: Toxapex|Toxapex, F|93/100
|-damage|p1a: Toxapex|81/100|[from] Stealth Rock
|turn|33
|
|t:|1660847020
|switch|p2a: Slowbro|Slowbro, M|100/100 tox
|move|p1a: Toxapex|Knock Off|p2a: Slowbro
|-supereffective|p2a: Slowbro
|-damage|p2a: Slowbro|83/100 tox
|-damage|p1a: Toxapex|65/100|[from] item: Rocky Helmet|[of] p2a: Slowbro
|-enditem|p2a: Slowbro|Rocky Helmet|[from] move: Knock Off|[of] p1a: Toxapex
|
|-damage|p2a: Slowbro|77/100 tox|[from] psn
|upkeep
|turn|34
|
|t:|1660847024
|move|p1a: Toxapex|Light Screen|p1a: Toxapex
|-sidestart|p1: LT93OQ Ruft|move: Light Screen
|move|p2a: Slowbro|Scald|p1a: Toxapex
|-resisted|p1a: Toxapex
|-damage|p1a: Toxapex|59/100
|-status|p1a: Toxapex|brn
|
|-damage|p2a: Slowbro|65/100 tox|[from] psn
|-damage|p1a: Toxapex|53/100 brn|[from] brn
|upkeep
|turn|35
|
|t:|1660847031
|switch|p1a: Gastrodon|Gastrodon-East, F|92/100
|-damage|p1a: Gastrodon|86/100|[from] Stealth Rock
|move|p2a: Slowbro|Future Sight|p1a: Gastrodon
|-start|p2a: Slowbro|move: Future Sight
|
|-damage|p2a: Slowbro|47/100 tox|[from] psn
|upkeep
|turn|36
|
|t:|1660847034
|move|p1a: Gastrodon|Scald|p2a: Slowbro
|-resisted|p2a: Slowbro
|-damage|p2a: Slowbro|30/100 tox
|move|p2a: Slowbro|Teleport|p2a: Slowbro
|
|t:|1660847038
|switch|p2a: Heracross|Heracross, F|26/100 brn|[from]move: Teleport
|
|-damage|p2a: Heracross|20/100 brn|[from] brn
|upkeep
|turn|37
|
|t:|1660847056
|switch|p1a: Clefable|Clefable, F|7/100
|-damage|p1a: Clefable|0 fnt|[from] Stealth Rock
|faint|p1a: Clefable
|move|p2a: Heracross|Facade|p1: Clefable|[notarget]
|-fail|p2a: Heracross
|
|-hint|Future Sight did not hit because the target is fainted.
|-damage|p2a: Heracross|14/100 brn|[from] brn
|upkeep
|
|t:|1660847064
|switch|p1a: Toxapex|Toxapex, F|87/100 brn
|-damage|p1a: Toxapex|74/100 brn|[from] Stealth Rock
|turn|38
|
|t:|1660847072
|switch|p2a: Slowbro|Slowbro, M|63/100 tox
|move|p1a: Toxapex|Knock Off|p2a: Slowbro
|-supereffective|p2a: Slowbro
|-damage|p2a: Slowbro|57/100 tox
|
|-damage|p2a: Slowbro|50/100 tox|[from] psn
|-damage|p1a: Toxapex|68/100 brn|[from] brn
|-sideend|p1: LT93OQ Ruft|move: Light Screen
|upkeep
|turn|39
|
|t:|1660847077
|move|p1a: Toxapex|Light Screen|p1a: Toxapex
|-sidestart|p1: LT93OQ Ruft|move: Light Screen
|move|p2a: Slowbro|Slack Off|p2a: Slowbro
|-heal|p2a: Slowbro|100/100 tox
|
|-damage|p2a: Slowbro|88/100 tox|[from] psn
|-damage|p1a: Toxapex|63/100 brn|[from] brn
|upkeep
|turn|40
|
|t:|1660847086
|move|p1a: Toxapex|Recover|p1a: Toxapex
|-heal|p1a: Toxapex|100/100 brn
|move|p2a: Slowbro|Future Sight|p1a: Toxapex
|-start|p2a: Slowbro|move: Future Sight
|
|-damage|p2a: Slowbro|70/100 tox|[from] psn
|-damage|p1a: Toxapex|95/100 brn|[from] brn
|upkeep
|turn|41
|
|t:|1660847090
|move|p1a: Toxapex|Knock Off|p2a: Slowbro
|-supereffective|p2a: Slowbro
|-damage|p2a: Slowbro|63/100 tox
|move|p2a: Slowbro|Teleport|p2a: Slowbro
|
|t:|1660847094
|switch|p2a: Landorus|Landorus-Therian, M|100/100|[from]move: Teleport
|-ability|p2a: Landorus|Intimidate|boost
|-unboost|p1a: Toxapex|atk|1
|
|-damage|p1a: Toxapex|89/100 brn|[from] brn
|upkeep
|turn|42
|
|t:|1660847097
|move|p2a: Landorus|Earthquake|p1a: Toxapex
|-supereffective|p1a: Toxapex
|-damage|p1a: Toxapex|23/100 brn
|move|p1a: Toxapex|Toxic|p2a: Landorus
|-status|p2a: Landorus|tox
|
|-end|p1a: Toxapex|move: Future Sight
|-supereffective|p1a: Toxapex
|-enditem|p1a: Toxapex|Payapa Berry|[eat]
|-enditem|p1a: Toxapex|Payapa Berry|[weaken]
|-damage|p1a: Toxapex|5/100 brn
|-damage|p2a: Landorus|95/100 tox|[from] psn
|-damage|p1a: Toxapex|0 fnt|[from] brn
|faint|p1a: Toxapex
|upkeep
|
|t:|1660847103
|switch|p1a: Blissey|Blissey, F|100/100
|turn|43
|
|t:|1660847108
|switch|p2a: Slowbro|Slowbro, M|97/100 tox
|move|p1a: Blissey|Soft-Boiled||[still]
|-fail|p1a: Blissey|heal
|
|-damage|p2a: Slowbro|91/100 tox|[from] psn
|-sideend|p1: LT93OQ Ruft|move: Light Screen
|upkeep
|turn|44
|
|t:|1660847112
|move|p1a: Blissey|Stealth Rock|p2a: Slowbro
|-sidestart|p2: kazt 5|move: Stealth Rock
|move|p2a: Slowbro|Future Sight|p1a: Blissey
|-start|p2a: Slowbro|move: Future Sight
|
|-damage|p2a: Slowbro|78/100 tox|[from] psn
|upkeep
|turn|45
|
|t:|1660847126
|switch|p1a: Slowking|Slowking-Galar, M|95/100
|-damage|p1a: Slowking|83/100|[from] Stealth Rock
|move|p2a: Slowbro|Teleport|p2a: Slowbro
|
|t:|1660847129
|switch|p2a: Landorus|Landorus-Therian, M|95/100 tox|[from]move: Teleport
|-damage|p2a: Landorus|82/100 tox|[from] Stealth Rock
|-ability|p2a: Landorus|Intimidate|boost
|-unboost|p1a: Slowking|atk|1
|
|-damage|p2a: Landorus|76/100 tox|[from] psn
|upkeep
|turn|46
|-message|LT93OQ Ruft forfeited.
|
|win|kazt 5
|raw|LT93OQ Ruft's rating: 1668 &rarr; <strong>1652</strong><br />(-16 for losing)
|raw|kazt 5's rating: 1743 &rarr; <strong>1759</strong><br />(+16 for winning)
|l|☆LT93OQ Ruft
||Ladder isn't responding, score probably updated but might not have (Request timeout).
