|j|☆lt94je starmind
|j|☆cute pink team
|t:|1661512889
|gametype|singles
|player|p1|lt94je starmind|youngster-gen4dp|1793
|player|p2|cute pink team|misty-gen1|1850
|teamsize|p1|6
|teamsize|p2|6
|gen|8
|tier|[Gen 8] OU
|rated|
|rule|Sleep Clause Mod: Limit one foe put to sleep
|rule|Species Clause: Limit one of each Pokémon
|rule|OHKO Clause: OHKO moves are banned
|rule|Evasion Items Clause: Evasion items are banned
|rule|Evasion Moves Clause: Evasion moves are banned
|rule|Endless Battle Clause: Forcing endless battles is banned
|rule|HP Percentage Mod: HP is shown in percentages
|rule|Dynamax Clause: You cannot dynamax
|clearpoke
|poke|p1|Tapu Lele|
|poke|p1|Tyranitar, F|
|poke|p1|Excadrill, M|
|poke|p1|Ferrothorn, F|
|poke|p1|Zapdos|
|poke|p1|Urshifu-*, M|
|poke|p2|Zygarde-10%|
|poke|p2|Dragapult, F|
|poke|p2|Corviknight, F|
|poke|p2|Volcanion|
|poke|p2|Zapdos|
|poke|p2|Victini|
|teampreview
|j| Lao_zai
|inactive|Battle timer is ON: inactive players will automatically lose when time's up. (requested by lt94je starmind)
|j| SigmaMW
|l| SigmaMW
|j| PULT4T2 yovan33321
|j|+Tuthur
|j| Yang233
|inactive|cute pink team has 120 seconds left.
|l| Yang233
|j| LT94JE Genesis
|j| pls send team
|
|t:|1661512968
|start
|switch|p1a: Urshifu|Urshifu-Rapid-Strike, M|100/100
|switch|p2a: Victini|Victini|100/100
|turn|1
|l|+Tuthur
|j| stunfisk2140
|
|t:|1661512981
|switch|p2a: Volcanion|Volcanion|100/100
|move|p1a: Urshifu|U-turn|p2a: Volcanion
|-resisted|p2a: Volcanion
|-damage|p2a: Volcanion|90/100
|
|t:|1661512985
|switch|p1a: Zapdos|Zapdos|100/100|[from]move: U-turn
|
|upkeep
|turn|2
|
|t:|1661512990
|switch|p2a: Corviknight|Corviknight, F|100/100
|-ability|p2a: Corviknight|Pressure
|move|p1a: Zapdos|Hurricane|p2a: Corviknight
|-resisted|p2a: Corviknight
|-damage|p2a: Corviknight|85/100
|
|-heal|p2a: Corviknight|92/100|[from] item: Leftovers
|upkeep
|turn|3
|
|t:|1661512997
|switch|p2a: Zygarde|Zygarde-10%|100/100
|-ability|p2a: Zygarde|Aura Break
|move|p1a: Zapdos|Volt Switch|p2a: Zygarde
|-immune|p2a: Zygarde
|
|upkeep
|turn|4
|j| LT93OQ Trick
|
|t:|1661513006
|move|p2a: Zygarde|Thousand Arrows|p1a: Zapdos
|-damage|p1a: Zapdos|46/100
|-start|p1a: Zapdos|Smack Down
|move|p1a: Zapdos|Hurricane|p2a: Zygarde
|-damage|p2a: Zygarde|27/100
|
|upkeep
|turn|5
|
|t:|1661513013
|switch|p1a: Ferrothorn|Ferrothorn, F|100/100
|move|p2a: Zygarde|Thousand Arrows|p1a: Ferrothorn
|-damage|p1a: Ferrothorn|51/100
|
|-heal|p1a: Ferrothorn|57/100|[from] item: Leftovers
|upkeep
|turn|6
|
|t:|1661513017
|move|p2a: Zygarde|Thousand Arrows|p1a: Ferrothorn
|-damage|p1a: Ferrothorn|12/100
|move|p1a: Ferrothorn|Knock Off|p2a: Zygarde
|-damage|p2a: Zygarde|0 fnt
|-enditem|p2a: Zygarde|Choice Band|[from] move: Knock Off|[of] p1a: Ferrothorn
|faint|p2a: Zygarde
|
|-heal|p1a: Ferrothorn|18/100|[from] item: Leftovers
|upkeep
|
|t:|1661513025
|switch|p2a: Volcanion|Volcanion|90/100
|turn|7
|
|t:|1661513028
|move|p2a: Volcanion|Steam Eruption|p1a: Ferrothorn
|-resisted|p1a: Ferrothorn
|-damage|p1a: Ferrothorn|0 fnt
|faint|p1a: Ferrothorn
|
|upkeep
|
|t:|1661513032
|switch|p1a: Zapdos|Zapdos|46/100
|turn|8
|
|t:|1661513034
|switch|p2a: Dragapult|Dragapult, F|100/100
|move|p1a: Zapdos|Volt Switch|p2a: Dragapult
|-resisted|p2a: Dragapult
|-damage|p2a: Dragapult|82/100
|
|t:|1661513038
|switch|p1a: Tyranitar|Tyranitar, F|100/100|[from]move: Volt Switch
|-weather|Sandstorm|[from] ability: Sand Stream|[of] p1a: Tyranitar
|
|-weather|Sandstorm|[upkeep]
|-damage|p2a: Dragapult|76/100|[from] Sandstorm
|upkeep
|turn|9
|
|t:|1661513044
|move|p2a: Dragapult|Hydro Pump|p1a: Tyranitar
|-supereffective|p1a: Tyranitar
|-crit|p1a: Tyranitar
|-damage|p1a: Tyranitar|0 fnt
|faint|p1a: Tyranitar
|
|-weather|Sandstorm|[upkeep]
|-damage|p2a: Dragapult|70/100|[from] Sandstorm
|upkeep
|
|t:|1661513046
|switch|p1a: Excadrill|Excadrill, M|100/100
|turn|10
|
|t:|1661513052
|switch|p1a: Zapdos|Zapdos|46/100
|switch|p2a: Corviknight|Corviknight, F|92/100
|-ability|p2a: Corviknight|Pressure
|
|-weather|Sandstorm|[upkeep]
|-damage|p1a: Zapdos|39/100|[from] Sandstorm
|-heal|p2a: Corviknight|98/100|[from] item: Leftovers
|upkeep
|turn|11
|
|t:|1661513056
|switch|p2a: Zapdos|Zapdos|100/100
|move|p1a: Zapdos|Roost|p1a: Zapdos
|-heal|p1a: Zapdos|89/100
|-singleturn|p1a: Zapdos|move: Roost
|
|-weather|Sandstorm|[upkeep]
|-damage|p2a: Zapdos|94/100|[from] Sandstorm
|-damage|p1a: Zapdos|83/100|[from] Sandstorm
|upkeep
|turn|12
|j| HereForFrens
|j| jey2
|
|t:|1661513061
|move|p2a: Zapdos|Heat Wave|p1a: Zapdos
|-damage|p1a: Zapdos|30/100
|move|p1a: Zapdos|Volt Switch|p2a: Zapdos
|-damage|p2a: Zapdos|63/100
|l| LT94JE Genesis
|
|t:|1661513065
|switch|p1a: Tapu Lele|Tapu Lele|100/100|[from]move: Volt Switch
|-fieldstart|move: Psychic Terrain|[from] ability: Psychic Surge|[of] p1a: Tapu Lele
|
|-weather|none
|upkeep
|turn|13
|
|t:|1661513068
|switch|p2a: Corviknight|Corviknight, F|98/100
|-ability|p2a: Corviknight|Pressure
|move|p1a: Tapu Lele|Future Sight|p2a: Corviknight
|-start|p1a: Tapu Lele|move: Future Sight
|
|-heal|p2a: Corviknight|100/100|[from] item: Leftovers
|upkeep
|turn|14
|j| SigmaMW
|
|t:|1661513077
|switch|p1a: Urshifu|Urshifu-Rapid-Strike, M|100/100
|switch|p2a: Victini|Victini|100/100
|
|upkeep
|turn|15
|
|t:|1661513090
|move|p2a: Victini|Final Gambit|p1a: Urshifu
|-damage|p1a: Urshifu|0 fnt
|faint|p2a: Victini
|faint|p1a: Urshifu
|
|-hint|Future Sight did not hit because the target is fainted.
|upkeep
|j| return nirvana
|l| HereForFrens
|
|t:|1661513097
|switch|p1a: Tapu Lele|Tapu Lele|100/100
|switch|p2a: Dragapult|Dragapult, F|70/100
|turn|16
|
|t:|1661513100
|switch|p2a: Corviknight|Corviknight, F|100/100
|-ability|p2a: Corviknight|Pressure
|move|p1a: Tapu Lele|Psychic|p2a: Corviknight
|-resisted|p2a: Corviknight
|-damage|p2a: Corviknight|77/100
|
|-heal|p2a: Corviknight|84/100|[from] item: Leftovers
|-fieldend|move: Psychic Terrain
|upkeep
|turn|17
|
|t:|1661513105
|switch|p2a: Dragapult|Dragapult, F|70/100
|move|p1a: Tapu Lele|Psychic|p2a: Dragapult
|-damage|p2a: Dragapult|1/100
|
|upkeep
|turn|18
|
|t:|1661513110
|switch|p1a: Zapdos|Zapdos|30/100
|move|p2a: Dragapult|Shadow Ball|p1a: Zapdos
|-damage|p1a: Zapdos|0 fnt
|faint|p1a: Zapdos
|
|upkeep
|
|t:|1661513113
|switch|p1a: Tapu Lele|Tapu Lele|100/100
|-fieldstart|move: Psychic Terrain|[from] ability: Psychic Surge|[of] p1a: Tapu Lele
|turn|19
|
|t:|1661513115
|switch|p2a: Corviknight|Corviknight, F|84/100
|-ability|p2a: Corviknight|Pressure
|move|p1a: Tapu Lele|Thunderbolt|p2a: Corviknight
|-supereffective|p2a: Corviknight
|-damage|p2a: Corviknight|41/100
|-status|p2a: Corviknight|par
|
|-heal|p2a: Corviknight|47/100 par|[from] item: Leftovers
|upkeep
|turn|20
|
|t:|1661513121
|move|p1a: Tapu Lele|Thunderbolt|p2a: Corviknight
|-supereffective|p2a: Corviknight
|-damage|p2a: Corviknight|0 fnt
|faint|p2a: Corviknight
|
|upkeep
|j| Harshal08
|j|+heroictobias
|
|t:|1661513132
|switch|p2a: Zapdos|Zapdos|63/100
|turn|21
|
|t:|1661513134
|switch|p1a: Excadrill|Excadrill, M|100/100
|move|p2a: Zapdos|Hurricane|p1a: Excadrill
|-resisted|p1a: Excadrill
|-damage|p1a: Excadrill|36/100
|
|upkeep
|turn|22
|
|t:|1661513143
|switch|p1a: Tapu Lele|Tapu Lele|100/100
|move|p2a: Zapdos|Hurricane|p1a: Tapu Lele
|-damage|p1a: Tapu Lele|0 fnt
|faint|p1a: Tapu Lele
|
|upkeep
|j| HereForFrens
|-message|lt94je starmind forfeited.
|
|win|cute pink team
|raw|lt94je starmind's rating: 1793 &rarr; <strong>1776</strong><br />(-17 for losing)
|raw|cute pink team's rating: 1850 &rarr; <strong>1867</strong><br />(+17 for winning)
|l|☆lt94je starmind
|j| 4funaccount
|l| HereForFrens
|l| Harshal08
|l| jey2
|l| Lao_zai
|j| jey2
|j| Blosher234
|l| 4funaccount
|l| jey2
|l| PULT4T2 yovan33321
|l| LT93OQ Trick
|l| Blosher234
|l|+heroictobias
|l|☆cute pink team
|j| Blosher234
|j| Gwaaarn
|l| Blosher234
