|j|☆LT71LX Allistair
|j|☆supersam10001/?!()
|inactive|Battle timer is ON: inactive players will automatically lose when time's up.
|t:|1646419625
|gametype|singles
|player|p1|LT71LX Allistair|2|
|player|p2|supersam10001/?!()|ghetsis|
|teamsize|p1|6
|teamsize|p2|6
|gen|8
|tier|[Gen 8] OU
|rated|Tournament battle
|rule|Sleep Clause Mod: Limit one foe put to sleep
|rule|Species Clause: Limit one of each Pokémon
|rule|OHKO Clause: OHKO moves are banned
|rule|Evasion Moves Clause: Evasion moves are banned
|rule|Endless Battle Clause: Forcing endless battles is banned
|rule|HP Percentage Mod: HP is shown in percentages
|rule|Dynamax Clause: You cannot dynamax
|clearpoke
|poke|p1|Mew|
|poke|p1|Tapu Fini|
|poke|p1|Slurpuff, F|
|poke|p1|Nidoking, M|
|poke|p1|Skarmory, M|
|poke|p1|Weavile, F|
|poke|p2|Grimmsnarl, M|
|poke|p2|Tyranitar, F|
|poke|p2|Excadrill, M|
|poke|p2|Volcarona, F|
|poke|p2|Tapu Fini|
|poke|p2|Zeraora|
|teampreview
|inactive|supersam10001/?!() also wants the timer to be on.
|j| aerobee
|c|☆supersam10001/?!()|hf
|
|t:|1646419648
|start
|switch|p1a: Slurpuff|Slurpuff, F|100/100
|switch|p2a: Grimmsnarl|Grimmsnarl, M|100/100
|turn|1
|l| aerobee
|
|t:|1646419662
|move|p1a: Slurpuff|Magic Coat|p1a: Slurpuff
|-singleturn|p1a: Slurpuff|move: Magic Coat
|move|p2a: Grimmsnarl|Taunt|p1a: Slurpuff
|move|p1a: Slurpuff|Taunt|p2a: Grimmsnarl|[from]Magic Coat
|-start|p2a: Grimmsnarl|move: Taunt
|
|upkeep
|turn|2
|
|t:|1646419664
|move|p1a: Slurpuff|Sticky Web|p2a: Grimmsnarl
|-sidestart|p2: supersam10001/?!()|move: Sticky Web
|move|p2a: Grimmsnarl|Spirit Break|p1a: Slurpuff
|-damage|p1a: Slurpuff|57/100
|-unboost|p1a: Slurpuff|spa|1
|
|upkeep
|turn|3
|c|☆LT71LX Allistair|hf
|
|t:|1646419670
|move|p1a: Slurpuff|Yawn|p2a: Grimmsnarl
|-start|p2a: Grimmsnarl|move: Yawn|[of] p1a: Slurpuff
|move|p2a: Grimmsnarl|Spirit Break|p1a: Slurpuff
|-damage|p1a: Slurpuff|16/100
|-unboost|p1a: Slurpuff|spa|1
|
|upkeep
|turn|4
|
|t:|1646419675
|switch|p2a: Excadrill|Excadrill, M|100/100
|-activate|p2a: Excadrill|move: Sticky Web
|-unboost|p2a: Excadrill|spe|1
|move|p1a: Slurpuff|Misty Explosion|p2a: Excadrill
|-resisted|p2a: Excadrill
|-damage|p2a: Excadrill|91/100
|faint|p1a: Slurpuff
|
|-heal|p2a: Excadrill|97/100|[from] item: Leftovers
|upkeep
|
|t:|1646419680
|switch|p1a: Nidoking|Nidoking, M|100/100
|turn|5
|
|t:|1646419685
|switch|p2a: Grimmsnarl|Grimmsnarl, M|100/100
|-activate|p2a: Grimmsnarl|move: Sticky Web
|-unboost|p2a: Grimmsnarl|spe|1
|move|p1a: Nidoking|Earth Power|p2a: Grimmsnarl
|-crit|p2a: Grimmsnarl
|-damage|p2a: Grimmsnarl|0 fnt
|faint|p2a: Grimmsnarl
|
|upkeep
|
|t:|1646419693
|switch|p2a: Tyranitar|Tyranitar, F|100/100
|-activate|p2a: Tyranitar|move: Sticky Web
|-unboost|p2a: Tyranitar|spe|1
|-weather|Sandstorm|[from] ability: Sand Stream|[of] p2a: Tyranitar
|turn|6
|
|t:|1646419713
|move|p1a: Nidoking|Earth Power|p2a: Tyranitar
|-supereffective|p2a: Tyranitar
|-damage|p2a: Tyranitar|25/100
|-enditem|p2a: Tyranitar|Weakness Policy
|-boost|p2a: Tyranitar|atk|2|[from] item: Weakness Policy
|-boost|p2a: Tyranitar|spa|2|[from] item: Weakness Policy
|move|p2a: Tyranitar|Ice Punch|p1a: Nidoking
|-supereffective|p1a: Nidoking
|-damage|p1a: Nidoking|0 fnt
|faint|p1a: Nidoking
|
|-weather|Sandstorm|[upkeep]
|upkeep
|
|t:|1646419724
|switch|p1a: Tapu Fini|Tapu Fini|100/100
|-fieldstart|move: Misty Terrain|[from] ability: Misty Surge|[of] p1a: Tapu Fini
|turn|7
|
|t:|1646419730
|move|p1a: Tapu Fini|Surf|p2a: Tyranitar
|-supereffective|p2a: Tyranitar
|-damage|p2a: Tyranitar|0 fnt
|faint|p2a: Tyranitar
|
|-weather|Sandstorm|[upkeep]
|-damage|p1a: Tapu Fini|94/100|[from] Sandstorm
|upkeep
|
|t:|1646419736
|switch|p2a: Zeraora|Zeraora|100/100
|-activate|p2a: Zeraora|move: Sticky Web
|-unboost|p2a: Zeraora|spe|1
|turn|8
|
|t:|1646419764
|switch|p1a: Weavile|Weavile, F|100/100
|move|p2a: Zeraora|Bulk Up|p2a: Zeraora
|-boost|p2a: Zeraora|atk|1
|-boost|p2a: Zeraora|def|1
|
|-weather|Sandstorm|[upkeep]
|-damage|p1a: Weavile|94/100|[from] Sandstorm
|-damage|p2a: Zeraora|95/100|[from] Sandstorm
|-heal|p2a: Zeraora|100/100|[from] item: Leftovers
|upkeep
|turn|9
|
|t:|1646419776
|move|p1a: Weavile|Knock Off|p2a: Zeraora
|-damage|p2a: Zeraora|57/100
|-enditem|p2a: Zeraora|Leftovers|[from] move: Knock Off|[of] p1a: Weavile
|move|p2a: Zeraora|Plasma Fists|p1a: Weavile
|-damage|p1a: Weavile|0 fnt
|-fieldactivate|move: Ion Deluge
|-hint|Normal-type moves become Electric-type after using Plasma Fists.
|faint|p1a: Weavile
|
|-weather|Sandstorm|[upkeep]
|-damage|p2a: Zeraora|51/100|[from] Sandstorm
|upkeep
|inactive|LT71LX Allistair has 120 seconds left.
|
|t:|1646419793
|switch|p1a: Mew|Mew|100/100
|turn|10
|c|☆supersam10001/?!()|It's cp isn't it.
|j| Cyberacc
|
|t:|1646419806
|move|p1a: Mew|Cosmic Power|p1a: Mew
|-boost|p1a: Mew|def|1
|-boost|p1a: Mew|spd|1
|move|p2a: Zeraora|Plasma Fists|p1a: Mew
|-damage|p1a: Mew|61/100
|-fieldactivate|move: Ion Deluge
|-hint|Normal-type moves become Electric-type after using Plasma Fists.
|
|-weather|none
|upkeep
|turn|11
|
|t:|1646419816
|switch|p2a: Tapu Fini|Tapu Fini|100/100
|-activate|p2a: Tapu Fini|move: Sticky Web
|-unboost|p2a: Tapu Fini|spe|1
|move|p1a: Mew|Roost|p1a: Mew
|-heal|p1a: Mew|100/100
|-singleturn|p1a: Mew|move: Roost
|
|-fieldend|Misty Terrain
|upkeep
|turn|12
|
|t:|1646419819
|move|p1a: Mew|Taunt|p2a: Tapu Fini
|-start|p2a: Tapu Fini|move: Taunt
|cant|p2a: Tapu Fini|move: Taunt|Taunt
|
|upkeep
|turn|13
|
|t:|1646419823
|switch|p2a: Excadrill|Excadrill, M|97/100
|-activate|p2a: Excadrill|move: Sticky Web
|-unboost|p2a: Excadrill|spe|1
|move|p1a: Mew|Cosmic Power|p1a: Mew
|-boost|p1a: Mew|def|1
|-boost|p1a: Mew|spd|1
|
|-heal|p2a: Excadrill|100/100|[from] item: Leftovers
|upkeep
|turn|14
|
|t:|1646419826
|move|p1a: Mew|Taunt|p2a: Excadrill
|-start|p2a: Excadrill|move: Taunt
|move|p2a: Excadrill|Rapid Spin|p1a: Mew
|-damage|p1a: Mew|92/100
|-boost|p2a: Excadrill|spe|1
|-sideend|p2: supersam10001/?!()|Sticky Web|[from] move: Rapid Spin|[of] p2a: Excadrill
|
|upkeep
|turn|15
|
|t:|1646419830
|move|p1a: Mew|Cosmic Power|p1a: Mew
|-boost|p1a: Mew|def|1
|-boost|p1a: Mew|spd|1
|move|p2a: Excadrill|Iron Head|p1a: Mew
|-damage|p1a: Mew|78/100
|
|upkeep
|turn|16
|
|t:|1646419834
|move|p1a: Mew|Cosmic Power|p1a: Mew
|-boost|p1a: Mew|def|1
|-boost|p1a: Mew|spd|1
|move|p2a: Excadrill|Rapid Spin|p1a: Mew
|-damage|p1a: Mew|72/100
|-boost|p2a: Excadrill|spe|1
|
|-end|p2a: Excadrill|move: Taunt
|upkeep
|turn|17
|
|t:|1646419839
|move|p2a: Excadrill|Iron Head|p1a: Mew
|-damage|p1a: Mew|59/100
|move|p1a: Mew|Taunt|p2a: Excadrill
|-start|p2a: Excadrill|move: Taunt
|
|upkeep
|turn|18
|
|t:|1646419842
|move|p2a: Excadrill|Iron Head|p1a: Mew
|-damage|p1a: Mew|46/100
|cant|p1a: Mew|flinch
|
|upkeep
|turn|19
|
|t:|1646419845
|move|p2a: Excadrill|Earthquake|p1a: Mew
|-damage|p1a: Mew|31/100
|move|p1a: Mew|Roost|p1a: Mew
|-heal|p1a: Mew|81/100
|-singleturn|p1a: Mew|move: Roost
|
|upkeep
|turn|20
|
|t:|1646419849
|move|p2a: Excadrill|Earthquake|p1a: Mew
|-crit|p1a: Mew
|-damage|p1a: Mew|6/100
|move|p1a: Mew|Cosmic Power|p1a: Mew
|-boost|p1a: Mew|def|1
|-boost|p1a: Mew|spd|1
|
|-end|p2a: Excadrill|move: Taunt
|upkeep
|turn|21
|-message|LT71LX Allistair forfeited.
|
|win|supersam10001/?!()
|n|☆LT71LX Allistair|lt71lxallistair
|n|☆supersam10001/?!()|supersam10001
|n| Cyberacc|cyberacc
|l|☆LT71LX Allistair
|c|☆supersam10001/?!()|lmao
|l|☆supersam10001/?!()
|c| Cyberacc|bruh
