|j|☆HQSNonsense
|j|☆smollest brian
|t:|1667580669
|gametype|singles
|player|p1|HQSNonsense|veteranf|1768
|player|p2|smollest brian|sonia|1719
|teamsize|p1|6
|teamsize|p2|6
|gen|8
|tier|[Gen 8] OU
|rated|
|rule|Sleep Clause Mod: Limit one foe put to sleep
|rule|Species Clause: Limit one of each Pokémon
|rule|OHKO Clause: OHKO moves are banned
|rule|Evasion Items Clause: Evasion items are banned
|rule|Evasion Moves Clause: Evasion moves are banned
|rule|Endless Battle Clause: Forcing endless battles is banned
|rule|HP Percentage Mod: HP is shown in percentages
|rule|Dynamax Clause: You cannot dynamax
|clearpoke
|poke|p1|Blaziken, F|
|poke|p1|Rillaboom, M|
|poke|p1|Landorus-Therian, M|
|poke|p1|Nihilego|
|poke|p1|Bisharp, F|
|poke|p1|Dragonite, M|
|poke|p2|Hatterene, F|
|poke|p2|Weavile, F|
|poke|p2|Gastrodon-East, M|
|poke|p2|Victini|
|poke|p2|Corviknight, M|
|poke|p2|Buzzwole|
|teampreview
|
|t:|1667580680
|start
|switch|p1a: Bisharp|Bisharp, F|100/100
|switch|p2a: Victini|Victini|100/100
|turn|1
|inactive|Battle timer is ON: inactive players will automatically lose when time's up. (requested by HQSNonsense)
|
|t:|1667580686
|switch|p2a: Buzzwole|Buzzwole|100/100
|move|p1a: Bisharp|Stealth Rock|p2a: Buzzwole
|-sidestart|p2: smollest brian|move: Stealth Rock
|
|upkeep
|turn|2
|
|t:|1667580690
|move|p1a: Bisharp|Thunder Wave|p2a: Buzzwole
|-status|p2a: Buzzwole|par
|cant|p2a: Buzzwole|par
|
|upkeep
|turn|3
|
|t:|1667580694
|move|p1a: Bisharp|Knock Off|p2a: Buzzwole
|-resisted|p2a: Buzzwole
|-damage|p2a: Buzzwole|89/100 par
|-enditem|p2a: Buzzwole|Heavy-Duty Boots|[from] move: Knock Off|[of] p1a: Bisharp
|cant|p2a: Buzzwole|par
|
|upkeep
|turn|4
|
|t:|1667580699
|move|p1a: Bisharp|Taunt|p2a: Buzzwole
|-start|p2a: Buzzwole|move: Taunt
|cant|p2a: Buzzwole|par
|
|upkeep
|turn|5
|
|t:|1667580725
|switch|p1a: Landorus|Landorus-Therian, M|100/100
|-ability|p1a: Landorus|Intimidate|boost
|-unboost|p2a: Buzzwole|atk|1
|move|p2a: Buzzwole|Ice Punch|p1a: Landorus
|-supereffective|p1a: Landorus
|-damage|p1a: Landorus|29/100
|-status|p1a: Landorus|frz
|
|-heal|p1a: Landorus|36/100 frz|[from] item: Leftovers
|upkeep
|turn|6
|
|t:|1667580739
|switch|p1a: Bisharp|Bisharp, F|100/100
|switch|p2a: Corviknight|Corviknight, M, shiny|100/100
|-damage|p2a: Corviknight|88/100|[from] Stealth Rock
|
|-heal|p2a: Corviknight|94/100|[from] item: Leftovers
|upkeep
|turn|7
|
|t:|1667580746
|move|p1a: Bisharp|Taunt|p2a: Corviknight
|-start|p2a: Corviknight|move: Taunt
|move|p2a: Corviknight|U-turn|p1a: Bisharp
|-damage|p1a: Bisharp|83/100
|
|t:|1667580752
|switch|p2a: Buzzwole|Buzzwole|89/100 par|[from]move: U-turn
|-damage|p2a: Buzzwole|76/100 par|[from] Stealth Rock
|
|upkeep
|turn|8
|
|t:|1667580757
|switch|p1a: Landorus|Landorus-Therian, M|36/100 frz
|-ability|p1a: Landorus|Intimidate|boost
|-unboost|p2a: Buzzwole|atk|1
|cant|p2a: Buzzwole|par
|
|-heal|p1a: Landorus|42/100 frz|[from] item: Leftovers
|upkeep
|turn|9
|
|t:|1667580763
|switch|p1a: Bisharp|Bisharp, F|83/100
|move|p2a: Buzzwole|Ice Punch|p1a: Bisharp
|-resisted|p1a: Bisharp
|-damage|p1a: Bisharp|74/100
|
|upkeep
|turn|10
|
|t:|1667580770
|move|p1a: Bisharp|Knock Off|p2a: Buzzwole
|-resisted|p2a: Buzzwole
|-damage|p2a: Buzzwole|69/100 par
|move|p2a: Buzzwole|Roost|p2a: Buzzwole
|-heal|p2a: Buzzwole|100/100 par
|-singleturn|p2a: Buzzwole|move: Roost
|
|upkeep
|turn|11
|
|t:|1667580775
|move|p1a: Bisharp|Knock Off|p2a: Buzzwole
|-resisted|p2a: Buzzwole
|-damage|p2a: Buzzwole|93/100 par
|move|p2a: Buzzwole|Close Combat|p1a: Bisharp
|-supereffective|p1a: Bisharp
|-damage|p1a: Bisharp|0 fnt
|-unboost|p2a: Buzzwole|def|1
|-unboost|p2a: Buzzwole|spd|1
|faint|p1a: Bisharp
|-ability|p2a: Buzzwole|Beast Boost|boost
|-boost|p2a: Buzzwole|def|1
|
|upkeep
|
|t:|1667580780
|switch|p1a: Blaziken|Blaziken, F|100/100
|turn|12
|
|t:|1667580782
|move|p1a: Blaziken|Substitute|p1a: Blaziken
|-start|p1a: Blaziken|Substitute
|-damage|p1a: Blaziken|76/100
|move|p2a: Buzzwole|Earthquake|p1a: Blaziken
|-supereffective|p1a: Blaziken
|-crit|p1a: Blaziken
|-end|p1a: Blaziken|Substitute
|
|-heal|p1a: Blaziken|82/100|[from] item: Leftovers
|-ability|p1a: Blaziken|Speed Boost|boost
|-boost|p1a: Blaziken|spe|1
|upkeep
|turn|13
|
|t:|1667580788
|switch|p2a: Gastrodon|Gastrodon-East, M|100/100
|-damage|p2a: Gastrodon|94/100|[from] Stealth Rock
|move|p1a: Blaziken|Flare Blitz|p2a: Gastrodon
|-resisted|p2a: Gastrodon
|-damage|p2a: Gastrodon|57/100
|-damage|p1a: Blaziken|66/100|[from] Recoil
|
|-heal|p1a: Blaziken|73/100|[from] item: Leftovers
|-heal|p2a: Gastrodon|63/100|[from] item: Leftovers
|-ability|p1a: Blaziken|Speed Boost|boost
|-boost|p1a: Blaziken|spe|1
|upkeep
|turn|14
|
|t:|1667580791
|move|p1a: Blaziken|Close Combat|p2a: Gastrodon
|-damage|p2a: Gastrodon|0 fnt
|-unboost|p1a: Blaziken|def|1
|-unboost|p1a: Blaziken|spd|1
|faint|p2a: Gastrodon
|
|-heal|p1a: Blaziken|79/100|[from] item: Leftovers
|-ability|p1a: Blaziken|Speed Boost|boost
|-boost|p1a: Blaziken|spe|1
|upkeep
|
|t:|1667580798
|switch|p2a: Hatterene|Hatterene, F|100/100
|-damage|p2a: Hatterene|88/100|[from] Stealth Rock
|turn|15
|
|t:|1667580806
|switch|p1a: Landorus|Landorus-Therian, M|42/100 frz
|-ability|p1a: Landorus|Intimidate|boost
|-unboost|p2a: Hatterene|atk|1
|move|p2a: Hatterene|Psyshock|p1a: Landorus
|-damage|p1a: Landorus|4/100 frz
|
|-heal|p1a: Landorus|10/100 frz|[from] item: Leftovers
|-heal|p2a: Hatterene|94/100|[from] item: Leftovers
|upkeep
|turn|16
|
|t:|1667580813
|cant|p1a: Landorus|frz
|move|p2a: Hatterene|Calm Mind|p2a: Hatterene
|-boost|p2a: Hatterene|spa|1
|-boost|p2a: Hatterene|spd|1
|
|-heal|p1a: Landorus|17/100 frz|[from] item: Leftovers
|-heal|p2a: Hatterene|99/100|[from] item: Leftovers
|upkeep
|turn|17
|
|t:|1667580815
|cant|p1a: Landorus|frz
|move|p2a: Hatterene|Draining Kiss|p1a: Landorus
|-damage|p1a: Landorus|0 fnt
|-heal|p2a: Hatterene|100/100|[from] drain|[of] p1a: Landorus
|faint|p1a: Landorus
|
|upkeep
|
|t:|1667580832
|switch|p1a: Rillaboom|Rillaboom, M|100/100
|-fieldstart|move: Grassy Terrain|[from] ability: Grassy Surge|[of] p1a: Rillaboom
|turn|18
|
|t:|1667580837
|switch|p2a: Corviknight|Corviknight, M, shiny|94/100
|-damage|p2a: Corviknight|82/100|[from] Stealth Rock
|move|p1a: Rillaboom|Knock Off|p2a: Corviknight
|-damage|p2a: Corviknight|42/100
|-enditem|p2a: Corviknight|Leftovers|[from] move: Knock Off|[of] p1a: Rillaboom
|-damage|p1a: Rillaboom|91/100|[from] item: Life Orb
|
|-heal|p1a: Rillaboom|97/100|[from] Grassy Terrain
|upkeep
|turn|19
|
|t:|1667580842
|move|p1a: Rillaboom|Swords Dance|p1a: Rillaboom
|-boost|p1a: Rillaboom|atk|2
|move|p2a: Corviknight|Defog|p1a: Rillaboom
|-unboost|p1a: Rillaboom|evasion|1
|-sideend|p2: smollest brian|Stealth Rock|[from] move: Defog|[of] p2a: Corviknight
|-fieldend|move: Grassy Terrain
|
|upkeep
|turn|20
|
|t:|1667580847
|switch|p2a: Buzzwole|Buzzwole|93/100 par
|move|p1a: Rillaboom|Knock Off|p2a: Buzzwole
|-resisted|p2a: Buzzwole
|-damage|p2a: Buzzwole|78/100 par
|-damage|p1a: Rillaboom|87/100|[from] item: Life Orb
|
|upkeep
|turn|21
|
|t:|1667580868
|move|p1a: Rillaboom|Drain Punch|p2a: Buzzwole
|-resisted|p2a: Buzzwole
|-crit|p2a: Buzzwole
|-damage|p2a: Buzzwole|53/100 par
|-heal|p1a: Rillaboom|100/100|[from] drain|[of] p2a: Buzzwole
|-damage|p1a: Rillaboom|91/100|[from] item: Life Orb
|cant|p2a: Buzzwole|par
|
|upkeep
|turn|22
|
|t:|1667580872
|move|p1a: Rillaboom|Swords Dance|p1a: Rillaboom
|-boost|p1a: Rillaboom|atk|2
|cant|p2a: Buzzwole|par
|
|upkeep
|turn|23
|
|t:|1667580876
|move|p1a: Rillaboom|Grassy Glide|p2a: Buzzwole
|-resisted|p2a: Buzzwole
|-damage|p2a: Buzzwole|20/100 par
|-damage|p1a: Rillaboom|81/100|[from] item: Life Orb
|move|p2a: Buzzwole|Roost|p2a: Buzzwole
|-heal|p2a: Buzzwole|70/100 par
|-singleturn|p2a: Buzzwole|move: Roost
|
|upkeep
|turn|24
|
|t:|1667580881
|move|p1a: Rillaboom|Grassy Glide|p2a: Buzzwole
|-resisted|p2a: Buzzwole
|-damage|p2a: Buzzwole|32/100 par
|-damage|p1a: Rillaboom|71/100|[from] item: Life Orb
|move|p2a: Buzzwole|Ice Punch|p1a: Rillaboom
|-supereffective|p1a: Rillaboom
|-damage|p1a: Rillaboom|16/100
|
|upkeep
|turn|25
|
|t:|1667580884
|move|p1a: Rillaboom|Grassy Glide|p2a: Buzzwole
|-resisted|p2a: Buzzwole
|-damage|p2a: Buzzwole|0 fnt
|faint|p2a: Buzzwole
|-damage|p1a: Rillaboom|6/100|[from] item: Life Orb
|
|upkeep
|
|t:|1667580890
|switch|p2a: Victini|Victini|100/100
|turn|26
|
|t:|1667580895
|move|p2a: Victini|Blue Flare|p1a: Rillaboom
|-supereffective|p1a: Rillaboom
|-damage|p1a: Rillaboom|0 fnt
|faint|p1a: Rillaboom
|
|upkeep
|
|t:|1667580899
|switch|p1a: Nihilego|Nihilego|100/100
|turn|27
|
|t:|1667580909
|move|p1a: Nihilego|Meteor Beam||[still]
|-prepare|p1a: Nihilego|Meteor Beam
|-boost|p1a: Nihilego|spa|1
|-enditem|p1a: Nihilego|Power Herb
|-anim|p1a: Nihilego|Meteor Beam|p2a: Victini
|-supereffective|p2a: Victini
|-damage|p2a: Victini|0 fnt
|faint|p2a: Victini
|-ability|p1a: Nihilego|Beast Boost|boost
|-boost|p1a: Nihilego|spe|1
|
|upkeep
|
|t:|1667580913
|switch|p2a: Corviknight|Corviknight, M, shiny|42/100
|turn|28
|
|t:|1667580915
|move|p1a: Nihilego|Power Gem|p2a: Corviknight
|-damage|p2a: Corviknight|1/100
|move|p2a: Corviknight|Roost|p2a: Corviknight
|-heal|p2a: Corviknight|51/100
|-singleturn|p2a: Corviknight|move: Roost
|
|upkeep
|turn|29
|
|t:|1667580919
|move|p1a: Nihilego|Meteor Beam||[still]
|-prepare|p1a: Nihilego|Meteor Beam
|-boost|p1a: Nihilego|spa|1
|move|p2a: Corviknight|Roost|p2a: Corviknight
|-heal|p2a: Corviknight|100/100
|-singleturn|p2a: Corviknight|move: Roost
|
|upkeep
|turn|30
|
|t:|1667580924
|move|p1a: Nihilego|Meteor Beam|p2a: Corviknight|[from]lockedmove|[miss]
|-miss|p1a: Nihilego|p2a: Corviknight
|move|p2a: Corviknight|U-turn|p1a: Nihilego
|-resisted|p1a: Nihilego
|-damage|p1a: Nihilego|89/100
|
|t:|1667580929
|switch|p2a: Hatterene|Hatterene, F|100/100|[from]move: U-turn
|
|upkeep
|turn|31
|
|t:|1667580932
|switch|p2a: Corviknight|Corviknight, M, shiny|100/100
|move|p1a: Nihilego|Sludge Wave|p2a: Corviknight
|-immune|p2a: Corviknight
|
|upkeep
|turn|32
|
|t:|1667580935
|move|p1a: Nihilego|Power Gem|p2a: Corviknight
|-damage|p2a: Corviknight|48/100
|move|p2a: Corviknight|Brave Bird|p1a: Nihilego
|-resisted|p1a: Nihilego
|-damage|p1a: Nihilego|58/100
|-damage|p2a: Corviknight|38/100|[from] Recoil
|
|upkeep
|turn|33
|
|t:|1667580940
|move|p1a: Nihilego|Power Gem|p2a: Corviknight
|-damage|p2a: Corviknight|0 fnt
|faint|p2a: Corviknight
|-ability|p1a: Nihilego|Beast Boost|boost
|-boost|p1a: Nihilego|spe|1
|
|upkeep
|
|t:|1667580942
|switch|p2a: Weavile|Weavile, F|100/100
|-ability|p2a: Weavile|Pressure
|turn|34
|
|t:|1667580945
|move|p2a: Weavile|Ice Shard|p1a: Nihilego
|-damage|p1a: Nihilego|4/100
|move|p1a: Nihilego|Power Gem|p2a: Weavile
|-supereffective|p2a: Weavile
|-damage|p2a: Weavile|0 fnt
|faint|p2a: Weavile
|-ability|p1a: Nihilego|Beast Boost|boost
|-boost|p1a: Nihilego|spe|1
|
|upkeep
|-message|smollest brian forfeited.
|
|win|HQSNonsense
|raw|HQSNonsense's rating: 1768 &rarr; <strong>1785</strong><br />(+17 for winning)
|raw|smollest brian's rating: 1719 &rarr; <strong>1702</strong><br />(-17 for losing)
|l|☆smollest brian
