|j|☆minimax_ai
|j|☆ty-tyui↻
|t:|1667484621
|gametype|singles
|player|p1|minimax_ai|lusamine-nihilego|1576
|player|p2|ty-tyui↻|surfer|1660
|teamsize|p1|6
|teamsize|p2|6
|gen|8
|tier|[Gen 8] OU
|rated|
|rule|Sleep Clause Mod: Limit one foe put to sleep
|rule|Species Clause: Limit one of each Pokémon
|rule|OHKO Clause: OHKO moves are banned
|rule|Evasion Items Clause: Evasion items are banned
|rule|Evasion Moves Clause: Evasion moves are banned
|rule|Endless Battle Clause: Forcing endless battles is banned
|rule|HP Percentage Mod: HP is shown in percentages
|rule|Dynamax Clause: You cannot dynamax
|clearpoke
|poke|p1|Rotom-Wash|
|poke|p1|Weavile, F|
|poke|p1|Landorus-Therian, M|
|poke|p1|Heatran, M|
|poke|p1|Tangrowth, M|
|poke|p1|Melmetal|
|poke|p2|Rillaboom, M|
|poke|p2|Zeraora|
|poke|p2|Slowbro, M|
|poke|p2|Landorus-Therian, M|
|poke|p2|Weavile, F|
|poke|p2|Heatran, M|
|teampreview
|c|☆minimax_ai|hf
|inactive|Battle timer is ON: inactive players will automatically lose when time's up. (requested by minimax_ai)
|
|t:|1667484629
|start
|switch|p1a: Melmetal|Melmetal|100/100
|switch|p2a: Landorus|Landorus-Therian, M|100/100
|-ability|p2a: Landorus|Intimidate|boost
|-unboost|p1a: Melmetal|atk|1
|turn|1
|
|t:|1667484633
|move|p2a: Landorus|U-turn|p1a: Melmetal
|-resisted|p1a: Melmetal
|-damage|p1a: Melmetal|94/100
|
|t:|1667484635
|switch|p2a: Heatran|Heatran, M|100/100|[from]move: U-turn
|move|p1a: Melmetal|Ice Punch|p2a: Heatran
|-resisted|p2a: Heatran
|-damage|p2a: Heatran|97/100
|
|-heal|p2a: Heatran|100/100|[from] item: Leftovers
|upkeep
|turn|2
|
|t:|1667484641
|move|p2a: Heatran|Magma Storm|p1a: Melmetal
|-supereffective|p1a: Melmetal
|-damage|p1a: Melmetal|43/100
|-activate|p1a: Melmetal|move: Magma Storm|[of] p2a: Heatran
|move|p1a: Melmetal|Earthquake|p2a: Heatran
|-supereffective|p2a: Heatran
|-damage|p2a: Heatran|41/100
|
|-heal|p2a: Heatran|48/100|[from] item: Leftovers
|-damage|p1a: Melmetal|31/100|[from] move: Magma Storm|[partiallytrapped]
|upkeep
|turn|3
|
|t:|1667484647
|move|p2a: Heatran|Stealth Rock|p1a: Melmetal
|-sidestart|p1: minimax_ai|move: Stealth Rock
|move|p1a: Melmetal|Earthquake|p2a: Heatran
|-supereffective|p2a: Heatran
|-damage|p2a: Heatran|0 fnt
|faint|p2a: Heatran
|
|-end|p1a: Melmetal|Magma Storm|[partiallytrapped]|[silent]
|upkeep
|
|t:|1667484654
|switch|p2a: Landorus|Landorus-Therian, M|100/100
|-ability|p2a: Landorus|Intimidate|boost
|-unboost|p1a: Melmetal|atk|1
|turn|4
|
|t:|1667484656
|switch|p1a: Tangrowth|Tangrowth, M|100/100
|-damage|p1a: Tangrowth|88/100|[from] Stealth Rock
|move|p2a: Landorus|U-turn|p1a: Tangrowth
|-supereffective|p1a: Tangrowth
|-damage|p1a: Tangrowth|66/100
|-damage|p2a: Landorus|84/100|[from] item: Rocky Helmet|[of] p1a: Tangrowth
|
|t:|1667484661
|switch|p2a: Weavile|Weavile, F|100/100|[from]move: U-turn
|-ability|p2a: Weavile|Pressure
|
|upkeep
|turn|5
|
|t:|1667484664
|switch|p1a: Melmetal|Melmetal|31/100
|-damage|p1a: Melmetal|25/100|[from] Stealth Rock
|move|p2a: Weavile|Triple Axel|p1a: Melmetal|[miss]
|-miss|p2a: Weavile|p1a: Melmetal
|
|upkeep
|turn|6
|
|t:|1667484667
|move|p2a: Weavile|Knock Off|p1a: Melmetal
|-damage|p1a: Melmetal|0 fnt
|-enditem|p1a: Melmetal|Assault Vest|[from] move: Knock Off|[of] p2a: Weavile
|faint|p1a: Melmetal
|
|upkeep
|
|t:|1667484667
|switch|p1a: Heatran|Heatran, M|100/100
|-damage|p1a: Heatran|88/100|[from] Stealth Rock
|-item|p1a: Heatran|Air Balloon
|turn|7
|
|t:|1667484674
|switch|p2a: Slowbro|Slowbro, M|100/100
|move|p1a: Heatran|Magma Storm|p2a: Slowbro|[miss]
|-miss|p1a: Heatran|p2a: Slowbro
|
|upkeep
|turn|8
|
|t:|1667484678
|switch|p1a: Tangrowth|Tangrowth, M|99/100
|-damage|p1a: Tangrowth|87/100|[from] Stealth Rock
|move|p2a: Slowbro|Teleport|p2a: Slowbro
|
|t:|1667484683
|switch|p2a: Landorus|Landorus-Therian, M|84/100|[from]move: Teleport
|-ability|p2a: Landorus|Intimidate|boost
|-unboost|p1a: Tangrowth|atk|1
|
|-heal|p2a: Landorus|90/100|[from] item: Leftovers
|upkeep
|turn|9
|
|t:|1667484684
|move|p2a: Landorus|Toxic|p1a: Tangrowth
|-status|p1a: Tangrowth|tox
|move|p1a: Tangrowth|Giga Drain|p2a: Landorus
|-damage|p2a: Landorus|67/100
|-heal|p1a: Tangrowth|98/100 tox|[from] drain|[of] p2a: Landorus
|
|-heal|p2a: Landorus|73/100|[from] item: Leftovers
|-damage|p1a: Tangrowth|92/100 tox|[from] psn
|upkeep
|turn|10
|
|t:|1667484688
|move|p2a: Landorus|U-turn|p1a: Tangrowth
|-supereffective|p1a: Tangrowth
|-damage|p1a: Tangrowth|69/100 tox
|-damage|p2a: Landorus|57/100|[from] item: Rocky Helmet|[of] p1a: Tangrowth
|
|t:|1667484690
|switch|p2a: Rillaboom|Rillaboom, M|100/100|[from]move: U-turn
|-fieldstart|move: Grassy Terrain|[from] ability: Grassy Surge|[of] p2a: Rillaboom
|move|p1a: Tangrowth|Giga Drain|p2a: Rillaboom
|-resisted|p2a: Rillaboom
|-damage|p2a: Rillaboom|76/100
|-heal|p1a: Tangrowth|79/100 tox|[from] drain|[of] p2a: Rillaboom
|
|-heal|p2a: Rillaboom|82/100|[from] Grassy Terrain
|-heal|p1a: Tangrowth|85/100 tox|[from] Grassy Terrain
|-damage|p1a: Tangrowth|73/100 tox|[from] psn
|upkeep
|turn|11
|
|t:|1667484694
|switch|p1a: landorustherian|Landorus-Therian, M|100/100
|-damage|p1a: landorustherian|88/100|[from] Stealth Rock
|-ability|p1a: landorustherian|Intimidate|boost
|-unboost|p2a: Rillaboom|atk|1
|move|p2a: Rillaboom|U-turn|p1a: landorustherian
|-resisted|p1a: landorustherian
|-damage|p1a: landorustherian|75/100
|
|t:|1667484696
|switch|p2a: Weavile|Weavile, F|100/100|[from]move: U-turn
|-ability|p2a: Weavile|Pressure
|
|-heal|p1a: landorustherian|81/100|[from] item: Leftovers
|upkeep
|turn|12
|
|t:|1667484700
|move|p2a: Weavile|Swords Dance|p2a: Weavile
|-boost|p2a: Weavile|atk|2
|move|p1a: landorustherian|Defog|p2a: Weavile
|-unboost|p2a: Weavile|evasion|1
|-sideend|p1: minimax_ai|Stealth Rock|[from] move: Defog|[of] p1a: landorustherian
|-fieldend|move: Grassy Terrain
|
|-heal|p1a: landorustherian|87/100|[from] item: Leftovers
|upkeep
|turn|13
|
|t:|1667484706
|switch|p1a: Tangrowth|Tangrowth, M|100/100 tox
|move|p2a: Weavile|Knock Off|p1a: Tangrowth
|-damage|p1a: Tangrowth|46/100 tox
|-damage|p2a: Weavile|84/100|[from] item: Rocky Helmet|[of] p1a: Tangrowth
|-enditem|p1a: Tangrowth|Rocky Helmet|[from] move: Knock Off|[of] p2a: Weavile
|
|-damage|p1a: Tangrowth|39/100 tox|[from] psn
|upkeep
|turn|14
|
|t:|1667484710
|move|p2a: Weavile|Ice Shard|p1a: Tangrowth
|-supereffective|p1a: Tangrowth
|-damage|p1a: Tangrowth|0 fnt
|faint|p1a: Tangrowth
|
|upkeep
|
|t:|1667484710
|switch|p1a: Weavile|Weavile, F|100/100
|-ability|p1a: Weavile|Pressure
|turn|15
|
|t:|1667484715
|move|p1a: Weavile|Low Kick|p2a: Weavile
|-supereffective|p2a: Weavile
|-damage|p2a: Weavile|0 fnt
|faint|p2a: Weavile
|
|upkeep
|
|t:|1667484718
|switch|p2a: Rillaboom|Rillaboom, M|82/100
|-fieldstart|move: Grassy Terrain|[from] ability: Grassy Surge|[of] p2a: Rillaboom
|turn|16
|
|t:|1667484723
|switch|p1a: Heatran|Heatran, M|88/100
|-item|p1a: Heatran|Air Balloon
|move|p2a: Rillaboom|U-turn|p1a: Heatran
|-resisted|p1a: Heatran
|-damage|p1a: Heatran|79/100
|-enditem|p1a: Heatran|Air Balloon
|
|t:|1667484726
|switch|p2a: Slowbro|Slowbro, M|100/100|[from]move: U-turn
|
|-heal|p1a: Heatran|85/100|[from] Grassy Terrain
|upkeep
|turn|17
|
|t:|1667484728
|move|p1a: Heatran|Stealth Rock|p2a: Slowbro
|-sidestart|p2: ty-tyui↻|move: Stealth Rock
|move|p2a: Slowbro|Scald|p1a: Heatran
|-supereffective|p1a: Heatran
|-damage|p1a: Heatran|31/100
|
|-heal|p1a: Heatran|37/100|[from] Grassy Terrain
|upkeep
|turn|18
|
|t:|1667484730
|switch|p1a: rotomwash|Rotom-Wash|100/100
|move|p2a: Slowbro|Scald|p1a: rotomwash
|-resisted|p1a: rotomwash
|-damage|p1a: rotomwash|85/100
|-status|p1a: rotomwash|brn
|
|-heal|p1a: rotomwash|91/100 brn|[from] item: Leftovers
|-damage|p1a: rotomwash|85/100 brn|[from] brn
|upkeep
|turn|19
|
|t:|1667484734
|move|p1a: rotomwash|Thunderbolt|p2a: Slowbro
|-supereffective|p2a: Slowbro
|-damage|p2a: Slowbro|33/100
|move|p2a: Slowbro|Teleport|p2a: Slowbro
|
|t:|1667484738
|switch|p2a: Rillaboom|Rillaboom, M|82/100|[from]move: Teleport
|-damage|p2a: Rillaboom|70/100|[from] Stealth Rock
|
|-heal|p1a: rotomwash|91/100 brn|[from] item: Leftovers
|-heal|p2a: Rillaboom|76/100|[from] Grassy Terrain
|-damage|p1a: rotomwash|85/100 brn|[from] brn
|upkeep
|turn|20
|
|t:|1667484742
|switch|p1a: landorustherian|Landorus-Therian, M|87/100
|-ability|p1a: landorustherian|Intimidate|boost
|-unboost|p2a: Rillaboom|atk|1
|move|p2a: Rillaboom|Superpower|p1a: landorustherian
|-resisted|p1a: landorustherian
|-damage|p1a: landorustherian|64/100
|-unboost|p2a: Rillaboom|atk|1
|-unboost|p2a: Rillaboom|def|1
|
|-heal|p2a: Rillaboom|82/100|[from] Grassy Terrain
|-heal|p1a: landorustherian|70/100|[from] item: Leftovers
|-fieldend|move: Grassy Terrain
|upkeep
|turn|21
|
|t:|1667484747
|switch|p2a: Landorus|Landorus-Therian, M|57/100
|-damage|p2a: Landorus|44/100|[from] Stealth Rock
|-ability|p2a: Landorus|Intimidate|boost
|-unboost|p1a: landorustherian|atk|1
|move|p1a: landorustherian|U-turn|p2a: Landorus
|-resisted|p2a: Landorus
|-damage|p2a: Landorus|38/100
|
|t:|1667484747
|switch|p1a: Weavile|Weavile, F|100/100|[from]move: U-turn
|-ability|p1a: Weavile|Pressure
|
|-heal|p2a: Landorus|44/100|[from] item: Leftovers
|upkeep
|turn|22
|
|t:|1667484752
|switch|p2a: Slowbro|Slowbro, M|66/100
|move|p1a: Weavile|Knock Off|p2a: Slowbro
|-supereffective|p2a: Slowbro
|-damage|p2a: Slowbro|0 fnt
|-enditem|p2a: Slowbro|Heavy-Duty Boots|[from] move: Knock Off|[of] p1a: Weavile
|faint|p2a: Slowbro
|
|upkeep
|
|t:|1667484757
|switch|p2a: Zeraora|Zeraora, shiny|100/100
|-damage|p2a: Zeraora|88/100|[from] Stealth Rock
|turn|23
|
|t:|1667484761
|switch|p2a: Landorus|Landorus-Therian, M|44/100
|-damage|p2a: Landorus|31/100|[from] Stealth Rock
|-ability|p2a: Landorus|Intimidate|boost
|-unboost|p1a: Weavile|atk|1
|switch|p1a: landorustherian|Landorus-Therian, M|70/100
|-ability|p1a: landorustherian|Intimidate|boost
|-unboost|p2a: Landorus|atk|1
|
|-heal|p2a: Landorus|37/100|[from] item: Leftovers
|-heal|p1a: landorustherian|76/100|[from] item: Leftovers
|upkeep
|turn|24
|
|t:|1667484764
|move|p2a: Landorus|Defog|p1a: landorustherian
|-unboost|p1a: landorustherian|evasion|1
|-sideend|p2: ty-tyui↻|Stealth Rock|[from] move: Defog|[of] p2a: Landorus
|move|p1a: landorustherian|U-turn|p2a: Landorus
|-resisted|p2a: Landorus
|-damage|p2a: Landorus|26/100
|
|t:|1667484764
|switch|p1a: Weavile|Weavile, F|100/100|[from]move: U-turn
|-ability|p1a: Weavile|Pressure
|
|-heal|p2a: Landorus|32/100|[from] item: Leftovers
|upkeep
|turn|25
|
|t:|1667484767
|move|p1a: Weavile|Triple Axel|p2a: Landorus|[miss]
|-miss|p1a: Weavile|p2a: Landorus
|move|p2a: Landorus|U-turn|p1a: Weavile
|-supereffective|p1a: Weavile
|-crit|p1a: Weavile
|-damage|p1a: Weavile|0 fnt
|faint|p1a: Weavile
|
|t:|1667484773
|switch|p2a: Rillaboom|Rillaboom, M|82/100|[from]move: U-turn
|-fieldstart|move: Grassy Terrain|[from] ability: Grassy Surge|[of] p2a: Rillaboom
|
|-heal|p2a: Rillaboom|88/100|[from] Grassy Terrain
|upkeep
|
|t:|1667484773
|switch|p1a: Heatran|Heatran, M|37/100
|turn|26
|
|t:|1667484780
|move|p1a: Heatran|Magma Storm|p2a: Rillaboom
|-supereffective|p2a: Rillaboom
|-damage|p2a: Rillaboom|0 fnt
|faint|p2a: Rillaboom
|
|-heal|p1a: Heatran|43/100|[from] Grassy Terrain
|upkeep
|
|t:|1667484786
|switch|p2a: Zeraora|Zeraora, shiny|88/100
|-enditem|p2a: Zeraora|Grassy Seed
|-boost|p2a: Zeraora|def|1|[from] item: Grassy Seed
|turn|27
|
|t:|1667484788
|switch|p1a: landorustherian|Landorus-Therian, M|76/100
|-ability|p1a: landorustherian|Intimidate|boost
|-unboost|p2a: Zeraora|atk|1
|move|p2a: Zeraora|Bulk Up|p2a: Zeraora
|-boost|p2a: Zeraora|atk|1
|-boost|p2a: Zeraora|def|1
|
|-heal|p2a: Zeraora|94/100|[from] Grassy Terrain
|-heal|p1a: landorustherian|82/100|[from] item: Leftovers
|upkeep
|turn|28
|
|t:|1667484790
|move|p2a: Zeraora|Bulk Up|p2a: Zeraora
|-boost|p2a: Zeraora|atk|1
|-boost|p2a: Zeraora|def|1
|move|p1a: landorustherian|Toxic|p2a: Zeraora|[miss]
|-miss|p1a: landorustherian|p2a: Zeraora
|
|-heal|p2a: Zeraora|99/100|[from] Grassy Terrain
|-heal|p1a: landorustherian|88/100|[from] item: Leftovers
|upkeep
|turn|29
|
|t:|1667484796
|move|p2a: Zeraora|Play Rough|p1a: landorustherian|[miss]
|-miss|p2a: Zeraora|p1a: landorustherian
|move|p1a: landorustherian|Toxic|p2a: Zeraora
|-status|p2a: Zeraora|tox
|
|-heal|p2a: Zeraora|100/100 tox|[from] Grassy Terrain
|-heal|p1a: landorustherian|94/100|[from] item: Leftovers
|-damage|p2a: Zeraora|95/100 tox|[from] psn
|-fieldend|move: Grassy Terrain
|upkeep
|turn|30
|
|t:|1667484799
|move|p2a: Zeraora|Play Rough|p1a: landorustherian
|-damage|p1a: landorustherian|53/100
|move|p1a: landorustherian|Earthquake|p2a: Zeraora
|-supereffective|p2a: Zeraora
|-damage|p2a: Zeraora|45/100 tox
|
|-heal|p1a: landorustherian|59/100|[from] item: Leftovers
|-damage|p2a: Zeraora|33/100 tox|[from] psn
|upkeep
|turn|31
|
|t:|1667484805
|move|p2a: Zeraora|Play Rough|p1a: landorustherian
|-damage|p1a: landorustherian|17/100
|move|p1a: landorustherian|Earthquake|p2a: Zeraora
|-supereffective|p2a: Zeraora
|-damage|p2a: Zeraora|0 fnt
|faint|p2a: Zeraora
|
|-heal|p1a: landorustherian|23/100|[from] item: Leftovers
|upkeep
|-message|ty-tyui↻ forfeited.
|
|win|minimax_ai
|raw|minimax_ai's rating: 1576 &rarr; <strong>1601</strong><br />(+25 for winning)
|raw|ty-tyui↻'s rating: 1660 &rarr; <strong>1635</strong><br />(-25 for losing)
|c|☆minimax_ai|gg
|l|☆ty-tyui↻
