|j|☆jawabarat
|j|☆amstan
|inactive|Battle timer is ON: inactive players will automatically lose when time's up.
|t:|1653517798
|gametype|singles
|player|p1|jawabarat|artist-gen4|
|player|p2|amstan|darach|
|teamsize|p1|6
|teamsize|p2|6
|gen|8
|tier|[Gen 8] OU
|rated|Tournament battle
|rule|Sleep Clause Mod: Limit one foe put to sleep
|rule|Species Clause: Limit one of each Pokémon
|rule|OHKO Clause: OHKO moves are banned
|rule|Evasion Moves Clause: Evasion moves are banned
|rule|Endless Battle Clause: Forcing endless battles is banned
|rule|HP Percentage Mod: HP is shown in percentages
|rule|Dynamax Clause: You cannot dynamax
|clearpoke
|poke|p1|Kartana|
|poke|p1|Weavile, F|
|poke|p1|Dragapult, M|
|poke|p1|Volcanion|
|poke|p1|Landorus-Therian, M|
|poke|p1|Melmetal|
|poke|p2|Zapdos|
|poke|p2|Weavile, M|
|poke|p2|Kartana|
|poke|p2|Landorus-Therian, M|
|poke|p2|Volcanion|
|poke|p2|Melmetal|
|teampreview
|c|☆amstan|same team lol
|c|☆jawabarat|think I have your version somewhere in the builder too lmao
|c|☆jawabarat|hf
|inactive|jawabarat has 120 seconds left.
|
|t:|1653517831
|start
|switch|p1a: PUGI|Weavile, F|100/100
|switch|p2a: Zapdos|Zapdos|100/100
|-ability|p1a: PUGI|Pressure
|turn|1
|j| cursedstar
|
|t:|1653517840
|switch|p2a: Melmetal|Melmetal, shiny|100/100
|move|p1a: PUGI|Beat Up|p2a: Melmetal
|-damage|p2a: Melmetal|94/100
|-damage|p2a: Melmetal|84/100
|-damage|p2a: Melmetal|76/100
|-damage|p2a: Melmetal|69/100
|-damage|p2a: Melmetal|61/100
|-damage|p2a: Melmetal|52/100
|-hitcount|p2a: Melmetal|6
|
|upkeep
|turn|2
|
|t:|1653517853
|switch|p1a: EYVEL|Volcanion|100/100
|move|p2a: Melmetal|Double Iron Bash|p1a: EYVEL
|-resisted|p1a: EYVEL
|-damage|p1a: EYVEL|92/100
|-resisted|p1a: EYVEL
|-damage|p1a: EYVEL|82/100
|-hitcount|p1a: EYVEL|2
|
|upkeep
|turn|3
|
|t:|1653517865
|switch|p2a: Volcanion|Volcanion|100/100
|move|p1a: EYVEL|Earth Power|p2a: Volcanion
|-supereffective|p2a: Volcanion
|-damage|p2a: Volcanion|11/100
|
|upkeep
|turn|4
|
|t:|1653517873
|switch|p1a: FOG OF WAR|Dragapult, M|100/100
|switch|p2a: Zapdos|Zapdos|100/100
|
|upkeep
|turn|5
|
|t:|1653517880
|move|p1a: FOG OF WAR|Dragon Darts|p2a: Zapdos
|-damage|p2a: Zapdos|55/100
|-anim|p1a: FOG OF WAR|Dragon Darts|p2a: Zapdos
|-damage|p2a: Zapdos|15/100
|move|p2a: Zapdos|Hurricane|p1a: FOG OF WAR|[miss]
|-miss|p2a: Zapdos|p1a: FOG OF WAR
|
|upkeep
|turn|6
|c|☆jawabarat|mb
|
|t:|1653517887
|switch|p2a: Landorus|Landorus-Therian, M|100/100
|-ability|p2a: Landorus|Intimidate|boost
|-fail|p1a: FOG OF WAR|unboost|[from] ability: Clear Body|[of] p1a: FOG OF WAR
|move|p1a: FOG OF WAR|Dragon Darts|p2a: Landorus
|-damage|p2a: Landorus|62/100
|-anim|p1a: FOG OF WAR|Dragon Darts|p2a: Landorus
|-damage|p2a: Landorus|23/100
|
|-heal|p2a: Landorus|29/100|[from] item: Leftovers
|upkeep
|turn|7
|c|☆amstan|its chill
|c|☆amstan|damn wtf
|
|t:|1653517896
|switch|p2a: Melmetal|Melmetal, shiny|52/100
|move|p1a: FOG OF WAR|Dragon Darts|p2a: Melmetal
|-resisted|p2a: Melmetal
|-damage|p2a: Melmetal|42/100
|-anim|p1a: FOG OF WAR|Dragon Darts|p2a: Melmetal
|-resisted|p2a: Melmetal
|-damage|p2a: Melmetal|33/100
|
|upkeep
|turn|8
|
|t:|1653517908
|switch|p1a: LEADERSHIP STARS|Landorus-Therian, M|100/100
|-ability|p1a: LEADERSHIP STARS|Intimidate|boost
|-unboost|p2a: Melmetal|atk|1
|move|p2a: Melmetal|Double Iron Bash|p1a: LEADERSHIP STARS
|-damage|p1a: LEADERSHIP STARS|74/100
|-damage|p1a: LEADERSHIP STARS|50/100
|-hitcount|p1a: LEADERSHIP STARS|2
|
|-heal|p1a: LEADERSHIP STARS|57/100|[from] item: Leftovers
|upkeep
|turn|9
|
|t:|1653517918
|switch|p2a: Zapdos|Zapdos|15/100
|move|p1a: LEADERSHIP STARS|U-turn|p2a: Zapdos
|-resisted|p2a: Zapdos
|-damage|p2a: Zapdos|1/100
|j| pikablu007
|
|t:|1653517938
|switch|p1a: PUGI|Weavile, F|100/100|[from]move: U-turn
|-ability|p1a: PUGI|Pressure
|
|upkeep
|turn|10
|
|t:|1653517951
|switch|p2a: Landorus|Landorus-Therian, M|29/100
|-ability|p2a: Landorus|Intimidate|boost
|-unboost|p1a: PUGI|atk|1
|move|p1a: PUGI|Beat Up|p2a: Landorus
|-damage|p2a: Landorus|20/100
|-damage|p2a: Landorus|8/100
|-damage|p2a: Landorus|0 fnt
|faint|p2a: Landorus
|-hitcount|p2: Landorus|3
|
|upkeep
|j|+Pinkacross
|l|+Pinkacross
|
|t:|1653517962
|switch|p2a: Kartana|Kartana|100/100
|turn|11
|
|t:|1653517968
|switch|p1a: LEADERSHIP STARS|Landorus-Therian, M|57/100
|-ability|p1a: LEADERSHIP STARS|Intimidate|boost
|-unboost|p2a: Kartana|atk|1
|move|p2a: Kartana|Smart Strike|p1a: LEADERSHIP STARS
|-damage|p1a: LEADERSHIP STARS|24/100
|
|-heal|p1a: LEADERSHIP STARS|30/100|[from] item: Leftovers
|upkeep
|turn|12
|
|t:|1653517975
|switch|p1a: DAGDA|Melmetal|100/100
|move|p2a: Kartana|Smart Strike|p1a: DAGDA
|-resisted|p1a: DAGDA
|-damage|p1a: DAGDA|92/100
|
|upkeep
|turn|13
|
|t:|1653517979
|switch|p2a: Zapdos|Zapdos|1/100
|move|p1a: DAGDA|Double Iron Bash|p2a: Zapdos
|-resisted|p2a: Zapdos
|-damage|p2a: Zapdos|0 fnt
|faint|p2a: Zapdos
|-hitcount|p2: Zapdos|1
|
|upkeep
|
|t:|1653517981
|switch|p2a: Volcanion|Volcanion|11/100
|turn|14
|
|t:|1653517984
|switch|p1a: LEADERSHIP STARS|Landorus-Therian, M|30/100
|-ability|p1a: LEADERSHIP STARS|Intimidate|boost
|-unboost|p2a: Volcanion|atk|1
|move|p2a: Volcanion|Flamethrower|p1a: LEADERSHIP STARS
|-damage|p1a: LEADERSHIP STARS|0 fnt
|faint|p1a: LEADERSHIP STARS
|
|upkeep
|
|t:|1653517998
|switch|p1a: MARTY PARTY|Kartana|100/100
|turn|15
|
|t:|1653518003
|switch|p2a: Melmetal|Melmetal, shiny|33/100
|move|p1a: MARTY PARTY|Sacred Sword|p2a: Melmetal
|-supereffective|p2a: Melmetal
|-damage|p2a: Melmetal|0 fnt
|faint|p2a: Melmetal
|-ability|p1a: MARTY PARTY|Beast Boost|boost
|-boost|p1a: MARTY PARTY|atk|1
|
|upkeep
|
|t:|1653518008
|switch|p2a: Kartana|Kartana|100/100
|turn|16
|
|t:|1653518030
|switch|p1a: FOG OF WAR|Dragapult, M|100/100
|move|p2a: Kartana|Knock Off|p1a: FOG OF WAR
|-supereffective|p1a: FOG OF WAR
|-damage|p1a: FOG OF WAR|0 fnt
|-enditem|p1a: FOG OF WAR|Choice Band|[from] move: Knock Off|[of] p2a: Kartana
|faint|p1a: FOG OF WAR
|-ability|p2a: Kartana|Beast Boost|boost
|-boost|p2a: Kartana|atk|1
|
|upkeep
|
|t:|1653518033
|switch|p1a: EYVEL|Volcanion|82/100
|turn|17
|
|t:|1653518037
|switch|p2a: Volcanion|Volcanion|11/100
|move|p1a: EYVEL|Flamethrower|p2a: Volcanion
|-resisted|p2a: Volcanion
|-damage|p2a: Volcanion|0 fnt
|faint|p2a: Volcanion
|
|upkeep
|
|t:|1653518042
|switch|p2a: Weavile|Weavile, M|100/100
|turn|18
|
|t:|1653518046
|move|p2a: Weavile|Knock Off|p1a: EYVEL
|-damage|p1a: EYVEL|12/100
|-enditem|p1a: EYVEL|Heavy-Duty Boots|[from] move: Knock Off|[of] p2a: Weavile
|move|p1a: EYVEL|Flamethrower|p2a: Weavile
|-supereffective|p2a: Weavile
|-damage|p2a: Weavile|0 fnt
|faint|p2a: Weavile
|
|upkeep
|
|t:|1653518048
|switch|p2a: Kartana|Kartana|100/100
|turn|19
|
|t:|1653518052
|move|p2a: Kartana|Sacred Sword|p1a: EYVEL
|-damage|p1a: EYVEL|0 fnt
|faint|p1a: EYVEL
|-ability|p2a: Kartana|Beast Boost|boost
|-boost|p2a: Kartana|atk|1
|
|upkeep
|
|t:|1653518057
|switch|p1a: DAGDA|Melmetal|92/100
|turn|20
|
|t:|1653518062
|move|p2a: Kartana|Sacred Sword|p1a: DAGDA
|-supereffective|p1a: DAGDA
|-damage|p1a: DAGDA|29/100
|move|p1a: DAGDA|Superpower|p2a: Kartana
|-supereffective|p2a: Kartana
|-damage|p2a: Kartana|0 fnt
|-unboost|p1a: DAGDA|atk|1
|-unboost|p1a: DAGDA|def|1
|faint|p2a: Kartana
|
|win|jawabarat
|n|☆jawabarat|jawabarat
|n|☆amstan|amstan
|n| cursedstar|cursedstar
|n| pikablu007|pikablu007
|c|☆jawabarat|gg
|c|☆amstan|oh
|l| cursedstar
|c|☆amstan|gg
|l|☆jawabarat
|l| pikablu007
|j| TheNewBrends11
