|j|☆Makuryu
|j|☆Poirepi3
|t:|1643987388
|gametype|singles
|player|p1|Makuryu|koga|1622
|player|p2|Poirepi3|2|1751
|teamsize|p1|6
|teamsize|p2|6
|gen|8
|tier|[Gen 8] OU
|rated|
|rule|Sleep Clause Mod: Limit one foe put to sleep
|rule|Species Clause: Limit one of each Pokémon
|rule|OHKO Clause: OHKO moves are banned
|rule|Evasion Moves Clause: Evasion moves are banned
|rule|Endless Battle Clause: Forcing endless battles is banned
|rule|HP Percentage Mod: HP is shown in percentages
|rule|Dynamax Clause: You cannot dynamax
|clearpoke
|poke|p1|Bisharp, F|
|poke|p1|Zapdos-Galar|
|poke|p1|Mew|
|poke|p1|Rillaboom, M|
|poke|p1|Garchomp, M|
|poke|p1|Dragapult, F|
|poke|p2|Urshifu-*, M|
|poke|p2|Celesteela|
|poke|p2|Corviknight, M|
|poke|p2|Tapu Koko|
|poke|p2|Garchomp, M|
|poke|p2|Tornadus-Therian, M|
|teampreview
|inactive|Battle timer is ON: inactive players will automatically lose when time's up. (requested by Makuryu)
|
|t:|1643987395
|start
|switch|p1a: Mew|Mew|100/100
|switch|p2a: Tornadus|Tornadus-Therian, M|100/100
|turn|1
|
|t:|1643987400
|move|p2a: Tornadus|Taunt|p1a: Mew
|-start|p1a: Mew|move: Taunt
|cant|p1a: Mew|move: Taunt|Stealth Rock
|
|upkeep
|turn|2
|
|t:|1643987404
|move|p2a: Tornadus|Knock Off|p1a: Mew
|-supereffective|p1a: Mew
|-damage|p1a: Mew|58/100
|-enditem|p1a: Mew|Focus Sash|[from] move: Knock Off|[of] p2a: Tornadus
|move|p1a: Mew|Ice Beam|p2a: Tornadus
|-supereffective|p2a: Tornadus
|-damage|p2a: Tornadus|42/100
|
|upkeep
|turn|3
|
|t:|1643987414
|switch|p1a: Dragapult|Dragapult, F|100/100
|move|p2a: Tornadus|U-turn|p1a: Dragapult
|-resisted|p1a: Dragapult
|-damage|p1a: Dragapult|89/100
|
|t:|1643987419
|switch|p2a: Tapu Koko|Tapu Koko|100/100|[from]move: U-turn
|-fieldstart|move: Electric Terrain|[from] ability: Electric Surge|[of] p2a: Tapu Koko
|
|upkeep
|turn|4
|
|t:|1643987426
|move|p1a: Dragapult|Shadow Ball|p2a: Tapu Koko
|-damage|p2a: Tapu Koko|34/100
|-damage|p1a: Dragapult|79/100|[from] item: Life Orb
|move|p2a: Tapu Koko|Dazzling Gleam|p1a: Dragapult
|-supereffective|p1a: Dragapult
|-damage|p1a: Dragapult|0 fnt
|faint|p1a: Dragapult
|
|upkeep
|
|t:|1643987434
|switch|p1a: Rillaboom|Rillaboom, M|100/100
|-fieldstart|move: Grassy Terrain|[from] ability: Grassy Surge|[of] p1a: Rillaboom
|turn|5
|j| Ryuken testing
|
|t:|1643987449
|switch|p2a: Celesteela|Celesteela|100/100
|move|p1a: Rillaboom|Grassy Glide|p2a: Celesteela
|-resisted|p2a: Celesteela
|-damage|p2a: Celesteela|89/100
|-damage|p1a: Rillaboom|91/100|[from] item: Life Orb
|
|-heal|p1a: Rillaboom|97/100|[from] Grassy Terrain
|-heal|p2a: Celesteela|95/100|[from] item: Leftovers
|upkeep
|turn|6
|j| widdlediddle
|
|t:|1643987459
|switch|p1a: Mew|Mew|58/100
|move|p2a: Celesteela|Heavy Slam|p1a: Mew
|-damage|p1a: Mew|16/100
|
|-heal|p1a: Mew|22/100|[from] Grassy Terrain
|-heal|p2a: Celesteela|100/100|[from] item: Leftovers
|upkeep
|turn|7
|
|t:|1643987468
|move|p1a: Mew|Stealth Rock|p2a: Celesteela
|-sidestart|p2: Poirepi3|move: Stealth Rock
|move|p2a: Celesteela|Heavy Slam|p1a: Mew
|-damage|p1a: Mew|0 fnt
|faint|p1a: Mew
|-ability|p2a: Celesteela|Beast Boost|boost
|-boost|p2a: Celesteela|spd|1
|
|upkeep
|
|t:|1643987478
|switch|p1a: Zapdos|Zapdos-Galar|100/100
|turn|8
|
|t:|1643987486
|switch|p2a: Corviknight|Corviknight, M|100/100
|-damage|p2a: Corviknight|88/100|[from] Stealth Rock
|-ability|p2a: Corviknight|Pressure
|move|p1a: Zapdos|Thunderous Kick|p2a: Corviknight
|-damage|p2a: Corviknight|44/100
|-unboost|p2a: Corviknight|def|1
|-damage|p1a: Zapdos|84/100|[from] item: Rocky Helmet|[of] p2a: Corviknight
|
|upkeep
|turn|9
|
|t:|1643987496
|move|p1a: Zapdos|Thunderous Kick|p2a: Corviknight
|-crit|p2a: Corviknight
|-damage|p2a: Corviknight|0 fnt
|-damage|p1a: Zapdos|67/100|[from] item: Rocky Helmet|[of] p2a: Corviknight
|faint|p2a: Corviknight
|
|-fieldend|move: Grassy Terrain
|upkeep
|
|t:|1643987514
|switch|p2a: Tornadus|Tornadus-Therian, M|75/100
|turn|10
|
|t:|1643987518
|move|p2a: Tornadus|Hurricane|p1a: Zapdos|[miss]
|-miss|p2a: Tornadus|p1a: Zapdos
|move|p1a: Zapdos|Thunderous Kick|p2a: Tornadus
|-resisted|p2a: Tornadus
|-damage|p2a: Tornadus|33/100
|-unboost|p2a: Tornadus|def|1
|
|upkeep
|turn|11
|
|t:|1643987525
|move|p2a: Tornadus|Hurricane|p1a: Zapdos
|-supereffective|p1a: Zapdos
|-damage|p1a: Zapdos|0 fnt
|faint|p1a: Zapdos
|
|upkeep
|
|t:|1643987545
|switch|p1a: Rillaboom|Rillaboom, M|97/100
|-fieldstart|move: Grassy Terrain|[from] ability: Grassy Surge|[of] p1a: Rillaboom
|turn|12
|
|t:|1643987554
|move|p1a: Rillaboom|Grassy Glide|p2a: Tornadus
|-resisted|p2a: Tornadus
|-damage|p2a: Tornadus|0 fnt
|faint|p2a: Tornadus
|-damage|p1a: Rillaboom|87/100|[from] item: Life Orb
|
|-heal|p1a: Rillaboom|93/100|[from] Grassy Terrain
|upkeep
|
|t:|1643987559
|switch|p2a: Celesteela|Celesteela|100/100
|-damage|p2a: Celesteela|88/100|[from] Stealth Rock
|turn|13
|
|t:|1643987564
|move|p1a: Rillaboom|Swords Dance|p1a: Rillaboom
|-boost|p1a: Rillaboom|atk|2
|move|p2a: Celesteela|Heavy Slam|p1a: Rillaboom
|-damage|p1a: Rillaboom|51/100
|
|-heal|p1a: Rillaboom|57/100|[from] Grassy Terrain
|-heal|p2a: Celesteela|94/100|[from] item: Leftovers
|upkeep
|turn|14
|
|t:|1643987572
|move|p1a: Rillaboom|Superpower|p2a: Celesteela
|-damage|p2a: Celesteela|6/100
|-unboost|p1a: Rillaboom|atk|1
|-unboost|p1a: Rillaboom|def|1
|-damage|p1a: Rillaboom|47/100|[from] item: Life Orb
|move|p2a: Celesteela|Flamethrower|p1a: Rillaboom
|-supereffective|p1a: Rillaboom
|-damage|p1a: Rillaboom|0 fnt
|faint|p1a: Rillaboom
|-ability|p2a: Celesteela|Beast Boost|boost
|-boost|p2a: Celesteela|spd|1
|
|-heal|p2a: Celesteela|12/100|[from] item: Leftovers
|upkeep
|
|t:|1643987583
|switch|p1a: Garchomp|Garchomp, M|100/100
|turn|15
|
|t:|1643987587
|move|p1a: Garchomp|Scale Shot|p2a: Celesteela
|-resisted|p2a: Celesteela
|-damage|p2a: Celesteela|6/100
|-resisted|p2a: Celesteela
|-damage|p2a: Celesteela|0 fnt
|faint|p2a: Celesteela
|-hitcount|p2: Celesteela|2
|-unboost|p1a: Garchomp|def|1
|-boost|p1a: Garchomp|spe|1
|
|upkeep
|
|t:|1643987596
|switch|p2a: Urshifu|Urshifu-Rapid-Strike, M|100/100
|-damage|p2a: Urshifu|94/100|[from] Stealth Rock
|turn|16
|
|t:|1643987601
|move|p1a: Garchomp|Scale Shot|p2a: Urshifu
|-damage|p2a: Urshifu|81/100
|-damage|p2a: Urshifu|69/100
|-hitcount|p2a: Urshifu|2
|-unboost|p1a: Garchomp|def|1
|-boost|p1a: Garchomp|spe|1
|move|p2a: Urshifu|Close Combat|p1a: Garchomp
|-damage|p1a: Garchomp|0 fnt
|-unboost|p2a: Urshifu|def|1
|-unboost|p2a: Urshifu|spd|1
|-damage|p2a: Urshifu|57/100|[from] ability: Rough Skin|[of] p1a: Garchomp
|faint|p1a: Garchomp
|
|-heal|p2a: Urshifu|63/100|[from] Grassy Terrain
|-fieldend|move: Grassy Terrain
|upkeep
|c|☆Poirepi3|gg
|l| widdlediddle
|
|t:|1643987615
|switch|p1a: Bisharp|Bisharp, F|100/100
|turn|17
|
|t:|1643987618
|move|p1a: Bisharp|Sucker Punch|p2a: Urshifu
|-resisted|p2a: Urshifu
|-crit|p2a: Urshifu
|-damage|p2a: Urshifu|8/100
|move|p2a: Urshifu|Close Combat|p1a: Bisharp
|-supereffective|p1a: Bisharp
|-damage|p1a: Bisharp|0 fnt
|-unboost|p2a: Urshifu|def|1
|-unboost|p2a: Urshifu|spd|1
|faint|p1a: Bisharp
|
|win|Poirepi3
|raw|Makuryu's rating: 1622 &rarr; <strong>1609</strong><br />(-13 for losing)
|raw|Poirepi3's rating: 1751 &rarr; <strong>1764</strong><br />(+13 for winning)
