|j|☆Geenobe
|j|☆GGeorgie
|t:|1636448688
|gametype|singles
|player|p1|Geenobe|guzma|1585
|player|p2|GGeorgie|hiker-gen2|1741
|teamsize|p1|6
|teamsize|p2|6
|gen|8
|tier|[Gen 8] OU
|rated|
|rule|Sleep Clause Mod: Limit one foe put to sleep
|rule|Species Clause: Limit one of each Pokémon
|rule|OHKO Clause: OHKO moves are banned
|rule|Evasion Moves Clause: Evasion moves are banned
|rule|Endless Battle Clause: Forcing endless battles is banned
|rule|HP Percentage Mod: HP is shown in percentages
|rule|Dynamax Clause: You cannot dynamax
|clearpoke
|poke|p1|Mew|
|poke|p1|Tapu Koko|
|poke|p1|Kyurem|
|poke|p1|Moltres-Galar|
|poke|p1|Dragapult, M|
|poke|p1|Hawlucha, F|
|poke|p2|Jellicent, F|
|poke|p2|Hippowdon, F|
|poke|p2|Clefable, F|
|poke|p2|Corviknight, F|
|poke|p2|Melmetal|
|poke|p2|Dragapult, F|
|teampreview
|inactive|Battle timer is ON: inactive players will automatically lose when time's up. (requested by GGeorgie)
|
|t:|1636448698
|start
|switch|p1a: Tapu Koko|Tapu Koko|100/100
|switch|p2a: Abyssinia|Hippowdon, F|100/100
|-fieldstart|move: Electric Terrain|[from] ability: Electric Surge|[of] p1a: Tapu Koko
|-weather|Sandstorm|[from] ability: Sand Stream|[of] p2a: Abyssinia
|turn|1
|
|t:|1636448708
|move|p1a: Tapu Koko|Taunt|p2a: Abyssinia
|-start|p2a: Abyssinia|move: Taunt
|-enditem|p2a: Abyssinia|Mental Herb
|-end|p2a: Abyssinia|move: Taunt
|move|p2a: Abyssinia|Earthquake|p1a: Tapu Koko
|-supereffective|p1a: Tapu Koko
|-damage|p1a: Tapu Koko|18/100
|
|-weather|Sandstorm|[upkeep]
|-damage|p1a: Tapu Koko|12/100|[from] Sandstorm
|upkeep
|turn|2
|
|t:|1636448715
|move|p1a: Tapu Koko|Reflect|p1a: Tapu Koko
|-sidestart|p1: Geenobe|Reflect
|move|p2a: Abyssinia|Stealth Rock|p1a: Tapu Koko
|-sidestart|p1: Geenobe|move: Stealth Rock
|
|-weather|Sandstorm|[upkeep]
|-damage|p1a: Tapu Koko|6/100|[from] Sandstorm
|upkeep
|turn|3
|
|t:|1636448720
|move|p1a: Tapu Koko|Light Screen|p1a: Tapu Koko
|-sidestart|p1: Geenobe|move: Light Screen
|move|p2a: Abyssinia|Earthquake|p1a: Tapu Koko
|-supereffective|p1a: Tapu Koko
|-damage|p1a: Tapu Koko|0 fnt
|faint|p1a: Tapu Koko
|
|-weather|Sandstorm|[upkeep]
|upkeep
|
|t:|1636448723
|switch|p1a: Hawlucha|Hawlucha, F|100/100
|-damage|p1a: Hawlucha|88/100|[from] Stealth Rock
|-enditem|p1a: Hawlucha|Electric Seed
|-boost|p1a: Hawlucha|def|1|[from] item: Electric Seed
|turn|4
|
|t:|1636448726
|move|p1a: Hawlucha|Taunt|p2a: Abyssinia
|-start|p2a: Abyssinia|move: Taunt
|cant|p2a: Abyssinia|move: Taunt|Toxic
|
|-weather|Sandstorm|[upkeep]
|-damage|p1a: Hawlucha|82/100|[from] Sandstorm
|upkeep
|turn|5
|j| 2023aa
|
|t:|1636448733
|switch|p2a: Clefable|Clefable, F|100/100
|move|p1a: Hawlucha|Swords Dance|p1a: Hawlucha
|-boost|p1a: Hawlucha|atk|2
|
|-weather|none
|-fieldend|move: Electric Terrain
|upkeep
|turn|6
|
|t:|1636448738
|move|p1a: Hawlucha|Acrobatics|p2a: Clefable
|-damage|p2a: Clefable|57/100
|move|p2a: Clefable|Moonblast|p1a: Hawlucha
|-supereffective|p1a: Hawlucha
|-damage|p1a: Hawlucha|38/100
|
|upkeep
|turn|7
|
|t:|1636448745
|move|p1a: Hawlucha|Acrobatics|p2a: Clefable
|-damage|p2a: Clefable|14/100
|move|p2a: Clefable|Soft-Boiled|p2a: Clefable
|-heal|p2a: Clefable|64/100
|
|upkeep
|turn|8
|l| 2023aa
|
|t:|1636448750
|move|p1a: Hawlucha|Swords Dance|p1a: Hawlucha
|-boost|p1a: Hawlucha|atk|2
|move|p2a: Clefable|Soft-Boiled|p2a: Clefable
|-heal|p2a: Clefable|100/100
|
|upkeep
|turn|9
|
|t:|1636448753
|move|p1a: Hawlucha|Acrobatics|p2a: Clefable
|-damage|p2a: Clefable|55/100
|move|p2a: Clefable|Moonblast|p1a: Hawlucha
|-supereffective|p1a: Hawlucha
|-damage|p1a: Hawlucha|0 fnt
|faint|p1a: Hawlucha
|
|-sideend|p1: Geenobe|Reflect
|upkeep
|
|t:|1636448767
|switch|p1a: Mew|Mew|100/100
|-damage|p1a: Mew|88/100|[from] Stealth Rock
|turn|10
|
|t:|1636448777
|switch|p2a: Bane|Melmetal|100/100
|move|p1a: Mew|Cosmic Power|p1a: Mew
|-boost|p1a: Mew|def|1
|-boost|p1a: Mew|spd|1
|
|-heal|p1a: Mew|94/100|[from] item: Leftovers
|-sideend|p1: Geenobe|move: Light Screen
|upkeep
|turn|11
|
|t:|1636448783
|move|p1a: Mew|Cosmic Power|p1a: Mew
|-boost|p1a: Mew|def|1
|-boost|p1a: Mew|spd|1
|move|p2a: Bane|Thunder Wave|p1a: Mew
|-status|p1a: Mew|par
|-activate|p1a: Mew|ability: Synchronize
|-status|p2a: Bane|par
|
|-heal|p1a: Mew|100/100 par|[from] item: Leftovers
|upkeep
|turn|12
|
|t:|1636448790
|switch|p2a: Dragapult|Dragapult, F|100/100
|cant|p1a: Mew|par
|
|upkeep
|turn|13
|
|t:|1636448798
|switch|p1a: Moltres|Moltres-Galar|100/100
|-damage|p1a: Moltres|76/100|[from] Stealth Rock
|move|p2a: Dragapult|Hex|p1a: Moltres
|-resisted|p1a: Moltres
|-damage|p1a: Moltres|57/100
|
|upkeep
|turn|14
|
|t:|1636448807
|switch|p2a: Abyssinia|Hippowdon, F|100/100
|-weather|Sandstorm|[from] ability: Sand Stream|[of] p2a: Abyssinia
|move|p1a: Moltres|Fiery Wrath|p2a: Abyssinia
|-damage|p2a: Abyssinia|67/100
|
|-weather|Sandstorm|[upkeep]
|-damage|p1a: Moltres|51/100|[from] Sandstorm
|upkeep
|turn|15
|
|t:|1636448811
|move|p1a: Moltres|Nasty Plot|p1a: Moltres
|-boost|p1a: Moltres|spa|2
|move|p2a: Abyssinia|Toxic|p1a: Moltres
|-status|p1a: Moltres|tox
|
|-weather|Sandstorm|[upkeep]
|-damage|p1a: Moltres|45/100 tox|[from] Sandstorm
|-damage|p1a: Moltres|39/100 tox|[from] psn
|upkeep
|turn|16
|
|t:|1636448818
|switch|p2a: Corviknight|Corviknight, F|100/100
|-ability|p2a: Corviknight|Pressure
|move|p1a: Moltres|Fiery Wrath|p2a: Corviknight
|-damage|p2a: Corviknight|6/100
|
|-weather|Sandstorm|[upkeep]
|-damage|p1a: Moltres|33/100 tox|[from] Sandstorm
|-damage|p1a: Moltres|20/100 tox|[from] psn
|upkeep
|turn|17
|
|t:|1636448824
|move|p1a: Moltres|Rest|p1a: Moltres
|-status|p1a: Moltres|slp|[from] move: Rest
|-heal|p1a: Moltres|100/100 slp|[silent]
|-enditem|p1a: Moltres|Chesto Berry|[eat]
|-curestatus|p1a: Moltres|slp|[msg]
|move|p2a: Corviknight|Roost|p2a: Corviknight
|-heal|p2a: Corviknight|56/100
|-singleturn|p2a: Corviknight|move: Roost
|
|-weather|Sandstorm|[upkeep]
|-damage|p1a: Moltres|94/100|[from] Sandstorm
|upkeep
|turn|18
|
|t:|1636448827
|move|p1a: Moltres|Fiery Wrath|p2a: Corviknight
|-damage|p2a: Corviknight|0 fnt
|faint|p2a: Corviknight
|
|-weather|none
|upkeep
|
|t:|1636448836
|switch|p2a: Clefable|Clefable, F|55/100
|turn|19
|
|t:|1636448843
|switch|p1a: Kyurem|Kyurem|100/100
|-damage|p1a: Kyurem|76/100|[from] Stealth Rock
|-ability|p1a: Kyurem|Pressure
|move|p2a: Clefable|Moonblast|p1a: Kyurem
|-supereffective|p1a: Kyurem
|-damage|p1a: Kyurem|31/100
|
|-heal|p1a: Kyurem|37/100|[from] item: Leftovers
|upkeep
|turn|20
|
|t:|1636448846
|move|p1a: Kyurem|Roost|p1a: Kyurem
|-heal|p1a: Kyurem|87/100
|-singleturn|p1a: Kyurem|move: Roost
|move|p2a: Clefable|Soft-Boiled|p2a: Clefable
|-heal|p2a: Clefable|100/100
|
|-heal|p1a: Kyurem|93/100|[from] item: Leftovers
|upkeep
|turn|21
|
|t:|1636448850
|move|p1a: Kyurem|Substitute|p1a: Kyurem
|-start|p1a: Kyurem|Substitute
|-damage|p1a: Kyurem|68/100
|move|p2a: Clefable|Calm Mind|p2a: Clefable
|-boost|p2a: Clefable|spa|1
|-boost|p2a: Clefable|spd|1
|
|-heal|p1a: Kyurem|74/100|[from] item: Leftovers
|upkeep
|turn|22
|
|t:|1636448860
|switch|p1a: Mew|Mew|100/100 par
|-damage|p1a: Mew|88/100 par|[from] Stealth Rock
|move|p2a: Clefable|Moonblast|p1a: Mew
|-damage|p1a: Mew|46/100 par
|
|-heal|p1a: Mew|53/100 par|[from] item: Leftovers
|upkeep
|turn|23
|
|t:|1636448865
|move|p1a: Mew|Cosmic Power|p1a: Mew
|-boost|p1a: Mew|def|1
|-boost|p1a: Mew|spd|1
|move|p2a: Clefable|Calm Mind|p2a: Clefable
|-boost|p2a: Clefable|spa|1
|-boost|p2a: Clefable|spd|1
|
|-heal|p1a: Mew|59/100 par|[from] item: Leftovers
|upkeep
|turn|24
|
|t:|1636448870
|move|p1a: Mew|Taunt|p2a: Clefable
|-start|p2a: Clefable|move: Taunt
|move|p2a: Clefable|Moonblast|p1a: Mew
|-damage|p1a: Mew|7/100 par
|
|-heal|p1a: Mew|14/100 par|[from] item: Leftovers
|upkeep
|turn|25
|
|t:|1636448872
|move|p1a: Mew|Soft-Boiled|p1a: Mew
|-heal|p1a: Mew|64/100 par
|move|p2a: Clefable|Moonblast|p1a: Mew
|-damage|p1a: Mew|14/100 par
|
|-heal|p1a: Mew|21/100 par|[from] item: Leftovers
|upkeep
|turn|26
|
|t:|1636448878
|move|p1a: Mew|Soft-Boiled|p1a: Mew
|-heal|p1a: Mew|71/100 par
|move|p2a: Clefable|Moonblast|p1a: Mew
|-damage|p1a: Mew|17/100 par
|
|-heal|p1a: Mew|23/100 par|[from] item: Leftovers
|-end|p2a: Clefable|move: Taunt
|upkeep
|turn|27
|
|t:|1636448884
|move|p1a: Mew|Soft-Boiled|p1a: Mew
|-heal|p1a: Mew|73/100 par
|move|p2a: Clefable|Moonblast|p1a: Mew
|-damage|p1a: Mew|21/100 par
|
|-heal|p1a: Mew|27/100 par|[from] item: Leftovers
|upkeep
|turn|28
|
|t:|1636448889
|move|p1a: Mew|Stored Power|p2a: Clefable
|-damage|p2a: Clefable|92/100
|move|p2a: Clefable|Moonblast|p1a: Mew
|-damage|p1a: Mew|0 fnt
|faint|p1a: Mew
|
|upkeep
|
|t:|1636448895
|switch|p1a: Dragapult|Dragapult, M|100/100
|-damage|p1a: Dragapult|88/100|[from] Stealth Rock
|turn|29
|
|t:|1636448896
|move|p1a: Dragapult|Shadow Ball|p2a: Clefable
|-damage|p2a: Clefable|74/100
|-damage|p1a: Dragapult|78/100|[from] item: Life Orb
|move|p2a: Clefable|Moonblast|p1a: Dragapult
|-supereffective|p1a: Dragapult
|-damage|p1a: Dragapult|0 fnt
|faint|p1a: Dragapult
|
|upkeep
|c|☆Geenobe|Gg
|
|t:|1636448900
|switch|p1a: Moltres|Moltres-Galar|94/100
|-damage|p1a: Moltres|70/100|[from] Stealth Rock
|turn|30
|c|☆GGeorgie|gg'
|
|t:|1636448905
|move|p1a: Moltres|Fiery Wrath|p2a: Clefable
|-resisted|p2a: Clefable
|-damage|p2a: Clefable|66/100
|move|p2a: Clefable|Moonblast|p1a: Moltres
|-supereffective|p1a: Moltres
|-damage|p1a: Moltres|0 fnt
|faint|p1a: Moltres
|
|upkeep
|
|t:|1636448906
|switch|p1a: Kyurem|Kyurem|74/100
|-damage|p1a: Kyurem|49/100|[from] Stealth Rock
|-ability|p1a: Kyurem|Pressure
|turn|31
|
|t:|1636448908
|move|p1a: Kyurem|Icicle Spear|p2a: Clefable
|-damage|p2a: Clefable|57/100
|-damage|p2a: Clefable|48/100
|-damage|p2a: Clefable|38/100
|-damage|p2a: Clefable|28/100
|-hitcount|p2a: Clefable|4
|move|p2a: Clefable|Moonblast|p1a: Kyurem
|-supereffective|p1a: Kyurem
|-damage|p1a: Kyurem|0 fnt
|faint|p1a: Kyurem
|
|win|GGeorgie
|raw|Geenobe's rating: 1585 &rarr; <strong>1573</strong><br />(-12 for losing)
|raw|GGeorgie's rating: 1741 &rarr; <strong>1753</strong><br />(+12 for winning)
|l|☆Geenobe
