|j|☆cute pink team
|j|☆Lt91bb stock972
|t:|1659545672
|gametype|singles
|player|p1|cute pink team|youngster|1869
|player|p2|Lt91bb stock972|preschooler-gen6|1860
|teamsize|p1|6
|teamsize|p2|6
|gen|8
|tier|[Gen 8] OU
|rated|
|rule|Sleep Clause Mod: Limit one foe put to sleep
|rule|Species Clause: Limit one of each Pokémon
|rule|OHKO Clause: OHKO moves are banned
|rule|Evasion Moves Clause: Evasion moves are banned
|rule|Endless Battle Clause: Forcing endless battles is banned
|rule|HP Percentage Mod: HP is shown in percentages
|rule|Dynamax Clause: You cannot dynamax
|clearpoke
|poke|p1|Tyranitar, F|
|poke|p1|Blacephalon|
|poke|p1|Corviknight, F|
|poke|p1|Volcanion|
|poke|p1|Zapdos|
|poke|p1|Quagsire, F|
|poke|p2|Buzzwole|
|poke|p2|Tapu Fini|
|poke|p2|Heatran, F|
|poke|p2|Garchomp, F|
|poke|p2|Ferrothorn, M|
|poke|p2|Zapdos|
|teampreview
|j| pikablu007
|c|☆Lt91bb stock972|hf
|j| Lemon to Aid
|l| Lemon to Aid
|l| pikablu007
|
|t:|1659545702
|start
|switch|p1a: Tyranitar|Tyranitar, F|100/100
|switch|p2a: Garchomp|Garchomp, F|100/100
|-weather|Sandstorm|[from] ability: Sand Stream|[of] p1a: Tyranitar
|turn|1
|
|t:|1659545709
|move|p2a: Garchomp|Protect|p2a: Garchomp
|-singleturn|p2a: Garchomp|Protect
|move|p1a: Tyranitar|Ice Punch|p2a: Garchomp
|-activate|p2a: Garchomp|move: Protect
|
|-weather|Sandstorm|[upkeep]
|upkeep
|turn|2
|
|t:|1659545713
|switch|p2a: Buzzwole|Buzzwole|100/100
|switch|p1a: Zapdos|Zapdos|100/100
|
|-weather|Sandstorm|[upkeep]
|-damage|p1a: Zapdos|94/100|[from] Sandstorm
|-damage|p2a: Buzzwole|94/100|[from] Sandstorm
|upkeep
|turn|3
|
|t:|1659545717
|move|p1a: Zapdos|Hurricane|p2a: Buzzwole
|-supereffective|p2a: Buzzwole
|-damage|p2a: Buzzwole|0 fnt
|faint|p2a: Buzzwole
|
|-weather|Sandstorm|[upkeep]
|-damage|p1a: Zapdos|88/100|[from] Sandstorm
|upkeep
|
|t:|1659545721
|switch|p2a: Garchomp|Garchomp, F|100/100
|turn|4
|
|t:|1659545727
|switch|p1a: Corviknight|Corviknight, F|100/100
|-ability|p1a: Corviknight|Pressure
|move|p2a: Garchomp|Protect||[still]
|-fail|p2a: Garchomp
|
|-weather|Sandstorm|[upkeep]
|upkeep
|turn|5
|
|t:|1659545730
|move|p2a: Garchomp|Stealth Rock|p1a: Corviknight
|-sidestart|p1: cute pink team|move: Stealth Rock
|move|p1a: Corviknight|Defog|p2a: Garchomp
|-unboost|p2a: Garchomp|evasion|1
|-sideend|p1: cute pink team|Stealth Rock|[from] move: Defog|[of] p1a: Corviknight
|
|-weather|none
|upkeep
|turn|6
|
|t:|1659545732
|switch|p2a: Zapdos|Zapdos|100/100
|move|p1a: Corviknight|Brave Bird|p2a: Zapdos
|-resisted|p2a: Zapdos
|-damage|p2a: Zapdos|80/100
|-damage|p1a: Corviknight|95/100|[from] Recoil
|
|-heal|p1a: Corviknight|100/100|[from] item: Leftovers
|upkeep
|turn|7
|
|t:|1659545735
|move|p2a: Zapdos|Volt Switch|p1a: Corviknight
|-supereffective|p1a: Corviknight
|-damage|p1a: Corviknight|52/100
|
|t:|1659545739
|switch|p2a: Ferrothorn|Ferrothorn, M|100/100|[from]move: Volt Switch
|move|p1a: Corviknight|U-turn|p2a: Ferrothorn
|-damage|p2a: Ferrothorn|91/100
|-damage|p1a: Corviknight|40/100|[from] ability: Iron Barbs|[of] p2a: Ferrothorn
|
|t:|1659545748
|switch|p1a: Volcanion|Volcanion|100/100|[from]move: U-turn
|
|-heal|p2a: Ferrothorn|97/100|[from] item: Leftovers
|upkeep
|turn|8
|
|t:|1659545752
|move|p1a: Volcanion|Steam Eruption|p2a: Ferrothorn
|-resisted|p2a: Ferrothorn
|-crit|p2a: Ferrothorn
|-damage|p2a: Ferrothorn|42/100
|move|p2a: Ferrothorn|Knock Off|p1a: Volcanion
|-crit|p1a: Volcanion
|-damage|p1a: Volcanion|72/100
|-enditem|p1a: Volcanion|Choice Specs|[from] move: Knock Off|[of] p2a: Ferrothorn
|
|-heal|p2a: Ferrothorn|48/100|[from] item: Leftovers
|upkeep
|turn|9
|j| Ryhfryy
|
|t:|1659545757
|switch|p2a: Garchomp|Garchomp, F|100/100
|move|p1a: Volcanion|Steam Eruption|p2a: Garchomp
|-damage|p2a: Garchomp|42/100
|
|-heal|p2a: Garchomp|48/100|[from] item: Leftovers
|upkeep
|turn|10
|l| Ryhfryy
|
|t:|1659545762
|switch|p2a: Zapdos|Zapdos|80/100
|switch|p1a: Zapdos|Zapdos|88/100
|
|upkeep
|turn|11
|
|t:|1659545765
|move|p1a: Zapdos|Volt Switch|p2a: Zapdos
|-crit|p2a: Zapdos
|-damage|p2a: Zapdos|0 fnt
|faint|p2a: Zapdos
|c|☆Lt91bb stock972|????????????
|
|t:|1659545769
|switch|p1a: Blacephalon|Blacephalon|100/100|[from]move: Volt Switch
|
|upkeep
|
|t:|1659545773
|switch|p2a: Garchomp|Garchomp, F|48/100
|turn|12
|
|t:|1659545779
|move|p2a: Garchomp|Protect|p2a: Garchomp
|-singleturn|p2a: Garchomp|Protect
|move|p1a: Blacephalon|Shadow Ball|p2a: Garchomp
|-activate|p2a: Garchomp|move: Protect
|
|-heal|p2a: Garchomp|54/100|[from] item: Leftovers
|upkeep
|turn|13
|
|t:|1659545782
|move|p2a: Garchomp|Earthquake|p1a: Blacephalon
|-supereffective|p1a: Blacephalon
|-damage|p1a: Blacephalon|0 fnt
|faint|p1a: Blacephalon
|
|-heal|p2a: Garchomp|60/100|[from] item: Leftovers
|upkeep
|
|t:|1659545785
|switch|p1a: Zapdos|Zapdos|88/100
|turn|14
|
|t:|1659545787
|move|p2a: Garchomp|Protect|p2a: Garchomp
|-singleturn|p2a: Garchomp|Protect
|move|p1a: Zapdos|Hurricane|p2a: Garchomp
|-activate|p2a: Garchomp|move: Protect
|
|-heal|p2a: Garchomp|66/100|[from] item: Leftovers
|upkeep
|turn|15
|
|t:|1659545790
|switch|p2a: Heatran|Heatran, F|100/100
|-item|p2a: Heatran|Air Balloon
|switch|p1a: Volcanion|Volcanion|72/100
|
|upkeep
|turn|16
|
|t:|1659545793
|move|p2a: Heatran|Earth Power|p1a: Volcanion
|-supereffective|p1a: Volcanion
|-damage|p1a: Volcanion|0 fnt
|faint|p1a: Volcanion
|
|upkeep
|
|t:|1659545797
|switch|p1a: Tyranitar|Tyranitar, F|100/100
|-weather|Sandstorm|[from] ability: Sand Stream|[of] p1a: Tyranitar
|turn|17
|
|t:|1659545800
|move|p2a: Heatran|Flash Cannon|p1a: Tyranitar
|-supereffective|p1a: Tyranitar
|-damage|p1a: Tyranitar|49/100
|move|p1a: Tyranitar|Superpower|p2a: Heatran
|-supereffective|p2a: Heatran
|-damage|p2a: Heatran|0 fnt
|-unboost|p1a: Tyranitar|atk|1
|-unboost|p1a: Tyranitar|def|1
|-enditem|p2a: Heatran|Air Balloon
|faint|p2a: Heatran
|
|-weather|Sandstorm|[upkeep]
|upkeep
|
|t:|1659545803
|switch|p2a: Garchomp|Garchomp, F|66/100
|turn|18
|
|t:|1659545805
|switch|p1a: Corviknight|Corviknight, F|40/100
|-ability|p1a: Corviknight|Pressure
|move|p2a: Garchomp|Stealth Rock|p1a: Corviknight
|-sidestart|p1: cute pink team|move: Stealth Rock
|
|-weather|Sandstorm|[upkeep]
|-heal|p2a: Garchomp|73/100|[from] item: Leftovers
|-heal|p1a: Corviknight|46/100|[from] item: Leftovers
|upkeep
|turn|19
|
|t:|1659545808
|switch|p2a: Tapu Fini|Tapu Fini|100/100
|-fieldstart|move: Misty Terrain|[from] ability: Misty Surge|[of] p2a: Tapu Fini
|move|p1a: Corviknight|Roost|p1a: Corviknight
|-heal|p1a: Corviknight|96/100
|-singleturn|p1a: Corviknight|move: Roost
|
|-weather|Sandstorm|[upkeep]
|-damage|p2a: Tapu Fini|94/100|[from] Sandstorm
|-heal|p1a: Corviknight|100/100|[from] item: Leftovers
|upkeep
|turn|20
|
|t:|1659545819
|switch|p1a: Quagsire|Quagsire, F|100/100
|-damage|p1a: Quagsire|94/100|[from] Stealth Rock
|move|p2a: Tapu Fini|Trick|p1a: Quagsire
|-activate|p2a: Tapu Fini|move: Trick|[of] p1a: Quagsire
|-item|p1a: Quagsire|Choice Scarf|[from] move: Trick
|-item|p2a: Tapu Fini|Leftovers|[from] move: Trick
|
|-weather|Sandstorm|[upkeep]
|-damage|p2a: Tapu Fini|88/100|[from] Sandstorm
|-heal|p2a: Tapu Fini|94/100|[from] item: Leftovers
|upkeep
|turn|21
|
|t:|1659545823
|switch|p2a: Ferrothorn|Ferrothorn, M|48/100
|switch|p1a: Corviknight|Corviknight, F|100/100
|-damage|p1a: Corviknight|88/100|[from] Stealth Rock
|-ability|p1a: Corviknight|Pressure
|
|-weather|none
|-heal|p1a: Corviknight|94/100|[from] item: Leftovers
|-heal|p2a: Ferrothorn|54/100|[from] item: Leftovers
|upkeep
|turn|22
|
|t:|1659545826
|move|p1a: Corviknight|Defog|p2a: Ferrothorn
|-unboost|p2a: Ferrothorn|evasion|1
|-sideend|p1: cute pink team|Stealth Rock|[from] move: Defog|[of] p1a: Corviknight
|-fieldend|Misty Terrain
|move|p2a: Ferrothorn|Leech Seed|p1a: Corviknight
|-start|p1a: Corviknight|move: Leech Seed
|
|-heal|p1a: Corviknight|100/100|[from] item: Leftovers
|-heal|p2a: Ferrothorn|60/100|[from] item: Leftovers
|-damage|p1a: Corviknight|88/100|[from] Leech Seed|[of] p2a: Ferrothorn
|-heal|p2a: Ferrothorn|75/100|[silent]
|upkeep
|turn|23
|
|t:|1659545828
|switch|p1a: Zapdos|Zapdos|88/100
|move|p2a: Ferrothorn|Leech Seed|p1a: Zapdos
|-start|p1a: Zapdos|move: Leech Seed
|
|-heal|p2a: Ferrothorn|81/100|[from] item: Leftovers
|-damage|p1a: Zapdos|76/100|[from] Leech Seed|[of] p2a: Ferrothorn
|-heal|p2a: Ferrothorn|92/100|[silent]
|upkeep
|turn|24
|
|t:|1659545833
|switch|p2a: Garchomp|Garchomp, F|73/100
|move|p1a: Zapdos|Hurricane|p2a: Garchomp|[miss]
|-miss|p1a: Zapdos|p2a: Garchomp
|
|-heal|p2a: Garchomp|79/100|[from] item: Leftovers
|-damage|p1a: Zapdos|63/100|[from] Leech Seed|[of] p2a: Garchomp
|-heal|p2a: Garchomp|88/100|[silent]
|upkeep
|turn|25
|
|t:|1659545837
|move|p2a: Garchomp|Stealth Rock|p1a: Zapdos
|-sidestart|p1: cute pink team|move: Stealth Rock
|move|p1a: Zapdos|Hurricane|p2a: Garchomp|[miss]
|-miss|p1a: Zapdos|p2a: Garchomp
|
|-heal|p2a: Garchomp|95/100|[from] item: Leftovers
|-damage|p1a: Zapdos|51/100|[from] Leech Seed|[of] p2a: Garchomp
|-heal|p2a: Garchomp|100/100|[silent]
|upkeep
|turn|26
|
|t:|1659545841
|switch|p1a: Corviknight|Corviknight, F|88/100
|-damage|p1a: Corviknight|75/100|[from] Stealth Rock
|-ability|p1a: Corviknight|Pressure
|move|p2a: Garchomp|Protect||[still]
|-fail|p2a: Garchomp
|
|-heal|p1a: Corviknight|82/100|[from] item: Leftovers
|upkeep
|turn|27
|
|t:|1659545846
|switch|p2a: Ferrothorn|Ferrothorn, M|92/100
|move|p1a: Corviknight|Roost|p1a: Corviknight
|-heal|p1a: Corviknight|100/100
|-singleturn|p1a: Corviknight|move: Roost
|
|-heal|p2a: Ferrothorn|99/100|[from] item: Leftovers
|upkeep
|turn|28
|
|t:|1659545850
|move|p1a: Corviknight|Defog|p2a: Ferrothorn
|-unboost|p2a: Ferrothorn|evasion|1
|-sideend|p1: cute pink team|Stealth Rock|[from] move: Defog|[of] p1a: Corviknight
|move|p2a: Ferrothorn|Knock Off|p1a: Corviknight
|-damage|p1a: Corviknight|83/100
|-enditem|p1a: Corviknight|Leftovers|[from] move: Knock Off|[of] p2a: Ferrothorn
|
|-heal|p2a: Ferrothorn|100/100|[from] item: Leftovers
|upkeep
|turn|29
|
|t:|1659545854
|move|p1a: Corviknight|Roost|p1a: Corviknight
|-heal|p1a: Corviknight|100/100
|-singleturn|p1a: Corviknight|move: Roost
|move|p2a: Ferrothorn|Leech Seed|p1a: Corviknight
|-start|p1a: Corviknight|move: Leech Seed
|
|-damage|p1a: Corviknight|88/100|[from] Leech Seed|[of] p2a: Ferrothorn
|upkeep
|turn|30
|
|t:|1659545856
|switch|p1a: Quagsire|Quagsire, F|94/100
|move|p2a: Ferrothorn|Leech Seed|p1a: Quagsire
|-start|p1a: Quagsire|move: Leech Seed
|
|-damage|p1a: Quagsire|82/100|[from] Leech Seed|[of] p2a: Ferrothorn
|upkeep
|turn|31
|
|t:|1659545859
|switch|p1a: Corviknight|Corviknight, F|88/100
|-ability|p1a: Corviknight|Pressure
|move|p2a: Ferrothorn|Spikes|p1a: Corviknight
|-sidestart|p1: cute pink team|Spikes
|
|upkeep
|turn|32
|
|t:|1659545862
|switch|p1a: Quagsire|Quagsire, F|82/100
|-damage|p1a: Quagsire|70/100|[from] Spikes
|switch|p2a: Tapu Fini|Tapu Fini|94/100
|-fieldstart|move: Misty Terrain|[from] ability: Misty Surge|[of] p2a: Tapu Fini
|
|-heal|p2a: Tapu Fini|100/100|[from] item: Leftovers
|upkeep
|turn|33
|
|t:|1659545867
|switch|p1a: Corviknight|Corviknight, F|88/100
|-ability|p1a: Corviknight|Pressure
|move|p2a: Tapu Fini|Moonblast|p1a: Corviknight
|-resisted|p1a: Corviknight
|-damage|p1a: Corviknight|77/100
|-unboost|p1a: Corviknight|spa|1
|
|upkeep
|turn|34
|
|t:|1659545873
|move|p2a: Tapu Fini|Surf|p1a: Corviknight
|-damage|p1a: Corviknight|56/100
|move|p1a: Corviknight|Defog|p2a: Tapu Fini
|-unboost|p2a: Tapu Fini|evasion|1
|-sideend|p1: cute pink team|Spikes|[from] move: Defog|[of] p1a: Corviknight
|-fieldend|Misty Terrain
|
|upkeep
|turn|35
|
|t:|1659545876
|switch|p2a: Garchomp|Garchomp, F|100/100
|move|p1a: Corviknight|Roost|p1a: Corviknight
|-heal|p1a: Corviknight|100/100
|-singleturn|p1a: Corviknight|move: Roost
|
|upkeep
|turn|36
|
|t:|1659545880
|move|p2a: Garchomp|Stealth Rock|p1a: Corviknight
|-sidestart|p1: cute pink team|move: Stealth Rock
|move|p1a: Corviknight|Defog|p2a: Garchomp
|-unboost|p2a: Garchomp|evasion|1
|-sideend|p1: cute pink team|Stealth Rock|[from] move: Defog|[of] p1a: Corviknight
|
|upkeep
|turn|37
|
|t:|1659545883
|switch|p1a: Quagsire|Quagsire, F|70/100
|move|p2a: Garchomp|Earthquake|p1a: Quagsire
|-damage|p1a: Quagsire|38/100
|
|upkeep
|turn|38
|
|t:|1659545887
|move|p2a: Garchomp|Stealth Rock|p1a: Quagsire
|-sidestart|p1: cute pink team|move: Stealth Rock
|move|p1a: Quagsire|Toxic|p2a: Garchomp
|-status|p2a: Garchomp|tox
|
|-damage|p2a: Garchomp|94/100 tox|[from] psn
|upkeep
|turn|39
|
|t:|1659545890
|switch|p2a: Ferrothorn|Ferrothorn, M|100/100
|switch|p1a: Corviknight|Corviknight, F|100/100
|-damage|p1a: Corviknight|88/100|[from] Stealth Rock
|-ability|p1a: Corviknight|Pressure
|
|upkeep
|turn|40
|
|t:|1659545893
|move|p1a: Corviknight|Defog|p2a: Ferrothorn
|-unboost|p2a: Ferrothorn|evasion|1
|-sideend|p1: cute pink team|Stealth Rock|[from] move: Defog|[of] p1a: Corviknight
|move|p2a: Ferrothorn|Spikes|p1a: Corviknight
|-sidestart|p1: cute pink team|Spikes
|
|upkeep
|turn|41
|
|t:|1659545898
|switch|p1a: Quagsire|Quagsire, F|38/100
|-damage|p1a: Quagsire|26/100|[from] Spikes
|move|p2a: Ferrothorn|Knock Off|p1a: Quagsire
|-damage|p1a: Quagsire|11/100
|-enditem|p1a: Quagsire|Choice Scarf|[from] move: Knock Off|[of] p2a: Ferrothorn
|
|upkeep
|turn|42
|
|t:|1659545900
|move|p1a: Quagsire|Recover|p1a: Quagsire
|-heal|p1a: Quagsire|61/100
|move|p2a: Ferrothorn|Knock Off|p1a: Quagsire
|-damage|p1a: Quagsire|51/100
|
|upkeep
|turn|43
|
|t:|1659545903
|move|p1a: Quagsire|Recover|p1a: Quagsire
|-heal|p1a: Quagsire|100/100
|move|p2a: Ferrothorn|Leech Seed|p1a: Quagsire
|-start|p1a: Quagsire|move: Leech Seed
|
|-damage|p1a: Quagsire|88/100|[from] Leech Seed|[of] p2a: Ferrothorn
|upkeep
|turn|44
|
|t:|1659545906
|switch|p1a: Corviknight|Corviknight, F|88/100
|-ability|p1a: Corviknight|Pressure
|move|p2a: Ferrothorn|Spikes|p1a: Corviknight
|-sidestart|p1: cute pink team|Spikes
|
|upkeep
|turn|45
|
|t:|1659545908
|switch|p2a: Tapu Fini|Tapu Fini|100/100
|-fieldstart|move: Misty Terrain|[from] ability: Misty Surge|[of] p2a: Tapu Fini
|move|p1a: Corviknight|Defog|p2a: Tapu Fini
|-unboost|p2a: Tapu Fini|evasion|1
|-sideend|p1: cute pink team|Spikes|[from] move: Defog|[of] p1a: Corviknight
|-fieldend|Misty Terrain
|
|upkeep
|turn|46
|
|t:|1659545911
|move|p2a: Tapu Fini|Surf|p1a: Corviknight
|-damage|p1a: Corviknight|65/100
|move|p1a: Corviknight|Brave Bird|p2a: Tapu Fini
|-damage|p2a: Tapu Fini|65/100
|-damage|p1a: Corviknight|56/100|[from] Recoil
|
|-heal|p2a: Tapu Fini|71/100|[from] item: Leftovers
|upkeep
|turn|47
|
|t:|1659545914
|move|p2a: Tapu Fini|Surf|p1a: Corviknight
|-damage|p1a: Corviknight|36/100
|move|p1a: Corviknight|Roost|p1a: Corviknight
|-heal|p1a: Corviknight|86/100
|-singleturn|p1a: Corviknight|move: Roost
|
|-heal|p2a: Tapu Fini|77/100|[from] item: Leftovers
|upkeep
|turn|48
|
|t:|1659545919
|move|p2a: Tapu Fini|Moonblast|p1a: Corviknight
|-resisted|p1a: Corviknight
|-damage|p1a: Corviknight|75/100
|move|p1a: Corviknight|Brave Bird|p2a: Tapu Fini
|-damage|p2a: Tapu Fini|45/100
|-damage|p1a: Corviknight|66/100|[from] Recoil
|
|-heal|p2a: Tapu Fini|51/100|[from] item: Leftovers
|upkeep
|turn|49
|
|t:|1659545921
|switch|p2a: Ferrothorn|Ferrothorn, M|100/100
|move|p1a: Corviknight|U-turn|p2a: Ferrothorn
|-damage|p2a: Ferrothorn|91/100
|-damage|p1a: Corviknight|53/100|[from] ability: Iron Barbs|[of] p2a: Ferrothorn
|
|t:|1659545923
|switch|p1a: Zapdos|Zapdos|51/100|[from]move: U-turn
|
|-heal|p2a: Ferrothorn|97/100|[from] item: Leftovers
|upkeep
|turn|50
|
|t:|1659545928
|move|p1a: Zapdos|Heat Wave|p2a: Ferrothorn
|-supereffective|p2a: Ferrothorn
|-damage|p2a: Ferrothorn|0 fnt
|faint|p2a: Ferrothorn
|
|upkeep
|c|☆Lt91bb stock972|gg
|-message|Lt91bb stock972 forfeited.
|
|win|cute pink team
|raw|cute pink team's rating: 1869 &rarr; <strong>1888</strong><br />(+19 for winning)
|raw|Lt91bb stock972's rating: 1860 &rarr; <strong>1841</strong><br />(-19 for losing)
|l|☆Lt91bb stock972
|c|☆cute pink team|gg
||Ladder isn't responding, score probably updated but might not have (Request timeout).
