|raw|<div class="broadcast-blue"><strong>This battle is required to be public due to a player having a name starting with 'lt83aq'.</div>
|j|☆LT83AQuartos
|j|☆Plasmeek
|t:|1626695416
|gametype|singles
|player|p1|LT83AQuartos|drayden|1755
|player|p2|Plasmeek|youngster-gen4dp|1856
|teamsize|p1|6
|teamsize|p2|6
|gen|8
|tier|[Gen 8] OU
|rated|
|rule|Sleep Clause Mod: Limit one foe put to sleep
|rule|Species Clause: Limit one of each Pokémon
|rule|OHKO Clause: OHKO moves are banned
|rule|Evasion Moves Clause: Evasion moves are banned
|rule|Endless Battle Clause: Forcing endless battles is banned
|rule|HP Percentage Mod: HP is shown in percentages
|rule|Dynamax Clause: You cannot dynamax
|clearpoke
|poke|p1|Weavile, M|
|poke|p1|Tapu Koko|
|poke|p1|Slowking, F|
|poke|p1|Landorus-Therian, M|
|poke|p1|Corviknight, M|
|poke|p1|Heatran, F|
|poke|p2|Bisharp, F|
|poke|p2|Garchomp, F|
|poke|p2|Aegislash, F|
|poke|p2|Dragapult, F|
|poke|p2|Urshifu-*, F|
|poke|p2|Rillaboom, F|
|teampreview
|
|t:|1626695444
|start
|switch|p1a: Weavile|Weavile, M|100/100
|switch|p2a: Urshifu|Urshifu-Rapid-Strike, F|100/100
|-ability|p1a: Weavile|Pressure
|turn|1
|
|t:|1626695467
|switch|p1a: Slowking|Slowking, F|100/100
|move|p2a: Urshifu|Surging Strikes|p1a: Slowking
|-resisted|p1a: Slowking
|-crit|p1a: Slowking
|-damage|p1a: Slowking|90/100
|-resisted|p1a: Slowking
|-crit|p1a: Slowking
|-damage|p1a: Slowking|80/100
|-resisted|p1a: Slowking
|-crit|p1a: Slowking
|-damage|p1a: Slowking|70/100
|-hitcount|p1a: Slowking|3
|
|upkeep
|turn|2
|
|t:|1626695471
|move|p2a: Urshifu|U-turn|p1a: Slowking
|-supereffective|p1a: Slowking
|-damage|p1a: Slowking|17/100
|
|t:|1626695476
|switch|p2a: Dragapult|Dragapult, F|100/100|[from]move: U-turn
|move|p1a: Slowking|Teleport|p1a: Slowking
|
|t:|1626695485
|switch|p1a: Landorus|Landorus-Therian, M|100/100|[from]move: Teleport
|-ability|p1a: Landorus|Intimidate|boost
|-unboost|p2a: Dragapult|atk|1
|
|upkeep
|turn|3
|
|t:|1626695490
|move|p2a: Dragapult|U-turn|p1a: Landorus
|-resisted|p1a: Landorus
|-damage|p1a: Landorus|95/100
|
|t:|1626695494
|switch|p2a: Rillaboom|Rillaboom, F, shiny|100/100|[from]move: U-turn
|-fieldstart|move: Grassy Terrain|[from] ability: Grassy Surge|[of] p2a: Rillaboom
|move|p1a: Landorus|Knock Off|p2a: Rillaboom
|-damage|p2a: Rillaboom|79/100
|
|-heal|p2a: Rillaboom|85/100|[from] Grassy Terrain
|-heal|p1a: Landorus|100/100|[from] item: Leftovers
|upkeep
|turn|4
|
|t:|1626695502
|move|p2a: Rillaboom|Knock Off|p1a: Landorus
|-damage|p1a: Landorus|66/100
|-enditem|p1a: Landorus|Leftovers|[from] move: Knock Off|[of] p2a: Rillaboom
|move|p1a: Landorus|U-turn|p2a: Rillaboom
|-supereffective|p2a: Rillaboom
|-damage|p2a: Rillaboom|36/100
|
|t:|1626695507
|switch|p1a: Tapu Koko|Tapu Koko|100/100|[from]move: U-turn
|-fieldstart|move: Electric Terrain|[from] ability: Electric Surge|[of] p1a: Tapu Koko
|
|upkeep
|turn|5
|
|t:|1626695513
|switch|p2a: Aegislash|Aegislash, F|100/100
|move|p1a: Tapu Koko|Dazzling Gleam|p2a: Aegislash
|-resisted|p2a: Aegislash
|-damage|p2a: Aegislash|84/100
|
|upkeep
|turn|6
|
|t:|1626695517
|move|p1a: Tapu Koko|U-turn|p2a: Aegislash
|-resisted|p2a: Aegislash
|-damage|p2a: Aegislash|79/100
|j| DeadByFlinch
|
|t:|1626695519
|switch|p1a: Heatran|Heatran, F|100/100|[from]move: U-turn
|-formechange|p2a: Aegislash|Aegislash-Blade||[from] ability: Stance Change
|move|p2a: Aegislash|Shadow Ball|p1a: Heatran
|-damage|p1a: Heatran|47/100
|-unboost|p1a: Heatran|spd|1
|
|-heal|p1a: Heatran|54/100|[from] item: Leftovers
|upkeep
|turn|7
|j| Overkill god
|j| G1-R2
|
|t:|1626695525
|move|p1a: Heatran|Magma Storm|p2a: Aegislash
|-supereffective|p2a: Aegislash
|-damage|p2a: Aegislash|0 fnt
|faint|p2a: Aegislash
|
|-heal|p1a: Heatran|60/100|[from] item: Leftovers
|upkeep
|l| G1-R2
|
|t:|1626695531
|switch|p2a: Urshifu|Urshifu-Rapid-Strike, F|100/100
|turn|8
|
|t:|1626695535
|switch|p1a: Corviknight|Corviknight, M|100/100
|-ability|p1a: Corviknight|Pressure
|move|p2a: Urshifu|Surging Strikes|p1a: Corviknight
|-crit|p1a: Corviknight
|-damage|p1a: Corviknight|88/100
|-crit|p1a: Corviknight
|-damage|p1a: Corviknight|75/100
|-crit|p1a: Corviknight
|-damage|p1a: Corviknight|63/100
|-hitcount|p1a: Corviknight|3
|
|-fieldend|move: Electric Terrain
|upkeep
|turn|9
|
|t:|1626695539
|move|p2a: Urshifu|U-turn|p1a: Corviknight
|-resisted|p1a: Corviknight
|-damage|p1a: Corviknight|59/100
|
|t:|1626695542
|switch|p2a: Garchomp|Garchomp, F|100/100|[from]move: U-turn
|move|p1a: Corviknight|Roost|p1a: Corviknight
|-heal|p1a: Corviknight|100/100
|-singleturn|p1a: Corviknight|move: Roost
|
|upkeep
|turn|10
|j| AmoonSUS
|
|t:|1626695547
|move|p2a: Garchomp|Stealth Rock|p1a: Corviknight
|-sidestart|p1: LT83AQuartos|move: Stealth Rock
|move|p1a: Corviknight|U-turn|p2a: Garchomp
|-damage|p2a: Garchomp|92/100
|-damage|p1a: Corviknight|88/100|[from] ability: Rough Skin|[of] p2a: Garchomp
|-damage|p1a: Corviknight|72/100|[from] item: Rocky Helmet|[of] p2a: Garchomp
|
|t:|1626695557
|switch|p1a: Landorus|Landorus-Therian, M|66/100|[from]move: U-turn
|-damage|p1a: Landorus|54/100|[from] Stealth Rock
|-ability|p1a: Landorus|Intimidate|boost
|-unboost|p2a: Garchomp|atk|1
|
|upkeep
|turn|11
|
|t:|1626695562
|switch|p2a: Urshifu|Urshifu-Rapid-Strike, F|100/100
|move|p1a: Landorus|Knock Off|p2a: Urshifu
|-resisted|p2a: Urshifu
|-damage|p2a: Urshifu|86/100
|-enditem|p2a: Urshifu|Protective Pads|[from] move: Knock Off|[of] p1a: Landorus
|
|upkeep
|turn|12
|
|t:|1626695573
|switch|p1a: Slowking|Slowking, F|50/100
|move|p2a: Urshifu|Surging Strikes|p1a: Slowking
|-resisted|p1a: Slowking
|-crit|p1a: Slowking
|-damage|p1a: Slowking|40/100
|-resisted|p1a: Slowking
|-crit|p1a: Slowking
|-damage|p1a: Slowking|30/100
|-resisted|p1a: Slowking
|-crit|p1a: Slowking
|-damage|p1a: Slowking|19/100
|-hitcount|p1a: Slowking|3
|
|upkeep
|turn|13
|
|t:|1626695579
|move|p2a: Urshifu|Surging Strikes|p1a: Slowking
|-resisted|p1a: Slowking
|-crit|p1a: Slowking
|-damage|p1a: Slowking|9/100
|-resisted|p1a: Slowking
|-crit|p1a: Slowking
|-damage|p1a: Slowking|0 fnt
|faint|p1a: Slowking
|-hitcount|p1: Slowking|2
|
|upkeep
|
|t:|1626695581
|switch|p1a: Corviknight|Corviknight, M|72/100
|-damage|p1a: Corviknight|59/100|[from] Stealth Rock
|-ability|p1a: Corviknight|Pressure
|turn|14
|
|t:|1626695583
|move|p2a: Urshifu|U-turn|p1a: Corviknight
|-resisted|p1a: Corviknight
|-damage|p1a: Corviknight|56/100
|-damage|p2a: Urshifu|69/100|[from] item: Rocky Helmet|[of] p1a: Corviknight
|
|t:|1626695589
|switch|p2a: Dragapult|Dragapult, F|100/100|[from]move: U-turn
|move|p1a: Corviknight|Roost|p1a: Corviknight
|-heal|p1a: Corviknight|100/100
|-singleturn|p1a: Corviknight|move: Roost
|
|upkeep
|turn|15
|
|t:|1626695598
|move|p2a: Dragapult|Shadow Ball|p1a: Corviknight
|-damage|p1a: Corviknight|47/100
|move|p1a: Corviknight|Defog|p2a: Dragapult
|-unboost|p2a: Dragapult|evasion|1
|-sideend|p1: LT83AQuartos|Stealth Rock|[from] move: Defog|[of] p1a: Corviknight
|
|upkeep
|turn|16
|
|t:|1626695602
|switch|p1a: Weavile|Weavile, M|100/100
|-ability|p1a: Weavile|Pressure
|move|p2a: Dragapult|Shadow Ball|p1a: Weavile
|-resisted|p1a: Weavile
|-damage|p1a: Weavile|62/100
|
|upkeep
|turn|17
|
|t:|1626695610
|switch|p2a: Urshifu|Urshifu-Rapid-Strike, F|69/100
|move|p1a: Weavile|Triple Axel|p2a: Urshifu
|-resisted|p2a: Urshifu
|-damage|p2a: Urshifu|64/100
|-resisted|p2a: Urshifu
|-damage|p2a: Urshifu|52/100
|-resisted|p2a: Urshifu
|-damage|p2a: Urshifu|37/100
|-hitcount|p2a: Urshifu|3
|
|upkeep
|turn|18
|
|t:|1626695624
|switch|p1a: Corviknight|Corviknight, M|47/100
|-ability|p1a: Corviknight|Pressure
|move|p2a: Urshifu|Close Combat|p1a: Corviknight
|-damage|p1a: Corviknight|11/100
|-unboost|p2a: Urshifu|def|1
|-unboost|p2a: Urshifu|spd|1
|-damage|p2a: Urshifu|21/100|[from] item: Rocky Helmet|[of] p1a: Corviknight
|
|upkeep
|turn|19
|
|t:|1626695629
|move|p2a: Urshifu|Surging Strikes|p1a: Corviknight
|-crit|p1a: Corviknight
|-damage|p1a: Corviknight|0 fnt
|-damage|p2a: Urshifu|4/100|[from] item: Rocky Helmet|[of] p1a: Corviknight
|faint|p1a: Corviknight
|-hitcount|p1: Corviknight|1
|
|upkeep
|j| 0zorcNecropHADES
|j| left guy wins
|
|t:|1626695653
|switch|p1a: Weavile|Weavile, M|62/100
|-ability|p1a: Weavile|Pressure
|turn|20
|j| dianzi
|
|t:|1626695658
|switch|p2a: Bisharp|Bisharp, F|100/100
|move|p1a: Weavile|Ice Shard|p2a: Bisharp
|-resisted|p2a: Bisharp
|-damage|p2a: Bisharp|87/100
|
|upkeep
|turn|21
|
|t:|1626695668
|move|p1a: Weavile|Knock Off|p2a: Bisharp
|-resisted|p2a: Bisharp
|-damage|p2a: Bisharp|54/100
|-enditem|p2a: Bisharp|Life Orb|[from] move: Knock Off|[of] p1a: Weavile
|move|p2a: Bisharp|Iron Head|p1a: Weavile
|-supereffective|p1a: Weavile
|-damage|p1a: Weavile|0 fnt
|faint|p1a: Weavile
|
|upkeep
|
|t:|1626695683
|switch|p1a: Tapu Koko|Tapu Koko|100/100
|-fieldstart|move: Electric Terrain|[from] ability: Electric Surge|[of] p1a: Tapu Koko
|turn|22
|j| LT83AQ V95
|
|t:|1626695689
|move|p2a: Bisharp|Sucker Punch|p1a: Tapu Koko
|-resisted|p1a: Tapu Koko
|-damage|p1a: Tapu Koko|75/100
|move|p1a: Tapu Koko|Thunderbolt|p2a: Bisharp
|-damage|p2a: Bisharp|0 fnt
|faint|p2a: Bisharp
|
|upkeep
|
|t:|1626695693
|switch|p2a: Dragapult|Dragapult, F|100/100
|turn|23
|
|t:|1626695702
|switch|p1a: Heatran|Heatran, F|60/100
|move|p2a: Dragapult|Shadow Ball|p1a: Heatran
|-damage|p1a: Heatran|27/100
|
|-heal|p1a: Heatran|33/100|[from] item: Leftovers
|upkeep
|turn|24
|j| 2otns
|
|t:|1626695708
|move|p2a: Dragapult|Shadow Ball|p1a: Heatran
|-damage|p1a: Heatran|0 fnt
|faint|p1a: Heatran
|
|upkeep
|
|t:|1626695710
|switch|p1a: Landorus|Landorus-Therian, M|54/100
|-ability|p1a: Landorus|Intimidate|boost
|-unboost|p2a: Dragapult|atk|1
|turn|25
|
|t:|1626695716
|switch|p2a: Urshifu|Urshifu-Rapid-Strike, F|4/100
|move|p1a: Landorus|Earthquake|p2a: Urshifu
|-damage|p2a: Urshifu|0 fnt
|faint|p2a: Urshifu
|
|upkeep
|
|t:|1626695720
|switch|p2a: Rillaboom|Rillaboom, F, shiny|36/100
|-fieldstart|move: Grassy Terrain|[from] ability: Grassy Surge|[of] p2a: Rillaboom
|turn|26
|
|t:|1626695723
|move|p2a: Rillaboom|Grassy Glide|p1a: Landorus
|-damage|p1a: Landorus|5/100
|move|p1a: Landorus|U-turn|p2a: Rillaboom
|-supereffective|p2a: Rillaboom
|-damage|p2a: Rillaboom|0 fnt
|faint|p2a: Rillaboom
|
|t:|1626695725
|switch|p1a: Tapu Koko|Tapu Koko|75/100|[from]move: U-turn
|-fieldstart|move: Electric Terrain|[from] ability: Electric Surge|[of] p1a: Tapu Koko
|
|upkeep
|
|t:|1626695729
|switch|p2a: Dragapult|Dragapult, F|100/100
|turn|27
|
|t:|1626695733
|move|p2a: Dragapult|Shadow Ball|p1a: Tapu Koko
|-damage|p1a: Tapu Koko|0 fnt
|faint|p1a: Tapu Koko
|
|upkeep
|-message|LT83AQuartos forfeited.
|
|win|Plasmeek
|raw|LT83AQuartos's rating: 1755 &rarr; <strong>1741</strong><br />(-14 for losing)
|raw|Plasmeek's rating: 1856 &rarr; <strong>1870</strong><br />(+14 for winning)
|l|☆LT83AQuartos
|l|☆Plasmeek
|l| dianzi
|l| DeadByFlinch
|l| Overkill god
