|raw|<div class="broadcast-blue"><strong>This battle is required to be public due to a player having a name prefixed by 'LT71LX'.</div>
|j|‽galarian shofu
|j|☆LT71LX John W
|t:|1597206841
|player|p1|galarian shofu|hiker-gen2|2160
|player|p2|LT71LX John W|101|2102
|teamsize|p1|6
|teamsize|p2|6
|gametype|singles
|gen|8
|tier|[Gen 8] OU
|rated|
|clearpoke
|poke|p1|Rhyperior, F|
|poke|p1|Rotom-Heat|
|poke|p1|Clefable, F|
|poke|p1|Dragapult, M|
|poke|p1|Corviknight, F|
|poke|p1|Tangrowth, F|
|poke|p2|Jirachi|
|poke|p2|Clefable, M|
|poke|p2|Ditto|
|poke|p2|Toxapex, M|
|poke|p2|Corviknight, F|
|poke|p2|Blissey, F|
|rule|Sleep Clause Mod: Limit one foe put to sleep
|rule|Species Clause: Limit one of each Pokémon
|rule|OHKO Clause: OHKO moves are banned
|rule|Evasion Moves Clause: Evasion moves are banned
|rule|Endless Battle Clause: Forcing endless battles is banned
|rule|HP Percentage Mod: HP is shown in percentages
|rule|Dynamax Clause: You cannot dynamax
|teampreview
|j| gilded sparrow
|j| Kory2600""
|j| LT71LX wd
|j| LT71LX Finch
|j| LT71LX Tace
|j| met gala
|j| Lunarr
|j| Jytcampbell
|j| LT71LX Beastly
|j| lt71lx juuls
|j| LT71LX 64
|j| SamHPL
|j| storm zone
|j|+Oblivion Gate
|j|+Chaitanya
|j| LT71LX Jacked
|j| curiosity
|j| Shadow Master Red
|j| IPF
|c| SamHPL|good lorf
|j| meatybawls
|j| gmf dehsams i
|l|+Chaitanya
|l| Shadow Master Red
|j| airports
|j| GOATDON
|j| samurott champloo
|
|t:|1597206871
|start
|switch|p1a: Corviknight|Corviknight, F|100/100
|switch|p2a: Ditto|Ditto, shiny|100/100
|-transform|p2a: Ditto|p1a: Corviknight|[from] ability: Imposter
|-ability|p2a: Ditto|Pressure
|-ability|p1a: Corviknight|Pressure
|turn|1
|inactive|Battle timer is ON: inactive players will automatically lose when time's up. (requested by galarian shofu)
|j| ez
|j| File tes baskets
|j| Dra15
|j|+Chaitanya
|j| nazi germany sucks
|
|t:|1597206883
|switch|p2a: Toxapex|Toxapex, M|100/100
|move|p1a: Corviknight|U-turn|p2a: Toxapex
|-resisted|p2a: Toxapex
|-damage|p2a: Toxapex|96/100
|-damage|p1a: Corviknight|84/100|[from] item: Rocky Helmet|[of] p2a: Toxapex
|j| LT71LX Merm
|j| Mubarak232
|
|t:|1597206892
|switch|p1a: Tangrowth|Tangrowth, F|100/100|[from]move: U-turn
|
|upkeep
|turn|2
|j| kenshiro27
|j| AzureRazor
|j| Theo Mani Fan Club
|
|t:|1597206900
|switch|p2a: Ditto|Ditto, shiny|100/100
|-transform|p2a: Ditto|p1a: Tangrowth|[from] ability: Imposter
|move|p1a: Tangrowth|Sludge Bomb|p2a: Ditto
|-supereffective|p2a: Ditto
|-damage|p2a: Ditto|12/100
|
|upkeep
|turn|3
|j| Ytfuttiyfuguhi
|j| Milk On Fire
|
|t:|1597206914
|switch|p2a: Toxapex|Toxapex, M|100/100
|move|p1a: Tangrowth|Knock Off|p2a: Toxapex
|-damage|p2a: Toxapex|88/100
|-damage|p1a: Tangrowth|84/100|[from] item: Rocky Helmet|[of] p2a: Toxapex
|-enditem|p2a: Toxapex|Rocky Helmet|[from] move: Knock Off|[of] p1a: Tangrowth
|
|upkeep
|turn|4
|c| Theo Mani Fan Club|galarian shofu, quiet king of the ladder
|l| nazi germany sucks
|
|t:|1597206920
|move|p1a: Tangrowth|Sludge Bomb|p2a: Toxapex
|-resisted|p2a: Toxapex
|-damage|p2a: Toxapex|79/100
|move|p2a: Toxapex|Knock Off|p1a: Tangrowth
|-damage|p1a: Tangrowth|76/100
|-damage|p2a: Toxapex|63/100|[from] item: Rocky Helmet|[of] p1a: Tangrowth
|-enditem|p1a: Tangrowth|Rocky Helmet|[from] move: Knock Off|[of] p2a: Toxapex
|
|upkeep
|turn|5
|j| JD_Powerstrike
|j| Ad&50
|
|t:|1597206925
|move|p1a: Tangrowth|Sleep Powder|p2a: Toxapex
|-status|p2a: Toxapex|slp|[from] move: Sleep Powder
|cant|p2a: Toxapex|slp
|
|upkeep
|turn|6
|
|t:|1597206931
|switch|p1a: Rotom|Rotom-Heat|100/100
|cant|p2a: Toxapex|slp
|
|upkeep
|turn|7
|j| telemarked
|j| Frogtaco
|
|t:|1597206936
|switch|p2a: Blissey|Blissey, F|100/100
|move|p1a: Rotom|Nasty Plot|p1a: Rotom
|-boost|p1a: Rotom|spa|2
|
|upkeep
|turn|8
|j| gare23limit
|
|t:|1597206941
|switch|p1a: Corviknight|Corviknight, F|84/100
|-ability|p1a: Corviknight|Pressure
|move|p2a: Blissey|Toxic|p1a: Corviknight
|-immune|p1a: Corviknight
|
|-heal|p1a: Corviknight|90/100|[from] item: Leftovers
|upkeep
|turn|9
|j| Devil Patchy
|
|t:|1597206949
|switch|p2a: Clefable|Clefable, M|100/100
|move|p1a: Corviknight|U-turn|p2a: Clefable
|-resisted|p2a: Clefable
|-damage|p2a: Clefable|95/100
|
|t:|1597206953
|switch|p1a: Rhyperior|Rhyperior, F|100/100|[from]move: U-turn
|
|-heal|p2a: Clefable|100/100|[from] item: Leftovers
|upkeep
|turn|10
|l|+Chaitanya
|
|t:|1597206956
|switch|p2a: Corviknight|Corviknight, F|100/100
|-ability|p2a: Corviknight|Pressure
|move|p1a: Rhyperior|Swords Dance|p1a: Rhyperior
|-boost|p1a: Rhyperior|atk|2
|
|upkeep
|turn|11
|j| testingplays
|
|t:|1597206964
|move|p2a: Corviknight|U-turn|p1a: Rhyperior
|-damage|p1a: Rhyperior|90/100
|j| Hitmoncut
|
|t:|1597206972
|switch|p2a: Jirachi|Jirachi|100/100|[from]move: U-turn
|move|p1a: Rhyperior|Heat Crash|p2a: Jirachi
|-supereffective|p2a: Jirachi
|-damage|p2a: Jirachi|0 fnt
|faint|p2a: Jirachi
|
|-heal|p1a: Rhyperior|96/100|[from] item: Leftovers
|upkeep
|
|t:|1597206977
|switch|p2a: Ditto|Ditto, shiny|46/100
|-transform|p2a: Ditto|p1a: Rhyperior|[from] ability: Imposter
|turn|12
|j| LSEY
|
|t:|1597206990
|move|p1a: Rhyperior|Protect|p1a: Rhyperior
|-singleturn|p1a: Rhyperior|Protect
|move|p2a: Ditto|Earthquake|p1a: Rhyperior
|-activate|p1a: Rhyperior|move: Protect
|
|-heal|p1a: Rhyperior|100/100|[from] item: Leftovers
|upkeep
|turn|13
|j| 510Legend
|c| 510Legend|ooooooo
|j| dxfcvcxbdfzxb
|
|t:|1597207003
|switch|p2a: Clefable|Clefable, M|100/100
|switch|p1a: Corviknight|Corviknight, F|90/100
|-ability|p1a: Corviknight|Pressure
|
|-heal|p1a: Corviknight|96/100|[from] item: Leftovers
|upkeep
|turn|14
|
|t:|1597207007
|move|p1a: Corviknight|U-turn|p2a: Clefable
|-resisted|p2a: Clefable
|-damage|p2a: Clefable|95/100
|j| outu23
|j| TSR
|j| LT71LXMegavictinii
|c| 510Legend|damn boi
|j| lc ladder warrior
|c| SamHPL|:[
|j| lt71lx krauersaut
|j|+Vrin
|
|t:|1597207033
|switch|p1a: Rhyperior|Rhyperior, F|100/100|[from]move: U-turn
|move|p2a: Clefable|Knock Off|p1a: Rhyperior
|-damage|p1a: Rhyperior|90/100
|-enditem|p1a: Rhyperior|Leftovers|[from] move: Knock Off|[of] p2a: Clefable
|
|-heal|p2a: Clefable|100/100|[from] item: Leftovers
|upkeep
|turn|15
|c| 510Legend|hurry up
|
|t:|1597207038
|move|p1a: Rhyperior|Swords Dance|p1a: Rhyperior
|-boost|p1a: Rhyperior|atk|2
|move|p2a: Clefable|Moonblast|p1a: Rhyperior
|-damage|p1a: Rhyperior|48/100
|
|upkeep
|turn|16
|j| hhhhhxxxxx931786
|j| imzosi
|j| Nickos
|j| LT71LX life
|j| iarim
|
|t:|1597207048
|switch|p2a: Corviknight|Corviknight, F|100/100
|-ability|p2a: Corviknight|Pressure
|move|p1a: Rhyperior|Earthquake|p2a: Corviknight
|-immune|p2a: Corviknight
|
|upkeep
|turn|17
|j| LT71LX Luthier
|j| myjava
|j| aoweiusald
|
|t:|1597207070
|move|p2a: Corviknight|Body Press|p1a: Rhyperior
|-supereffective|p1a: Rhyperior
|-damage|p1a: Rhyperior|21/100
|move|p1a: Rhyperior|Heat Crash|p2a: Corviknight
|-supereffective|p2a: Corviknight
|-damage|p2a: Corviknight|22/100
|
|upkeep
|turn|18
|
|t:|1597207076
|switch|p1a: Clefable|Clefable, F|100/100
|move|p2a: Corviknight|Roost|p2a: Corviknight
|-heal|p2a: Corviknight|72/100
|-singleturn|p2a: Corviknight|move: Roost
|
|upkeep
|turn|19
|j| taxicabby
|c| 510Legend|ooooooo
|
|t:|1597207087
|switch|p2a: Clefable|Clefable, M|100/100
|move|p1a: Clefable|Wish|p1a: Clefable
|
|upkeep
|turn|20
|j| in the membrane
|j| Bunny Girl Mai
|c| SamHPL|teleport :[
|
|t:|1597207105
|switch|p1a: Rhyperior|Rhyperior, F|21/100
|move|p2a: Clefable|Stealth Rock|p1a: Rhyperior
|-sidestart|p1: galarian shofu|move: Stealth Rock
|
|-heal|p1a: Rhyperior|71/100|[from] move: Wish|[wisher] Clefable
|upkeep
|turn|21
|l| Mubarak232
|
|t:|1597207111
|switch|p1a: Corviknight|Corviknight, F|96/100
|-damage|p1a: Corviknight|84/100|[from] Stealth Rock
|-ability|p1a: Corviknight|Pressure
|move|p2a: Clefable|Moonblast|p1a: Corviknight
|-resisted|p1a: Corviknight
|-damage|p1a: Corviknight|70/100
|
|-heal|p1a: Corviknight|76/100|[from] item: Leftovers
|upkeep
|turn|22
|j| ImpTheWimp
|c| LT71LX wd|ownage
|j| LT71LX INSULT
|
|t:|1597207118
|move|p1a: Corviknight|Defog|p2a: Clefable
|-unboost|p2a: Clefable|evasion|1
|-sideend|p1: galarian shofu|Stealth Rock|[from] move: Defog|[of] p1a: Corviknight
|move|p2a: Clefable|Knock Off|p1a: Corviknight
|-damage|p1a: Corviknight|66/100
|-enditem|p1a: Corviknight|Leftovers|[from] move: Knock Off|[of] p2a: Clefable
|
|upkeep
|turn|23
|j| koookie
|
|t:|1597207122
|move|p1a: Corviknight|Roost|p1a: Corviknight
|-heal|p1a: Corviknight|100/100
|-singleturn|p1a: Corviknight|move: Roost
|move|p2a: Clefable|Stealth Rock|p1a: Corviknight
|-sidestart|p1: galarian shofu|move: Stealth Rock
|
|upkeep
|turn|24
|
|t:|1597207126
|switch|p2a: Ditto|Ditto, shiny|46/100
|-transform|p2a: Ditto|p1a: Corviknight|[from] ability: Imposter
|-ability|p2a: Ditto|Pressure
|move|p1a: Corviknight|Defog|p2a: Ditto
|-unboost|p2a: Ditto|evasion|1
|-sideend|p1: galarian shofu|Stealth Rock|[from] move: Defog|[of] p1a: Corviknight
|
|upkeep
|turn|25
|l| LT71LX 64
|j| Hayburner
|j| lt71lx neider
|
|t:|1597207145
|move|p2a: Ditto|Roost|p2a: Ditto
|-heal|p2a: Ditto|96/100
|-singleturn|p2a: Ditto|move: Roost
|move|p1a: Corviknight|U-turn|p2a: Ditto
|-resisted|p2a: Ditto
|-damage|p2a: Ditto|89/100
|
|t:|1597207147
|switch|p1a: Rhyperior|Rhyperior, F|71/100|[from]move: U-turn
|
|upkeep
|turn|26
|
|t:|1597207152
|switch|p2a: Corviknight|Corviknight, F|72/100
|-ability|p2a: Corviknight|Pressure
|move|p1a: Rhyperior|Swords Dance|p1a: Rhyperior
|-boost|p1a: Rhyperior|atk|2
|
|upkeep
|turn|27
|n| sjneider|lt71lxneider
|
|t:|1597207167
|move|p2a: Corviknight|U-turn|p1a: Rhyperior
|-damage|p1a: Rhyperior|61/100
|
|t:|1597207168
|switch|p2a: Ditto|Ditto, shiny|89/100|[from]move: U-turn
|-transform|p2a: Ditto|p1a: Rhyperior|[from] ability: Imposter
|move|p1a: Rhyperior|Heat Crash|p2a: Ditto
|-resisted|p2a: Ditto
|-damage|p2a: Ditto|76/100
|
|upkeep
|turn|28
|
|t:|1597207173
|move|p1a: Rhyperior|Protect|p1a: Rhyperior
|-singleturn|p1a: Rhyperior|Protect
|move|p2a: Ditto|Earthquake|p1a: Rhyperior
|-activate|p1a: Rhyperior|move: Protect
|
|upkeep
|turn|29
|
|t:|1597207179
|switch|p2a: Corviknight|Corviknight, F|72/100
|-ability|p2a: Corviknight|Pressure
|switch|p1a: Corviknight|Corviknight, F|100/100
|-ability|p1a: Corviknight|Pressure
|
|upkeep
|turn|30
|
|t:|1597207184
|move|p1a: Corviknight|U-turn|p2a: Corviknight
|-resisted|p2a: Corviknight
|-damage|p2a: Corviknight|70/100
|
|t:|1597207186
|switch|p1a: Clefable|Clefable, F|100/100|[from]move: U-turn
|move|p2a: Corviknight|Roost|p2a: Corviknight
|-heal|p2a: Corviknight|100/100
|-singleturn|p2a: Corviknight|move: Roost
|
|upkeep
|turn|31
|j| edgar allan poem
|
|t:|1597207188
|switch|p2a: Clefable|Clefable, M|100/100
|move|p1a: Clefable|Wish|p1a: Clefable
|
|upkeep
|turn|32
|
|t:|1597207193
|switch|p1a: Rhyperior|Rhyperior, F|61/100
|move|p2a: Clefable|Stealth Rock|p1a: Rhyperior
|-sidestart|p1: galarian shofu|move: Stealth Rock
|
|-heal|p1a: Rhyperior|100/100|[from] move: Wish|[wisher] Clefable
|upkeep
|turn|33
|j| Limited_Toolkit
|
|t:|1597207198
|switch|p1a: Corviknight|Corviknight, F|100/100
|-damage|p1a: Corviknight|88/100|[from] Stealth Rock
|-ability|p1a: Corviknight|Pressure
|move|p2a: Clefable|Moonblast|p1a: Corviknight
|-resisted|p1a: Corviknight
|-damage|p1a: Corviknight|75/100
|
|upkeep
|turn|34
|
|t:|1597207202
|switch|p2a: Toxapex|Toxapex, M|96/100 slp
|move|p1a: Corviknight|Defog|p2a: Toxapex
|-unboost|p2a: Toxapex|evasion|1
|-sideend|p1: galarian shofu|Stealth Rock|[from] move: Defog|[of] p1a: Corviknight
|
|upkeep
|turn|35
|
|t:|1597207207
|switch|p1a: Tangrowth|Tangrowth, F|100/100
|-curestatus|p2a: Toxapex|slp|[msg]
|move|p2a: Toxapex|Knock Off|p1a: Tangrowth
|-damage|p1a: Tangrowth|95/100
|
|upkeep
|turn|36
|l| LT71LX Beastly
|
|t:|1597207214
|move|p1a: Tangrowth|Sleep Powder|p2a: Toxapex
|-status|p2a: Toxapex|slp|[from] move: Sleep Powder
|cant|p2a: Toxapex|slp
|
|upkeep
|turn|37
|
|t:|1597207218
|switch|p1a: Rotom|Rotom-Heat|100/100
|cant|p2a: Toxapex|slp
|
|upkeep
|turn|38
|j| LT71LX Beastly
|j| baconeatinassassin
|
|t:|1597207224
|move|p1a: Rotom|Nasty Plot|p1a: Rotom
|-boost|p1a: Rotom|spa|2
|cant|p2a: Toxapex|slp
|
|upkeep
|turn|39
|
|t:|1597207230
|switch|p2a: Blissey|Blissey, F|100/100
|move|p1a: Rotom|Discharge|p2a: Blissey
|-damage|p2a: Blissey|81/100
|
|upkeep
|turn|40
|
|t:|1597207240
|move|p1a: Rotom|Nasty Plot|p1a: Rotom
|-boost|p1a: Rotom|spa|2
|move|p2a: Blissey|Toxic|p1a: Rotom
|-status|p1a: Rotom|tox
|
|-damage|p1a: Rotom|94/100 tox|[from] psn
|upkeep
|turn|41
|
|t:|1597207244
|move|p1a: Rotom|Discharge|p2a: Blissey
|-damage|p2a: Blissey|51/100
|move|p2a: Blissey|Soft-Boiled|p2a: Blissey
|-heal|p2a: Blissey|100/100
|
|-damage|p1a: Rotom|82/100 tox|[from] psn
|upkeep
|turn|42
|c| 510Legend|lol
|
|t:|1597207250
|move|p1a: Rotom|Discharge|p2a: Blissey
|-damage|p2a: Blissey|68/100
|-status|p2a: Blissey|par
|move|p2a: Blissey|Teleport|p2a: Blissey
|
|t:|1597207254
|switch|p2a: Ditto|Ditto, shiny|76/100|[from]move: Teleport
|-transform|p2a: Ditto|p1a: Rotom|[from] ability: Imposter
|
|-damage|p1a: Rotom|63/100 tox|[from] psn
|upkeep
|turn|43
|j| duppyduppy
|
|t:|1597207268
|switch|p1a: Dragapult|Dragapult, M|100/100
|move|p2a: Ditto|Overheat|p1a: Dragapult
|-resisted|p1a: Dragapult
|-damage|p1a: Dragapult|13/100
|-unboost|p2a: Ditto|spa|2
|
|upkeep
|turn|44
|l| edgar allan poem
|j| Brandie
|j| Waveshaper
|
|t:|1597207280
|move|p2a: Ditto|Overheat|p1a: Dragapult
|-resisted|p1a: Dragapult
|-damage|p1a: Dragapult|0 fnt
|-unboost|p2a: Ditto|spa|2
|faint|p1a: Dragapult
|
|upkeep
|
|t:|1597207283
|switch|p1a: Rhyperior|Rhyperior, F|100/100
|turn|45
|
|t:|1597207291
|switch|p2a: Corviknight|Corviknight, F|100/100
|-ability|p2a: Corviknight|Pressure
|move|p1a: Rhyperior|Swords Dance|p1a: Rhyperior
|-boost|p1a: Rhyperior|atk|2
|
|upkeep
|turn|46
|
|t:|1597207301
|move|p2a: Corviknight|Body Press|p1a: Rhyperior
|-supereffective|p1a: Rhyperior
|-damage|p1a: Rhyperior|74/100
|move|p1a: Rhyperior|Heat Crash|p2a: Corviknight
|-supereffective|p2a: Corviknight
|-damage|p2a: Corviknight|19/100
|
|upkeep
|turn|47
|
|t:|1597207311
|move|p2a: Corviknight|U-turn|p1a: Rhyperior
|-damage|p1a: Rhyperior|63/100
|j| BoomBoomBoo
|
|t:|1597207312
|switch|p2a: Ditto|Ditto, shiny|76/100|[from]move: U-turn
|-transform|p2a: Ditto|p1a: Rhyperior|[from] ability: Imposter
|move|p1a: Rhyperior|Heat Crash|p2a: Ditto
|-resisted|p2a: Ditto
|-damage|p2a: Ditto|60/100
|
|upkeep
|turn|48
|l| myjava
|l| koookie
|
|t:|1597207320
|move|p1a: Rhyperior|Protect|p1a: Rhyperior
|-singleturn|p1a: Rhyperior|Protect
|move|p2a: Ditto|Earthquake|p1a: Rhyperior
|-activate|p1a: Rhyperior|move: Protect
|
|upkeep
|turn|49
|j| edgar allan poem
|l| Frogtaco
|
|t:|1597207333
|switch|p2a: Blissey|Blissey, F|68/100
|switch|p1a: Rotom|Rotom-Heat|63/100 tox
|
|-damage|p1a: Rotom|57/100 tox|[from] psn
|upkeep
|turn|50
|
|t:|1597207341
|switch|p1a: Clefable|Clefable, F|100/100
|move|p2a: Blissey|Teleport|p2a: Blissey
|j| come in spinner
|
|t:|1597207344
|switch|p2a: Corviknight|Corviknight, F|19/100|[from]move: Teleport
|-ability|p2a: Corviknight|Pressure
|
|upkeep
|turn|51
|j| Croakgunk Vibes
|
|t:|1597207347
|move|p2a: Corviknight|Roost|p2a: Corviknight
|-heal|p2a: Corviknight|69/100
|-singleturn|p2a: Corviknight|move: Roost
|move|p1a: Clefable|Wish|p1a: Clefable
|
|upkeep
|turn|52
|j| Free Swimming
|
|t:|1597207351
|switch|p1a: Rhyperior|Rhyperior, F|63/100
|move|p2a: Corviknight|Body Press|p1a: Rhyperior
|-supereffective|p1a: Rhyperior
|-damage|p1a: Rhyperior|36/100
|
|-heal|p1a: Rhyperior|87/100|[from] move: Wish|[wisher] Clefable
|upkeep
|turn|53
|l| gmf dehsams i
|j| B4tt1enet
|
|t:|1597207362
|switch|p1a: Corviknight|Corviknight, F|75/100
|-ability|p1a: Corviknight|Pressure
|move|p2a: Corviknight|Body Press|p1a: Corviknight
|-damage|p1a: Corviknight|59/100
|
|upkeep
|turn|54
|j| ciri
|l| Croakgunk Vibes
|j| koookie
|
|t:|1597207366
|move|p1a: Corviknight|Roost|p1a: Corviknight
|-heal|p1a: Corviknight|100/100
|-singleturn|p1a: Corviknight|move: Roost
|move|p2a: Corviknight|Roost|p2a: Corviknight
|-heal|p2a: Corviknight|100/100
|-singleturn|p2a: Corviknight|move: Roost
|
|upkeep
|turn|55
|
|t:|1597207370
|move|p2a: Corviknight|U-turn|p1a: Corviknight
|-resisted|p1a: Corviknight
|-damage|p1a: Corviknight|98/100
|
|t:|1597207378
|switch|p2a: Toxapex|Toxapex, M|100/100 slp|[from]move: U-turn
|move|p1a: Corviknight|U-turn|p2a: Toxapex
|-resisted|p2a: Toxapex
|-damage|p2a: Toxapex|96/100 slp
|l| BoomBoomBoo
|
|t:|1597207382
|switch|p1a: Clefable|Clefable, F|100/100|[from]move: U-turn
|
|upkeep
|turn|56
|
|t:|1597207391
|move|p1a: Clefable|Heal Bell|p1a: Clefable
|-activate|p1a: Clefable|move: Heal Bell
|-curestatus|p1: Rotom|tox|[msg]
|-curestatus|p2a: Toxapex|slp|[msg]
|move|p2a: Toxapex|Knock Off|p1a: Clefable
|-resisted|p1a: Clefable
|-damage|p1a: Clefable|94/100
|-enditem|p1a: Clefable|Leftovers|[from] move: Knock Off|[of] p2a: Toxapex
|
|upkeep
|turn|57
|
|t:|1597207396
|switch|p1a: Tangrowth|Tangrowth, F|100/100
|switch|p2a: Clefable|Clefable, M|100/100
|
|upkeep
|turn|58
|j| BoomBoomBoo
|
|t:|1597207410
|switch|p2a: Toxapex|Toxapex, M|100/100
|move|p1a: Tangrowth|Sludge Bomb|p2a: Toxapex
|-resisted|p2a: Toxapex
|-damage|p2a: Toxapex|92/100
|
|upkeep
|turn|59
|
|t:|1597207414
|move|p1a: Tangrowth|Sleep Powder|p2a: Toxapex
|-status|p2a: Toxapex|slp|[from] move: Sleep Powder
|cant|p2a: Toxapex|slp
|
|upkeep
|turn|60
|l| ciri
|
|t:|1597207417
|switch|p1a: Rotom|Rotom-Heat|57/100
|cant|p2a: Toxapex|slp
|
|upkeep
|turn|61
|
|t:|1597207421
|move|p1a: Rotom|Nasty Plot|p1a: Rotom
|-boost|p1a: Rotom|spa|2
|-curestatus|p2a: Toxapex|slp|[msg]
|move|p2a: Toxapex|Knock Off|p1a: Rotom
|-damage|p1a: Rotom|42/100
|-enditem|p1a: Rotom|Heavy-Duty Boots|[from] move: Knock Off|[of] p2a: Toxapex
|
|upkeep
|turn|62
|
|t:|1597207426
|switch|p2a: Blissey|Blissey, F|68/100
|move|p1a: Rotom|Pain Split|p2a: Blissey
|-sethp|p2a: Blissey|43/100|[from] move: Pain Split|[silent]
|-sethp|p1a: Rotom|100/100|[from] move: Pain Split
|
|upkeep
|turn|63
|l| samurott champloo
|j| Croakgunk Vibes
|
|t:|1597207456
|move|p1a: Rotom|Discharge|p2a: Blissey
|-damage|p2a: Blissey|24/100
|-status|p2a: Blissey|par
|cant|p2a: Blissey|par
|
|upkeep
|turn|64
|j| samurott champloo
|c| LT71LX wd|lmfaoo
|c| LT71LX wd|pwn
|inactive|LT71LX John W has 120 seconds left.
|c| storm zone|llooool
|c| storm zone|galarian shofu strikes again :P
|
|t:|1597207495
|-curestatus|p2a: Blissey|par|[from] ability: Natural Cure
|switch|p2a: Toxapex|Toxapex, M|100/100
|move|p1a: Rotom|Overheat|p2a: Toxapex
|-resisted|p2a: Toxapex
|-damage|p2a: Toxapex|65/100
|-unboost|p1a: Rotom|spa|2
|
|upkeep
|turn|65
|c| storm zone|john we'd be around the same rating after this, if u still want that game i can snipe right after
|c| storm zone|on this account
|c|☆LT71LX John W|im fine
|inactive|LT71LX John W has 90 seconds left.
|c|☆LT71LX John W|im done for tonite
|l| edgar allan poem
|
|t:|1597207535
|move|p1a: Rotom|Nasty Plot|p1a: Rotom
|-boost|p1a: Rotom|spa|2
|move|p2a: Toxapex|Haze|p2a: Toxapex
|-clearallboost
|
|upkeep
|turn|66
|j| peap ✿ odc
|n| curiosity|curiosity
|
|t:|1597207545
|move|p1a: Rotom|Nasty Plot|p1a: Rotom
|-boost|p1a: Rotom|spa|2
|move|p2a: Toxapex|Haze|p2a: Toxapex
|-clearallboost
|
|upkeep
|turn|67
|
|t:|1597207547
|move|p1a: Rotom|Nasty Plot|p1a: Rotom
|-boost|p1a: Rotom|spa|2
|move|p2a: Toxapex|Haze|p2a: Toxapex
|-clearallboost
|
|upkeep
|turn|68
|
|t:|1597207550
|move|p1a: Rotom|Nasty Plot|p1a: Rotom
|-boost|p1a: Rotom|spa|2
|move|p2a: Toxapex|Haze|p2a: Toxapex
|-clearallboost
|
|upkeep
|turn|69
|j| strealet❄
|
|t:|1597207552
|move|p1a: Rotom|Nasty Plot|p1a: Rotom
|-boost|p1a: Rotom|spa|2
|move|p2a: Toxapex|Haze|p2a: Toxapex
|-clearallboost
|
|upkeep
|turn|70
|
|t:|1597207553
|move|p1a: Rotom|Nasty Plot|p1a: Rotom
|-boost|p1a: Rotom|spa|2
|move|p2a: Toxapex|Haze|p2a: Toxapex
|-clearallboost
|
|upkeep
|turn|71
|
|t:|1597207554
|move|p1a: Rotom|Nasty Plot|p1a: Rotom
|-boost|p1a: Rotom|spa|2
|move|p2a: Toxapex|Haze|p2a: Toxapex
|-clearallboost
|
|upkeep
|turn|72
|
|t:|1597207556
|move|p1a: Rotom|Discharge|p2a: Toxapex
|-supereffective|p2a: Toxapex
|-damage|p2a: Toxapex|19/100
|move|p2a: Toxapex|Haze|p2a: Toxapex
|-clearallboost
|
|upkeep
|turn|73
|
|t:|1597207572
|move|p1a: Rotom|Nasty Plot|p1a: Rotom
|-boost|p1a: Rotom|spa|2
|move|p2a: Toxapex|Haze|p2a: Toxapex
|-clearallboost
|
|upkeep
|turn|74
|
|t:|1597207575
|move|p1a: Rotom|Nasty Plot|p1a: Rotom
|-boost|p1a: Rotom|spa|2
|move|p2a: Toxapex|Haze|p2a: Toxapex
|-clearallboost
|
|upkeep
|turn|75
|l|+Vrin
|
|t:|1597207580
|move|p1a: Rotom|Nasty Plot|p1a: Rotom
|-boost|p1a: Rotom|spa|2
|move|p2a: Toxapex|Haze|p2a: Toxapex
|-clearallboost
|
|upkeep
|turn|76
|c| 510Legend|excuses for gettin dat ass whooped
|l| IPF
|c| storm zone|he aint makin excuses
|
|t:|1597207595
|move|p1a: Rotom|Nasty Plot|p1a: Rotom
|-boost|p1a: Rotom|spa|2
|move|p2a: Toxapex|Haze|p2a: Toxapex
|-clearallboost
|
|upkeep
|turn|77
|c| storm zone|he said hes done for the night
|
|t:|1597207600
|move|p1a: Rotom|Nasty Plot|p1a: Rotom
|-boost|p1a: Rotom|spa|2
|move|p2a: Toxapex|Haze|p2a: Toxapex
|-clearallboost
|
|upkeep
|turn|78
|
|t:|1597207605
|move|p1a: Rotom|Nasty Plot|p1a: Rotom
|-boost|p1a: Rotom|spa|2
|move|p2a: Toxapex|Haze|p2a: Toxapex
|-clearallboost
|
|upkeep
|turn|79
|l| ez
|
|t:|1597207613
|move|p1a: Rotom|Discharge|p2a: Toxapex
|-supereffective|p2a: Toxapex
|-damage|p2a: Toxapex|0 fnt
|faint|p2a: Toxapex
|
|upkeep
|
|t:|1597207615
|switch|p2a: Blissey|Blissey, F|24/100
|turn|80
|j| Javoon
|j| Black Xmas
|
|t:|1597207636
|move|p1a: Rotom|Discharge|p2a: Blissey
|-damage|p2a: Blissey|13/100
|move|p2a: Blissey|Soft-Boiled|p2a: Blissey
|-heal|p2a: Blissey|63/100
|
|upkeep
|turn|81
|
|t:|1597207647
|switch|p1a: Corviknight|Corviknight, F|98/100
|-ability|p1a: Corviknight|Pressure
|move|p2a: Blissey|Seismic Toss|p1a: Corviknight
|-damage|p1a: Corviknight|73/100
|
|upkeep
|turn|82
|j| Calla cagada 777
|
|t:|1597207652
|switch|p2a: Clefable|Clefable, M|100/100
|move|p1a: Corviknight|Body Press|p2a: Clefable
|-resisted|p2a: Clefable
|-damage|p2a: Clefable|92/100
|
|-heal|p2a: Clefable|98/100|[from] item: Leftovers
|upkeep
|turn|83
|l| samurott champloo
|
|t:|1597207659
|move|p1a: Corviknight|U-turn|p2a: Clefable
|-resisted|p2a: Clefable
|-damage|p2a: Clefable|92/100
|j| LT71LX Gura
|l| Calla cagada 777
|
|t:|1597207664
|switch|p1a: Rotom|Rotom-Heat|100/100|[from]move: U-turn
|move|p2a: Clefable|Stealth Rock|p1a: Rotom
|-sidestart|p1: galarian shofu|move: Stealth Rock
|
|-heal|p2a: Clefable|98/100|[from] item: Leftovers
|upkeep
|turn|84
|
|t:|1597207673
|switch|p2a: Blissey|Blissey, F|63/100
|move|p1a: Rotom|Discharge|p2a: Blissey
|-damage|p2a: Blissey|52/100
|
|upkeep
|turn|85
|
|t:|1597207679
|switch|p1a: Corviknight|Corviknight, F|73/100
|-damage|p1a: Corviknight|61/100|[from] Stealth Rock
|-ability|p1a: Corviknight|Pressure
|move|p2a: Blissey|Soft-Boiled|p2a: Blissey
|-heal|p2a: Blissey|100/100
|
|upkeep
|turn|86
|
|t:|1597207685
|switch|p2a: Ditto|Ditto, shiny|60/100
|-transform|p2a: Ditto|p1a: Corviknight|[from] ability: Imposter
|-ability|p2a: Ditto|Pressure
|move|p1a: Corviknight|Roost|p1a: Corviknight
|-heal|p1a: Corviknight|100/100
|-singleturn|p1a: Corviknight|move: Roost
|
|upkeep
|turn|87
|
|t:|1597207690
|move|p2a: Ditto|Roost|p2a: Ditto
|-heal|p2a: Ditto|100/100
|-singleturn|p2a: Ditto|move: Roost
|move|p1a: Corviknight|Body Press|p2a: Ditto
|-supereffective|p2a: Ditto
|-damage|p2a: Ditto|56/100
|
|upkeep
|turn|88
|
|t:|1597207695
|move|p2a: Ditto|Roost|p2a: Ditto
|-heal|p2a: Ditto|100/100
|-singleturn|p2a: Ditto|move: Roost
|move|p1a: Corviknight|Body Press|p2a: Ditto
|-supereffective|p2a: Ditto
|-damage|p2a: Ditto|58/100
|
|upkeep
|turn|89
|
|t:|1597207700
|move|p2a: Ditto|Roost|p2a: Ditto
|-heal|p2a: Ditto|100/100
|-singleturn|p2a: Ditto|move: Roost
|move|p1a: Corviknight|Defog|p2a: Ditto
|-unboost|p2a: Ditto|evasion|1
|-sideend|p1: galarian shofu|Stealth Rock|[from] move: Defog|[of] p1a: Corviknight
|
|upkeep
|turn|90
|j| Hastings1066
|
|t:|1597207707
|switch|p2a: Clefable|Clefable, M|98/100
|move|p1a: Corviknight|U-turn|p2a: Clefable
|-resisted|p2a: Clefable
|-damage|p2a: Clefable|92/100
|j| RedBeaver540
|
|t:|1597207722
|switch|p1a: Tangrowth|Tangrowth, F|100/100|[from]move: U-turn
|
|-heal|p2a: Clefable|98/100|[from] item: Leftovers
|upkeep
|turn|91
|j| Heroin Cowboy
|
|t:|1597207733
|switch|p2a: Blissey|Blissey, F|100/100
|move|p1a: Tangrowth|Sludge Bomb|p2a: Blissey
|-damage|p2a: Blissey|92/100
|-status|p2a: Blissey|psn
|
|-damage|p2a: Blissey|79/100 psn|[from] psn
|upkeep
|turn|92
|l| Milk On Fire
|
|t:|1597207740
|move|p1a: Tangrowth|Knock Off|p2a: Blissey
|-damage|p2a: Blissey|61/100 psn
|-enditem|p2a: Blissey|Heavy-Duty Boots|[from] move: Knock Off|[of] p1a: Tangrowth
|move|p2a: Blissey|Teleport|p2a: Blissey
|
|t:|1597207744
|-curestatus|p2a: Blissey|psn|[from] ability: Natural Cure
|switch|p2a: Clefable|Clefable, M|98/100|[from]move: Teleport
|
|-heal|p2a: Clefable|100/100|[from] item: Leftovers
|upkeep
|turn|93
|
|t:|1597207751
|switch|p2a: Blissey|Blissey, F|61/100
|move|p1a: Tangrowth|Sludge Bomb|p2a: Blissey
|-crit|p2a: Blissey
|-damage|p2a: Blissey|48/100
|
|upkeep
|turn|94
|l| lt71lx krauersaut
|l| 510Legend
|
|t:|1597207766
|switch|p1a: Clefable|Clefable, F|94/100
|move|p2a: Blissey|Soft-Boiled|p2a: Blissey
|-heal|p2a: Blissey|98/100
|
|upkeep
|turn|95
|
|t:|1597207770
|move|p1a: Clefable|Wish|p1a: Clefable
|move|p2a: Blissey|Seismic Toss|p1a: Clefable
|-damage|p1a: Clefable|69/100
|
|upkeep
|turn|96
|
|t:|1597207776
|switch|p1a: Rhyperior|Rhyperior, F|87/100
|move|p2a: Blissey|Teleport|p2a: Blissey
|
|t:|1597207784
|switch|p2a: Clefable|Clefable, M|100/100|[from]move: Teleport
|
|-heal|p1a: Rhyperior|100/100|[from] move: Wish|[wisher] Clefable
|upkeep
|turn|97
|j| Jdjdvdye
|j| kjkl8
|j| JokerAtlus
|inactive|galarian shofu has 120 seconds left.
|
|t:|1597207817
|switch|p1a: Corviknight|Corviknight, F|100/100
|-ability|p1a: Corviknight|Pressure
|move|p2a: Clefable|Moonblast|p1a: Corviknight
|-resisted|p1a: Corviknight
|-damage|p1a: Corviknight|87/100
|
|upkeep
|turn|98
|j| ciri
|
|t:|1597207822
|move|p1a: Corviknight|U-turn|p2a: Clefable
|-resisted|p2a: Clefable
|-damage|p2a: Clefable|95/100
|
|t:|1597207826
|switch|p1a: Tangrowth|Tangrowth, F|100/100|[from]move: U-turn
|move|p2a: Clefable|Stealth Rock|p1a: Tangrowth
|-sidestart|p1: galarian shofu|move: Stealth Rock
|
|-heal|p2a: Clefable|100/100|[from] item: Leftovers
|upkeep
|turn|99
|j| Sauntered
|l| LT71LX life
|
|t:|1597207836
|switch|p2a: Corviknight|Corviknight, F|100/100
|-ability|p2a: Corviknight|Pressure
|switch|p1a: Corviknight|Corviknight, F|87/100
|-damage|p1a: Corviknight|75/100|[from] Stealth Rock
|-ability|p1a: Corviknight|Pressure
|
|upkeep
|turn|100
|
|t:|1597207842
|move|p2a: Corviknight|U-turn|p1a: Corviknight
|-resisted|p1a: Corviknight
|-damage|p1a: Corviknight|72/100
|
|t:|1597207844
|switch|p2a: Ditto|Ditto, shiny|100/100|[from]move: U-turn
|-transform|p2a: Ditto|p1a: Corviknight|[from] ability: Imposter
|-ability|p2a: Ditto|Pressure
|move|p1a: Corviknight|Roost|p1a: Corviknight
|-heal|p1a: Corviknight|100/100
|-singleturn|p1a: Corviknight|move: Roost
|
|upkeep
|turn|101
|
|t:|1597207850
|move|p2a: Ditto|U-turn|p1a: Corviknight
|-resisted|p1a: Corviknight
|-damage|p1a: Corviknight|98/100
|
|t:|1597207852
|switch|p2a: Corviknight|Corviknight, F|100/100|[from]move: U-turn
|-ability|p2a: Corviknight|Pressure
|move|p1a: Corviknight|Defog|p2a: Corviknight
|-unboost|p2a: Corviknight|evasion|1
|-sideend|p1: galarian shofu|Stealth Rock|[from] move: Defog|[of] p1a: Corviknight
|
|upkeep
|turn|102
|
|t:|1597207859
|switch|p2a: Clefable|Clefable, M|100/100
|move|p1a: Corviknight|U-turn|p2a: Clefable
|-resisted|p2a: Clefable
|-damage|p2a: Clefable|95/100
|l| ciri
|
|t:|1597207865
|switch|p1a: Rotom|Rotom-Heat|100/100|[from]move: U-turn
|
|-heal|p2a: Clefable|100/100|[from] item: Leftovers
|upkeep
|turn|103
|
|t:|1597207867
|move|p1a: Rotom|Nasty Plot|p1a: Rotom
|-boost|p1a: Rotom|spa|2
|move|p2a: Clefable|Stealth Rock|p1a: Rotom
|-sidestart|p1: galarian shofu|move: Stealth Rock
|
|upkeep
|turn|104
|l| Ytfuttiyfuguhi
|
|t:|1597207870
|switch|p2a: Blissey|Blissey, F|98/100
|move|p1a: Rotom|Discharge|p2a: Blissey
|-damage|p2a: Blissey|77/100
|
|upkeep
|turn|105
|j| Ytfuttiyfuguhi
|
|t:|1597207880
|switch|p1a: Corviknight|Corviknight, F|98/100
|-damage|p1a: Corviknight|85/100|[from] Stealth Rock
|-ability|p1a: Corviknight|Pressure
|move|p2a: Blissey|Toxic|p1a: Corviknight
|-immune|p1a: Corviknight
|
|upkeep
|turn|106
|j| Yasashisa no riyuu
|
|t:|1597207887
|move|p1a: Corviknight|U-turn|p2a: Blissey
|-damage|p2a: Blissey|64/100
|j| Kland
|
|t:|1597207889
|switch|p1a: Tangrowth|Tangrowth, F|100/100|[from]move: U-turn
|-damage|p1a: Tangrowth|88/100|[from] Stealth Rock
|move|p2a: Blissey|Seismic Toss|p1a: Tangrowth
|-damage|p1a: Tangrowth|63/100
|
|upkeep
|turn|107
|l| Ytfuttiyfuguhi
|
|t:|1597207895
|move|p2a: Blissey|Seismic Toss|p1a: Tangrowth
|-damage|p1a: Tangrowth|39/100
|move|p1a: Tangrowth|Sleep Powder|p2a: Blissey
|-status|p2a: Blissey|slp|[from] move: Sleep Powder
|
|upkeep
|turn|108
|l| Kland
|
|t:|1597207909
|-curestatus|p2a: Blissey|slp|[from] ability: Natural Cure
|switch|p2a: Corviknight|Corviknight, F|100/100
|-ability|p2a: Corviknight|Pressure
|move|p1a: Tangrowth|Sludge Bomb|p2a: Corviknight
|-immune|p2a: Corviknight
|
|upkeep
|turn|109
|
|t:|1597207918
|switch|p1a: Corviknight|Corviknight, F|85/100
|-damage|p1a: Corviknight|73/100|[from] Stealth Rock
|-ability|p1a: Corviknight|Pressure
|move|p2a: Corviknight|U-turn|p1a: Corviknight
|-resisted|p1a: Corviknight
|-damage|p1a: Corviknight|71/100
|
|t:|1597207922
|switch|p2a: Ditto|Ditto, shiny|100/100|[from]move: U-turn
|-transform|p2a: Ditto|p1a: Corviknight|[from] ability: Imposter
|-ability|p2a: Ditto|Pressure
|
|upkeep
|turn|110
|
|t:|1597207927
|move|p2a: Ditto|Body Press|p1a: Corviknight
|-damage|p1a: Corviknight|55/100
|move|p1a: Corviknight|U-turn|p2a: Ditto
|-resisted|p2a: Ditto
|-damage|p2a: Ditto|97/100
|
|t:|1597207930
|switch|p1a: Clefable|Clefable, F|69/100|[from]move: U-turn
|
|upkeep
|turn|111
|j| Dylanronpa
|l| JokerAtlus
|
|t:|1597207938
|switch|p2a: Clefable|Clefable, M|100/100
|move|p1a: Clefable|Wish|p1a: Clefable
|
|upkeep
|turn|112
|
|t:|1597207942
|switch|p2a: Ditto|Ditto, shiny|97/100
|-transform|p2a: Ditto|p1a: Clefable|[from] ability: Imposter
|switch|p1a: Corviknight|Corviknight, F|55/100
|-damage|p1a: Corviknight|42/100|[from] Stealth Rock
|-ability|p1a: Corviknight|Pressure
|
|-heal|p1a: Corviknight|92/100|[from] move: Wish|[wisher] Clefable
|upkeep
|turn|113
|j| ez
|
|t:|1597207957
|switch|p2a: Corviknight|Corviknight, F|100/100
|-ability|p2a: Corviknight|Pressure
|move|p1a: Corviknight|U-turn|p2a: Corviknight
|-resisted|p2a: Corviknight
|-damage|p2a: Corviknight|98/100
|
|t:|1597207959
|switch|p1a: Rotom|Rotom-Heat|100/100|[from]move: U-turn
|-damage|p1a: Rotom|75/100|[from] Stealth Rock
|
|upkeep
|turn|114
|l| LT71LX Tace
|
|t:|1597207963
|switch|p2a: Blissey|Blissey, F|64/100
|move|p1a: Rotom|Nasty Plot|p1a: Rotom
|-boost|p1a: Rotom|spa|2
|
|upkeep
|turn|115
|j| LT71LX Tace
|
|t:|1597207970
|move|p1a: Rotom|Discharge|p2a: Blissey
|-damage|p2a: Blissey|43/100
|-status|p2a: Blissey|par
|move|p2a: Blissey|Soft-Boiled|p2a: Blissey
|-heal|p2a: Blissey|93/100 par
|
|upkeep
|turn|116
|l| Croakgunk Vibes
|
|t:|1597207985
|move|p1a: Rotom|Pain Split|p2a: Blissey
|-sethp|p2a: Blissey|63/100 par|[from] move: Pain Split|[silent]
|-sethp|p1a: Rotom|100/100|[from] move: Pain Split
|move|p2a: Blissey|Teleport|p2a: Blissey
|
|t:|1597207992
|-curestatus|p2a: Blissey|par|[from] ability: Natural Cure
|switch|p2a: Ditto|Ditto, shiny|97/100|[from]move: Teleport
|-transform|p2a: Ditto|p1a: Rotom|[from] ability: Imposter
|
|upkeep
|turn|117
|
|t:|1597207997
|switch|p2a: Blissey|Blissey, F|63/100
|move|p1a: Rotom|Discharge|p2a: Blissey
|-damage|p2a: Blissey|42/100
|-status|p2a: Blissey|par
|
|upkeep
|turn|118
|j| burgerCute
|l| imzosi
|j| pizza
|l| LT71LX Gura
|j| Serene Grace
|inactive|galarian shofu has 120 seconds left.
|
|t:|1597208025
|move|p1a: Rotom|Discharge|p2a: Blissey
|-damage|p2a: Blissey|19/100 par
|move|p2a: Blissey|Soft-Boiled|p2a: Blissey
|-heal|p2a: Blissey|69/100 par
|
|upkeep
|turn|119
|
|t:|1597208030
|move|p1a: Rotom|Discharge|p2a: Blissey
|-damage|p2a: Blissey|49/100 par
|move|p2a: Blissey|Toxic|p1a: Rotom
|-status|p1a: Rotom|tox
|
|-damage|p1a: Rotom|94/100 tox|[from] psn
|upkeep
|turn|120
|
|t:|1597208035
|move|p1a: Rotom|Discharge|p2a: Blissey
|-damage|p2a: Blissey|29/100 par
|move|p2a: Blissey|Soft-Boiled|p2a: Blissey
|-heal|p2a: Blissey|79/100 par
|
|-damage|p1a: Rotom|82/100 tox|[from] psn
|upkeep
|turn|121
|n| Petros|lt71lxjacked
|l| taxicabby
|
|t:|1597208041
|switch|p1a: Clefable|Clefable, F|69/100
|cant|p2a: Blissey|par
|
|upkeep
|turn|122
|l| Heroin Cowboy
|
|t:|1597208047
|move|p1a: Clefable|Heal Bell|p1a: Clefable
|-activate|p1a: Clefable|move: Heal Bell
|-curestatus|p1: Rotom|tox|[msg]
|move|p2a: Blissey|Seismic Toss|p1a: Clefable
|-damage|p1a: Clefable|43/100
|
|upkeep
|turn|123
|
|t:|1597208050
|move|p1a: Clefable|Soft-Boiled|p1a: Clefable
|-heal|p1a: Clefable|93/100
|move|p2a: Blissey|Seismic Toss|p1a: Clefable
|-damage|p1a: Clefable|68/100
|
|upkeep
|turn|124
|l| Bunny Girl Mai
|
|t:|1597208055
|move|p1a: Clefable|Soft-Boiled|p1a: Clefable
|-heal|p1a: Clefable|100/100
|move|p2a: Blissey|Seismic Toss|p1a: Clefable
|-damage|p1a: Clefable|75/100
|
|upkeep
|turn|125
|
|t:|1597208058
|switch|p1a: Corviknight|Corviknight, F|92/100
|-damage|p1a: Corviknight|79/100|[from] Stealth Rock
|-ability|p1a: Corviknight|Pressure
|move|p2a: Blissey|Seismic Toss|p1a: Corviknight
|-damage|p1a: Corviknight|54/100
|
|upkeep
|turn|126
|
|t:|1597208072
|-curestatus|p2a: Blissey|par|[from] ability: Natural Cure
|switch|p2a: Corviknight|Corviknight, F|98/100
|-ability|p2a: Corviknight|Pressure
|move|p1a: Corviknight|U-turn|p2a: Corviknight
|-resisted|p2a: Corviknight
|-damage|p2a: Corviknight|96/100
|
|t:|1597208075
|switch|p1a: Rotom|Rotom-Heat|82/100|[from]move: U-turn
|-damage|p1a: Rotom|57/100|[from] Stealth Rock
|
|upkeep
|turn|127
|
|t:|1597208085
|move|p1a: Rotom|Pain Split|p2a: Corviknight
|-sethp|p2a: Corviknight|70/100|[from] move: Pain Split|[silent]
|-sethp|p1a: Rotom|92/100|[from] move: Pain Split
|move|p2a: Corviknight|Body Press|p1a: Rotom
|-damage|p1a: Rotom|62/100
|
|upkeep
|turn|128
|
|t:|1597208093
|switch|p2a: Blissey|Blissey, F|79/100
|move|p1a: Rotom|Pain Split|p2a: Blissey
|-sethp|p2a: Blissey|53/100|[from] move: Pain Split|[silent]
|-sethp|p1a: Rotom|100/100|[from] move: Pain Split
|
|upkeep
|turn|129
|
|t:|1597208098
|switch|p1a: Corviknight|Corviknight, F|54/100
|-damage|p1a: Corviknight|42/100|[from] Stealth Rock
|-ability|p1a: Corviknight|Pressure
|move|p2a: Blissey|Soft-Boiled|p2a: Blissey
|-heal|p2a: Blissey|100/100
|
|upkeep
|turn|130
|
|t:|1597208099
|move|p1a: Corviknight|Roost|p1a: Corviknight
|-heal|p1a: Corviknight|92/100
|-singleturn|p1a: Corviknight|move: Roost
|move|p2a: Blissey|Seismic Toss|p1a: Corviknight
|-damage|p1a: Corviknight|67/100
|
|upkeep
|turn|131
|
|t:|1597208106
|switch|p2a: Ditto|Ditto, shiny|97/100
|-transform|p2a: Ditto|p1a: Corviknight|[from] ability: Imposter
|-ability|p2a: Ditto|Pressure
|move|p1a: Corviknight|U-turn|p2a: Ditto
|-resisted|p2a: Ditto
|-damage|p2a: Ditto|94/100
|j|+FMG
|j| lt71lx fendi
|
|t:|1597208109
|switch|p1a: Rotom|Rotom-Heat|100/100|[from]move: U-turn
|-damage|p1a: Rotom|75/100|[from] Stealth Rock
|
|upkeep
|turn|132
|
|t:|1597208114
|switch|p2a: Clefable|Clefable, M|100/100
|move|p1a: Rotom|Pain Split|p2a: Clefable
|-sethp|p2a: Clefable|79/100|[from] move: Pain Split|[silent]
|-sethp|p1a: Rotom|100/100|[from] move: Pain Split
|
|-heal|p2a: Clefable|86/100|[from] item: Leftovers
|upkeep
|turn|133
|
|t:|1597208119
|switch|p1a: Corviknight|Corviknight, F|67/100
|-damage|p1a: Corviknight|54/100|[from] Stealth Rock
|-ability|p1a: Corviknight|Pressure
|move|p2a: Clefable|Moonblast|p1a: Corviknight
|-resisted|p1a: Corviknight
|-damage|p1a: Corviknight|41/100
|-unboost|p1a: Corviknight|spa|1
|
|-heal|p2a: Clefable|92/100|[from] item: Leftovers
|upkeep
|turn|134
|
|t:|1597208122
|switch|p2a: Ditto|Ditto, shiny|94/100
|-transform|p2a: Ditto|p1a: Corviknight|[from] ability: Imposter
|-ability|p2a: Ditto|Pressure
|move|p1a: Corviknight|Roost|p1a: Corviknight
|-heal|p1a: Corviknight|91/100
|-singleturn|p1a: Corviknight|move: Roost
|
|upkeep
|turn|135
|
|t:|1597208125
|move|p2a: Ditto|Body Press|p1a: Corviknight
|-crit|p1a: Corviknight
|-damage|p1a: Corviknight|69/100
|move|p1a: Corviknight|U-turn|p2a: Ditto
|-resisted|p2a: Ditto
|-damage|p2a: Ditto|91/100
|l| outu23
|
|t:|1597208128
|switch|p1a: Rotom|Rotom-Heat|100/100|[from]move: U-turn
|-damage|p1a: Rotom|75/100|[from] Stealth Rock
|
|upkeep
|turn|136
|
|t:|1597208132
|switch|p2a: Blissey|Blissey, F|100/100
|move|p1a: Rotom|Discharge|p2a: Blissey
|-damage|p2a: Blissey|89/100
|
|upkeep
|turn|137
|
|t:|1597208141
|switch|p1a: Corviknight|Corviknight, F|69/100
|-damage|p1a: Corviknight|56/100|[from] Stealth Rock
|-ability|p1a: Corviknight|Pressure
|move|p2a: Blissey|Seismic Toss|p1a: Corviknight
|-damage|p1a: Corviknight|31/100
|
|upkeep
|turn|138
|
|t:|1597208146
|move|p1a: Corviknight|Roost|p1a: Corviknight
|-heal|p1a: Corviknight|81/100
|-singleturn|p1a: Corviknight|move: Roost
|move|p2a: Blissey|Seismic Toss|p1a: Corviknight
|-damage|p1a: Corviknight|56/100
|
|upkeep
|turn|139
|
|t:|1597208153
|move|p1a: Corviknight|Roost|p1a: Corviknight
|-heal|p1a: Corviknight|100/100
|-singleturn|p1a: Corviknight|move: Roost
|move|p2a: Blissey|Seismic Toss|p1a: Corviknight
|-damage|p1a: Corviknight|75/100
|
|upkeep
|turn|140
|j| Moltracer
|
|t:|1597208160
|switch|p2a: Ditto|Ditto, shiny|91/100
|-transform|p2a: Ditto|p1a: Corviknight|[from] ability: Imposter
|-ability|p2a: Ditto|Pressure
|move|p1a: Corviknight|U-turn|p2a: Ditto
|-resisted|p2a: Ditto
|-damage|p2a: Ditto|88/100
|
|t:|1597208162
|switch|p1a: Rotom|Rotom-Heat|75/100|[from]move: U-turn
|-damage|p1a: Rotom|50/100|[from] Stealth Rock
|
|upkeep
|turn|141
|
|t:|1597208166
|move|p1a: Rotom|Pain Split|p2a: Ditto
|-sethp|p2a: Ditto|69/100|[from] move: Pain Split|[silent]
|-sethp|p1a: Rotom|69/100|[from] move: Pain Split
|move|p2a: Ditto|Body Press|p1a: Rotom
|-damage|p1a: Rotom|44/100
|
|upkeep
|turn|142
|
|t:|1597208173
|switch|p2a: Blissey|Blissey, F|89/100
|move|p1a: Rotom|Pain Split|p2a: Blissey
|-sethp|p2a: Blissey|54/100|[from] move: Pain Split|[silent]
|-sethp|p1a: Rotom|100/100|[from] move: Pain Split
|
|upkeep
|turn|143
|
|t:|1597208180
|move|p1a: Rotom|Nasty Plot|p1a: Rotom
|-boost|p1a: Rotom|spa|2
|move|p2a: Blissey|Soft-Boiled|p2a: Blissey
|-heal|p2a: Blissey|100/100
|
|upkeep
|turn|144
|
|t:|1597208184
|switch|p1a: Corviknight|Corviknight, F|75/100
|-damage|p1a: Corviknight|63/100|[from] Stealth Rock
|-ability|p1a: Corviknight|Pressure
|move|p2a: Blissey|Toxic|p1a: Corviknight
|-immune|p1a: Corviknight
|
|upkeep
|turn|145
|n| Idontreply|kory2600
|
|t:|1597208194
|switch|p2a: Ditto|Ditto, shiny|69/100
|-transform|p2a: Ditto|p1a: Corviknight|[from] ability: Imposter
|-ability|p2a: Ditto|Pressure
|move|p1a: Corviknight|U-turn|p2a: Ditto
|-resisted|p2a: Ditto
|-damage|p2a: Ditto|66/100
|j| ciri
|
|t:|1597208216
|switch|p1a: Rhyperior|Rhyperior, F|100/100|[from]move: U-turn
|-damage|p1a: Rhyperior|94/100|[from] Stealth Rock
|
|upkeep
|turn|146
|
|t:|1597208220
|move|p2a: Ditto|U-turn|p1a: Rhyperior
|-damage|p1a: Rhyperior|84/100
|l| lc ladder warrior
|
|t:|1597208224
|switch|p2a: Corviknight|Corviknight, F|70/100|[from]move: U-turn
|-ability|p2a: Corviknight|Pressure
|move|p1a: Rhyperior|Swords Dance|p1a: Rhyperior
|-boost|p1a: Rhyperior|atk|2
|
|upkeep
|turn|147
|
|t:|1597208233
|move|p2a: Corviknight|Body Press|p1a: Rhyperior
|-supereffective|p1a: Rhyperior
|-damage|p1a: Rhyperior|58/100
|move|p1a: Rhyperior|Heat Crash|p2a: Corviknight
|-supereffective|p2a: Corviknight
|-damage|p2a: Corviknight|0 fnt
|faint|p2a: Corviknight
|
|upkeep
|l| Dra15
|c|☆LT71LX John W|gg
|l| come in spinner
|-message|LT71LX John W forfeited.
|
|win|galarian shofu
|raw|galarian shofu's rating: 2160 &rarr; <strong>2177</strong><br />(+17 for winning)
|raw|LT71LX John W's rating: 2102 &rarr; <strong>2085</strong><br />(-17 for losing)
|l|☆LT71LX John W
|l| lt71lx juuls
|l| ez
|l| Limited_Toolkit
|c| LT71LX wd|gg
|l| LT71LX Beastly
|l| met gala
|l| LT71LX Tace
|l| Javoon
|l| koookie
|l| Serene Grace
|l| in the membrane
|l| ciri
|l| ImpTheWimp
|j| LT71LX Tace
|l| SamHPL
|l| BoomBoomBoo
|l| lt71lx fendi
|l| pizza
|l| Devil Patchy
|l| duppyduppy
|l| sjneider
|l| AzureRazor
|l| Free Swimming
|l| B4tt1enet
|l| LT71LX Merm
|l|+FMG
|l| Hitmoncut
|j| ImpTheWimp
|c| Theo Mani Fan Club|incredible
|j| susciety
|l| Dylanronpa
|l| gilded sparrow
|l| meatybawls
|l| LT71LXMegavictinii
|c| Sauntered|hot
|l| GOATDON
|l| testingplays
|l|+Oblivion Gate
|l| ImpTheWimp
|l| Nickos
|l| LT71LX Tace
|l| Brandie
|l| Theo Mani Fan Club
|l| iarim
|l| baconeatinassassin
|l| Ad&50
|l| Hayburner
|l| Waveshaper
|l| dxfcvcxbdfzxb
|l| File tes baskets
|l| Jdjdvdye
|j| File tes baskets
|l|‽galarian shofu
|l| Jytcampbell
|l| Petros
|l| File tes baskets
|j| lt71lx leo
|l| telemarked
|j| testingplays
|j| OUTU Neymar
|j| LT71LX Bluxbaby
|j| adv hunger switch
|l| peap ✿ odc
|l| lt71lx leo
|l| TSR
|j| beefnudels11
|l| beefnudels11
|l| kenshiro27
|l| burgerCute
|l| curiosity
|j| LT71LX ayouko
|l| LT71LX Luthier
|l| storm zone
