|j|☆Clowns_Official
|j|☆Kazt_5
|inactive|Battle timer is ON: inactive players will automatically lose when time's up.
|t:|1614464859
|player|p1|Clowns_Official|harlequin|
|player|p2|Kazt_5|dawn|
|teamsize|p1|6
|teamsize|p2|6
|gametype|singles
|gen|8
|tier|[Gen 8] OU
|rated|Tournament battle
|clearpoke
|poke|p1|Pikachu, M|
|poke|p1|Lycanroc-Dusk, F|
|poke|p1|Slurpuff, M|
|poke|p1|Azelf|
|poke|p1|Kyurem|
|poke|p1|Tapu Fini|
|poke|p2|Glastrier|
|poke|p2|Tyranitar, F|
|poke|p2|Slowbro, F|
|poke|p2|Rillaboom, F|
|poke|p2|Corviknight, M|
|poke|p2|Zeraora|
|rule|Sleep Clause Mod: Limit one foe put to sleep
|rule|Species Clause: Limit one of each Pokémon
|rule|OHKO Clause: OHKO moves are banned
|rule|Evasion Moves Clause: Evasion moves are banned
|rule|Endless Battle Clause: Forcing endless battles is banned
|rule|HP Percentage Mod: HP is shown in percentages
|rule|Dynamax Clause: You cannot dynamax
|teampreview
|j| ollaanparhaita
|j| ayywantsomegumbro
|j| HOF69
|c|☆Kazt_5|the one and only clown
|c| HOF69|meme team!
|j| assddff
|c|☆Kazt_5|hf
|c|☆Clowns_Official|ut
|inactive|Clowns_Official has 120 seconds left.
|inactive|Kazt_5 has 120 seconds left.
|c|☆Clowns_Official|u2
|j| ezws
|inactive|Clowns_Official has 90 seconds left.
|
|t:|1614464922
|start
|switch|p1a: Azelf|Azelf|100/100
|switch|p2a: Tyranitar|Tyranitar, F|100/100
|-weather|Sandstorm|[from] ability: Sand Stream|[of] p2a: Tyranitar
|turn|1
|c|☆Kazt_5|this team makes me kinda nervous, it looks so shit that it is probably amazing
|
|t:|1614464937
|move|p1a: Azelf|Stealth Rock|p2a: Tyranitar
|-sidestart|p2: Kazt_5|move: Stealth Rock
|move|p2a: Tyranitar|Rock Blast|p1a: Azelf
|-damage|p1a: Azelf|84/100
|-damage|p1a: Azelf|66/100
|-damage|p1a: Azelf|47/100
|-hitcount|p1a: Azelf|3
|
|-weather|Sandstorm|[upkeep]
|-damage|p1a: Azelf|41/100|[from] Sandstorm
|upkeep
|turn|2
|
|t:|1614464943
|move|p1a: Azelf|Explosion|p2a: Tyranitar
|-resisted|p2a: Tyranitar
|-damage|p2a: Tyranitar|71/100
|faint|p1a: Azelf
|move|p2a: Tyranitar|Stealth Rock|p1: Azelf
|-sidestart|p1: Clowns_Official|move: Stealth Rock
|
|-weather|Sandstorm|[upkeep]
|-heal|p2a: Tyranitar|77/100|[from] item: Leftovers
|upkeep
|c| ezws|clowns official with the rand bats lookin team we stan
|c|☆Clowns_Official|forgot you could put up rocks after an explosion
|j| Pepinilloroxo
|c|☆Clowns_Official|i was gonna taunt but said fuck it
|c| ayywantsomegumbro|why rock blast tho
|c|☆Kazt_5|lol
|
|t:|1614464972
|switch|p1a: Lycanroc|Lycanroc-Dusk, F|100/100
|-damage|p1a: Lycanroc|88/100|[from] Stealth Rock
|turn|3
|
|t:|1614464977
|switch|p1a: God|Pikachu, M|100/100
|-damage|p1a: God|88/100|[from] Stealth Rock
|switch|p2a: Corviknight|Corviknight, M|100/100
|-damage|p2a: Corviknight|88/100|[from] Stealth Rock
|-ability|p2a: Corviknight|Pressure
|
|-weather|Sandstorm|[upkeep]
|-damage|p1a: God|82/100|[from] Sandstorm
|-heal|p2a: Corviknight|94/100|[from] item: Leftovers
|upkeep
|turn|4
|c|☆Clowns_Official|rock blast is standard
|c|☆Kazt_5|oh shit hes in
|
|t:|1614464995
|-singleturn|p1a: God|move: Focus Punch
|switch|p2a: Zeraora|Zeraora|100/100
|move|p1a: God|Focus Punch|p2a: Zeraora
|-damage|p2a: Zeraora|11/100
|
|-weather|Sandstorm|[upkeep]
|-damage|p2a: Zeraora|5/100|[from] Sandstorm
|-damage|p1a: God|76/100|[from] Sandstorm
|upkeep
|turn|5
|c| ayywantsomegumbro|im scared of god
|c|☆Kazt_5|bruh
|
|t:|1614465008
|switch|p1a: Slurpuff|Slurpuff, M|100/100
|-damage|p1a: Slurpuff|88/100|[from] Stealth Rock
|move|p2a: Zeraora|Close Combat|p1a: Slurpuff
|-resisted|p1a: Slurpuff
|-crit|p1a: Slurpuff
|-damage|p1a: Slurpuff|35/100
|-unboost|p2a: Zeraora|def|1
|-unboost|p2a: Zeraora|spd|1
|
|-weather|none
|upkeep
|turn|6
|
|t:|1614465016
|move|p2a: Zeraora|Plasma Fists|p1a: Slurpuff
|-crit|p1a: Slurpuff
|-damage|p1a: Slurpuff|0 fnt
|-fieldactivate|move: Ion Deluge
|faint|p1a: Slurpuff
|
|upkeep
|
|t:|1614465020
|switch|p1a: Lycanroc|Lycanroc-Dusk, F|88/100
|-damage|p1a: Lycanroc|76/100|[from] Stealth Rock
|turn|7
|
|t:|1614465028
|move|p2a: Zeraora|Close Combat|p1a: Lycanroc
|-supereffective|p1a: Lycanroc
|-crit|p1a: Lycanroc
|-damage|p1a: Lycanroc|0 fnt
|-unboost|p2a: Zeraora|def|1
|-unboost|p2a: Zeraora|spd|1
|faint|p1a: Lycanroc
|
|upkeep
|c| ayywantsomegumbro|double crit nice
|c|☆Clowns_Official|uh
|c|☆Clowns_Official|i
|c|☆Clowns_Official|read corv
|c| HOF69|lol
|
|t:|1614465036
|switch|p1a: Tapu Fini|Tapu Fini|100/100
|-damage|p1a: Tapu Fini|88/100|[from] Stealth Rock
|-fieldstart|move: Misty Terrain|[from] ability: Misty Surge|[of] p1a: Tapu Fini
|turn|8
|c|☆Clowns_Official|i fucked u
|c|☆Clowns_Official|shoudlve just
|c|☆Clowns_Official|acceled
|
|t:|1614465049
|move|p2a: Zeraora|Plasma Fists|p1a: Tapu Fini
|-supereffective|p1a: Tapu Fini
|-damage|p1a: Tapu Fini|29/100
|-fieldactivate|move: Ion Deluge
|move|p1a: Tapu Fini|Scald|p2a: Zeraora
|-damage|p2a: Zeraora|0 fnt
|faint|p2a: Zeraora
|
|-heal|p1a: Tapu Fini|35/100|[from] item: Leftovers
|upkeep
|c| ollaanparhaita|zeraora FUCKS
|c|☆Clowns_Official|nvm
|c|☆Kazt_5|fr
|c|☆Clowns_Official|weakass zera
|c|☆Kazt_5|ye
|c|☆Clowns_Official|not even close to
|
|t:|1614465064
|switch|p2a: Rillaboom|Rillaboom, F|100/100
|-damage|p2a: Rillaboom|88/100|[from] Stealth Rock
|-fieldstart|move: Grassy Terrain|[from] ability: Grassy Surge|[of] p2a: Rillaboom
|turn|9
|c|☆Clowns_Official|pikachu level of strength
|
|t:|1614465072
|move|p2a: Rillaboom|Grassy Glide|p1a: Tapu Fini
|-supereffective|p1a: Tapu Fini
|-damage|p1a: Tapu Fini|0 fnt
|faint|p1a: Tapu Fini
|
|-heal|p2a: Rillaboom|94/100|[from] Grassy Terrain
|upkeep
|
|t:|1614465074
|switch|p1a: Kyurem|Kyurem|100/100
|-damage|p1a: Kyurem|76/100|[from] Stealth Rock
|-ability|p1a: Kyurem|Pressure
|turn|10
|
|t:|1614465082
|switch|p2a: Tyranitar|Tyranitar, F|77/100
|-damage|p2a: Tyranitar|64/100|[from] Stealth Rock
|-weather|Sandstorm|[from] ability: Sand Stream|[of] p2a: Tyranitar
|move|p1a: Kyurem|Focus Blast|p2a: Tyranitar|[miss]
|-miss|p1a: Kyurem|p2a: Tyranitar
|
|-weather|Sandstorm|[upkeep]
|-damage|p1a: Kyurem|70/100|[from] Sandstorm
|-heal|p1a: Kyurem|76/100|[from] Grassy Terrain
|-heal|p2a: Tyranitar|71/100|[from] Grassy Terrain
|-heal|p2a: Tyranitar|77/100|[from] item: Leftovers
|upkeep
|turn|11
|
|t:|1614465089
|move|p1a: Kyurem|Focus Blast|p2a: Tyranitar|[miss]
|-miss|p1a: Kyurem|p2a: Tyranitar
|move|p2a: Tyranitar|Rock Blast|p1a: Kyurem|[miss]
|-miss|p2a: Tyranitar|p1a: Kyurem
|
|-weather|Sandstorm|[upkeep]
|-damage|p1a: Kyurem|70/100|[from] Sandstorm
|-heal|p1a: Kyurem|76/100|[from] Grassy Terrain
|-heal|p2a: Tyranitar|83/100|[from] Grassy Terrain
|-heal|p2a: Tyranitar|89/100|[from] item: Leftovers
|upkeep
|turn|12
|c| ayywantsomegumbro|grassy glide is the most spammable move i swear
|c|☆Kazt_5|does that kill?
|c|☆Clowns_Official|no
|c| ayywantsomegumbro|wow
|
|t:|1614465101
|move|p1a: Kyurem|Focus Blast|p2a: Tyranitar|[miss]
|-miss|p1a: Kyurem|p2a: Tyranitar
|move|p2a: Tyranitar|Rock Blast|p1a: Kyurem
|-supereffective|p1a: Kyurem
|-damage|p1a: Kyurem|54/100
|-supereffective|p1a: Kyurem
|-damage|p1a: Kyurem|34/100
|-supereffective|p1a: Kyurem
|-damage|p1a: Kyurem|14/100
|-hitcount|p1a: Kyurem|3
|
|-weather|Sandstorm|[upkeep]
|-damage|p1a: Kyurem|8/100|[from] Sandstorm
|-heal|p1a: Kyurem|14/100|[from] Grassy Terrain
|-heal|p2a: Tyranitar|95/100|[from] Grassy Terrain
|-heal|p2a: Tyranitar|100/100|[from] item: Leftovers
|upkeep
|turn|13
|-message|Clowns_Official forfeited.
|
|win|Kazt_5
|n|☆Clowns_Official|clownsofficial
|n|☆Kazt_5|kazt5
|n| ollaanparhaita|ollaanparhaita
|n| ayywantsomegumbro|ayywantsomegumbro
|n| HOF69|hof69
|n| assddff|assddff
|n| ezws|ezws
|n| Pepinilloroxo|pepinilloroxo
