|j|☆adel19
|j|☆legitteambuilder
|t:|1612703102
|player|p1|adel19|rocketgrunt|1709
|player|p2|legitteambuilder|lance|1645
|teamsize|p1|6
|teamsize|p2|6
|gametype|singles
|gen|8
|tier|[Gen 8] OU
|rated|
|clearpoke
|poke|p1|Landorus-Therian, M|
|poke|p1|Heatran, M|
|poke|p1|Blaziken, F|
|poke|p1|Tapu Fini|
|poke|p1|Cinderace, F|
|poke|p1|Kartana|
|poke|p2|Salazzle, F|
|poke|p2|Primarina, F|
|poke|p2|Ferrothorn, F|
|poke|p2|Mandibuzz, F|
|poke|p2|Dragapult, M|
|poke|p2|Slowbro, M|
|rule|Sleep Clause Mod: Limit one foe put to sleep
|rule|Species Clause: Limit one of each Pokémon
|rule|OHKO Clause: OHKO moves are banned
|rule|Evasion Moves Clause: Evasion moves are banned
|rule|Endless Battle Clause: Forcing endless battles is banned
|rule|HP Percentage Mod: HP is shown in percentages
|rule|Dynamax Clause: You cannot dynamax
|teampreview
|
|t:|1612703109
|start
|switch|p1a: Landorus|Landorus-Therian, M|100/100
|switch|p2a: Ariel|Primarina, F, shiny|100/100
|-ability|p1a: Landorus|Intimidate|boost
|-unboost|p2a: Ariel|atk|1
|turn|1
|
|t:|1612703117
|move|p1a: Landorus|U-turn|p2a: Ariel
|-resisted|p2a: Ariel
|-damage|p2a: Ariel|87/100
|
|t:|1612703119
|switch|p1a: Tapu Fini|Tapu Fini|100/100|[from]move: U-turn
|-fieldstart|move: Misty Terrain|[from] ability: Misty Surge|[of] p1a: Tapu Fini
|move|p2a: Ariel|Scald|p1a: Tapu Fini
|-resisted|p1a: Tapu Fini
|-damage|p1a: Tapu Fini|88/100
|
|-heal|p1a: Tapu Fini|94/100|[from] item: Leftovers
|-heal|p2a: Ariel|93/100|[from] item: Leftovers
|upkeep
|turn|2
|
|t:|1612703128
|move|p1a: Tapu Fini|Nature's Madness|p2a: Ariel
|-damage|p2a: Ariel|47/100
|move|p2a: Ariel|Calm Mind|p2a: Ariel
|-boost|p2a: Ariel|spa|1
|-boost|p2a: Ariel|spd|1
|
|-heal|p1a: Tapu Fini|99/100|[from] item: Leftovers
|-heal|p2a: Ariel|53/100|[from] item: Leftovers
|upkeep
|turn|3
|
|t:|1612703134
|move|p1a: Tapu Fini|Taunt|p2a: Ariel
|-start|p2a: Ariel|move: Taunt
|move|p2a: Ariel|Draining Kiss|p1a: Tapu Fini
|-damage|p1a: Tapu Fini|73/100
|-heal|p2a: Ariel|72/100|[from] drain|[of] p1a: Tapu Fini
|
|-heal|p1a: Tapu Fini|80/100|[from] item: Leftovers
|-heal|p2a: Ariel|78/100|[from] item: Leftovers
|upkeep
|turn|4
|
|t:|1612703139
|move|p1a: Tapu Fini|Moonblast|p2a: Ariel
|-damage|p2a: Ariel|61/100
|move|p2a: Ariel|Draining Kiss|p1a: Tapu Fini
|-damage|p1a: Tapu Fini|53/100
|-heal|p2a: Ariel|80/100|[from] drain|[of] p1a: Tapu Fini
|
|-heal|p1a: Tapu Fini|59/100|[from] item: Leftovers
|-heal|p2a: Ariel|86/100|[from] item: Leftovers
|upkeep
|turn|5
|
|t:|1612703149
|move|p1a: Tapu Fini|Nature's Madness|p2a: Ariel
|-damage|p2a: Ariel|43/100
|move|p2a: Ariel|Scald|p1a: Tapu Fini
|-resisted|p1a: Tapu Fini
|-damage|p1a: Tapu Fini|38/100
|
|-heal|p1a: Tapu Fini|44/100|[from] item: Leftovers
|-heal|p2a: Ariel|49/100|[from] item: Leftovers
|-end|p2a: Ariel|move: Taunt
|-fieldend|Misty Terrain
|upkeep
|turn|6
|
|t:|1612703154
|switch|p1a: Cinderace|Cinderace, F|100/100
|move|p2a: Ariel|Calm Mind|p2a: Ariel
|-boost|p2a: Ariel|spa|1
|-boost|p2a: Ariel|spd|1
|
|-heal|p2a: Ariel|55/100|[from] item: Leftovers
|upkeep
|turn|7
|
|t:|1612703160
|switch|p2a: Slowbro|Slowbro, M|100/100
|move|p1a: Cinderace|Gunk Shot|p2a: Slowbro
|-start|p1a: Cinderace|typechange|Poison|[from] ability: Libero
|-damage|p2a: Slowbro|65/100
|
|upkeep
|turn|8
|
|t:|1612703164
|move|p1a: Cinderace|Gunk Shot|p2a: Slowbro
|-damage|p2a: Slowbro|33/100
|-status|p2a: Slowbro|psn
|move|p2a: Slowbro|Teleport|p2a: Slowbro
|
|t:|1612703167
|switch|p2a: Dragapult|Dragapult, M|100/100|[from]move: Teleport
|
|upkeep
|turn|9
|
|t:|1612703178
|move|p2a: Dragapult|U-turn|p1a: Cinderace
|-resisted|p1a: Cinderace
|-damage|p1a: Cinderace|89/100
|
|t:|1612703180
|switch|p2a: BellaThorne|Ferrothorn, F, shiny|100/100|[from]move: U-turn
|move|p1a: Cinderace|Gunk Shot|p2a: BellaThorne
|-immune|p2a: BellaThorne
|
|upkeep
|turn|10
|
|t:|1612703200
|switch|p2a: Slowbro|Slowbro, M|66/100 psn
|move|p1a: Cinderace|Gunk Shot|p2a: Slowbro
|-damage|p2a: Slowbro|35/100 psn
|
|-damage|p2a: Slowbro|23/100 psn|[from] psn
|upkeep
|turn|11
|
|t:|1612703221
|switch|p2a: BellaThorne|Ferrothorn, F, shiny|100/100
|move|p1a: Cinderace|Pyro Ball|p2a: BellaThorne
|-start|p1a: Cinderace|typechange|Fire|[from] ability: Libero
|-supereffective|p2a: BellaThorne
|-damage|p2a: BellaThorne|0 fnt
|faint|p2a: BellaThorne
|
|upkeep
|
|t:|1612703223
|switch|p2a: Dragapult|Dragapult, M|100/100
|turn|12
|
|t:|1612703228
|switch|p1a: Tapu Fini|Tapu Fini|44/100
|-fieldstart|move: Misty Terrain|[from] ability: Misty Surge|[of] p1a: Tapu Fini
|move|p2a: Dragapult|Shadow Ball|p1a: Tapu Fini
|-damage|p1a: Tapu Fini|4/100
|
|-heal|p1a: Tapu Fini|10/100|[from] item: Leftovers
|upkeep
|turn|13
|
|t:|1612703235
|switch|p1a: Heatran|Heatran, M|100/100
|move|p2a: Dragapult|Shadow Ball|p1a: Heatran
|-damage|p1a: Heatran|47/100
|
|-heal|p1a: Heatran|53/100|[from] item: Leftovers
|upkeep
|turn|14
|
|t:|1612703239
|move|p2a: Dragapult|Shadow Ball|p1a: Heatran
|-damage|p1a: Heatran|5/100
|move|p1a: Heatran|Earth Power|p2a: Dragapult
|-damage|p2a: Dragapult|59/100
|
|-heal|p1a: Heatran|11/100|[from] item: Leftovers
|upkeep
|turn|15
|
|t:|1612703244
|move|p2a: Dragapult|Shadow Ball|p1a: Heatran
|-damage|p1a: Heatran|0 fnt
|faint|p1a: Heatran
|
|upkeep
|
|t:|1612703250
|switch|p1a: Kartana|Kartana|100/100
|turn|16
|
|t:|1612703254
|switch|p2a: Mandibuzz|Mandibuzz, F|100/100
|move|p1a: Kartana|Knock Off|p2a: Mandibuzz
|-resisted|p2a: Mandibuzz
|-damage|p2a: Mandibuzz|83/100
|-enditem|p2a: Mandibuzz|Heavy-Duty Boots|[from] move: Knock Off|[of] p1a: Kartana
|
|-fieldend|Misty Terrain
|upkeep
|turn|17
|
|t:|1612703258
|switch|p1a: Landorus|Landorus-Therian, M|100/100
|-ability|p1a: Landorus|Intimidate|boost
|-unboost|p2a: Mandibuzz|atk|1
|move|p2a: Mandibuzz|U-turn|p1a: Landorus
|-resisted|p1a: Landorus
|-damage|p1a: Landorus|96/100
|-damage|p2a: Mandibuzz|66/100|[from] item: Rocky Helmet|[of] p1a: Landorus
|
|t:|1612703267
|switch|p2a: Ariel|Primarina, F, shiny|55/100|[from]move: U-turn
|
|-heal|p2a: Ariel|61/100|[from] item: Leftovers
|upkeep
|turn|18
|j| kagelo
|
|t:|1612703272
|move|p1a: Landorus|Earthquake|p2a: Ariel
|-damage|p2a: Ariel|5/100
|move|p2a: Ariel|Scald|p1a: Landorus
|-supereffective|p1a: Landorus
|-damage|p1a: Landorus|0 fnt
|faint|p1a: Landorus
|
|-heal|p2a: Ariel|11/100|[from] item: Leftovers
|upkeep
|
|t:|1612703278
|switch|p1a: Cinderace|Cinderace, F|89/100
|turn|19
|
|t:|1612703285
|move|p1a: Cinderace|U-turn|p2a: Ariel
|-start|p1a: Cinderace|typechange|Bug|[from] ability: Libero
|-resisted|p2a: Ariel
|-damage|p2a: Ariel|0 fnt
|faint|p2a: Ariel
|
|t:|1612703294
|switch|p1a: Blaziken|Blaziken, F|100/100|[from]move: U-turn
|
|upkeep
|
|t:|1612703308
|switch|p2a: Dragapult|Dragapult, M|59/100
|turn|20
|
|t:|1612703311
|switch|p1a: Tapu Fini|Tapu Fini|10/100
|-fieldstart|move: Misty Terrain|[from] ability: Misty Surge|[of] p1a: Tapu Fini
|move|p2a: Dragapult|Draco Meteor|p1a: Tapu Fini
|-immune|p1a: Tapu Fini
|
|-heal|p1a: Tapu Fini|16/100|[from] item: Leftovers
|upkeep
|turn|21
|
|t:|1612703318
|switch|p2a: Slick|Salazzle, F, shiny|100/100
|move|p1a: Tapu Fini|Surf|p2a: Slick
|-supereffective|p2a: Slick
|-damage|p2a: Slick|0 fnt
|faint|p2a: Slick
|
|-heal|p1a: Tapu Fini|22/100|[from] item: Leftovers
|upkeep
|
|t:|1612703321
|switch|p2a: Dragapult|Dragapult, M|59/100
|turn|22
|
|t:|1612703333
|switch|p1a: Blaziken|Blaziken, F|100/100
|move|p2a: Dragapult|Shadow Ball|p1a: Blaziken
|-damage|p1a: Blaziken|18/100
|-unboost|p1a: Blaziken|spd|1
|
|upkeep
|turn|23
|
|t:|1612703337
|move|p2a: Dragapult|Shadow Ball|p1a: Blaziken
|-damage|p1a: Blaziken|0 fnt
|faint|p1a: Blaziken
|
|upkeep
|
|t:|1612703342
|switch|p1a: Cinderace|Cinderace, F|89/100
|turn|24
|
|t:|1612703358
|move|p2a: Dragapult|Shadow Ball|p1a: Cinderace
|-damage|p1a: Cinderace|20/100
|move|p1a: Cinderace|U-turn|p2a: Dragapult
|-start|p1a: Cinderace|typechange|Bug|[from] ability: Libero
|-resisted|p2a: Dragapult
|-damage|p2a: Dragapult|37/100
|
|t:|1612703362
|switch|p1a: Kartana|Kartana|100/100|[from]move: U-turn
|
|-fieldend|Misty Terrain
|upkeep
|turn|25
|
|t:|1612703367
|switch|p2a: Mandibuzz|Mandibuzz, F|66/100
|move|p1a: Kartana|Leaf Blade|p2a: Mandibuzz
|-resisted|p2a: Mandibuzz
|-damage|p2a: Mandibuzz|45/100
|
|upkeep
|turn|26
|
|t:|1612703371
|switch|p1a: Tapu Fini|Tapu Fini|22/100
|-fieldstart|move: Misty Terrain|[from] ability: Misty Surge|[of] p1a: Tapu Fini
|move|p2a: Mandibuzz|Roost|p2a: Mandibuzz
|-heal|p2a: Mandibuzz|95/100
|-singleturn|p2a: Mandibuzz|move: Roost
|
|-heal|p1a: Tapu Fini|28/100|[from] item: Leftovers
|upkeep
|turn|27
|
|t:|1612703374
|move|p1a: Tapu Fini|Nature's Madness|p2a: Mandibuzz
|-damage|p2a: Mandibuzz|48/100
|move|p2a: Mandibuzz|U-turn|p1a: Tapu Fini
|-resisted|p1a: Tapu Fini
|-damage|p1a: Tapu Fini|24/100
|j| znee
|
|t:|1612703377
|switch|p2a: Dragapult|Dragapult, M|37/100|[from]move: U-turn
|
|-heal|p1a: Tapu Fini|30/100|[from] item: Leftovers
|upkeep
|turn|28
|
|t:|1612703381
|move|p2a: Dragapult|Shadow Ball|p1a: Tapu Fini
|-damage|p1a: Tapu Fini|0 fnt
|faint|p1a: Tapu Fini
|
|upkeep
|
|t:|1612703383
|switch|p1a: Cinderace|Cinderace, F|20/100
|turn|29
|
|t:|1612703386
|switch|p2a: Mandibuzz|Mandibuzz, F|48/100
|move|p1a: Cinderace|Sucker Punch||[still]
|-fail|p1a: Cinderace
|
|upkeep
|turn|30
|j| Sif Fulus
|
|t:|1612703391
|move|p1a: Cinderace|Pyro Ball|p2a: Mandibuzz
|-damage|p2a: Mandibuzz|0 fnt
|faint|p2a: Mandibuzz
|
|-fieldend|Misty Terrain
|upkeep
|
|t:|1612703394
|switch|p2a: Slowbro|Slowbro, M|56/100 psn
|turn|31
|
|t:|1612703403
|move|p1a: Cinderace|U-turn|p2a: Slowbro
|-start|p1a: Cinderace|typechange|Bug|[from] ability: Libero
|-supereffective|p2a: Slowbro
|-damage|p2a: Slowbro|16/100 psn
|-damage|p1a: Cinderace|3/100|[from] item: Rocky Helmet|[of] p2a: Slowbro
|
|t:|1612703406
|switch|p1a: Kartana|Kartana|100/100|[from]move: U-turn
|move|p2a: Slowbro|Teleport|p2a: Slowbro
|
|t:|1612703408
|switch|p2a: Dragapult|Dragapult, M|37/100|[from]move: Teleport
|
|upkeep
|turn|32
|
|t:|1612703413
|switch|p2a: Slowbro|Slowbro, M|49/100 psn
|move|p1a: Kartana|Knock Off|p2a: Slowbro
|-supereffective|p2a: Slowbro
|-damage|p2a: Slowbro|0 fnt
|-damage|p1a: Kartana|84/100|[from] item: Rocky Helmet|[of] p2a: Slowbro
|-enditem|p2a: Slowbro|Rocky Helmet|[from] move: Knock Off|[of] p1a: Kartana
|faint|p2a: Slowbro
|-ability|p1a: Kartana|Beast Boost|boost
|-boost|p1a: Kartana|atk|1
|
|upkeep
|
|t:|1612703417
|switch|p2a: Dragapult|Dragapult, M|37/100
|turn|33
|c|☆adel19|gg
|c|☆legitteambuilder|gg
|
|t:|1612703420
|move|p1a: Kartana|Knock Off|p2a: Dragapult
|-supereffective|p2a: Dragapult
|-damage|p2a: Dragapult|0 fnt
|-enditem|p2a: Dragapult|Choice Specs|[from] move: Knock Off|[of] p1a: Kartana
|faint|p2a: Dragapult
|
|win|adel19
|l|☆legitteambuilder
|raw|adel19's rating: 1709 &rarr; <strong>1726</strong><br />(+17 for winning)
|raw|legitteambuilder's rating: 1645 &rarr; <strong>1628</strong><br />(-17 for losing)
