|raw|<div class="broadcast-blue"><strong>This battle is required to be public due to a player having a name prefixed by 'LT72MS'.</div>
|j|☆Lt72ms win
|j|☆The Last Hero
|t:|1597767803
|player|p1|Lt72ms win|waitress|1748
|player|p2|The Last Hero|acetrainersnow|1679
|teamsize|p1|6
|teamsize|p2|6
|gametype|singles
|gen|8
|tier|[Gen 8] OU
|rated|
|clearpoke
|poke|p1|Alakazam, F|
|poke|p1|Dragapult, M|
|poke|p1|Kommo-o, M|
|poke|p1|Mew|
|poke|p1|Rillaboom, F|
|poke|p1|Toxtricity, M|
|poke|p2|Klefki, M|
|poke|p2|Ditto|
|poke|p2|Sableye, M|
|poke|p2|Aegislash, M|
|poke|p2|Pelipper, M|
|poke|p2|Rillaboom, M|
|rule|Sleep Clause Mod: Limit one foe put to sleep
|rule|Species Clause: Limit one of each Pokémon
|rule|OHKO Clause: OHKO moves are banned
|rule|Evasion Moves Clause: Evasion moves are banned
|rule|Endless Battle Clause: Forcing endless battles is banned
|rule|HP Percentage Mod: HP is shown in percentages
|rule|Dynamax Clause: You cannot dynamax
|teampreview
|inactive|Battle timer is ON: inactive players will automatically lose when time's up. (requested by The Last Hero)
|
|t:|1597767832
|start
|switch|p1a: Mew|Mew|100/100
|switch|p2a: Ditroll|Ditto, shiny|100/100
|-transform|p2a: Ditroll|p1a: Mew|[from] ability: Imposter
|turn|1
|
|t:|1597767839
|switch|p1a: Alakazam|Alakazam, F|100/100
|move|p2a: Ditroll|Stealth Rock|p1a: Alakazam
|-sidestart|p1: Lt72ms win|move: Stealth Rock
|
|upkeep
|turn|2
|
|t:|1597767843
|switch|p2a: Key Of Progress|Klefki, M|100/100
|move|p1a: Alakazam|Nasty Plot|p1a: Alakazam
|-boost|p1a: Alakazam|spa|2
|
|upkeep
|turn|3
|
|t:|1597767846
|move|p2a: Key Of Progress|Thunder Wave|p1a: Alakazam
|-status|p1a: Alakazam|par
|-activate|p1a: Alakazam|ability: Synchronize
|-status|p2a: Key Of Progress|par
|move|p1a: Alakazam|Psychic|p2a: Key Of Progress
|-resisted|p2a: Key Of Progress
|-damage|p2a: Key Of Progress|58/100 par
|
|-heal|p2a: Key Of Progress|64/100 par|[from] item: Leftovers
|upkeep
|turn|4
|
|t:|1597767851
|switch|p2a: Sabletroll|Sableye, M|100/100
|move|p1a: Alakazam|Psychic|p2a: Sabletroll
|-immune|p2a: Sabletroll
|
|upkeep
|turn|5
|
|t:|1597767853
|move|p2a: Sabletroll|Encore|p1a: Alakazam
|-start|p1a: Alakazam|Encore
|move|p1a: Alakazam|Psychic|p2a: Sabletroll
|-immune|p2a: Sabletroll
|
|upkeep
|turn|6
|
|t:|1597767856
|switch|p1a: Mew|Mew|100/100
|-damage|p1a: Mew|88/100|[from] Stealth Rock
|move|p2a: Sabletroll|Foul Play|p1a: Mew
|-supereffective|p1a: Mew
|-damage|p1a: Mew|48/100
|-enditem|p1a: Mew|Red Card|[of] p2a: Sabletroll
|drag|p2a: Boomer|Rillaboom, M|100/100
|-fieldstart|move: Grassy Terrain|[from] ability: Grassy Surge|[of] p2a: Boomer
|
|-heal|p1a: Mew|54/100|[from] Grassy Terrain
|upkeep
|turn|7
|
|t:|1597767860
|move|p2a: Boomer|Grassy Glide|p1a: Mew
|-damage|p1a: Mew|0 fnt
|faint|p1a: Mew
|
|upkeep
|
|t:|1597767873
|switch|p1a: Rillaboom|Rillaboom, F|100/100
|-damage|p1a: Rillaboom|88/100|[from] Stealth Rock
|-enditem|p1a: Rillaboom|Grassy Seed
|-boost|p1a: Rillaboom|def|1|[from] item: Grassy Seed
|turn|8
|
|t:|1597767887
|switch|p2a: Demon Sword|Aegislash, M|100/100
|move|p1a: Rillaboom|Swords Dance|p1a: Rillaboom
|-boost|p1a: Rillaboom|atk|2
|
|-heal|p1a: Rillaboom|94/100|[from] Grassy Terrain
|upkeep
|turn|9
|
|t:|1597767891
|move|p1a: Rillaboom|Grassy Glide|p2a: Demon Sword
|-resisted|p2a: Demon Sword
|-damage|p2a: Demon Sword|47/100
|move|p2a: Demon Sword|Swords Dance|p2a: Demon Sword
|-boost|p2a: Demon Sword|atk|2
|
|-heal|p1a: Rillaboom|100/100|[from] Grassy Terrain
|-heal|p2a: Demon Sword|53/100|[from] Grassy Terrain
|upkeep
|turn|10
|
|t:|1597767896
|move|p1a: Rillaboom|Grassy Glide|p2a: Demon Sword
|-resisted|p2a: Demon Sword
|-damage|p2a: Demon Sword|4/100
|-formechange|p2a: Demon Sword|Aegislash-Blade||[from] ability: Stance Change
|move|p2a: Demon Sword|Close Combat|p1a: Rillaboom
|-damage|p1a: Rillaboom|42/100
|-unboost|p2a: Demon Sword|def|1
|-unboost|p2a: Demon Sword|spd|1
|
|-heal|p1a: Rillaboom|49/100|[from] Grassy Terrain
|-heal|p2a: Demon Sword|10/100|[from] Grassy Terrain
|-fieldend|move: Grassy Terrain
|upkeep
|turn|11
|
|t:|1597767903
|move|p2a: Demon Sword|Shadow Sneak|p1a: Rillaboom
|-damage|p1a: Rillaboom|15/100
|move|p1a: Rillaboom|Grassy Glide|p2a: Demon Sword
|-resisted|p2a: Demon Sword
|-damage|p2a: Demon Sword|0 fnt
|faint|p2a: Demon Sword
|
|upkeep
|
|t:|1597767906
|switch|p2a: Ditroll|Ditto, shiny|100/100
|-transform|p2a: Ditroll|p1a: Rillaboom|[from] ability: Imposter
|-fieldstart|move: Grassy Terrain|[from] ability: Grassy Surge|[of] p2a: Ditroll
|turn|12
|
|t:|1597767909
|move|p2a: Ditroll|Grassy Glide|p1a: Rillaboom
|-resisted|p1a: Rillaboom
|-damage|p1a: Rillaboom|0 fnt
|faint|p1a: Rillaboom
|
|upkeep
|
|t:|1597767923
|switch|p1a: Toxtricity|Toxtricity, M|100/100
|-damage|p1a: Toxtricity|88/100|[from] Stealth Rock
|turn|13
|
|t:|1597767931
|switch|p2a: Key Of Progress|Klefki, M|64/100 par
|move|p1a: Toxtricity|Boomburst|p2a: Key Of Progress
|-resisted|p2a: Key Of Progress
|-damage|p2a: Key Of Progress|38/100 par
|-enditem|p1a: Toxtricity|Throat Spray
|-boost|p1a: Toxtricity|spa|1|[from] item: Throat Spray
|
|-heal|p1a: Toxtricity|94/100|[from] Grassy Terrain
|-heal|p2a: Key Of Progress|44/100 par|[from] item: Leftovers
|-heal|p2a: Key Of Progress|50/100 par|[from] Grassy Terrain
|upkeep
|turn|14
|
|t:|1597767937
|cant|p2a: Key Of Progress|par
|move|p1a: Toxtricity|Shift Gear|p1a: Toxtricity
|-boost|p1a: Toxtricity|spe|2
|-boost|p1a: Toxtricity|atk|1
|
|-heal|p1a: Toxtricity|100/100|[from] Grassy Terrain
|-heal|p2a: Key Of Progress|56/100 par|[from] item: Leftovers
|-heal|p2a: Key Of Progress|62/100 par|[from] Grassy Terrain
|upkeep
|turn|15
|
|t:|1597767940
|move|p2a: Key Of Progress|Swagger|p1a: Toxtricity
|-boost|p1a: Toxtricity|atk|2
|-start|p1a: Toxtricity|confusion
|-activate|p1a: Toxtricity|confusion
|move|p1a: Toxtricity|Overdrive|p2a: Key Of Progress
|-damage|p2a: Key Of Progress|4/100 par
|
|-heal|p2a: Key Of Progress|10/100 par|[from] item: Leftovers
|-heal|p2a: Key Of Progress|16/100 par|[from] Grassy Terrain
|upkeep
|turn|16
|
|t:|1597767943
|move|p2a: Key Of Progress|Swagger|p1a: Toxtricity|[miss]
|-miss|p2a: Key Of Progress|p1a: Toxtricity
|-activate|p1a: Toxtricity|confusion
|-damage|p1a: Toxtricity|66/100|[from] confusion
|
|-heal|p1a: Toxtricity|73/100|[from] Grassy Terrain
|-heal|p2a: Key Of Progress|22/100 par|[from] item: Leftovers
|-heal|p2a: Key Of Progress|28/100 par|[from] Grassy Terrain
|-fieldend|move: Grassy Terrain
|upkeep
|turn|17
|
|t:|1597767950
|move|p2a: Key Of Progress|Spikes|p1a: Toxtricity
|-sidestart|p1: Lt72ms win|Spikes
|-end|p1a: Toxtricity|confusion
|move|p1a: Toxtricity|Drain Punch|p2a: Key Of Progress
|-damage|p2a: Key Of Progress|0 fnt
|-heal|p1a: Toxtricity|88/100|[from] drain|[of] p2a: Key Of Progress
|faint|p2a: Key Of Progress
|
|upkeep
|
|t:|1597767973
|switch|p2a: Boomer|Rillaboom, M|100/100
|-fieldstart|move: Grassy Terrain|[from] ability: Grassy Surge|[of] p2a: Boomer
|turn|18
|
|t:|1597767976
|move|p2a: Boomer|Grassy Glide|p1a: Toxtricity
|-resisted|p1a: Toxtricity
|-damage|p1a: Toxtricity|24/100
|move|p1a: Toxtricity|Boomburst|p2a: Boomer
|-damage|p2a: Boomer|0 fnt
|faint|p2a: Boomer
|
|-heal|p1a: Toxtricity|30/100|[from] Grassy Terrain
|upkeep
|
|t:|1597767982
|switch|p2a: Ditroll|Ditto, shiny|100/100
|-transform|p2a: Ditroll|p1a: Toxtricity|[from] ability: Imposter
|turn|19
|
|t:|1597767984
|move|p2a: Ditroll|Overdrive|p1a: Toxtricity
|-resisted|p1a: Toxtricity
|-damage|p1a: Toxtricity|0 fnt
|faint|p1a: Toxtricity
|
|upkeep
|
|t:|1597767988
|switch|p1a: Dragapult|Dragapult, M|100/100
|-damage|p1a: Dragapult|88/100|[from] Spikes
|-damage|p1a: Dragapult|76/100|[from] Stealth Rock
|turn|20
|
|t:|1597767990
|switch|p2a: Sabletroll|Sableye, M|100/100
|move|p1a: Dragapult|Dragon Darts|p2a: Sabletroll
|-damage|p2a: Sabletroll|71/100
|-anim|p1a: Dragapult|Dragon Darts|p2a: Sabletroll
|-damage|p2a: Sabletroll|39/100
|-damage|p1a: Dragapult|66/100|[from] item: Life Orb
|
|-heal|p1a: Dragapult|72/100|[from] Grassy Terrain
|-heal|p2a: Sabletroll|45/100|[from] Grassy Terrain
|upkeep
|turn|21
|
|t:|1597768001
|move|p2a: Sabletroll|Encore|p1a: Dragapult
|-start|p1a: Dragapult|Encore
|move|p1a: Dragapult|Dragon Darts|p2a: Sabletroll
|-damage|p2a: Sabletroll|11/100
|-anim|p1a: Dragapult|Dragon Darts|p2a: Sabletroll
|-damage|p2a: Sabletroll|0 fnt
|-damage|p1a: Dragapult|62/100|[from] item: Life Orb
|faint|p2a: Sabletroll
|
|-heal|p1a: Dragapult|68/100|[from] Grassy Terrain
|upkeep
|
|t:|1597768003
|switch|p2a: Ditroll|Ditto, shiny|100/100
|-transform|p2a: Ditroll|p1a: Dragapult|[from] ability: Imposter
|turn|22
|
|t:|1597768005
|move|p2a: Ditroll|Dragon Darts|p1a: Dragapult
|-supereffective|p1a: Dragapult
|-damage|p1a: Dragapult|3/100
|-anim|p2a: Ditroll|Dragon Darts|p1a: Dragapult
|-supereffective|p1a: Dragapult
|-damage|p1a: Dragapult|0 fnt
|faint|p1a: Dragapult
|
|-fieldend|move: Grassy Terrain
|upkeep
|
|t:|1597768007
|switch|p1a: Kommo-o|Kommo-o, M|100/100
|-damage|p1a: Kommo-o|94/100|[from] Stealth Rock
|-damage|p1a: Kommo-o|82/100|[from] Spikes
|turn|23
|
|t:|1597768009
|move|p2a: Ditroll|Dragon Darts|p1a: Kommo-o
|-supereffective|p1a: Kommo-o
|-damage|p1a: Kommo-o|30/100
|-anim|p2a: Ditroll|Dragon Darts|p1a: Kommo-o
|-supereffective|p1a: Kommo-o
|-damage|p1a: Kommo-o|0 fnt
|faint|p1a: Kommo-o
|
|upkeep
|-message|Lt72ms win forfeited.
|
|win|The Last Hero
|l|☆Lt72ms win
||Ladder (probably) updated, but score could not be retrieved (Request timeout).
