|j|☆Kikoobuster
|j|☆Sebas99sevilla
|t:|1665160742
|gametype|singles
|player|p1|Kikoobuster|169|1671
|player|p2|Sebas99sevilla|chuck|1833
|teamsize|p1|6
|teamsize|p2|6
|gen|8
|tier|[Gen 8] OU
|rated|
|rule|Sleep Clause Mod: Limit one foe put to sleep
|rule|Species Clause: Limit one of each Pokémon
|rule|OHKO Clause: OHKO moves are banned
|rule|Evasion Items Clause: Evasion items are banned
|rule|Evasion Moves Clause: Evasion moves are banned
|rule|Endless Battle Clause: Forcing endless battles is banned
|rule|HP Percentage Mod: HP is shown in percentages
|rule|Dynamax Clause: You cannot dynamax
|clearpoke
|poke|p1|Lycanroc-Dusk, F|
|poke|p1|Excadrill, M|
|poke|p1|Hawlucha, F|
|poke|p1|Azumarill, F|
|poke|p1|Zeraora|
|poke|p1|Rillaboom, F|
|poke|p2|Togekiss, F|
|poke|p2|Excadrill, F|
|poke|p2|Cloyster, M|
|poke|p2|Garchomp, M|
|poke|p2|Dragapult, F|
|poke|p2|Tapu Lele|
|teampreview
|j| chanollo
|
|t:|1665160765
|start
|switch|p1a: Lycanroc|Lycanroc-Dusk, F|100/100
|switch|p2a: Cloyster|Cloyster, M|100/100
|turn|1
|
|t:|1665160774
|switch|p2a: Tapu Lele|Tapu Lele|100/100
|-fieldstart|move: Psychic Terrain|[from] ability: Psychic Surge|[of] p2a: Tapu Lele
|move|p1a: Lycanroc|Taunt|p2a: Tapu Lele
|-start|p2a: Tapu Lele|move: Taunt
|
|upkeep
|turn|2
|inactive|Battle timer is ON: inactive players will automatically lose when time's up. (requested by Sebas99sevilla)
|
|t:|1665160782
|move|p2a: Tapu Lele|Psychic|p1a: Lycanroc
|-enditem|p1a: Lycanroc|Focus Sash
|-damage|p1a: Lycanroc|1/100
|move|p1a: Lycanroc|Stealth Rock|p2a: Tapu Lele
|-sidestart|p2: Sebas99sevilla|move: Stealth Rock
|
|upkeep
|turn|3
|
|t:|1665160802
|move|p1a: Lycanroc|Accelerock|p2a: Tapu Lele
|-activate|p2a: Tapu Lele|move: Psychic Terrain
|move|p2a: Tapu Lele|Psychic|p1a: Lycanroc
|-damage|p1a: Lycanroc|0 fnt
|faint|p1a: Lycanroc
|
|-end|p2a: Tapu Lele|move: Taunt
|upkeep
|
|t:|1665160805
|switch|p1a: Rillaboom|Rillaboom, F|100/100
|-fieldstart|move: Grassy Terrain|[from] ability: Grassy Surge|[of] p1a: Rillaboom
|turn|4
|
|t:|1665160825
|switch|p2a: Dragapult|Dragapult, F|100/100
|-damage|p2a: Dragapult|88/100|[from] Stealth Rock
|move|p1a: Rillaboom|U-turn|p2a: Dragapult
|-resisted|p2a: Dragapult
|-damage|p2a: Dragapult|58/100
|
|t:|1665160832
|switch|p1a: Azumarill|Azumarill, F|100/100|[from]move: U-turn
|
|-heal|p2a: Dragapult|64/100|[from] Grassy Terrain
|upkeep
|turn|5
|
|t:|1665160834
|move|p2a: Dragapult|Double-Edge|p1a: Azumarill
|-damage|p1a: Azumarill|40/100
|-enditem|p1a: Azumarill|Sitrus Berry|[eat]
|-heal|p1a: Azumarill|65/100|[from] item: Sitrus Berry
|-damage|p2a: Dragapult|42/100|[from] Recoil
|-damage|p2a: Dragapult|32/100|[from] item: Life Orb
|move|p1a: Azumarill|Knock Off|p2a: Dragapult
|-supereffective|p2a: Dragapult
|-damage|p2a: Dragapult|0 fnt
|-enditem|p2a: Dragapult|Life Orb|[from] move: Knock Off|[of] p1a: Azumarill
|faint|p2a: Dragapult
|
|-heal|p1a: Azumarill|71/100|[from] Grassy Terrain
|upkeep
|
|t:|1665160849
|switch|p2a: Excadrill|Excadrill, F|100/100
|-damage|p2a: Excadrill|97/100|[from] Stealth Rock
|-ability|p2a: Excadrill|Mold Breaker
|turn|6
|
|t:|1665160851
|move|p1a: Azumarill|Aqua Jet|p2a: Excadrill
|-supereffective|p2a: Excadrill
|-damage|p2a: Excadrill|30/100
|move|p2a: Excadrill|Rapid Spin|p1a: Azumarill
|-crit|p1a: Azumarill
|-damage|p1a: Azumarill|39/100
|-boost|p2a: Excadrill|spe|1
|-sideend|p2: Sebas99sevilla|Stealth Rock|[from] move: Rapid Spin|[of] p2a: Excadrill
|
|-heal|p2a: Excadrill|37/100|[from] Grassy Terrain
|-heal|p1a: Azumarill|45/100|[from] Grassy Terrain
|upkeep
|turn|7
|
|t:|1665160857
|move|p1a: Azumarill|Aqua Jet|p2a: Excadrill
|-supereffective|p2a: Excadrill
|-crit|p2a: Excadrill
|-damage|p2a: Excadrill|0 fnt
|faint|p2a: Excadrill
|
|-heal|p1a: Azumarill|51/100|[from] Grassy Terrain
|upkeep
|
|t:|1665160880
|switch|p2a: Tapu Lele|Tapu Lele|100/100
|-fieldstart|move: Psychic Terrain|[from] ability: Psychic Surge|[of] p2a: Tapu Lele
|turn|8
|
|t:|1665160886
|move|p2a: Tapu Lele|Psychic|p1a: Azumarill
|-damage|p1a: Azumarill|0 fnt
|faint|p1a: Azumarill
|
|upkeep
|
|t:|1665160889
|switch|p1a: Rillaboom|Rillaboom, F|100/100
|-fieldstart|move: Grassy Terrain|[from] ability: Grassy Surge|[of] p1a: Rillaboom
|turn|9
|
|t:|1665160898
|switch|p2a: Togekiss|Togekiss, F|100/100
|move|p1a: Rillaboom|Grassy Glide|p2a: Togekiss
|-resisted|p2a: Togekiss
|-damage|p2a: Togekiss|51/100
|
|-heal|p2a: Togekiss|57/100|[from] item: Leftovers
|upkeep
|turn|10
|
|t:|1665160904
|switch|p1a: Excadrill|Excadrill, M, shiny|100/100
|-ability|p1a: Excadrill|Mold Breaker
|move|p2a: Togekiss|Aura Sphere|p1a: Excadrill
|-supereffective|p1a: Excadrill
|-damage|p1a: Excadrill|31/100
|
|-heal|p1a: Excadrill|37/100|[from] Grassy Terrain
|-heal|p2a: Togekiss|64/100|[from] item: Leftovers
|upkeep
|turn|11
|
|t:|1665160907
|move|p1a: Excadrill|Iron Head|p2a: Togekiss
|-supereffective|p2a: Togekiss
|-damage|p2a: Togekiss|0 fnt
|faint|p2a: Togekiss
|
|-heal|p1a: Excadrill|43/100|[from] Grassy Terrain
|upkeep
|
|t:|1665160914
|switch|p2a: Cloyster|Cloyster, M|100/100
|turn|12
|
|t:|1665160918
|move|p1a: Excadrill|Iron Head|p2a: Cloyster
|-damage|p2a: Cloyster|66/100
|move|p2a: Cloyster|Shell Smash|p2a: Cloyster
|-unboost|p2a: Cloyster|def|1
|-unboost|p2a: Cloyster|spd|1
|-boost|p2a: Cloyster|atk|2
|-boost|p2a: Cloyster|spa|2
|-boost|p2a: Cloyster|spe|2
|
|-heal|p2a: Cloyster|73/100|[from] Grassy Terrain
|-heal|p1a: Excadrill|49/100|[from] Grassy Terrain
|upkeep
|turn|13
|
|t:|1665160922
|move|p2a: Cloyster|Icicle Spear|p1a: Excadrill
|-damage|p1a: Excadrill|15/100
|-damage|p1a: Excadrill|0 fnt
|faint|p1a: Excadrill
|-hitcount|p1: Excadrill|2
|
|-heal|p2a: Cloyster|79/100|[from] Grassy Terrain
|-fieldend|move: Grassy Terrain
|upkeep
|
|t:|1665160926
|switch|p1a: Rillaboom|Rillaboom, F|100/100
|-fieldstart|move: Grassy Terrain|[from] ability: Grassy Surge|[of] p1a: Rillaboom
|turn|14
|
|t:|1665160928
|move|p2a: Cloyster|Ice Shard|p1a: Rillaboom
|-supereffective|p1a: Rillaboom
|-damage|p1a: Rillaboom|19/100
|move|p1a: Rillaboom|Grassy Glide|p2a: Cloyster
|-supereffective|p2a: Cloyster
|-damage|p2a: Cloyster|0 fnt
|faint|p2a: Cloyster
|
|-heal|p1a: Rillaboom|25/100|[from] Grassy Terrain
|upkeep
|
|t:|1665160932
|switch|p2a: Tapu Lele|Tapu Lele|100/100
|-fieldstart|move: Psychic Terrain|[from] ability: Psychic Surge|[of] p2a: Tapu Lele
|turn|15
|
|t:|1665160936
|switch|p1a: Zeraora|Zeraora|100/100
|move|p2a: Tapu Lele|Psychic|p1a: Zeraora
|-crit|p1a: Zeraora
|-damage|p1a: Zeraora|0 fnt
|faint|p1a: Zeraora
|
|upkeep
|
|t:|1665160938
|switch|p1a: Rillaboom|Rillaboom, F|25/100
|-fieldstart|move: Grassy Terrain|[from] ability: Grassy Surge|[of] p1a: Rillaboom
|turn|16
|
|t:|1665160941
|switch|p2a: Garchomp|Garchomp, M|100/100
|move|p1a: Rillaboom|Grassy Glide|p2a: Garchomp
|-damage|p2a: Garchomp|22/100
|-damage|p1a: Rillaboom|13/100|[from] ability: Rough Skin|[of] p2a: Garchomp
|
|-heal|p2a: Garchomp|28/100|[from] Grassy Terrain
|-heal|p1a: Rillaboom|19/100|[from] Grassy Terrain
|upkeep
|turn|17
|
|t:|1665160946
|switch|p1a: Hawlucha|Hawlucha, F|100/100
|-enditem|p1a: Hawlucha|Grassy Seed
|-boost|p1a: Hawlucha|def|1|[from] item: Grassy Seed
|move|p2a: Garchomp|Scale Shot|p1a: Hawlucha
|-crit|p1a: Hawlucha
|-damage|p1a: Hawlucha|62/100
|-crit|p1a: Hawlucha
|-damage|p1a: Hawlucha|23/100
|-hitcount|p1a: Hawlucha|2
|-unboost|p2a: Garchomp|def|1
|-boost|p2a: Garchomp|spe|1
|-damage|p2a: Garchomp|18/100|[from] item: Life Orb
|
|-heal|p2a: Garchomp|24/100|[from] Grassy Terrain
|upkeep
|turn|18
|
|t:|1665160949
|move|p1a: Hawlucha|Close Combat|p2a: Garchomp
|-damage|p2a: Garchomp|0 fnt
|-unboost|p1a: Hawlucha|def|1
|-unboost|p1a: Hawlucha|spd|1
|-damage|p1a: Hawlucha|10/100|[from] ability: Rough Skin|[of] p2a: Garchomp
|faint|p2a: Garchomp
|
|upkeep
|
|t:|1665160952
|switch|p2a: Tapu Lele|Tapu Lele|100/100
|-fieldstart|move: Psychic Terrain|[from] ability: Psychic Surge|[of] p2a: Tapu Lele
|turn|19
|
|t:|1665160955
|move|p1a: Hawlucha|Acrobatics|p2a: Tapu Lele
|-damage|p2a: Tapu Lele|29/100
|move|p2a: Tapu Lele|Psychic|p1a: Hawlucha
|-supereffective|p1a: Hawlucha
|-damage|p1a: Hawlucha|0 fnt
|faint|p1a: Hawlucha
|
|upkeep
|-message|Sebas99sevilla forfeited.
|
|win|Kikoobuster
|raw|Kikoobuster's rating: 1671 &rarr; <strong>1700</strong><br />(+29 for winning)
|raw|Sebas99sevilla's rating: 1833 &rarr; <strong>1804</strong><br />(-29 for losing)
|l|☆Sebas99sevilla
||Ladder isn't responding, score probably updated but might not have (Request timeout).
