|raw|<div class="broadcast-blue"><strong>This battle is required to be public due to a player having a name starting with 'lt91bb'.</div>
|j|☆dmt dreams
|j|☆LT91BB Homerchu
|t:|1659599219
|gametype|singles
|player|p1|dmt dreams|byron|2045
|player|p2|LT91BB Homerchu|pokekid|1940
|teamsize|p1|6
|teamsize|p2|6
|gen|8
|tier|[Gen 8] OU
|rated|
|rule|Sleep Clause Mod: Limit one foe put to sleep
|rule|Species Clause: Limit one of each Pokémon
|rule|OHKO Clause: OHKO moves are banned
|rule|Evasion Items Clause: Evasion items are banned
|rule|Evasion Moves Clause: Evasion moves are banned
|rule|Endless Battle Clause: Forcing endless battles is banned
|rule|HP Percentage Mod: HP is shown in percentages
|rule|Dynamax Clause: You cannot dynamax
|clearpoke
|poke|p1|Mew|
|poke|p1|Landorus-Therian, M|
|poke|p1|Nihilego|
|poke|p1|Zeraora|
|poke|p1|Celesteela|
|poke|p1|Dragapult, M|
|poke|p2|Venusaur, F|
|poke|p2|Victini|
|poke|p2|Darmanitan, M|
|poke|p2|Torkoal, M|
|poke|p2|Mandibuzz, F|
|poke|p2|Garchomp, F|
|teampreview
|inactive|Battle timer is ON: inactive players will automatically lose when time's up. (requested by LT91BB Homerchu)
|
|t:|1659599228
|start
|switch|p1a: Mew|Mew|100/100
|switch|p2a: Torkoal|Torkoal, M|100/100
|-weather|SunnyDay|[from] ability: Drought|[of] p2a: Torkoal
|turn|1
|
|t:|1659599241
|move|p1a: Mew|Taunt|p2a: Torkoal
|-start|p2a: Torkoal|move: Taunt
|move|p2a: Torkoal|Weather Ball|p1a: Mew
|-damage|p1a: Mew|49/100
|
|-weather|SunnyDay|[upkeep]
|upkeep
|turn|2
|
|t:|1659599247
|move|p1a: Mew|Stealth Rock|p2a: Torkoal
|-sidestart|p2: LT91BB Homerchu|move: Stealth Rock
|move|p2a: Torkoal|Rapid Spin|p1a: Mew
|-damage|p1a: Mew|41/100
|-boost|p2a: Torkoal|spe|1
|-sideend|p2: LT91BB Homerchu|Stealth Rock|[from] move: Rapid Spin|[of] p2a: Torkoal
|
|-weather|SunnyDay|[upkeep]
|upkeep
|turn|3
|
|t:|1659599250
|move|p1a: Mew|Thunder Wave|p2a: Torkoal
|-status|p2a: Torkoal|par
|cant|p2a: Torkoal|par
|
|-weather|SunnyDay|[upkeep]
|-end|p2a: Torkoal|move: Taunt
|upkeep
|turn|4
|
|t:|1659599257
|move|p1a: Mew|Stealth Rock|p2a: Torkoal
|-sidestart|p2: LT91BB Homerchu|move: Stealth Rock
|move|p2a: Torkoal|Weather Ball|p1a: Mew
|-damage|p1a: Mew|0 fnt
|faint|p1a: Mew
|
|-weather|SunnyDay|[upkeep]
|upkeep
|
|t:|1659599268
|switch|p1a: Nihilego|Nihilego|100/100
|turn|5
|
|t:|1659599270
|switch|p2a: Garchomp|Garchomp, F|100/100
|-damage|p2a: Garchomp|94/100|[from] Stealth Rock
|move|p1a: Nihilego|Meteor Beam||[still]
|-prepare|p1a: Nihilego|Meteor Beam
|-boost|p1a: Nihilego|spa|1
|-enditem|p1a: Nihilego|Power Herb
|-anim|p1a: Nihilego|Meteor Beam|p2a: Garchomp
|-resisted|p2a: Garchomp
|-damage|p2a: Garchomp|48/100
|
|-weather|SunnyDay|[upkeep]
|upkeep
|turn|6
|
|t:|1659599273
|move|p1a: Nihilego|Grass Knot|p2a: Garchomp
|-damage|p2a: Garchomp|6/100
|-damage|p1a: Nihilego|88/100|[from] ability: Rough Skin|[of] p2a: Garchomp
|move|p2a: Garchomp|Earthquake|p1a: Nihilego
|-supereffective|p1a: Nihilego
|-damage|p1a: Nihilego|0 fnt
|faint|p1a: Nihilego
|-damage|p2a: Garchomp|0 fnt|[from] item: Life Orb
|faint|p2a: Garchomp
|
|-weather|SunnyDay|[upkeep]
|upkeep
|
|t:|1659599282
|switch|p1a: Landorus|Landorus-Therian, M|100/100
|switch|p2a: Dhar Mann|Darmanitan, M, shiny|100/100
|-ability|p1a: Landorus|Intimidate|boost
|-unboost|p2a: Dhar Mann|atk|1
|-damage|p2a: Dhar Mann|76/100|[from] Stealth Rock
|turn|7
|
|t:|1659599286
|move|p1a: Landorus|Earthquake|p2a: Dhar Mann
|-supereffective|p2a: Dhar Mann
|-damage|p2a: Dhar Mann|0 fnt
|faint|p2a: Dhar Mann
|
|-weather|SunnyDay|[upkeep]
|upkeep
|
|t:|1659599288
|switch|p2a: Mandibuzz|Mandibuzz, F, shiny|100/100
|-damage|p2a: Mandibuzz|76/100|[from] Stealth Rock
|turn|8
|
|t:|1659599291
|move|p1a: Landorus|Swords Dance|p1a: Landorus
|-boost|p1a: Landorus|atk|2
|move|p2a: Mandibuzz|Defog|p1a: Landorus
|-unboost|p1a: Landorus|evasion|1
|-sideend|p2: LT91BB Homerchu|Stealth Rock|[from] move: Defog|[of] p2a: Mandibuzz
|
|-weather|none
|upkeep
|turn|9
|
|t:|1659599293
|move|p1a: Landorus|Stone Edge|p2a: Mandibuzz
|-supereffective|p2a: Mandibuzz
|-crit|p2a: Mandibuzz
|-damage|p2a: Mandibuzz|0 fnt
|faint|p2a: Mandibuzz
|
|upkeep
|inactive|LT91BB Homerchu has 120 seconds left.
|j| LT91BB Tace
|
|t:|1659599347
|switch|p2a: Victini|Victini|100/100
|turn|10
|
|t:|1659599352
|switch|p1a: Celesteela|Celesteela|100/100
|move|p2a: Victini|V-create|p1a: Celesteela
|-supereffective|p1a: Celesteela
|-damage|p1a: Celesteela|0 fnt
|-unboost|p2a: Victini|spe|1
|-unboost|p2a: Victini|def|1
|-unboost|p2a: Victini|spd|1
|faint|p1a: Celesteela
|
|upkeep
|
|t:|1659599354
|switch|p1a: Landorus|Landorus-Therian, M|100/100
|-ability|p1a: Landorus|Intimidate|boost
|-unboost|p2a: Victini|atk|1
|turn|11
|inactive|LT91BB Homerchu has 120 seconds left.
|
|t:|1659599359
|switch|p2a: Torkoal|Torkoal, M|100/100 par
|-weather|SunnyDay|[from] ability: Drought|[of] p2a: Torkoal
|move|p1a: Landorus|Earthquake|p2a: Torkoal
|-supereffective|p2a: Torkoal
|-damage|p2a: Torkoal|30/100 par
|
|-weather|SunnyDay|[upkeep]
|upkeep
|turn|12
|
|t:|1659599361
|move|p1a: Landorus|Earthquake|p2a: Torkoal
|-supereffective|p2a: Torkoal
|-damage|p2a: Torkoal|0 fnt
|faint|p2a: Torkoal
|
|-weather|SunnyDay|[upkeep]
|upkeep
|
|t:|1659599365
|switch|p2a: Venusaur|Venusaur, F, shiny|100/100
|turn|13
|
|t:|1659599368
|move|p2a: Venusaur|Growth|p2a: Venusaur
|-boost|p2a: Venusaur|atk|2
|-boost|p2a: Venusaur|spa|2
|move|p1a: Landorus|Fly||[still]
|-prepare|p1a: Landorus|Fly
|-enditem|p1a: Landorus|Power Herb
|-anim|p1a: Landorus|Fly|p2a: Venusaur
|-supereffective|p2a: Venusaur
|-damage|p2a: Venusaur|0 fnt
|faint|p2a: Venusaur
|
|-weather|SunnyDay|[upkeep]
|upkeep
|c|☆dmt dreams|GONE
|j| ripreckful
|-message|LT91BB Homerchu forfeited.
|
|win|dmt dreams
|raw|dmt dreams's rating: 2045 &rarr; <strong>2059</strong><br />(+14 for winning)
|raw|LT91BB Homerchu's rating: 1940 &rarr; <strong>1926</strong><br />(-14 for losing)
|l|☆LT91BB Homerchu
