|html|<div class="broadcast-blue"><strong>[Gen 8] OU is currently suspecting Urshifu-S! For information on how to participate check out the <a href="https://www.smogon.com/forums/threads/np-ss-ou-suspect-process-round-8-aint-no-rest-for-the-wicked.3675310/">suspect thread</a>.</strong></div>
|j|☆IM AT MY LIMIT
|j|☆BillyTheFlash
|t:|1609727910
|player|p1|IM AT MY LIMIT|lucas|
|player|p2|BillyTheFlash|hiker-gen4|
|teamsize|p1|6
|teamsize|p2|6
|gametype|singles
|gen|8
|tier|[Gen 8] OU
|clearpoke
|poke|p1|Slowking-Galar, M|
|poke|p1|Slowbro, F|
|poke|p1|Hydreigon, M|
|poke|p1|Urshifu-*, F|
|poke|p1|Tangrowth, F|
|poke|p1|Blissey, F|
|poke|p2|Slowking-Galar, F|
|poke|p2|Quagsire, M|
|poke|p2|Hydreigon, M|
|poke|p2|Urshifu-*, F|
|poke|p2|Tangrowth, F|
|poke|p2|Blissey, F|
|rule|Sleep Clause Mod: Limit one foe put to sleep
|rule|Species Clause: Limit one of each Pokémon
|rule|OHKO Clause: OHKO moves are banned
|rule|Evasion Moves Clause: Evasion moves are banned
|rule|Endless Battle Clause: Forcing endless battles is banned
|rule|HP Percentage Mod: HP is shown in percentages
|rule|Dynamax Clause: You cannot dynamax
|teampreview
|inactive|Battle timer is ON: inactive players will automatically lose when time's up. (requested by IM AT MY LIMIT)
|inactive|IM AT MY LIMIT has 270 seconds left.
|
|t:|1609727942
|start
|switch|p1a: Fuck this mon|Slowbro, F, shiny|100/100
|switch|p2a: 11 days|Urshifu, F|100/100
|turn|1
|
|t:|1609727951
|switch|p1a: Skooler|Tangrowth, F, shiny|100/100
|move|p2a: 11 days|Wicked Blow|p1a: Skooler
|-crit|p1a: Skooler
|-damage|p1a: Skooler|55/100
|-damage|p2a: 11 days|84/100|[from] item: Rocky Helmet|[of] p1a: Skooler
|
|upkeep
|turn|2
|
|t:|1609727973
|switch|p2a: B|Slowking-Galar, F, shiny|100/100
|move|p1a: Skooler|Knock Off|p2a: B
|-supereffective|p2a: B
|-damage|p2a: B|50/100
|-enditem|p2a: B|Assault Vest|[from] move: Knock Off|[of] p1a: Skooler
|
|upkeep
|turn|3
|
|t:|1609727983
|switch|p2a: Skooler|Tangrowth, F, shiny|100/100
|move|p1a: Skooler|Sleep Powder|p2a: Skooler
|-immune|p2a: Skooler
|
|upkeep
|turn|4
|
|t:|1609727992
|switch|p1a: B|Slowking-Galar, M, shiny|100/100
|move|p2a: Skooler|Knock Off|p1a: B
|-supereffective|p1a: B
|-damage|p1a: B|51/100
|-enditem|p1a: B|Assault Vest|[from] move: Knock Off|[of] p2a: Skooler
|
|upkeep
|turn|5
|
|t:|1609728003
|move|p2a: Skooler|Knock Off|p1a: B
|-supereffective|p1a: B
|-damage|p1a: B|21/100
|move|p1a: B|Future Sight|p2a: Skooler
|-start|p1a: B|move: Future Sight
|
|upkeep
|turn|6
|
|t:|1609728007
|switch|p1a: Skooler|Tangrowth, F, shiny|88/100
|move|p2a: Skooler|Knock Off|p1a: Skooler
|-damage|p1a: Skooler|77/100
|-damage|p2a: Skooler|84/100|[from] item: Rocky Helmet|[of] p1a: Skooler
|-enditem|p1a: Skooler|Rocky Helmet|[from] move: Knock Off|[of] p2a: Skooler
|
|upkeep
|turn|7
|
|t:|1609728018
|switch|p2a: Walter white|Quagsire, M, shiny|100/100
|move|p1a: Skooler|Focus Blast|p2a: Walter white
|-damage|p2a: Walter white|64/100
|
|-end|p2a: Walter white|move: Future Sight
|-damage|p2a: Walter white|0 fnt
|faint|p2a: Walter white
|upkeep
|
|t:|1609728028
|switch|p2a: 11 days|Urshifu, F|84/100
|turn|8
|
|t:|1609728031
|move|p2a: 11 days|Wicked Blow|p1a: Skooler
|-crit|p1a: Skooler
|-damage|p1a: Skooler|24/100
|move|p1a: Skooler|Giga Drain|p2a: 11 days
|-damage|p2a: 11 days|39/100
|-heal|p1a: Skooler|43/100|[from] drain|[of] p2a: 11 days
|
|upkeep
|turn|9
|
|t:|1609728033
|switch|p1a: Hisenberg|Hydreigon, M|100/100
|move|p2a: 11 days|Wicked Blow|p1a: Hisenberg
|-resisted|p1a: Hisenberg
|-crit|p1a: Hisenberg
|-damage|p1a: Hisenberg|54/100
|
|-heal|p1a: Hisenberg|60/100|[from] item: Leftovers
|upkeep
|turn|10
|
|t:|1609728048
|switch|p2a: Hisenberg|Hydreigon, M|100/100
|move|p1a: Hisenberg|Roost|p1a: Hisenberg
|-heal|p1a: Hisenberg|100/100
|-singleturn|p1a: Hisenberg|move: Roost
|
|upkeep
|turn|11
|
|t:|1609728059
|switch|p1a: FUCKK|Blissey, F|100/100
|move|p2a: Hisenberg|Dark Pulse|p1a: FUCKK
|-damage|p1a: FUCKK|87/100
|
|upkeep
|turn|12
|
|t:|1609728071
|switch|p2a: 11 days|Urshifu, F|39/100
|move|p1a: FUCKK|Teleport|p1a: FUCKK
|
|t:|1609728075
|switch|p1a: 11 days|Urshifu, F|100/100|[from]move: Teleport
|
|upkeep
|turn|13
|
|t:|1609728085
|switch|p1a: Skooler|Tangrowth, F, shiny|76/100
|move|p2a: 11 days|Close Combat|p1a: Skooler
|-damage|p1a: Skooler|23/100
|-unboost|p2a: 11 days|def|1
|-unboost|p2a: 11 days|spd|1
|
|upkeep
|turn|14
|
|t:|1609728097
|switch|p1a: Fuck this mon|Slowbro, F, shiny|100/100
|move|p2a: 11 days|Close Combat|p1a: Fuck this mon
|-resisted|p1a: Fuck this mon
|-damage|p1a: Fuck this mon|74/100
|-unboost|p2a: 11 days|def|1
|-unboost|p2a: 11 days|spd|1
|-damage|p2a: 11 days|23/100|[from] item: Rocky Helmet|[of] p1a: Fuck this mon
|
|upkeep
|turn|15
|
|t:|1609728107
|switch|p2a: B|Slowking-Galar, F, shiny|83/100
|move|p1a: Fuck this mon|Teleport|p1a: Fuck this mon
|
|t:|1609728120
|switch|p1a: 11 days|Urshifu, F|100/100|[from]move: Teleport
|
|upkeep
|turn|16
|
|t:|1609728134
|move|p1a: 11 days|Bulk Up|p1a: 11 days
|-boost|p1a: 11 days|atk|1
|-boost|p1a: 11 days|def|1
|move|p2a: B|Future Sight|p1a: 11 days
|-start|p2a: B|move: Future Sight
|
|upkeep
|turn|17
|
|t:|1609728146
|move|p1a: 11 days|Wicked Blow|p2a: B
|-supereffective|p2a: B
|-crit|p2a: B
|-damage|p2a: B|0 fnt
|-damage|p1a: 11 days|91/100|[from] item: Life Orb
|faint|p2a: B
|
|upkeep
|
|t:|1609728150
|switch|p2a: 11 days|Urshifu, F|23/100
|turn|18
|
|t:|1609728153
|move|p1a: 11 days|Sucker Punch|p2a: 11 days
|-resisted|p2a: 11 days
|-damage|p2a: 11 days|4/100
|-damage|p1a: 11 days|81/100|[from] item: Life Orb
|move|p2a: 11 days|Close Combat|p1a: 11 days
|-supereffective|p1a: 11 days
|-damage|p1a: 11 days|0 fnt
|-unboost|p2a: 11 days|def|1
|-unboost|p2a: 11 days|spd|1
|faint|p1a: 11 days
|
|-hint|Future Sight did not hit because the target is fainted.
|upkeep
|
|t:|1609728163
|switch|p1a: Fuck this mon|Slowbro, F, shiny|100/100
|turn|19
|
|t:|1609728169
|switch|p2a: Hisenberg|Hydreigon, M|100/100
|move|p1a: Fuck this mon|Teleport|p1a: Fuck this mon
|
|t:|1609728172
|switch|p1a: FUCKK|Blissey, F|87/100|[from]move: Teleport
|
|upkeep
|turn|20
|
|t:|1609728176
|move|p2a: Hisenberg|Earth Power|p1a: FUCKK
|-damage|p1a: FUCKK|78/100
|move|p1a: FUCKK|Teleport|p1a: FUCKK
|
|t:|1609728179
|switch|p1a: Skooler|Tangrowth, F, shiny|56/100|[from]move: Teleport
|
|upkeep
|turn|21
|
|t:|1609728191
|switch|p2a: FUCKK|Blissey, F|100/100
|switch|p1a: FUCKK|Blissey, F|78/100
|
|upkeep
|turn|22
|
|t:|1609728195
|move|p2a: FUCKK|Toxic|p1a: FUCKK
|-status|p1a: FUCKK|tox
|move|p1a: FUCKK|Teleport|p1a: FUCKK
|
|t:|1609728198
|switch|p1a: B|Slowking-Galar, M, shiny|55/100|[from]move: Teleport
|
|upkeep
|turn|23
|
|t:|1609728202
|switch|p1a: FUCKK|Blissey, F|78/100
|move|p2a: FUCKK|Toxic|p1a: FUCKK
|-status|p1a: FUCKK|tox
|
|-damage|p1a: FUCKK|72/100 tox|[from] psn
|upkeep
|turn|24
|
|t:|1609728206
|move|p2a: FUCKK|Toxic|p1a: FUCKK
|-fail|p1a: FUCKK|tox
|move|p1a: FUCKK|Teleport|p1a: FUCKK
|
|t:|1609728208
|-curestatus|p1a: FUCKK|tox|[from] ability: Natural Cure
|switch|p1a: Fuck this mon|Slowbro, F, shiny|100/100|[from]move: Teleport
|
|upkeep
|turn|25
|
|t:|1609728213
|switch|p1a: FUCKK|Blissey, F|72/100
|move|p2a: FUCKK|Seismic Toss|p1a: FUCKK
|-damage|p1a: FUCKK|58/100
|
|upkeep
|turn|26
|
|t:|1609728219
|move|p2a: FUCKK|Toxic|p1a: FUCKK
|-status|p1a: FUCKK|tox
|move|p1a: FUCKK|Soft-Boiled|p1a: FUCKK
|-heal|p1a: FUCKK|100/100 tox
|
|-damage|p1a: FUCKK|94/100 tox|[from] psn
|upkeep
|turn|27
|
|t:|1609728234
|switch|p2a: Skooler|Tangrowth, F, shiny|100/100
|move|p1a: FUCKK|Teleport|p1a: FUCKK
|
|t:|1609728237
|-curestatus|p1a: FUCKK|tox|[from] ability: Natural Cure
|switch|p1a: B|Slowking-Galar, M, shiny|88/100|[from]move: Teleport
|
|upkeep
|turn|28
|
|t:|1609728246
|switch|p1a: Skooler|Tangrowth, F, shiny|89/100
|move|p2a: Skooler|Knock Off|p1a: Skooler
|-crit|p1a: Skooler
|-damage|p1a: Skooler|76/100
|
|upkeep
|turn|29
|
|t:|1609728252
|move|p1a: Skooler|Knock Off|p2a: Skooler
|-damage|p2a: Skooler|89/100
|-damage|p1a: Skooler|60/100|[from] item: Rocky Helmet|[of] p2a: Skooler
|-enditem|p2a: Skooler|Rocky Helmet|[from] move: Knock Off|[of] p1a: Skooler
|move|p2a: Skooler|Focus Blast|p1a: Skooler
|-damage|p1a: Skooler|18/100
|
|upkeep
|turn|30
|
|t:|1609728262
|switch|p1a: B|Slowking-Galar, M, shiny|100/100
|move|p2a: Skooler|Knock Off|p1a: B
|-supereffective|p1a: B
|-damage|p1a: B|71/100
|
|upkeep
|turn|31
|
|t:|1609728268
|move|p2a: Skooler|Sleep Powder|p1a: B
|-status|p1a: B|slp|[from] move: Sleep Powder
|cant|p1a: B|slp
|
|upkeep
|turn|32
|
|t:|1609728278
|switch|p1a: Skooler|Tangrowth, F, shiny|51/100
|move|p2a: Skooler|Knock Off|p1a: Skooler
|-damage|p1a: Skooler|43/100
|
|upkeep
|turn|33
|
|t:|1609728283
|switch|p1a: FUCKK|Blissey, F|94/100
|move|p2a: Skooler|Focus Blast|p1a: FUCKK
|-supereffective|p1a: FUCKK
|-damage|p1a: FUCKK|74/100
|
|upkeep
|turn|34
|
|t:|1609728291
|move|p1a: FUCKK|Soft-Boiled|p1a: FUCKK
|-heal|p1a: FUCKK|100/100
|move|p2a: Skooler|Focus Blast|p1a: FUCKK
|-supereffective|p1a: FUCKK
|-damage|p1a: FUCKK|80/100
|
|upkeep
|turn|35
|
|t:|1609728308
|move|p2a: Skooler|Knock Off|p1a: FUCKK
|-damage|p1a: FUCKK|59/100
|-enditem|p1a: FUCKK|Heavy-Duty Boots|[from] move: Knock Off|[of] p2a: Skooler
|move|p1a: FUCKK|Teleport|p1a: FUCKK
|
|t:|1609728312
|switch|p1a: Fuck this mon|Slowbro, F, shiny|100/100|[from]move: Teleport
|
|upkeep
|turn|36
|
|t:|1609728316
|switch|p1a: Skooler|Tangrowth, F, shiny|76/100
|move|p2a: Skooler|Knock Off|p1a: Skooler
|-damage|p1a: Skooler|68/100
|
|upkeep
|turn|37
|
|t:|1609728320
|switch|p1a: Fuck this mon|Slowbro, F, shiny|100/100
|move|p2a: Skooler|Knock Off|p1a: Fuck this mon
|-supereffective|p1a: Fuck this mon
|-damage|p1a: Fuck this mon|73/100
|-damage|p2a: Skooler|73/100|[from] item: Rocky Helmet|[of] p1a: Fuck this mon
|-enditem|p1a: Fuck this mon|Rocky Helmet|[from] move: Knock Off|[of] p2a: Skooler
|
|upkeep
|turn|38
|
|t:|1609728326
|switch|p1a: Skooler|Tangrowth, F, shiny|100/100
|move|p2a: Skooler|Sleep Powder|p1a: Skooler
|-immune|p1a: Skooler
|
|upkeep
|turn|39
|
|t:|1609728331
|switch|p1a: Fuck this mon|Slowbro, F, shiny|100/100
|move|p2a: Skooler|Knock Off|p1a: Fuck this mon
|-supereffective|p1a: Fuck this mon
|-damage|p1a: Fuck this mon|82/100
|
|upkeep
|turn|40
|
|t:|1609728333
|switch|p1a: Skooler|Tangrowth, F, shiny|100/100
|move|p2a: Skooler|Knock Off|p1a: Skooler
|-damage|p1a: Skooler|92/100
|
|upkeep
|turn|41
|
|t:|1609728341
|switch|p1a: Hisenberg|Hydreigon, M|100/100
|move|p2a: Skooler|Sleep Powder|p1a: Hisenberg|[miss]
|-miss|p2a: Skooler|p1a: Hisenberg
|
|upkeep
|turn|42
|
|t:|1609728353
|switch|p1a: B|Slowking-Galar, M, shiny|100/100 slp
|move|p2a: Skooler|Focus Blast|p1a: B
|-resisted|p1a: B
|-damage|p1a: B|96/100 slp
|-unboost|p1a: B|spd|1
|
|upkeep
|turn|43
|
|t:|1609728362
|switch|p1a: Skooler|Tangrowth, F, shiny|100/100
|move|p2a: Skooler|Knock Off|p1a: Skooler
|-damage|p1a: Skooler|92/100
|
|upkeep
|turn|44
|
|t:|1609728369
|switch|p1a: FUCKK|Blissey, F|59/100
|switch|p2a: Hisenberg|Hydreigon, M|100/100
|
|upkeep
|turn|45
|
|t:|1609728373
|switch|p2a: Skooler|Tangrowth, F, shiny|100/100
|move|p1a: FUCKK|Soft-Boiled|p1a: FUCKK
|-heal|p1a: FUCKK|100/100
|
|upkeep
|turn|46
|
|t:|1609728376
|switch|p2a: Hisenberg|Hydreigon, M|100/100
|move|p1a: FUCKK|Toxic|p2a: Hisenberg
|-status|p2a: Hisenberg|tox
|
|-damage|p2a: Hisenberg|94/100 tox|[from] psn
|upkeep
|turn|47
|
|t:|1609728383
|switch|p2a: FUCKK|Blissey, F|100/100
|move|p1a: FUCKK|Toxic|p2a: FUCKK
|-status|p2a: FUCKK|tox
|
|-damage|p2a: FUCKK|94/100 tox|[from] psn
|upkeep
|turn|48
|
|t:|1609728386
|move|p1a: FUCKK|Teleport|p1a: FUCKK
|
|t:|1609728390
|switch|p1a: Fuck this mon|Slowbro, F, shiny|100/100|[from]move: Teleport
|move|p2a: FUCKK|Teleport|p2a: FUCKK
|
|t:|1609728407
|switch|p2a: 11 days|Urshifu, F|4/100|[from]move: Teleport
|
|upkeep
|turn|49
|
|t:|1609728411
|switch|p1a: Skooler|Tangrowth, F, shiny|100/100
|move|p2a: 11 days|Wicked Blow|p1a: Skooler
|-crit|p1a: Skooler
|-damage|p1a: Skooler|49/100
|
|upkeep
|turn|50
|
|t:|1609728419
|switch|p2a: Skooler|Tangrowth, F, shiny|100/100
|switch|p1a: Fuck this mon|Slowbro, F, shiny|100/100
|
|upkeep
|turn|51
|
|t:|1609728429
|switch|p1a: Skooler|Tangrowth, F, shiny|82/100
|move|p2a: Skooler|Sleep Powder|p1a: Skooler
|-immune|p1a: Skooler
|
|upkeep
|turn|52
|
|t:|1609728436
|switch|p1a: Hisenberg|Hydreigon, M|100/100
|switch|p2a: FUCKK|Blissey, F|94/100
|
|upkeep
|turn|53
|
|t:|1609728440
|switch|p1a: B|Slowking-Galar, M, shiny|100/100 slp
|move|p2a: FUCKK|Seismic Toss|p1a: B
|-damage|p1a: B|75/100 slp
|
|upkeep
|turn|54
|
|t:|1609728448
|switch|p1a: FUCKK|Blissey, F|100/100
|move|p2a: FUCKK|Teleport|p2a: FUCKK
|
|t:|1609728453
|switch|p2a: Hisenberg|Hydreigon, M|94/100 tox|[from]move: Teleport
|
|-heal|p2a: Hisenberg|100/100 tox|[from] item: Leftovers
|-damage|p2a: Hisenberg|94/100 tox|[from] psn
|upkeep
|turn|55
|
|t:|1609728456
|switch|p2a: Skooler|Tangrowth, F, shiny|100/100
|move|p1a: FUCKK|Teleport|p1a: FUCKK
|
|t:|1609728460
|switch|p1a: B|Slowking-Galar, M, shiny|100/100 slp|[from]move: Teleport
|
|upkeep
|turn|56
|
|t:|1609728463
|move|p2a: Skooler|Focus Blast|p1a: B
|-resisted|p1a: B
|-damage|p1a: B|96/100 slp
|cant|p1a: B|slp
|
|upkeep
|turn|57
|
|t:|1609728468
|move|p2a: Skooler|Focus Blast|p1a: B|[miss]
|-miss|p2a: Skooler|p1a: B
|cant|p1a: B|slp
|
|upkeep
|turn|58
|
|t:|1609728472
|move|p2a: Skooler|Knock Off|p1a: B
|-supereffective|p1a: B
|-damage|p1a: B|65/100 slp
|-curestatus|p1a: B|slp|[msg]
|move|p1a: B|Sludge Bomb|p2a: Skooler
|-supereffective|p2a: Skooler
|-damage|p2a: Skooler|0 fnt
|faint|p2a: Skooler
|
|upkeep
|
|t:|1609728477
|switch|p2a: 11 days|Urshifu, F|4/100
|turn|59
|
|t:|1609728481
|switch|p1a: Fuck this mon|Slowbro, F, shiny|100/100
|move|p2a: 11 days|Wicked Blow|p1a: Fuck this mon
|-supereffective|p1a: Fuck this mon
|-crit|p1a: Fuck this mon
|-damage|p1a: Fuck this mon|0 fnt
|faint|p1a: Fuck this mon
|
|upkeep
|
|t:|1609728486
|switch|p1a: Skooler|Tangrowth, F, shiny|100/100
|turn|60
|
|t:|1609728491
|switch|p2a: FUCKK|Blissey, F|94/100
|move|p1a: Skooler|Giga Drain|p2a: FUCKK
|-damage|p2a: FUCKK|84/100
|
|upkeep
|turn|61
|
|t:|1609728514
|switch|p1a: FUCKK|Blissey, F|100/100
|move|p2a: FUCKK|Toxic|p1a: FUCKK
|-status|p1a: FUCKK|tox
|
|-damage|p1a: FUCKK|94/100 tox|[from] psn
|upkeep
|turn|62
|
|t:|1609728516
|move|p2a: FUCKK|Soft-Boiled|p2a: FUCKK
|-heal|p2a: FUCKK|100/100
|move|p1a: FUCKK|Teleport|p1a: FUCKK
|
|t:|1609728525
|-curestatus|p1a: FUCKK|tox|[from] ability: Natural Cure
|switch|p1a: Hisenberg|Hydreigon, M|100/100|[from]move: Teleport
|
|upkeep
|turn|63
|
|t:|1609728533
|switch|p1a: B|Slowking-Galar, M, shiny|98/100
|move|p2a: FUCKK|Toxic|p1a: B|[miss]
|-miss|p2a: FUCKK|p1a: B
|
|upkeep
|turn|64
|
|t:|1609728542
|switch|p1a: FUCKK|Blissey, F|94/100
|move|p2a: FUCKK|Seismic Toss|p1a: FUCKK
|-damage|p1a: FUCKK|80/100
|
|upkeep
|turn|65
|
|t:|1609728548
|switch|p1a: B|Slowking-Galar, M, shiny|100/100
|move|p2a: FUCKK|Seismic Toss|p1a: B
|-damage|p1a: B|75/100
|
|upkeep
|turn|66
|
|t:|1609728553
|switch|p1a: FUCKK|Blissey, F|80/100
|move|p2a: FUCKK|Toxic|p1a: FUCKK
|-status|p1a: FUCKK|tox
|
|-damage|p1a: FUCKK|74/100 tox|[from] psn
|upkeep
|turn|67
|
|t:|1609728557
|-curestatus|p1a: FUCKK|tox|[from] ability: Natural Cure
|switch|p1a: B|Slowking-Galar, M, shiny|100/100
|move|p2a: FUCKK|Seismic Toss|p1a: B
|-damage|p1a: B|75/100
|
|upkeep
|turn|68
|
|t:|1609728559
|switch|p1a: FUCKK|Blissey, F|74/100
|move|p2a: FUCKK|Seismic Toss|p1a: FUCKK
|-damage|p1a: FUCKK|60/100
|
|upkeep
|turn|69
|
|t:|1609728561
|switch|p1a: B|Slowking-Galar, M, shiny|100/100
|move|p2a: FUCKK|Teleport|p2a: FUCKK
|
|t:|1609728564
|switch|p2a: 11 days|Urshifu, F|4/100|[from]move: Teleport
|
|upkeep
|turn|70
|
|t:|1609728567
|switch|p1a: Skooler|Tangrowth, F, shiny|100/100
|move|p2a: 11 days|Wicked Blow|p1a: Skooler
|-crit|p1a: Skooler
|-damage|p1a: Skooler|51/100
|
|upkeep
|turn|71
|
|t:|1609728574
|switch|p2a: FUCKK|Blissey, F|100/100
|switch|p1a: Hisenberg|Hydreigon, M|100/100
|
|upkeep
|turn|72
|
|t:|1609728578
|switch|p1a: FUCKK|Blissey, F|60/100
|move|p2a: FUCKK|Seismic Toss|p1a: FUCKK
|-damage|p1a: FUCKK|46/100
|
|upkeep
|turn|73
|
|t:|1609728585
|move|p1a: FUCKK|Soft-Boiled|p1a: FUCKK
|-heal|p1a: FUCKK|96/100
|move|p2a: FUCKK|Teleport|p2a: FUCKK
|
|t:|1609728589
|switch|p2a: Hisenberg|Hydreigon, M|94/100 tox|[from]move: Teleport
|
|-heal|p2a: Hisenberg|100/100 tox|[from] item: Leftovers
|-damage|p2a: Hisenberg|94/100 tox|[from] psn
|upkeep
|turn|74
|
|t:|1609728601
|switch|p2a: 11 days|Urshifu, F|4/100
|move|p1a: FUCKK|Teleport|p1a: FUCKK
|
|t:|1609728603
|switch|p1a: Skooler|Tangrowth, F, shiny|84/100|[from]move: Teleport
|
|upkeep
|turn|75
|
|t:|1609728612
|move|p2a: 11 days|U-turn|p1a: Skooler
|-supereffective|p1a: Skooler
|-damage|p1a: Skooler|49/100
|
|t:|1609728615
|switch|p2a: FUCKK|Blissey, F|100/100|[from]move: U-turn
|move|p1a: Skooler|Giga Drain|p2a: FUCKK
|-damage|p2a: FUCKK|90/100
|-heal|p1a: Skooler|58/100|[from] drain|[of] p2a: FUCKK
|
|upkeep
|turn|76
|
|t:|1609728623
|switch|p1a: FUCKK|Blissey, F|96/100
|move|p2a: FUCKK|Seismic Toss|p1a: FUCKK
|-damage|p1a: FUCKK|82/100
|
|upkeep
|turn|77
|
|t:|1609728630
|switch|p1a: B|Slowking-Galar, M, shiny|100/100
|move|p2a: FUCKK|Seismic Toss|p1a: B
|-damage|p1a: B|75/100
|
|upkeep
|turn|78
|
|t:|1609728636
|switch|p1a: FUCKK|Blissey, F|82/100
|move|p2a: FUCKK|Toxic|p1a: FUCKK|[miss]
|-miss|p2a: FUCKK|p1a: FUCKK
|
|upkeep
|turn|79
|
|t:|1609728646
|move|p1a: FUCKK|Seismic Toss|p2a: FUCKK
|-damage|p2a: FUCKK|76/100
|move|p2a: FUCKK|Seismic Toss|p1a: FUCKK
|-damage|p1a: FUCKK|68/100
|
|upkeep
|turn|80
|
|t:|1609728652
|move|p2a: FUCKK|Toxic|p1a: FUCKK
|-status|p1a: FUCKK|tox
|move|p1a: FUCKK|Soft-Boiled|p1a: FUCKK
|-heal|p1a: FUCKK|100/100 tox
|
|-damage|p1a: FUCKK|94/100 tox|[from] psn
|upkeep
|turn|81
|
|t:|1609728654
|-curestatus|p1a: FUCKK|tox|[from] ability: Natural Cure
|switch|p1a: B|Slowking-Galar, M, shiny|100/100
|move|p2a: FUCKK|Seismic Toss|p1a: B
|-damage|p1a: B|75/100
|
|upkeep
|turn|82
|
|t:|1609728658
|switch|p1a: FUCKK|Blissey, F|94/100
|move|p2a: FUCKK|Seismic Toss|p1a: FUCKK
|-damage|p1a: FUCKK|80/100
|
|upkeep
|turn|83
|
|t:|1609728663
|switch|p1a: B|Slowking-Galar, M, shiny|100/100
|move|p2a: FUCKK|Seismic Toss|p1a: B
|-damage|p1a: B|75/100
|
|upkeep
|turn|84
|
|t:|1609728665
|switch|p1a: FUCKK|Blissey, F|80/100
|move|p2a: FUCKK|Seismic Toss|p1a: FUCKK
|-damage|p1a: FUCKK|66/100
|
|upkeep
|turn|85
|
|t:|1609728670
|switch|p1a: B|Slowking-Galar, M, shiny|100/100
|move|p2a: FUCKK|Toxic|p1a: B
|-immune|p1a: B
|
|upkeep
|turn|86
|
|t:|1609728678
|switch|p1a: FUCKK|Blissey, F|66/100
|move|p2a: FUCKK|Seismic Toss|p1a: FUCKK
|-damage|p1a: FUCKK|52/100
|
|upkeep
|turn|87
|
|t:|1609728681
|move|p1a: FUCKK|Soft-Boiled|p1a: FUCKK
|-heal|p1a: FUCKK|100/100
|move|p2a: FUCKK|Seismic Toss|p1a: FUCKK
|-damage|p1a: FUCKK|86/100
|
|upkeep
|turn|88
|
|t:|1609728684
|switch|p1a: B|Slowking-Galar, M, shiny|100/100
|move|p2a: FUCKK|Teleport|p2a: FUCKK
|
|t:|1609728688
|switch|p2a: 11 days|Urshifu, F|4/100|[from]move: Teleport
|
|upkeep
|turn|89
|
|t:|1609728691
|switch|p1a: Skooler|Tangrowth, F, shiny|91/100
|move|p2a: 11 days|Wicked Blow|p1a: Skooler
|-crit|p1a: Skooler
|-damage|p1a: Skooler|43/100
|
|upkeep
|turn|90
|
|t:|1609728704
|switch|p1a: Hisenberg|Hydreigon, M|100/100
|move|p2a: 11 days|Wicked Blow|p1a: Hisenberg
|-resisted|p1a: Hisenberg
|-crit|p1a: Hisenberg
|-damage|p1a: Hisenberg|52/100
|
|-heal|p1a: Hisenberg|58/100|[from] item: Leftovers
|upkeep
|turn|91
|
|t:|1609728712
|switch|p2a: FUCKK|Blissey, F|76/100
|move|p1a: Hisenberg|Roost|p1a: Hisenberg
|-heal|p1a: Hisenberg|100/100
|-singleturn|p1a: Hisenberg|move: Roost
|
|upkeep
|turn|92
|
|t:|1609728723
|switch|p1a: B|Slowking-Galar, M, shiny|100/100
|move|p2a: FUCKK|Seismic Toss|p1a: B
|-damage|p1a: B|75/100
|
|upkeep
|turn|93
|
|t:|1609728728
|switch|p1a: FUCKK|Blissey, F|86/100
|move|p2a: FUCKK|Seismic Toss|p1a: FUCKK
|-damage|p1a: FUCKK|72/100
|
|upkeep
|turn|94
|
|t:|1609728736
|switch|p1a: B|Slowking-Galar, M, shiny|100/100
|move|p2a: FUCKK|Seismic Toss|p1a: B
|-damage|p1a: B|75/100
|
|upkeep
|turn|95
|
|t:|1609728741
|switch|p1a: FUCKK|Blissey, F|72/100
|move|p2a: FUCKK|Seismic Toss|p1a: FUCKK
|-damage|p1a: FUCKK|58/100
|
|upkeep
|turn|96
|
|t:|1609728745
|switch|p1a: B|Slowking-Galar, M, shiny|100/100
|move|p2a: FUCKK|Seismic Toss|p1a: B
|-damage|p1a: B|75/100
|
|upkeep
|turn|97
|
|t:|1609728751
|switch|p1a: FUCKK|Blissey, F|58/100
|move|p2a: FUCKK|Seismic Toss|p1a: FUCKK
|-damage|p1a: FUCKK|44/100
|
|upkeep
|turn|98
|
|t:|1609728763
|switch|p1a: B|Slowking-Galar, M, shiny|100/100
|move|p2a: FUCKK|Seismic Toss|p1a: B
|-damage|p1a: B|75/100
|
|upkeep
|turn|99
|
|t:|1609728770
|switch|p1a: FUCKK|Blissey, F|44/100
|move|p2a: FUCKK|Seismic Toss|p1a: FUCKK
|-damage|p1a: FUCKK|30/100
|
|upkeep
|turn|100
|
|t:|1609728774
|move|p2a: FUCKK|Seismic Toss|p1a: FUCKK
|-damage|p1a: FUCKK|16/100
|move|p1a: FUCKK|Soft-Boiled|p1a: FUCKK
|-heal|p1a: FUCKK|66/100
|
|upkeep
|turn|101
|
|t:|1609728779
|switch|p1a: B|Slowking-Galar, M, shiny|100/100
|move|p2a: FUCKK|Teleport|p2a: FUCKK
|
|t:|1609728783
|switch|p2a: 11 days|Urshifu, F|4/100|[from]move: Teleport
|
|upkeep
|turn|102
|
|t:|1609728792
|switch|p1a: Skooler|Tangrowth, F, shiny|76/100
|move|p2a: 11 days|U-turn|p1a: Skooler
|-supereffective|p1a: Skooler
|-damage|p1a: Skooler|41/100
|
|t:|1609728801
|switch|p2a: Hisenberg|Hydreigon, M|94/100 tox|[from]move: U-turn
|
|-heal|p2a: Hisenberg|100/100 tox|[from] item: Leftovers
|-damage|p2a: Hisenberg|94/100 tox|[from] psn
|upkeep
|turn|103
|
|t:|1609728812
|switch|p1a: FUCKK|Blissey, F|66/100
|move|p2a: Hisenberg|Earth Power|p1a: FUCKK
|-damage|p1a: FUCKK|58/100
|
|-heal|p2a: Hisenberg|100/100 tox|[from] item: Leftovers
|-damage|p2a: Hisenberg|88/100 tox|[from] psn
|upkeep
|turn|104
|
|t:|1609728822
|switch|p2a: FUCKK|Blissey, F|76/100
|move|p1a: FUCKK|Soft-Boiled|p1a: FUCKK
|-heal|p1a: FUCKK|100/100
|
|upkeep
|turn|105
|
|t:|1609728827
|move|p1a: FUCKK|Teleport|p1a: FUCKK
|
|t:|1609728829
|switch|p1a: Skooler|Tangrowth, F, shiny|74/100|[from]move: Teleport
|move|p2a: FUCKK|Teleport|p2a: FUCKK
|
|t:|1609728835
|switch|p2a: 11 days|Urshifu, F|4/100|[from]move: Teleport
|
|upkeep
|turn|106
|
|t:|1609728838
|switch|p1a: B|Slowking-Galar, M, shiny|100/100
|move|p2a: 11 days|U-turn|p1a: B
|-damage|p1a: B|60/100
|
|t:|1609728859
|switch|p2a: FUCKK|Blissey, F|76/100|[from]move: U-turn
|
|upkeep
|turn|107
|
|t:|1609728868
|switch|p1a: FUCKK|Blissey, F|100/100
|move|p2a: FUCKK|Seismic Toss|p1a: FUCKK
|-damage|p1a: FUCKK|86/100
|
|upkeep
|turn|108
|
|t:|1609728875
|move|p2a: FUCKK|Seismic Toss|p1a: FUCKK
|-damage|p1a: FUCKK|72/100
|move|p1a: FUCKK|Toxic|p2a: FUCKK
|-status|p2a: FUCKK|tox
|
|-damage|p2a: FUCKK|70/100 tox|[from] psn
|upkeep
|turn|109
|
|t:|1609728879
|move|p1a: FUCKK|Seismic Toss|p2a: FUCKK
|-damage|p2a: FUCKK|56/100 tox
|move|p2a: FUCKK|Teleport|p2a: FUCKK
|
|t:|1609728885
|-curestatus|p2a: FUCKK|tox|[from] ability: Natural Cure
|switch|p2a: Hisenberg|Hydreigon, M|88/100 tox|[from]move: Teleport
|
|-heal|p2a: Hisenberg|94/100 tox|[from] item: Leftovers
|-damage|p2a: Hisenberg|88/100 tox|[from] psn
|upkeep
|turn|110
|
|t:|1609728894
|move|p2a: Hisenberg|Dark Pulse|p1a: FUCKK
|-damage|p1a: FUCKK|60/100
|cant|p1a: FUCKK|flinch
|
|-heal|p2a: Hisenberg|94/100 tox|[from] item: Leftovers
|-damage|p2a: Hisenberg|82/100 tox|[from] psn
|upkeep
|turn|111
|
|t:|1609728900
|move|p2a: Hisenberg|Dark Pulse|p1a: FUCKK
|-crit|p1a: FUCKK
|-damage|p1a: FUCKK|42/100
|move|p1a: FUCKK|Seismic Toss|p2a: Hisenberg
|-damage|p2a: Hisenberg|56/100 tox
|
|-heal|p2a: Hisenberg|62/100 tox|[from] item: Leftovers
|-damage|p2a: Hisenberg|44/100 tox|[from] psn
|upkeep
|turn|112
|
|t:|1609728906
|move|p2a: Hisenberg|Roost|p2a: Hisenberg
|-heal|p2a: Hisenberg|94/100 tox
|-singleturn|p2a: Hisenberg|move: Roost
|move|p1a: FUCKK|Soft-Boiled|p1a: FUCKK
|-heal|p1a: FUCKK|92/100
|
|-heal|p2a: Hisenberg|99/100 tox|[from] item: Leftovers
|-damage|p2a: Hisenberg|75/100 tox|[from] psn
|upkeep
|turn|113
|inactive|IM AT MY LIMIT has 270 seconds left.
|
|t:|1609728944
|move|p2a: Hisenberg|Dark Pulse|p1a: FUCKK
|-damage|p1a: FUCKK|80/100
|move|p1a: FUCKK|Seismic Toss|p2a: Hisenberg
|-damage|p2a: Hisenberg|49/100 tox
|
|-heal|p2a: Hisenberg|56/100 tox|[from] item: Leftovers
|-damage|p2a: Hisenberg|25/100 tox|[from] psn
|upkeep
|turn|114
|
|t:|1609728951
|switch|p2a: FUCKK|Blissey, F|56/100
|move|p1a: FUCKK|Seismic Toss|p2a: FUCKK
|-damage|p2a: FUCKK|42/100
|
|upkeep
|turn|115
|
|t:|1609728954
|move|p1a: FUCKK|Toxic|p2a: FUCKK
|-status|p2a: FUCKK|tox
|move|p2a: FUCKK|Seismic Toss|p1a: FUCKK
|-damage|p1a: FUCKK|66/100
|
|-damage|p2a: FUCKK|36/100 tox|[from] psn
|upkeep
|turn|116
|
|t:|1609728971
|move|p1a: FUCKK|Seismic Toss|p2a: FUCKK
|-damage|p2a: FUCKK|22/100 tox
|move|p2a: FUCKK|Soft-Boiled|p2a: FUCKK
|-heal|p2a: FUCKK|72/100 tox
|
|-damage|p2a: FUCKK|59/100 tox|[from] psn
|upkeep
|turn|117
|
|t:|1609728976
|move|p2a: FUCKK|Soft-Boiled|p2a: FUCKK
|-heal|p2a: FUCKK|100/100 tox
|move|p1a: FUCKK|Seismic Toss|p2a: FUCKK
|-damage|p2a: FUCKK|86/100 tox
|
|-damage|p2a: FUCKK|68/100 tox|[from] psn
|upkeep
|turn|118
|
|t:|1609728984
|move|p1a: FUCKK|Seismic Toss|p2a: FUCKK
|-damage|p2a: FUCKK|54/100 tox
|move|p2a: FUCKK|Teleport|p2a: FUCKK
|
|t:|1609728987
|-curestatus|p2a: FUCKK|tox|[from] ability: Natural Cure
|switch|p2a: 11 days|Urshifu, F|4/100|[from]move: Teleport
|
|upkeep
|turn|119
|
|t:|1609728990
|switch|p1a: Skooler|Tangrowth, F, shiny|100/100
|move|p2a: 11 days|Close Combat|p1a: Skooler
|-damage|p1a: Skooler|54/100
|-unboost|p2a: 11 days|def|1
|-unboost|p2a: 11 days|spd|1
|
|upkeep
|turn|120
|
|t:|1609729012
|switch|p2a: Hisenberg|Hydreigon, M|25/100 tox
|move|p1a: Skooler|Giga Drain|p2a: Hisenberg
|-resisted|p2a: Hisenberg
|-damage|p2a: Hisenberg|15/100 tox
|-heal|p1a: Skooler|59/100|[from] drain|[of] p2a: Hisenberg
|
|-heal|p2a: Hisenberg|21/100 tox|[from] item: Leftovers
|-damage|p2a: Hisenberg|15/100 tox|[from] psn
|upkeep
|turn|121
|
|t:|1609729015
|move|p2a: Hisenberg|Dark Pulse|p1a: Skooler
|-damage|p1a: Skooler|7/100
|move|p1a: Skooler|Focus Blast|p2a: Hisenberg
|-supereffective|p2a: Hisenberg
|-damage|p2a: Hisenberg|0 fnt
|faint|p2a: Hisenberg
|
|upkeep
|
|t:|1609729025
|switch|p2a: 11 days|Urshifu, F|4/100
|turn|122
|
|t:|1609729028
|switch|p1a: B|Slowking-Galar, M, shiny|93/100
|move|p2a: 11 days|Close Combat|p1a: B
|-resisted|p1a: B
|-damage|p1a: B|67/100
|-unboost|p2a: 11 days|def|1
|-unboost|p2a: 11 days|spd|1
|
|upkeep
|turn|123
|
|t:|1609729033
|switch|p2a: FUCKK|Blissey, F|54/100
|move|p1a: B|Sludge Bomb|p2a: FUCKK
|-damage|p2a: FUCKK|40/100
|
|upkeep
|turn|124
|
|t:|1609729036
|switch|p1a: Skooler|Tangrowth, F, shiny|40/100
|move|p2a: FUCKK|Soft-Boiled|p2a: FUCKK
|-heal|p2a: FUCKK|90/100
|
|upkeep
|turn|125
|
|t:|1609729043
|switch|p1a: FUCKK|Blissey, F|66/100
|move|p2a: FUCKK|Teleport|p2a: FUCKK
|
|t:|1609729047
|switch|p2a: 11 days|Urshifu, F|4/100|[from]move: Teleport
|
|upkeep
|turn|126
|j| Effect volume
|
|t:|1609729052
|switch|p1a: B|Slowking-Galar, M, shiny|100/100
|move|p2a: 11 days|U-turn|p1a: B
|-damage|p1a: B|63/100
|
|t:|1609729057
|switch|p2a: FUCKK|Blissey, F|90/100|[from]move: U-turn
|
|upkeep
|turn|127
|
|t:|1609729081
|switch|p1a: FUCKK|Blissey, F|66/100
|move|p2a: FUCKK|Teleport|p2a: FUCKK
|
|t:|1609729084
|switch|p2a: 11 days|Urshifu, F|4/100|[from]move: Teleport
|
|upkeep
|turn|128
|
|t:|1609729087
|switch|p1a: B|Slowking-Galar, M, shiny|96/100
|move|p2a: 11 days|U-turn|p1a: B
|-damage|p1a: B|57/100
|
|t:|1609729094
|switch|p2a: FUCKK|Blissey, F|90/100|[from]move: U-turn
|
|upkeep
|turn|129
|
|t:|1609729100
|switch|p1a: Skooler|Tangrowth, F, shiny|73/100
|move|p2a: FUCKK|Teleport|p2a: FUCKK
|
|t:|1609729104
|switch|p2a: 11 days|Urshifu, F|4/100|[from]move: Teleport
|
|upkeep
|turn|130
|
|t:|1609729114
|move|p2a: 11 days|U-turn|p1a: Skooler
|-supereffective|p1a: Skooler
|-damage|p1a: Skooler|32/100
|
|t:|1609729117
|switch|p2a: FUCKK|Blissey, F|90/100|[from]move: U-turn
|move|p1a: Skooler|Giga Drain|p2a: FUCKK
|-crit|p2a: FUCKK
|-damage|p2a: FUCKK|74/100
|-heal|p1a: Skooler|46/100|[from] drain|[of] p2a: FUCKK
|
|upkeep
|turn|131
|
|t:|1609729122
|move|p2a: FUCKK|Seismic Toss|p1a: Skooler
|-damage|p1a: Skooler|22/100
|move|p1a: Skooler|Sleep Powder|p2a: FUCKK
|-status|p2a: FUCKK|slp|[from] move: Sleep Powder
|
|upkeep
|turn|132
|
|t:|1609729129
|cant|p2a: FUCKK|slp
|move|p1a: Skooler|Giga Drain|p2a: FUCKK
|-damage|p2a: FUCKK|63/100 slp
|-heal|p1a: Skooler|31/100|[from] drain|[of] p2a: FUCKK
|
|upkeep
|turn|133
|
|t:|1609729131
|-curestatus|p2a: FUCKK|slp|[msg]
|move|p2a: FUCKK|Soft-Boiled|p2a: FUCKK
|-heal|p2a: FUCKK|100/100
|move|p1a: Skooler|Focus Blast|p2a: FUCKK|[miss]
|-miss|p1a: Skooler|p2a: FUCKK
|
|upkeep
|turn|134
|
|t:|1609729136
|switch|p1a: FUCKK|Blissey, F|66/100
|move|p2a: FUCKK|Teleport|p2a: FUCKK
|
|t:|1609729140
|switch|p2a: 11 days|Urshifu, F|4/100|[from]move: Teleport
|
|upkeep
|turn|135
|
|t:|1609729144
|switch|p1a: B|Slowking-Galar, M, shiny|90/100
|move|p2a: 11 days|U-turn|p1a: B
|-damage|p1a: B|49/100
|
|t:|1609729149
|switch|p2a: FUCKK|Blissey, F|100/100|[from]move: U-turn
|
|upkeep
|turn|136
|
|t:|1609729156
|switch|p1a: Skooler|Tangrowth, F, shiny|64/100
|move|p2a: FUCKK|Teleport|p2a: FUCKK
|
|t:|1609729159
|switch|p2a: 11 days|Urshifu, F|4/100|[from]move: Teleport
|
|upkeep
|turn|137
|
|t:|1609729163
|switch|p1a: Hisenberg|Hydreigon, M|100/100
|move|p2a: 11 days|U-turn|p1a: Hisenberg
|-supereffective|p1a: Hisenberg
|-damage|p1a: Hisenberg|25/100
|
|t:|1609729169
|switch|p2a: FUCKK|Blissey, F|100/100|[from]move: U-turn
|
|-heal|p1a: Hisenberg|31/100|[from] item: Leftovers
|upkeep
|turn|138
|
|t:|1609729174
|move|p1a: Hisenberg|Roost|p1a: Hisenberg
|-heal|p1a: Hisenberg|81/100
|-singleturn|p1a: Hisenberg|move: Roost
|move|p2a: FUCKK|Seismic Toss|p1a: Hisenberg
|-damage|p1a: Hisenberg|56/100
|
|-heal|p1a: Hisenberg|62/100|[from] item: Leftovers
|upkeep
|turn|139
|
|t:|1609729178
|switch|p1a: B|Slowking-Galar, M, shiny|82/100
|move|p2a: FUCKK|Toxic|p1a: B
|-immune|p1a: B
|
|upkeep
|turn|140
|
|t:|1609729184
|switch|p1a: FUCKK|Blissey, F|66/100
|move|p2a: FUCKK|Teleport|p2a: FUCKK
|
|t:|1609729187
|switch|p2a: 11 days|Urshifu, F|4/100|[from]move: Teleport
|
|upkeep
|turn|141
|
|t:|1609729194
|switch|p1a: B|Slowking-Galar, M, shiny|100/100
|move|p2a: 11 days|U-turn|p1a: B
|-damage|p1a: B|63/100
|
|t:|1609729199
|switch|p2a: FUCKK|Blissey, F|100/100|[from]move: U-turn
|
|upkeep
|turn|142
|
|t:|1609729202
|switch|p1a: FUCKK|Blissey, F|66/100
|move|p2a: FUCKK|Teleport|p2a: FUCKK
|
|t:|1609729205
|switch|p2a: 11 days|Urshifu, F|4/100|[from]move: Teleport
|
|upkeep
|turn|143
|
|t:|1609729214
|switch|p1a: B|Slowking-Galar, M, shiny|96/100
|move|p2a: 11 days|Close Combat|p1a: B
|-resisted|p1a: B
|-damage|p1a: B|73/100
|-unboost|p2a: 11 days|def|1
|-unboost|p2a: 11 days|spd|1
|
|upkeep
|turn|144
|
|t:|1609729221
|switch|p2a: FUCKK|Blissey, F|100/100
|move|p1a: B|Future Sight|p2a: FUCKK
|-start|p1a: B|move: Future Sight
|
|upkeep
|turn|145
|
|t:|1609729225
|switch|p1a: FUCKK|Blissey, F|66/100
|move|p2a: FUCKK|Teleport|p2a: FUCKK
|
|t:|1609729228
|switch|p2a: 11 days|Urshifu, F|4/100|[from]move: Teleport
|
|upkeep
|turn|146
|
|t:|1609729237
|switch|p1a: Skooler|Tangrowth, F, shiny|97/100
|move|p2a: 11 days|U-turn|p1a: Skooler
|-supereffective|p1a: Skooler
|-damage|p1a: Skooler|59/100
|
|t:|1609729244
|switch|p2a: FUCKK|Blissey, F|100/100|[from]move: U-turn
|
|-end|p2a: FUCKK|move: Future Sight
|-damage|p2a: FUCKK|82/100
|upkeep
|turn|147
|
|t:|1609729255
|move|p2a: FUCKK|Toxic|p1a: Skooler
|-status|p1a: Skooler|tox
|move|p1a: Skooler|Giga Drain|p2a: FUCKK
|-damage|p2a: FUCKK|71/100
|-heal|p1a: Skooler|69/100 tox|[from] drain|[of] p2a: FUCKK
|
|-damage|p1a: Skooler|62/100 tox|[from] psn
|upkeep
|turn|148
|
|t:|1609729266
|switch|p1a: FUCKK|Blissey, F|66/100
|move|p2a: FUCKK|Teleport|p2a: FUCKK
|
|t:|1609729269
|switch|p2a: 11 days|Urshifu, F|4/100|[from]move: Teleport
|
|upkeep
|turn|149
|
|t:|1609729274
|switch|p1a: B|Slowking-Galar, M, shiny|100/100
|move|p2a: 11 days|U-turn|p1a: B
|-damage|p1a: B|63/100
|
|t:|1609729279
|switch|p2a: FUCKK|Blissey, F|71/100|[from]move: U-turn
|
|upkeep
|turn|150
|
|t:|1609729295
|switch|p1a: Skooler|Tangrowth, F, shiny|96/100 tox
|move|p2a: FUCKK|Seismic Toss|p1a: Skooler
|-damage|p1a: Skooler|71/100 tox
|
|-damage|p1a: Skooler|65/100 tox|[from] psn
|upkeep
|turn|151
|
|t:|1609729304
|switch|p1a: B|Slowking-Galar, M, shiny|96/100
|move|p2a: FUCKK|Soft-Boiled|p2a: FUCKK
|-heal|p2a: FUCKK|100/100
|
|upkeep
|turn|152
|
|t:|1609729315
|switch|p1a: Skooler|Tangrowth, F, shiny|98/100 tox
|move|p2a: FUCKK|Seismic Toss|p1a: Skooler
|-damage|p1a: Skooler|73/100 tox
|
|-damage|p1a: Skooler|67/100 tox|[from] psn
|upkeep
|turn|153
|inactive|BillyTheFlash has 270 seconds left.
|
|t:|1609729327
|switch|p2a: 11 days|Urshifu, F|4/100
|switch|p1a: B|Slowking-Galar, M, shiny|100/100
|
|upkeep
|turn|154
|
|t:|1609729334
|move|p2a: 11 days|U-turn|p1a: B
|-damage|p1a: B|64/100
|
|t:|1609729337
|switch|p2a: FUCKK|Blissey, F|100/100|[from]move: U-turn
|move|p1a: B|Sludge Bomb|p2a: FUCKK
|-damage|p2a: FUCKK|87/100
|-status|p2a: FUCKK|psn
|
|-damage|p2a: FUCKK|75/100 psn|[from] psn
|upkeep
|turn|155
|
|t:|1609729344
|move|p2a: FUCKK|Soft-Boiled|p2a: FUCKK
|-heal|p2a: FUCKK|100/100 psn
|move|p1a: B|Future Sight|p2a: FUCKK
|-start|p1a: B|move: Future Sight
|
|-damage|p2a: FUCKK|88/100 psn|[from] psn
|upkeep
|turn|156
|
|t:|1609729353
|move|p2a: FUCKK|Soft-Boiled|p2a: FUCKK
|-heal|p2a: FUCKK|100/100 psn
|move|p1a: B|Flamethrower|p2a: FUCKK
|-damage|p2a: FUCKK|91/100 psn
|
|-damage|p2a: FUCKK|79/100 psn|[from] psn
|upkeep
|turn|157
|
|t:|1609729358
|move|p2a: FUCKK|Soft-Boiled|p2a: FUCKK
|-heal|p2a: FUCKK|100/100 psn
|move|p1a: B|Sludge Bomb|p2a: FUCKK
|-damage|p2a: FUCKK|88/100 psn
|
|-end|p2a: FUCKK|move: Future Sight
|-damage|p2a: FUCKK|68/100 psn
|-damage|p2a: FUCKK|56/100 psn|[from] psn
|upkeep
|turn|158
|
|t:|1609729364
|move|p1a: B|Future Sight|p2a: FUCKK
|-start|p1a: B|move: Future Sight
|move|p2a: FUCKK|Teleport|p2a: FUCKK
|
|t:|1609729369
|-curestatus|p2a: FUCKK|psn|[from] ability: Natural Cure
|switch|p2a: 11 days|Urshifu, F|4/100|[from]move: Teleport
|
|upkeep
|turn|159
|
|t:|1609729380
|switch|p1a: Skooler|Tangrowth, F, shiny|99/100 tox
|move|p2a: 11 days|U-turn|p1a: Skooler
|-supereffective|p1a: Skooler
|-damage|p1a: Skooler|61/100 tox
|
|t:|1609729386
|switch|p2a: FUCKK|Blissey, F|56/100|[from]move: U-turn
|
|-damage|p1a: Skooler|55/100 tox|[from] psn
|upkeep
|turn|160
|
|t:|1609729395
|switch|p1a: FUCKK|Blissey, F|66/100
|move|p2a: FUCKK|Soft-Boiled|p2a: FUCKK
|-heal|p2a: FUCKK|100/100
|
|-end|p2a: FUCKK|move: Future Sight
|-damage|p2a: FUCKK|82/100
|upkeep
|turn|161
|
|t:|1609729405
|move|p1a: FUCKK|Soft-Boiled|p1a: FUCKK
|-heal|p1a: FUCKK|100/100
|move|p2a: FUCKK|Soft-Boiled|p2a: FUCKK
|-heal|p2a: FUCKK|100/100
|
|upkeep
|turn|162
|
|t:|1609729419
|move|p2a: FUCKK|Toxic|p1a: FUCKK
|-status|p1a: FUCKK|tox
|move|p1a: FUCKK|Teleport|p1a: FUCKK
|
|t:|1609729424
|-curestatus|p1a: FUCKK|tox|[from] ability: Natural Cure
|switch|p1a: Skooler|Tangrowth, F, shiny|88/100 tox|[from]move: Teleport
|
|-damage|p1a: Skooler|82/100 tox|[from] psn
|upkeep
|turn|163
|
|t:|1609729433
|switch|p1a: FUCKK|Blissey, F|100/100
|move|p2a: FUCKK|Teleport|p2a: FUCKK
|
|t:|1609729438
|switch|p2a: 11 days|Urshifu, F|4/100|[from]move: Teleport
|
|upkeep
|turn|164
|
|t:|1609729443
|switch|p1a: B|Slowking-Galar, M, shiny|97/100
|move|p2a: 11 days|Close Combat|p1a: B
|-resisted|p1a: B
|-damage|p1a: B|71/100
|-unboost|p2a: 11 days|def|1
|-unboost|p2a: 11 days|spd|1
|
|upkeep
|turn|165
|
|t:|1609729452
|switch|p2a: FUCKK|Blissey, F|100/100
|move|p1a: B|Scald|p2a: FUCKK
|-damage|p2a: FUCKK|93/100
|
|upkeep
|turn|166
|j| Thats quite unfor
|inactive|BillyTheFlash has 240 seconds left.
|
|t:|1609729462
|switch|p1a: Skooler|Tangrowth, F, shiny|100/100 tox
|move|p2a: FUCKK|Toxic|p1a: Skooler
|-fail|p1a: Skooler|tox
|
|-damage|p1a: Skooler|94/100 tox|[from] psn
|upkeep
|turn|167
|l| Thats quite unfor
|
|t:|1609729471
|switch|p1a: FUCKK|Blissey, F|100/100
|move|p2a: FUCKK|Teleport|p2a: FUCKK
|
|t:|1609729475
|switch|p2a: 11 days|Urshifu, F|4/100|[from]move: Teleport
|
|upkeep
|turn|168
|
|t:|1609729481
|switch|p1a: B|Slowking-Galar, M, shiny|100/100
|move|p2a: 11 days|U-turn|p1a: B
|-damage|p1a: B|61/100
|j| o0oaK
|
|t:|1609729486
|switch|p2a: FUCKK|Blissey, F|93/100|[from]move: U-turn
|
|upkeep
|turn|169
|
|t:|1609729497
|switch|p1a: Skooler|Tangrowth, F, shiny|100/100 tox
|move|p2a: FUCKK|Teleport|p2a: FUCKK
|
|t:|1609729502
|switch|p2a: 11 days|Urshifu, F|4/100|[from]move: Teleport
|
|-damage|p1a: Skooler|94/100 tox|[from] psn
|upkeep
|turn|170
|
|t:|1609729506
|switch|p1a: B|Slowking-Galar, M, shiny|94/100
|move|p2a: 11 days|U-turn|p1a: B
|-damage|p1a: B|57/100
|j| Vessev
|c| Effect volume|this is so boring
|l| Vessev
|
|t:|1609729512
|switch|p2a: FUCKK|Blissey, F|93/100|[from]move: U-turn
|
|upkeep
|turn|171
|c| Effect volume|please
|
|t:|1609729522
|switch|p1a: Skooler|Tangrowth, F, shiny|100/100 tox
|move|p2a: FUCKK|Teleport|p2a: FUCKK
|
|t:|1609729527
|switch|p2a: 11 days|Urshifu, F|4/100|[from]move: Teleport
|
|-damage|p1a: Skooler|94/100 tox|[from] psn
|upkeep
|turn|172
|j| Vessev
|
|t:|1609729534
|switch|p1a: B|Slowking-Galar, M, shiny|90/100
|move|p2a: 11 days|U-turn|p1a: B
|-damage|p1a: B|51/100
|
|t:|1609729540
|switch|p2a: FUCKK|Blissey, F|93/100|[from]move: U-turn
|
|upkeep
|turn|173
|
|t:|1609729548
|switch|p1a: Skooler|Tangrowth, F, shiny|100/100 tox
|move|p2a: FUCKK|Teleport|p2a: FUCKK
|
|t:|1609729552
|switch|p2a: 11 days|Urshifu, F|4/100|[from]move: Teleport
|
|-damage|p1a: Skooler|94/100 tox|[from] psn
|upkeep
|turn|174
|
|t:|1609729560
|move|p2a: 11 days|U-turn|p1a: Skooler
|-supereffective|p1a: Skooler
|-damage|p1a: Skooler|54/100 tox
|
|t:|1609729564
|switch|p2a: FUCKK|Blissey, F|93/100|[from]move: U-turn
|move|p1a: Skooler|Giga Drain|p2a: FUCKK
|-damage|p2a: FUCKK|83/100
|-heal|p1a: Skooler|62/100 tox|[from] drain|[of] p2a: FUCKK
|
|-damage|p1a: Skooler|50/100 tox|[from] psn
|upkeep
|turn|175
|j| Elite 4 Three
|inactive|BillyTheFlash has 210 seconds left.
|
|t:|1609729580
|switch|p2a: 11 days|Urshifu, F|4/100
|switch|p1a: B|Slowking-Galar, M, shiny|84/100
|
|upkeep
|turn|176
|inactive|BillyTheFlash has 210 seconds left.
|l|☆IM AT MY LIMIT
|inactive|IM AT MY LIMIT disconnected and has 300 seconds to reconnect!
|player|p1|
|j|☆IM AT MY LIMIT
|inactive|IM AT MY LIMIT reconnected and has 295 seconds left.
|player|p1|IM AT MY LIMIT|lucas
|
|t:|1609729603
|move|p2a: 11 days|Sucker Punch|p1a: B
|-supereffective|p1a: B
|-damage|p1a: B|0 fnt
|faint|p1a: B
|
|upkeep
|c| Effect volume|please..
|c| Effect volume|please end it..
|
|t:|1609729611
|switch|p1a: FUCKK|Blissey, F|100/100
|turn|177
|
|t:|1609729618
|switch|p2a: FUCKK|Blissey, F|83/100
|move|p1a: FUCKK|Seismic Toss|p2a: FUCKK
|-damage|p2a: FUCKK|69/100
|
|upkeep
|turn|178
|inactive|BillyTheFlash has 180 seconds left.
|
|t:|1609729635
|move|p1a: FUCKK|Teleport|p1a: FUCKK
|
|t:|1609729639
|switch|p1a: Skooler|Tangrowth, F, shiny|83/100 tox|[from]move: Teleport
|move|p2a: FUCKK|Teleport|p2a: FUCKK
|inactive|BillyTheFlash has 180 seconds left.
|
|t:|1609729645
|switch|p2a: 11 days|Urshifu, F|4/100|[from]move: Teleport
|
|-damage|p1a: Skooler|77/100 tox|[from] psn
|upkeep
|turn|179
|inactive|BillyTheFlash has 180 seconds left.
|
|t:|1609729653
|switch|p1a: Hisenberg|Hydreigon, M|62/100
|move|p2a: 11 days|U-turn|p1a: Hisenberg
|-supereffective|p1a: Hisenberg
|-damage|p1a: Hisenberg|0 fnt
|faint|p1a: Hisenberg
|
|t:|1609729662
|switch|p2a: FUCKK|Blissey, F|69/100|[from]move: U-turn
|
|upkeep
|
|t:|1609729667
|switch|p1a: FUCKK|Blissey, F|100/100
|turn|180
|
|t:|1609729679
|move|p1a: FUCKK|Seismic Toss|p2a: FUCKK
|-damage|p2a: FUCKK|55/100
|move|p2a: FUCKK|Teleport|p2a: FUCKK
|
|t:|1609729684
|switch|p2a: 11 days|Urshifu, F|4/100|[from]move: Teleport
|
|upkeep
|turn|181
|
|t:|1609729690
|switch|p1a: Skooler|Tangrowth, F, shiny|100/100 tox
|move|p2a: 11 days|U-turn|p1a: Skooler
|-supereffective|p1a: Skooler
|-damage|p1a: Skooler|62/100 tox
|
|t:|1609729697
|switch|p2a: FUCKK|Blissey, F|55/100|[from]move: U-turn
|
|-damage|p1a: Skooler|56/100 tox|[from] psn
|upkeep
|turn|182
|
|t:|1609729704
|switch|p1a: FUCKK|Blissey, F|100/100
|move|p2a: FUCKK|Soft-Boiled|p2a: FUCKK
|-heal|p2a: FUCKK|100/100
|
|upkeep
|turn|183
|inactive|BillyTheFlash has 150 seconds left.
|inactive|BillyTheFlash has 120 seconds left.
BillyTheFlash is offering a tie.
IM AT MY LIMIT rejected the tie.
|
|t:|1609729770
|move|p1a: FUCKK|Teleport|p1a: FUCKK
|
|t:|1609729771
|switch|p1a: Skooler|Tangrowth, F, shiny|89/100 tox|[from]move: Teleport
|move|p2a: FUCKK|Teleport|p2a: FUCKK
|
|t:|1609729773
|switch|p2a: 11 days|Urshifu, F|4/100|[from]move: Teleport
|
|-damage|p1a: Skooler|83/100 tox|[from] psn
|upkeep
|turn|184
|
|t:|1609729782
|move|p2a: 11 days|U-turn|p1a: Skooler
|-supereffective|p1a: Skooler
|-damage|p1a: Skooler|45/100 tox
|
|t:|1609729786
|switch|p2a: FUCKK|Blissey, F|100/100|[from]move: U-turn
|move|p1a: Skooler|Giga Drain|p2a: FUCKK
|-crit|p2a: FUCKK
|-damage|p2a: FUCKK|85/100
|-heal|p1a: Skooler|59/100 tox|[from] drain|[of] p2a: FUCKK
|
|-damage|p1a: Skooler|47/100 tox|[from] psn
|upkeep
|turn|185
|inactive|BillyTheFlash has 90 seconds left.
IM AT MY LIMIT is offering a tie.
|
|t:|1609729802
|switch|p1a: FUCKK|Blissey, F|100/100
|move|p2a: FUCKK|Teleport|p2a: FUCKK
|
|t:|1609729806
|switch|p2a: 11 days|Urshifu, F|4/100|[from]move: Teleport
|
|upkeep
|turn|186
|inactive|BillyTheFlash has 90 seconds left.
|
|t:|1609729815
|switch|p1a: Skooler|Tangrowth, F, shiny|80/100 tox
|move|p2a: 11 days|U-turn|p1a: Skooler
|-supereffective|p1a: Skooler
|-damage|p1a: Skooler|41/100 tox
|inactive|BillyTheFlash has 90 seconds left.
|
|t:|1609729821
|switch|p2a: FUCKK|Blissey, F|85/100|[from]move: U-turn
|
|-damage|p1a: Skooler|34/100 tox|[from] psn
|upkeep
|turn|187
IM AT MY LIMIT is offering a tie.
|
|t:|1609729829
|switch|p1a: FUCKK|Blissey, F|100/100
|move|p2a: FUCKK|Teleport|p2a: FUCKK
|
|t:|1609729833
|switch|p2a: 11 days|Urshifu, F|4/100|[from]move: Teleport
|
|upkeep
|turn|188
|
|t:|1609729836
|move|p2a: 11 days|U-turn|p1a: FUCKK
|-damage|p1a: FUCKK|68/100
|
|t:|1609729838
|switch|p2a: FUCKK|Blissey, F|85/100|[from]move: U-turn
|move|p1a: FUCKK|Seismic Toss|p2a: FUCKK
|-damage|p2a: FUCKK|71/100
|
|upkeep
|turn|189
|inactive|BillyTheFlash has 90 seconds left.
|
|t:|1609729850
|move|p1a: FUCKK|Teleport|p1a: FUCKK
|
|t:|1609729851
|switch|p1a: Skooler|Tangrowth, F, shiny|68/100 tox|[from]move: Teleport
|move|p2a: FUCKK|Teleport|p2a: FUCKK
|
|t:|1609729856
|switch|p2a: 11 days|Urshifu, F|4/100|[from]move: Teleport
|
|-damage|p1a: Skooler|61/100 tox|[from] psn
|upkeep
|turn|190
|
|t:|1609729860
|switch|p1a: FUCKK|Blissey, F|68/100
|move|p2a: 11 days|U-turn|p1a: FUCKK
|-crit|p1a: FUCKK
|-damage|p1a: FUCKK|19/100
|inactive|BillyTheFlash has 90 seconds left.
|
|t:|1609729865
|switch|p2a: FUCKK|Blissey, F|71/100|[from]move: U-turn
|
|upkeep
|turn|191
|c| o0oaK|what a classic matchup
|c| o0oaK|gg
|inactive|BillyTheFlash has 90 seconds left.
|
|t:|1609729876
|move|p1a: FUCKK|Soft-Boiled|p1a: FUCKK
|-heal|p1a: FUCKK|69/100
|move|p2a: FUCKK|Teleport|p2a: FUCKK
|
|t:|1609729878
|switch|p2a: 11 days|Urshifu, F|4/100|[from]move: Teleport
|
|upkeep
|turn|192
|c| o0oaK|BillyTheFlash showing us how to play end game
|
|t:|1609729886
|switch|p1a: Skooler|Tangrowth, F, shiny|95/100 tox
|move|p2a: 11 days|U-turn|p1a: Skooler
|-supereffective|p1a: Skooler
|-damage|p1a: Skooler|54/100 tox
|
|t:|1609729891
|switch|p2a: FUCKK|Blissey, F|71/100|[from]move: U-turn
|
|-damage|p1a: Skooler|48/100 tox|[from] psn
|upkeep
|turn|193
|
|t:|1609729902
|switch|p1a: FUCKK|Blissey, F|69/100
|move|p2a: FUCKK|Soft-Boiled|p2a: FUCKK
|-heal|p2a: FUCKK|100/100
|
|upkeep
|turn|194
|c| o0oaK|but BillyTheFlash is gonna run out of uturns some day
|
|t:|1609729908
|move|p1a: FUCKK|Soft-Boiled|p1a: FUCKK
|-heal|p1a: FUCKK|100/100
|move|p2a: FUCKK|Teleport|p2a: FUCKK
|
|t:|1609729912
|switch|p2a: 11 days|Urshifu, F|4/100|[from]move: Teleport
|
|upkeep
|turn|195
|
|t:|1609729917
|switch|p1a: Skooler|Tangrowth, F, shiny|81/100 tox
|move|p2a: 11 days|U-turn|p1a: Skooler
|-supereffective|p1a: Skooler
|-damage|p1a: Skooler|40/100 tox
|
|t:|1609729922
|switch|p2a: FUCKK|Blissey, F|100/100|[from]move: U-turn
|
|-damage|p1a: Skooler|34/100 tox|[from] psn
|upkeep
|turn|196
|inactive|BillyTheFlash has 60 seconds left.
|c| o0oaK|guys who do u think is gonna win?
|
|t:|1609729958
|switch|p1a: FUCKK|Blissey, F|100/100
|move|p2a: FUCKK|Soft-Boiled||[still]
|-fail|p2a: FUCKK|heal
|
|upkeep
|turn|197
|c| Effect volume|i will be too old to twll
|c| Effect volume|tell
|inactive|BillyTheFlash has 30 seconds left.
|c| o0oaK|lol
|
|t:|1609729979
|move|p2a: FUCKK|Soft-Boiled||[still]
|-fail|p2a: FUCKK|heal
|move|p1a: FUCKK|Teleport|p1a: FUCKK
|inactive|BillyTheFlash has 25 seconds left this turn.
|
|t:|1609729983
|switch|p1a: Skooler|Tangrowth, F, shiny|67/100 tox|[from]move: Teleport
|
|-damage|p1a: Skooler|61/100 tox|[from] psn
|upkeep
|turn|198
|inactive|BillyTheFlash has 30 seconds left this turn.
|
|t:|1609729990
|switch|p2a: 11 days|Urshifu, F|4/100
|switch|p1a: FUCKK|Blissey, F|100/100
|
|upkeep
|turn|199
|inactive|BillyTheFlash has 25 seconds left this turn.
|
|t:|1609729994
|switch|p1a: Skooler|Tangrowth, F, shiny|94/100 tox
|move|p2a: 11 days|U-turn|p1a: Skooler
|-supereffective|p1a: Skooler
|-damage|p1a: Skooler|56/100 tox
|inactive|BillyTheFlash has 30 seconds left this turn.
|
|t:|1609730000
|switch|p2a: FUCKK|Blissey, F|100/100|[from]move: U-turn
|
|-damage|p1a: Skooler|50/100 tox|[from] psn
|upkeep
|turn|200
|inactive|BillyTheFlash has 25 seconds left this turn.
|inactive|BillyTheFlash has 20 seconds left.
|inactive|BillyTheFlash has 15 seconds left.
|c| o0oaK|BillyTheFlash misplayed
|c| o0oaK|he lost
|inactive|BillyTheFlash has 10 seconds left.
|
|t:|1609730018
|switch|p1a: FUCKK|Blissey, F|100/100
|move|p2a: FUCKK|Toxic|p1a: FUCKK
|-status|p1a: FUCKK|tox
|
|-damage|p1a: FUCKK|94/100 tox|[from] psn
|upkeep
|turn|201
|inactive|BillyTheFlash has 15 seconds left this turn.
|inactive|BillyTheFlash has 10 seconds left.
|
|t:|1609730025
|move|p2a: FUCKK|Toxic|p1a: FUCKK|[miss]
|-miss|p2a: FUCKK|p1a: FUCKK
|move|p1a: FUCKK|Teleport|p1a: FUCKK
|inactive|BillyTheFlash has 10 seconds left this turn.
|
|t:|1609730028
|-curestatus|p1a: FUCKK|tox|[from] ability: Natural Cure
|switch|p1a: Skooler|Tangrowth, F, shiny|83/100 tox|[from]move: Teleport
|
|-damage|p1a: Skooler|76/100 tox|[from] psn
|upkeep
|turn|202
|inactive|BillyTheFlash has 15 seconds left this turn.
|
|t:|1609730031
|switch|p1a: FUCKK|Blissey, F|94/100
|move|p2a: FUCKK|Soft-Boiled||[still]
|-fail|p2a: FUCKK|heal
|
|upkeep
|turn|203
|inactive|BillyTheFlash has 15 seconds left this turn.
|
|t:|1609730037
|-activate|p2a: FUCKK|move: Struggle
|move|p2a: FUCKK|Struggle|p1a: FUCKK
|-damage|p1a: FUCKK|92/100
|-damage|p2a: FUCKK|75/100|[from] recoil
|move|p1a: FUCKK|Teleport|p1a: FUCKK
|inactive|BillyTheFlash has 20 seconds left this turn.
|
|t:|1609730040
|switch|p1a: Skooler|Tangrowth, F, shiny|100/100 tox|[from]move: Teleport
|
|-damage|p1a: Skooler|94/100 tox|[from] psn
|upkeep
|turn|204
|inactive|BillyTheFlash has 20 seconds left this turn.
|inactive|BillyTheFlash has 15 seconds left.
|
|t:|1609730049
|switch|p1a: FUCKK|Blissey, F|92/100
|-activate|p2a: FUCKK|move: Struggle
|move|p2a: FUCKK|Struggle|p1a: FUCKK
|-damage|p1a: FUCKK|90/100
|-damage|p2a: FUCKK|50/100|[from] recoil
|
|upkeep
|turn|205
|inactive|BillyTheFlash has 20 seconds left this turn.
|c|☆IM AT MY LIMIT|Throw in the towel
|inactive|BillyTheFlash has 15 seconds left.
|c|☆IM AT MY LIMIT|Its over
|c| o0oaK|BillyTheFlash should have taken that draw lol
|
|t:|1609730064
|switch|p2a: 11 days|Urshifu, F|4/100
|move|p1a: FUCKK|Seismic Toss|p2a: 11 days
|-damage|p2a: 11 days|0 fnt
|faint|p2a: 11 days
|
|upkeep
|inactive|BillyTheFlash has 15 seconds left this turn.
|c| o0oaK|gg
|inactive|BillyTheFlash has 10 seconds left.
|
|t:|1609730073
|switch|p2a: FUCKK|Blissey, F|50/100
|turn|206
|inactive|BillyTheFlash has 15 seconds left this turn.
|c| Effect volume|now you wanna take the tie
|c| o0oaK|BillyTheFlash offer draw
|
|t:|1609730078
|-activate|p2a: FUCKK|move: Struggle
|move|p2a: FUCKK|Struggle|p1a: FUCKK
|-crit|p1a: FUCKK
|-damage|p1a: FUCKK|86/100
|-damage|p2a: FUCKK|25/100|[from] recoil
|move|p1a: FUCKK|Teleport|p1a: FUCKK
|inactive|BillyTheFlash has 15 seconds left this turn.
|
|t:|1609730079
|switch|p1a: Skooler|Tangrowth, F, shiny|100/100 tox|[from]move: Teleport
|
|-damage|p1a: Skooler|94/100 tox|[from] psn
|upkeep
|turn|207
|inactive|BillyTheFlash has 20 seconds left this turn.
|inactive|BillyTheFlash has 15 seconds left.
|inactive|BillyTheFlash has 10 seconds left.
|
|t:|1609730090
|-activate|p2a: FUCKK|move: Struggle
|move|p2a: FUCKK|Struggle|p1a: Skooler
|-damage|p1a: Skooler|93/100 tox
|-damage|p2a: FUCKK|0 fnt|[from] recoil
|faint|p2a: FUCKK
|
|win|IM AT MY LIMIT
|inactive|BillyTheFlash has 15 seconds left this turn.
|c| o0oaK|gg
|l| Elite 4 Three
|l| Effect volume
|l|☆BillyTheFlash
