|j|☆tanishq1
|j|☆LT93OQ Gandalf
|t:|1660396362
|gametype|singles
|player|p1|tanishq1|265|1717
|player|p2|LT93OQ Gandalf|#smpl2022wailordoftherings|1781
|teamsize|p1|6
|teamsize|p2|6
|gen|8
|tier|[Gen 8] OU
|rated|
|rule|Sleep Clause Mod: Limit one foe put to sleep
|rule|Species Clause: Limit one of each Pokémon
|rule|OHKO Clause: OHKO moves are banned
|rule|Evasion Items Clause: Evasion items are banned
|rule|Evasion Moves Clause: Evasion moves are banned
|rule|Endless Battle Clause: Forcing endless battles is banned
|rule|HP Percentage Mod: HP is shown in percentages
|rule|Dynamax Clause: You cannot dynamax
|clearpoke
|poke|p1|Tapu Koko|
|poke|p1|Victini|
|poke|p1|Ferrothorn, M|
|poke|p1|Landorus-Therian, M|
|poke|p1|Slowbro, M|
|poke|p1|Bisharp, M|
|poke|p2|Rillaboom, M|
|poke|p2|Tornadus-Therian, M|
|poke|p2|Blaziken, M|
|poke|p2|Melmetal|
|poke|p2|Garchomp, F|
|poke|p2|Slowbro, F|
|teampreview
|inactive|Battle timer is ON: inactive players will automatically lose when time's up. (requested by tanishq1)
|j| Joriseka2007
|j|@ironwater
|
|t:|1660396392
|start
|switch|p1a: Ferrothorn|Ferrothorn, M|100/100
|switch|p2a: Garchomp|Garchomp, F|100/100
|turn|1
|
|t:|1660396396
|move|p2a: Garchomp|Stealth Rock|p1a: Ferrothorn
|-sidestart|p1: tanishq1|move: Stealth Rock
|move|p1a: Ferrothorn|Spikes|p2a: Garchomp
|-sidestart|p2: LT93OQ Gandalf|Spikes
|
|upkeep
|turn|2
|c| Joriseka2007|Hi
|
|t:|1660396402
|switch|p2a: Tornadus|Tornadus-Therian, M|100/100
|move|p1a: Ferrothorn|Spikes|p2a: Tornadus
|-sidestart|p2: LT93OQ Gandalf|Spikes
|
|upkeep
|turn|3
|
|t:|1660396404
|switch|p1a: Slowbro|Slowbro, M|100/100
|move|p2a: Tornadus|Knock Off|p1a: Slowbro
|-supereffective|p1a: Slowbro
|-damage|p1a: Slowbro|71/100
|-enditem|p1a: Slowbro|Heavy-Duty Boots|[from] move: Knock Off|[of] p2a: Tornadus
|
|upkeep
|turn|4
|
|t:|1660396408
|move|p2a: Tornadus|U-turn|p1a: Slowbro
|-supereffective|p1a: Slowbro
|-damage|p1a: Slowbro|47/100
|
|t:|1660396410
|switch|p2a: Slowbro|Slowbro, F|100/100|[from]move: U-turn
|-damage|p2a: Slowbro|84/100|[from] Spikes
|move|p1a: Slowbro|Teleport|p1a: Slowbro
|
|t:|1660396413
|switch|p1a: Bisharp|Bisharp, M|100/100|[from]move: Teleport
|-damage|p1a: Bisharp|95/100|[from] Stealth Rock
|
|upkeep
|turn|5
|
|t:|1660396417
|switch|p2a: Melmetal|Melmetal|100/100
|-damage|p2a: Melmetal|84/100|[from] Spikes
|move|p1a: Bisharp|Knock Off|p2a: Melmetal
|-damage|p2a: Melmetal|45/100
|-enditem|p2a: Melmetal|Leftovers|[from] move: Knock Off|[of] p1a: Bisharp
|
|upkeep
|turn|6
|
|t:|1660396423
|switch|p1a: Landorus|Landorus-Therian, M|100/100
|-damage|p1a: Landorus|88/100|[from] Stealth Rock
|-ability|p1a: Landorus|Intimidate|boost
|-unboost|p2a: Melmetal|atk|1
|move|p2a: Melmetal|Thunder Punch|p1a: Landorus
|-immune|p1a: Landorus
|
|-heal|p1a: Landorus|94/100|[from] item: Leftovers
|upkeep
|turn|7
|
|t:|1660396427
|switch|p2a: Tornadus|Tornadus-Therian, M|100/100
|move|p1a: Landorus|Earthquake|p2a: Tornadus
|-immune|p2a: Tornadus
|
|-heal|p1a: Landorus|99/100|[from] item: Leftovers
|upkeep
|turn|8
|
|t:|1660396431
|switch|p1a: Slowbro|Slowbro, M|80/100
|-damage|p1a: Slowbro|67/100|[from] Stealth Rock
|move|p2a: Tornadus|Knock Off|p1a: Slowbro
|-supereffective|p1a: Slowbro
|-damage|p1a: Slowbro|45/100
|
|upkeep
|turn|9
|
|t:|1660396434
|move|p2a: Tornadus|Defog|p1a: Slowbro
|-unboost|p1a: Slowbro|evasion|1
|-sideend|p1: tanishq1|Stealth Rock|[from] move: Defog|[of] p2a: Tornadus
|-sideend|p2: LT93OQ Gandalf|Spikes|[from] move: Defog|[of] p2a: Tornadus
|move|p1a: Slowbro|Slack Off|p1a: Slowbro
|-heal|p1a: Slowbro|95/100
|
|upkeep
|turn|10
|j| Smash Time steez
|
|t:|1660396439
|move|p2a: Tornadus|Knock Off|p1a: Slowbro
|-supereffective|p1a: Slowbro
|-crit|p1a: Slowbro
|-damage|p1a: Slowbro|62/100
|move|p1a: Slowbro|Teleport|p1a: Slowbro
|
|t:|1660396441
|switch|p1a: Tapu Koko|Tapu Koko|100/100|[from]move: Teleport
|-fieldstart|move: Electric Terrain|[from] ability: Electric Surge|[of] p1a: Tapu Koko
|
|upkeep
|turn|11
|j| Bushido Black
|
|t:|1660396447
|move|p1a: Tapu Koko|Dazzling Gleam|p2a: Tornadus
|-damage|p2a: Tornadus|65/100
|move|p2a: Tornadus|U-turn|p1a: Tapu Koko
|-resisted|p1a: Tapu Koko
|-damage|p1a: Tapu Koko|89/100
|
|t:|1660396451
|switch|p2a: Rillaboom|Rillaboom, M|100/100|[from]move: U-turn
|-fieldstart|move: Grassy Terrain|[from] ability: Grassy Surge|[of] p2a: Rillaboom
|
|-heal|p1a: Tapu Koko|96/100|[from] Grassy Terrain
|upkeep
|turn|12
|
|t:|1660396456
|switch|p1a: Victini|Victini|100/100
|move|p2a: Rillaboom|Knock Off|p1a: Victini
|-supereffective|p1a: Victini
|-damage|p1a: Victini|32/100
|-enditem|p1a: Victini|Heavy-Duty Boots|[from] move: Knock Off|[of] p2a: Rillaboom
|
|-heal|p1a: Victini|39/100|[from] Grassy Terrain
|upkeep
|turn|13
|
|t:|1660396460
|switch|p2a: Slowbro|Slowbro, F|100/100
|move|p1a: Victini|Will-O-Wisp|p2a: Slowbro
|-status|p2a: Slowbro|brn
|
|-heal|p1a: Victini|45/100|[from] Grassy Terrain
|-damage|p2a: Slowbro|94/100 brn|[from] brn
|upkeep
|turn|14
|
|t:|1660396468
|switch|p1a: Ferrothorn|Ferrothorn, M|100/100
|move|p2a: Slowbro|Teleport|p2a: Slowbro
|
|t:|1660396476
|switch|p2a: Rillaboom|Rillaboom, M|100/100|[from]move: Teleport
|
|upkeep
|turn|15
|
|t:|1660396481
|move|p2a: Rillaboom|Knock Off|p1a: Ferrothorn
|-damage|p1a: Ferrothorn|79/100
|-damage|p2a: Rillaboom|88/100|[from] ability: Iron Barbs|[of] p1a: Ferrothorn
|-damage|p2a: Rillaboom|71/100|[from] item: Rocky Helmet|[of] p1a: Ferrothorn
|-enditem|p1a: Ferrothorn|Rocky Helmet|[from] move: Knock Off|[of] p2a: Rillaboom
|move|p1a: Ferrothorn|Gyro Ball|p2a: Rillaboom
|-damage|p2a: Rillaboom|29/100
|
|-heal|p2a: Rillaboom|35/100|[from] Grassy Terrain
|-heal|p2a: Rillaboom|42/100|[from] item: Leftovers
|-heal|p1a: Ferrothorn|85/100|[from] Grassy Terrain
|-fieldend|move: Grassy Terrain
|upkeep
|turn|16
|
|t:|1660396486
|switch|p2a: Tornadus|Tornadus-Therian, M|98/100
|move|p1a: Ferrothorn|Spikes|p2a: Tornadus
|-sidestart|p2: LT93OQ Gandalf|Spikes
|
|upkeep
|turn|17
|
|t:|1660396489
|switch|p1a: Tapu Koko|Tapu Koko|96/100
|-fieldstart|move: Electric Terrain|[from] ability: Electric Surge|[of] p1a: Tapu Koko
|move|p2a: Tornadus|Heat Wave|p1a: Tapu Koko
|-damage|p1a: Tapu Koko|59/100
|
|upkeep
|turn|18
|
|t:|1660396493
|switch|p2a: Garchomp|Garchomp, F|100/100
|-damage|p2a: Garchomp|88/100|[from] Spikes
|move|p1a: Tapu Koko|Thunderbolt|p2a: Garchomp
|-immune|p2a: Garchomp
|
|-heal|p2a: Garchomp|94/100|[from] item: Leftovers
|upkeep
|turn|19
|
|t:|1660396497
|move|p1a: Tapu Koko|U-turn|p2a: Garchomp
|-damage|p2a: Garchomp|79/100
|-damage|p1a: Tapu Koko|46/100|[from] ability: Rough Skin|[of] p2a: Garchomp
|
|t:|1660396499
|switch|p1a: Ferrothorn|Ferrothorn, M|85/100|[from]move: U-turn
|move|p2a: Garchomp|Stealth Rock|p1a: Ferrothorn
|-sidestart|p1: tanishq1|move: Stealth Rock
|
|-heal|p2a: Garchomp|86/100|[from] item: Leftovers
|upkeep
|turn|20
|
|t:|1660396503
|move|p2a: Garchomp|Protect|p2a: Garchomp
|-singleturn|p2a: Garchomp|Protect
|move|p1a: Ferrothorn|Leech Seed|p2a: Garchomp
|-activate|p2a: Garchomp|move: Protect
|
|-heal|p2a: Garchomp|92/100|[from] item: Leftovers
|upkeep
|turn|21
|
|t:|1660396506
|switch|p2a: Tornadus|Tornadus-Therian, M|100/100
|move|p1a: Ferrothorn|Spikes|p2a: Tornadus
|-sidestart|p2: LT93OQ Gandalf|Spikes
|
|-fieldend|move: Electric Terrain
|upkeep
|turn|22
|l| Bushido Black
|
|t:|1660396512
|switch|p1a: Tapu Koko|Tapu Koko|46/100
|-fieldstart|move: Electric Terrain|[from] ability: Electric Surge|[of] p1a: Tapu Koko
|move|p2a: Tornadus|U-turn|p1a: Tapu Koko
|-resisted|p1a: Tapu Koko
|-damage|p1a: Tapu Koko|36/100
|
|t:|1660396515
|switch|p2a: Garchomp|Garchomp, F|92/100|[from]move: U-turn
|-damage|p2a: Garchomp|75/100|[from] Spikes
|
|-heal|p2a: Garchomp|82/100|[from] item: Leftovers
|upkeep
|turn|23
|
|t:|1660396518
|switch|p1a: Ferrothorn|Ferrothorn, M|85/100
|-damage|p1a: Ferrothorn|79/100|[from] Stealth Rock
|move|p2a: Garchomp|Earthquake|p1a: Ferrothorn
|-damage|p1a: Ferrothorn|55/100
|
|-heal|p2a: Garchomp|88/100|[from] item: Leftovers
|upkeep
|turn|24
|
|t:|1660396523
|move|p2a: Garchomp|Protect|p2a: Garchomp
|-singleturn|p2a: Garchomp|Protect
|move|p1a: Ferrothorn|Leech Seed|p2a: Garchomp
|-activate|p2a: Garchomp|move: Protect
|
|-heal|p2a: Garchomp|94/100|[from] item: Leftovers
|upkeep
|turn|25
|
|t:|1660396526
|move|p2a: Garchomp|Earthquake|p1a: Ferrothorn
|-damage|p1a: Ferrothorn|30/100
|move|p1a: Ferrothorn|Leech Seed|p2a: Garchomp
|-start|p2a: Garchomp|move: Leech Seed
|
|-heal|p2a: Garchomp|99/100|[from] item: Leftovers
|-damage|p2a: Garchomp|88/100|[from] Leech Seed|[of] p1a: Ferrothorn
|-heal|p1a: Ferrothorn|44/100|[silent]
|upkeep
|turn|26
|
|t:|1660396530
|switch|p2a: Tornadus|Tornadus-Therian, M|100/100
|move|p1a: Ferrothorn|Leech Seed|p2a: Tornadus
|-start|p2a: Tornadus|move: Leech Seed
|
|-damage|p2a: Tornadus|88/100|[from] Leech Seed|[of] p1a: Ferrothorn
|-heal|p1a: Ferrothorn|57/100|[silent]
|-fieldend|move: Electric Terrain
|upkeep
|turn|27
|
|t:|1660396537
|move|p2a: Tornadus|Heat Wave|p1a: Ferrothorn
|-supereffective|p1a: Ferrothorn
|-damage|p1a: Ferrothorn|0 fnt
|faint|p1a: Ferrothorn
|
|upkeep
|
|t:|1660396539
|switch|p1a: Tapu Koko|Tapu Koko|36/100
|-fieldstart|move: Electric Terrain|[from] ability: Electric Surge|[of] p1a: Tapu Koko
|turn|28
|
|t:|1660396547
|switch|p2a: Garchomp|Garchomp, F|88/100
|-damage|p2a: Garchomp|71/100|[from] Spikes
|move|p1a: Tapu Koko|Roost|p1a: Tapu Koko
|-heal|p1a: Tapu Koko|86/100
|-singleturn|p1a: Tapu Koko|move: Roost
|
|-heal|p2a: Garchomp|77/100|[from] item: Leftovers
|upkeep
|turn|29
|
|t:|1660396550
|move|p1a: Tapu Koko|U-turn|p2a: Garchomp
|-damage|p2a: Garchomp|64/100
|-damage|p1a: Tapu Koko|74/100|[from] ability: Rough Skin|[of] p2a: Garchomp
|j| Louna
|
|t:|1660396553
|switch|p1a: Landorus|Landorus-Therian, M|99/100|[from]move: U-turn
|-damage|p1a: Landorus|88/100|[from] Stealth Rock
|-ability|p1a: Landorus|Intimidate|boost
|-unboost|p2a: Garchomp|atk|1
|move|p2a: Garchomp|Toxic|p1a: Landorus
|-status|p1a: Landorus|tox
|
|-heal|p2a: Garchomp|70/100|[from] item: Leftovers
|-heal|p1a: Landorus|94/100 tox|[from] item: Leftovers
|-damage|p1a: Landorus|88/100 tox|[from] psn
|upkeep
|turn|30
|
|t:|1660396558
|move|p2a: Garchomp|Protect|p2a: Garchomp
|-singleturn|p2a: Garchomp|Protect
|move|p1a: Landorus|Toxic|p2a: Garchomp
|-activate|p2a: Garchomp|move: Protect
|
|-heal|p2a: Garchomp|76/100|[from] item: Leftovers
|-heal|p1a: Landorus|94/100 tox|[from] item: Leftovers
|-damage|p1a: Landorus|82/100 tox|[from] psn
|upkeep
|turn|31
|
|t:|1660396561
|switch|p2a: Tornadus|Tornadus-Therian, M|100/100
|move|p1a: Landorus|U-turn|p2a: Tornadus
|-resisted|p2a: Tornadus
|-damage|p2a: Tornadus|89/100
|
|t:|1660396563
|switch|p1a: Tapu Koko|Tapu Koko|74/100|[from]move: U-turn
|
|upkeep
|turn|32
|
|t:|1660396568
|move|p1a: Tapu Koko|Thunderbolt|p2a: Tornadus
|-supereffective|p2a: Tornadus
|-damage|p2a: Tornadus|0 fnt
|faint|p2a: Tornadus
|
|-fieldend|move: Electric Terrain
|upkeep
|
|t:|1660396577
|switch|p2a: Garchomp|Garchomp, F|76/100
|-damage|p2a: Garchomp|60/100|[from] Spikes
|turn|33
|
|t:|1660396579
|move|p1a: Tapu Koko|Dazzling Gleam|p2a: Garchomp
|-supereffective|p2a: Garchomp
|-damage|p2a: Garchomp|19/100
|move|p2a: Garchomp|Earthquake|p1a: Tapu Koko
|-supereffective|p1a: Tapu Koko
|-damage|p1a: Tapu Koko|0 fnt
|faint|p1a: Tapu Koko
|
|-heal|p2a: Garchomp|26/100|[from] item: Leftovers
|upkeep
|
|t:|1660396593
|switch|p1a: Landorus|Landorus-Therian, M|82/100 tox
|-damage|p1a: Landorus|70/100 tox|[from] Stealth Rock
|-ability|p1a: Landorus|Intimidate|boost
|-unboost|p2a: Garchomp|atk|1
|turn|34
|j| playa13
|
|t:|1660396596
|move|p2a: Garchomp|Protect|p2a: Garchomp
|-singleturn|p2a: Garchomp|Protect
|move|p1a: Landorus|Earthquake|p2a: Garchomp
|-activate|p2a: Garchomp|move: Protect
|
|-heal|p2a: Garchomp|32/100|[from] item: Leftovers
|-heal|p1a: Landorus|76/100 tox|[from] item: Leftovers
|-damage|p1a: Landorus|70/100 tox|[from] psn
|upkeep
|turn|35
|
|t:|1660396603
|switch|p2a: Slowbro|Slowbro, F|100/100 brn
|-damage|p2a: Slowbro|84/100 brn|[from] Spikes
|move|p1a: Landorus|Earthquake|p2a: Slowbro
|-damage|p2a: Slowbro|55/100 brn
|
|-heal|p1a: Landorus|76/100 tox|[from] item: Leftovers
|-damage|p1a: Landorus|63/100 tox|[from] psn
|-damage|p2a: Slowbro|49/100 brn|[from] brn
|upkeep
|turn|36
|
|t:|1660396606
|move|p1a: Landorus|U-turn|p2a: Slowbro
|-supereffective|p2a: Slowbro
|-damage|p2a: Slowbro|23/100 brn
|-damage|p1a: Landorus|47/100 tox|[from] item: Rocky Helmet|[of] p2a: Slowbro
|
|t:|1660396608
|switch|p1a: Slowbro|Slowbro, M|95/100|[from]move: U-turn
|-damage|p1a: Slowbro|83/100|[from] Stealth Rock
|move|p2a: Slowbro|Teleport|p2a: Slowbro
|
|t:|1660396612
|switch|p2a: Garchomp|Garchomp, F|32/100|[from]move: Teleport
|-damage|p2a: Garchomp|15/100|[from] Spikes
|
|-heal|p2a: Garchomp|22/100|[from] item: Leftovers
|upkeep
|turn|37
|
|t:|1660396616
|switch|p1a: Landorus|Landorus-Therian, M|47/100 tox
|-damage|p1a: Landorus|35/100 tox|[from] Stealth Rock
|-ability|p1a: Landorus|Intimidate|boost
|-unboost|p2a: Garchomp|atk|1
|move|p2a: Garchomp|Toxic|p1a: Landorus
|-fail|p1a: Landorus|tox
|
|-heal|p2a: Garchomp|28/100|[from] item: Leftovers
|-heal|p1a: Landorus|41/100 tox|[from] item: Leftovers
|-damage|p1a: Landorus|35/100 tox|[from] psn
|upkeep
|turn|38
|
|t:|1660396618
|switch|p1a: Bisharp|Bisharp, M|95/100
|-damage|p1a: Bisharp|89/100|[from] Stealth Rock
|move|p2a: Garchomp|Protect||[still]
|-fail|p2a: Garchomp
|
|-heal|p2a: Garchomp|34/100|[from] item: Leftovers
|upkeep
|turn|39
|
|t:|1660396622
|move|p1a: Bisharp|Sucker Punch|p2a: Garchomp
|-damage|p2a: Garchomp|0 fnt
|-damage|p1a: Bisharp|77/100|[from] ability: Rough Skin|[of] p2a: Garchomp
|faint|p2a: Garchomp
|
|upkeep
|
|t:|1660396628
|switch|p2a: Rillaboom|Rillaboom, M|42/100
|-damage|p2a: Rillaboom|25/100|[from] Spikes
|-fieldstart|move: Grassy Terrain|[from] ability: Grassy Surge|[of] p2a: Rillaboom
|turn|40
|
|t:|1660396631
|move|p1a: Bisharp|Sucker Punch||[still]
|-fail|p1a: Bisharp
|move|p2a: Rillaboom|Swords Dance|p2a: Rillaboom
|-boost|p2a: Rillaboom|atk|2
|
|-heal|p1a: Bisharp|82/100|[from] Grassy Terrain
|-heal|p2a: Rillaboom|31/100|[from] Grassy Terrain
|-heal|p2a: Rillaboom|38/100|[from] item: Leftovers
|upkeep
|turn|41
|
|t:|1660396634
|move|p1a: Bisharp|Knock Off|p2a: Rillaboom
|-damage|p2a: Rillaboom|0 fnt
|-enditem|p2a: Rillaboom|Leftovers|[from] move: Knock Off|[of] p1a: Bisharp
|faint|p2a: Rillaboom
|
|-heal|p1a: Bisharp|88/100|[from] Grassy Terrain
|upkeep
|
|t:|1660396639
|switch|p2a: Melmetal|Melmetal|45/100
|-damage|p2a: Melmetal|28/100|[from] Spikes
|turn|42
|
|t:|1660396644
|switch|p1a: Landorus|Landorus-Therian, M|35/100 tox
|-damage|p1a: Landorus|22/100 tox|[from] Stealth Rock
|-ability|p1a: Landorus|Intimidate|boost
|-unboost|p2a: Melmetal|atk|1
|move|p2a: Melmetal|Protect||[still]
|-fail|p2a: Melmetal
|
|-heal|p1a: Landorus|28/100 tox|[from] item: Leftovers
|-heal|p2a: Melmetal|35/100|[from] Grassy Terrain
|-damage|p1a: Landorus|22/100 tox|[from] psn
|upkeep
|turn|43
|
|t:|1660396647
|move|p2a: Melmetal|Protect|p2a: Melmetal
|-singleturn|p2a: Melmetal|Protect
|move|p1a: Landorus|Earthquake|p2a: Melmetal
|-activate|p2a: Melmetal|move: Protect
|
|-heal|p1a: Landorus|28/100 tox|[from] item: Leftovers
|-heal|p2a: Melmetal|41/100|[from] Grassy Terrain
|-damage|p1a: Landorus|16/100 tox|[from] psn
|upkeep
|turn|44
|
|t:|1660396650
|switch|p2a: Slowbro|Slowbro, F|56/100 brn
|-damage|p2a: Slowbro|40/100 brn|[from] Spikes
|move|p1a: Landorus|Earthquake|p2a: Slowbro
|-damage|p2a: Slowbro|25/100 brn
|
|-heal|p1a: Landorus|22/100 tox|[from] item: Leftovers
|-heal|p2a: Slowbro|31/100 brn|[from] Grassy Terrain
|-damage|p1a: Landorus|4/100 tox|[from] psn
|-damage|p2a: Slowbro|25/100 brn|[from] brn
|-fieldend|move: Grassy Terrain
|upkeep
|turn|45
|
|t:|1660396655
|move|p1a: Landorus|U-turn|p2a: Slowbro
|-supereffective|p2a: Slowbro
|-damage|p2a: Slowbro|0 fnt
|-damage|p1a: Landorus|0 fnt|[from] item: Rocky Helmet|[of] p2a: Slowbro
|faint|p2a: Slowbro
|faint|p1a: Landorus
|
|upkeep
|
|t:|1660396660
|switch|p1a: Victini|Victini|45/100
|switch|p2a: Blaziken|Blaziken, M|100/100
|-damage|p1a: Victini|20/100|[from] Stealth Rock
|-damage|p2a: Blaziken|84/100|[from] Spikes
|turn|46
|
|t:|1660396663
|move|p2a: Blaziken|Protect|p2a: Blaziken
|-singleturn|p2a: Blaziken|Protect
|move|p1a: Victini|Bolt Strike|p2a: Blaziken
|-activate|p2a: Blaziken|move: Protect
|
|-heal|p2a: Blaziken|90/100|[from] item: Leftovers
|-ability|p2a: Blaziken|Speed Boost|boost
|-boost|p2a: Blaziken|spe|1
|upkeep
|turn|47
|
|t:|1660396666
|move|p2a: Blaziken|Close Combat|p1a: Victini
|-resisted|p1a: Victini
|-damage|p1a: Victini|0 fnt
|-unboost|p2a: Blaziken|def|1
|-unboost|p2a: Blaziken|spd|1
|faint|p1a: Victini
|
|-heal|p2a: Blaziken|96/100|[from] item: Leftovers
|-ability|p2a: Blaziken|Speed Boost|boost
|-boost|p2a: Blaziken|spe|1
|upkeep
|
|t:|1660396667
|switch|p1a: Slowbro|Slowbro, M|100/100
|-damage|p1a: Slowbro|88/100|[from] Stealth Rock
|turn|48
|
|t:|1660396671
|switch|p2a: Melmetal|Melmetal|41/100
|-damage|p2a: Melmetal|24/100|[from] Spikes
|move|p1a: Slowbro|Scald|p2a: Melmetal
|-damage|p2a: Melmetal|0 fnt
|faint|p2a: Melmetal
|
|upkeep
|-message|LT93OQ Gandalf forfeited.
|
|win|tanishq1
|raw|tanishq1's rating: 1717 &rarr; <strong>1741</strong><br />(+24 for winning)
|raw|LT93OQ Gandalf's rating: 1781 &rarr; <strong>1757</strong><br />(-24 for losing)
|l|☆LT93OQ Gandalf
|l|☆tanishq1
