|j|☆batataplays
|j|☆minimax_ai
|t:|1662441227
|gametype|singles
|player|p1|batataplays|furisodegirl-blue|1450
|player|p2|minimax_ai|lusamine-nihilego|1479
|teamsize|p1|6
|teamsize|p2|6
|gen|8
|tier|[Gen 8] OU
|rated|
|rule|Sleep Clause Mod: Limit one foe put to sleep
|rule|Species Clause: Limit one of each Pokémon
|rule|OHKO Clause: OHKO moves are banned
|rule|Evasion Items Clause: Evasion items are banned
|rule|Evasion Moves Clause: Evasion moves are banned
|rule|Endless Battle Clause: Forcing endless battles is banned
|rule|HP Percentage Mod: HP is shown in percentages
|rule|Dynamax Clause: You cannot dynamax
|clearpoke
|poke|p1|Tornadus-Therian, M|
|poke|p1|Magnezone|
|poke|p1|Pelipper, F|
|poke|p1|Barraskewda, M|
|poke|p1|Seismitoad, F|
|poke|p1|Tapu Lele|
|poke|p2|Rotom-Wash|
|poke|p2|Weavile, F|
|poke|p2|Landorus-Therian, M|
|poke|p2|Heatran, M|
|poke|p2|Tangrowth, F|
|poke|p2|Melmetal|
|teampreview
|c|☆minimax_ai|hf
|inactive|Battle timer is ON: inactive players will automatically lose when time's up. (requested by minimax_ai)
|
|t:|1662441247
|start
|switch|p1a: Pelipper|Pelipper, F|100/100
|switch|p2a: landorustherian|Landorus-Therian, M|100/100
|-ability|p2a: landorustherian|Intimidate|boost
|-unboost|p1a: Pelipper|atk|1
|-weather|RainDance|[from] ability: Drizzle|[of] p1a: Pelipper
|turn|1
|
|t:|1662441249
|switch|p2a: rotomwash|Rotom-Wash|100/100
|move|p1a: Pelipper|Scald|p2a: rotomwash
|-resisted|p2a: rotomwash
|-damage|p2a: rotomwash|80/100
|
|-weather|RainDance|[upkeep]
|-heal|p2a: rotomwash|86/100|[from] item: Leftovers
|upkeep
|turn|2
|
|t:|1662441252
|switch|p1a: Seismitoad|Seismitoad, F|100/100
|move|p2a: rotomwash|Nasty Plot|p2a: rotomwash
|-boost|p2a: rotomwash|spa|2
|
|-weather|RainDance|[upkeep]
|-heal|p2a: rotomwash|93/100|[from] item: Leftovers
|upkeep
|turn|3
|
|t:|1662441264
|switch|p1a: Tornadus|Tornadus-Therian, M|100/100
|move|p2a: rotomwash|Hydro Pump|p1a: Tornadus|[miss]
|-miss|p2a: rotomwash|p1a: Tornadus
|
|-weather|RainDance|[upkeep]
|-heal|p2a: rotomwash|99/100|[from] item: Leftovers
|upkeep
|turn|4
|
|t:|1662441267
|move|p1a: Tornadus|Hurricane|p2a: rotomwash
|-resisted|p2a: rotomwash
|-damage|p2a: rotomwash|63/100
|-start|p2a: rotomwash|confusion
|-damage|p1a: Tornadus|90/100|[from] item: Life Orb
|-activate|p2a: rotomwash|confusion
|move|p2a: rotomwash|Hydro Pump|p1a: Tornadus
|-damage|p1a: Tornadus|0 fnt
|faint|p1a: Tornadus
|
|-weather|RainDance|[upkeep]
|-heal|p2a: rotomwash|70/100|[from] item: Leftovers
|upkeep
|
|t:|1662441269
|switch|p1a: Tapu Lele|Tapu Lele|100/100
|-fieldstart|move: Psychic Terrain|[from] ability: Psychic Surge|[of] p1a: Tapu Lele
|turn|5
|
|t:|1662441271
|switch|p2a: Melmetal|Melmetal|100/100
|move|p1a: Tapu Lele|Psychic|p2a: Melmetal
|-resisted|p2a: Melmetal
|-damage|p2a: Melmetal|72/100
|
|-weather|RainDance|[upkeep]
|upkeep
|turn|6
|
|t:|1662441274
|switch|p1a: Magnezone|Magnezone|100/100
|move|p2a: Melmetal|Ice Punch|p1a: Magnezone
|-resisted|p1a: Magnezone
|-damage|p1a: Magnezone|87/100
|
|-weather|RainDance|[upkeep]
|upkeep
|turn|7
|
|t:|1662441276
|move|p1a: Magnezone|Iron Defense|p1a: Magnezone
|-boost|p1a: Magnezone|def|2
|move|p2a: Melmetal|Ice Punch|p1a: Magnezone
|-resisted|p1a: Magnezone
|-damage|p1a: Magnezone|79/100
|
|-weather|RainDance|[upkeep]
|upkeep
|turn|8
|
|t:|1662441279
|move|p1a: Magnezone|Iron Defense|p1a: Magnezone
|-boost|p1a: Magnezone|def|2
|move|p2a: Melmetal|Earthquake|p1a: Magnezone
|-supereffective|p1a: Magnezone
|-crit|p1a: Magnezone
|-damage|p1a: Magnezone|0 fnt
|faint|p1a: Magnezone
|
|-weather|none
|upkeep
|
|t:|1662441286
|switch|p1a: Seismitoad|Seismitoad, F|100/100
|turn|9
|
|t:|1662441288
|switch|p1a: Pelipper|Pelipper, F|100/100
|-weather|RainDance|[from] ability: Drizzle|[of] p1a: Pelipper
|switch|p2a: rotomwash|Rotom-Wash|70/100
|
|-weather|RainDance|[upkeep]
|-heal|p2a: rotomwash|76/100|[from] item: Leftovers
|-fieldend|move: Psychic Terrain
|upkeep
|turn|10
|
|t:|1662441291
|move|p2a: rotomwash|Thunderbolt|p1a: Pelipper
|-supereffective|p1a: Pelipper
|-damage|p1a: Pelipper|0 fnt
|faint|p1a: Pelipper
|
|-weather|RainDance|[upkeep]
|-heal|p2a: rotomwash|82/100|[from] item: Leftovers
|upkeep
|
|t:|1662441294
|switch|p1a: Seismitoad|Seismitoad, F|100/100
|turn|11
|
|t:|1662441296
|move|p1a: Seismitoad|Weather Ball|p2a: rotomwash
|-resisted|p2a: rotomwash
|-damage|p2a: rotomwash|35/100
|-damage|p1a: Seismitoad|91/100|[from] item: Life Orb
|move|p2a: rotomwash|Pain Split|p1a: Seismitoad
|-sethp|p1a: Seismitoad|60/100|[from] move: Pain Split|[silent]
|-sethp|p2a: rotomwash|70/100|[from] move: Pain Split
|
|-weather|RainDance|[upkeep]
|-heal|p2a: rotomwash|76/100|[from] item: Leftovers
|upkeep
|turn|12
|
|t:|1662441298
|move|p1a: Seismitoad|Power Whip|p2a: rotomwash
|-supereffective|p2a: rotomwash
|-damage|p2a: rotomwash|13/100
|-damage|p1a: Seismitoad|50/100|[from] item: Life Orb
|move|p2a: rotomwash|Hydro Pump|p1a: Seismitoad
|-damage|p1a: Seismitoad|0 fnt
|faint|p1a: Seismitoad
|
|-weather|RainDance|[upkeep]
|-heal|p2a: rotomwash|19/100|[from] item: Leftovers
|upkeep
|
|t:|1662441300
|switch|p1a: Barraskewda|Barraskewda, M|100/100
|turn|13
|
|t:|1662441302
|switch|p2a: Tangrowth|Tangrowth, F|100/100
|move|p1a: Barraskewda|Flip Turn|p2a: Tangrowth
|-resisted|p2a: Tangrowth
|-damage|p2a: Tangrowth|82/100
|-damage|p1a: Barraskewda|84/100|[from] item: Rocky Helmet|[of] p2a: Tangrowth
|
|t:|1662441303
|switch|p1a: Tapu Lele|Tapu Lele|100/100|[from]move: Flip Turn
|-fieldstart|move: Psychic Terrain|[from] ability: Psychic Surge|[of] p1a: Tapu Lele
|
|-weather|RainDance|[upkeep]
|upkeep
|turn|14
|
|t:|1662441306
|switch|p2a: Melmetal|Melmetal|72/100
|move|p1a: Tapu Lele|Psychic|p2a: Melmetal
|-resisted|p2a: Melmetal
|-damage|p2a: Melmetal|46/100
|
|-weather|RainDance|[upkeep]
|upkeep
|turn|15
|
|t:|1662441308
|move|p1a: Tapu Lele|Psychic|p2a: Melmetal
|-resisted|p2a: Melmetal
|-crit|p2a: Melmetal
|-damage|p2a: Melmetal|3/100
|move|p2a: Melmetal|Double Iron Bash|p1a: Tapu Lele
|-supereffective|p1a: Tapu Lele
|-damage|p1a: Tapu Lele|0 fnt
|faint|p1a: Tapu Lele
|-hitcount|p1: Tapu Lele|1
|
|-weather|RainDance|[upkeep]
|upkeep
|-message|batataplays forfeited.
|
|win|minimax_ai
|raw|batataplays's rating: 1431 &rarr; <strong>1414</strong><br />(-17 for losing)
|raw|minimax_ai's rating: 1479 &rarr; <strong>1496</strong><br />(+17 for winning)
|c|☆minimax_ai|gg
|l|☆batataplays
