|j|☆Ineedaonetype
|j|☆FENDINI
|t:|1658123341
|gametype|singles
|player|p1|Ineedaonetype|102|1672
|player|p2|FENDINI|n|1709
|teamsize|p1|6
|teamsize|p2|6
|gen|8
|tier|[Gen 8] OU
|rated|
|rule|Sleep Clause Mod: Limit one foe put to sleep
|rule|Species Clause: Limit one of each Pokémon
|rule|OHKO Clause: OHKO moves are banned
|rule|Evasion Moves Clause: Evasion moves are banned
|rule|Endless Battle Clause: Forcing endless battles is banned
|rule|HP Percentage Mod: HP is shown in percentages
|rule|Dynamax Clause: You cannot dynamax
|clearpoke
|poke|p1|Melmetal|
|poke|p1|Hatterene, F|
|poke|p1|Urshifu-*, M|
|poke|p1|Cresselia, F|
|poke|p1|Clefable, M|
|poke|p1|Victini|
|poke|p2|Tyranitar, F|
|poke|p2|Clefable, M|
|poke|p2|Excadrill, M|
|poke|p2|Tangrowth, M|
|poke|p2|Slowking-Galar, F|
|poke|p2|Rotom-Wash|
|teampreview
|inactive|Battle timer is ON: inactive players will automatically lose when time's up. (requested by FENDINI)
|
|t:|1658123358
|start
|switch|p1a: Urshifu|Urshifu-Rapid-Strike, M|100/100
|switch|p2a: Tyranitar|Tyranitar, F|100/100
|-weather|Sandstorm|[from] ability: Sand Stream|[of] p2a: Tyranitar
|turn|1
|
|t:|1658123372
|switch|p2a: Clefable|Clefable, M|100/100
|move|p1a: Urshifu|U-turn|p2a: Clefable
|-resisted|p2a: Clefable
|-damage|p2a: Clefable|86/100
|-damage|p1a: Urshifu|84/100|[from] item: Rocky Helmet|[of] p2a: Clefable
|
|t:|1658123393
|switch|p1a: Melmetal|Melmetal|100/100|[from]move: U-turn
|
|-weather|Sandstorm|[upkeep]
|upkeep
|turn|2
|j| ikoero
|l| ikoero
|
|t:|1658123404
|switch|p2a: Rotom|Rotom-Wash|100/100
|move|p1a: Melmetal|Double Iron Bash|p2a: Rotom
|-resisted|p2a: Rotom
|-damage|p2a: Rotom|89/100
|-resisted|p2a: Rotom
|-damage|p2a: Rotom|77/100
|-hitcount|p2a: Rotom|2
|
|-weather|Sandstorm|[upkeep]
|-damage|p2a: Rotom|71/100|[from] Sandstorm
|-heal|p2a: Rotom|77/100|[from] item: Leftovers
|upkeep
|turn|3
|
|t:|1658123418
|switch|p1a: Clefable|Clefable, M|100/100
|move|p2a: Rotom|Hydro Pump|p1a: Clefable|[miss]
|-miss|p2a: Rotom|p1a: Clefable
|
|-weather|Sandstorm|[upkeep]
|-damage|p2a: Rotom|71/100|[from] Sandstorm
|-heal|p2a: Rotom|77/100|[from] item: Leftovers
|upkeep
|turn|4
|j| ikoero
|l| ikoero
|j| Potatoverlord47
|
|t:|1658123437
|move|p2a: Rotom|Volt Switch|p1a: Clefable
|-damage|p1a: Clefable|77/100
|
|t:|1658123440
|switch|p2a: Slowking|Slowking-Galar, F|100/100|[from]move: Volt Switch
|move|p1a: Clefable|Moonblast|p2a: Slowking
|-resisted|p2a: Slowking
|-damage|p2a: Slowking|83/100
|-unboost|p2a: Slowking|spa|1
|
|-weather|Sandstorm|[upkeep]
|-damage|p2a: Slowking|77/100|[from] Sandstorm
|-heal|p2a: Slowking|83/100|[from] item: Black Sludge
|upkeep
|turn|5
|l|☆FENDINI
|inactive|FENDINI disconnected and has a minute to reconnect!
|player|p2|
|j| xuwuhanjun
|j|☆FENDINI
|inactive|FENDINI reconnected and has 135 seconds left.
|player|p2|FENDINI|n
|
|t:|1658123459
|switch|p1a: Melmetal|Melmetal|100/100
|move|p2a: Slowking|Trick|p1a: Melmetal
|-activate|p2a: Slowking|move: Trick|[of] p1a: Melmetal
|-item|p1a: Melmetal|Black Sludge|[from] move: Trick
|-item|p2a: Slowking|Protective Pads|[from] move: Trick
|
|-weather|none
|-damage|p1a: Melmetal|88/100|[from] item: Black Sludge
|upkeep
|turn|6
|j| momsfavorite666
|inactive|Ineedaonetype has 120 seconds left.
|
|t:|1658123486
|switch|p2a: Rotom|Rotom-Wash|77/100
|move|p1a: Melmetal|Thunder Punch|p2a: Rotom
|-damage|p2a: Rotom|39/100
|
|-heal|p2a: Rotom|45/100|[from] item: Leftovers
|-damage|p1a: Melmetal|76/100|[from] item: Black Sludge
|upkeep
|turn|7
|inactive|Ineedaonetype has 120 seconds left.
|
|t:|1658123524
|switch|p1a: Clefable|Clefable, M|77/100
|move|p2a: Rotom|Pain Split|p1a: Clefable
|-sethp|p1a: Clefable|56/100|[from] move: Pain Split|[silent]
|-sethp|p2a: Rotom|73/100|[from] move: Pain Split
|
|-heal|p2a: Rotom|79/100|[from] item: Leftovers
|upkeep
|turn|8
|
|t:|1658123530
|move|p2a: Rotom|Volt Switch|p1a: Clefable
|-damage|p1a: Clefable|31/100
|
|t:|1658123533
|switch|p2a: Clefable|Clefable, M|86/100|[from]move: Volt Switch
|move|p1a: Clefable|Soft-Boiled|p1a: Clefable
|-heal|p1a: Clefable|81/100
|
|upkeep
|turn|9
|j| GoldenStateIdiots
|
|t:|1658123548
|switch|p1a: Victini|Victini|100/100
|move|p2a: Clefable|Moonblast|p1a: Victini
|-resisted|p1a: Victini
|-damage|p1a: Victini|88/100
|-unboost|p1a: Victini|spa|1
|
|upkeep
|turn|10
|
|t:|1658123559
|switch|p2a: Slowking|Slowking-Galar, F|100/100
|move|p1a: Victini|Trick|p2a: Slowking
|-activate|p1a: Victini|move: Trick|[of] p2a: Slowking
|-item|p2a: Slowking|Choice Band|[from] move: Trick
|-item|p1a: Victini|Protective Pads|[from] move: Trick
|
|upkeep
|turn|11
|j| simplegent
|j| LT_Alt1
|inactive|Ineedaonetype has 90 seconds left.
|
|t:|1658123596
|move|p1a: Victini|V-create|p2a: Slowking
|-damage|p2a: Slowking|41/100
|-unboost|p1a: Victini|spe|1
|-unboost|p1a: Victini|def|1
|-unboost|p1a: Victini|spd|1
|move|p2a: Slowking|Sludge Bomb|p1a: Victini
|-damage|p1a: Victini|46/100
|
|upkeep
|turn|12
|
|t:|1658123615
|move|p1a: Victini|V-create|p2a: Slowking
|-damage|p2a: Slowking|0 fnt
|-unboost|p1a: Victini|spe|1
|-unboost|p1a: Victini|def|1
|-unboost|p1a: Victini|spd|1
|faint|p2a: Slowking
|
|upkeep
|
|t:|1658123622
|switch|p2a: Tyranitar|Tyranitar, F|100/100
|-weather|Sandstorm|[from] ability: Sand Stream|[of] p2a: Tyranitar
|turn|13
|inactive|Ineedaonetype has 90 seconds left.
|j| Slowchump
|
|t:|1658123662
|switch|p1a: Urshifu|Urshifu-Rapid-Strike, M|84/100
|move|p2a: Tyranitar|Stone Edge|p1a: Urshifu
|-resisted|p1a: Urshifu
|-damage|p1a: Urshifu|44/100
|
|-weather|Sandstorm|[upkeep]
|-damage|p1a: Urshifu|38/100|[from] Sandstorm
|upkeep
|turn|14
|l| xuwuhanjun
|
|t:|1658123672
|switch|p2a: Tangrowth|Tangrowth, M|100/100
|move|p1a: Urshifu|U-turn|p2a: Tangrowth
|-supereffective|p2a: Tangrowth
|-damage|p2a: Tangrowth|59/100
|-damage|p1a: Urshifu|21/100|[from] item: Rocky Helmet|[of] p2a: Tangrowth
|
|t:|1658123684
|switch|p1a: Clefable|Clefable, M|81/100|[from]move: U-turn
|
|-weather|Sandstorm|[upkeep]
|-damage|p2a: Tangrowth|53/100|[from] Sandstorm
|upkeep
|turn|15
|j| Ran Kob
|
|t:|1658123723
|switch|p2a: Clefable|Clefable, M|86/100
|move|p1a: Clefable|Moonblast|p2a: Clefable
|-damage|p2a: Clefable|49/100
|-unboost|p2a: Clefable|spa|1
|
|-weather|Sandstorm|[upkeep]
|upkeep
|turn|16
|inactive|Ineedaonetype has 60 seconds left.
|
|t:|1658123741
|move|p2a: Clefable|Soft-Boiled|p2a: Clefable
|-heal|p2a: Clefable|99/100
|move|p1a: Clefable|Moonblast|p2a: Clefable
|-damage|p2a: Clefable|61/100
|
|-weather|Sandstorm|[upkeep]
|upkeep
|turn|17
|inactive|Ineedaonetype has 60 seconds left.
|
|t:|1658123752
|move|p2a: Clefable|Stealth Rock|p1a: Clefable
|-sidestart|p1: Ineedaonetype|move: Stealth Rock
|move|p1a: Clefable|Moonblast|p2a: Clefable
|-damage|p2a: Clefable|21/100
|
|-weather|none
|upkeep
|turn|18
|
|t:|1658123756
|move|p1a: Clefable|Moonblast|p2a: Clefable
|-damage|p2a: Clefable|0 fnt
|faint|p2a: Clefable
|
|upkeep
|
|t:|1658123760
|switch|p2a: Excadrill|Excadrill, M|100/100
|turn|19
|
|t:|1658123769
|switch|p1a: Cresselia|Cresselia, F|100/100
|-damage|p1a: Cresselia|88/100|[from] Stealth Rock
|move|p2a: Excadrill|Iron Head|p1a: Cresselia
|-damage|p1a: Cresselia|64/100
|
|upkeep
|turn|20
|
|t:|1658123776
|move|p2a: Excadrill|Swords Dance|p2a: Excadrill
|-boost|p2a: Excadrill|atk|2
|move|p1a: Cresselia|Trick Room|p1a: Cresselia
|-fieldstart|move: Trick Room|[of] p1a: Cresselia
|
|upkeep
|turn|21
|
|t:|1658123784
|switch|p2a: Tyranitar|Tyranitar, F|100/100
|-weather|Sandstorm|[from] ability: Sand Stream|[of] p2a: Tyranitar
|move|p1a: Cresselia|Lunar Dance|p1a: Cresselia
|faint|p1a: Cresselia
|
|-weather|Sandstorm|[upkeep]
|upkeep
|
|t:|1658123793
|switch|p1a: Urshifu|Urshifu-Rapid-Strike, M|21/100
|-heal|p1a: Urshifu|100/100|[from] move: Lunar Dance
|-damage|p1a: Urshifu|94/100|[from] Stealth Rock
|turn|22
|
|t:|1658123797
|switch|p2a: Tangrowth|Tangrowth, M|86/100
|move|p1a: Urshifu|Close Combat|p2a: Tangrowth
|-damage|p2a: Tangrowth|32/100
|-unboost|p1a: Urshifu|def|1
|-unboost|p1a: Urshifu|spd|1
|-damage|p1a: Urshifu|78/100|[from] item: Rocky Helmet|[of] p2a: Tangrowth
|
|-weather|Sandstorm|[upkeep]
|-damage|p2a: Tangrowth|25/100|[from] Sandstorm
|-damage|p1a: Urshifu|72/100|[from] Sandstorm
|upkeep
|turn|23
|
|t:|1658123803
|switch|p1a: Hatterene|Hatterene, F|100/100
|-damage|p1a: Hatterene|88/100|[from] Stealth Rock
|move|p2a: Tangrowth|Giga Drain|p1a: Hatterene
|-damage|p1a: Hatterene|58/100
|-heal|p2a: Tangrowth|37/100|[from] drain|[of] p1a: Hatterene
|
|-weather|Sandstorm|[upkeep]
|-damage|p1a: Hatterene|52/100|[from] Sandstorm
|-damage|p2a: Tangrowth|31/100|[from] Sandstorm
|upkeep
|turn|24
|
|t:|1658123812
|switch|p2a: Excadrill|Excadrill, M|100/100
|move|p1a: Hatterene|Misty Explosion|p2a: Excadrill
|-resisted|p2a: Excadrill
|-damage|p2a: Excadrill|61/100
|faint|p1a: Hatterene
|
|-weather|Sandstorm|[upkeep]
|-heal|p2a: Excadrill|68/100|[from] item: Leftovers
|-fieldend|move: Trick Room
|upkeep
|
|t:|1658123819
|switch|p1a: Urshifu|Urshifu-Rapid-Strike, M|72/100
|-damage|p1a: Urshifu|66/100|[from] Stealth Rock
|turn|25
|
|t:|1658123826
|switch|p2a: Rotom|Rotom-Wash|79/100
|move|p1a: Urshifu|Aqua Jet|p2a: Rotom
|-resisted|p2a: Rotom
|-damage|p2a: Rotom|59/100
|
|-weather|none
|-heal|p2a: Rotom|65/100|[from] item: Leftovers
|upkeep
|turn|26
|
|t:|1658123834
|move|p1a: Urshifu|Aqua Jet|p2a: Rotom
|-resisted|p2a: Rotom
|-damage|p2a: Rotom|46/100
|move|p2a: Rotom|Volt Switch|p1a: Urshifu
|-supereffective|p1a: Urshifu
|-damage|p1a: Urshifu|0 fnt
|faint|p1a: Urshifu
|
|t:|1658123845
|switch|p2a: Tyranitar|Tyranitar, F|100/100|[from]move: Volt Switch
|-weather|Sandstorm|[from] ability: Sand Stream|[of] p2a: Tyranitar
|
|-weather|Sandstorm|[upkeep]
|upkeep
|
|t:|1658123856
|switch|p1a: Melmetal|Melmetal|76/100
|-damage|p1a: Melmetal|69/100|[from] Stealth Rock
|turn|27
|
|t:|1658123865
|move|p2a: Tyranitar|Superpower|p1a: Melmetal
|-supereffective|p1a: Melmetal
|-damage|p1a: Melmetal|0 fnt
|-unboost|p2a: Tyranitar|atk|1
|-unboost|p2a: Tyranitar|def|1
|faint|p1a: Melmetal
|
|-weather|Sandstorm|[upkeep]
|upkeep
|
|t:|1658123870
|switch|p1a: Clefable|Clefable, M|81/100
|turn|28
|j| abGodc
|
|t:|1658123879
|switch|p2a: Rotom|Rotom-Wash|46/100
|move|p1a: Clefable|Flamethrower|p2a: Rotom
|-resisted|p2a: Rotom
|-damage|p2a: Rotom|37/100
|
|-weather|Sandstorm|[upkeep]
|-damage|p2a: Rotom|31/100|[from] Sandstorm
|-heal|p2a: Rotom|37/100|[from] item: Leftovers
|upkeep
|turn|29
|
|t:|1658123883
|move|p2a: Rotom|Pain Split|p1a: Clefable
|-sethp|p1a: Clefable|55/100|[from] move: Pain Split|[silent]
|-sethp|p2a: Rotom|71/100|[from] move: Pain Split
|move|p1a: Clefable|Moonblast|p2a: Rotom
|-damage|p2a: Rotom|36/100
|-unboost|p2a: Rotom|spa|1
|
|-weather|Sandstorm|[upkeep]
|-damage|p2a: Rotom|30/100|[from] Sandstorm
|-heal|p2a: Rotom|36/100|[from] item: Leftovers
|upkeep
|turn|30
|l| abGodc
|
|t:|1658123890
|move|p2a: Rotom|Pain Split|p1a: Clefable
|-sethp|p1a: Clefable|41/100|[from] move: Pain Split|[silent]
|-sethp|p2a: Rotom|53/100|[from] move: Pain Split
|move|p1a: Clefable|Flamethrower|p2a: Rotom
|-resisted|p2a: Rotom
|-damage|p2a: Rotom|43/100
|
|-weather|none
|-heal|p2a: Rotom|49/100|[from] item: Leftovers
|upkeep
|turn|31
|
|t:|1658123899
|move|p2a: Rotom|Volt Switch|p1a: Clefable
|-damage|p1a: Clefable|24/100
|
|t:|1658123900
|switch|p2a: Tyranitar|Tyranitar, F|100/100|[from]move: Volt Switch
|-weather|Sandstorm|[from] ability: Sand Stream|[of] p2a: Tyranitar
|move|p1a: Clefable|Soft-Boiled|p1a: Clefable
|-heal|p1a: Clefable|74/100
|
|-weather|Sandstorm|[upkeep]
|upkeep
|turn|32
|l| simplegent
|l|☆Ineedaonetype
|inactive|Ineedaonetype disconnected and has a minute to reconnect!
|player|p1|
|inactive|Ineedaonetype has 30 seconds to reconnect!
|l| Ran Kob
|inactive|Ineedaonetype has 20 seconds to reconnect!
|inactive|Ineedaonetype has 15 seconds to reconnect!
|inactive|Ineedaonetype has 10 seconds to reconnect!
|inactive|Ineedaonetype has 5 seconds to reconnect!
|l| Slowchump
|-message|Ineedaonetype lost due to inactivity.
|
|win|FENDINI
|raw|Ineedaonetype's rating: 1672 &rarr; <strong>1654</strong><br />(-18 for losing)
|raw|FENDINI's rating: 1709 &rarr; <strong>1727</strong><br />(+18 for winning)
