|j|☆minimax_ai
|j|‽uto RAR
|t:|1667531753
|gametype|singles
|player|p1|minimax_ai|lusamine-nihilego|1549
|player|p2|uto RAR|hilbert|1574
|teamsize|p1|6
|teamsize|p2|6
|gen|8
|tier|[Gen 8] OU
|rated|
|rule|Sleep Clause Mod: Limit one foe put to sleep
|rule|Species Clause: Limit one of each Pokémon
|rule|OHKO Clause: OHKO moves are banned
|rule|Evasion Items Clause: Evasion items are banned
|rule|Evasion Moves Clause: Evasion moves are banned
|rule|Endless Battle Clause: Forcing endless battles is banned
|rule|HP Percentage Mod: HP is shown in percentages
|rule|Dynamax Clause: You cannot dynamax
|clearpoke
|poke|p1|Rotom-Wash|
|poke|p1|Weavile, F|
|poke|p1|Landorus-Therian, M|
|poke|p1|Heatran, M|
|poke|p1|Tangrowth, F|
|poke|p1|Melmetal|
|poke|p2|Arctozolt|
|poke|p2|Corviknight, F|
|poke|p2|Landorus-Therian, M|
|poke|p2|Ninetales-Alola, M|
|poke|p2|Tornadus-Therian, M|
|poke|p2|Volcanion|
|teampreview
|c|☆minimax_ai|hf
|inactive|Battle timer is ON: inactive players will automatically lose when time's up. (requested by minimax_ai)
|
|t:|1667531767
|start
|switch|p1a: Melmetal|Melmetal|100/100
|switch|p2a: Ninetales|Ninetales-Alola, M|100/100
|-weather|Hail|[from] ability: Snow Warning|[of] p2a: Ninetales
|turn|1
|
|t:|1667531772
|switch|p2a: Corviknight|Corviknight, F|100/100
|-ability|p2a: Corviknight|Pressure
|move|p1a: Melmetal|Double Iron Bash|p2a: Corviknight
|-resisted|p2a: Corviknight
|-damage|p2a: Corviknight|88/100
|-damage|p1a: Melmetal|84/100|[from] item: Rocky Helmet|[of] p2a: Corviknight
|-resisted|p2a: Corviknight
|-damage|p2a: Corviknight|76/100
|-damage|p1a: Melmetal|67/100|[from] item: Rocky Helmet|[of] p2a: Corviknight
|-hitcount|p2a: Corviknight|2
|
|-weather|Hail|[upkeep]
|-damage|p2a: Corviknight|70/100|[from] Hail
|-damage|p1a: Melmetal|61/100|[from] Hail
|upkeep
|turn|2
|
|t:|1667531780
|move|p2a: Corviknight|U-turn|p1a: Melmetal
|-resisted|p1a: Melmetal
|-damage|p1a: Melmetal|57/100
|
|t:|1667531784
|switch|p2a: Landorus|Landorus-Therian, M|100/100|[from]move: U-turn
|-ability|p2a: Landorus|Intimidate|boost
|-unboost|p1a: Melmetal|atk|1
|move|p1a: Melmetal|Thunder Punch|p2a: Landorus
|-immune|p2a: Landorus
|
|-weather|Hail|[upkeep]
|-damage|p2a: Landorus|94/100|[from] Hail
|-damage|p1a: Melmetal|51/100|[from] Hail
|-heal|p2a: Landorus|100/100|[from] item: Leftovers
|upkeep
|turn|3
|
|t:|1667531791
|switch|p1a: landorustherian|Landorus-Therian, M|100/100
|-ability|p1a: landorustherian|Intimidate|boost
|-unboost|p2a: Landorus|atk|1
|move|p2a: Landorus|U-turn|p1a: landorustherian
|-resisted|p1a: landorustherian
|-crit|p1a: landorustherian
|-damage|p1a: landorustherian|84/100
|
|t:|1667531793
|switch|p2a: Arctozolt|Arctozolt|100/100|[from]move: U-turn
|
|-weather|Hail|[upkeep]
|-damage|p1a: landorustherian|78/100|[from] Hail
|-heal|p1a: landorustherian|84/100|[from] item: Leftovers
|upkeep
|turn|4
|
|t:|1667531797
|switch|p1a: Melmetal|Melmetal|51/100
|move|p2a: Arctozolt|Blizzard|p1a: Melmetal
|-resisted|p1a: Melmetal
|-damage|p1a: Melmetal|42/100
|
|-weather|Hail|[upkeep]
|-damage|p1a: Melmetal|36/100|[from] Hail
|upkeep
|turn|5
|
|t:|1667531803
|switch|p2a: Corviknight|Corviknight, F|70/100
|-ability|p2a: Corviknight|Pressure
|move|p1a: Melmetal|Double Iron Bash|p2a: Corviknight
|-resisted|p2a: Corviknight
|-damage|p2a: Corviknight|58/100
|-damage|p1a: Melmetal|20/100|[from] item: Rocky Helmet|[of] p2a: Corviknight
|-resisted|p2a: Corviknight
|-damage|p2a: Corviknight|46/100
|-damage|p1a: Melmetal|3/100|[from] item: Rocky Helmet|[of] p2a: Corviknight
|-hitcount|p2a: Corviknight|2
|
|-weather|Hail|[upkeep]
|-damage|p2a: Corviknight|40/100|[from] Hail
|-damage|p1a: Melmetal|0 fnt|[from] Hail
|faint|p1a: Melmetal
|upkeep
|
|t:|1667531803
|switch|p1a: Weavile|Weavile, F|100/100
|-ability|p1a: Weavile|Pressure
|turn|6
|
|t:|1667531807
|move|p1a: Weavile|Knock Off|p2a: Corviknight
|-damage|p2a: Corviknight|0 fnt
|-damage|p1a: Weavile|84/100|[from] item: Rocky Helmet|[of] p2a: Corviknight
|-enditem|p2a: Corviknight|Rocky Helmet|[from] move: Knock Off|[of] p1a: Weavile
|faint|p2a: Corviknight
|
|-weather|Hail|[upkeep]
|upkeep
|
|t:|1667531810
|switch|p2a: Arctozolt|Arctozolt|100/100
|turn|7
|
|t:|1667531813
|switch|p1a: landorustherian|Landorus-Therian, M|84/100
|-ability|p1a: landorustherian|Intimidate|boost
|-unboost|p2a: Arctozolt|atk|1
|move|p2a: Arctozolt|Substitute|p2a: Arctozolt
|-start|p2a: Arctozolt|Substitute
|-damage|p2a: Arctozolt|76/100
|
|-weather|Hail|[upkeep]
|-damage|p1a: landorustherian|78/100|[from] Hail
|-heal|p2a: Arctozolt|82/100|[from] item: Leftovers
|-heal|p1a: landorustherian|84/100|[from] item: Leftovers
|upkeep
|turn|8
|
|t:|1667531815
|switch|p1a: rotomwash|Rotom-Wash|100/100
|move|p2a: Arctozolt|Blizzard|p1a: rotomwash
|-resisted|p1a: rotomwash
|-damage|p1a: rotomwash|82/100
|
|-weather|none
|-heal|p2a: Arctozolt|88/100|[from] item: Leftovers
|-heal|p1a: rotomwash|89/100|[from] item: Leftovers
|upkeep
|turn|9
|
|t:|1667531818
|move|p1a: rotomwash|Nasty Plot|p1a: rotomwash
|-boost|p1a: rotomwash|spa|2
|move|p2a: Arctozolt|Bolt Beak|p1a: rotomwash
|-damage|p1a: rotomwash|62/100
|
|-heal|p1a: rotomwash|68/100|[from] item: Leftovers
|-heal|p2a: Arctozolt|94/100|[from] item: Leftovers
|upkeep
|turn|10
|
|t:|1667531828
|move|p1a: rotomwash|Thunderbolt|p2a: Arctozolt
|-resisted|p2a: Arctozolt
|-end|p2a: Arctozolt|Substitute
|move|p2a: Arctozolt|Bolt Beak|p1a: rotomwash
|-damage|p1a: rotomwash|44/100
|
|-heal|p1a: rotomwash|50/100|[from] item: Leftovers
|-heal|p2a: Arctozolt|100/100|[from] item: Leftovers
|upkeep
|turn|11
|
|t:|1667531837
|move|p1a: rotomwash|Pain Split|p2a: Arctozolt
|-sethp|p2a: Arctozolt|74/100|[from] move: Pain Split|[silent]
|-sethp|p1a: rotomwash|78/100|[from] move: Pain Split
|move|p2a: Arctozolt|Bolt Beak|p1a: rotomwash
|-damage|p1a: rotomwash|52/100
|
|-heal|p1a: rotomwash|59/100|[from] item: Leftovers
|-heal|p2a: Arctozolt|80/100|[from] item: Leftovers
|upkeep
|turn|12
|
|t:|1667531844
|switch|p2a: Ninetales|Ninetales-Alola, M|100/100
|-weather|Hail|[from] ability: Snow Warning|[of] p2a: Ninetales
|move|p1a: rotomwash|Nasty Plot|p1a: rotomwash
|-boost|p1a: rotomwash|spa|2
|
|-weather|Hail|[upkeep]
|-damage|p1a: rotomwash|52/100|[from] Hail
|-heal|p1a: rotomwash|59/100|[from] item: Leftovers
|upkeep
|turn|13
|
|t:|1667531849
|move|p2a: Ninetales|Freeze-Dry|p1a: rotomwash
|-supereffective|p1a: rotomwash
|-damage|p1a: rotomwash|3/100
|move|p1a: rotomwash|Hydro Pump|p2a: Ninetales
|-damage|p2a: Ninetales|0 fnt
|faint|p2a: Ninetales
|
|-weather|Hail|[upkeep]
|-damage|p1a: rotomwash|0 fnt|[from] Hail
|faint|p1a: rotomwash
|upkeep
|
|t:|1667531856
|switch|p2a: Arctozolt|Arctozolt|80/100
|switch|p1a: Heatran|Heatran, M|100/100
|-item|p1a: Heatran|Air Balloon
|turn|14
|
|t:|1667531863
|move|p2a: Arctozolt|Bolt Beak|p1a: Heatran
|-damage|p1a: Heatran|31/100
|-enditem|p1a: Heatran|Air Balloon
|move|p1a: Heatran|Magma Storm|p2a: Arctozolt
|-supereffective|p2a: Arctozolt
|-damage|p2a: Arctozolt|0 fnt
|faint|p2a: Arctozolt
|
|-weather|Hail|[upkeep]
|-damage|p1a: Heatran|24/100|[from] Hail
|upkeep
|
|t:|1667531875
|switch|p2a: Landorus|Landorus-Therian, M|100/100
|-ability|p2a: Landorus|Intimidate|boost
|-unboost|p1a: Heatran|atk|1
|turn|15
|
|t:|1667531878
|move|p1a: Heatran|Magma Storm|p2a: Landorus
|-damage|p2a: Landorus|65/100
|-activate|p2a: Landorus|move: Magma Storm|[of] p1a: Heatran
|move|p2a: Landorus|Earthquake|p1a: Heatran
|-supereffective|p1a: Heatran
|-damage|p1a: Heatran|0 fnt
|faint|p1a: Heatran
|
|-weather|Hail|[upkeep]
|-damage|p2a: Landorus|59/100|[from] Hail
|-heal|p2a: Landorus|65/100|[from] item: Leftovers
|-end|p2a: Landorus|Magma Storm|[partiallytrapped]|[silent]
|upkeep
|
|t:|1667531878
|switch|p1a: Weavile|Weavile, F|84/100
|-ability|p1a: Weavile|Pressure
|turn|16
|
|t:|1667531884
|move|p1a: Weavile|Knock Off|p2a: Landorus
|-damage|p2a: Landorus|0 fnt
|-enditem|p2a: Landorus|Leftovers|[from] move: Knock Off|[of] p1a: Weavile
|faint|p2a: Landorus
|
|-weather|Hail|[upkeep]
|upkeep
|
|t:|1667531886
|switch|p2a: Volcanion|Volcanion|100/100
|turn|17
|
|t:|1667531889
|move|p1a: Weavile|Knock Off|p2a: Volcanion
|-damage|p2a: Volcanion|29/100
|-enditem|p2a: Volcanion|Choice Specs|[from] move: Knock Off|[of] p1a: Weavile
|move|p2a: Volcanion|Steam Eruption|p1a: Weavile
|-damage|p1a: Weavile|0 fnt
|faint|p1a: Weavile
|
|-weather|Hail|[upkeep]
|-damage|p2a: Volcanion|23/100|[from] Hail
|upkeep
|
|t:|1667531889
|switch|p1a: landorustherian|Landorus-Therian, M|84/100
|-ability|p1a: landorustherian|Intimidate|boost
|-unboost|p2a: Volcanion|atk|1
|turn|18
|
|t:|1667531894
|move|p2a: Volcanion|Steam Eruption|p1a: landorustherian
|-supereffective|p1a: landorustherian
|-damage|p1a: landorustherian|0 fnt
|faint|p1a: landorustherian
|
|-weather|Hail|[upkeep]
|-damage|p2a: Volcanion|17/100|[from] Hail
|upkeep
|
|t:|1667531894
|switch|p1a: Tangrowth|Tangrowth, F|100/100
|turn|19
|
|t:|1667531898
|switch|p2a: Tornadus|Tornadus-Therian, M|100/100
|move|p1a: Tangrowth|Sleep Powder|p2a: Tornadus|[miss]
|-miss|p1a: Tangrowth|p2a: Tornadus
|
|-weather|none
|upkeep
|turn|20
|
|t:|1667531900
|move|p2a: Tornadus|Heat Wave|p1a: Tangrowth|[miss]
|-miss|p2a: Tornadus|p1a: Tangrowth
|move|p1a: Tangrowth|Sleep Powder|p2a: Tornadus
|-status|p2a: Tornadus|slp|[from] move: Sleep Powder
|
|upkeep
|turn|21
|
|t:|1667531903
|cant|p2a: Tornadus|slp
|move|p1a: Tangrowth|Giga Drain|p2a: Tornadus
|-resisted|p2a: Tornadus
|-damage|p2a: Tornadus|91/100 slp
|
|upkeep
|turn|22
|
|t:|1667531904
|cant|p2a: Tornadus|slp
|move|p1a: Tangrowth|Giga Drain|p2a: Tornadus
|-resisted|p2a: Tornadus
|-damage|p2a: Tornadus|80/100 slp
|
|upkeep
|turn|23
|
|t:|1667531906
|-curestatus|p2a: Tornadus|slp|[msg]
|move|p2a: Tornadus|Heat Wave|p1a: Tangrowth
|-supereffective|p1a: Tangrowth
|-damage|p1a: Tangrowth|37/100
|move|p1a: Tangrowth|Giga Drain|p2a: Tornadus
|-resisted|p2a: Tornadus
|-damage|p2a: Tornadus|70/100
|-heal|p1a: Tangrowth|41/100|[from] drain|[of] p2a: Tornadus
|
|upkeep
|turn|24
|
|t:|1667531908
|move|p2a: Tornadus|Heat Wave|p1a: Tangrowth
|-supereffective|p1a: Tangrowth
|-damage|p1a: Tangrowth|0 fnt
|faint|p1a: Tangrowth
|
|win|uto RAR
|raw|minimax_ai's rating: 1549 &rarr; <strong>1530</strong><br />(-19 for losing)
|raw|uto RAR's rating: 1574 &rarr; <strong>1593</strong><br />(+19 for winning)
|c|☆minimax_ai|gg
