|j|☆Mamaw31180
|j|☆OmastarGuy
|t:|1603718463
|player|p1|Mamaw31180|266|1545
|player|p2|OmastarGuy|grimsley-gen7|1507
|teamsize|p1|6
|teamsize|p2|6
|gametype|singles
|gen|8
|tier|[Gen 8] OU
|rated|
|clearpoke
|poke|p1|Blaziken, F|
|poke|p1|Ditto|
|poke|p1|Azelf|
|poke|p1|Zygarde|
|poke|p1|Genesect|
|poke|p1|Naganadel|
|poke|p2|Dragapult, F|
|poke|p2|Zygarde|
|poke|p2|Celesteela|
|poke|p2|Porygon2|
|poke|p2|Genesect-Chill|
|poke|p2|Pheromosa|
|rule|Sleep Clause Mod: Limit one foe put to sleep
|rule|Species Clause: Limit one of each Pokémon
|rule|OHKO Clause: OHKO moves are banned
|rule|Evasion Moves Clause: Evasion moves are banned
|rule|Endless Battle Clause: Forcing endless battles is banned
|rule|HP Percentage Mod: HP is shown in percentages
|rule|Dynamax Clause: You cannot dynamax
|teampreview
|inactive|Battle timer is ON: inactive players will automatically lose when time's up. (requested by OmastarGuy)
|inactive|Mamaw31180 also wants the timer to be on.
|
|t:|1603718481
|start
|switch|p1a: Azelf|Azelf|100/100
|switch|p2a: Dragapult|Dragapult, F|100/100
|turn|1
|
|t:|1603718499
|move|p2a: Dragapult|Substitute|p2a: Dragapult
|-start|p2a: Dragapult|Substitute
|-damage|p2a: Dragapult|76/100
|move|p1a: Azelf|Stealth Rock|p2a: Dragapult
|-sidestart|p2: OmastarGuy|move: Stealth Rock
|
|-heal|p2a: Dragapult|82/100|[from] item: Leftovers
|upkeep
|turn|2
|j| Maxter101
|
|t:|1603718504
|move|p2a: Dragapult|Dragon Dance|p2a: Dragapult
|-boost|p2a: Dragapult|atk|1
|-boost|p2a: Dragapult|spe|1
|move|p1a: Azelf|Explosion|p2a: Dragapult
|-immune|p2a: Dragapult
|faint|p1a: Azelf
|
|-heal|p2a: Dragapult|88/100|[from] item: Leftovers
|upkeep
|
|t:|1603718518
|switch|p1a: Ditto|Ditto|100/100
|turn|3
|
|t:|1603718534
|switch|p1a: Naganadel|Naganadel|100/100
|move|p2a: Dragapult|Dragon Darts|p1a: Naganadel
|-supereffective|p1a: Naganadel
|-damage|p1a: Naganadel|0 fnt
|faint|p1a: Naganadel
|
|-heal|p2a: Dragapult|94/100|[from] item: Leftovers
|upkeep
|
|t:|1603718538
|switch|p1a: Genesect|Genesect, shiny|100/100
|-ability|p1a: Genesect|Download|boost
|-boost|p1a: Genesect|spa|1
|turn|4
|c|☆OmastarGuy|limber ditto Pog
|
|t:|1603718546
|move|p2a: Dragapult|Phantom Force||[still]
|-prepare|p2a: Dragapult|Phantom Force
|move|p1a: Genesect|Iron Head|p2a: Dragapult|[miss]
|-miss|p1a: Genesect|p2a: Dragapult
|
|-heal|p2a: Dragapult|99/100|[from] item: Leftovers
|upkeep
|turn|5
|
|t:|1603718552
|move|p2a: Dragapult|Phantom Force|p1a: Genesect|[from]lockedmove
|-damage|p1a: Genesect|21/100
|move|p1a: Genesect|Iron Head|p2a: Dragapult
|-end|p2a: Dragapult|Substitute
|
|-heal|p2a: Dragapult|100/100|[from] item: Leftovers
|upkeep
|turn|6
|
|t:|1603718559
|move|p2a: Dragapult|Dragon Darts|p1a: Genesect
|-resisted|p1a: Genesect
|-damage|p1a: Genesect|0 fnt
|faint|p1a: Genesect
|
|upkeep
|
|t:|1603718562
|switch|p1a: Ditto|Ditto|100/100
|-transform|p1a: Ditto|p2a: Dragapult|[from] ability: Imposter
|turn|7
|
|t:|1603718579
|switch|p2a: Celesteela|Celesteela|100/100
|-damage|p2a: Celesteela|88/100|[from] Stealth Rock
|move|p1a: Ditto|Dragon Darts|p2a: Celesteela
|-resisted|p2a: Celesteela
|-damage|p2a: Celesteela|72/100
|-anim|p1a: Ditto|Dragon Darts|p2a: Celesteela
|-resisted|p2a: Celesteela
|-damage|p2a: Celesteela|57/100
|
|-heal|p2a: Celesteela|63/100|[from] item: Leftovers
|upkeep
|turn|8
|
|t:|1603718588
|switch|p1a: Blaziken|Blaziken, F|100/100
|move|p2a: Celesteela|Leech Seed|p1a: Blaziken
|-start|p1a: Blaziken|move: Leech Seed
|
|-heal|p2a: Celesteela|69/100|[from] item: Leftovers
|-damage|p1a: Blaziken|88/100|[from] Leech Seed|[of] p2a: Celesteela
|-heal|p2a: Celesteela|79/100|[silent]
|upkeep
|turn|9
|
|t:|1603718597
|switch|p2a: Pheromosa|Pheromosa|100/100
|-damage|p2a: Pheromosa|88/100|[from] Stealth Rock
|move|p1a: Blaziken|Flare Blitz|p2a: Pheromosa
|-supereffective|p2a: Pheromosa
|-damage|p2a: Pheromosa|0 fnt
|-damage|p1a: Blaziken|61/100|[from] Recoil
|-damage|p1a: Blaziken|51/100|[from] item: Life Orb
|faint|p2a: Pheromosa
|
|-ability|p1a: Blaziken|Speed Boost|boost
|-boost|p1a: Blaziken|spe|1
|upkeep
|
|t:|1603718609
|switch|p2a: Dragapult|Dragapult, F|100/100
|-damage|p2a: Dragapult|88/100|[from] Stealth Rock
|turn|10
|
|t:|1603718614
|move|p1a: Blaziken|Earthquake|p2a: Dragapult
|-damage|p2a: Dragapult|26/100
|-damage|p1a: Blaziken|41/100|[from] item: Life Orb
|move|p2a: Dragapult|Substitute|p2a: Dragapult
|-start|p2a: Dragapult|Substitute
|-damage|p2a: Dragapult|1/100
|
|-heal|p2a: Dragapult|7/100|[from] item: Leftovers
|-damage|p1a: Blaziken|29/100|[from] Leech Seed|[of] p2a: Dragapult
|-heal|p2a: Dragapult|18/100|[silent]
|-ability|p1a: Blaziken|Speed Boost|boost
|-boost|p1a: Blaziken|spe|1
|upkeep
|turn|11
|
|t:|1603718622
|move|p1a: Blaziken|Earthquake|p2a: Dragapult
|-end|p2a: Dragapult|Substitute
|-damage|p1a: Blaziken|19/100|[from] item: Life Orb
|move|p2a: Dragapult|Dragon Darts|p1a: Blaziken
|-damage|p1a: Blaziken|0 fnt
|faint|p1a: Blaziken
|
|-heal|p2a: Dragapult|24/100|[from] item: Leftovers
|upkeep
|
|t:|1603718626
|switch|p1a: Ditto|Ditto|100/100
|-transform|p1a: Ditto|p2a: Dragapult|[from] ability: Imposter
|turn|12
|
|t:|1603718631
|switch|p2a: Celesteela|Celesteela|79/100
|-damage|p2a: Celesteela|66/100|[from] Stealth Rock
|move|p1a: Ditto|Dragon Darts|p2a: Celesteela
|-resisted|p2a: Celesteela
|-damage|p2a: Celesteela|56/100
|-anim|p1a: Ditto|Dragon Darts|p2a: Celesteela
|-resisted|p2a: Celesteela
|-damage|p2a: Celesteela|46/100
|
|-heal|p2a: Celesteela|52/100|[from] item: Leftovers
|upkeep
|turn|13
|
|t:|1603718635
|move|p1a: Ditto|Dragon Darts|p2a: Celesteela
|-resisted|p2a: Celesteela
|-damage|p2a: Celesteela|42/100
|-anim|p1a: Ditto|Dragon Darts|p2a: Celesteela
|-resisted|p2a: Celesteela
|-crit|p2a: Celesteela
|-damage|p2a: Celesteela|28/100
|move|p2a: Celesteela|Leech Seed|p1a: Ditto
|-start|p1a: Ditto|move: Leech Seed
|
|-heal|p2a: Celesteela|34/100|[from] item: Leftovers
|-damage|p1a: Ditto|88/100|[from] Leech Seed|[of] p2a: Celesteela
|-heal|p2a: Celesteela|43/100|[silent]
|upkeep
|turn|14
|
|t:|1603718644
|move|p1a: Ditto|Dragon Darts|p2a: Celesteela
|-resisted|p2a: Celesteela
|-damage|p2a: Celesteela|32/100
|-anim|p1a: Ditto|Dragon Darts|p2a: Celesteela
|-resisted|p2a: Celesteela
|-damage|p2a: Celesteela|21/100
|move|p2a: Celesteela|Leech Seed||[still]
|-fail|p2a: Celesteela
|
|-heal|p2a: Celesteela|27/100|[from] item: Leftovers
|-damage|p1a: Ditto|76/100|[from] Leech Seed|[of] p2a: Celesteela
|-heal|p2a: Celesteela|36/100|[silent]
|upkeep
|turn|15
|
|t:|1603718655
|move|p1a: Ditto|Dragon Darts|p2a: Celesteela
|-resisted|p2a: Celesteela
|-damage|p2a: Celesteela|26/100
|-anim|p1a: Ditto|Dragon Darts|p2a: Celesteela
|-resisted|p2a: Celesteela
|-damage|p2a: Celesteela|15/100
|move|p2a: Celesteela|Leech Seed||[still]
|-fail|p2a: Celesteela
|
|-heal|p2a: Celesteela|21/100|[from] item: Leftovers
|-damage|p1a: Ditto|63/100|[from] Leech Seed|[of] p2a: Celesteela
|-heal|p2a: Celesteela|30/100|[silent]
|upkeep
|turn|16
|
|t:|1603718667
|move|p1a: Ditto|Dragon Darts|p2a: Celesteela
|-resisted|p2a: Celesteela
|-damage|p2a: Celesteela|21/100
|-anim|p1a: Ditto|Dragon Darts|p2a: Celesteela
|-resisted|p2a: Celesteela
|-damage|p2a: Celesteela|11/100
|move|p2a: Celesteela|Leech Seed||[still]
|-fail|p2a: Celesteela
|
|-heal|p2a: Celesteela|17/100|[from] item: Leftovers
|-damage|p1a: Ditto|51/100|[from] Leech Seed|[of] p2a: Celesteela
|-heal|p2a: Celesteela|27/100|[silent]
|upkeep
|turn|17
|
|t:|1603718670
|move|p2a: Celesteela|Protect|p2a: Celesteela
|-singleturn|p2a: Celesteela|Protect
|-activate|p1a: Ditto|move: Struggle
|move|p1a: Ditto|Struggle|p2a: Celesteela
|-activate|p2a: Celesteela|move: Protect
|
|-heal|p2a: Celesteela|33/100|[from] item: Leftovers
|-damage|p1a: Ditto|39/100|[from] Leech Seed|[of] p2a: Celesteela
|-heal|p2a: Celesteela|42/100|[silent]
|upkeep
|turn|18
|
|t:|1603718672
|-activate|p1a: Ditto|move: Struggle
|move|p1a: Ditto|Struggle|p2a: Celesteela
|-damage|p2a: Celesteela|29/100
|-damage|p1a: Ditto|14/100|[from] recoil
|move|p2a: Celesteela|Leech Seed||[still]
|-fail|p2a: Celesteela
|
|-heal|p2a: Celesteela|35/100|[from] item: Leftovers
|-damage|p1a: Ditto|1/100|[from] Leech Seed|[of] p2a: Celesteela
|-heal|p2a: Celesteela|44/100|[silent]
|upkeep
|turn|19
|
|t:|1603718680
|-activate|p1a: Ditto|move: Struggle
|move|p1a: Ditto|Struggle|p2a: Celesteela
|-damage|p2a: Celesteela|30/100
|-damage|p1a: Ditto|0 fnt|[from] recoil
|faint|p1a: Ditto
|move|p2a: Celesteela|Earthquake|p1: Ditto|[notarget]
|-fail|p2a: Celesteela
|
|-heal|p2a: Celesteela|36/100|[from] item: Leftovers
|upkeep
|
|t:|1603718684
|switch|p1a: Zygarde|Zygarde|100/100
|-ability|p1a: Zygarde|Aura Break
|turn|20
|
|t:|1603718690
|switch|p2a: Porygon2|Porygon2|100/100
|-damage|p2a: Porygon2|88/100|[from] Stealth Rock
|-ability|p2a: Porygon2|Aura Break|[from] ability: Trace|[of] p1a: Zygarde
|-ability|p2a: Porygon2|Aura Break
|move|p1a: Zygarde|Substitute|p1a: Zygarde
|-start|p1a: Zygarde|Substitute
|-damage|p1a: Zygarde|76/100
|
|-heal|p1a: Zygarde|82/100|[from] item: Leftovers
|upkeep
|turn|21
|
|t:|1603718693
|move|p1a: Zygarde|Coil|p1a: Zygarde
|-boost|p1a: Zygarde|atk|1
|-boost|p1a: Zygarde|def|1
|-boost|p1a: Zygarde|accuracy|1
|move|p2a: Porygon2|Ice Beam|p1a: Zygarde
|-supereffective|p1a: Zygarde
|-end|p1a: Zygarde|Substitute
|
|-heal|p1a: Zygarde|88/100|[from] item: Leftovers
|upkeep
|turn|22
|
|t:|1603718697
|move|p1a: Zygarde|Thousand Arrows|p2a: Porygon2
|-damage|p2a: Porygon2|50/100
|move|p2a: Porygon2|Ice Beam|p1a: Zygarde
|-supereffective|p1a: Zygarde
|-damage|p1a: Zygarde|7/100
|
|-heal|p1a: Zygarde|13/100|[from] item: Leftovers
|upkeep
|turn|23
|
|t:|1603718705
|move|p1a: Zygarde|Thousand Arrows|p2a: Porygon2
|-damage|p2a: Porygon2|12/100
|move|p2a: Porygon2|Ice Beam|p1a: Zygarde
|-supereffective|p1a: Zygarde
|-crit|p1a: Zygarde
|-damage|p1a: Zygarde|0 fnt
|faint|p1a: Zygarde
|
|win|OmastarGuy
