|j|☆GGeorgie◕‿◕
|j|☆Darkortex
|t:|1668058452
|gametype|singles
|player|p1|GGeorgie◕‿◕|hiker-gen2|1656
|player|p2|Darkortex|hilbert|1714
|teamsize|p1|6
|teamsize|p2|6
|gen|8
|tier|[Gen 8] OU
|rated|
|rule|Sleep Clause Mod: Limit one foe put to sleep
|rule|Species Clause: Limit one of each Pokémon
|rule|OHKO Clause: OHKO moves are banned
|rule|Evasion Items Clause: Evasion items are banned
|rule|Evasion Moves Clause: Evasion moves are banned
|rule|Endless Battle Clause: Forcing endless battles is banned
|rule|HP Percentage Mod: HP is shown in percentages
|rule|Dynamax Clause: You cannot dynamax
|clearpoke
|poke|p1|Zapdos|
|poke|p1|Tyranitar, M|
|poke|p1|Landorus-Therian, M|
|poke|p1|Excadrill, F|
|poke|p1|Clefable, M|
|poke|p1|Ferrothorn, M|
|poke|p2|Torkoal, M|
|poke|p2|Venusaur, F|
|poke|p2|Heatran, M|
|poke|p2|Mandibuzz, F|
|poke|p2|Swampert, M|
|poke|p2|Dragapult, F|
|teampreview
|inactive|Battle timer is ON: inactive players will automatically lose when time's up. (requested by Darkortex)
|
|t:|1668058462
|start
|switch|p1a: Tyranitar|Tyranitar, M, shiny|100/100
|switch|p2a: Dragapult|Dragapult, F|100/100
|-weather|Sandstorm|[from] ability: Sand Stream|[of] p1a: Tyranitar
|turn|1
|
|t:|1668058474
|switch|p1a: Clefable|Clefable, M|100/100
|move|p2a: Dragapult|U-turn|p1a: Clefable
|-resisted|p1a: Clefable
|-damage|p1a: Clefable|85/100
|
|t:|1668058492
|switch|p2a: Torkoal|Torkoal, M|100/100|[from]move: U-turn
|-weather|SunnyDay|[from] ability: Drought|[of] p2a: Torkoal
|
|-weather|SunnyDay|[upkeep]
|upkeep
|turn|2
|
|t:|1668058498
|move|p1a: Clefable|Moonblast|p2a: Torkoal
|-resisted|p2a: Torkoal
|-damage|p2a: Torkoal|81/100
|move|p2a: Torkoal|Toxic|p1a: Clefable|[miss]
|-miss|p2a: Torkoal|p1a: Clefable
|
|-weather|SunnyDay|[upkeep]
|upkeep
|turn|3
|j| Rossaism
|
|t:|1668058504
|switch|p2a: Heatran|Heatran, M|100/100
|move|p1a: Clefable|Moonblast|p2a: Heatran
|-resisted|p2a: Heatran
|-damage|p2a: Heatran|91/100
|
|-weather|SunnyDay|[upkeep]
|upkeep
|turn|4
|
|t:|1668058511
|switch|p1a: Tyranitar|Tyranitar, M, shiny|100/100
|-weather|Sandstorm|[from] ability: Sand Stream|[of] p1a: Tyranitar
|move|p2a: Heatran|Earth Power|p1a: Tyranitar
|-supereffective|p1a: Tyranitar
|-damage|p1a: Tyranitar|38/100
|
|-weather|Sandstorm|[upkeep]
|upkeep
|turn|5
|
|t:|1668058521
|switch|p2a: Swampert|Swampert, M|100/100
|switch|p1a: Landorus|Landorus-Therian, M|100/100
|-ability|p1a: Landorus|Intimidate|boost
|-unboost|p2a: Swampert|atk|1
|
|-weather|Sandstorm|[upkeep]
|upkeep
|turn|6
|
|t:|1668058525
|move|p1a: Landorus|Earthquake|p2a: Swampert
|-damage|p2a: Swampert|47/100
|move|p2a: Swampert|Flip Turn|p1a: Landorus
|-supereffective|p1a: Landorus
|-damage|p1a: Landorus|64/100
|
|t:|1668058531
|switch|p2a: Mandibuzz|Mandibuzz, F|100/100|[from]move: Flip Turn
|
|-weather|Sandstorm|[upkeep]
|upkeep
|turn|7
|
|t:|1668058538
|switch|p1a: Zapdos|Zapdos|100/100
|move|p2a: Mandibuzz|U-turn|p1a: Zapdos
|-resisted|p1a: Zapdos
|-damage|p1a: Zapdos|94/100
|
|t:|1668058541
|switch|p2a: Dragapult|Dragapult, F|100/100|[from]move: U-turn
|
|-weather|Sandstorm|[upkeep]
|-damage|p2a: Dragapult|95/100|[from] Sandstorm
|-damage|p1a: Zapdos|88/100|[from] Sandstorm
|upkeep
|turn|8
|
|t:|1668058564
|switch|p1a: Clefable|Clefable, M|85/100
|move|p2a: Dragapult|Dragon Darts|p1a: Clefable
|-immune|p1a: Clefable
|
|-weather|none
|upkeep
|turn|9
|
|t:|1668058581
|switch|p2a: Torkoal|Torkoal, M|81/100
|-weather|SunnyDay|[from] ability: Drought|[of] p2a: Torkoal
|switch|p1a: Zapdos|Zapdos|88/100
|
|-weather|SunnyDay|[upkeep]
|upkeep
|turn|10
|inactive|GGeorgie◕‿◕ has 120 seconds left.
|
|t:|1668058617
|switch|p2a: Swampert|Swampert, M|47/100
|move|p1a: Zapdos|Volt Switch|p2a: Swampert
|-immune|p2a: Swampert
|
|-weather|SunnyDay|[upkeep]
|-heal|p2a: Swampert|53/100|[from] item: Leftovers
|upkeep
|turn|11
|
|t:|1668058622
|switch|p1a: Ferrothorn|Ferrothorn, M, shiny|100/100
|move|p2a: Swampert|Flip Turn|p1a: Ferrothorn
|-resisted|p1a: Ferrothorn
|-damage|p1a: Ferrothorn|97/100
|-damage|p2a: Swampert|41/100|[from] ability: Iron Barbs|[of] p1a: Ferrothorn
|-damage|p2a: Swampert|24/100|[from] item: Rocky Helmet|[of] p1a: Ferrothorn
|
|t:|1668058626
|switch|p2a: Heatran|Heatran, M|91/100|[from]move: Flip Turn
|
|-weather|SunnyDay|[upkeep]
|upkeep
|turn|12
|inactive|GGeorgie◕‿◕ has 120 seconds left.
|j| LT_Alt1
|inactive|GGeorgie◕‿◕ has 90 seconds left.
|
|t:|1668058678
|move|p2a: Heatran|Eruption|p1a: Ferrothorn
|-supereffective|p1a: Ferrothorn
|-damage|p1a: Ferrothorn|0 fnt
|faint|p1a: Ferrothorn
|
|-weather|SunnyDay|[upkeep]
|upkeep
|
|t:|1668058680
|switch|p1a: Landorus|Landorus-Therian, M|64/100
|-ability|p1a: Landorus|Intimidate|boost
|-unboost|p2a: Heatran|atk|1
|turn|13
|inactive|GGeorgie◕‿◕ has 90 seconds left.
|
|t:|1668058686
|switch|p2a: Mandibuzz|Mandibuzz, F|100/100
|move|p1a: Landorus|U-turn|p2a: Mandibuzz
|-damage|p2a: Mandibuzz|84/100
|
|t:|1668058688
|switch|p1a: Zapdos|Zapdos|88/100|[from]move: U-turn
|
|-weather|SunnyDay|[upkeep]
|upkeep
|turn|14
|
|t:|1668058691
|switch|p2a: Swampert|Swampert, M|24/100
|move|p1a: Zapdos|Volt Switch|p2a: Swampert
|-immune|p2a: Swampert
|
|-weather|SunnyDay|[upkeep]
|-heal|p2a: Swampert|30/100|[from] item: Leftovers
|upkeep
|turn|15
|
|t:|1668058695
|switch|p1a: Landorus|Landorus-Therian, M|64/100
|-ability|p1a: Landorus|Intimidate|boost
|-unboost|p2a: Swampert|atk|1
|move|p2a: Swampert|Flip Turn|p1a: Landorus
|-supereffective|p1a: Landorus
|-damage|p1a: Landorus|47/100
|
|t:|1668058703
|switch|p2a: Venusaur|Venusaur, F|100/100|[from]move: Flip Turn
|
|-weather|SunnyDay|[upkeep]
|upkeep
|turn|16
|inactive|GGeorgie◕‿◕ has 120 seconds left.
|
|t:|1668058714
|switch|p1a: Tyranitar|Tyranitar, M, shiny|38/100
|-weather|Sandstorm|[from] ability: Sand Stream|[of] p1a: Tyranitar
|move|p2a: Venusaur|Weather Ball|p1a: Tyranitar
|-damage|p1a: Tyranitar|9/100
|-damage|p2a: Venusaur|91/100|[from] item: Life Orb
|
|-weather|Sandstorm|[upkeep]
|-damage|p2a: Venusaur|85/100|[from] Sandstorm
|upkeep
|turn|17
|
|t:|1668058729
|switch|p1a: Zapdos|Zapdos|88/100
|move|p2a: Venusaur|Weather Ball|p1a: Zapdos
|-supereffective|p1a: Zapdos
|-damage|p1a: Zapdos|0 fnt
|faint|p1a: Zapdos
|-damage|p2a: Venusaur|75/100|[from] item: Life Orb
|
|-weather|Sandstorm|[upkeep]
|-damage|p2a: Venusaur|69/100|[from] Sandstorm
|upkeep
|-message|GGeorgie◕‿◕ forfeited.
|
|win|Darkortex
|raw|GGeorgie◕‿◕'s rating: 1633 &rarr; <strong>1618</strong><br />(-15 for losing)
|raw|Darkortex's rating: 1714 &rarr; <strong>1729</strong><br />(+15 for winning)
|l|☆GGeorgie◕‿◕
||Ladder isn't responding, score probably updated but might not have (Request timeout).
|l| Rossaism
|j| Rossaism
|l| Rossaism
|l|☆Darkortex
|j|☆Darkortex
|player|p2|Darkortex|hilbert
