|j|☆AlIoutdragadarts
|j|☆VeganKaren
|t:|1664621990
|gametype|singles
|player|p1|AlIoutdragadarts|dawn|1736
|player|p2|VeganKaren|1|1676
|teamsize|p1|6
|teamsize|p2|6
|gen|8
|tier|[Gen 8] OU
|rated|
|rule|Sleep Clause Mod: Limit one foe put to sleep
|rule|Species Clause: Limit one of each Pokémon
|rule|OHKO Clause: OHKO moves are banned
|rule|Evasion Items Clause: Evasion items are banned
|rule|Evasion Moves Clause: Evasion moves are banned
|rule|Endless Battle Clause: Forcing endless battles is banned
|rule|HP Percentage Mod: HP is shown in percentages
|rule|Dynamax Clause: You cannot dynamax
|clearpoke
|poke|p1|Excadrill, M|
|poke|p1|Hippowdon, M|
|poke|p1|Toxapex, M|
|poke|p1|Clefable, F|
|poke|p1|Skarmory, M|
|poke|p1|Hydreigon, M|
|poke|p2|Corviknight, M|
|poke|p2|Slowbro, M|
|poke|p2|Umbreon, M|
|poke|p2|Urshifu-*, M|
|poke|p2|Latios, M|
|poke|p2|Garchomp, M|
|teampreview
|inactive|Battle timer is ON: inactive players will automatically lose when time's up. (requested by VeganKaren)
|
|t:|1664622001
|start
|switch|p1a: Hippowdon|Hippowdon, M, shiny|100/100
|switch|p2a: Slowbro|Slowbro, M|100/100
|-weather|Sandstorm|[from] ability: Sand Stream|[of] p1a: Hippowdon
|turn|1
|
|t:|1664622007
|switch|p1a: Toxapex|Toxapex, M, shiny|100/100
|move|p2a: Slowbro|Scald|p1a: Toxapex
|-resisted|p1a: Toxapex
|-damage|p1a: Toxapex|92/100
|
|-weather|Sandstorm|[upkeep]
|-damage|p1a: Toxapex|86/100|[from] Sandstorm
|-damage|p2a: Slowbro|94/100|[from] Sandstorm
|-heal|p1a: Toxapex|92/100|[from] item: Black Sludge
|upkeep
|turn|2
|
|t:|1664622009
|move|p1a: Toxapex|Light Screen|p1a: Toxapex
|-sidestart|p1: AlIoutdragadarts|move: Light Screen
|move|p2a: Slowbro|Scald|p1a: Toxapex
|-resisted|p1a: Toxapex
|-crit|p1a: Toxapex
|-damage|p1a: Toxapex|79/100
|
|-weather|Sandstorm|[upkeep]
|-damage|p1a: Toxapex|73/100|[from] Sandstorm
|-damage|p2a: Slowbro|88/100|[from] Sandstorm
|-heal|p1a: Toxapex|79/100|[from] item: Black Sludge
|upkeep
|turn|3
|
|t:|1664622014
|switch|p1a: Hydreigon|Hydreigon, M, shiny|100/100
|move|p2a: Slowbro|Scald|p1a: Hydreigon
|-resisted|p1a: Hydreigon
|-damage|p1a: Hydreigon|94/100
|
|-weather|Sandstorm|[upkeep]
|-damage|p1a: Hydreigon|88/100|[from] Sandstorm
|-damage|p2a: Slowbro|82/100|[from] Sandstorm
|-heal|p1a: Hydreigon|94/100|[from] item: Leftovers
|upkeep
|turn|4
|
|t:|1664622019
|switch|p2a: Umbreon|Umbreon, M|100/100
|move|p1a: Hydreigon|Dark Pulse|p2a: Umbreon
|-resisted|p2a: Umbreon
|-damage|p2a: Umbreon|90/100
|
|-weather|Sandstorm|[upkeep]
|-damage|p1a: Hydreigon|88/100|[from] Sandstorm
|-damage|p2a: Umbreon|84/100|[from] Sandstorm
|-heal|p1a: Hydreigon|94/100|[from] item: Leftovers
|-heal|p2a: Umbreon|90/100|[from] item: Leftovers
|upkeep
|turn|5
|
|t:|1664622023
|switch|p1a: Hippowdon|Hippowdon, M, shiny|100/100
|move|p2a: Umbreon|Foul Play|p1a: Hippowdon
|-damage|p1a: Hippowdon|74/100
|
|-weather|none
|-heal|p2a: Umbreon|96/100|[from] item: Leftovers
|-heal|p1a: Hippowdon|80/100|[from] item: Leftovers
|upkeep
|turn|6
|
|t:|1664622026
|switch|p2a: Slowbro|Slowbro, M|100/100
|move|p1a: Hippowdon|Stealth Rock|p2a: Slowbro
|-sidestart|p2: VeganKaren|move: Stealth Rock
|
|-heal|p1a: Hippowdon|86/100|[from] item: Leftovers
|-sideend|p1: AlIoutdragadarts|move: Light Screen
|upkeep
|turn|7
|
|t:|1664622029
|switch|p1a: Toxapex|Toxapex, M, shiny|100/100
|move|p2a: Slowbro|Scald|p1a: Toxapex
|-resisted|p1a: Toxapex
|-damage|p1a: Toxapex|92/100
|-status|p1a: Toxapex|brn
|
|-heal|p1a: Toxapex|98/100 brn|[from] item: Black Sludge
|-damage|p1a: Toxapex|92/100 brn|[from] brn
|upkeep
|turn|8
|
|t:|1664622044
|move|p1a: Toxapex|Recover|p1a: Toxapex
|-heal|p1a: Toxapex|100/100 brn
|move|p2a: Slowbro|Future Sight|p1a: Toxapex
|-start|p2a: Slowbro|move: Future Sight
|
|-damage|p1a: Toxapex|95/100 brn|[from] brn
|upkeep
|turn|9
|
|t:|1664622046
|move|p1a: Toxapex|Light Screen|p1a: Toxapex
|-sidestart|p1: AlIoutdragadarts|move: Light Screen
|move|p2a: Slowbro|Teleport|p2a: Slowbro
|
|t:|1664622049
|switch|p2a: Latios|Latios, M|100/100|[from]move: Teleport
|-damage|p2a: Latios|88/100|[from] Stealth Rock
|
|-heal|p1a: Toxapex|100/100 brn|[from] item: Black Sludge
|-damage|p1a: Toxapex|95/100 brn|[from] brn
|upkeep
|turn|10
|
|t:|1664622078
|move|p2a: Latios|Trick|p1a: Toxapex
|-activate|p2a: Latios|move: Trick|[of] p1a: Toxapex
|-item|p1a: Toxapex|Choice Scarf|[from] move: Trick
|-item|p2a: Latios|Black Sludge|[from] move: Trick
|move|p1a: Toxapex|Recover|p1a: Toxapex
|-heal|p1a: Toxapex|100/100 brn
|
|-end|p1a: Toxapex|move: Future Sight
|-supereffective|p1a: Toxapex
|-damage|p1a: Toxapex|72/100 brn
|-damage|p2a: Latios|76/100|[from] item: Black Sludge
|-damage|p1a: Toxapex|66/100 brn|[from] brn
|upkeep
|turn|11
|j| Palladiawa A
|inactive|AlIoutdragadarts has 120 seconds left.
|j| Kyurem
|
|t:|1664622110
|move|p2a: Latios|Ice Beam|p1a: Toxapex
|-resisted|p1a: Toxapex
|-damage|p1a: Toxapex|61/100 brn
|move|p1a: Toxapex|Recover|p1a: Toxapex
|-heal|p1a: Toxapex|100/100 brn
|
|-damage|p2a: Latios|64/100|[from] item: Black Sludge
|-damage|p1a: Toxapex|95/100 brn|[from] brn
|upkeep
|turn|12
|
|t:|1664622114
|switch|p2a: Slowbro|Slowbro, M|100/100
|move|p1a: Toxapex|Recover|p1a: Toxapex
|-heal|p1a: Toxapex|100/100 brn
|
|-damage|p1a: Toxapex|95/100 brn|[from] brn
|upkeep
|turn|13
|
|t:|1664622118
|switch|p1a: Hydreigon|Hydreigon, M, shiny|94/100
|move|p2a: Slowbro|Future Sight|p1a: Hydreigon
|-start|p2a: Slowbro|move: Future Sight
|
|-heal|p1a: Hydreigon|99/100|[from] item: Leftovers
|-sideend|p1: AlIoutdragadarts|move: Light Screen
|upkeep
|turn|14
|
|t:|1664622124
|move|p1a: Hydreigon|Dark Pulse|p2a: Slowbro
|-supereffective|p2a: Slowbro
|-damage|p2a: Slowbro|19/100
|move|p2a: Slowbro|Teleport|p2a: Slowbro
|j| NDHB
|
|t:|1664622128
|switch|p2a: Urshifu|Urshifu-Rapid-Strike, M|100/100|[from]move: Teleport
|-damage|p2a: Urshifu|94/100|[from] Stealth Rock
|
|-heal|p1a: Hydreigon|100/100|[from] item: Leftovers
|upkeep
|turn|15
|
|t:|1664622143
|move|p1a: Hydreigon|Dark Pulse|p2a: Urshifu
|-resisted|p2a: Urshifu
|-damage|p2a: Urshifu|64/100
|move|p2a: Urshifu|Close Combat|p1a: Hydreigon
|-supereffective|p1a: Hydreigon
|-damage|p1a: Hydreigon|0 fnt
|-unboost|p2a: Urshifu|def|1
|-unboost|p2a: Urshifu|spd|1
|faint|p1a: Hydreigon
|
|-hint|Future Sight did not hit because the target is fainted.
|upkeep
|
|t:|1664622149
|switch|p1a: Clefable|Clefable, F, shiny|100/100
|turn|16
|
|t:|1664622155
|switch|p2a: Corviknight|Corviknight, M|100/100
|-damage|p2a: Corviknight|88/100|[from] Stealth Rock
|-ability|p2a: Corviknight|Pressure
|move|p1a: Clefable|Calm Mind|p1a: Clefable
|-boost|p1a: Clefable|spa|1
|-boost|p1a: Clefable|spd|1
|
|upkeep
|turn|17
|
|t:|1664622164
|move|p2a: Corviknight|Defog|p1a: Clefable
|-unboost|p1a: Clefable|evasion|1
|-sideend|p2: VeganKaren|Stealth Rock|[from] move: Defog|[of] p2a: Corviknight
|move|p1a: Clefable|Thunder|p2a: Corviknight|[miss]
|-miss|p1a: Clefable|p2a: Corviknight
|
|upkeep
|turn|18
|
|t:|1664622168
|move|p2a: Corviknight|U-turn|p1a: Clefable
|-resisted|p1a: Clefable
|-damage|p1a: Clefable|94/100
|
|t:|1664622170
|switch|p2a: Garchomp|Garchomp, M|100/100|[from]move: U-turn
|move|p1a: Clefable|Calm Mind|p1a: Clefable
|-boost|p1a: Clefable|spa|1
|-boost|p1a: Clefable|spd|1
|
|upkeep
|turn|19
|
|t:|1664622173
|move|p2a: Garchomp|Earthquake|p1a: Clefable
|-damage|p1a: Clefable|52/100
|move|p1a: Clefable|Moonblast|p2a: Garchomp
|-supereffective|p2a: Garchomp
|-damage|p2a: Garchomp|0 fnt
|faint|p2a: Garchomp
|
|upkeep
|
|t:|1664622176
|switch|p2a: Urshifu|Urshifu-Rapid-Strike, M|64/100
|turn|20
|
|t:|1664622179
|switch|p1a: Toxapex|Toxapex, M, shiny|100/100 brn
|move|p2a: Urshifu|Surging Strikes|p1a: Toxapex
|-resisted|p1a: Toxapex
|-crit|p1a: Toxapex
|-damage|p1a: Toxapex|88/100 brn
|-resisted|p1a: Toxapex
|-crit|p1a: Toxapex
|-damage|p1a: Toxapex|76/100 brn
|-resisted|p1a: Toxapex
|-crit|p1a: Toxapex
|-damage|p1a: Toxapex|65/100 brn
|-hitcount|p1a: Toxapex|3
|
|-damage|p1a: Toxapex|59/100 brn|[from] brn
|upkeep
|turn|21
|
|t:|1664622184
|switch|p2a: Slowbro|Slowbro, M|52/100
|move|p1a: Toxapex|Scald|p2a: Slowbro
|-resisted|p2a: Slowbro
|-damage|p2a: Slowbro|44/100
|
|-damage|p1a: Toxapex|53/100 brn|[from] brn
|upkeep
|turn|22
|
|t:|1664622197
|switch|p1a: Skarmory|Skarmory, M, shiny|100/100
|move|p2a: Slowbro|Teleport|p2a: Slowbro
|
|t:|1664622200
|switch|p2a: Latios|Latios, M|64/100|[from]move: Teleport
|
|-damage|p2a: Latios|51/100|[from] item: Black Sludge
|upkeep
|turn|23
|
|t:|1664622214
|switch|p1a: Toxapex|Toxapex, M, shiny|86/100 brn
|move|p2a: Latios|Psychic|p1a: Toxapex
|-supereffective|p1a: Toxapex
|-damage|p1a: Toxapex|26/100 brn
|
|-damage|p2a: Latios|39/100|[from] item: Black Sludge
|-damage|p1a: Toxapex|20/100 brn|[from] brn
|upkeep
|turn|24
|
|t:|1664622222
|switch|p1a: Excadrill|Excadrill, M, shiny|100/100
|move|p2a: Latios|Psychic|p1a: Excadrill
|-resisted|p1a: Excadrill
|-damage|p1a: Excadrill|68/100
|
|-damage|p2a: Latios|27/100|[from] item: Black Sludge
|-heal|p1a: Excadrill|74/100|[from] item: Leftovers
|upkeep
|turn|25
|
|t:|1664622227
|move|p2a: Latios|Psychic|p1a: Excadrill
|-resisted|p1a: Excadrill
|-damage|p1a: Excadrill|45/100
|move|p1a: Excadrill|Iron Head|p2a: Latios
|-damage|p2a: Latios|0 fnt
|faint|p2a: Latios
|
|-heal|p1a: Excadrill|51/100|[from] item: Leftovers
|upkeep
|
|t:|1664622234
|switch|p2a: Urshifu|Urshifu-Rapid-Strike, M|64/100
|turn|26
|
|t:|1664622242
|switch|p1a: Toxapex|Toxapex, M, shiny|53/100 brn
|move|p2a: Urshifu|Surging Strikes|p1a: Toxapex
|-resisted|p1a: Toxapex
|-crit|p1a: Toxapex
|-damage|p1a: Toxapex|42/100 brn
|-resisted|p1a: Toxapex
|-crit|p1a: Toxapex
|-damage|p1a: Toxapex|29/100 brn
|-resisted|p1a: Toxapex
|-crit|p1a: Toxapex
|-damage|p1a: Toxapex|18/100 brn
|-hitcount|p1a: Toxapex|3
|
|-damage|p1a: Toxapex|12/100 brn|[from] brn
|upkeep
|turn|27
|
|t:|1664622244
|switch|p1a: Skarmory|Skarmory, M, shiny|100/100
|move|p2a: Urshifu|Surging Strikes|p1a: Skarmory
|-crit|p1a: Skarmory
|-damage|p1a: Skarmory|83/100
|-damage|p2a: Urshifu|47/100|[from] item: Rocky Helmet|[of] p1a: Skarmory
|-crit|p1a: Skarmory
|-damage|p1a: Skarmory|64/100
|-damage|p2a: Urshifu|31/100|[from] item: Rocky Helmet|[of] p1a: Skarmory
|-crit|p1a: Skarmory
|-damage|p1a: Skarmory|47/100
|-damage|p2a: Urshifu|15/100|[from] item: Rocky Helmet|[of] p1a: Skarmory
|-hitcount|p1a: Skarmory|3
|
|upkeep
|turn|28
|
|t:|1664622251
|switch|p2a: Slowbro|Slowbro, M|78/100
|move|p1a: Skarmory|Spikes|p2a: Slowbro
|-sidestart|p2: VeganKaren|Spikes
|
|upkeep
|turn|29
|
|t:|1664622263
|move|p1a: Skarmory|Spikes|p2a: Slowbro
|-sidestart|p2: VeganKaren|Spikes
|move|p2a: Slowbro|Scald|p1a: Skarmory
|-damage|p1a: Skarmory|7/100
|
|upkeep
|turn|30
|j| darkcloud1986
|
|t:|1664622271
|move|p1a: Skarmory|Roost|p1a: Skarmory
|-heal|p1a: Skarmory|57/100
|-singleturn|p1a: Skarmory|move: Roost
|move|p2a: Slowbro|Scald|p1a: Skarmory
|-damage|p1a: Skarmory|22/100
|-status|p1a: Skarmory|brn
|
|-damage|p1a: Skarmory|16/100 brn|[from] brn
|upkeep
|turn|31
|
|t:|1664622274
|move|p1a: Skarmory|Roost|p1a: Skarmory
|-heal|p1a: Skarmory|66/100 brn
|-singleturn|p1a: Skarmory|move: Roost
|move|p2a: Slowbro|Future Sight|p1a: Skarmory
|-start|p2a: Slowbro|move: Future Sight
|
|-damage|p1a: Skarmory|60/100 brn|[from] brn
|upkeep
|turn|32
|
|t:|1664622275
|move|p1a: Skarmory|Roost|p1a: Skarmory
|-heal|p1a: Skarmory|100/100 brn
|-singleturn|p1a: Skarmory|move: Roost
|move|p2a: Slowbro|Teleport|p2a: Slowbro
|
|t:|1664622277
|switch|p2a: Corviknight|Corviknight, M|88/100|[from]move: Teleport
|-ability|p2a: Corviknight|Pressure
|
|-damage|p1a: Skarmory|95/100 brn|[from] brn
|upkeep
|turn|33
|
|t:|1664622281
|move|p1a: Skarmory|Iron Defense|p1a: Skarmory
|-boost|p1a: Skarmory|def|2
|move|p2a: Corviknight|Defog|p1a: Skarmory
|-unboost|p1a: Skarmory|evasion|1
|-sideend|p2: VeganKaren|Spikes|[from] move: Defog|[of] p2a: Corviknight
|
|-end|p1a: Skarmory|move: Future Sight
|-resisted|p1a: Skarmory
|-damage|p1a: Skarmory|67/100 brn
|-damage|p1a: Skarmory|61/100 brn|[from] brn
|upkeep
|turn|34
|
|t:|1664622285
|move|p1a: Skarmory|Roost|p1a: Skarmory
|-heal|p1a: Skarmory|100/100 brn
|-singleturn|p1a: Skarmory|move: Roost
|move|p2a: Corviknight|U-turn|p1a: Skarmory
|-resisted|p1a: Skarmory
|-damage|p1a: Skarmory|98/100 brn
|-damage|p2a: Corviknight|72/100|[from] item: Rocky Helmet|[of] p1a: Skarmory
|
|t:|1664622287
|switch|p2a: Slowbro|Slowbro, M|100/100|[from]move: U-turn
|
|-damage|p1a: Skarmory|92/100 brn|[from] brn
|upkeep
|turn|35
|
|t:|1664622302
|move|p1a: Skarmory|Spikes|p2a: Slowbro
|-sidestart|p2: VeganKaren|Spikes
|move|p2a: Slowbro|Future Sight|p1a: Skarmory
|-start|p2a: Slowbro|move: Future Sight
|
|-damage|p1a: Skarmory|86/100 brn|[from] brn
|upkeep
|turn|36
|
|t:|1664622306
|switch|p1a: Clefable|Clefable, F, shiny|52/100
|move|p2a: Slowbro|Scald|p1a: Clefable
|-damage|p1a: Clefable|28/100
|
|upkeep
|turn|37
|
|t:|1664622310
|move|p1a: Clefable|Soft-Boiled|p1a: Clefable
|-heal|p1a: Clefable|78/100
|move|p2a: Slowbro|Scald|p1a: Clefable
|-damage|p1a: Clefable|53/100
|
|-end|p1a: Clefable|move: Future Sight
|-damage|p1a: Clefable|11/100
|upkeep
|turn|38
|
|t:|1664622317
|move|p1a: Clefable|Soft-Boiled|p1a: Clefable
|-heal|p1a: Clefable|61/100
|move|p2a: Slowbro|Future Sight|p1a: Clefable
|-start|p2a: Slowbro|move: Future Sight
|
|upkeep
|turn|39
|
|t:|1664622329
|move|p1a: Clefable|Soft-Boiled|p1a: Clefable
|-heal|p1a: Clefable|100/100
|move|p2a: Slowbro|Scald|p1a: Clefable
|-damage|p1a: Clefable|73/100
|
|upkeep
|turn|40
|
|t:|1664622332
|move|p1a: Clefable|Calm Mind|p1a: Clefable
|-boost|p1a: Clefable|spa|1
|-boost|p1a: Clefable|spd|1
|move|p2a: Slowbro|Scald|p1a: Clefable
|-damage|p1a: Clefable|56/100
|-status|p1a: Clefable|brn
|
|-end|p1a: Clefable|move: Future Sight
|-damage|p1a: Clefable|30/100 brn
|upkeep
|turn|41
|-message|VeganKaren forfeited.
|
|win|AlIoutdragadarts
|raw|AlIoutdragadarts's rating: 1717 &rarr; <strong>1735</strong><br />(+18 for winning)
|raw|VeganKaren's rating: 1676 &rarr; <strong>1658</strong><br />(-18 for losing)
|l|☆VeganKaren
|l|☆AlIoutdragadarts
|l| darkcloud1986
