|html|<div class="broadcast-blue"><strong>[Gen 8] OU is currently suspecting Melmetal! For information on how to participate check out the <a href="https://www.smogon.com/forums/threads/np-ss-ou-suspect-process-round-12-monster-mash.3709234/">suspect thread</a>.</strong></div>
|j|☆shnhg
|j|☆Amane Misa
|t:|1666517329
|gametype|singles
|player|p1|shnhg|1|1659
|player|p2|Amane Misa|#amanemisa|1705
|teamsize|p1|6
|teamsize|p2|6
|gen|8
|tier|[Gen 8] OU
|rated|
|rule|Sleep Clause Mod: Limit one foe put to sleep
|rule|Species Clause: Limit one of each Pokémon
|rule|OHKO Clause: OHKO moves are banned
|rule|Evasion Items Clause: Evasion items are banned
|rule|Evasion Moves Clause: Evasion moves are banned
|rule|Endless Battle Clause: Forcing endless battles is banned
|rule|HP Percentage Mod: HP is shown in percentages
|rule|Dynamax Clause: You cannot dynamax
|clearpoke
|poke|p1|Ninetales-Alola, M|
|poke|p1|Dragapult, M|
|poke|p1|Tapu Fini|
|poke|p1|Landorus-Therian, M|
|poke|p1|Kartana|
|poke|p1|Heatran, M|
|poke|p2|Volcanion|
|poke|p2|Weavile, F|
|poke|p2|Clefable, F|
|poke|p2|Ferrothorn, M|
|poke|p2|Zapdos|
|poke|p2|Landorus-Therian, M|
|teampreview
|
|t:|1666517336
|start
|switch|p1a: 谁还不会飞|Heatran, M|100/100
|switch|p2a: Clefable|Clefable, F|100/100
|-item|p1a: 谁还不会飞|Air Balloon
|turn|1
|
|t:|1666517344
|move|p1a: 谁还不会飞|Eruption|p2a: Clefable
|-damage|p2a: Clefable|30/100
|move|p2a: Clefable|Thunder Wave|p1a: 谁还不会飞
|-status|p1a: 谁还不会飞|par
|
|-heal|p2a: Clefable|37/100|[from] item: Leftovers
|upkeep
|turn|2
|
|t:|1666517348
|move|p2a: Clefable|Soft-Boiled|p2a: Clefable
|-heal|p2a: Clefable|87/100
|move|p1a: 谁还不会飞|Eruption|p2a: Clefable
|-damage|p2a: Clefable|22/100
|
|-heal|p2a: Clefable|28/100|[from] item: Leftovers
|upkeep
|turn|3
|j| CemaZ
|j| Flaggx
|
|t:|1666517356
|move|p2a: Clefable|Soft-Boiled|p2a: Clefable
|-heal|p2a: Clefable|78/100
|move|p1a: 谁还不会飞|Magma Storm|p2a: Clefable
|-damage|p2a: Clefable|30/100
|-activate|p2a: Clefable|move: Magma Storm|[of] p1a: 谁还不会飞
|
|-heal|p2a: Clefable|36/100|[from] item: Leftovers
|upkeep
|turn|4
|
|t:|1666517366
|move|p2a: Clefable|Soft-Boiled|p2a: Clefable
|-heal|p2a: Clefable|86/100
|move|p1a: 谁还不会飞|Eruption|p2a: Clefable
|-damage|p2a: Clefable|12/100
|
|-heal|p2a: Clefable|18/100|[from] item: Leftovers
|upkeep
|turn|5
|
|t:|1666517376
|move|p2a: Clefable|Stealth Rock|p1a: 谁还不会飞
|-sidestart|p1: shnhg|move: Stealth Rock
|move|p1a: 谁还不会飞|Eruption|p2a: Clefable
|-damage|p2a: Clefable|0 fnt
|faint|p2a: Clefable
|
|upkeep
|
|t:|1666517382
|switch|p2a: Landorus|Landorus-Therian, M|100/100
|-ability|p2a: Landorus|Intimidate|boost
|-unboost|p1a: 谁还不会飞|atk|1
|turn|6
|
|t:|1666517388
|move|p2a: Landorus|Substitute|p2a: Landorus
|-start|p2a: Landorus|Substitute
|-damage|p2a: Landorus|76/100
|move|p1a: 谁还不会飞|Eruption|p2a: Landorus
|-end|p2a: Landorus|Substitute
|
|-heal|p2a: Landorus|82/100|[from] item: Leftovers
|upkeep
|turn|7
|
|t:|1666517398
|move|p2a: Landorus|Substitute|p2a: Landorus
|-start|p2a: Landorus|Substitute
|-damage|p2a: Landorus|57/100
|move|p1a: 谁还不会飞|Eruption|p2a: Landorus
|-end|p2a: Landorus|Substitute
|
|-heal|p2a: Landorus|63/100|[from] item: Leftovers
|upkeep
|turn|8
|
|t:|1666517407
|move|p2a: Landorus|Substitute|p2a: Landorus
|-start|p2a: Landorus|Substitute
|-damage|p2a: Landorus|38/100
|move|p1a: 谁还不会飞|Eruption|p2a: Landorus
|-end|p2a: Landorus|Substitute
|
|-heal|p2a: Landorus|44/100|[from] item: Leftovers
|upkeep
|turn|9
|
|t:|1666517417
|move|p2a: Landorus|Substitute|p2a: Landorus
|-start|p2a: Landorus|Substitute
|-damage|p2a: Landorus|19/100
|move|p1a: 谁还不会飞|Magma Storm|p2a: Landorus
|-end|p2a: Landorus|Substitute
|
|-heal|p2a: Landorus|25/100|[from] item: Leftovers
|upkeep
|turn|10
|c|☆Amane Misa|are you ever gonna get parad?
|
|t:|1666517426
|move|p2a: Landorus|Substitute|p2a: Landorus
|-fail|p2a: Landorus|move: Substitute|[weak]
|cant|p1a: 谁还不会飞|par
|
|-heal|p2a: Landorus|31/100|[from] item: Leftovers
|upkeep
|turn|11
|
|t:|1666517433
|move|p2a: Landorus|Substitute|p2a: Landorus
|-start|p2a: Landorus|Substitute
|-damage|p2a: Landorus|6/100
|move|p1a: 谁还不会飞|Magma Storm|p2a: Landorus
|-end|p2a: Landorus|Substitute
|
|-heal|p2a: Landorus|12/100|[from] item: Leftovers
|upkeep
|turn|12
|
|t:|1666517442
|move|p2a: Landorus|Stone Edge|p1a: 谁还不会飞
|-damage|p1a: 谁还不会飞|65/100 par
|-enditem|p1a: 谁还不会飞|Air Balloon
|move|p1a: 谁还不会飞|Magma Storm|p2a: Landorus
|-damage|p2a: Landorus|0 fnt
|faint|p2a: Landorus
|
|upkeep
|
|t:|1666517444
|switch|p2a: Volcanion|Volcanion|100/100
|turn|13
|
|t:|1666517457
|move|p2a: Volcanion|Sludge Wave|p1a: 谁还不会飞
|-immune|p1a: 谁还不会飞
|move|p1a: 谁还不会飞|Earth Power|p2a: Volcanion
|-supereffective|p2a: Volcanion
|-damage|p2a: Volcanion|21/100
|
|upkeep
|turn|14
|-message|Amane Misa forfeited.
|
|win|shnhg
|raw|shnhg's rating: 1659 &rarr; <strong>1680</strong><br />(+21 for winning)
|raw|Amane Misa's rating: 1675 &rarr; <strong>1654</strong><br />(-21 for losing)
|l|☆Amane Misa
