|j|☆grasssoul
|j|☆Dr John Jasper
|t:|1668051209
|gametype|singles
|player|p1|grasssoul|170|1681
|player|p2|Dr John Jasper|gambler|1651
|teamsize|p1|6
|teamsize|p2|6
|gen|8
|tier|[Gen 8] OU
|rated|
|rule|Sleep Clause Mod: Limit one foe put to sleep
|rule|Species Clause: Limit one of each Pokémon
|rule|OHKO Clause: OHKO moves are banned
|rule|Evasion Items Clause: Evasion items are banned
|rule|Evasion Moves Clause: Evasion moves are banned
|rule|Endless Battle Clause: Forcing endless battles is banned
|rule|HP Percentage Mod: HP is shown in percentages
|rule|Dynamax Clause: You cannot dynamax
|clearpoke
|poke|p1|Heatran, M|
|poke|p1|Slowking-Galar, M|
|poke|p1|Tapu Lele|
|poke|p1|Landorus-Therian, M|
|poke|p1|Dragapult, F|
|poke|p1|Zapdos|
|poke|p2|Gengar, M|
|poke|p2|Landorus-Therian, M|
|poke|p2|Buzzwole|
|poke|p2|Ferrothorn, M|
|poke|p2|Mew|
|poke|p2|Weavile, M|
|teampreview
|
|t:|1668051224
|start
|switch|p1a: Dragapult|Dragapult, F|100/100
|switch|p2a: Mew|Mew|100/100
|turn|1
|inactive|Battle timer is ON: inactive players will automatically lose when time's up. (requested by grasssoul)
|
|t:|1668051229
|move|p2a: Mew|Ice Beam|p1a: Dragapult
|-supereffective|p1a: Dragapult
|-damage|p1a: Dragapult|25/100
|move|p1a: Dragapult|U-turn|p2a: Mew
|-supereffective|p2a: Mew
|-crit|p2a: Mew
|-damage|p2a: Mew|0 fnt
|faint|p2a: Mew
|
|t:|1668051247
|switch|p1a: Heatran|Heatran, M|100/100|[from]move: U-turn
|
|upkeep
|
|t:|1668051254
|switch|p2a: Landorus|Landorus-Therian, M|100/100
|-ability|p2a: Landorus|Intimidate|boost
|-unboost|p1a: Heatran|atk|1
|turn|2
|
|t:|1668051259
|switch|p1a: Landorus|Landorus-Therian, M|100/100
|-ability|p1a: Landorus|Intimidate|boost
|-unboost|p2a: Landorus|atk|1
|move|p2a: Landorus|Earthquake|p1a: Landorus
|-immune|p1a: Landorus
|
|upkeep
|turn|3
|
|t:|1668051263
|move|p1a: Landorus|Knock Off|p2a: Landorus
|-damage|p2a: Landorus|68/100
|-enditem|p2a: Landorus|Leftovers|[from] move: Knock Off|[of] p1a: Landorus
|move|p2a: Landorus|Toxic|p1a: Landorus
|-status|p1a: Landorus|tox
|
|-damage|p1a: Landorus|94/100 tox|[from] psn
|upkeep
|turn|4
|
|t:|1668051268
|move|p2a: Landorus|U-turn|p1a: Landorus
|-resisted|p1a: Landorus
|-damage|p1a: Landorus|89/100 tox
|
|t:|1668051283
|switch|p2a: Ferrothorn|Ferrothorn, M|100/100|[from]move: U-turn
|move|p1a: Landorus|Stealth Rock|p2a: Ferrothorn
|-sidestart|p2: Dr John Jasper|move: Stealth Rock
|
|-heal|p1a: Landorus|95/100 tox|[from] item: Leftovers
|-damage|p1a: Landorus|83/100 tox|[from] psn
|upkeep
|turn|5
|
|t:|1668051289
|switch|p1a: Heatran|Heatran, M|100/100
|move|p2a: Ferrothorn|Stealth Rock|p1a: Heatran
|-sidestart|p1: grasssoul|move: Stealth Rock
|
|upkeep
|turn|6
|
|t:|1668051302
|switch|p2a: Landorus|Landorus-Therian, M|68/100
|-damage|p2a: Landorus|56/100|[from] Stealth Rock
|-ability|p2a: Landorus|Intimidate|boost
|-unboost|p1a: Heatran|atk|1
|move|p1a: Heatran|Magma Storm|p2a: Landorus|[miss]
|-miss|p1a: Heatran|p2a: Landorus
|
|upkeep
|turn|7
|j| emo705
|
|t:|1668051310
|switch|p1a: Zapdos|Zapdos|100/100
|move|p2a: Landorus|Defog|p1a: Zapdos
|-unboost|p1a: Zapdos|evasion|1
|-sideend|p1: grasssoul|Stealth Rock|[from] move: Defog|[of] p2a: Landorus
|-sideend|p2: Dr John Jasper|Stealth Rock|[from] move: Defog|[of] p2a: Landorus
|
|upkeep
|turn|8
|
|t:|1668051319
|switch|p1a: Landorus|Landorus-Therian, M|83/100 tox
|-ability|p1a: Landorus|Intimidate|boost
|-unboost|p2a: Landorus|atk|1
|move|p2a: Landorus|Toxic|p1a: Landorus
|-fail|p1a: Landorus|tox
|
|-heal|p1a: Landorus|89/100 tox|[from] item: Leftovers
|-damage|p1a: Landorus|83/100 tox|[from] psn
|upkeep
|turn|9
|
|t:|1668051323
|move|p2a: Landorus|U-turn|p1a: Landorus
|-resisted|p1a: Landorus
|-damage|p1a: Landorus|77/100 tox
|
|t:|1668051326
|switch|p2a: Buzzwole|Buzzwole|100/100|[from]move: U-turn
|move|p1a: Landorus|U-turn|p2a: Buzzwole
|-resisted|p2a: Buzzwole
|-damage|p2a: Buzzwole|94/100
|-damage|p1a: Landorus|60/100 tox|[from] item: Rocky Helmet|[of] p2a: Buzzwole
|
|t:|1668051331
|switch|p1a: Zapdos|Zapdos|100/100|[from]move: U-turn
|
|upkeep
|turn|10
|
|t:|1668051342
|switch|p2a: Ferrothorn|Ferrothorn, M|100/100
|move|p1a: Zapdos|Volt Switch|p2a: Ferrothorn
|-resisted|p2a: Ferrothorn
|-damage|p2a: Ferrothorn|90/100
|
|t:|1668051346
|switch|p1a: Heatran|Heatran, M|100/100|[from]move: Volt Switch
|
|-heal|p2a: Ferrothorn|97/100|[from] item: Leftovers
|upkeep
|turn|11
|
|t:|1668051351
|switch|p2a: Landorus|Landorus-Therian, M|56/100
|-ability|p2a: Landorus|Intimidate|boost
|-unboost|p1a: Heatran|atk|1
|move|p1a: Heatran|Magma Storm|p2a: Landorus
|-damage|p2a: Landorus|24/100
|-activate|p2a: Landorus|move: Magma Storm|[of] p1a: Heatran
|
|-damage|p2a: Landorus|12/100|[from] move: Magma Storm|[partiallytrapped]
|upkeep
|turn|12
|
|t:|1668051358
|move|p1a: Heatran|Protect|p1a: Heatran
|-singleturn|p1a: Heatran|Protect
|move|p2a: Landorus|Earthquake|p1a: Heatran
|-activate|p1a: Heatran|move: Protect
|
|-damage|p2a: Landorus|0 fnt|[from] move: Magma Storm|[partiallytrapped]
|faint|p2a: Landorus
|upkeep
|
|t:|1668051372
|switch|p2a: Gengar|Gengar, M|100/100
|turn|13
|j| Ultramanball1
|
|t:|1668051378
|move|p2a: Gengar|Nasty Plot|p2a: Gengar
|-boost|p2a: Gengar|spa|2
|move|p1a: Heatran|Earth Power|p2a: Gengar
|-supereffective|p2a: Gengar
|-damage|p2a: Gengar|17/100
|
|upkeep
|turn|14
|j| BabyPigsAreLaughin
|
|t:|1668051406
|move|p2a: Gengar|Focus Blast|p1a: Heatran
|-supereffective|p1a: Heatran
|-damage|p1a: Heatran|0 fnt
|faint|p1a: Heatran
|
|upkeep
|
|t:|1668051409
|switch|p1a: Dragapult|Dragapult, F|25/100
|turn|15
|
|t:|1668051416
|switch|p2a: Ferrothorn|Ferrothorn, M|97/100
|move|p1a: Dragapult|Dragon Darts|p2a: Ferrothorn
|-resisted|p2a: Ferrothorn
|-damage|p2a: Ferrothorn|85/100
|-anim|p1a: Dragapult|Dragon Darts|p2a: Ferrothorn
|-resisted|p2a: Ferrothorn
|-damage|p2a: Ferrothorn|73/100
|
|-heal|p2a: Ferrothorn|79/100|[from] item: Leftovers
|upkeep
|turn|16
|
|t:|1668051425
|switch|p1a: Zapdos|Zapdos|100/100
|move|p2a: Ferrothorn|Leech Seed|p1a: Zapdos
|-start|p1a: Zapdos|move: Leech Seed
|
|-heal|p2a: Ferrothorn|85/100|[from] item: Leftovers
|-damage|p1a: Zapdos|88/100|[from] Leech Seed|[of] p2a: Ferrothorn
|-heal|p2a: Ferrothorn|99/100|[silent]
|upkeep
|turn|17
|j| BoomyShaker
|
|t:|1668051431
|move|p1a: Zapdos|Heat Wave|p2a: Ferrothorn
|-supereffective|p2a: Ferrothorn
|-damage|p2a: Ferrothorn|29/100
|move|p2a: Ferrothorn|Stealth Rock|p1a: Zapdos
|-sidestart|p1: grasssoul|move: Stealth Rock
|
|-heal|p2a: Ferrothorn|35/100|[from] item: Leftovers
|-damage|p1a: Zapdos|76/100|[from] Leech Seed|[of] p2a: Ferrothorn
|-heal|p2a: Ferrothorn|49/100|[silent]
|upkeep
|turn|18
|l| BoomyShaker
|
|t:|1668051445
|move|p1a: Zapdos|Defog|p2a: Ferrothorn
|-unboost|p2a: Ferrothorn|evasion|1
|-sideend|p1: grasssoul|Stealth Rock|[from] move: Defog|[of] p1a: Zapdos
|move|p2a: Ferrothorn|Knock Off|p1a: Zapdos
|-damage|p1a: Zapdos|61/100
|-enditem|p1a: Zapdos|Heavy-Duty Boots|[from] move: Knock Off|[of] p2a: Ferrothorn
|
|-heal|p2a: Ferrothorn|55/100|[from] item: Leftovers
|-damage|p1a: Zapdos|49/100|[from] Leech Seed|[of] p2a: Ferrothorn
|-heal|p2a: Ferrothorn|68/100|[silent]
|upkeep
|turn|19
|c| BabyPigsAreLaughin|Those fire type weaknesses, though.
|
|t:|1668051450
|move|p1a: Zapdos|Heat Wave|p2a: Ferrothorn
|-supereffective|p2a: Ferrothorn
|-damage|p2a: Ferrothorn|0 fnt
|faint|p2a: Ferrothorn
|
|upkeep
|c|☆Dr John Jasper|yeah I realise I may need to make some changes
|inactive|Dr John Jasper has 120 seconds left.
|c| BabyPigsAreLaughin|Yeah, you have no fire resists.
|c|☆Dr John Jasper|this is a fairly new team
|
|t:|1668051484
|switch|p2a: Weavile|Weavile, M|100/100
|-ability|p2a: Weavile|Pressure
|turn|20
|c|☆Dr John Jasper|that's my excuse lol
|
|t:|1668051498
|switch|p1a: Slowking|Slowking-Galar, M|100/100
|move|p2a: Weavile|Swords Dance|p2a: Weavile
|-boost|p2a: Weavile|atk|2
|
|upkeep
|turn|21
|
|t:|1668051502
|move|p2a: Weavile|Knock Off|p1a: Slowking
|-supereffective|p1a: Slowking
|-damage|p1a: Slowking|0 fnt
|-enditem|p1a: Slowking|Assault Vest|[from] move: Knock Off|[of] p2a: Weavile
|faint|p1a: Slowking
|-damage|p2a: Weavile|91/100|[from] item: Life Orb
|
|upkeep
|
|t:|1668051507
|switch|p1a: Tapu Lele|Tapu Lele|100/100
|-fieldstart|move: Psychic Terrain|[from] ability: Psychic Surge|[of] p1a: Tapu Lele
|turn|22
|
|t:|1668051510
|move|p1a: Tapu Lele|Moonblast|p2a: Weavile
|-supereffective|p2a: Weavile
|-damage|p2a: Weavile|0 fnt
|faint|p2a: Weavile
|
|upkeep
|c|☆Dr John Jasper|ggwp
|-message|Dr John Jasper forfeited.
|
|win|grasssoul
|raw|grasssoul's rating: 1681 &rarr; <strong>1699</strong><br />(+18 for winning)
|raw|Dr John Jasper's rating: 1651 &rarr; <strong>1633</strong><br />(-18 for losing)
|l|☆Dr John Jasper
||Ladder isn't responding, score probably updated but might not have (Request timeout).
