|j|☆Real_DuaLipa
|j|☆gaenisalbino
|t:|1658642033
|gametype|singles
|player|p1|Real_DuaLipa|lass-gen6|1586
|player|p2|gaenisalbino|102|1640
|teamsize|p1|6
|teamsize|p2|6
|gen|8
|tier|[Gen 8] OU
|rated|
|rule|Sleep Clause Mod: Limit one foe put to sleep
|rule|Species Clause: Limit one of each Pokémon
|rule|OHKO Clause: OHKO moves are banned
|rule|Evasion Moves Clause: Evasion moves are banned
|rule|Endless Battle Clause: Forcing endless battles is banned
|rule|HP Percentage Mod: HP is shown in percentages
|rule|Dynamax Clause: You cannot dynamax
|clearpoke
|poke|p1|Zapdos|
|poke|p1|Tyranitar, F|
|poke|p1|Landorus-Therian, M|
|poke|p1|Excadrill, F|
|poke|p1|Clefable, F|
|poke|p1|Ferrothorn, M|
|poke|p2|Volcarona, F|
|poke|p2|Clefable, M|
|poke|p2|Dragonite, F|
|poke|p2|Ferrothorn, F|
|poke|p2|Landorus-Therian, M|
|poke|p2|Zeraora|
|teampreview
|j| agentkeval01
|inactive|Battle timer is ON: inactive players will automatically lose when time's up. (requested by Real_DuaLipa)
|j| Mimikyu Stardust
|
|t:|1658642061
|start
|switch|p1a: Landorus|Landorus-Therian, M|100/100
|switch|p2a: Landorus|Landorus-Therian, M|100/100
|-ability|p1a: Landorus|Intimidate|boost
|-unboost|p2a: Landorus|atk|1
|-ability|p2a: Landorus|Intimidate|boost
|-unboost|p1a: Landorus|atk|1
|turn|1
|
|t:|1658642068
|switch|p2a: Ferrothorn|Ferrothorn, F|100/100
|move|p1a: Landorus|U-turn|p2a: Ferrothorn
|-damage|p2a: Ferrothorn|89/100
|-damage|p1a: Landorus|88/100|[from] ability: Iron Barbs|[of] p2a: Ferrothorn
|j| Uglymaike
|
|t:|1658642072
|switch|p1a: Zapdos|Zapdos|100/100|[from]move: U-turn
|
|-heal|p2a: Ferrothorn|96/100|[from] item: Leftovers
|upkeep
|turn|2
|inactive|gaenisalbino has 120 seconds left.
|l| Mimikyu Stardust
|inactive|gaenisalbino has 90 seconds left.
|
|t:|1658642147
|switch|p2a: John Cena|Clefable, M|100/100
|move|p1a: Zapdos|Hurricane|p2a: John Cena|[miss]
|-miss|p1a: Zapdos|p2a: John Cena
|
|upkeep
|turn|3
|inactive|Real_DuaLipa has 120 seconds left.
|
|t:|1658642186
|switch|p1a: Clefable|Clefable, F|100/100
|move|p2a: John Cena|Moonblast|p1a: Clefable
|-damage|p1a: Clefable|71/100
|
|upkeep
|turn|4
|inactive|gaenisalbino has 90 seconds left.
|l| Uglymaike
|inactive|gaenisalbino has 60 seconds left.
|
|t:|1658642224
|move|p1a: Clefable|Calm Mind|p1a: Clefable
|-boost|p1a: Clefable|spa|1
|-boost|p1a: Clefable|spd|1
|move|p2a: John Cena|Thunder Wave|p1a: Clefable
|-status|p1a: Clefable|par
|
|upkeep
|turn|5
|
|t:|1658642231
|switch|p2a: Landorus|Landorus-Therian, M|100/100
|-ability|p2a: Landorus|Intimidate|boost
|-unboost|p1a: Clefable|atk|1
|move|p1a: Clefable|Soft-Boiled|p1a: Clefable
|-heal|p1a: Clefable|100/100 par
|
|upkeep
|turn|6
|
|t:|1658642233
|move|p2a: Landorus|Earthquake|p1a: Clefable
|-damage|p1a: Clefable|60/100 par
|move|p1a: Clefable|Moonblast|p2a: Landorus
|-damage|p2a: Landorus|52/100
|
|-heal|p2a: Landorus|58/100|[from] item: Leftovers
|upkeep
|turn|7
|
|t:|1658642238
|move|p2a: Landorus|Earthquake|p1a: Clefable
|-damage|p1a: Clefable|25/100 par
|cant|p1a: Clefable|par
|
|-heal|p2a: Landorus|64/100|[from] item: Leftovers
|upkeep
|turn|8
|
|t:|1658642263
|move|p2a: Landorus|Earthquake|p1a: Clefable
|-damage|p1a: Clefable|0 fnt
|faint|p1a: Clefable
|
|-heal|p2a: Landorus|70/100|[from] item: Leftovers
|upkeep
|
|t:|1658642265
|switch|p1a: Zapdos|Zapdos|100/100
|turn|9
|
|t:|1658642277
|switch|p2a: John Cena|Clefable, M|100/100
|move|p1a: Zapdos|Hurricane|p2a: John Cena
|-damage|p2a: John Cena|33/100
|
|-heal|p2a: John Cena|40/100|[from] item: Leftovers
|upkeep
|turn|10
|inactive|gaenisalbino has 90 seconds left.
|
|t:|1658642306
|switch|p2a: Zeraora|Zeraora|100/100
|move|p1a: Zapdos|Hurricane|p2a: Zeraora
|-resisted|p2a: Zeraora
|-damage|p2a: Zeraora|48/100
|
|upkeep
|turn|11
|
|t:|1658642311
|switch|p1a: Ferrothorn|Ferrothorn, M, shiny|100/100
|move|p2a: Zeraora|Knock Off|p1a: Ferrothorn
|-damage|p1a: Ferrothorn|83/100
|-damage|p2a: Zeraora|35/100|[from] ability: Iron Barbs|[of] p1a: Ferrothorn
|-damage|p2a: Zeraora|19/100|[from] item: Rocky Helmet|[of] p1a: Ferrothorn
|-enditem|p1a: Ferrothorn|Rocky Helmet|[from] move: Knock Off|[of] p2a: Zeraora
|
|upkeep
|turn|12
|
|t:|1658642315
|switch|p1a: Landorus|Landorus-Therian, M|88/100
|-ability|p1a: Landorus|Intimidate|boost
|-unboost|p2a: Zeraora|atk|1
|move|p2a: Zeraora|Knock Off|p1a: Landorus
|-damage|p1a: Landorus|64/100
|-enditem|p1a: Landorus|Choice Scarf|[from] move: Knock Off|[of] p2a: Zeraora
|
|upkeep
|turn|13
|
|t:|1658642327
|switch|p2a: Landorus|Landorus-Therian, M|70/100
|-ability|p2a: Landorus|Intimidate|boost
|-unboost|p1a: Landorus|atk|1
|move|p1a: Landorus|U-turn|p2a: Landorus
|-resisted|p2a: Landorus
|-damage|p2a: Landorus|62/100
|
|t:|1658642329
|switch|p1a: Zapdos|Zapdos|100/100|[from]move: U-turn
|
|-heal|p2a: Landorus|68/100|[from] item: Leftovers
|upkeep
|turn|14
|
|t:|1658642338
|switch|p2a: Zeraora|Zeraora|19/100
|move|p1a: Zapdos|Hurricane|p2a: Zeraora
|-resisted|p2a: Zeraora
|-damage|p2a: Zeraora|0 fnt
|faint|p2a: Zeraora
|
|upkeep
|
|t:|1658642343
|switch|p2a: Dragonite|Dragonite, F, shiny|100/100
|turn|15
|
|t:|1658642347
|switch|p1a: Tyranitar|Tyranitar, F, shiny|100/100
|-weather|Sandstorm|[from] ability: Sand Stream|[of] p1a: Tyranitar
|move|p2a: Dragonite|Dragon Dance|p2a: Dragonite
|-boost|p2a: Dragonite|atk|1
|-boost|p2a: Dragonite|spe|1
|
|-weather|Sandstorm|[upkeep]
|-damage|p2a: Dragonite|94/100|[from] Sandstorm
|upkeep
|turn|16
|
|t:|1658642358
|switch|p1a: Landorus|Landorus-Therian, M|64/100
|-ability|p1a: Landorus|Intimidate|boost
|-unboost|p2a: Dragonite|atk|1
|move|p2a: Dragonite|Earthquake|p1a: Landorus
|-immune|p1a: Landorus
|
|-weather|Sandstorm|[upkeep]
|-damage|p2a: Dragonite|88/100|[from] Sandstorm
|upkeep
|turn|17
|
|t:|1658642367
|move|p2a: Dragonite|Roost|p2a: Dragonite
|-heal|p2a: Dragonite|100/100
|-singleturn|p2a: Dragonite|move: Roost
|move|p1a: Landorus|Explosion|p2a: Dragonite
|-damage|p2a: Dragonite|51/100
|faint|p1a: Landorus
|
|-weather|Sandstorm|[upkeep]
|-damage|p2a: Dragonite|45/100|[from] Sandstorm
|upkeep
|
|t:|1658642374
|switch|p1a: Excadrill|Excadrill, F|100/100
|turn|18
|
|t:|1658642377
|switch|p2a: Ferrothorn|Ferrothorn, F|96/100
|move|p1a: Excadrill|Iron Head|p2a: Ferrothorn
|-resisted|p2a: Ferrothorn
|-damage|p2a: Ferrothorn|82/100
|-damage|p1a: Excadrill|88/100|[from] ability: Iron Barbs|[of] p2a: Ferrothorn
|
|-weather|Sandstorm|[upkeep]
|-heal|p1a: Excadrill|94/100|[from] item: Leftovers
|-heal|p2a: Ferrothorn|89/100|[from] item: Leftovers
|upkeep
|turn|19
|
|t:|1658642381
|switch|p1a: Ferrothorn|Ferrothorn, M, shiny|83/100
|move|p2a: Ferrothorn|Knock Off|p1a: Ferrothorn
|-damage|p1a: Ferrothorn|75/100
|-damage|p2a: Ferrothorn|76/100|[from] ability: Iron Barbs|[of] p1a: Ferrothorn
|
|-weather|none
|-heal|p2a: Ferrothorn|82/100|[from] item: Leftovers
|upkeep
|turn|20
|
|t:|1658642385
|switch|p1a: Zapdos|Zapdos|100/100
|move|p2a: Ferrothorn|Spikes|p1a: Zapdos
|-sidestart|p1: Real_DuaLipa|Spikes
|
|-heal|p2a: Ferrothorn|89/100|[from] item: Leftovers
|upkeep
|turn|21
|
|t:|1658642389
|switch|p2a: John Cena|Clefable, M|40/100
|move|p1a: Zapdos|Heat Wave|p2a: John Cena
|-damage|p2a: John Cena|4/100
|
|-heal|p2a: John Cena|10/100|[from] item: Leftovers
|upkeep
|turn|22
|
|t:|1658642399
|switch|p1a: Excadrill|Excadrill, F|94/100
|-damage|p1a: Excadrill|82/100|[from] Spikes
|move|p2a: John Cena|Healing Wish|p2a: John Cena
|faint|p2a: John Cena
|
|-heal|p1a: Excadrill|88/100|[from] item: Leftovers
|upkeep
|
|t:|1658642403
|switch|p2a: Dragonite|Dragonite, F, shiny|45/100
|-heal|p2a: Dragonite|100/100|[from] move: Healing Wish
|turn|23
|
|t:|1658642411
|move|p1a: Excadrill|Rapid Spin|p2a: Dragonite
|-damage|p2a: Dragonite|90/100
|-boost|p1a: Excadrill|spe|1
|-sideend|p1: Real_DuaLipa|Spikes|[from] move: Rapid Spin|[of] p1a: Excadrill
|move|p2a: Dragonite|Dragon Dance|p2a: Dragonite
|-boost|p2a: Dragonite|atk|1
|-boost|p2a: Dragonite|spe|1
|
|-heal|p1a: Excadrill|94/100|[from] item: Leftovers
|upkeep
|turn|24
|
|t:|1658642419
|move|p1a: Excadrill|Iron Head|p2a: Dragonite
|-damage|p2a: Dragonite|33/100
|move|p2a: Dragonite|Dragon Dance|p2a: Dragonite
|-boost|p2a: Dragonite|atk|1
|-boost|p2a: Dragonite|spe|1
|
|-heal|p1a: Excadrill|99/100|[from] item: Leftovers
|upkeep
|turn|25
|
|t:|1658642427
|move|p2a: Dragonite|Roost|p2a: Dragonite
|-heal|p2a: Dragonite|83/100
|-singleturn|p2a: Dragonite|move: Roost
|move|p1a: Excadrill|Rapid Spin|p2a: Dragonite
|-damage|p2a: Dragonite|63/100
|-boost|p1a: Excadrill|spe|1
|
|-heal|p1a: Excadrill|100/100|[from] item: Leftovers
|upkeep
|turn|26
|
|t:|1658642434
|move|p1a: Excadrill|Iron Head|p2a: Dragonite
|-damage|p2a: Dragonite|12/100
|cant|p2a: Dragonite|flinch
|
|upkeep
|turn|27
|c|☆gaenisalbino|Oof
|c|☆gaenisalbino|My fault tbh should have killed it
|
|t:|1658642452
|switch|p2a: Ferrothorn|Ferrothorn, F|89/100
|move|p1a: Excadrill|Iron Head|p2a: Ferrothorn
|-resisted|p2a: Ferrothorn
|-damage|p2a: Ferrothorn|75/100
|-damage|p1a: Excadrill|88/100|[from] ability: Iron Barbs|[of] p2a: Ferrothorn
|
|-heal|p1a: Excadrill|94/100|[from] item: Leftovers
|-heal|p2a: Ferrothorn|81/100|[from] item: Leftovers
|upkeep
|turn|28
|c| agentkeval01|ur playing like ass and u haxed
|
|t:|1658642462
|switch|p2a: Volcarona|Volcarona, F|100/100
|move|p1a: Excadrill|Swords Dance|p1a: Excadrill
|-boost|p1a: Excadrill|atk|2
|
|-heal|p1a: Excadrill|99/100|[from] item: Leftovers
|upkeep
|turn|29
|c| agentkeval01|deserved
|c|☆Real_DuaLipa|I didn't hax
|c| agentkeval01|gg
|c|☆Real_DuaLipa|plus u smell
|raw|<div class="broadcast-red"><strong>Moderated chat was set to +!</strong><br />Only users of rank + and higher can talk.</div>
|inactive|gaenisalbino has 120 seconds left.
|
|t:|1658642514
|switch|p2a: Landorus|Landorus-Therian, M|68/100
|-ability|p2a: Landorus|Intimidate|boost
|-unboost|p1a: Excadrill|atk|1
|move|p1a: Excadrill|Iron Head|p2a: Landorus
|-damage|p2a: Landorus|3/100
|
|-heal|p1a: Excadrill|100/100|[from] item: Leftovers
|-heal|p2a: Landorus|9/100|[from] item: Leftovers
|upkeep
|turn|30
|
|t:|1658642522
|move|p1a: Excadrill|Rapid Spin|p2a: Landorus
|-damage|p2a: Landorus|0 fnt
|-boost|p1a: Excadrill|spe|1
|faint|p2a: Landorus
|
|upkeep
|
|t:|1658642529
|switch|p2a: Ferrothorn|Ferrothorn, F|81/100
|turn|31
|
|t:|1658642533
|move|p1a: Excadrill|Swords Dance|p1a: Excadrill
|-boost|p1a: Excadrill|atk|2
|move|p2a: Ferrothorn|Leech Seed|p1a: Excadrill
|-start|p1a: Excadrill|move: Leech Seed
|
|-heal|p2a: Ferrothorn|88/100|[from] item: Leftovers
|-damage|p1a: Excadrill|88/100|[from] Leech Seed|[of] p2a: Ferrothorn
|-heal|p2a: Ferrothorn|100/100|[silent]
|upkeep
|turn|32
|
|t:|1658642538
|switch|p2a: Dragonite|Dragonite, F, shiny|12/100
|move|p1a: Excadrill|Earthquake|p2a: Dragonite
|-immune|p2a: Dragonite
|
|-heal|p1a: Excadrill|94/100|[from] item: Leftovers
|-damage|p1a: Excadrill|82/100|[from] Leech Seed|[of] p2a: Dragonite
|-heal|p2a: Dragonite|26/100|[silent]
|upkeep
|turn|33
|
|t:|1658642544
|switch|p2a: Ferrothorn|Ferrothorn, F|100/100
|move|p1a: Excadrill|Rapid Spin|p2a: Ferrothorn
|-resisted|p2a: Ferrothorn
|-damage|p2a: Ferrothorn|85/100
|-boost|p1a: Excadrill|spe|1
|-damage|p1a: Excadrill|69/100|[from] ability: Iron Barbs|[of] p2a: Ferrothorn
|-end|p1a: Excadrill|Leech Seed|[from] move: Rapid Spin|[of] p1a: Excadrill
|
|-heal|p1a: Excadrill|75/100|[from] item: Leftovers
|-heal|p2a: Ferrothorn|91/100|[from] item: Leftovers
|upkeep
|turn|34
|
|t:|1658642554
|move|p1a: Excadrill|Earthquake|p2a: Ferrothorn
|-damage|p2a: Ferrothorn|6/100
|move|p2a: Ferrothorn|Leech Seed|p1a: Excadrill
|-start|p1a: Excadrill|move: Leech Seed
|
|-heal|p1a: Excadrill|81/100|[from] item: Leftovers
|-heal|p2a: Ferrothorn|12/100|[from] item: Leftovers
|-damage|p1a: Excadrill|69/100|[from] Leech Seed|[of] p2a: Ferrothorn
|-heal|p2a: Ferrothorn|25/100|[silent]
|upkeep
|turn|35
|
|t:|1658642560
|switch|p2a: Volcarona|Volcarona, F|100/100
|move|p1a: Excadrill|Iron Head|p2a: Volcarona
|-resisted|p2a: Volcarona
|-damage|p2a: Volcarona|5/100
|-status|p1a: Excadrill|brn|[from] ability: Flame Body|[of] p2a: Volcarona
|
|-heal|p1a: Excadrill|75/100 brn|[from] item: Leftovers
|-damage|p1a: Excadrill|63/100 brn|[from] Leech Seed|[of] p2a: Volcarona
|-heal|p2a: Volcarona|19/100|[silent]
|-damage|p1a: Excadrill|56/100 brn|[from] brn
|upkeep
|turn|36
|
|t:|1658642566
|switch|p2a: Ferrothorn|Ferrothorn, F|25/100
|move|p1a: Excadrill|Rapid Spin|p2a: Ferrothorn
|-resisted|p2a: Ferrothorn
|-damage|p2a: Ferrothorn|18/100
|-boost|p1a: Excadrill|spe|1
|-damage|p1a: Excadrill|44/100 brn|[from] ability: Iron Barbs|[of] p2a: Ferrothorn
|-end|p1a: Excadrill|Leech Seed|[from] move: Rapid Spin|[of] p1a: Excadrill
|
|-heal|p1a: Excadrill|50/100 brn|[from] item: Leftovers
|-heal|p2a: Ferrothorn|24/100|[from] item: Leftovers
|-damage|p1a: Excadrill|44/100 brn|[from] brn
|upkeep
|turn|37
|
|t:|1658642572
|move|p1a: Excadrill|Earthquake|p2a: Ferrothorn
|-damage|p2a: Ferrothorn|0 fnt
|faint|p2a: Ferrothorn
|
|-heal|p1a: Excadrill|50/100 brn|[from] item: Leftovers
|-damage|p1a: Excadrill|44/100 brn|[from] brn
|upkeep
|-message|gaenisalbino forfeited.
|
|win|Real_DuaLipa
|raw|Real_DuaLipa's rating: 1586 &rarr; <strong>1609</strong><br />(+23 for winning)
|raw|gaenisalbino's rating: 1640 &rarr; <strong>1617</strong><br />(-23 for losing)
