|j|☆Wheezer
|j|☆zxz1028
|t:|1629517821
|gametype|singles
|player|p1|Wheezer|petrel|1635
|player|p2|zxz1028|richboy-gen4|1631
|teamsize|p1|6
|teamsize|p2|6
|gen|8
|tier|[Gen 8] OU
|rated|
|rule|Sleep Clause Mod: Limit one foe put to sleep
|rule|Species Clause: Limit one of each Pokémon
|rule|OHKO Clause: OHKO moves are banned
|rule|Evasion Moves Clause: Evasion moves are banned
|rule|Endless Battle Clause: Forcing endless battles is banned
|rule|HP Percentage Mod: HP is shown in percentages
|rule|Dynamax Clause: You cannot dynamax
|clearpoke
|poke|p1|Mew|
|poke|p1|Zapdos-Galar|
|poke|p1|Dragonite, F|
|poke|p1|Weavile, F|
|poke|p1|Magnezone|
|poke|p1|Latias, F|
|poke|p2|Kartana|
|poke|p2|Dragapult, F|
|poke|p2|Crawdaunt, M|
|poke|p2|Weavile, M|
|poke|p2|Melmetal|
|poke|p2|Landorus-Therian, M|
|teampreview
|
|t:|1629517832
|start
|switch|p1a: Magnezone|Magnezone|100/100
|switch|p2a: Weavile|Weavile, M|100/100
|-ability|p2a: Weavile|Pressure
|turn|1
|
|t:|1629517837
|switch|p2a: Landorus|Landorus-Therian, M|100/100
|-ability|p2a: Landorus|Intimidate|boost
|-unboost|p1a: Magnezone|atk|1
|move|p1a: Magnezone|Flash Cannon|p2a: Landorus
|-damage|p2a: Landorus|6/100
|
|upkeep
|turn|2
|
|t:|1629517844
|switch|p1a: Mew|Mew|100/100
|move|p2a: Landorus|U-turn|p1a: Mew
|-supereffective|p1a: Mew
|-damage|p1a: Mew|37/100
|-enditem|p1a: Mew|Red Card|[of] p2a: Landorus
|drag|p2a: Dragapult|Dragapult, F|100/100
|
|upkeep
|turn|3
|inactive|Battle timer is ON: inactive players will automatically lose when time's up. (requested by zxz1028)
|
|t:|1629517850
|switch|p2a: Weavile|Weavile, M|100/100
|-ability|p2a: Weavile|Pressure
|switch|p1a: Weavile|Weavile, F|100/100
|-ability|p1a: Weavile|Pressure
|
|upkeep
|turn|4
|
|t:|1629517855
|move|p1a: Weavile|Swords Dance|p1a: Weavile
|-boost|p1a: Weavile|atk|2
|move|p2a: Weavile|Knock Off|p1a: Weavile
|-resisted|p1a: Weavile
|-damage|p1a: Weavile|40/100
|-enditem|p1a: Weavile|Life Orb|[from] move: Knock Off|[of] p2a: Weavile
|
|upkeep
|turn|5
|
|t:|1629517864
|move|p2a: Weavile|Knock Off|p1a: Weavile
|-resisted|p1a: Weavile
|-crit|p1a: Weavile
|-damage|p1a: Weavile|0 fnt
|faint|p1a: Weavile
|
|upkeep
|j| justagame456
|
|t:|1629517869
|switch|p1a: Zapdos|Zapdos-Galar|100/100
|turn|6
|j| DragonVolador
|
|t:|1629517885
|switch|p2a: Kartana|Kartana|100/100
|move|p1a: Zapdos|Agility|p1a: Zapdos
|-boost|p1a: Zapdos|spe|2
|
|upkeep
|turn|7
|
|t:|1629517891
|move|p1a: Zapdos|Close Combat|p2a: Kartana
|-supereffective|p2a: Kartana
|-damage|p2a: Kartana|0 fnt
|-unboost|p1a: Zapdos|def|1
|-unboost|p1a: Zapdos|spd|1
|faint|p2a: Kartana
|
|upkeep
|inactive|zxz1028 has 120 seconds left.
|
|t:|1629517926
|switch|p2a: Weavile|Weavile, M|100/100
|-ability|p2a: Weavile|Pressure
|turn|8
|
|t:|1629517948
|move|p2a: Weavile|Ice Shard|p1a: Zapdos
|-supereffective|p1a: Zapdos
|-damage|p1a: Zapdos|0 fnt
|faint|p1a: Zapdos
|
|upkeep
|
|t:|1629517959
|switch|p1a: Mew|Mew|37/100
|turn|9
|inactive|zxz1028 has 120 seconds left.
|
|t:|1629517969
|switch|p2a: Landorus|Landorus-Therian, M|6/100
|-ability|p2a: Landorus|Intimidate|boost
|-unboost|p1a: Mew|atk|1
|move|p1a: Mew|Stealth Rock|p2a: Landorus
|-sidestart|p2: zxz1028|move: Stealth Rock
|
|upkeep
|turn|10
|
|t:|1629517984
|move|p1a: Mew|Flare Blitz|p2a: Landorus
|-damage|p2a: Landorus|0 fnt
|faint|p2a: Landorus
|-damage|p1a: Mew|35/100|[from] Recoil
|
|upkeep
|inactive|zxz1028 has 120 seconds left.
|
|t:|1629518001
|switch|p2a: Weavile|Weavile, M|100/100
|-damage|p2a: Weavile|76/100|[from] Stealth Rock
|-ability|p2a: Weavile|Pressure
|turn|11
|
|t:|1629518020
|move|p2a: Weavile|Knock Off|p1a: Mew
|-supereffective|p1a: Mew
|-damage|p1a: Mew|0 fnt
|faint|p1a: Mew
|
|upkeep
|
|t:|1629518023
|switch|p1a: Latias|Latias, F|100/100
|turn|12
|
|t:|1629518034
|switch|p2a: Dragapult|Dragapult, F|100/100
|-damage|p2a: Dragapult|88/100|[from] Stealth Rock
|move|p1a: Latias|Draco Meteor|p2a: Dragapult
|-supereffective|p2a: Dragapult
|-damage|p2a: Dragapult|0 fnt
|-unboost|p1a: Latias|spa|2
|faint|p2a: Dragapult
|
|upkeep
|inactive|zxz1028 has 120 seconds left.
|
|t:|1629518064
|switch|p2a: Weavile|Weavile, M|76/100
|-damage|p2a: Weavile|51/100|[from] Stealth Rock
|-ability|p2a: Weavile|Pressure
|turn|13
|
|t:|1629518079
|switch|p1a: Magnezone|Magnezone|100/100
|move|p2a: Weavile|Knock Off|p1a: Magnezone
|-damage|p1a: Magnezone|19/100
|-enditem|p1a: Magnezone|Choice Specs|[from] move: Knock Off|[of] p2a: Weavile
|
|upkeep
|turn|14
|
|t:|1629518083
|move|p2a: Weavile|Knock Off|p1a: Magnezone
|-damage|p1a: Magnezone|0 fnt
|faint|p1a: Magnezone
|
|upkeep
|
|t:|1629518092
|switch|p1a: Latias|Latias, F|100/100
|turn|15
|
|t:|1629518104
|switch|p1a: Dragonite|Dragonite, F|100/100
|switch|p2a: Crawdaunt|Crawdaunt, M, shiny|100/100
|-damage|p2a: Crawdaunt|88/100|[from] Stealth Rock
|
|upkeep
|turn|16
|
|t:|1629518113
|move|p1a: Dragonite|Dragon Dance|p1a: Dragonite
|-boost|p1a: Dragonite|atk|1
|-boost|p1a: Dragonite|spe|1
|move|p2a: Crawdaunt|Knock Off|p1a: Dragonite
|-damage|p1a: Dragonite|57/100
|-enditem|p1a: Dragonite|Leftovers|[from] move: Knock Off|[of] p2a: Crawdaunt
|
|upkeep
|turn|17
|
|t:|1629518119
|move|p1a: Dragonite|Roost|p1a: Dragonite
|-heal|p1a: Dragonite|100/100
|-singleturn|p1a: Dragonite|move: Roost
|move|p2a: Crawdaunt|Knock Off|p1a: Dragonite
|-damage|p1a: Dragonite|69/100
|
|upkeep
|turn|18
|
|t:|1629518122
|move|p1a: Dragonite|Dual Wingbeat|p2a: Crawdaunt|[miss]
|-miss|p1a: Dragonite|p2a: Crawdaunt
|move|p2a: Crawdaunt|Knock Off|p1a: Dragonite
|-damage|p1a: Dragonite|4/100
|
|upkeep
|turn|19
|
|t:|1629518125
|move|p1a: Dragonite|Dual Wingbeat|p2a: Crawdaunt
|-damage|p2a: Crawdaunt|41/100
|-damage|p2a: Crawdaunt|0 fnt
|faint|p2a: Crawdaunt
|-hitcount|p2: Crawdaunt|2
|
|upkeep
|
|t:|1629518128
|switch|p2a: Melmetal|Melmetal|100/100
|-damage|p2a: Melmetal|94/100|[from] Stealth Rock
|turn|20
|
|t:|1629518131
|move|p1a: Dragonite|Roost|p1a: Dragonite
|-heal|p1a: Dragonite|55/100
|-singleturn|p1a: Dragonite|move: Roost
|move|p2a: Melmetal|Double Iron Bash|p1a: Dragonite
|-damage|p1a: Dragonite|0 fnt
|faint|p1a: Dragonite
|-hitcount|p1: Dragonite|1
|
|upkeep
|-message|Wheezer forfeited.
|
|win|zxz1028
|raw|Wheezer's rating: 1635 &rarr; <strong>1615</strong><br />(-20 for losing)
|raw|zxz1028's rating: 1631 &rarr; <strong>1651</strong><br />(+20 for winning)
|l|☆Wheezer
|j| RWaver
|l| DragonVolador
|c|☆zxz1028|gg
|l| RWaver
