|j|☆willxo
|j|☆cold.exe
|player|p1|willxo|roughneck|1457
|player|p2|cold.exe|flannery|1389
|teamsize|p1|6
|teamsize|p2|6
|gametype|singles
|gen|8
|tier|[Gen 8] OU
|rated|
|clearpoke
|poke|p1|Druddigon, M|
|poke|p1|Rotom-Heat|
|poke|p1|Urshifu-*, F|
|poke|p1|Magnezone|
|poke|p1|Togekiss, F|
|poke|p1|Azumarill, M|
|poke|p2|Diggersby, F|
|poke|p2|Azumarill, F|
|poke|p2|Mandibuzz, F|
|poke|p2|Rotom-Heat|
|poke|p2|Rillaboom, M|
|poke|p2|Cinderace, F|
|rule|Sleep Clause Mod: Limit one foe put to sleep
|rule|Species Clause: Limit one of each Pokémon
|rule|OHKO Clause: OHKO moves are banned
|rule|Evasion Moves Clause: Evasion moves are banned
|rule|Endless Battle Clause: Forcing endless battles is banned
|rule|HP Percentage Mod: HP is shown in percentages
|rule|Dynamax Clause: You cannot dynamax
|teampreview
|
|start
|switch|p1a: Druddigon|Druddigon, M|100/100
|switch|p2a: Azumarill|Azumarill, F|100/100
|turn|1
|
|move|p2a: Azumarill|Play Rough|p1a: Druddigon
|-supereffective|p1a: Druddigon
|-damage|p1a: Druddigon|0 fnt
|-damage|p2a: Azumarill|88/100|[from] ability: Rough Skin|[of] p1a: Druddigon
|-damage|p2a: Azumarill|72/100|[from] item: Rocky Helmet|[of] p1a: Druddigon
|faint|p1a: Druddigon
|
|upkeep
|
|switch|p1a: Magnezone|Magnezone|100/100
|turn|2
|
|switch|p2a: Rotom|Rotom-Heat|100/100
|move|p1a: Magnezone|Flash Cannon|p2a: Rotom
|-resisted|p2a: Rotom
|-damage|p2a: Rotom|79/100
|
|upkeep
|turn|3
|
|switch|p1a: Rotom|Rotom-Heat|100/100
|move|p2a: Rotom|Toxic|p1a: Rotom
|-status|p1a: Rotom|tox
|
|-damage|p1a: Rotom|94/100 tox|[from] psn
|upkeep
|turn|4
|
|move|p1a: Rotom|Nasty Plot|p1a: Rotom
|-boost|p1a: Rotom|spa|2
|move|p2a: Rotom|Volt Switch|p1a: Rotom
|-resisted|p1a: Rotom
|-damage|p1a: Rotom|73/100 tox
|
|switch|p2a: Azumarill|Azumarill, F|72/100|[from]move: Volt Switch
|
|-damage|p1a: Rotom|60/100 tox|[from] psn
|upkeep
|turn|5
|
|move|p2a: Azumarill|Aqua Jet|p1a: Rotom
|-supereffective|p1a: Rotom
|-damage|p1a: Rotom|0 fnt
|faint|p1a: Rotom
|
|upkeep
|-message|willxo forfeited.
|
|win|cold.exe
|l|☆willxo
|raw|willxo's rating: 1457 &rarr; <strong>1432</strong><br />(-25 for losing)
|raw|cold.exe's rating: 1371 &rarr; <strong>1396</strong><br />(+25 for winning)
