|j|☆yhdrslb
|j|☆Enceip
|player|p1|yhdrslb|30|1590
|player|p2|Enceip|266|1615
|teamsize|p1|6
|teamsize|p2|6
|gametype|singles
|gen|8
|tier|[Gen 8] OU
|rated|
|clearpoke
|poke|p1|Krookodile, M|
|poke|p1|Corviknight, F|
|poke|p1|Jirachi|
|poke|p1|Dragapult, M|
|poke|p1|Clefable, F|
|poke|p1|Tangrowth, F|
|poke|p2|Pelipper, F|
|poke|p2|Barraskewda, F|
|poke|p2|Magearna|
|poke|p2|Ferrothorn, F|
|poke|p2|Seismitoad, M|
|poke|p2|Azumarill, M|
|rule|Sleep Clause Mod: Limit one foe put to sleep
|rule|Species Clause: Limit one of each Pokémon
|rule|OHKO Clause: OHKO moves are banned
|rule|Evasion Moves Clause: Evasion moves are banned
|rule|Endless Battle Clause: Forcing endless battles is banned
|rule|HP Percentage Mod: HP is shown in percentages
|rule|Dynamax Clause: You cannot dynamax
|teampreview
|
|start
|switch|p1a: Dragapult|Dragapult, M|100/100
|switch|p2a: Pelipper|Pelipper, F|100/100
|-weather|RainDance|[from] ability: Drizzle|[of] p2a: Pelipper
|turn|1
|
|move|p1a: Dragapult|U-turn|p2a: Pelipper
|-resisted|p2a: Pelipper
|-damage|p2a: Pelipper|94/100
|
|switch|p1a: Corviknight|Corviknight, F|100/100|[from]move: U-turn
|-ability|p1a: Corviknight|Pressure
|move|p2a: Pelipper|U-turn|p1a: Corviknight
|-resisted|p1a: Corviknight
|-damage|p1a: Corviknight|99/100
|
|switch|p2a: Seismitoad|Seismitoad, M|100/100|[from]move: U-turn
|
|-weather|RainDance|[upkeep]
|-heal|p1a: Corviknight|100/100|[from] item: Leftovers
|upkeep
|turn|2
|
|move|p2a: Seismitoad|Weather Ball|p1a: Corviknight
|-damage|p1a: Corviknight|11/100
|-damage|p2a: Seismitoad|91/100|[from] item: Life Orb
|move|p1a: Corviknight|Taunt|p2a: Seismitoad
|-start|p2a: Seismitoad|move: Taunt
|
|-weather|RainDance|[upkeep]
|-heal|p1a: Corviknight|18/100|[from] item: Leftovers
|upkeep
|turn|3
|
|switch|p1a: Tangrowth|Tangrowth, F|100/100
|move|p2a: Seismitoad|Weather Ball|p1a: Tangrowth
|-resisted|p1a: Tangrowth
|-damage|p1a: Tangrowth|34/100
|-damage|p2a: Seismitoad|81/100|[from] item: Life Orb
|
|-weather|RainDance|[upkeep]
|upkeep
|turn|4
|
|switch|p1a: Corviknight|Corviknight, F|18/100
|-ability|p1a: Corviknight|Pressure
|move|p2a: Seismitoad|Weather Ball|p1a: Corviknight
|-damage|p1a: Corviknight|0 fnt
|-damage|p2a: Seismitoad|71/100|[from] item: Life Orb
|faint|p1a: Corviknight
|
|-weather|RainDance|[upkeep]
|upkeep
|
|switch|p1a: Dragapult|Dragapult, M|100/100
|turn|5
|
|switch|p2a: Ferrothorn|Ferrothorn, F|100/100
|move|p1a: Dragapult|Shadow Ball|p2a: Ferrothorn
|-damage|p2a: Ferrothorn|50/100
|-unboost|p2a: Ferrothorn|spd|1
|
|-weather|RainDance|[upkeep]
|-heal|p2a: Ferrothorn|56/100|[from] item: Leftovers
|upkeep
|turn|6
|
|move|p2a: Ferrothorn|Protect|p2a: Ferrothorn
|-singleturn|p2a: Ferrothorn|Protect
|move|p1a: Dragapult|Shadow Ball|p2a: Ferrothorn
|-activate|p2a: Ferrothorn|move: Protect
|
|-weather|RainDance|[upkeep]
|-heal|p2a: Ferrothorn|63/100|[from] item: Leftovers
|upkeep
|turn|7
|
|move|p1a: Dragapult|Shadow Ball|p2a: Ferrothorn
|-damage|p2a: Ferrothorn|0 fnt
|faint|p2a: Ferrothorn
|
|-weather|RainDance|[upkeep]
|upkeep
|
|switch|p2a: Azumarill|Azumarill, M|100/100
|turn|8
|
|switch|p1a: Tangrowth|Tangrowth, F|67/100
|move|p2a: Azumarill|Whirlpool|p1a: Tangrowth
|-resisted|p1a: Tangrowth
|-damage|p1a: Tangrowth|58/100
|-activate|p1a: Tangrowth|move: Whirlpool|[of] p2a: Azumarill
|
|-weather|none
|-damage|p1a: Tangrowth|46/100|[from] move: Whirlpool|[partiallytrapped]
|upkeep
|turn|9
|
|move|p2a: Azumarill|Protect|p2a: Azumarill
|-singleturn|p2a: Azumarill|Protect
|move|p1a: Tangrowth|Leech Seed|p2a: Azumarill
|-activate|p2a: Azumarill|move: Protect
|
|-damage|p1a: Tangrowth|34/100|[from] move: Whirlpool|[partiallytrapped]
|upkeep
|turn|10
|
|move|p1a: Tangrowth|Sleep Powder|p2a: Azumarill
|-ability|p2a: Azumarill|Sap Sipper|boost
|-boost|p2a: Azumarill|atk|1
|move|p2a: Azumarill|Whirlpool|p1a: Tangrowth
|-resisted|p1a: Tangrowth
|-damage|p1a: Tangrowth|27/100
|
|-damage|p1a: Tangrowth|15/100|[from] move: Whirlpool|[partiallytrapped]
|upkeep
|turn|11
|
|move|p2a: Azumarill|Protect|p2a: Azumarill
|-singleturn|p2a: Azumarill|Protect
|move|p1a: Tangrowth|Knock Off|p2a: Azumarill
|-activate|p2a: Azumarill|move: Protect
|
|-damage|p1a: Tangrowth|3/100|[from] move: Whirlpool|[partiallytrapped]
|upkeep
|turn|12
|
|move|p2a: Azumarill|Protect||[still]
|-fail|p2a: Azumarill
|move|p1a: Tangrowth|Knock Off|p2a: Azumarill
|-resisted|p2a: Azumarill
|-damage|p2a: Azumarill|90/100
|-enditem|p2a: Azumarill|Leftovers|[from] move: Knock Off|[of] p1a: Tangrowth
|
|-end|p1a: Tangrowth|Whirlpool|[partiallytrapped]
|upkeep
|turn|13
|
|switch|p1a: Clefable|Clefable, F|100/100
|move|p2a: Azumarill|Whirlpool|p1a: Clefable
|-damage|p1a: Clefable|91/100
|-activate|p1a: Clefable|move: Whirlpool|[of] p2a: Azumarill
|
|upkeep
|turn|14
|
|move|p1a: Clefable|Calm Mind|p1a: Clefable
|-boost|p1a: Clefable|spa|1
|-boost|p1a: Clefable|spd|1
|move|p2a: Azumarill|Perish Song|p2a: Azumarill
|-start|p1a: Clefable|perish3|[silent]
|-start|p2a: Azumarill|perish3|[silent]
|-fieldactivate|move: Perish Song
|
|-start|p1a: Clefable|perish3
|-start|p2a: Azumarill|perish3
|upkeep
|turn|15
|
|move|p1a: Clefable|Calm Mind|p1a: Clefable
|-boost|p1a: Clefable|spa|1
|-boost|p1a: Clefable|spd|1
|move|p2a: Azumarill|Whirlpool|p1a: Clefable
|-damage|p1a: Clefable|86/100
|
|-start|p1a: Clefable|perish2
|-start|p2a: Azumarill|perish2
|upkeep
|turn|16
|
|move|p2a: Azumarill|Protect|p2a: Azumarill
|-singleturn|p2a: Azumarill|Protect
|move|p1a: Clefable|Calm Mind|p1a: Clefable
|-boost|p1a: Clefable|spa|1
|-boost|p1a: Clefable|spd|1
|
|-start|p1a: Clefable|perish1
|-start|p2a: Azumarill|perish1
|upkeep
|turn|17
|
|switch|p2a: Magearna|Magearna|100/100
|move|p1a: Clefable|Flamethrower|p2a: Magearna
|-supereffective|p2a: Magearna
|-damage|p2a: Magearna|0 fnt
|faint|p2a: Magearna
|
|-end|p1a: Clefable|Whirlpool|[partiallytrapped]
|-start|p1a: Clefable|perish0
|upkeep
|faint|p1a: Clefable
|
|switch|p1a: Jirachi|Jirachi|100/100
|switch|p2a: Pelipper|Pelipper, F|94/100
|-weather|RainDance|[from] ability: Drizzle|[of] p2a: Pelipper
|turn|18
|
|move|p1a: Jirachi|Stealth Rock|p2a: Pelipper
|-sidestart|p2: Enceip|move: Stealth Rock
|move|p2a: Pelipper|U-turn|p1a: Jirachi
|-damage|p1a: Jirachi|92/100
|
|switch|p2a: Seismitoad|Seismitoad, M|71/100|[from]move: U-turn
|-damage|p2a: Seismitoad|65/100|[from] Stealth Rock
|
|-weather|RainDance|[upkeep]
|-heal|p1a: Jirachi|98/100|[from] item: Leftovers
|upkeep
|turn|19
|
|move|p2a: Seismitoad|Earth Power|p1a: Jirachi
|-supereffective|p1a: Jirachi
|-damage|p1a: Jirachi|7/100
|-damage|p2a: Seismitoad|55/100|[from] item: Life Orb
|move|p1a: Jirachi|Healing Wish|p1a: Jirachi
|faint|p1a: Jirachi
|
|-weather|RainDance|[upkeep]
|upkeep
|
|switch|p1a: Tangrowth|Tangrowth, F|36/100
|-heal|p1a: Tangrowth|100/100|[from] move: Healing Wish
|turn|20
|
|switch|p2a: Azumarill|Azumarill, M|90/100
|-damage|p2a: Azumarill|78/100|[from] Stealth Rock
|move|p1a: Tangrowth|Knock Off|p2a: Azumarill
|-resisted|p2a: Azumarill
|-damage|p2a: Azumarill|71/100
|
|-weather|RainDance|[upkeep]
|upkeep
|turn|21
|
|switch|p1a: Dragapult|Dragapult, M|100/100
|move|p2a: Azumarill|Whirlpool|p1a: Dragapult
|-resisted|p1a: Dragapult
|-damage|p1a: Dragapult|92/100
|-activate|p1a: Dragapult|move: Whirlpool|[of] p2a: Azumarill
|
|-weather|RainDance|[upkeep]
|-damage|p1a: Dragapult|79/100|[from] move: Whirlpool|[partiallytrapped]
|upkeep
|turn|22
|
|move|p2a: Azumarill|Protect|p2a: Azumarill
|-singleturn|p2a: Azumarill|Protect
|move|p1a: Dragapult|Shadow Ball|p2a: Azumarill
|-activate|p2a: Azumarill|move: Protect
|
|-weather|RainDance|[upkeep]
|-damage|p1a: Dragapult|67/100|[from] move: Whirlpool|[partiallytrapped]
|upkeep
|turn|23
|
|move|p1a: Dragapult|Shadow Ball|p2a: Azumarill
|-damage|p2a: Azumarill|29/100
|move|p2a: Azumarill|Rest|p2a: Azumarill
|-status|p2a: Azumarill|slp|[from] move: Rest
|-heal|p2a: Azumarill|100/100 slp|[silent]
|
|-weather|RainDance|[upkeep]
|-damage|p1a: Dragapult|55/100|[from] move: Whirlpool|[partiallytrapped]
|upkeep
|turn|24
|
|cant|p2a: Azumarill|slp
|move|p1a: Dragapult|Shadow Ball|p2a: Azumarill
|-crit|p2a: Azumarill
|-damage|p2a: Azumarill|42/100 slp
|
|-weather|RainDance|[upkeep]
|-damage|p1a: Dragapult|42/100|[from] move: Whirlpool|[partiallytrapped]
|upkeep
|turn|25
|
|cant|p2a: Azumarill|slp
|move|p1a: Dragapult|Shadow Ball|p2a: Azumarill
|-damage|p2a: Azumarill|0 fnt
|faint|p2a: Azumarill
|
|-weather|none
|-end|p1a: Dragapult|Whirlpool|[partiallytrapped]
|upkeep
|
|switch|p2a: Pelipper|Pelipper, F|94/100
|-damage|p2a: Pelipper|70/100|[from] Stealth Rock
|-weather|RainDance|[from] ability: Drizzle|[of] p2a: Pelipper
|turn|26
|inactive|Battle timer is ON: inactive players will automatically lose when time's up. (requested by Enceip)
|
|switch|p1a: Tangrowth|Tangrowth, F|100/100
|switch|p2a: Barraskewda|Barraskewda, F|100/100
|-damage|p2a: Barraskewda|88/100|[from] Stealth Rock
|
|-weather|RainDance|[upkeep]
|upkeep
|turn|27
|
|move|p2a: Barraskewda|Liquidation|p1a: Tangrowth
|-resisted|p1a: Tangrowth
|-damage|p1a: Tangrowth|73/100
|-damage|p2a: Barraskewda|72/100|[from] item: Rocky Helmet|[of] p1a: Tangrowth
|move|p1a: Tangrowth|Sleep Powder|p2a: Barraskewda|[miss]
|-miss|p1a: Tangrowth|p2a: Barraskewda
|
|-weather|RainDance|[upkeep]
|upkeep
|turn|28
|
|move|p2a: Barraskewda|Liquidation|p1a: Tangrowth
|-resisted|p1a: Tangrowth
|-damage|p1a: Tangrowth|44/100
|-damage|p2a: Barraskewda|56/100|[from] item: Rocky Helmet|[of] p1a: Tangrowth
|move|p1a: Tangrowth|Sleep Powder|p2a: Barraskewda
|-status|p2a: Barraskewda|slp|[from] move: Sleep Powder
|
|-weather|RainDance|[upkeep]
|upkeep
|turn|29
|
|switch|p2a: Seismitoad|Seismitoad, M|55/100
|-damage|p2a: Seismitoad|49/100|[from] Stealth Rock
|move|p1a: Tangrowth|Leech Seed|p2a: Seismitoad
|-start|p2a: Seismitoad|move: Leech Seed
|
|-weather|RainDance|[upkeep]
|-damage|p2a: Seismitoad|37/100|[from] Leech Seed|[of] p1a: Tangrowth
|-heal|p1a: Tangrowth|56/100|[silent]
|upkeep
|turn|30
|
|switch|p1a: Krookodile|Krookodile, M|100/100
|move|p2a: Seismitoad|Hydro Pump|p1a: Krookodile|[miss]
|-miss|p2a: Seismitoad|p1a: Krookodile
|
|-weather|RainDance|[upkeep]
|-damage|p2a: Seismitoad|24/100|[from] Leech Seed|[of] p1a: Krookodile
|upkeep
|turn|31
|
|switch|p1a: Tangrowth|Tangrowth, F|89/100
|move|p2a: Seismitoad|Weather Ball|p1a: Tangrowth
|-resisted|p1a: Tangrowth
|-damage|p1a: Tangrowth|28/100
|-damage|p2a: Seismitoad|14/100|[from] item: Life Orb
|
|-weather|RainDance|[upkeep]
|-damage|p2a: Seismitoad|2/100|[from] Leech Seed|[of] p1a: Tangrowth
|-heal|p1a: Tangrowth|40/100|[silent]
|upkeep
|turn|32
|
|switch|p1a: Krookodile|Krookodile, M|100/100
|move|p2a: Seismitoad|Weather Ball|p1a: Krookodile
|-supereffective|p1a: Krookodile
|-damage|p1a: Krookodile|0 fnt
|-damage|p2a: Seismitoad|0 fnt|[from] item: Life Orb
|faint|p1a: Krookodile
|faint|p2a: Seismitoad
|
|-weather|RainDance|[upkeep]
|upkeep
|-message|Enceip forfeited.
|
|win|yhdrslb
|l|☆Enceip
|raw|yhdrslb's rating: 1586 &rarr; <strong>1608</strong><br />(+22 for winning)
|raw|Enceip's rating: 1615 &rarr; <strong>1593</strong><br />(-22 for losing)
