|j|☆Y0Z0RA
|j|☆Elite4Donovan
|t:|1654821321
|gametype|singles
|player|p1|Y0Z0RA|shadowtriad|1481
|player|p2|Elite4Donovan|lucas|1534
|teamsize|p1|6
|teamsize|p2|6
|gen|8
|tier|[Gen 8] OU
|rated|
|rule|Sleep Clause Mod: Limit one foe put to sleep
|rule|Species Clause: Limit one of each Pokémon
|rule|OHKO Clause: OHKO moves are banned
|rule|Evasion Moves Clause: Evasion moves are banned
|rule|Endless Battle Clause: Forcing endless battles is banned
|rule|HP Percentage Mod: HP is shown in percentages
|rule|Dynamax Clause: You cannot dynamax
|clearpoke
|poke|p1|Pelipper, M|
|poke|p1|Volcanion|
|poke|p1|Barraskewda, M|
|poke|p1|Ferrothorn, F|
|poke|p1|Corviknight, M|
|poke|p1|Landorus-Therian, M|
|poke|p2|Thievul, F|
|poke|p2|Tapu Lele|
|poke|p2|Dragapult, M|
|poke|p2|Landorus-Therian, M|
|poke|p2|Heatran, M|
|poke|p2|Ferrothorn, F|
|teampreview
|inactive|Battle timer is ON: inactive players will automatically lose when time's up. (requested by Y0Z0RA)
|inactive|Elite4Donovan has 120 seconds left.
|inactive|Y0Z0RA has 120 seconds left.
|
|t:|1654821386
|start
|switch|p1a: Ferrothorn|Ferrothorn, F|100/100
|switch|p2a: Dragapult|Dragapult, M|100/100
|turn|1
|
|t:|1654821395
|switch|p1a: Volcanion|Volcanion|100/100
|move|p2a: Dragapult|Flamethrower|p1a: Volcanion
|-resisted|p1a: Volcanion
|-damage|p1a: Volcanion|92/100
|-damage|p2a: Dragapult|91/100|[from] item: Life Orb
|
|upkeep
|turn|2
|
|t:|1654821399
|move|p2a: Dragapult|Dragon Darts|p1a: Volcanion
|-damage|p1a: Volcanion|54/100
|-anim|p2a: Dragapult|Dragon Darts|p1a: Volcanion
|-damage|p1a: Volcanion|23/100
|-damage|p2a: Dragapult|81/100|[from] item: Life Orb
|move|p1a: Volcanion|Steam Eruption|p2a: Dragapult
|-resisted|p2a: Dragapult
|-damage|p2a: Dragapult|10/100
|-status|p2a: Dragapult|brn
|
|-damage|p2a: Dragapult|4/100 brn|[from] brn
|upkeep
|turn|3
|
|t:|1654821411
|switch|p1a: Corviknight|Corviknight, M|100/100
|-ability|p1a: Corviknight|Pressure
|move|p2a: Dragapult|Flamethrower|p1a: Corviknight
|-supereffective|p1a: Corviknight
|-damage|p1a: Corviknight|64/100
|-damage|p2a: Dragapult|0 fnt|[from] item: Life Orb
|faint|p2a: Dragapult
|
|-heal|p1a: Corviknight|70/100|[from] item: Leftovers
|upkeep
|
|t:|1654821414
|switch|p2a: Heatran|Heatran, M|100/100
|-item|p2a: Heatran|Air Balloon
|turn|4
|
|t:|1654821418
|switch|p1a: Pelipper|Pelipper, M|100/100
|-weather|RainDance|[from] ability: Drizzle|[of] p1a: Pelipper
|move|p2a: Heatran|Eruption|p1a: Pelipper
|-resisted|p1a: Pelipper
|-crit|p1a: Pelipper
|-damage|p1a: Pelipper|59/100
|
|-weather|RainDance|[upkeep]
|upkeep
|turn|5
|
|t:|1654821423
|move|p2a: Heatran|Stealth Rock|p1a: Pelipper
|-sidestart|p1: Y0Z0RA|move: Stealth Rock
|move|p1a: Pelipper|Scald|p2a: Heatran
|-supereffective|p2a: Heatran
|-damage|p2a: Heatran|27/100
|-enditem|p2a: Heatran|Air Balloon
|
|-weather|RainDance|[upkeep]
|upkeep
|turn|6
|
|t:|1654821428
|switch|p2a: Tapu Lele|Tapu Lele|100/100
|-fieldstart|move: Psychic Terrain|[from] ability: Psychic Surge|[of] p2a: Tapu Lele
|move|p1a: Pelipper|Scald|p2a: Tapu Lele
|-damage|p2a: Tapu Lele|54/100
|-status|p2a: Tapu Lele|brn
|
|-weather|RainDance|[upkeep]
|-damage|p2a: Tapu Lele|48/100 brn|[from] brn
|upkeep
|turn|7
|
|t:|1654821437
|switch|p1a: Ferrothorn|Ferrothorn, F|100/100
|-damage|p1a: Ferrothorn|94/100|[from] Stealth Rock
|move|p2a: Tapu Lele|Focus Blast|p1a: Ferrothorn
|-supereffective|p1a: Ferrothorn
|-damage|p1a: Ferrothorn|43/100
|
|-weather|RainDance|[upkeep]
|-heal|p1a: Ferrothorn|49/100|[from] item: Leftovers
|-damage|p2a: Tapu Lele|42/100 brn|[from] brn
|upkeep
|turn|8
|
|t:|1654821443
|switch|p1a: Landorus|Landorus-Therian, M|100/100
|-damage|p1a: Landorus|88/100|[from] Stealth Rock
|-ability|p1a: Landorus|Intimidate|boost
|-unboost|p2a: Tapu Lele|atk|1
|move|p2a: Tapu Lele|Focus Blast|p1a: Landorus
|-resisted|p1a: Landorus
|-damage|p1a: Landorus|65/100
|
|-weather|RainDance|[upkeep]
|-heal|p1a: Landorus|71/100|[from] item: Leftovers
|-damage|p2a: Tapu Lele|36/100 brn|[from] brn
|upkeep
|turn|9
|
|t:|1654821449
|switch|p2a: Heatran|Heatran, M|27/100
|move|p1a: Landorus|Toxic|p2a: Heatran
|-immune|p2a: Heatran
|
|-weather|RainDance|[upkeep]
|-heal|p1a: Landorus|77/100|[from] item: Leftovers
|upkeep
|turn|10
|
|t:|1654821452
|move|p2a: Heatran|Magma Storm|p1a: Landorus
|-damage|p1a: Landorus|51/100
|-activate|p1a: Landorus|move: Magma Storm|[of] p2a: Heatran
|move|p1a: Landorus|Earthquake|p2a: Heatran
|-supereffective|p2a: Heatran
|-damage|p2a: Heatran|0 fnt
|faint|p2a: Heatran
|
|-weather|RainDance|[upkeep]
|-heal|p1a: Landorus|57/100|[from] item: Leftovers
|-end|p1a: Landorus|Magma Storm|[partiallytrapped]|[silent]
|-fieldend|move: Psychic Terrain
|upkeep
|
|t:|1654821455
|switch|p2a: Landorus|Landorus-Therian, M|100/100
|-ability|p2a: Landorus|Intimidate|boost
|-unboost|p1a: Landorus|atk|1
|turn|11
|
|t:|1654821457
|move|p2a: Landorus|Substitute|p2a: Landorus
|-start|p2a: Landorus|Substitute
|-damage|p2a: Landorus|76/100
|move|p1a: Landorus|Toxic||[still]
|-fail|p1a: Landorus
|
|-weather|none
|-heal|p2a: Landorus|82/100|[from] item: Leftovers
|-heal|p1a: Landorus|63/100|[from] item: Leftovers
|upkeep
|turn|12
|
|t:|1654821460
|move|p2a: Landorus|Swords Dance|p2a: Landorus
|-boost|p2a: Landorus|atk|2
|move|p1a: Landorus|U-turn|p2a: Landorus
|-resisted|p2a: Landorus
|-activate|p2a: Landorus|move: Substitute|[damage]
|
|t:|1654821463
|switch|p1a: Barraskewda|Barraskewda, M, shiny|100/100|[from]move: U-turn
|-damage|p1a: Barraskewda|88/100|[from] Stealth Rock
|
|-heal|p2a: Landorus|88/100|[from] item: Leftovers
|upkeep
|turn|13
|
|t:|1654821465
|move|p1a: Barraskewda|Flip Turn|p2a: Landorus
|-supereffective|p2a: Landorus
|-end|p2a: Landorus|Substitute
|
|t:|1654821467
|switch|p1a: Corviknight|Corviknight, M|70/100|[from]move: Flip Turn
|-damage|p1a: Corviknight|58/100|[from] Stealth Rock
|-ability|p1a: Corviknight|Pressure
|move|p2a: Landorus|Substitute|p2a: Landorus
|-start|p2a: Landorus|Substitute
|-damage|p2a: Landorus|63/100
|
|-heal|p2a: Landorus|69/100|[from] item: Leftovers
|-heal|p1a: Corviknight|64/100|[from] item: Leftovers
|upkeep
|turn|14
|
|t:|1654821471
|move|p2a: Landorus|Smack Down|p1a: Corviknight
|-damage|p1a: Corviknight|38/100
|-start|p1a: Corviknight|Smack Down
|move|p1a: Corviknight|Defog|p2a: Landorus
|-sideend|p1: Y0Z0RA|Stealth Rock|[from] move: Defog|[of] p1a: Corviknight
|
|-heal|p2a: Landorus|75/100|[from] item: Leftovers
|-heal|p1a: Corviknight|45/100|[from] item: Leftovers
|upkeep
|turn|15
|
|t:|1654821478
|switch|p1a: Ferrothorn|Ferrothorn, F|49/100
|move|p2a: Landorus|Smack Down|p1a: Ferrothorn
|-resisted|p1a: Ferrothorn
|-damage|p1a: Ferrothorn|35/100
|
|-heal|p2a: Landorus|81/100|[from] item: Leftovers
|-heal|p1a: Ferrothorn|41/100|[from] item: Leftovers
|upkeep
|turn|16
|
|t:|1654821488
|move|p2a: Landorus|Earthquake|p1a: Ferrothorn
|-damage|p1a: Ferrothorn|0 fnt
|faint|p1a: Ferrothorn
|
|-heal|p2a: Landorus|87/100|[from] item: Leftovers
|upkeep
|
|t:|1654821491
|switch|p1a: Barraskewda|Barraskewda, M, shiny|88/100
|turn|17
|
|t:|1654821495
|move|p1a: Barraskewda|Flip Turn|p2a: Landorus
|-supereffective|p2a: Landorus
|-end|p2a: Landorus|Substitute
|
|t:|1654821498
|switch|p1a: Corviknight|Corviknight, M|45/100|[from]move: Flip Turn
|-ability|p1a: Corviknight|Pressure
|move|p2a: Landorus|Substitute|p2a: Landorus
|-start|p2a: Landorus|Substitute
|-damage|p2a: Landorus|62/100
|
|-heal|p2a: Landorus|68/100|[from] item: Leftovers
|-heal|p1a: Corviknight|51/100|[from] item: Leftovers
|upkeep
|turn|18
|
|t:|1654821500
|move|p2a: Landorus|Smack Down|p1a: Corviknight
|-damage|p1a: Corviknight|23/100
|-start|p1a: Corviknight|Smack Down
|move|p1a: Corviknight|Roost|p1a: Corviknight
|-heal|p1a: Corviknight|73/100
|-singleturn|p1a: Corviknight|move: Roost
|
|-heal|p2a: Landorus|74/100|[from] item: Leftovers
|-heal|p1a: Corviknight|79/100|[from] item: Leftovers
|upkeep
|turn|19
|
|t:|1654821504
|switch|p1a: Landorus|Landorus-Therian, M|63/100
|-ability|p1a: Landorus|Intimidate|boost
|-immune|p2a: Landorus
|move|p2a: Landorus|Swords Dance|p2a: Landorus
|-boost|p2a: Landorus|atk|2
|
|-heal|p2a: Landorus|80/100|[from] item: Leftovers
|-heal|p1a: Landorus|69/100|[from] item: Leftovers
|upkeep
|turn|20
|
|t:|1654821505
|move|p2a: Landorus|Smack Down|p1a: Landorus
|-damage|p1a: Landorus|35/100
|-start|p1a: Landorus|Smack Down
|move|p1a: Landorus|U-turn|p2a: Landorus
|-resisted|p2a: Landorus
|-activate|p2a: Landorus|move: Substitute|[damage]
|
|t:|1654821508
|switch|p1a: Barraskewda|Barraskewda, M, shiny|88/100|[from]move: U-turn
|
|-heal|p2a: Landorus|86/100|[from] item: Leftovers
|upkeep
|turn|21
|
|t:|1654821511
|move|p1a: Barraskewda|Flip Turn|p2a: Landorus
|-supereffective|p2a: Landorus
|-end|p2a: Landorus|Substitute
|
|t:|1654821513
|switch|p1a: Landorus|Landorus-Therian, M|35/100|[from]move: Flip Turn
|-ability|p1a: Landorus|Intimidate|boost
|-unboost|p2a: Landorus|atk|1
|move|p2a: Landorus|Substitute|p2a: Landorus
|-start|p2a: Landorus|Substitute
|-damage|p2a: Landorus|61/100
|
|-heal|p2a: Landorus|67/100|[from] item: Leftovers
|-heal|p1a: Landorus|41/100|[from] item: Leftovers
|upkeep
|turn|22
|
|t:|1654821515
|move|p2a: Landorus|Smack Down|p1a: Landorus
|-damage|p1a: Landorus|15/100
|-start|p1a: Landorus|Smack Down
|move|p1a: Landorus|U-turn|p2a: Landorus
|-resisted|p2a: Landorus
|-activate|p2a: Landorus|move: Substitute|[damage]
|
|t:|1654821517
|switch|p1a: Barraskewda|Barraskewda, M, shiny|88/100|[from]move: U-turn
|
|-heal|p2a: Landorus|73/100|[from] item: Leftovers
|upkeep
|turn|23
|
|t:|1654821522
|move|p1a: Barraskewda|Flip Turn|p2a: Landorus
|-supereffective|p2a: Landorus
|-end|p2a: Landorus|Substitute
|
|t:|1654821531
|switch|p1a: Landorus|Landorus-Therian, M|15/100|[from]move: Flip Turn
|-ability|p1a: Landorus|Intimidate|boost
|-unboost|p2a: Landorus|atk|1
|move|p2a: Landorus|Substitute|p2a: Landorus
|-start|p2a: Landorus|Substitute
|-damage|p2a: Landorus|48/100
|
|-heal|p2a: Landorus|54/100|[from] item: Leftovers
|-heal|p1a: Landorus|21/100|[from] item: Leftovers
|upkeep
|turn|24
|
|t:|1654821537
|switch|p1a: Corviknight|Corviknight, M|79/100
|-ability|p1a: Corviknight|Pressure
|move|p2a: Landorus|Smack Down|p1a: Corviknight
|-damage|p1a: Corviknight|54/100
|-start|p1a: Corviknight|Smack Down
|
|-heal|p2a: Landorus|60/100|[from] item: Leftovers
|-heal|p1a: Corviknight|61/100|[from] item: Leftovers
|upkeep
|turn|25
|
|t:|1654821542
|switch|p1a: Landorus|Landorus-Therian, M|21/100
|-ability|p1a: Landorus|Intimidate|boost
|-immune|p2a: Landorus
|move|p2a: Landorus|Earthquake|p1a: Landorus
|-immune|p1a: Landorus
|
|-heal|p2a: Landorus|66/100|[from] item: Leftovers
|-heal|p1a: Landorus|27/100|[from] item: Leftovers
|upkeep
|turn|26
|
|t:|1654821548
|switch|p1a: Corviknight|Corviknight, M|61/100
|-ability|p1a: Corviknight|Pressure
|move|p2a: Landorus|Smack Down|p1a: Corviknight
|-damage|p1a: Corviknight|33/100
|-start|p1a: Corviknight|Smack Down
|
|-heal|p2a: Landorus|72/100|[from] item: Leftovers
|-heal|p1a: Corviknight|39/100|[from] item: Leftovers
|upkeep
|turn|27
|
|t:|1654821551
|move|p2a: Landorus|Swords Dance|p2a: Landorus
|-boost|p2a: Landorus|atk|2
|move|p1a: Corviknight|Roost|p1a: Corviknight
|-heal|p1a: Corviknight|89/100
|-singleturn|p1a: Corviknight|move: Roost
|
|-heal|p2a: Landorus|79/100|[from] item: Leftovers
|-heal|p1a: Corviknight|95/100|[from] item: Leftovers
|upkeep
|turn|28
|
|t:|1654821555
|switch|p1a: Landorus|Landorus-Therian, M|27/100
|-ability|p1a: Landorus|Intimidate|boost
|-immune|p2a: Landorus
|move|p2a: Landorus|Earthquake|p1a: Landorus
|-immune|p1a: Landorus
|
|-heal|p2a: Landorus|85/100|[from] item: Leftovers
|-heal|p1a: Landorus|33/100|[from] item: Leftovers
|upkeep
|turn|29
|
|t:|1654821563
|move|p2a: Landorus|Smack Down|p1a: Landorus
|-crit|p1a: Landorus
|-damage|p1a: Landorus|0 fnt
|faint|p1a: Landorus
|
|-heal|p2a: Landorus|91/100|[from] item: Leftovers
|upkeep
|
|t:|1654821567
|switch|p1a: Barraskewda|Barraskewda, M, shiny|88/100
|turn|30
|
|t:|1654821573
|move|p1a: Barraskewda|Flip Turn|p2a: Landorus
|-supereffective|p2a: Landorus
|-end|p2a: Landorus|Substitute
|
|t:|1654821586
|switch|p1a: Corviknight|Corviknight, M|95/100|[from]move: Flip Turn
|-ability|p1a: Corviknight|Pressure
|move|p2a: Landorus|Substitute|p2a: Landorus
|-start|p2a: Landorus|Substitute
|-damage|p2a: Landorus|66/100
|
|-heal|p2a: Landorus|72/100|[from] item: Leftovers
|-heal|p1a: Corviknight|100/100|[from] item: Leftovers
|upkeep
|turn|31
|
|t:|1654821588
|move|p2a: Landorus|Smack Down|p1a: Corviknight
|-damage|p1a: Corviknight|58/100
|-start|p1a: Corviknight|Smack Down
|move|p1a: Corviknight|U-turn|p2a: Landorus
|-resisted|p2a: Landorus
|-activate|p2a: Landorus|move: Substitute|[damage]
|
|t:|1654821591
|switch|p1a: Barraskewda|Barraskewda, M, shiny|88/100|[from]move: U-turn
|
|-heal|p2a: Landorus|78/100|[from] item: Leftovers
|upkeep
|turn|32
|
|t:|1654821594
|move|p1a: Barraskewda|Flip Turn|p2a: Landorus
|-supereffective|p2a: Landorus
|-end|p2a: Landorus|Substitute
|
|t:|1654821596
|switch|p1a: Corviknight|Corviknight, M|58/100|[from]move: Flip Turn
|-ability|p1a: Corviknight|Pressure
|move|p2a: Landorus|Substitute|p2a: Landorus
|-start|p2a: Landorus|Substitute
|-damage|p2a: Landorus|53/100
|
|-heal|p2a: Landorus|59/100|[from] item: Leftovers
|-heal|p1a: Corviknight|64/100|[from] item: Leftovers
|upkeep
|turn|33
|
|t:|1654821598
|move|p2a: Landorus|Smack Down|p1a: Corviknight
|-damage|p1a: Corviknight|27/100
|-start|p1a: Corviknight|Smack Down
|move|p1a: Corviknight|U-turn|p2a: Landorus
|-resisted|p2a: Landorus
|-activate|p2a: Landorus|move: Substitute|[damage]
|
|t:|1654821600
|switch|p1a: Barraskewda|Barraskewda, M, shiny|88/100|[from]move: U-turn
|
|-heal|p2a: Landorus|65/100|[from] item: Leftovers
|upkeep
|turn|34
|
|t:|1654821606
|move|p1a: Barraskewda|Liquidation|p2a: Landorus
|-supereffective|p2a: Landorus
|-end|p2a: Landorus|Substitute
|move|p2a: Landorus|Substitute|p2a: Landorus
|-start|p2a: Landorus|Substitute
|-damage|p2a: Landorus|40/100
|
|-heal|p2a: Landorus|46/100|[from] item: Leftovers
|upkeep
|turn|35
|
|t:|1654821610
|move|p1a: Barraskewda|Liquidation|p2a: Landorus
|-supereffective|p2a: Landorus
|-end|p2a: Landorus|Substitute
|move|p2a: Landorus|Smack Down|p1a: Barraskewda
|-crit|p1a: Barraskewda
|-damage|p1a: Barraskewda|0 fnt
|faint|p1a: Barraskewda
|
|-heal|p2a: Landorus|52/100|[from] item: Leftovers
|upkeep
|
|t:|1654821612
|switch|p1a: Corviknight|Corviknight, M|27/100
|-ability|p1a: Corviknight|Pressure
|turn|36
|
|t:|1654821614
|move|p2a: Landorus|Smack Down|p1a: Corviknight
|-damage|p1a: Corviknight|0 fnt
|faint|p1a: Corviknight
|
|-heal|p2a: Landorus|58/100|[from] item: Leftovers
|upkeep
|
|t:|1654821616
|switch|p1a: Pelipper|Pelipper, M|59/100
|-weather|RainDance|[from] ability: Drizzle|[of] p1a: Pelipper
|turn|37
|
|t:|1654821617
|move|p2a: Landorus|Smack Down|p1a: Pelipper
|-supereffective|p1a: Pelipper
|-damage|p1a: Pelipper|0 fnt
|faint|p1a: Pelipper
|
|-weather|RainDance|[upkeep]
|-heal|p2a: Landorus|64/100|[from] item: Leftovers
|upkeep
|c|☆Elite4Donovan|gg
|-message|Y0Z0RA forfeited.
|
|win|Elite4Donovan
|raw|Y0Z0RA's rating: 1481 &rarr; <strong>1463</strong><br />(-18 for losing)
|raw|Elite4Donovan's rating: 1511 &rarr; <strong>1529</strong><br />(+18 for winning)
|l|☆Y0Z0RA
||Ladder isn't responding, score probably updated but might not have (Request timeout).
