|raw|<div class="broadcast-blue"><strong>This battle is required to be public due to a player having a name starting with 'lt92pf'.</div>
|j|☆LT92PF PDC
|j|☆Plasmeek
|t:|1660022450
|gametype|singles
|player|p1|LT92PF PDC|ethan|1860
|player|p2|Plasmeek|2|1906
|teamsize|p1|6
|teamsize|p2|6
|gen|8
|tier|[Gen 8] OU
|rated|
|rule|Sleep Clause Mod: Limit one foe put to sleep
|rule|Species Clause: Limit one of each Pokémon
|rule|OHKO Clause: OHKO moves are banned
|rule|Evasion Items Clause: Evasion items are banned
|rule|Evasion Moves Clause: Evasion moves are banned
|rule|Endless Battle Clause: Forcing endless battles is banned
|rule|HP Percentage Mod: HP is shown in percentages
|rule|Dynamax Clause: You cannot dynamax
|clearpoke
|poke|p1|Zapdos|
|poke|p1|Clefable, F|
|poke|p1|Hydreigon, M|
|poke|p1|Toxapex, F|
|poke|p1|Ferrothorn, M|
|poke|p1|Zeraora|
|poke|p2|Urshifu-*, M|
|poke|p2|Heatran, M|
|poke|p2|Rotom-Wash|
|poke|p2|Landorus-Therian, M|
|poke|p2|Tapu Lele|
|poke|p2|Weavile, M|
|teampreview
|
|t:|1660022493
|start
|switch|p1a: Initiation|Toxapex, F|100/100
|switch|p2a: Heatran|Heatran, M|100/100
|turn|1
|
|t:|1660022500
|switch|p1a: Coming Down|Hydreigon, M|100/100
|move|p2a: Heatran|Stealth Rock|p1a: Coming Down
|-sidestart|p1: LT92PF PDC|move: Stealth Rock
|
|upkeep
|turn|2
|
|t:|1660022508
|switch|p2a: Urshifu|Urshifu-Rapid-Strike, M|100/100
|move|p1a: Coming Down|Dark Pulse|p2a: Urshifu
|-resisted|p2a: Urshifu
|-damage|p2a: Urshifu|66/100
|
|upkeep
|turn|3
|
|t:|1660022516
|switch|p1a: Initiation|Toxapex, F|100/100
|-damage|p1a: Initiation|88/100|[from] Stealth Rock
|move|p2a: Urshifu|U-turn|p1a: Initiation
|-resisted|p1a: Initiation
|-damage|p1a: Initiation|80/100
|
|t:|1660022519
|switch|p2a: Tapu Lele|Tapu Lele|100/100|[from]move: U-turn
|-fieldstart|move: Psychic Terrain|[from] ability: Psychic Surge|[of] p2a: Tapu Lele
|
|upkeep
|turn|4
|j| Aurora
|
|t:|1660022525
|switch|p1a: What You Need|Ferrothorn, M|100/100
|-damage|p1a: What You Need|94/100|[from] Stealth Rock
|move|p2a: Tapu Lele|Future Sight|p1a: What You Need
|-start|p2a: Tapu Lele|move: Future Sight
|
|-heal|p1a: What You Need|100/100|[from] item: Leftovers
|upkeep
|turn|5
|
|t:|1660022540
|switch|p2a: Urshifu|Urshifu-Rapid-Strike, M|66/100
|move|p1a: What You Need|Stealth Rock|p2a: Urshifu
|-sidestart|p2: Plasmeek|move: Stealth Rock
|
|upkeep
|turn|6
|j| AlIoutdragadarts
|inactive|Battle timer is ON: inactive players will automatically lose when time's up. (requested by Plasmeek)
|
|t:|1660022584
|switch|p1a: Valerie|Clefable, F|100/100
|move|p2a: Urshifu|Close Combat|p1a: Valerie
|-resisted|p1a: Valerie
|-damage|p1a: Valerie|78/100
|-unboost|p2a: Urshifu|def|1
|-unboost|p2a: Urshifu|spd|1
|
|-end|p1a: Valerie|move: Future Sight
|-damage|p1a: Valerie|0 fnt
|faint|p1a: Valerie
|upkeep
|
|t:|1660022593
|switch|p1a: BOUGHT A BIG K|Zeraora|100/100
|turn|7
|
|t:|1660022599
|switch|p2a: Landorus|Landorus-Therian, M|100/100
|-damage|p2a: Landorus|88/100|[from] Stealth Rock
|-ability|p2a: Landorus|Intimidate|boost
|-unboost|p1a: BOUGHT A BIG K|atk|1
|move|p1a: BOUGHT A BIG K|Plasma Fists|p2a: Landorus
|-immune|p2a: Landorus
|
|-heal|p2a: Landorus|94/100|[from] item: Leftovers
|-fieldend|move: Psychic Terrain
|upkeep
|turn|8
|
|t:|1660022608
|switch|p1a: The Birds Pt. 1|Zapdos|100/100
|move|p2a: Landorus|Earthquake|p1a: The Birds Pt. 1
|-immune|p1a: The Birds Pt. 1
|
|-heal|p2a: Landorus|99/100|[from] item: Leftovers
|upkeep
|turn|9
|
|t:|1660022613
|switch|p2a: Heatran|Heatran, M|100/100
|-damage|p2a: Heatran|88/100|[from] Stealth Rock
|move|p1a: The Birds Pt. 1|Toxic|p2a: Heatran
|-immune|p2a: Heatran
|
|-heal|p2a: Heatran|94/100|[from] item: Leftovers
|upkeep
|turn|10
|
|t:|1660022623
|move|p2a: Heatran|Magma Storm|p1a: The Birds Pt. 1
|-damage|p1a: The Birds Pt. 1|54/100
|-activate|p1a: The Birds Pt. 1|move: Magma Storm|[of] p2a: Heatran
|move|p1a: The Birds Pt. 1|Volt Switch|p2a: Heatran
|-damage|p2a: Heatran|63/100
|
|t:|1660022626
|switch|p1a: Coming Down|Hydreigon, M|100/100|[from]move: Volt Switch
|-damage|p1a: Coming Down|88/100|[from] Stealth Rock
|
|-heal|p1a: Coming Down|94/100|[from] item: Leftovers
|-heal|p2a: Heatran|70/100|[from] item: Leftovers
|upkeep
|turn|11
|
|t:|1660022631
|switch|p2a: Rotom|Rotom-Wash|100/100
|-damage|p2a: Rotom|88/100|[from] Stealth Rock
|move|p1a: Coming Down|Dark Pulse|p2a: Rotom
|-damage|p2a: Rotom|53/100
|
|-heal|p1a: Coming Down|100/100|[from] item: Leftovers
|-heal|p2a: Rotom|59/100|[from] item: Leftovers
|upkeep
|turn|12
|
|t:|1660022638
|move|p1a: Coming Down|Dark Pulse|p2a: Rotom
|-crit|p2a: Rotom
|-damage|p2a: Rotom|11/100
|move|p2a: Rotom|Volt Switch|p1a: Coming Down
|-resisted|p1a: Coming Down
|-damage|p1a: Coming Down|88/100
|j| defarge
|j| banbootsplz
|
|t:|1660022643
|switch|p2a: Tapu Lele|Tapu Lele|100/100|[from]move: Volt Switch
|-damage|p2a: Tapu Lele|88/100|[from] Stealth Rock
|-fieldstart|move: Psychic Terrain|[from] ability: Psychic Surge|[of] p2a: Tapu Lele
|
|-heal|p1a: Coming Down|94/100|[from] item: Leftovers
|upkeep
|turn|13
|
|t:|1660022651
|switch|p1a: What You Need|Ferrothorn, M|100/100
|-damage|p1a: What You Need|94/100|[from] Stealth Rock
|move|p2a: Tapu Lele|Future Sight|p1a: What You Need
|-start|p2a: Tapu Lele|move: Future Sight
|
|-heal|p1a: What You Need|100/100|[from] item: Leftovers
|upkeep
|turn|14
|j| LT_Alt1
|
|t:|1660022661
|switch|p2a: Landorus|Landorus-Therian, M|99/100
|-damage|p2a: Landorus|88/100|[from] Stealth Rock
|-ability|p2a: Landorus|Intimidate|boost
|-unboost|p1a: What You Need|atk|1
|switch|p1a: The Birds Pt. 1|Zapdos|54/100
|
|-heal|p2a: Landorus|94/100|[from] item: Leftovers
|upkeep
|turn|15
|
|t:|1660022668
|switch|p1a: Coming Down|Hydreigon, M|94/100
|-damage|p1a: Coming Down|82/100|[from] Stealth Rock
|move|p2a: Landorus|U-turn|p1a: Coming Down
|-supereffective|p1a: Coming Down
|-damage|p1a: Coming Down|33/100
|
|t:|1660022687
|switch|p2a: Urshifu|Urshifu-Rapid-Strike, M|66/100|[from]move: U-turn
|-damage|p2a: Urshifu|60/100|[from] Stealth Rock
|
|-end|p1a: Coming Down|move: Future Sight
|-immune|p1a: Coming Down
|-heal|p1a: Coming Down|40/100|[from] item: Leftovers
|upkeep
|turn|16
|
|t:|1660022691
|switch|p1a: Initiation|Toxapex, F|100/100
|-damage|p1a: Initiation|88/100|[from] Stealth Rock
|move|p2a: Urshifu|U-turn|p1a: Initiation
|-resisted|p1a: Initiation
|-damage|p1a: Initiation|81/100
|
|t:|1660022694
|switch|p2a: Tapu Lele|Tapu Lele|88/100|[from]move: U-turn
|-damage|p2a: Tapu Lele|76/100|[from] Stealth Rock
|
|-fieldend|move: Psychic Terrain
|upkeep
|turn|17
|
|t:|1660022706
|switch|p1a: What You Need|Ferrothorn, M|100/100
|-damage|p1a: What You Need|94/100|[from] Stealth Rock
|move|p2a: Tapu Lele|Future Sight|p1a: What You Need
|-start|p2a: Tapu Lele|move: Future Sight
|
|-heal|p1a: What You Need|100/100|[from] item: Leftovers
|upkeep
|turn|18
|
|t:|1660022709
|switch|p2a: Urshifu|Urshifu-Rapid-Strike, M|60/100
|-damage|p2a: Urshifu|54/100|[from] Stealth Rock
|switch|p1a: Coming Down|Hydreigon, M|40/100
|-damage|p1a: Coming Down|27/100|[from] Stealth Rock
|
|-heal|p1a: Coming Down|33/100|[from] item: Leftovers
|upkeep
|turn|19
|j| RevivalMaya
|
|t:|1660022717
|switch|p1a: The Birds Pt. 1|Zapdos|54/100
|move|p2a: Urshifu|Close Combat|p1a: The Birds Pt. 1
|-resisted|p1a: The Birds Pt. 1
|-damage|p1a: The Birds Pt. 1|29/100
|-unboost|p2a: Urshifu|def|1
|-unboost|p2a: Urshifu|spd|1
|
|-end|p1a: The Birds Pt. 1|move: Future Sight
|-damage|p1a: The Birds Pt. 1|0 fnt
|faint|p1a: The Birds Pt. 1
|upkeep
|
|t:|1660022720
|switch|p1a: Initiation|Toxapex, F|100/100
|-damage|p1a: Initiation|88/100|[from] Stealth Rock
|turn|20
|j| storm zone
|j| Arct!c
|
|t:|1660022743
|move|p2a: Urshifu|U-turn|p1a: Initiation
|-resisted|p1a: Initiation
|-damage|p1a: Initiation|80/100
|
|t:|1660022747
|switch|p2a: Heatran|Heatran, M|70/100|[from]move: U-turn
|-damage|p2a: Heatran|57/100|[from] Stealth Rock
|move|p1a: Initiation|Toxic|p2a: Heatran
|-immune|p2a: Heatran
|
|-heal|p2a: Heatran|63/100|[from] item: Leftovers
|upkeep
|turn|21
|
|t:|1660022755
|move|p2a: Heatran|Magma Storm|p1a: Initiation
|-resisted|p1a: Initiation
|-damage|p1a: Initiation|58/100
|-activate|p1a: Initiation|move: Magma Storm|[of] p2a: Heatran
|move|p1a: Initiation|Knock Off|p2a: Heatran
|-damage|p2a: Heatran|48/100
|-enditem|p2a: Heatran|Leftovers|[from] move: Knock Off|[of] p1a: Initiation
|
|-damage|p1a: Initiation|46/100|[from] move: Magma Storm|[partiallytrapped]
|upkeep
|turn|22
|
|t:|1660022759
|move|p2a: Heatran|Earth Power|p1a: Initiation
|-supereffective|p1a: Initiation
|-damage|p1a: Initiation|0 fnt
|faint|p1a: Initiation
|
|upkeep
|
|t:|1660022761
|switch|p1a: Coming Down|Hydreigon, M|33/100
|-damage|p1a: Coming Down|21/100|[from] Stealth Rock
|turn|23
|l| LT_Alt1
|
|t:|1660022771
|switch|p2a: Weavile|Weavile, M|100/100
|-damage|p2a: Weavile|76/100|[from] Stealth Rock
|-ability|p2a: Weavile|Pressure
|move|p1a: Coming Down|Roost|p1a: Coming Down
|-heal|p1a: Coming Down|71/100
|-singleturn|p1a: Coming Down|move: Roost
|
|-heal|p1a: Coming Down|77/100|[from] item: Leftovers
|upkeep
|turn|24
|j| LT_Alt1
|
|t:|1660022777
|move|p2a: Weavile|Low Kick|p1a: Coming Down
|-supereffective|p1a: Coming Down
|-damage|p1a: Coming Down|0 fnt
|faint|p1a: Coming Down
|
|upkeep
|-message|LT92PF PDC forfeited.
|
|win|Plasmeek
|raw|LT92PF PDC's rating: 1860 &rarr; <strong>1843</strong><br />(-17 for losing)
|raw|Plasmeek's rating: 1906 &rarr; <strong>1923</strong><br />(+17 for winning)
|l| LT_Alt1
|j| kyonharuhi
|j| Cra3k
|l| kyonharuhi
|l|☆LT92PF PDC
|l| Cra3k
