|html|<div class="broadcast-blue"><strong>[Gen 8] OU is currently suspecting Melmetal! For information on how to participate check out the <a href="https://www.smogon.com/forums/threads/np-ss-ou-suspect-process-round-12-monster-mash.3709234/">suspect thread</a>.</strong></div>
|j|☆minimax_ai
|j|☆gotsnsd
|t:|1666257286
|gametype|singles
|player|p1|minimax_ai|lusamine-nihilego|1558
|player|p2|gotsnsd|beauty-gen2jp|1558
|teamsize|p1|6
|teamsize|p2|6
|gen|8
|tier|[Gen 8] OU
|rated|
|rule|Sleep Clause Mod: Limit one foe put to sleep
|rule|Species Clause: Limit one of each Pokémon
|rule|OHKO Clause: OHKO moves are banned
|rule|Evasion Items Clause: Evasion items are banned
|rule|Evasion Moves Clause: Evasion moves are banned
|rule|Endless Battle Clause: Forcing endless battles is banned
|rule|HP Percentage Mod: HP is shown in percentages
|rule|Dynamax Clause: You cannot dynamax
|clearpoke
|poke|p1|Rotom-Wash|
|poke|p1|Weavile, M|
|poke|p1|Landorus-Therian, M|
|poke|p1|Heatran, M|
|poke|p1|Tangrowth, M|
|poke|p1|Melmetal|
|poke|p2|Tornadus-Therian, M|
|poke|p2|Ferrothorn, F|
|poke|p2|Nidoking, M|
|poke|p2|Heatran, F|
|poke|p2|Urshifu-*, F|
|poke|p2|Dragapult, M|
|teampreview
|c|☆minimax_ai|hf
|
|t:|1666257289
|start
|switch|p1a: landorustherian|Landorus-Therian, M|100/100
|switch|p2a: Dragapult|Dragapult, M|100/100
|-ability|p1a: landorustherian|Intimidate|boost
|-fail|p2a: Dragapult|unboost|[from] ability: Clear Body|[of] p2a: Dragapult
|turn|1
|inactive|Battle timer is ON: inactive players will automatically lose when time's up. (requested by minimax_ai)
|
|t:|1666257293
|move|p2a: Dragapult|U-turn|p1a: landorustherian
|-resisted|p1a: landorustherian
|-damage|p1a: landorustherian|83/100
|
|t:|1666257297
|switch|p2a: Ferrothorn|Ferrothorn, F|100/100|[from]move: U-turn
|move|p1a: landorustherian|Earthquake|p2a: Ferrothorn
|-crit|p2a: Ferrothorn
|-damage|p2a: Ferrothorn|59/100
|
|-heal|p1a: landorustherian|89/100|[from] item: Leftovers
|upkeep
|turn|2
|
|t:|1666257300
|move|p1a: landorustherian|Earthquake|p2a: Ferrothorn
|-damage|p2a: Ferrothorn|31/100
|move|p2a: Ferrothorn|Leech Seed|p1a: landorustherian
|-start|p1a: landorustherian|move: Leech Seed
|
|-heal|p1a: landorustherian|96/100|[from] item: Leftovers
|-damage|p1a: landorustherian|83/100|[from] Leech Seed|[of] p2a: Ferrothorn
|-heal|p2a: Ferrothorn|45/100|[silent]
|upkeep
|turn|3
|
|t:|1666257303
|switch|p2a: Tornadus|Tornadus-Therian, M|100/100
|move|p1a: landorustherian|U-turn|p2a: Tornadus
|-resisted|p2a: Tornadus
|-damage|p2a: Tornadus|89/100
|
|t:|1666257303
|switch|p1a: Heatran|Heatran, M|100/100|[from]move: U-turn
|-item|p1a: Heatran|Air Balloon
|
|upkeep
|turn|4
|
|t:|1666257306
|move|p2a: Tornadus|Taunt|p1a: Heatran
|-start|p1a: Heatran|move: Taunt
|cant|p1a: Heatran|move: Taunt|Stealth Rock
|
|upkeep
|turn|5
|
|t:|1666257311
|switch|p2a: Urshifu|Urshifu-Rapid-Strike, F|100/100
|move|p1a: Heatran|Eruption|p2a: Urshifu
|-resisted|p2a: Urshifu
|-damage|p2a: Urshifu|39/100
|
|upkeep
|turn|6
|
|t:|1666257313
|switch|p1a: Tangrowth|Tangrowth, M|100/100
|move|p2a: Urshifu|U-turn|p1a: Tangrowth
|-supereffective|p1a: Tangrowth
|-damage|p1a: Tangrowth|73/100
|
|t:|1666257316
|switch|p2a: Nidoking|Nidoking, M|100/100|[from]move: U-turn
|
|upkeep
|turn|7
|
|t:|1666257318
|switch|p1a: Heatran|Heatran, M|100/100
|-item|p1a: Heatran|Air Balloon
|move|p2a: Nidoking|Flamethrower|p1a: Heatran
|-start|p1a: Heatran|ability: Flash Fire
|
|upkeep
|turn|8
|
|t:|1666257327
|move|p1a: Heatran|Stealth Rock|p2a: Nidoking
|-sidestart|p2: gotsnsd|move: Stealth Rock
|move|p2a: Nidoking|Ice Beam|p1a: Heatran
|-resisted|p1a: Heatran
|-damage|p1a: Heatran|90/100
|-enditem|p1a: Heatran|Air Balloon
|
|upkeep
|turn|9
|
|t:|1666257330
|switch|p2a: Heatran|Heatran, F|100/100
|-damage|p2a: Heatran|88/100|[from] Stealth Rock
|move|p1a: Heatran|Eruption|p2a: Heatran
|-start|p2a: Heatran|ability: Flash Fire
|
|-heal|p2a: Heatran|94/100|[from] item: Leftovers
|upkeep
|turn|10
|
|t:|1666257332
|-end|p1a: Heatran|ability: Flash Fire|[silent]
|switch|p1a: landorustherian|Landorus-Therian, M|83/100
|-ability|p1a: landorustherian|Intimidate|boost
|-unboost|p2a: Heatran|atk|1
|move|p2a: Heatran|Earth Power|p1a: landorustherian
|-immune|p1a: landorustherian
|
|-heal|p1a: landorustherian|89/100|[from] item: Leftovers
|-heal|p2a: Heatran|100/100|[from] item: Leftovers
|upkeep
|turn|11
|
|t:|1666257335
|move|p2a: Heatran|Protect|p2a: Heatran
|-singleturn|p2a: Heatran|Protect
|move|p1a: landorustherian|Earthquake|p2a: Heatran
|-activate|p2a: Heatran|move: Protect
|
|-heal|p1a: landorustherian|95/100|[from] item: Leftovers
|upkeep
|turn|12
|
|t:|1666257341
|-end|p2a: Heatran|ability: Flash Fire|[silent]
|switch|p2a: Tornadus|Tornadus-Therian, M|100/100
|move|p1a: landorustherian|Earthquake|p2a: Tornadus
|-immune|p2a: Tornadus
|
|-heal|p1a: landorustherian|100/100|[from] item: Leftovers
|upkeep
|turn|13
|
|t:|1666257344
|move|p2a: Tornadus|Defog|p1a: landorustherian
|-unboost|p1a: landorustherian|evasion|1
|-sideend|p2: gotsnsd|Stealth Rock|[from] move: Defog|[of] p2a: Tornadus
|move|p1a: landorustherian|U-turn|p2a: Tornadus
|-resisted|p2a: Tornadus
|-crit|p2a: Tornadus
|-damage|p2a: Tornadus|80/100
|
|t:|1666257345
|switch|p1a: Heatran|Heatran, M|90/100|[from]move: U-turn
|
|upkeep
|turn|14
|
|t:|1666257348
|move|p2a: Tornadus|Taunt|p1a: Heatran
|-start|p1a: Heatran|move: Taunt
|move|p1a: Heatran|Earth Power|p2a: Tornadus
|-immune|p2a: Tornadus
|
|upkeep
|turn|15
|
|t:|1666257354
|switch|p2a: Heatran|Heatran, F|100/100
|move|p1a: Heatran|Earth Power|p2a: Heatran
|-supereffective|p2a: Heatran
|-damage|p2a: Heatran|20/100
|
|-heal|p2a: Heatran|27/100|[from] item: Leftovers
|upkeep
|turn|16
|
|t:|1666257357
|move|p2a: Heatran|Protect|p2a: Heatran
|-singleturn|p2a: Heatran|Protect
|move|p1a: Heatran|Earth Power|p2a: Heatran
|-activate|p2a: Heatran|move: Protect
|
|-heal|p2a: Heatran|33/100|[from] item: Leftovers
|-end|p1a: Heatran|move: Taunt
|upkeep
|turn|17
|
|t:|1666257360
|move|p1a: Heatran|Earth Power|p2a: Heatran
|-supereffective|p2a: Heatran
|-damage|p2a: Heatran|0 fnt
|faint|p2a: Heatran
|
|upkeep
|
|t:|1666257363
|switch|p2a: Urshifu|Urshifu-Rapid-Strike, F|39/100
|turn|18
|
|t:|1666257365
|switch|p1a: Tangrowth|Tangrowth, M|100/100
|move|p2a: Urshifu|Close Combat|p1a: Tangrowth
|-damage|p1a: Tangrowth|68/100
|-unboost|p2a: Urshifu|def|1
|-unboost|p2a: Urshifu|spd|1
|
|upkeep
|turn|19
|
|t:|1666257370
|move|p2a: Urshifu|U-turn|p1a: Tangrowth
|-supereffective|p1a: Tangrowth
|-damage|p1a: Tangrowth|41/100
|
|t:|1666257373
|switch|p2a: Ferrothorn|Ferrothorn, F|45/100|[from]move: U-turn
|move|p1a: Tangrowth|Focus Blast|p2a: Ferrothorn
|-supereffective|p2a: Ferrothorn
|-damage|p2a: Ferrothorn|0 fnt
|faint|p2a: Ferrothorn
|
|upkeep
|
|t:|1666257376
|switch|p2a: Tornadus|Tornadus-Therian, M|100/100
|turn|20
|
|t:|1666257380
|switch|p1a: Melmetal|Melmetal|100/100
|move|p2a: Tornadus|Knock Off|p1a: Melmetal
|-damage|p1a: Melmetal|90/100
|-enditem|p1a: Melmetal|Assault Vest|[from] move: Knock Off|[of] p2a: Tornadus
|
|upkeep
|turn|21
|
|t:|1666257407
|switch|p2a: Nidoking|Nidoking, M|100/100
|move|p1a: Melmetal|Double Iron Bash|p2a: Nidoking
|-damage|p2a: Nidoking|41/100
|-crit|p2a: Nidoking
|-damage|p2a: Nidoking|0 fnt
|faint|p2a: Nidoking
|-hitcount|p2: Nidoking|2
|
|upkeep
|
|t:|1666257412
|switch|p2a: Urshifu|Urshifu-Rapid-Strike, F|39/100
|turn|22
|
|t:|1666257414
|move|p2a: Urshifu|Close Combat|p1a: Melmetal
|-supereffective|p1a: Melmetal
|-damage|p1a: Melmetal|18/100
|-unboost|p2a: Urshifu|def|1
|-unboost|p2a: Urshifu|spd|1
|move|p1a: Melmetal|Double Iron Bash|p2a: Urshifu
|-resisted|p2a: Urshifu
|-damage|p2a: Urshifu|8/100
|-resisted|p2a: Urshifu
|-damage|p2a: Urshifu|0 fnt
|faint|p2a: Urshifu
|-hitcount|p2: Urshifu|2
|
|upkeep
|
|t:|1666257418
|switch|p2a: Dragapult|Dragapult, M|100/100
|turn|23
|
|t:|1666257420
|switch|p1a: Heatran|Heatran, M|90/100
|move|p2a: Dragapult|Dragon Darts|p1a: Heatran
|-resisted|p1a: Heatran
|-damage|p1a: Heatran|71/100
|-anim|p2a: Dragapult|Dragon Darts|p1a: Heatran
|-resisted|p1a: Heatran
|-damage|p1a: Heatran|54/100
|
|upkeep
|turn|24
|
|t:|1666257423
|move|p2a: Dragapult|Dragon Darts|p1a: Heatran
|-resisted|p1a: Heatran
|-damage|p1a: Heatran|34/100
|-anim|p2a: Dragapult|Dragon Darts|p1a: Heatran
|-resisted|p1a: Heatran
|-damage|p1a: Heatran|16/100
|move|p1a: Heatran|Magma Storm|p2a: Dragapult
|-resisted|p2a: Dragapult
|-damage|p2a: Dragapult|63/100
|-activate|p2a: Dragapult|move: Magma Storm|[of] p1a: Heatran
|
|-damage|p2a: Dragapult|51/100|[from] move: Magma Storm|[partiallytrapped]
|upkeep
|turn|25
|
|t:|1666257426
|switch|p1a: landorustherian|Landorus-Therian, M|100/100
|-ability|p1a: landorustherian|Intimidate|boost
|-fail|p2a: Dragapult|unboost|[from] ability: Clear Body|[of] p2a: Dragapult
|move|p2a: Dragapult|Dragon Darts|p1a: landorustherian
|-damage|p1a: landorustherian|65/100
|-anim|p2a: Dragapult|Dragon Darts|p1a: landorustherian
|-damage|p1a: landorustherian|32/100
|
|-heal|p1a: landorustherian|38/100|[from] item: Leftovers
|-end|p2a: Dragapult|Magma Storm|[partiallytrapped]|[silent]
|upkeep
|turn|26
|
|t:|1666257428
|switch|p1a: Heatran|Heatran, M|16/100
|move|p2a: Dragapult|Dragon Darts|p1a: Heatran
|-resisted|p1a: Heatran
|-damage|p1a: Heatran|0 fnt
|faint|p1a: Heatran
|
|upkeep
|
|t:|1666257428
|switch|p1a: Weavile|Weavile, M|100/100
|-ability|p1a: Weavile|Pressure
|turn|27
|
|t:|1666257431
|move|p1a: Weavile|Ice Shard|p2a: Dragapult
|-supereffective|p2a: Dragapult
|-damage|p2a: Dragapult|0 fnt
|faint|p2a: Dragapult
|
|upkeep
|
|t:|1666257434
|switch|p2a: Tornadus|Tornadus-Therian, M|100/100
|turn|28
|
|t:|1666257437
|move|p1a: Weavile|Ice Shard|p2a: Tornadus
|-supereffective|p2a: Tornadus
|-damage|p2a: Tornadus|34/100
|move|p2a: Tornadus|Hurricane|p1a: Weavile|[miss]
|-miss|p2a: Tornadus|p1a: Weavile
|
|upkeep
|turn|29
|-message|gotsnsd forfeited.
|
|win|minimax_ai
|raw|minimax_ai's rating: 1558 &rarr; <strong>1578</strong><br />(+20 for winning)
|raw|gotsnsd's rating: 1558 &rarr; <strong>1538</strong><br />(-20 for losing)
|c|☆minimax_ai|gg
