|j|☆STOKELESS
|j|☆Spectre Ace
|t:|1664572054
|gametype|singles
|player|p1|STOKELESS|veteran|1634
|player|p2|Spectre Ace|juggler|1626
|teamsize|p1|6
|teamsize|p2|6
|gen|8
|tier|[Gen 8] OU
|rated|
|rule|Sleep Clause Mod: Limit one foe put to sleep
|rule|Species Clause: Limit one of each Pokémon
|rule|OHKO Clause: OHKO moves are banned
|rule|Evasion Items Clause: Evasion items are banned
|rule|Evasion Moves Clause: Evasion moves are banned
|rule|Endless Battle Clause: Forcing endless battles is banned
|rule|HP Percentage Mod: HP is shown in percentages
|rule|Dynamax Clause: You cannot dynamax
|clearpoke
|poke|p1|Weavile, M|
|poke|p1|Volcanion|
|poke|p1|Landorus-Therian, M|
|poke|p1|Zygarde-10%|
|poke|p1|Zapdos|
|poke|p1|Chansey, F|
|poke|p2|Landorus-Therian, M|
|poke|p2|Ferrothorn, M|
|poke|p2|Volcanion|
|poke|p2|Raichu-Alola, F|
|poke|p2|Tapu Koko|
|poke|p2|Clefable, F|
|teampreview
|inactive|Battle timer is ON: inactive players will automatically lose when time's up. (requested by STOKELESS)
|j| Ctannn
|
|t:|1664572070
|start
|switch|p1a: Volcanion|Volcanion|100/100
|switch|p2a: Engine|Volcanion|100/100
|turn|1
|
|t:|1664572079
|switch|p1a: Chansey|Chansey, F|100/100
|move|p2a: Engine|Earth Power|p1a: Chansey
|-damage|p1a: Chansey|91/100
|
|upkeep
|turn|2
|
|t:|1664572089
|switch|p2a: Sundowner|Ferrothorn, M, shiny|100/100
|move|p1a: Chansey|Stealth Rock|p2a: Sundowner
|-sidestart|p2: Spectre Ace|move: Stealth Rock
|
|upkeep
|turn|3
|
|t:|1664572092
|move|p2a: Sundowner|Knock Off|p1a: Chansey
|-damage|p1a: Chansey|77/100
|-enditem|p1a: Chansey|Eviolite|[from] move: Knock Off|[of] p2a: Sundowner
|move|p1a: Chansey|Teleport|p1a: Chansey
|
|t:|1664572098
|switch|p1a: Volcanion|Volcanion|100/100|[from]move: Teleport
|
|upkeep
|turn|4
|
|t:|1664572103
|switch|p1a: Zygarde|Zygarde-10%|100/100
|-ability|p1a: Zygarde|Aura Break
|switch|p2a: Engine|Volcanion|100/100
|
|upkeep
|turn|5
|
|t:|1664572105
|switch|p2a: Clefable|Clefable, F|100/100
|move|p1a: Zygarde|Extreme Speed|p2a: Clefable
|-damage|p2a: Clefable|65/100
|
|upkeep
|turn|6
|
|t:|1664572111
|switch|p1a: Volcanion|Volcanion|100/100
|move|p2a: Clefable|Moonblast|p1a: Volcanion
|-resisted|p1a: Volcanion
|-damage|p1a: Volcanion|81/100
|
|upkeep
|turn|7
|
|t:|1664572119
|switch|p2a: Engine|Volcanion|100/100
|move|p1a: Volcanion|Earth Power|p2a: Engine
|-supereffective|p2a: Engine
|-crit|p2a: Engine
|-damage|p2a: Engine|0 fnt
|faint|p2a: Engine
|
|upkeep
|
|t:|1664572121
|switch|p2a: Booker|Tapu Koko|100/100
|-damage|p2a: Booker|88/100|[from] Stealth Rock
|-fieldstart|move: Electric Terrain|[from] ability: Electric Surge|[of] p2a: Booker
|turn|8
|
|t:|1664572125
|switch|p1a: Chansey|Chansey, F|77/100
|move|p2a: Booker|U-turn|p1a: Chansey
|-damage|p1a: Chansey|60/100
|
|t:|1664572130
|switch|p2a: Sundowner|Ferrothorn, M, shiny|100/100|[from]move: U-turn
|-damage|p2a: Sundowner|94/100|[from] Stealth Rock
|
|-heal|p2a: Sundowner|100/100|[from] item: Leftovers
|upkeep
|turn|9
|
|t:|1664572134
|move|p1a: Chansey|Soft-Boiled|p1a: Chansey
|-heal|p1a: Chansey|100/100
|move|p2a: Sundowner|Spikes|p1a: Chansey
|-sidestart|p1: STOKELESS|Spikes
|
|upkeep
|turn|10
|
|t:|1664572139
|switch|p1a: Volcanion|Volcanion|81/100
|-damage|p1a: Volcanion|69/100|[from] Spikes
|move|p2a: Sundowner|Knock Off|p1a: Volcanion
|-damage|p1a: Volcanion|49/100
|-enditem|p1a: Volcanion|Choice Specs|[from] move: Knock Off|[of] p2a: Sundowner
|
|upkeep
|turn|11
|
|t:|1664572145
|switch|p2a: Amadeus|Landorus-Therian, M|100/100
|-damage|p2a: Amadeus|88/100|[from] Stealth Rock
|-ability|p2a: Amadeus|Intimidate|boost
|-unboost|p1a: Volcanion|atk|1
|move|p1a: Volcanion|Flamethrower|p2a: Amadeus
|-crit|p2a: Amadeus
|-damage|p2a: Amadeus|34/100
|
|-heal|p2a: Amadeus|40/100|[from] item: Leftovers
|upkeep
|turn|12
|
|t:|1664572153
|move|p1a: Volcanion|Steam Eruption|p2a: Amadeus
|-supereffective|p2a: Amadeus
|-damage|p2a: Amadeus|0 fnt
|faint|p2a: Amadeus
|
|upkeep
|
|t:|1664572154
|switch|p2a: Valentine|Raichu-Alola, F, shiny|100/100
|-damage|p2a: Valentine|88/100|[from] Stealth Rock
|turn|13
|
|t:|1664572158
|switch|p1a: Chansey|Chansey, F|100/100
|-damage|p1a: Chansey|88/100|[from] Spikes
|move|p2a: Valentine|Psyshock|p1a: Chansey
|-damage|p1a: Chansey|40/100
|-damage|p2a: Valentine|78/100|[from] item: Life Orb
|
|upkeep
|turn|14
|
|t:|1664572170
|move|p2a: Valentine|Rising Voltage|p1a: Chansey
|-hint|Rising Voltage's BP doubled on grounded target.
|-damage|p1a: Chansey|0 fnt
|faint|p1a: Chansey
|-damage|p2a: Valentine|68/100|[from] item: Life Orb
|
|upkeep
|
|t:|1664572180
|switch|p1a: Zapdos|Zapdos, shiny|100/100
|turn|15
|
|t:|1664572183
|move|p2a: Valentine|Nasty Plot|p2a: Valentine
|-boost|p2a: Valentine|spa|2
|move|p1a: Zapdos|Roost||[still]
|-fail|p1a: Zapdos|heal
|
|-fieldend|move: Electric Terrain
|upkeep
|turn|16
|
|t:|1664572195
|move|p2a: Valentine|Psyshock|p1a: Zapdos
|-damage|p1a: Zapdos|35/100
|-damage|p2a: Valentine|58/100|[from] item: Life Orb
|move|p1a: Zapdos|Heat Wave|p2a: Valentine|[miss]
|-miss|p1a: Zapdos|p2a: Valentine
|
|upkeep
|turn|17
|
|t:|1664572202
|move|p2a: Valentine|Surf|p1a: Zapdos
|-damage|p1a: Zapdos|0 fnt
|faint|p1a: Zapdos
|-damage|p2a: Valentine|48/100|[from] item: Life Orb
|
|upkeep
|
|t:|1664572203
|switch|p1a: Weavile|Weavile, M|100/100
|-damage|p1a: Weavile|88/100|[from] Spikes
|-ability|p1a: Weavile|Pressure
|turn|18
|
|t:|1664572209
|switch|p2a: Sundowner|Ferrothorn, M, shiny|100/100
|-damage|p2a: Sundowner|94/100|[from] Stealth Rock
|move|p1a: Weavile|Knock Off|p2a: Sundowner
|-damage|p2a: Sundowner|45/100
|-damage|p1a: Weavile|76/100|[from] ability: Iron Barbs|[of] p2a: Sundowner
|-enditem|p2a: Sundowner|Leftovers|[from] move: Knock Off|[of] p1a: Weavile
|-damage|p1a: Weavile|66/100|[from] item: Life Orb
|
|upkeep
|turn|19
|
|t:|1664572218
|switch|p2a: Booker|Tapu Koko|88/100
|-damage|p2a: Booker|76/100|[from] Stealth Rock
|-fieldstart|move: Electric Terrain|[from] ability: Electric Surge|[of] p2a: Booker
|move|p1a: Weavile|Swords Dance|p1a: Weavile
|-boost|p1a: Weavile|atk|2
|
|upkeep
|turn|20
|
|t:|1664572222
|move|p1a: Weavile|Ice Shard|p2a: Booker
|-damage|p2a: Booker|0 fnt
|faint|p2a: Booker
|-damage|p1a: Weavile|56/100|[from] item: Life Orb
|
|upkeep
|
|t:|1664572225
|switch|p2a: Clefable|Clefable, F|65/100
|turn|21
|
|t:|1664572227
|move|p1a: Weavile|Triple Axel|p2a: Clefable
|-damage|p2a: Clefable|54/100
|-damage|p2a: Clefable|29/100
|-damage|p2a: Clefable|0 fnt
|faint|p2a: Clefable
|-hitcount|p2: Clefable|3
|-damage|p1a: Weavile|46/100|[from] item: Life Orb
|
|upkeep
|-message|Spectre Ace forfeited.
|
|win|STOKELESS
|raw|STOKELESS's rating: 1634 &rarr; <strong>1655</strong><br />(+21 for winning)
|raw|Spectre Ace's rating: 1647 &rarr; <strong>1626</strong><br />(-21 for losing)
|l|☆Spectre Ace
|l| Ctannn
||Ladder isn't responding, score probably updated but might not have (Request timeout).
