|raw|<div class="broadcast-blue"><strong>This battle is required to be public due to a player having a name starting with 'lt93oq'.</div>
|j|☆tanishq1
|j|☆LT93OQ im garbage
|t:|1660414530
|gametype|singles
|player|p1|tanishq1|265|1707
|player|p2|LT93OQ im garbage|265|1917
|teamsize|p1|6
|teamsize|p2|6
|gen|8
|tier|[Gen 8] OU
|rated|
|rule|Sleep Clause Mod: Limit one foe put to sleep
|rule|Species Clause: Limit one of each Pokémon
|rule|OHKO Clause: OHKO moves are banned
|rule|Evasion Items Clause: Evasion items are banned
|rule|Evasion Moves Clause: Evasion moves are banned
|rule|Endless Battle Clause: Forcing endless battles is banned
|rule|HP Percentage Mod: HP is shown in percentages
|rule|Dynamax Clause: You cannot dynamax
|clearpoke
|poke|p1|Tapu Koko|
|poke|p1|Victini|
|poke|p1|Ferrothorn, M|
|poke|p1|Landorus-Therian, M|
|poke|p1|Slowbro, M|
|poke|p1|Bisharp, M|
|poke|p2|Cresselia, F|
|poke|p2|Clefable, F|
|poke|p2|Quagsire, M|
|poke|p2|Skarmory, M|
|poke|p2|Zapdos|
|poke|p2|Toxapex, M|
|teampreview
|inactive|Battle timer is ON: inactive players will automatically lose when time's up. (requested by LT93OQ im garbage)
|
|t:|1660414555
|start
|switch|p1a: Slowbro|Slowbro, M|100/100
|switch|p2a: Quagsire|Quagsire, M|100/100
|turn|1
|
|t:|1660414562
|switch|p2a: Zapdos|Zapdos|100/100
|-ability|p2a: Zapdos|Pressure
|move|p1a: Slowbro|Future Sight|p2a: Zapdos
|-start|p1a: Slowbro|move: Future Sight
|
|upkeep
|turn|2
|
|t:|1660414568
|switch|p2a: Cresselia|Cresselia, F|100/100
|move|p1a: Slowbro|Teleport|p1a: Slowbro
|
|t:|1660414570
|switch|p1a: Bisharp|Bisharp, M|100/100|[from]move: Teleport
|
|upkeep
|turn|3
|
|t:|1660414572
|move|p2a: Cresselia|Protect|p2a: Cresselia
|-singleturn|p2a: Cresselia|Protect
|move|p1a: Bisharp|Knock Off|p2a: Cresselia
|-activate|p2a: Cresselia|move: Protect
|
|-end|p2a: Cresselia|move: Future Sight
|-resisted|p2a: Cresselia
|-damage|p2a: Cresselia|90/100
|-heal|p2a: Cresselia|96/100|[from] item: Leftovers
|upkeep
|turn|4
|
|t:|1660414576
|switch|p1a: Slowbro|Slowbro, M|100/100
|switch|p2a: Clefable|Clefable, F|100/100
|
|upkeep
|turn|5
|
|t:|1660414579
|move|p2a: Clefable|Stealth Rock|p1a: Slowbro
|-sidestart|p1: tanishq1|move: Stealth Rock
|move|p1a: Slowbro|Future Sight|p2a: Clefable
|-start|p1a: Slowbro|move: Future Sight
|
|upkeep
|turn|6
|
|t:|1660414582
|switch|p2a: Cresselia|Cresselia, F|96/100
|move|p1a: Slowbro|Teleport|p1a: Slowbro
|
|t:|1660414584
|switch|p1a: Bisharp|Bisharp, M|100/100|[from]move: Teleport
|-damage|p1a: Bisharp|95/100|[from] Stealth Rock
|
|-heal|p2a: Cresselia|100/100|[from] item: Leftovers
|upkeep
|turn|7
|
|t:|1660414587
|move|p2a: Cresselia|Protect|p2a: Cresselia
|-singleturn|p2a: Cresselia|Protect
|move|p1a: Bisharp|Swords Dance|p1a: Bisharp
|-boost|p1a: Bisharp|atk|2
|
|-end|p2a: Cresselia|move: Future Sight
|-resisted|p2a: Cresselia
|-damage|p2a: Cresselia|89/100
|-heal|p2a: Cresselia|95/100|[from] item: Leftovers
|upkeep
|turn|8
|
|t:|1660414590
|switch|p2a: Quagsire|Quagsire, M|100/100
|move|p1a: Bisharp|Knock Off|p2a: Quagsire
|-damage|p2a: Quagsire|50/100
|-enditem|p2a: Quagsire|Leftovers|[from] move: Knock Off|[of] p1a: Bisharp
|
|upkeep
|turn|9
|
|t:|1660414592
|move|p1a: Bisharp|Iron Head|p2a: Quagsire
|-resisted|p2a: Quagsire
|-damage|p2a: Quagsire|35/100
|cant|p2a: Quagsire|flinch
|
|upkeep
|turn|10
|
|t:|1660414598
|move|p1a: Bisharp|Knock Off|p2a: Quagsire
|-damage|p2a: Quagsire|5/100
|move|p2a: Quagsire|Recover|p2a: Quagsire
|-heal|p2a: Quagsire|55/100
|
|upkeep
|turn|11
|
|t:|1660414601
|move|p1a: Bisharp|Iron Head|p2a: Quagsire
|-resisted|p2a: Quagsire
|-damage|p2a: Quagsire|37/100
|move|p2a: Quagsire|Recover|p2a: Quagsire
|-heal|p2a: Quagsire|87/100
|
|upkeep
|turn|12
|
|t:|1660414606
|switch|p1a: Ferrothorn|Ferrothorn, M|100/100
|-damage|p1a: Ferrothorn|95/100|[from] Stealth Rock
|move|p2a: Quagsire|Earthquake|p1a: Ferrothorn
|-crit|p1a: Ferrothorn
|-damage|p1a: Ferrothorn|67/100
|
|upkeep
|turn|13
|j| playa13
|
|t:|1660414610
|switch|p2a: Clefable|Clefable, F|100/100
|move|p1a: Ferrothorn|Spikes|p2a: Clefable
|-sidestart|p2: LT93OQ im garbage|Spikes
|
|upkeep
|turn|14
|
|t:|1660414612
|switch|p1a: Slowbro|Slowbro, M|100/100
|move|p2a: Clefable|Knock Off|p1a: Slowbro
|-supereffective|p1a: Slowbro
|-damage|p1a: Slowbro|76/100
|-enditem|p1a: Slowbro|Heavy-Duty Boots|[from] move: Knock Off|[of] p2a: Clefable
|
|upkeep
|turn|15
|j| Keblar
|
|t:|1660414616
|switch|p2a: Zapdos|Zapdos|100/100
|-ability|p2a: Zapdos|Pressure
|move|p1a: Slowbro|Future Sight|p2a: Zapdos
|-start|p1a: Slowbro|move: Future Sight
|
|upkeep
|turn|16
|
|t:|1660414620
|move|p2a: Zapdos|Volt Switch|p1a: Slowbro
|-supereffective|p1a: Slowbro
|-damage|p1a: Slowbro|33/100
|
|t:|1660414622
|switch|p2a: Cresselia|Cresselia, F|95/100|[from]move: Volt Switch
|move|p1a: Slowbro|Teleport|p1a: Slowbro
|
|t:|1660414626
|switch|p1a: Bisharp|Bisharp, M|95/100|[from]move: Teleport
|-damage|p1a: Bisharp|89/100|[from] Stealth Rock
|
|-heal|p2a: Cresselia|100/100|[from] item: Leftovers
|upkeep
|turn|17
|
|t:|1660414628
|move|p2a: Cresselia|Protect|p2a: Cresselia
|-singleturn|p2a: Cresselia|Protect
|move|p1a: Bisharp|Swords Dance|p1a: Bisharp
|-boost|p1a: Bisharp|atk|2
|
|-end|p2a: Cresselia|move: Future Sight
|-resisted|p2a: Cresselia
|-damage|p2a: Cresselia|90/100
|-heal|p2a: Cresselia|96/100|[from] item: Leftovers
|upkeep
|turn|18
|l| Keblar
|
|t:|1660414632
|switch|p2a: Quagsire|Quagsire, M|87/100
|-damage|p2a: Quagsire|75/100|[from] Spikes
|move|p1a: Bisharp|Knock Off|p2a: Quagsire
|-damage|p2a: Quagsire|40/100
|
|upkeep
|turn|19
|
|t:|1660414638
|switch|p2a: Skarmory|Skarmory, M|100/100
|move|p1a: Bisharp|Iron Head|p2a: Skarmory
|-resisted|p2a: Skarmory
|-damage|p2a: Skarmory|74/100
|
|upkeep
|turn|20
|
|t:|1660414640
|move|p1a: Bisharp|Knock Off|p2a: Skarmory
|-damage|p2a: Skarmory|0 fnt
|-enditem|p2a: Skarmory|Shed Shell|[from] move: Knock Off|[of] p1a: Bisharp
|faint|p2a: Skarmory
|
|upkeep
|
|t:|1660414644
|switch|p2a: Zapdos|Zapdos|100/100
|-ability|p2a: Zapdos|Pressure
|turn|21
|
|t:|1660414648
|move|p2a: Zapdos|Volt Switch|p1a: Bisharp
|-damage|p1a: Bisharp|39/100
|
|t:|1660414651
|switch|p2a: Quagsire|Quagsire, M|40/100|[from]move: Volt Switch
|-damage|p2a: Quagsire|28/100|[from] Spikes
|move|p1a: Bisharp|Knock Off|p2a: Quagsire
|-damage|p2a: Quagsire|0 fnt
|faint|p2a: Quagsire
|
|upkeep
|
|t:|1660414652
|switch|p2a: Zapdos|Zapdos|100/100
|-ability|p2a: Zapdos|Pressure
|turn|22
|
|t:|1660414657
|switch|p1a: Tapu Koko|Tapu Koko|100/100
|-fieldstart|move: Electric Terrain|[from] ability: Electric Surge|[of] p1a: Tapu Koko
|move|p2a: Zapdos|Volt Switch|p1a: Tapu Koko
|-resisted|p1a: Tapu Koko
|-damage|p1a: Tapu Koko|77/100
|
|t:|1660414660
|switch|p2a: Clefable|Clefable, F|100/100|[from]move: Volt Switch
|
|upkeep
|turn|23
|
|t:|1660414666
|move|p1a: Tapu Koko|Thunderbolt|p2a: Clefable
|-damage|p2a: Clefable|63/100
|-status|p2a: Clefable|par
|move|p2a: Clefable|Moonblast|p1a: Tapu Koko
|-damage|p1a: Tapu Koko|32/100
|
|upkeep
|turn|24
|
|t:|1660414669
|move|p1a: Tapu Koko|Roost|p1a: Tapu Koko
|-heal|p1a: Tapu Koko|82/100
|-singleturn|p1a: Tapu Koko|move: Roost
|move|p2a: Clefable|Soft-Boiled|p2a: Clefable
|-heal|p2a: Clefable|100/100 par
|
|upkeep
|turn|25
|
|t:|1660414673
|move|p1a: Tapu Koko|U-turn|p2a: Clefable
|-resisted|p2a: Clefable
|-damage|p2a: Clefable|93/100 par
|
|t:|1660414676
|switch|p1a: Slowbro|Slowbro, M|66/100|[from]move: U-turn
|-damage|p1a: Slowbro|54/100|[from] Stealth Rock
|move|p2a: Clefable|Moonblast|p1a: Slowbro
|-damage|p1a: Slowbro|31/100
|
|upkeep
|turn|26
|
|t:|1660414679
|switch|p2a: Zapdos|Zapdos|100/100
|-ability|p2a: Zapdos|Pressure
|move|p1a: Slowbro|Slack Off|p1a: Slowbro
|-heal|p1a: Slowbro|81/100
|
|-fieldend|move: Electric Terrain
|upkeep
|turn|27
|
|t:|1660414683
|switch|p1a: Landorus|Landorus-Therian, M|100/100
|-damage|p1a: Landorus|88/100|[from] Stealth Rock
|-ability|p1a: Landorus|Intimidate|boost
|-unboost|p2a: Zapdos|atk|1
|move|p2a: Zapdos|Toxic|p1a: Landorus
|-status|p1a: Landorus|tox
|
|-heal|p1a: Landorus|94/100 tox|[from] item: Leftovers
|-damage|p1a: Landorus|88/100 tox|[from] psn
|upkeep
|turn|28
|
|t:|1660414686
|switch|p2a: Clefable|Clefable, F|93/100 par
|move|p1a: Landorus|Toxic||[still]
|-fail|p1a: Landorus
|
|-heal|p1a: Landorus|94/100 tox|[from] item: Leftovers
|-damage|p1a: Landorus|82/100 tox|[from] psn
|upkeep
|turn|29
|
|t:|1660414688
|move|p1a: Landorus|Stealth Rock|p2a: Clefable
|-sidestart|p2: LT93OQ im garbage|move: Stealth Rock
|move|p2a: Clefable|Knock Off|p1a: Landorus
|-damage|p1a: Landorus|69/100 tox
|-enditem|p1a: Landorus|Leftovers|[from] move: Knock Off|[of] p2a: Clefable
|
|-damage|p1a: Landorus|51/100 tox|[from] psn
|upkeep
|turn|30
|
|t:|1660414692
|move|p1a: Landorus|U-turn|p2a: Clefable
|-resisted|p2a: Clefable
|-damage|p2a: Clefable|82/100 par
|
|t:|1660414695
|switch|p1a: Slowbro|Slowbro, M|100/100|[from]move: U-turn
|-damage|p1a: Slowbro|88/100|[from] Stealth Rock
|move|p2a: Clefable|Moonblast|p1a: Slowbro
|-damage|p1a: Slowbro|64/100
|
|upkeep
|turn|31
|
|t:|1660414697
|switch|p2a: Zapdos|Zapdos|100/100
|-ability|p2a: Zapdos|Pressure
|move|p1a: Slowbro|Future Sight|p2a: Zapdos
|-start|p1a: Slowbro|move: Future Sight
|
|upkeep
|turn|32
|
|t:|1660414700
|move|p2a: Zapdos|Volt Switch|p1a: Slowbro
|-supereffective|p1a: Slowbro
|-damage|p1a: Slowbro|24/100
|
|t:|1660414701
|switch|p2a: Cresselia|Cresselia, F|96/100|[from]move: Volt Switch
|-damage|p2a: Cresselia|83/100|[from] Stealth Rock
|move|p1a: Slowbro|Teleport|p1a: Slowbro
|
|t:|1660414704
|switch|p1a: Bisharp|Bisharp, M|39/100|[from]move: Teleport
|-damage|p1a: Bisharp|33/100|[from] Stealth Rock
|
|-heal|p2a: Cresselia|89/100|[from] item: Leftovers
|upkeep
|turn|33
|
|t:|1660414707
|move|p1a: Bisharp|Swords Dance|p1a: Bisharp
|-boost|p1a: Bisharp|atk|2
|move|p2a: Cresselia|Moonblast|p1a: Bisharp
|-damage|p1a: Bisharp|3/100
|
|-end|p2a: Cresselia|move: Future Sight
|-resisted|p2a: Cresselia
|-damage|p2a: Cresselia|79/100
|-heal|p2a: Cresselia|86/100|[from] item: Leftovers
|upkeep
|turn|34
|
|t:|1660414721
|switch|p2a: Clefable|Clefable, F|82/100 par
|move|p1a: Bisharp|Knock Off|p2a: Clefable
|-resisted|p2a: Clefable
|-damage|p2a: Clefable|40/100 par
|
|upkeep
|turn|35
|
|t:|1660414726
|move|p1a: Bisharp|Iron Head|p2a: Clefable
|-supereffective|p2a: Clefable
|-damage|p2a: Clefable|0 fnt
|faint|p2a: Clefable
|
|upkeep
|
|t:|1660414728
|switch|p2a: Zapdos|Zapdos|100/100
|-ability|p2a: Zapdos|Pressure
|turn|36
|
|t:|1660414731
|move|p1a: Bisharp|Sucker Punch||[still]
|-fail|p1a: Bisharp
|move|p2a: Zapdos|Roost||[still]
|-fail|p2a: Zapdos|heal
|
|upkeep
|turn|37
|
|t:|1660414733
|move|p1a: Bisharp|Sucker Punch||[still]
|-fail|p1a: Bisharp
|move|p2a: Zapdos|Roost||[still]
|-fail|p2a: Zapdos|heal
|
|upkeep
|turn|38
|
|t:|1660414735
|move|p2a: Zapdos|Volt Switch|p1a: Bisharp
|-damage|p1a: Bisharp|0 fnt
|faint|p1a: Bisharp
|
|t:|1660414739
|switch|p2a: Cresselia|Cresselia, F|86/100|[from]move: Volt Switch
|-damage|p2a: Cresselia|73/100|[from] Stealth Rock
|
|-heal|p2a: Cresselia|79/100|[from] item: Leftovers
|upkeep
|
|t:|1660414741
|switch|p1a: Ferrothorn|Ferrothorn, M|67/100
|-damage|p1a: Ferrothorn|61/100|[from] Stealth Rock
|turn|39
|
|t:|1660414745
|move|p2a: Cresselia|Protect|p2a: Cresselia
|-singleturn|p2a: Cresselia|Protect
|move|p1a: Ferrothorn|Leech Seed|p2a: Cresselia
|-activate|p2a: Cresselia|move: Protect
|
|-heal|p2a: Cresselia|85/100|[from] item: Leftovers
|upkeep
|turn|40
|
|t:|1660414747
|switch|p2a: Zapdos|Zapdos|100/100
|-ability|p2a: Zapdos|Pressure
|move|p1a: Ferrothorn|Leech Seed|p2a: Zapdos
|-start|p2a: Zapdos|move: Leech Seed
|
|-damage|p2a: Zapdos|88/100|[from] Leech Seed|[of] p1a: Ferrothorn
|-heal|p1a: Ferrothorn|74/100|[silent]
|upkeep
|turn|41
|
|t:|1660414753
|switch|p1a: Landorus|Landorus-Therian, M|51/100 tox
|-damage|p1a: Landorus|39/100 tox|[from] Stealth Rock
|-ability|p1a: Landorus|Intimidate|boost
|-unboost|p2a: Zapdos|atk|1
|move|p2a: Zapdos|Heat Wave|p1a: Landorus
|-damage|p1a: Landorus|16/100 tox
|
|-damage|p2a: Zapdos|76/100|[from] Leech Seed|[of] p1a: Landorus
|-heal|p1a: Landorus|28/100 tox|[silent]
|-damage|p1a: Landorus|22/100 tox|[from] psn
|-damage|p1a: Landorus|10/100 tox|[from] item: Sticky Barb
|upkeep
|turn|42
|
|t:|1660414757
|move|p2a: Zapdos|Heat Wave|p1a: Landorus
|-damage|p1a: Landorus|0 fnt
|faint|p1a: Landorus
|
|upkeep
|
|t:|1660414761
|switch|p1a: Victini|Victini|100/100
|turn|43
|
|t:|1660414763
|switch|p2a: Toxapex|Toxapex, M|100/100
|move|p1a: Victini|V-create|p2a: Toxapex
|-resisted|p2a: Toxapex
|-damage|p2a: Toxapex|67/100
|-unboost|p1a: Victini|spe|1
|-unboost|p1a: Victini|def|1
|-unboost|p1a: Victini|spd|1
|
|upkeep
|turn|44
|
|t:|1660414768
|switch|p1a: Ferrothorn|Ferrothorn, M|74/100
|-damage|p1a: Ferrothorn|68/100|[from] Stealth Rock
|move|p2a: Toxapex|Knock Off|p1a: Ferrothorn
|-damage|p1a: Ferrothorn|59/100
|-damage|p2a: Toxapex|55/100|[from] ability: Iron Barbs|[of] p1a: Ferrothorn
|-damage|p2a: Toxapex|39/100|[from] item: Rocky Helmet|[of] p1a: Ferrothorn
|-enditem|p1a: Ferrothorn|Rocky Helmet|[from] move: Knock Off|[of] p2a: Toxapex
|
|upkeep
|turn|45
|
|t:|1660414773
|move|p2a: Toxapex|Recover|p2a: Toxapex
|-heal|p2a: Toxapex|89/100
|move|p1a: Ferrothorn|Spikes|p2a: Toxapex
|-sidestart|p2: LT93OQ im garbage|Spikes
|
|upkeep
|turn|46
|
|t:|1660414775
|switch|p2a: Zapdos|Zapdos|76/100
|-ability|p2a: Zapdos|Pressure
|move|p1a: Ferrothorn|Leech Seed|p2a: Zapdos
|-start|p2a: Zapdos|move: Leech Seed
|
|-damage|p2a: Zapdos|64/100|[from] Leech Seed|[of] p1a: Ferrothorn
|-heal|p1a: Ferrothorn|72/100|[silent]
|upkeep
|turn|47
|j| Calico S
|
|t:|1660414778
|switch|p1a: Victini|Victini|100/100
|move|p2a: Zapdos|Volt Switch|p1a: Victini
|-damage|p1a: Victini|71/100
|
|t:|1660414780
|switch|p2a: Toxapex|Toxapex, M|100/100|[from]move: Volt Switch
|
|upkeep
|turn|48
|
|t:|1660414784
|switch|p1a: Ferrothorn|Ferrothorn, M|72/100
|-damage|p1a: Ferrothorn|66/100|[from] Stealth Rock
|move|p2a: Toxapex|Toxic|p1a: Ferrothorn
|-immune|p1a: Ferrothorn
|
|upkeep
|turn|49
|l| Calico S
|
|t:|1660414786
|switch|p2a: Zapdos|Zapdos|64/100
|-ability|p2a: Zapdos|Pressure
|move|p1a: Ferrothorn|Leech Seed|p2a: Zapdos
|-start|p2a: Zapdos|move: Leech Seed
|
|-damage|p2a: Zapdos|51/100|[from] Leech Seed|[of] p1a: Ferrothorn
|-heal|p1a: Ferrothorn|80/100|[silent]
|upkeep
|turn|50
|
|t:|1660414792
|switch|p1a: Victini|Victini|71/100
|move|p2a: Zapdos|Roost|p2a: Zapdos
|-heal|p2a: Zapdos|100/100
|-singleturn|p2a: Zapdos|move: Roost
|
|-damage|p2a: Zapdos|88/100|[from] Leech Seed|[of] p1a: Victini
|-heal|p1a: Victini|85/100|[silent]
|upkeep
|turn|51
|
|t:|1660414797
|move|p1a: Victini|Will-O-Wisp|p2a: Zapdos
|-status|p2a: Zapdos|brn
|move|p2a: Zapdos|Volt Switch|p1a: Victini
|-damage|p1a: Victini|56/100
|
|t:|1660414800
|switch|p2a: Toxapex|Toxapex, M|100/100|[from]move: Volt Switch
|
|upkeep
|turn|52
|
|t:|1660414803
|switch|p1a: Ferrothorn|Ferrothorn, M|80/100
|-damage|p1a: Ferrothorn|74/100|[from] Stealth Rock
|move|p2a: Toxapex|Knock Off|p1a: Ferrothorn
|-damage|p1a: Ferrothorn|68/100
|-damage|p2a: Toxapex|88/100|[from] ability: Iron Barbs|[of] p1a: Ferrothorn
|
|upkeep
|turn|53
|
|t:|1660414805
|switch|p2a: Zapdos|Zapdos|88/100 brn
|-ability|p2a: Zapdos|Pressure
|move|p1a: Ferrothorn|Spikes|p2a: Zapdos
|-sidestart|p2: LT93OQ im garbage|Spikes
|
|-damage|p2a: Zapdos|82/100 brn|[from] brn
|upkeep
|turn|54
|
|t:|1660414809
|move|p2a: Zapdos|Volt Switch|p1a: Ferrothorn
|-resisted|p1a: Ferrothorn
|-damage|p1a: Ferrothorn|55/100
|
|t:|1660414811
|switch|p2a: Toxapex|Toxapex, M|100/100|[from]move: Volt Switch
|move|p1a: Ferrothorn|Leech Seed|p2a: Toxapex
|-start|p2a: Toxapex|move: Leech Seed
|
|-damage|p2a: Toxapex|88/100|[from] Leech Seed|[of] p1a: Ferrothorn
|-heal|p1a: Ferrothorn|66/100|[silent]
|upkeep
|turn|55
|
|t:|1660414814
|switch|p2a: Zapdos|Zapdos|82/100 brn
|-ability|p2a: Zapdos|Pressure
|switch|p1a: Slowbro|Slowbro, M|57/100
|-damage|p1a: Slowbro|45/100|[from] Stealth Rock
|
|-damage|p2a: Zapdos|76/100 brn|[from] brn
|upkeep
|turn|56
|
|t:|1660414818
|switch|p1a: Tapu Koko|Tapu Koko|82/100
|-fieldstart|move: Electric Terrain|[from] ability: Electric Surge|[of] p1a: Tapu Koko
|move|p2a: Zapdos|Volt Switch|p1a: Tapu Koko
|-resisted|p1a: Tapu Koko
|-damage|p1a: Tapu Koko|59/100
|
|t:|1660414820
|switch|p2a: Cresselia|Cresselia, F|85/100|[from]move: Volt Switch
|-damage|p2a: Cresselia|73/100|[from] Stealth Rock
|
|-heal|p2a: Cresselia|79/100|[from] item: Leftovers
|upkeep
|turn|57
|
|t:|1660414823
|move|p1a: Tapu Koko|Roost|p1a: Tapu Koko
|-heal|p1a: Tapu Koko|100/100
|-singleturn|p1a: Tapu Koko|move: Roost
|move|p2a: Cresselia|Toxic|p1a: Tapu Koko
|-status|p1a: Tapu Koko|tox
|
|-heal|p2a: Cresselia|85/100|[from] item: Leftovers
|-damage|p1a: Tapu Koko|94/100 tox|[from] psn
|upkeep
|turn|58
|
|t:|1660414827
|move|p2a: Cresselia|Protect|p2a: Cresselia
|-singleturn|p2a: Cresselia|Protect
|move|p1a: Tapu Koko|U-turn|p2a: Cresselia
|-activate|p2a: Cresselia|move: Protect
|
|-heal|p2a: Cresselia|91/100|[from] item: Leftovers
|-damage|p1a: Tapu Koko|82/100 tox|[from] psn
|upkeep
|turn|59
|
|t:|1660414830
|move|p1a: Tapu Koko|U-turn|p2a: Cresselia
|-supereffective|p2a: Cresselia
|-damage|p2a: Cresselia|70/100
|
|t:|1660414833
|switch|p1a: Ferrothorn|Ferrothorn, M|66/100|[from]move: U-turn
|-damage|p1a: Ferrothorn|60/100|[from] Stealth Rock
|move|p2a: Cresselia|Moonblast|p1a: Ferrothorn
|-resisted|p1a: Ferrothorn
|-damage|p1a: Ferrothorn|52/100
|-unboost|p1a: Ferrothorn|spa|1
|
|-heal|p2a: Cresselia|76/100|[from] item: Leftovers
|upkeep
|turn|60
|
|t:|1660414835
|move|p2a: Cresselia|Protect|p2a: Cresselia
|-singleturn|p2a: Cresselia|Protect
|move|p1a: Ferrothorn|Leech Seed|p2a: Cresselia
|-activate|p2a: Cresselia|move: Protect
|
|-heal|p2a: Cresselia|82/100|[from] item: Leftovers
|-fieldend|move: Electric Terrain
|upkeep
|turn|61
|
|t:|1660414838
|switch|p2a: Zapdos|Zapdos|76/100 brn
|-ability|p2a: Zapdos|Pressure
|move|p1a: Ferrothorn|Leech Seed|p2a: Zapdos|[miss]
|-miss|p1a: Ferrothorn|p2a: Zapdos
|
|-damage|p2a: Zapdos|70/100 brn|[from] brn
|upkeep
|turn|62
|
|t:|1660414842
|move|p2a: Zapdos|Heat Wave|p1a: Ferrothorn
|-supereffective|p1a: Ferrothorn
|-damage|p1a: Ferrothorn|0 fnt
|faint|p1a: Ferrothorn
|
|-damage|p2a: Zapdos|64/100 brn|[from] brn
|upkeep
|
|t:|1660414843
|switch|p1a: Victini|Victini|56/100
|turn|63
|
|t:|1660414846
|switch|p2a: Toxapex|Toxapex, M|100/100
|move|p1a: Victini|Bolt Strike|p2a: Toxapex
|-supereffective|p2a: Toxapex
|-damage|p2a: Toxapex|38/100
|-status|p2a: Toxapex|par
|
|upkeep
|turn|64
|
|t:|1660414851
|switch|p2a: Cresselia|Cresselia, F|82/100
|-damage|p2a: Cresselia|70/100|[from] Stealth Rock
|move|p1a: Victini|Bolt Strike|p2a: Cresselia
|-damage|p2a: Cresselia|46/100
|
|-heal|p2a: Cresselia|52/100|[from] item: Leftovers
|upkeep
|turn|65
|
|t:|1660414856
|move|p2a: Cresselia|Protect|p2a: Cresselia
|-singleturn|p2a: Cresselia|Protect
|move|p1a: Victini|V-create|p2a: Cresselia
|-activate|p2a: Cresselia|move: Protect
|
|-heal|p2a: Cresselia|58/100|[from] item: Leftovers
|upkeep
|turn|66
|
|t:|1660414859
|move|p1a: Victini|Will-O-Wisp|p2a: Cresselia
|-status|p2a: Cresselia|brn
|move|p2a: Cresselia|Moonlight|p2a: Cresselia
|-heal|p2a: Cresselia|100/100 brn
|
|-damage|p2a: Cresselia|94/100 brn|[from] brn
|upkeep
|turn|67
|
|t:|1660414861
|move|p1a: Victini|U-turn|p2a: Cresselia
|-supereffective|p2a: Cresselia
|-damage|p2a: Cresselia|68/100 brn
|
|t:|1660414863
|switch|p1a: Tapu Koko|Tapu Koko|82/100 tox|[from]move: U-turn
|-fieldstart|move: Electric Terrain|[from] ability: Electric Surge|[of] p1a: Tapu Koko
|move|p2a: Cresselia|Toxic|p1a: Tapu Koko|[miss]
|-miss|p2a: Cresselia|p1a: Tapu Koko
|
|-heal|p2a: Cresselia|74/100 brn|[from] item: Leftovers
|-damage|p1a: Tapu Koko|76/100 tox|[from] psn
|-damage|p2a: Cresselia|68/100 brn|[from] brn
|upkeep
|turn|68
|
|t:|1660414867
|move|p1a: Tapu Koko|Roost|p1a: Tapu Koko
|-heal|p1a: Tapu Koko|100/100 tox
|-singleturn|p1a: Tapu Koko|move: Roost
|move|p2a: Cresselia|Moonlight|p2a: Cresselia
|-heal|p2a: Cresselia|100/100 brn
|
|-damage|p1a: Tapu Koko|88/100 tox|[from] psn
|-damage|p2a: Cresselia|94/100 brn|[from] brn
|upkeep
|turn|69
|
|t:|1660414869
|move|p2a: Cresselia|Protect|p2a: Cresselia
|-singleturn|p2a: Cresselia|Protect
|move|p1a: Tapu Koko|Thunderbolt|p2a: Cresselia
|-activate|p2a: Cresselia|move: Protect
|
|-heal|p2a: Cresselia|100/100 brn|[from] item: Leftovers
|-damage|p1a: Tapu Koko|70/100 tox|[from] psn
|-damage|p2a: Cresselia|94/100 brn|[from] brn
|upkeep
|turn|70
|
|t:|1660414872
|move|p1a: Tapu Koko|U-turn|p2a: Cresselia
|-supereffective|p2a: Cresselia
|-damage|p2a: Cresselia|74/100 brn
|
|t:|1660414873
|switch|p1a: Slowbro|Slowbro, M|78/100|[from]move: U-turn
|-damage|p1a: Slowbro|66/100|[from] Stealth Rock
|move|p2a: Cresselia|Toxic|p1a: Slowbro
|-status|p1a: Slowbro|tox
|
|-heal|p2a: Cresselia|80/100 brn|[from] item: Leftovers
|-damage|p1a: Slowbro|60/100 tox|[from] psn
|-damage|p2a: Cresselia|74/100 brn|[from] brn
|upkeep
|turn|71
|
|t:|1660414878
|switch|p2a: Toxapex|Toxapex, M|71/100 par
|move|p1a: Slowbro|Teleport|p1a: Slowbro
|
|t:|1660414880
|switch|p1a: Victini|Victini|56/100|[from]move: Teleport
|
|-fieldend|move: Electric Terrain
|upkeep
|turn|72
|
|t:|1660414883
|switch|p1a: Slowbro|Slowbro, M|93/100 tox
|-damage|p1a: Slowbro|81/100 tox|[from] Stealth Rock
|move|p2a: Toxapex|Knock Off|p1a: Slowbro
|-supereffective|p1a: Slowbro
|-damage|p1a: Slowbro|64/100 tox
|
|-damage|p1a: Slowbro|58/100 tox|[from] psn
|upkeep
|turn|73
|
|t:|1660414886
|move|p1a: Slowbro|Future Sight|p2a: Toxapex
|-start|p1a: Slowbro|move: Future Sight
|move|p2a: Toxapex|Recover|p2a: Toxapex
|-heal|p2a: Toxapex|100/100 par
|
|-damage|p1a: Slowbro|46/100 tox|[from] psn
|upkeep
|turn|74
|
|t:|1660414896
|switch|p2a: Cresselia|Cresselia, F|74/100 brn
|-damage|p2a: Cresselia|62/100 brn|[from] Stealth Rock
|move|p1a: Slowbro|Teleport|p1a: Slowbro
|
|t:|1660414899
|switch|p1a: Victini|Victini|56/100|[from]move: Teleport
|
|-heal|p2a: Cresselia|68/100 brn|[from] item: Leftovers
|-damage|p2a: Cresselia|62/100 brn|[from] brn
|upkeep
|turn|75
|
|t:|1660414903
|move|p1a: Victini|V-create|p2a: Cresselia
|-damage|p2a: Cresselia|12/100 brn
|-unboost|p1a: Victini|spe|1
|-unboost|p1a: Victini|def|1
|-unboost|p1a: Victini|spd|1
|move|p2a: Cresselia|Moonlight|p2a: Cresselia
|-heal|p2a: Cresselia|62/100 brn
|
|-end|p2a: Cresselia|move: Future Sight
|-resisted|p2a: Cresselia
|-damage|p2a: Cresselia|52/100 brn
|-heal|p2a: Cresselia|58/100 brn|[from] item: Leftovers
|-damage|p2a: Cresselia|52/100 brn|[from] brn
|upkeep
|turn|76
|
|t:|1660414911
|move|p2a: Cresselia|Toxic|p1a: Victini
|-status|p1a: Victini|tox
|move|p1a: Victini|V-create|p2a: Cresselia
|-damage|p2a: Cresselia|5/100 brn
|-unboost|p1a: Victini|spe|1
|-unboost|p1a: Victini|def|1
|-unboost|p1a: Victini|spd|1
|
|-heal|p2a: Cresselia|11/100 brn|[from] item: Leftovers
|-damage|p1a: Victini|50/100 tox|[from] psn
|-damage|p2a: Cresselia|5/100 brn|[from] brn
|upkeep
|turn|77
|
|t:|1660414915
|move|p2a: Cresselia|Moonlight|p2a: Cresselia
|-heal|p2a: Cresselia|55/100 brn
|move|p1a: Victini|U-turn|p2a: Cresselia
|-supereffective|p2a: Cresselia
|-damage|p2a: Cresselia|29/100 brn
|
|t:|1660414917
|switch|p1a: Tapu Koko|Tapu Koko|70/100 tox|[from]move: U-turn
|-fieldstart|move: Electric Terrain|[from] ability: Electric Surge|[of] p1a: Tapu Koko
|
|-heal|p2a: Cresselia|35/100 brn|[from] item: Leftovers
|-damage|p1a: Tapu Koko|64/100 tox|[from] psn
|-damage|p2a: Cresselia|29/100 brn|[from] brn
|upkeep
|turn|78
|
|t:|1660414918
|move|p1a: Tapu Koko|Thunderbolt|p2a: Cresselia
|-damage|p2a: Cresselia|1/100 brn
|move|p2a: Cresselia|Moonlight|p2a: Cresselia
|-heal|p2a: Cresselia|51/100 brn
|
|-heal|p2a: Cresselia|58/100 brn|[from] item: Leftovers
|-damage|p1a: Tapu Koko|52/100 tox|[from] psn
|-damage|p2a: Cresselia|51/100 brn|[from] brn
|upkeep
|turn|79
|
|t:|1660414921
|move|p1a: Tapu Koko|Thunderbolt|p2a: Cresselia
|-damage|p2a: Cresselia|26/100 brn
|move|p2a: Cresselia|Moonlight|p2a: Cresselia
|-heal|p2a: Cresselia|76/100 brn
|
|-heal|p2a: Cresselia|82/100 brn|[from] item: Leftovers
|-damage|p1a: Tapu Koko|34/100 tox|[from] psn
|-damage|p2a: Cresselia|76/100 brn|[from] brn
|upkeep
|turn|80
|-message|tanishq1 forfeited.
|
|win|LT93OQ im garbage
|raw|tanishq1's rating: 1707 &rarr; <strong>1698</strong><br />(-9 for losing)
|raw|LT93OQ im garbage's rating: 1917 &rarr; <strong>1926</strong><br />(+9 for winning)
|l|☆tanishq1
|l|☆LT93OQ im garbage
||Ladder isn't responding, score probably updated but might not have (Request timeout).
