|j|☆d18l
|j|☆af lele.tomas
|t:|1665452495
|gametype|singles
|player|p1|d18l|backpacker|1752
|player|p2|af lele.tomas|nate|1693
|teamsize|p1|6
|teamsize|p2|6
|gen|8
|tier|[Gen 8] OU
|rated|
|rule|Sleep Clause Mod: Limit one foe put to sleep
|rule|Species Clause: Limit one of each Pokémon
|rule|OHKO Clause: OHKO moves are banned
|rule|Evasion Items Clause: Evasion items are banned
|rule|Evasion Moves Clause: Evasion moves are banned
|rule|Endless Battle Clause: Forcing endless battles is banned
|rule|HP Percentage Mod: HP is shown in percentages
|rule|Dynamax Clause: You cannot dynamax
|clearpoke
|poke|p1|Tapu Koko|
|poke|p1|Victini|
|poke|p1|Landorus-Therian, M|
|poke|p1|Tornadus-Therian, M|
|poke|p1|Rotom-Wash|
|poke|p1|Ferrothorn, F|
|poke|p2|Tyranitar, M|
|poke|p2|Corviknight, M|
|poke|p2|Clefable, M|
|poke|p2|Slowbro, M|
|poke|p2|Garchomp, M|
|poke|p2|Volcarona, M|
|teampreview
|j| Spyer2k
|inactive|Battle timer is ON: inactive players will automatically lose when time's up. (requested by af lele.tomas)
|j| joeyvn
|
|t:|1665452523
|start
|switch|p1a: Tapu Koko|Tapu Koko|100/100
|switch|p2a: Slowbro|Slowbro, M|100/100
|-fieldstart|move: Electric Terrain|[from] ability: Electric Surge|[of] p1a: Tapu Koko
|turn|1
|
|t:|1665452528
|switch|p2a: Tyranitar|Tyranitar, M|100/100
|-weather|Sandstorm|[from] ability: Sand Stream|[of] p2a: Tyranitar
|move|p1a: Tapu Koko|Volt Switch|p2a: Tyranitar
|-damage|p2a: Tyranitar|78/100
|j| pigciel
|inactive|d18l has 120 seconds left.
|
|t:|1665452559
|switch|p1a: Landorus|Landorus-Therian, M|100/100|[from]move: Volt Switch
|-ability|p1a: Landorus|Intimidate|boost
|-unboost|p2a: Tyranitar|atk|1
|
|-weather|Sandstorm|[upkeep]
|-heal|p2a: Tyranitar|84/100|[from] item: Leftovers
|upkeep
|turn|2
|
|t:|1665452562
|switch|p2a: Corviknight|Corviknight, M|100/100
|-ability|p2a: Corviknight|Pressure
|move|p1a: Landorus|Earthquake|p2a: Corviknight
|-immune|p2a: Corviknight
|
|-weather|Sandstorm|[upkeep]
|upkeep
|turn|3
|
|t:|1665452566
|switch|p1a: Ferrothorn|Ferrothorn, F|100/100
|move|p2a: Corviknight|U-turn|p1a: Ferrothorn
|-damage|p1a: Ferrothorn|92/100
|-damage|p2a: Corviknight|88/100|[from] ability: Iron Barbs|[of] p1a: Ferrothorn
|-damage|p2a: Corviknight|71/100|[from] item: Rocky Helmet|[of] p1a: Ferrothorn
|
|t:|1665452572
|switch|p2a: Volcarona|Volcarona, M|100/100|[from]move: U-turn
|
|-weather|Sandstorm|[upkeep]
|-damage|p2a: Volcarona|94/100|[from] Sandstorm
|upkeep
|turn|4
|
|t:|1665452588
|switch|p1a: Landorus|Landorus-Therian, M|100/100
|-ability|p1a: Landorus|Intimidate|boost
|-unboost|p2a: Volcarona|atk|1
|move|p2a: Volcarona|Fiery Dance|p1a: Landorus
|-damage|p1a: Landorus|66/100
|-boost|p2a: Volcarona|spa|1
|
|-weather|Sandstorm|[upkeep]
|-damage|p2a: Volcarona|88/100|[from] Sandstorm
|-heal|p1a: Landorus|72/100|[from] item: Leftovers
|upkeep
|turn|5
|
|t:|1665452592
|switch|p2a: Corviknight|Corviknight, M|71/100
|-ability|p2a: Corviknight|Pressure
|move|p1a: Landorus|Toxic|p2a: Corviknight
|-immune|p2a: Corviknight
|
|-weather|none
|-heal|p1a: Landorus|78/100|[from] item: Leftovers
|-fieldend|move: Electric Terrain
|upkeep
|turn|6
|
|t:|1665452596
|switch|p1a: Ferrothorn|Ferrothorn, F|92/100
|move|p2a: Corviknight|U-turn|p1a: Ferrothorn
|-damage|p1a: Ferrothorn|84/100
|-damage|p2a: Corviknight|59/100|[from] ability: Iron Barbs|[of] p1a: Ferrothorn
|-damage|p2a: Corviknight|42/100|[from] item: Rocky Helmet|[of] p1a: Ferrothorn
|
|t:|1665452598
|switch|p2a: Volcarona|Volcarona, M|88/100|[from]move: U-turn
|
|upkeep
|turn|7
|
|t:|1665452604
|switch|p1a: Victini|Victini|100/100
|move|p2a: Volcarona|Quiver Dance|p2a: Volcarona
|-boost|p2a: Volcarona|spa|1
|-boost|p2a: Volcarona|spd|1
|-boost|p2a: Volcarona|spe|1
|
|upkeep
|turn|8
|j| ty-tyui↻
|inactive|d18l has 120 seconds left.
|l| pigciel
|
|t:|1665452648
|switch|p2a: Slowbro|Slowbro, M|100/100
|move|p1a: Victini|V-create|p2a: Slowbro
|-resisted|p2a: Slowbro
|-damage|p2a: Slowbro|76/100
|-unboost|p1a: Victini|spe|1
|-unboost|p1a: Victini|def|1
|-unboost|p1a: Victini|spd|1
|-damage|p1a: Victini|84/100|[from] item: Rocky Helmet|[of] p2a: Slowbro
|
|upkeep
|turn|9
|
|t:|1665452669
|switch|p1a: Tapu Koko|Tapu Koko|100/100
|-fieldstart|move: Electric Terrain|[from] ability: Electric Surge|[of] p1a: Tapu Koko
|move|p2a: Slowbro|Flamethrower|p1a: Tapu Koko
|-damage|p1a: Tapu Koko|70/100
|
|upkeep
|turn|10
|j| Burnt Bright
|
|t:|1665452678
|switch|p2a: Tyranitar|Tyranitar, M|84/100
|-weather|Sandstorm|[from] ability: Sand Stream|[of] p2a: Tyranitar
|move|p1a: Tapu Koko|Volt Switch|p2a: Tyranitar
|-damage|p2a: Tyranitar|60/100
|
|t:|1665452681
|switch|p1a: Landorus|Landorus-Therian, M|78/100|[from]move: Volt Switch
|-ability|p1a: Landorus|Intimidate|boost
|-unboost|p2a: Tyranitar|atk|1
|
|-weather|Sandstorm|[upkeep]
|-heal|p1a: Landorus|84/100|[from] item: Leftovers
|-heal|p2a: Tyranitar|66/100|[from] item: Leftovers
|upkeep
|turn|11
|
|t:|1665452686
|switch|p2a: Corviknight|Corviknight, M|42/100
|-ability|p2a: Corviknight|Pressure
|move|p1a: Landorus|Earthquake|p2a: Corviknight
|-immune|p2a: Corviknight
|
|-weather|Sandstorm|[upkeep]
|-heal|p1a: Landorus|90/100|[from] item: Leftovers
|upkeep
|turn|12
|
|t:|1665452695
|switch|p1a: Tapu Koko|Tapu Koko|70/100
|move|p2a: Corviknight|Roost|p2a: Corviknight
|-heal|p2a: Corviknight|92/100
|-singleturn|p2a: Corviknight|move: Roost
|
|-weather|Sandstorm|[upkeep]
|-damage|p1a: Tapu Koko|63/100|[from] Sandstorm
|upkeep
|turn|13
|
|t:|1665452700
|switch|p2a: Garchomp|Garchomp, M|100/100
|move|p1a: Tapu Koko|Volt Switch|p2a: Garchomp
|-immune|p2a: Garchomp
|
|-weather|Sandstorm|[upkeep]
|-damage|p1a: Tapu Koko|57/100|[from] Sandstorm
|-fieldend|move: Electric Terrain
|upkeep
|turn|14
|
|t:|1665452704
|switch|p1a: Rotom|Rotom-Wash|100/100
|switch|p2a: Volcarona|Volcarona, M|88/100
|
|-weather|none
|upkeep
|turn|15
|
|t:|1665452709
|move|p2a: Volcarona|Quiver Dance|p2a: Volcarona
|-boost|p2a: Volcarona|spa|1
|-boost|p2a: Volcarona|spd|1
|-boost|p2a: Volcarona|spe|1
|move|p1a: Rotom|Volt Switch|p2a: Volcarona
|-damage|p2a: Volcarona|73/100
|
|t:|1665452711
|switch|p1a: Victini|Victini|84/100|[from]move: Volt Switch
|
|upkeep
|turn|16
|
|t:|1665452714
|switch|p2a: Slowbro|Slowbro, M|100/100
|move|p1a: Victini|V-create|p2a: Slowbro
|-resisted|p2a: Slowbro
|-crit|p2a: Slowbro
|-damage|p2a: Slowbro|66/100
|-unboost|p1a: Victini|spe|1
|-unboost|p1a: Victini|def|1
|-unboost|p1a: Victini|spd|1
|-damage|p1a: Victini|68/100|[from] item: Rocky Helmet|[of] p2a: Slowbro
|
|upkeep
|turn|17
|
|t:|1665452718
|switch|p1a: Tapu Koko|Tapu Koko|57/100
|-fieldstart|move: Electric Terrain|[from] ability: Electric Surge|[of] p1a: Tapu Koko
|move|p2a: Slowbro|Future Sight|p1a: Tapu Koko
|-start|p2a: Slowbro|move: Future Sight
|
|upkeep
|turn|18
|
|t:|1665452725
|switch|p2a: Tyranitar|Tyranitar, M|66/100
|-weather|Sandstorm|[from] ability: Sand Stream|[of] p2a: Tyranitar
|move|p1a: Tapu Koko|Dazzling Gleam|p2a: Tyranitar
|-supereffective|p2a: Tyranitar
|-damage|p2a: Tyranitar|21/100
|
|-weather|Sandstorm|[upkeep]
|-damage|p1a: Tapu Koko|51/100|[from] Sandstorm
|-heal|p2a: Tyranitar|27/100|[from] item: Leftovers
|upkeep
|turn|19
|
|t:|1665452734
|switch|p1a: Ferrothorn|Ferrothorn, F|84/100
|switch|p2a: Volcarona|Volcarona, M|73/100
|
|-weather|Sandstorm|[upkeep]
|-damage|p2a: Volcarona|67/100|[from] Sandstorm
|-end|p1a: Ferrothorn|move: Future Sight
|-resisted|p1a: Ferrothorn
|-damage|p1a: Ferrothorn|65/100
|upkeep
|turn|20
|
|t:|1665452742
|switch|p1a: Landorus|Landorus-Therian, M|90/100
|-ability|p1a: Landorus|Intimidate|boost
|-unboost|p2a: Volcarona|atk|1
|move|p2a: Volcarona|Fiery Dance|p1a: Landorus
|-damage|p1a: Landorus|55/100
|-boost|p2a: Volcarona|spa|1
|
|-weather|Sandstorm|[upkeep]
|-damage|p2a: Volcarona|61/100|[from] Sandstorm
|-heal|p1a: Landorus|61/100|[from] item: Leftovers
|upkeep
|turn|21
|inactive|d18l has 120 seconds left.
|
|t:|1665452774
|move|p2a: Volcarona|Fiery Dance|p1a: Landorus
|-damage|p1a: Landorus|16/100
|-boost|p2a: Volcarona|spa|1
|move|p1a: Landorus|Earthquake|p2a: Volcarona
|-damage|p2a: Volcarona|15/100
|
|-weather|Sandstorm|[upkeep]
|-damage|p2a: Volcarona|9/100|[from] Sandstorm
|-heal|p1a: Landorus|22/100|[from] item: Leftovers
|-fieldend|move: Electric Terrain
|upkeep
|turn|22
|inactive|d18l has 120 seconds left.
|
|t:|1665452788
|move|p2a: Volcarona|Fiery Dance|p1a: Landorus
|-damage|p1a: Landorus|0 fnt
|-boost|p2a: Volcarona|spa|1
|faint|p1a: Landorus
|
|-weather|none
|upkeep
|
|t:|1665452792
|switch|p1a: Victini|Victini|68/100
|turn|23
|l| joeyvn
|
|t:|1665452798
|switch|p2a: Slowbro|Slowbro, M|99/100
|move|p1a: Victini|Bolt Strike|p2a: Slowbro
|-supereffective|p2a: Slowbro
|-damage|p2a: Slowbro|54/100
|-damage|p1a: Victini|51/100|[from] item: Rocky Helmet|[of] p2a: Slowbro
|
|upkeep
|turn|24
|
|t:|1665452802
|switch|p1a: Tapu Koko|Tapu Koko|51/100
|-fieldstart|move: Electric Terrain|[from] ability: Electric Surge|[of] p1a: Tapu Koko
|move|p2a: Slowbro|Future Sight|p1a: Tapu Koko
|-start|p2a: Slowbro|move: Future Sight
|
|upkeep
|turn|25
|
|t:|1665452810
|switch|p2a: Tyranitar|Tyranitar, M|27/100
|-weather|Sandstorm|[from] ability: Sand Stream|[of] p2a: Tyranitar
|move|p1a: Tapu Koko|Dazzling Gleam|p2a: Tyranitar
|-supereffective|p2a: Tyranitar
|-damage|p2a: Tyranitar|0 fnt
|faint|p2a: Tyranitar
|
|-weather|Sandstorm|[upkeep]
|-damage|p1a: Tapu Koko|45/100|[from] Sandstorm
|upkeep
|
|t:|1665452815
|switch|p2a: Corviknight|Corviknight, M|92/100
|-ability|p2a: Corviknight|Pressure
|turn|26
|
|t:|1665452821
|switch|p1a: Ferrothorn|Ferrothorn, F|65/100
|move|p2a: Corviknight|U-turn|p1a: Ferrothorn
|-damage|p1a: Ferrothorn|57/100
|-damage|p2a: Corviknight|80/100|[from] ability: Iron Barbs|[of] p1a: Ferrothorn
|-damage|p2a: Corviknight|63/100|[from] item: Rocky Helmet|[of] p1a: Ferrothorn
|
|t:|1665452823
|switch|p2a: Volcarona|Volcarona, M|9/100|[from]move: U-turn
|
|-weather|Sandstorm|[upkeep]
|-damage|p2a: Volcarona|3/100|[from] Sandstorm
|-end|p1a: Ferrothorn|move: Future Sight
|-resisted|p1a: Ferrothorn
|-damage|p1a: Ferrothorn|40/100
|upkeep
|turn|27
|
|t:|1665452826
|switch|p1a: Tornadus|Tornadus-Therian, M|100/100
|move|p2a: Volcarona|Roost|p2a: Volcarona
|-heal|p2a: Volcarona|53/100
|-singleturn|p2a: Volcarona|move: Roost
|
|-weather|Sandstorm|[upkeep]
|-damage|p1a: Tornadus|94/100|[from] Sandstorm
|-damage|p2a: Volcarona|47/100|[from] Sandstorm
|upkeep
|turn|28
|
|t:|1665452838
|switch|p2a: Corviknight|Corviknight, M|63/100
|-ability|p2a: Corviknight|Pressure
|move|p1a: Tornadus|Knock Off|p2a: Corviknight
|-damage|p2a: Corviknight|52/100
|-damage|p1a: Tornadus|78/100|[from] item: Rocky Helmet|[of] p2a: Corviknight
|-enditem|p2a: Corviknight|Rocky Helmet|[from] move: Knock Off|[of] p1a: Tornadus
|
|-weather|Sandstorm|[upkeep]
|-damage|p1a: Tornadus|72/100|[from] Sandstorm
|-fieldend|move: Electric Terrain
|upkeep
|turn|29
|
|t:|1665452841
|move|p1a: Tornadus|U-turn|p2a: Corviknight
|-resisted|p2a: Corviknight
|-damage|p2a: Corviknight|50/100
|
|t:|1665452844
|switch|p1a: Tapu Koko|Tapu Koko|45/100|[from]move: U-turn
|-fieldstart|move: Electric Terrain|[from] ability: Electric Surge|[of] p1a: Tapu Koko
|move|p2a: Corviknight|U-turn|p1a: Tapu Koko
|-resisted|p1a: Tapu Koko
|-damage|p1a: Tapu Koko|35/100
|
|t:|1665452850
|switch|p2a: Clefable|Clefable, M|100/100|[from]move: U-turn
|
|-weather|none
|upkeep
|turn|30
|
|t:|1665452853
|move|p1a: Tapu Koko|Volt Switch|p2a: Clefable
|-damage|p2a: Clefable|48/100
|
|t:|1665452867
|switch|p1a: Ferrothorn|Ferrothorn, F|40/100|[from]move: Volt Switch
|move|p2a: Clefable|Wish|p2a: Clefable
|
|-heal|p2a: Clefable|55/100|[from] item: Leftovers
|upkeep
|turn|31
|j| Andrew Mellon
|
|t:|1665452876
|switch|p2a: Corviknight|Corviknight, M|50/100
|-ability|p2a: Corviknight|Pressure
|move|p1a: Ferrothorn|Leech Seed|p2a: Corviknight
|-start|p2a: Corviknight|move: Leech Seed
|
|-heal|p2a: Corviknight|99/100|[from] move: Wish|[wisher] Clefable
|-damage|p2a: Corviknight|86/100|[from] Leech Seed|[of] p1a: Ferrothorn
|-heal|p1a: Ferrothorn|54/100|[silent]
|upkeep
|turn|32
|
|t:|1665452880
|switch|p2a: Volcarona|Volcarona, M|47/100
|move|p1a: Ferrothorn|Stealth Rock|p2a: Volcarona
|-sidestart|p2: af lele.tomas|move: Stealth Rock
|
|upkeep
|turn|33
|
|t:|1665452886
|switch|p1a: Tornadus|Tornadus-Therian, M|100/100
|move|p2a: Volcarona|Roost|p2a: Volcarona
|-heal|p2a: Volcarona|97/100
|-singleturn|p2a: Volcarona|move: Roost
|
|-fieldend|move: Electric Terrain
|upkeep
|turn|34
|
|t:|1665452891
|switch|p2a: Corviknight|Corviknight, M|86/100
|-damage|p2a: Corviknight|74/100|[from] Stealth Rock
|-ability|p2a: Corviknight|Pressure
|move|p1a: Tornadus|Hurricane|p2a: Corviknight|[miss]
|-miss|p1a: Tornadus|p2a: Corviknight
|
|upkeep
|turn|35
|
|t:|1665452894
|move|p1a: Tornadus|Heat Wave|p2a: Corviknight|[miss]
|-miss|p1a: Tornadus|p2a: Corviknight
|move|p2a: Corviknight|Defog|p1a: Tornadus
|-unboost|p1a: Tornadus|evasion|1
|-sideend|p2: af lele.tomas|Stealth Rock|[from] move: Defog|[of] p2a: Corviknight
|
|upkeep
|turn|36
|
|t:|1665452898
|switch|p2a: Garchomp|Garchomp, M|100/100
|move|p1a: Tornadus|Heat Wave|p2a: Garchomp
|-resisted|p2a: Garchomp
|-damage|p2a: Garchomp|87/100
|
|-heal|p2a: Garchomp|93/100|[from] item: Leftovers
|upkeep
|turn|37
|
|t:|1665452905
|switch|p1a: Rotom|Rotom-Wash|100/100
|move|p2a: Garchomp|Scale Shot|p1a: Rotom
|-damage|p1a: Rotom|89/100
|-damage|p1a: Rotom|78/100
|-hitcount|p1a: Rotom|2
|-unboost|p2a: Garchomp|def|1
|-boost|p2a: Garchomp|spe|1
|
|-heal|p2a: Garchomp|99/100|[from] item: Leftovers
|-heal|p1a: Rotom|84/100|[from] item: Leftovers
|upkeep
|turn|38
|c| Spyer2k|ooof
|
|t:|1665452915
|move|p2a: Garchomp|Scale Shot|p1a: Rotom
|-damage|p1a: Rotom|72/100
|-crit|p1a: Rotom
|-damage|p1a: Rotom|53/100
|-hitcount|p1a: Rotom|2
|-unboost|p2a: Garchomp|def|1
|-boost|p2a: Garchomp|spe|1
|move|p1a: Rotom|Will-O-Wisp|p2a: Garchomp|[miss]
|-miss|p1a: Rotom|p2a: Garchomp
|
|-heal|p2a: Garchomp|100/100|[from] item: Leftovers
|-heal|p1a: Rotom|59/100|[from] item: Leftovers
|upkeep
|turn|39
|
|t:|1665452921
|move|p2a: Garchomp|Scale Shot|p1a: Rotom
|-crit|p1a: Rotom
|-damage|p1a: Rotom|43/100
|-damage|p1a: Rotom|31/100
|-hitcount|p1a: Rotom|2
|-unboost|p2a: Garchomp|def|1
|-boost|p2a: Garchomp|spe|1
|move|p1a: Rotom|Will-O-Wisp|p2a: Garchomp
|-status|p2a: Garchomp|brn
|
|-heal|p1a: Rotom|37/100|[from] item: Leftovers
|-damage|p2a: Garchomp|94/100 brn|[from] brn
|upkeep
|turn|40
|
|t:|1665452930
|switch|p2a: Clefable|Clefable, M|55/100
|move|p1a: Rotom|Pain Split|p2a: Clefable
|-sethp|p2a: Clefable|42/100|[from] move: Pain Split|[silent]
|-sethp|p1a: Rotom|54/100|[from] move: Pain Split
|
|-heal|p1a: Rotom|60/100|[from] item: Leftovers
|-heal|p2a: Clefable|48/100|[from] item: Leftovers
|upkeep
|turn|41
|c| Spyer2k|OOF
|c| Spyer2k|this game is SHIT
|
|t:|1665452934
|move|p1a: Rotom|Volt Switch|p2a: Clefable
|-damage|p2a: Clefable|26/100
|
|t:|1665452937
|switch|p1a: Victini|Victini|51/100|[from]move: Volt Switch
|move|p2a: Clefable|Wish|p2a: Clefable
|
|-heal|p2a: Clefable|32/100|[from] item: Leftovers
|upkeep
|turn|42
|c| Spyer2k|2 THREE TIMES??????????
|
|t:|1665452944
|switch|p1a: Tapu Koko|Tapu Koko|35/100
|-fieldstart|move: Electric Terrain|[from] ability: Electric Surge|[of] p1a: Tapu Koko
|move|p2a: Clefable|Protect||[still]
|-fail|p2a: Clefable
|
|-heal|p2a: Clefable|82/100|[from] move: Wish|[wisher] Clefable
|-heal|p2a: Clefable|88/100|[from] item: Leftovers
|upkeep
|turn|43
|
|t:|1665452955
|move|p1a: Tapu Koko|Thunderbolt|p2a: Clefable
|-damage|p2a: Clefable|23/100
|move|p2a: Clefable|Wish|p2a: Clefable
|
|-heal|p2a: Clefable|29/100|[from] item: Leftovers
|upkeep
|turn|44
|
|t:|1665452961
|switch|p1a: Tornadus|Tornadus-Therian, M|100/100
|move|p2a: Clefable|Protect||[still]
|-fail|p2a: Clefable
|
|-heal|p2a: Clefable|79/100|[from] move: Wish|[wisher] Clefable
|-heal|p2a: Clefable|85/100|[from] item: Leftovers
|upkeep
|turn|45
|
|t:|1665452963
|move|p1a: Tornadus|Knock Off|p2a: Clefable
|-resisted|p2a: Clefable
|-damage|p2a: Clefable|77/100
|-enditem|p2a: Clefable|Leftovers|[from] move: Knock Off|[of] p1a: Tornadus
|move|p2a: Clefable|Heal Bell|p2a: Clefable
|-activate|p2a: Clefable|move: Heal Bell
|-curestatus|p2: Garchomp|brn|[msg]
|
|upkeep
|turn|46
|
|t:|1665452968
|move|p1a: Tornadus|Hurricane|p2a: Clefable
|-damage|p2a: Clefable|35/100
|move|p2a: Clefable|Moonblast|p1a: Tornadus
|-damage|p1a: Tornadus|77/100
|-unboost|p1a: Tornadus|spa|1
|
|-fieldend|move: Electric Terrain
|upkeep
|turn|47
|
|t:|1665452977
|move|p2a: Clefable|Protect|p2a: Clefable
|-singleturn|p2a: Clefable|Protect
|move|p1a: Tornadus|Hurricane|p2a: Clefable
|-activate|p2a: Clefable|move: Protect
|
|upkeep
|turn|48
|
|t:|1665452980
|switch|p2a: Corviknight|Corviknight, M|74/100
|-ability|p2a: Corviknight|Pressure
|move|p1a: Tornadus|Hurricane|p2a: Corviknight|[miss]
|-miss|p1a: Tornadus|p2a: Corviknight
|
|upkeep
|turn|49
|
|t:|1665452982
|move|p1a: Tornadus|U-turn|p2a: Corviknight
|-resisted|p2a: Corviknight
|-damage|p2a: Corviknight|72/100
|
|t:|1665452994
|switch|p1a: Rotom|Rotom-Wash|60/100|[from]move: U-turn
|move|p2a: Corviknight|U-turn|p1a: Rotom
|-damage|p1a: Rotom|48/100
|
|t:|1665452999
|switch|p2a: Volcarona|Volcarona, M|97/100|[from]move: U-turn
|
|-heal|p1a: Rotom|54/100|[from] item: Leftovers
|upkeep
|turn|50
|
|t:|1665453008
|move|p2a: Volcarona|Quiver Dance|p2a: Volcarona
|-boost|p2a: Volcarona|spa|1
|-boost|p2a: Volcarona|spd|1
|-boost|p2a: Volcarona|spe|1
|move|p1a: Rotom|Pain Split|p2a: Volcarona
|-sethp|p2a: Volcarona|72/100|[from] move: Pain Split|[silent]
|-sethp|p1a: Rotom|83/100|[from] move: Pain Split
|
|-heal|p1a: Rotom|89/100|[from] item: Leftovers
|upkeep
|turn|51
|
|t:|1665453013
|move|p2a: Volcarona|Quiver Dance|p2a: Volcarona
|-boost|p2a: Volcarona|spa|1
|-boost|p2a: Volcarona|spd|1
|-boost|p2a: Volcarona|spe|1
|move|p1a: Rotom|Volt Switch|p2a: Volcarona
|-damage|p2a: Volcarona|61/100
|
|t:|1665453015
|switch|p1a: Victini|Victini|51/100|[from]move: Volt Switch
|
|upkeep
|turn|52
|
|t:|1665453020
|move|p2a: Volcarona|Roost|p2a: Volcarona
|-heal|p2a: Volcarona|100/100
|-singleturn|p2a: Volcarona|move: Roost
|move|p1a: Victini|V-create|p2a: Volcarona
|-damage|p2a: Volcarona|29/100
|-unboost|p1a: Victini|spe|1
|-unboost|p1a: Victini|def|1
|-unboost|p1a: Victini|spd|1
|
|upkeep
|turn|53
|-message|d18l forfeited.
|
|win|af lele.tomas
|raw|d18l's rating: 1752 &rarr; <strong>1729</strong><br />(-23 for losing)
|raw|af lele.tomas's rating: 1693 &rarr; <strong>1716</strong><br />(+23 for winning)
|c|☆af lele.tomas|gg
