|j|☆Chokst du
|j|☆Chikami
|t:|1662507826
|gametype|singles
|player|p1|Chokst du|170|1824
|player|p2|Chikami|nate|1773
|teamsize|p1|6
|teamsize|p2|6
|gen|8
|tier|[Gen 8] OU
|rated|
|rule|Sleep Clause Mod: Limit one foe put to sleep
|rule|Species Clause: Limit one of each Pokémon
|rule|OHKO Clause: OHKO moves are banned
|rule|Evasion Items Clause: Evasion items are banned
|rule|Evasion Moves Clause: Evasion moves are banned
|rule|Endless Battle Clause: Forcing endless battles is banned
|rule|HP Percentage Mod: HP is shown in percentages
|rule|Dynamax Clause: You cannot dynamax
|clearpoke
|poke|p1|Weavile, M|
|poke|p1|Tapu Lele|
|poke|p1|Toxapex, M|
|poke|p1|Landorus-Therian, M|
|poke|p1|Heatran, M|
|poke|p1|Rillaboom, M|
|poke|p2|Scolipede, F|
|poke|p2|Heatran, F|
|poke|p2|Ninetales-Alola, F|
|poke|p2|Tyranitar, F|
|poke|p2|Melmetal|
|poke|p2|Crawdaunt, M|
|teampreview
|j| BabyPigsAreLaughin
|inactive|Battle timer is ON: inactive players will automatically lose when time's up. (requested by Chikami)
|j| flopslips
|
|t:|1662507870
|start
|switch|p1a: Landorus|Landorus-Therian, M|100/100
|switch|p2a: Heatran|Heatran, F|100/100
|-item|p2a: Heatran|Air Balloon
|-ability|p1a: Landorus|Intimidate|boost
|-unboost|p2a: Heatran|atk|1
|turn|1
|
|t:|1662507875
|move|p2a: Heatran|Stealth Rock|p1a: Landorus
|-sidestart|p1: Chokst du|move: Stealth Rock
|move|p1a: Landorus|U-turn|p2a: Heatran
|-resisted|p2a: Heatran
|-damage|p2a: Heatran|96/100
|-status|p1a: Landorus|brn|[from] ability: Flame Body|[of] p2a: Heatran
|-enditem|p2a: Heatran|Air Balloon
|
|t:|1662507885
|switch|p1a: Heatran|Heatran, M|100/100|[from]move: U-turn
|-damage|p1a: Heatran|88/100|[from] Stealth Rock
|-item|p1a: Heatran|Air Balloon
|
|upkeep
|turn|2
|j| SenRine
|inactive|Chikami has 120 seconds left.
|
|t:|1662507920
|switch|p2a: Crawdaunt|Crawdaunt, M|100/100
|move|p1a: Heatran|Stealth Rock|p2a: Crawdaunt
|-sidestart|p2: Chikami|move: Stealth Rock
|
|upkeep
|turn|3
|j| Blop_Le_Slime
|inactive|Chikami has 120 seconds left.
|
|t:|1662507933
|switch|p1a: Toxapex|Toxapex, M|100/100
|-damage|p1a: Toxapex|88/100|[from] Stealth Rock
|move|p2a: Crawdaunt|Crabhammer|p1a: Toxapex
|-resisted|p1a: Toxapex
|-damage|p1a: Toxapex|53/100
|-enditem|p1a: Toxapex|Eject Button
|-damage|p2a: Crawdaunt|91/100|[from] item: Life Orb
|
|t:|1662507939
|switch|p1a: Rillaboom|Rillaboom, M|100/100
|-damage|p1a: Rillaboom|88/100|[from] Stealth Rock
|-fieldstart|move: Grassy Terrain|[from] ability: Grassy Surge|[of] p1a: Rillaboom
|
|-heal|p1a: Rillaboom|94/100|[from] Grassy Terrain
|-heal|p2a: Crawdaunt|97/100|[from] Grassy Terrain
|upkeep
|turn|4
|
|t:|1662507944
|switch|p2a: Heatran|Heatran, F|96/100
|-damage|p2a: Heatran|84/100|[from] Stealth Rock
|move|p1a: Rillaboom|U-turn|p2a: Heatran
|-resisted|p2a: Heatran
|-damage|p2a: Heatran|76/100
|l| SenRine
|
|t:|1662507949
|switch|p1a: Heatran|Heatran, M|88/100|[from]move: U-turn
|-damage|p1a: Heatran|76/100|[from] Stealth Rock
|-item|p1a: Heatran|Air Balloon
|
|-heal|p2a: Heatran|82/100|[from] Grassy Terrain
|upkeep
|turn|5
|
|t:|1662507960
|switch|p2a: Crawdaunt|Crawdaunt, M|97/100
|-damage|p2a: Crawdaunt|84/100|[from] Stealth Rock
|move|p1a: Heatran|Earth Power|p2a: Crawdaunt
|-damage|p2a: Crawdaunt|19/100
|-unboost|p2a: Crawdaunt|spd|1
|
|-heal|p2a: Crawdaunt|25/100|[from] Grassy Terrain
|upkeep
|turn|6
|
|t:|1662507967
|switch|p1a: Landorus|Landorus-Therian, M|100/100 brn
|-damage|p1a: Landorus|88/100 brn|[from] Stealth Rock
|-ability|p1a: Landorus|Intimidate|boost
|-unboost|p2a: Crawdaunt|atk|1
|move|p2a: Crawdaunt|Aqua Jet|p1a: Landorus
|-supereffective|p1a: Landorus
|-damage|p1a: Landorus|50/100 brn
|-damage|p2a: Crawdaunt|15/100|[from] item: Life Orb
|
|-heal|p1a: Landorus|56/100 brn|[from] item: Leftovers
|-heal|p2a: Crawdaunt|21/100|[from] Grassy Terrain
|-damage|p1a: Landorus|50/100 brn|[from] brn
|upkeep
|turn|7
|j| Jongruenwald
|
|t:|1662507980
|switch|p1a: Toxapex|Toxapex, M|86/100
|-damage|p1a: Toxapex|74/100|[from] Stealth Rock
|move|p2a: Crawdaunt|Aqua Jet|p1a: Toxapex
|-resisted|p1a: Toxapex
|-damage|p1a: Toxapex|64/100
|-damage|p2a: Crawdaunt|12/100|[from] item: Life Orb
|
|-heal|p2a: Crawdaunt|18/100|[from] Grassy Terrain
|-heal|p1a: Toxapex|70/100|[from] Grassy Terrain
|-fieldend|move: Grassy Terrain
|upkeep
|turn|8
|
|t:|1662507994
|switch|p2a: Ninetales|Ninetales-Alola, F|100/100
|-damage|p2a: Ninetales|76/100|[from] Stealth Rock
|-weather|Hail|[from] ability: Snow Warning|[of] p2a: Ninetales
|move|p1a: Toxapex|Scald|p2a: Ninetales
|-damage|p2a: Ninetales|61/100
|
|-weather|Hail|[upkeep]
|-damage|p1a: Toxapex|64/100|[from] Hail
|upkeep
|turn|9
|
|t:|1662508000
|move|p2a: Ninetales|Aurora Veil|p2a: Ninetales
|-sidestart|p2: Chikami|move: Aurora Veil
|move|p1a: Toxapex|Knock Off|p2a: Ninetales
|-resisted|p2a: Ninetales
|-damage|p2a: Ninetales|57/100
|-enditem|p2a: Ninetales|Light Clay|[from] move: Knock Off|[of] p1a: Toxapex
|
|-weather|Hail|[upkeep]
|-damage|p1a: Toxapex|58/100|[from] Hail
|upkeep
|turn|10
|
|t:|1662508013
|switch|p2a: Melmetal|Melmetal|100/100
|-damage|p2a: Melmetal|94/100|[from] Stealth Rock
|move|p1a: Toxapex|Recover|p1a: Toxapex
|-heal|p1a: Toxapex|100/100
|
|-weather|Hail|[upkeep]
|-damage|p2a: Melmetal|88/100|[from] Hail
|-damage|p1a: Toxapex|95/100|[from] Hail
|upkeep
|turn|11
|
|t:|1662508019
|move|p2a: Melmetal|Double Iron Bash|p1a: Toxapex
|-resisted|p1a: Toxapex
|-damage|p1a: Toxapex|70/100
|-resisted|p1a: Toxapex
|-damage|p1a: Toxapex|48/100
|-hitcount|p1a: Toxapex|2
|cant|p1a: Toxapex|flinch
|
|-weather|Hail|[upkeep]
|-damage|p2a: Melmetal|82/100|[from] Hail
|-damage|p1a: Toxapex|42/100|[from] Hail
|upkeep
|turn|12
|
|t:|1662508040
|move|p2a: Melmetal|Double Iron Bash|p1a: Toxapex
|-resisted|p1a: Toxapex
|-damage|p1a: Toxapex|20/100
|-resisted|p1a: Toxapex
|-damage|p1a: Toxapex|0 fnt
|faint|p1a: Toxapex
|-hitcount|p1: Toxapex|2
|
|-weather|none
|upkeep
|inactive|Chokst du has 120 seconds left.
|
|t:|1662508066
|switch|p1a: Weavile|Weavile, M|100/100
|-damage|p1a: Weavile|76/100|[from] Stealth Rock
|turn|13
|
|t:|1662508069
|move|p1a: Weavile|Knock Off|p2a: Melmetal
|-damage|p2a: Melmetal|62/100
|-enditem|p2a: Melmetal|Choice Band|[from] move: Knock Off|[of] p1a: Weavile
|move|p2a: Melmetal|Double Iron Bash|p1a: Weavile
|-supereffective|p1a: Weavile
|-damage|p1a: Weavile|0 fnt
|faint|p1a: Weavile
|-hitcount|p1: Weavile|1
|
|upkeep
|j| Plasmeek
|inactive|Chokst du has 120 seconds left.
|
|t:|1662508076
|switch|p1a: Heatran|Heatran, M|76/100
|-damage|p1a: Heatran|63/100|[from] Stealth Rock
|-item|p1a: Heatran|Air Balloon
|turn|14
|
|t:|1662508087
|switch|p2a: Crawdaunt|Crawdaunt, M|18/100
|-damage|p2a: Crawdaunt|5/100|[from] Stealth Rock
|move|p1a: Heatran|Eruption|p2a: Crawdaunt
|-resisted|p2a: Crawdaunt
|-damage|p2a: Crawdaunt|0 fnt
|faint|p2a: Crawdaunt
|
|upkeep
|
|t:|1662508107
|switch|p2a: Tyranitar|Tyranitar, F|100/100
|-damage|p2a: Tyranitar|88/100|[from] Stealth Rock
|-weather|Sandstorm|[from] ability: Sand Stream|[of] p2a: Tyranitar
|turn|15
|inactive|Chikami has 120 seconds left.
|
|t:|1662508128
|switch|p1a: Landorus|Landorus-Therian, M|50/100 brn
|-damage|p1a: Landorus|38/100 brn|[from] Stealth Rock
|-ability|p1a: Landorus|Intimidate|boost
|-unboost|p2a: Tyranitar|atk|1
|move|p2a: Tyranitar|Dragon Dance|p2a: Tyranitar
|-boost|p2a: Tyranitar|atk|1
|-boost|p2a: Tyranitar|spe|1
|
|-weather|Sandstorm|[upkeep]
|-heal|p2a: Tyranitar|94/100|[from] item: Leftovers
|-heal|p1a: Landorus|44/100 brn|[from] item: Leftovers
|-damage|p1a: Landorus|38/100 brn|[from] brn
|upkeep
|turn|16
|l| Blop_Le_Slime
|
|t:|1662508135
|move|p2a: Tyranitar|Crunch|p1a: Landorus
|-damage|p1a: Landorus|8/100 brn
|move|p1a: Landorus|U-turn|p2a: Tyranitar
|-supereffective|p2a: Tyranitar
|-damage|p2a: Tyranitar|85/100
|
|t:|1662508141
|switch|p1a: Rillaboom|Rillaboom, M|94/100|[from]move: U-turn
|-damage|p1a: Rillaboom|82/100|[from] Stealth Rock
|-fieldstart|move: Grassy Terrain|[from] ability: Grassy Surge|[of] p1a: Rillaboom
|
|-weather|Sandstorm|[upkeep]
|-damage|p1a: Rillaboom|76/100|[from] Sandstorm
|-heal|p2a: Tyranitar|91/100|[from] Grassy Terrain
|-heal|p2a: Tyranitar|98/100|[from] item: Leftovers
|-heal|p1a: Rillaboom|82/100|[from] Grassy Terrain
|-sideend|p2: Chikami|move: Aurora Veil
|upkeep
|turn|17
|
|t:|1662508146
|switch|p2a: Heatran|Heatran, F|82/100
|-damage|p2a: Heatran|70/100|[from] Stealth Rock
|move|p1a: Rillaboom|Superpower|p2a: Heatran
|-supereffective|p2a: Heatran
|-damage|p2a: Heatran|0 fnt
|-unboost|p1a: Rillaboom|atk|1
|-unboost|p1a: Rillaboom|def|1
|faint|p2a: Heatran
|
|-weather|Sandstorm|[upkeep]
|-damage|p1a: Rillaboom|76/100|[from] Sandstorm
|-heal|p1a: Rillaboom|82/100|[from] Grassy Terrain
|upkeep
|inactive|Chikami has 120 seconds left.
|inactive|Chikami has 90 seconds left.
|j| Jumplingzz
|
|t:|1662508219
|switch|p2a: Ninetales|Ninetales-Alola, F|57/100
|-damage|p2a: Ninetales|32/100|[from] Stealth Rock
|-weather|Hail|[from] ability: Snow Warning|[of] p2a: Ninetales
|turn|18
|
|t:|1662508225
|switch|p1a: Tapu Lele|Tapu Lele|100/100
|-damage|p1a: Tapu Lele|88/100|[from] Stealth Rock
|-fieldstart|move: Psychic Terrain|[from] ability: Psychic Surge|[of] p1a: Tapu Lele
|move|p2a: Ninetales|Aurora Veil|p2a: Ninetales
|-sidestart|p2: Chikami|move: Aurora Veil
|
|-weather|Hail|[upkeep]
|-damage|p1a: Tapu Lele|82/100|[from] Hail
|upkeep
|turn|19
|inactive|Chikami has 90 seconds left.
|
|t:|1662508236
|switch|p2a: Melmetal|Melmetal|62/100
|-damage|p2a: Melmetal|56/100|[from] Stealth Rock
|move|p1a: Tapu Lele|Future Sight|p2a: Melmetal
|-start|p1a: Tapu Lele|move: Future Sight
|
|-weather|Hail|[upkeep]
|-damage|p1a: Tapu Lele|76/100|[from] Hail
|-damage|p2a: Melmetal|50/100|[from] Hail
|upkeep
|turn|20
|inactive|Chikami has 90 seconds left.
|
|t:|1662508243
|switch|p1a: Landorus|Landorus-Therian, M|8/100 brn
|-damage|p1a: Landorus|0 fnt|[from] Stealth Rock
|faint|p1a: Landorus
|move|p2a: Melmetal|Double Iron Bash|p1: Landorus|[notarget]
|-fail|p2a: Melmetal
|
|-weather|Hail|[upkeep]
|-damage|p2a: Melmetal|44/100|[from] Hail
|upkeep
|
|t:|1662508246
|switch|p1a: Heatran|Heatran, M|63/100
|-damage|p1a: Heatran|51/100|[from] Stealth Rock
|-item|p1a: Heatran|Air Balloon
|turn|21
|
|t:|1662508250
|switch|p2a: Tyranitar|Tyranitar, F|98/100
|-damage|p2a: Tyranitar|85/100|[from] Stealth Rock
|-weather|Sandstorm|[from] ability: Sand Stream|[of] p2a: Tyranitar
|move|p1a: Heatran|Eruption|p2a: Tyranitar
|-resisted|p2a: Tyranitar
|-damage|p2a: Tyranitar|78/100
|
|-weather|Sandstorm|[upkeep]
|-end|p2a: Tyranitar|move: Future Sight
|-immune|p2a: Tyranitar
|-heal|p2a: Tyranitar|84/100|[from] item: Leftovers
|upkeep
|turn|22
|inactive|Chikami has 90 seconds left.
|
|t:|1662508278
|move|p1a: Heatran|Toxic|p2a: Tyranitar
|-status|p2a: Tyranitar|tox
|move|p2a: Tyranitar|Dragon Dance|p2a: Tyranitar
|-boost|p2a: Tyranitar|atk|1
|-boost|p2a: Tyranitar|spe|1
|
|-weather|Sandstorm|[upkeep]
|-heal|p2a: Tyranitar|90/100 tox|[from] item: Leftovers
|-damage|p2a: Tyranitar|84/100 tox|[from] psn
|-sideend|p2: Chikami|move: Aurora Veil
|-fieldend|move: Psychic Terrain
|upkeep
|turn|23
|j| strangestger
|inactive|Chikami has 90 seconds left.
|
|t:|1662508289
|switch|p1a: Rillaboom|Rillaboom, M|82/100
|-damage|p1a: Rillaboom|70/100|[from] Stealth Rock
|-fieldstart|move: Grassy Terrain|[from] ability: Grassy Surge|[of] p1a: Rillaboom
|move|p2a: Tyranitar|Crunch|p1a: Rillaboom
|-damage|p1a: Rillaboom|0 fnt
|faint|p1a: Rillaboom
|
|-weather|Sandstorm|[upkeep]
|-heal|p2a: Tyranitar|90/100 tox|[from] Grassy Terrain
|-heal|p2a: Tyranitar|96/100 tox|[from] item: Leftovers
|-damage|p2a: Tyranitar|84/100 tox|[from] psn
|upkeep
|
|t:|1662508293
|switch|p1a: Tapu Lele|Tapu Lele|76/100
|-damage|p1a: Tapu Lele|63/100|[from] Stealth Rock
|-fieldstart|move: Psychic Terrain|[from] ability: Psychic Surge|[of] p1a: Tapu Lele
|turn|24
|inactive|Chikami has 90 seconds left.
|inactive|Chikami has 60 seconds left.
|
|t:|1662508355
|switch|p2a: Ninetales|Ninetales-Alola, F|32/100
|-damage|p2a: Ninetales|7/100|[from] Stealth Rock
|-weather|Hail|[from] ability: Snow Warning|[of] p2a: Ninetales
|move|p1a: Tapu Lele|Moonblast|p2a: Ninetales
|-damage|p2a: Ninetales|0 fnt
|faint|p2a: Ninetales
|
|-weather|Hail|[upkeep]
|-damage|p1a: Tapu Lele|57/100|[from] Hail
|upkeep
|j| EsquireEsq
|
|t:|1662508372
|switch|p2a: Scolipede|Scolipede, F|100/100
|turn|25
|l| EsquireEsq
|
|t:|1662508381
|switch|p1a: Heatran|Heatran, M|51/100
|-damage|p1a: Heatran|39/100|[from] Stealth Rock
|-item|p1a: Heatran|Air Balloon
|move|p2a: Scolipede|Megahorn|p1a: Heatran
|-resisted|p1a: Heatran
|-damage|p1a: Heatran|26/100
|-enditem|p1a: Heatran|Air Balloon
|
|-weather|Hail|[upkeep]
|-damage|p2a: Scolipede|94/100|[from] Hail
|-damage|p1a: Heatran|20/100|[from] Hail
|-ability|p2a: Scolipede|Speed Boost|boost
|-boost|p2a: Scolipede|spe|1
|upkeep
|turn|26
|
|t:|1662508390
|move|p2a: Scolipede|Earthquake|p1a: Heatran
|-supereffective|p1a: Heatran
|-damage|p1a: Heatran|0 fnt
|faint|p1a: Heatran
|
|-weather|Hail|[upkeep]
|-damage|p2a: Scolipede|88/100|[from] Hail
|-ability|p2a: Scolipede|Speed Boost|boost
|-boost|p2a: Scolipede|spe|1
|upkeep
|j| golgo27
|-message|Chokst du forfeited.
|
|win|Chikami
|raw|Chokst du's rating: 1824 &rarr; <strong>1801</strong><br />(-23 for losing)
|raw|Chikami's rating: 1773 &rarr; <strong>1796</strong><br />(+23 for winning)
|l|☆Chokst du
|l| golgo27
|l| strangestger
