|j|☆lord talmanes
|j|☆testotesto321
|player|p1|lord talmanes|richboy-gen4|1659
|player|p2|testotesto321|bellelba|1656
|teamsize|p1|6
|teamsize|p2|6
|gametype|singles
|gen|8
|tier|[Gen 8] OU
|rated|
|clearpoke
|poke|p1|Mamoswine, M|
|poke|p1|Dragapult, M|
|poke|p1|Bisharp, M|
|poke|p1|Aegislash, F|
|poke|p1|Kyurem|
|poke|p1|Conkeldurr, F|
|poke|p2|Gengar, F|
|poke|p2|Zeraora|
|poke|p2|Clefable, F|
|poke|p2|Hippowdon, F|
|poke|p2|Corviknight, F|
|poke|p2|Toxapex, F|
|rule|Sleep Clause Mod: Limit one foe put to sleep
|rule|Species Clause: Limit one of each Pokémon
|rule|OHKO Clause: OHKO moves are banned
|rule|Evasion Moves Clause: Evasion moves are banned
|rule|Endless Battle Clause: Forcing endless battles is banned
|rule|HP Percentage Mod: HP is shown in percentages
|rule|Dynamax Clause: You cannot dynamax
|teampreview
|inactive|Battle timer is ON: inactive players will automatically lose when time's up. (requested by testotesto321)
|
|start
|switch|p1a: Mamoswine|Mamoswine, M|100/100
|switch|p2a: Corviknight|Corviknight, F, shiny|100/100
|-ability|p2a: Corviknight|Pressure
|turn|1
|
|switch|p1a: Aegislash|Aegislash, F|100/100
|move|p2a: Corviknight|Iron Head|p1a: Aegislash
|-resisted|p1a: Aegislash
|-damage|p1a: Aegislash|88/100
|
|upkeep
|turn|2
|
|-formechange|p1a: Aegislash|Aegislash-Blade||[from] ability: Stance Change
|move|p1a: Aegislash|Shadow Ball|p2a: Corviknight
|-damage|p2a: Corviknight|60/100
|move|p2a: Corviknight|U-turn|p1a: Aegislash
|-resisted|p1a: Aegislash
|-damage|p1a: Aegislash|81/100
|
|switch|p2a: Gengar|Gengar, F|100/100|[from]move: U-turn
|
|upkeep
|turn|3
|
|-formechange|p1a: Aegislash|Aegislash||[from] ability: Stance Change
|move|p1a: Aegislash|King's Shield|p1a: Aegislash
|-singleturn|p1a: Aegislash|Protect
|move|p2a: Gengar|Focus Blast|p1a: Aegislash
|-activate|p1a: Aegislash|move: Protect
|
|upkeep
|turn|4
|
|switch|p2a: Hippowdon|Hippowdon, F|100/100
|-weather|Sandstorm|[from] ability: Sand Stream|[of] p2a: Hippowdon
|-formechange|p1a: Aegislash|Aegislash-Blade||[from] ability: Stance Change
|move|p1a: Aegislash|Shadow Ball|p2a: Hippowdon
|-damage|p2a: Hippowdon|40/100
|
|-weather|Sandstorm|[upkeep]
|upkeep
|turn|5
|inactive|testotesto321 has 120 seconds left.
|
|switch|p2a: Toxapex|Toxapex, F, shiny|100/100
|move|p1a: Aegislash|Shadow Ball|p2a: Toxapex
|-damage|p2a: Toxapex|50/100
|
|-weather|Sandstorm|[upkeep]
|-damage|p2a: Toxapex|44/100|[from] Sandstorm
|-heal|p2a: Toxapex|50/100|[from] item: Black Sludge
|upkeep
|turn|6
|
|move|p1a: Aegislash|Shadow Ball|p2a: Toxapex
|-damage|p2a: Toxapex|4/100
|move|p2a: Toxapex|Recover|p2a: Toxapex
|-heal|p2a: Toxapex|54/100
|
|-weather|Sandstorm|[upkeep]
|-damage|p2a: Toxapex|48/100|[from] Sandstorm
|-heal|p2a: Toxapex|54/100|[from] item: Black Sludge
|upkeep
|turn|7
|
|move|p1a: Aegislash|Shadow Ball|p2a: Toxapex
|-damage|p2a: Toxapex|5/100
|move|p2a: Toxapex|Recover|p2a: Toxapex
|-heal|p2a: Toxapex|55/100
|
|-weather|Sandstorm|[upkeep]
|-damage|p2a: Toxapex|49/100|[from] Sandstorm
|-heal|p2a: Toxapex|55/100|[from] item: Black Sludge
|upkeep
|turn|8
|
|move|p1a: Aegislash|Shadow Ball|p2a: Toxapex
|-damage|p2a: Toxapex|10/100
|move|p2a: Toxapex|Recover|p2a: Toxapex
|-heal|p2a: Toxapex|60/100
|
|-weather|none
|-heal|p2a: Toxapex|67/100|[from] item: Black Sludge
|upkeep
|turn|9
|
|move|p1a: Aegislash|Shadow Ball|p2a: Toxapex
|-damage|p2a: Toxapex|18/100
|move|p2a: Toxapex|Recover|p2a: Toxapex
|-heal|p2a: Toxapex|68/100
|
|-heal|p2a: Toxapex|75/100|[from] item: Black Sludge
|upkeep
|turn|10
|
|move|p1a: Aegislash|Shadow Ball|p2a: Toxapex
|-damage|p2a: Toxapex|29/100
|-unboost|p2a: Toxapex|spd|1
|move|p2a: Toxapex|Recover|p2a: Toxapex
|-heal|p2a: Toxapex|79/100
|
|-heal|p2a: Toxapex|85/100|[from] item: Black Sludge
|upkeep
|turn|11
|inactive|testotesto321 has 120 seconds left.
|
|move|p1a: Aegislash|Shadow Ball|p2a: Toxapex
|-damage|p2a: Toxapex|12/100
|move|p2a: Toxapex|Scald|p1a: Aegislash
|-damage|p1a: Aegislash|38/100
|
|-heal|p2a: Toxapex|19/100|[from] item: Black Sludge
|upkeep
|turn|12
|inactive|testotesto321 has 120 seconds left.
|
|switch|p2a: Hippowdon|Hippowdon, F|40/100
|-weather|Sandstorm|[from] ability: Sand Stream|[of] p2a: Hippowdon
|move|p1a: Aegislash|Shadow Ball|p2a: Hippowdon
|-damage|p2a: Hippowdon|0 fnt
|faint|p2a: Hippowdon
|
|-weather|Sandstorm|[upkeep]
|upkeep
|
|switch|p2a: Gengar|Gengar, F|100/100
|turn|13
|
|-formechange|p1a: Aegislash|Aegislash||[from] ability: Stance Change
|move|p1a: Aegislash|King's Shield|p1a: Aegislash
|-singleturn|p1a: Aegislash|Protect
|move|p2a: Gengar|Shadow Ball|p1a: Aegislash
|-activate|p1a: Aegislash|move: Protect
|
|-weather|Sandstorm|[upkeep]
|-damage|p2a: Gengar|94/100|[from] Sandstorm
|upkeep
|turn|14
|inactive|testotesto321 has 120 seconds left.
|
|switch|p1a: Bisharp|Bisharp, M, shiny|100/100
|move|p2a: Gengar|Shadow Ball|p1a: Bisharp
|-resisted|p1a: Bisharp
|-damage|p1a: Bisharp|55/100
|
|-weather|Sandstorm|[upkeep]
|-damage|p2a: Gengar|88/100|[from] Sandstorm
|upkeep
|turn|15
|
|switch|p2a: Zeraora|Zeraora|100/100
|move|p1a: Bisharp|Swords Dance|p1a: Bisharp
|-boost|p1a: Bisharp|atk|2
|
|-weather|Sandstorm|[upkeep]
|-damage|p2a: Zeraora|95/100|[from] Sandstorm
|upkeep
|turn|16
|
|move|p1a: Bisharp|Sucker Punch|p2a: Zeraora
|-crit|p2a: Zeraora
|-damage|p2a: Zeraora|0 fnt
|faint|p2a: Zeraora
|
|-weather|none
|upkeep
|
|switch|p2a: Gengar|Gengar, F|88/100
|turn|17
|
|move|p1a: Bisharp|Sucker Punch|p2a: Gengar
|-supereffective|p2a: Gengar
|-damage|p2a: Gengar|0 fnt
|-start|p1a: Bisharp|Disable|Sucker Punch|[from] ability: Cursed Body|[of] p2a: Gengar
|faint|p2a: Gengar
|
|upkeep
|-message|testotesto321 forfeited.
|
|win|lord talmanes
|l|☆testotesto321
