|j|☆TheonReekGreyjoy
|j|☆Highv0ltag3
|t:|1655847501
|gametype|singles
|player|p1|TheonReekGreyjoy|266|1773
|player|p2|Highv0ltag3|volo|1803
|teamsize|p1|6
|teamsize|p2|6
|gen|8
|tier|[Gen 8] OU
|rated|
|rule|Sleep Clause Mod: Limit one foe put to sleep
|rule|Species Clause: Limit one of each Pokémon
|rule|OHKO Clause: OHKO moves are banned
|rule|Evasion Moves Clause: Evasion moves are banned
|rule|Endless Battle Clause: Forcing endless battles is banned
|rule|HP Percentage Mod: HP is shown in percentages
|rule|Dynamax Clause: You cannot dynamax
|clearpoke
|poke|p1|Arctozolt|
|poke|p1|Tornadus-Therian, M|
|poke|p1|Heatran, M|
|poke|p1|Landorus-Therian, M|
|poke|p1|Hatterene, F|
|poke|p1|Vanilluxe, F|
|poke|p2|Ditto|
|poke|p2|Gastrodon, F|
|poke|p2|Umbreon, M|
|poke|p2|Toxapex, M|
|poke|p2|Skarmory, M|
|poke|p2|Bronzong|
|teampreview
|j| ThisIsntHilarious
|inactive|Battle timer is ON: inactive players will automatically lose when time's up. (requested by TheonReekGreyjoy)
|
|t:|1655847517
|start
|switch|p1a: Tornadus|Tornadus-Therian, M|100/100
|switch|p2a: Soul|Bronzong, shiny|100/100
|turn|1
|
|t:|1655847523
|switch|p2a: Power|Toxapex, M, shiny|100/100
|move|p1a: Tornadus|Knock Off|p2a: Power
|-damage|p2a: Power|88/100
|-enditem|p2a: Power|Wacan Berry|[from] move: Knock Off|[of] p1a: Tornadus
|
|upkeep
|turn|2
|
|t:|1655847531
|move|p1a: Tornadus|U-turn|p2a: Power
|-resisted|p2a: Power
|-damage|p2a: Power|83/100
|
|t:|1655847534
|switch|p1a: Heatran|Heatran, M|100/100|[from]move: U-turn
|move|p2a: Power|Knock Off|p1a: Heatran
|-damage|p1a: Heatran|90/100
|-enditem|p1a: Heatran|Leftovers|[from] move: Knock Off|[of] p2a: Power
|
|upkeep
|turn|3
|
|t:|1655847542
|switch|p2a: Soul|Bronzong, shiny|100/100
|move|p1a: Heatran|Stealth Rock|p2a: Soul
|-sidestart|p2: Highv0ltag3|move: Stealth Rock
|
|upkeep
|turn|4
|j| YB is BETTER
|
|t:|1655847546
|move|p1a: Heatran|Lava Plume|p2a: Soul
|-supereffective|p2a: Soul
|-damage|p2a: Soul|76/100
|-status|p2a: Soul|brn
|move|p2a: Soul|Stealth Rock|p1a: Heatran
|-sidestart|p1: TheonReekGreyjoy|move: Stealth Rock
|
|-heal|p2a: Soul|82/100 brn|[from] item: Leftovers
|-damage|p2a: Soul|79/100 brn|[from] brn
|upkeep
|turn|5
|
|t:|1655847564
|switch|p1a: Vanilluxe|Vanilluxe, F|100/100
|-damage|p1a: Vanilluxe|76/100|[from] Stealth Rock
|-weather|Hail|[from] ability: Snow Warning|[of] p1a: Vanilluxe
|switch|p2a: Majesty|Gastrodon, F|100/100
|-damage|p2a: Majesty|94/100|[from] Stealth Rock
|
|-weather|Hail|[upkeep]
|-damage|p2a: Majesty|88/100|[from] Hail
|-heal|p2a: Majesty|94/100|[from] item: Leftovers
|upkeep
|turn|6
|
|t:|1655847570
|switch|p2a: Soul|Bronzong, shiny|79/100 brn
|-damage|p2a: Soul|73/100 brn|[from] Stealth Rock
|move|p1a: Vanilluxe|Freeze-Dry|p2a: Soul
|-resisted|p2a: Soul
|-damage|p2a: Soul|58/100 brn
|
|-weather|Hail|[upkeep]
|-damage|p2a: Soul|52/100 brn|[from] Hail
|-heal|p2a: Soul|58/100 brn|[from] item: Leftovers
|-damage|p2a: Soul|55/100 brn|[from] brn
|upkeep
|turn|7
|
|t:|1655847582
|switch|p1a: Tornadus|Tornadus-Therian, M|100/100
|-damage|p1a: Tornadus|76/100|[from] Stealth Rock
|switch|p2a: Magnificence|Umbreon, M, shiny|100/100
|-damage|p2a: Magnificence|88/100|[from] Stealth Rock
|
|-weather|Hail|[upkeep]
|-damage|p1a: Tornadus|69/100|[from] Hail
|-damage|p2a: Magnificence|82/100|[from] Hail
|upkeep
|turn|8
|
|t:|1655847586
|move|p1a: Tornadus|Knock Off|p2a: Magnificence
|-resisted|p2a: Magnificence
|-damage|p2a: Magnificence|76/100
|-damage|p1a: Tornadus|53/100|[from] item: Rocky Helmet|[of] p2a: Magnificence
|-enditem|p2a: Magnificence|Rocky Helmet|[from] move: Knock Off|[of] p1a: Tornadus
|move|p2a: Magnificence|Wish|p2a: Magnificence
|
|-weather|Hail|[upkeep]
|-damage|p1a: Tornadus|47/100|[from] Hail
|-damage|p2a: Magnificence|70/100|[from] Hail
|upkeep
|turn|9
|
|t:|1655847593
|move|p1a: Tornadus|U-turn|p2a: Magnificence
|-supereffective|p2a: Magnificence
|-damage|p2a: Magnificence|53/100
|
|t:|1655847595
|switch|p1a: Landorus|Landorus-Therian, M|100/100|[from]move: U-turn
|-damage|p1a: Landorus|88/100|[from] Stealth Rock
|-ability|p1a: Landorus|Intimidate|boost
|-unboost|p2a: Magnificence|atk|1
|move|p2a: Magnificence|Heal Bell|p2a: Magnificence
|-activate|p2a: Magnificence|move: Heal Bell
|-curestatus|p2: Soul|brn|[msg]
|
|-weather|none
|-heal|p2a: Magnificence|100/100|[from] move: Wish|[wisher] Magnificence
|-heal|p1a: Landorus|94/100|[from] item: Leftovers
|upkeep
|turn|10
|l| YB is BETTER
|j| YB is BETTER
|
|t:|1655847602
|move|p1a: Landorus|Defog|p2a: Magnificence
|-unboost|p2a: Magnificence|evasion|1
|-sideend|p2: Highv0ltag3|Stealth Rock|[from] move: Defog|[of] p1a: Landorus
|-sideend|p1: TheonReekGreyjoy|Stealth Rock|[from] move: Defog|[of] p1a: Landorus
|move|p2a: Magnificence|Wish|p2a: Magnificence
|
|-heal|p1a: Landorus|99/100|[from] item: Leftovers
|upkeep
|turn|11
|
|t:|1655847609
|switch|p2a: Soul|Bronzong, shiny|55/100
|move|p1a: Landorus|U-turn|p2a: Soul
|-damage|p2a: Soul|35/100
|
|t:|1655847619
|switch|p1a: Tornadus|Tornadus-Therian, M|80/100|[from]move: U-turn
|
|-heal|p2a: Soul|94/100|[from] move: Wish|[wisher] Magnificence
|-heal|p2a: Soul|99/100|[from] item: Leftovers
|upkeep
|turn|12
|
|t:|1655847626
|switch|p2a: Power|Toxapex, M, shiny|100/100
|move|p1a: Tornadus|U-turn|p2a: Power
|-resisted|p2a: Power
|-damage|p2a: Power|96/100
|
|t:|1655847632
|switch|p1a: Heatran|Heatran, M|90/100|[from]move: U-turn
|
|upkeep
|turn|13
|j| Demonius
|
|t:|1655847650
|move|p1a: Heatran|Stealth Rock|p2a: Power
|-sidestart|p2: Highv0ltag3|move: Stealth Rock
|move|p2a: Power|Toxic Spikes|p1a: Heatran
|-sidestart|p1: TheonReekGreyjoy|move: Toxic Spikes
|
|upkeep
|turn|14
|
|t:|1655847656
|move|p1a: Heatran|Lava Plume|p2a: Power
|-resisted|p2a: Power
|-damage|p2a: Power|81/100
|move|p2a: Power|Scald|p1a: Heatran
|-supereffective|p1a: Heatran
|-damage|p1a: Heatran|68/100
|
|upkeep
|turn|15
|
|t:|1655847667
|move|p1a: Heatran|Lava Plume|p2a: Power
|-resisted|p2a: Power
|-damage|p2a: Power|68/100
|move|p2a: Power|Scald|p1a: Heatran
|-supereffective|p1a: Heatran
|-damage|p1a: Heatran|46/100
|
|upkeep
|turn|16
|
|t:|1655847673
|switch|p1a: Tornadus|Tornadus-Therian, M|100/100
|move|p2a: Power|Recover|p2a: Power
|-heal|p2a: Power|100/100
|
|upkeep
|turn|17
|j| jeanmilapipe
|
|t:|1655847678
|move|p1a: Tornadus|Hurricane|p2a: Power
|-damage|p2a: Power|65/100
|-start|p2a: Power|confusion
|-activate|p2a: Power|confusion
|move|p2a: Power|Knock Off|p1a: Tornadus
|-damage|p1a: Tornadus|84/100
|-enditem|p1a: Tornadus|Assault Vest|[from] move: Knock Off|[of] p2a: Power
|
|upkeep
|turn|18
|
|t:|1655847686
|move|p1a: Tornadus|U-turn|p2a: Power
|-resisted|p2a: Power
|-damage|p2a: Power|60/100
|
|t:|1655847688
|switch|p1a: Arctozolt|Arctozolt|100/100|[from]move: U-turn
|-activate|p2a: Power|confusion
|-damage|p2a: Power|56/100|[from] confusion
|
|upkeep
|turn|19
|j| Ragnnis
|inactive|Highv0ltag3 has 120 seconds left.
|
|t:|1655847730
|switch|p2a: Majesty|Gastrodon, F|94/100
|-damage|p2a: Majesty|88/100|[from] Stealth Rock
|move|p1a: Arctozolt|Bolt Beak|p2a: Majesty
|-immune|p2a: Majesty
|
|-heal|p2a: Majesty|94/100|[from] item: Leftovers
|upkeep
|turn|20
|
|t:|1655847744
|switch|p1a: Tornadus|Tornadus-Therian, M|100/100
|move|p2a: Majesty|Scald|p1a: Tornadus
|-damage|p1a: Tornadus|74/100
|
|-heal|p2a: Majesty|100/100|[from] item: Leftovers
|upkeep
|turn|21
|
|t:|1655847753
|move|p1a: Tornadus|U-turn|p2a: Majesty
|-crit|p2a: Majesty
|-damage|p2a: Majesty|80/100
|
|t:|1655847760
|switch|p1a: Landorus|Landorus-Therian, M|99/100|[from]move: U-turn
|-ability|p1a: Landorus|Intimidate|boost
|-unboost|p2a: Majesty|atk|1
|move|p2a: Majesty|Scald|p1a: Landorus
|-supereffective|p1a: Landorus
|-damage|p1a: Landorus|61/100
|
|-heal|p1a: Landorus|67/100|[from] item: Leftovers
|-heal|p2a: Majesty|86/100|[from] item: Leftovers
|upkeep
|turn|22
|
|t:|1655847763
|move|p1a: Landorus|Toxic|p2a: Majesty
|-status|p2a: Majesty|tox
|move|p2a: Majesty|Scald|p1a: Landorus
|-supereffective|p1a: Landorus
|-damage|p1a: Landorus|29/100
|-status|p1a: Landorus|brn
|
|-heal|p1a: Landorus|35/100 brn|[from] item: Leftovers
|-heal|p2a: Majesty|92/100 tox|[from] item: Leftovers
|-damage|p2a: Majesty|86/100 tox|[from] psn
|-damage|p1a: Landorus|29/100 brn|[from] brn
|upkeep
|turn|23
|
|t:|1655847766
|switch|p2a: Magnificence|Umbreon, M, shiny|100/100
|-damage|p2a: Magnificence|88/100|[from] Stealth Rock
|move|p1a: Landorus|Defog|p2a: Magnificence
|-unboost|p2a: Magnificence|evasion|1
|-sideend|p2: Highv0ltag3|Stealth Rock|[from] move: Defog|[of] p1a: Landorus
|-sideend|p1: TheonReekGreyjoy|Toxic Spikes|[from] move: Defog|[of] p1a: Landorus
|
|-heal|p1a: Landorus|35/100 brn|[from] item: Leftovers
|-damage|p1a: Landorus|29/100 brn|[from] brn
|upkeep
|turn|24
|
|t:|1655847771
|switch|p1a: Heatran|Heatran, M|46/100
|move|p2a: Magnificence|Heal Bell|p2a: Magnificence
|-activate|p2a: Magnificence|move: Heal Bell
|-curestatus|p2: Majesty|tox|[msg]
|
|upkeep
|turn|25
|
|t:|1655847775
|switch|p2a: Soul|Bronzong, shiny|99/100
|move|p1a: Heatran|Stealth Rock|p2a: Soul
|-sidestart|p2: Highv0ltag3|move: Stealth Rock
|
|-heal|p2a: Soul|100/100|[from] item: Leftovers
|upkeep
|turn|26
|
|t:|1655847778
|switch|p1a: Hatterene|Hatterene, F|100/100
|move|p2a: Soul|Earthquake|p1a: Hatterene
|-damage|p1a: Hatterene|84/100
|
|-heal|p1a: Hatterene|90/100|[from] item: Leftovers
|upkeep
|turn|27
|
|t:|1655847788
|switch|p2a: Majesty|Gastrodon, F|86/100
|-damage|p2a: Majesty|80/100|[from] Stealth Rock
|move|p1a: Hatterene|Calm Mind|p1a: Hatterene
|-boost|p1a: Hatterene|spa|1
|-boost|p1a: Hatterene|spd|1
|
|-heal|p2a: Majesty|86/100|[from] item: Leftovers
|-heal|p1a: Hatterene|96/100|[from] item: Leftovers
|upkeep
|turn|28
|
|t:|1655847792
|move|p2a: Majesty|Clear Smog|p1a: Hatterene
|-supereffective|p1a: Hatterene
|-damage|p1a: Hatterene|82/100
|-clearboost|p1a: Hatterene
|move|p1a: Hatterene|Future Sight|p2a: Majesty
|-start|p1a: Hatterene|move: Future Sight
|
|-heal|p2a: Majesty|92/100|[from] item: Leftovers
|-heal|p1a: Hatterene|88/100|[from] item: Leftovers
|upkeep
|turn|29
|
|t:|1655847797
|move|p2a: Majesty|Scald|p1a: Hatterene
|-damage|p1a: Hatterene|62/100
|move|p1a: Hatterene|Calm Mind|p1a: Hatterene
|-boost|p1a: Hatterene|spa|1
|-boost|p1a: Hatterene|spd|1
|
|-heal|p2a: Majesty|98/100|[from] item: Leftovers
|-heal|p1a: Hatterene|68/100|[from] item: Leftovers
|upkeep
|turn|30
|
|t:|1655847801
|move|p2a: Majesty|Clear Smog|p1a: Hatterene
|-supereffective|p1a: Hatterene
|-damage|p1a: Hatterene|53/100
|-clearboost|p1a: Hatterene
|move|p1a: Hatterene|Draining Kiss|p2a: Majesty
|-damage|p2a: Majesty|82/100
|-heal|p1a: Hatterene|68/100|[from] drain|[of] p2a: Majesty
|
|-end|p2a: Majesty|move: Future Sight
|-damage|p2a: Majesty|41/100
|-heal|p2a: Majesty|47/100|[from] item: Leftovers
|-heal|p1a: Hatterene|74/100|[from] item: Leftovers
|upkeep
|turn|31
|
|t:|1655847811
|switch|p1a: Vanilluxe|Vanilluxe, F|76/100
|-weather|Hail|[from] ability: Snow Warning|[of] p1a: Vanilluxe
|move|p2a: Majesty|Recover|p2a: Majesty
|-heal|p2a: Majesty|97/100
|
|-weather|Hail|[upkeep]
|-damage|p2a: Majesty|91/100|[from] Hail
|-heal|p2a: Majesty|97/100|[from] item: Leftovers
|upkeep
|turn|32
|
|t:|1655847817
|switch|p1a: Tornadus|Tornadus-Therian, M|100/100
|switch|p2a: Soul|Bronzong, shiny|100/100
|-damage|p2a: Soul|94/100|[from] Stealth Rock
|
|-weather|Hail|[upkeep]
|-damage|p1a: Tornadus|94/100|[from] Hail
|-damage|p2a: Soul|88/100|[from] Hail
|-heal|p2a: Soul|94/100|[from] item: Leftovers
|upkeep
|turn|33
|
|t:|1655847822
|move|p1a: Tornadus|U-turn|p2a: Soul
|-damage|p2a: Soul|81/100
|
|t:|1655847826
|switch|p1a: Hatterene|Hatterene, F|74/100|[from]move: U-turn
|move|p2a: Soul|Toxic|p1a: Hatterene
|move|p1a: Hatterene|Toxic|p2a: Soul|[from]ability: Magic Bounce
|-immune|p2a: Soul
|
|-weather|Hail|[upkeep]
|-damage|p2a: Soul|75/100|[from] Hail
|-damage|p1a: Hatterene|68/100|[from] Hail
|-heal|p2a: Soul|81/100|[from] item: Leftovers
|-heal|p1a: Hatterene|74/100|[from] item: Leftovers
|upkeep
|turn|34
|
|t:|1655847831
|switch|p2a: Majesty|Gastrodon, F|97/100
|-damage|p2a: Majesty|91/100|[from] Stealth Rock
|switch|p1a: Tornadus|Tornadus-Therian, M|100/100
|
|-weather|Hail|[upkeep]
|-damage|p1a: Tornadus|94/100|[from] Hail
|-damage|p2a: Majesty|85/100|[from] Hail
|-heal|p2a: Majesty|91/100|[from] item: Leftovers
|upkeep
|turn|35
|
|t:|1655847845
|move|p1a: Tornadus|U-turn|p2a: Majesty
|-damage|p2a: Majesty|78/100
|
|t:|1655847850
|switch|p1a: Landorus|Landorus-Therian, M|29/100 brn|[from]move: U-turn
|-ability|p1a: Landorus|Intimidate|boost
|-unboost|p2a: Majesty|atk|1
|move|p2a: Majesty|Scald|p1a: Landorus
|-supereffective|p1a: Landorus
|-damage|p1a: Landorus|0 fnt
|faint|p1a: Landorus
|
|-weather|none
|-heal|p2a: Majesty|84/100|[from] item: Leftovers
|upkeep
|
|t:|1655847852
|switch|p1a: Vanilluxe|Vanilluxe, F|76/100
|-weather|Hail|[from] ability: Snow Warning|[of] p1a: Vanilluxe
|turn|36
|
|t:|1655847856
|switch|p2a: Soul|Bronzong, shiny|81/100
|-damage|p2a: Soul|75/100|[from] Stealth Rock
|move|p1a: Vanilluxe|Blizzard|p2a: Soul
|-resisted|p2a: Soul
|-damage|p2a: Soul|52/100
|
|-weather|Hail|[upkeep]
|-damage|p2a: Soul|45/100|[from] Hail
|-heal|p2a: Soul|52/100|[from] item: Leftovers
|upkeep
|turn|37
|
|t:|1655847864
|switch|p1a: Hatterene|Hatterene, F|74/100
|move|p2a: Soul|Earthquake|p1a: Hatterene
|-damage|p1a: Hatterene|61/100
|
|-weather|Hail|[upkeep]
|-damage|p2a: Soul|45/100|[from] Hail
|-damage|p1a: Hatterene|55/100|[from] Hail
|-heal|p2a: Soul|52/100|[from] item: Leftovers
|-heal|p1a: Hatterene|61/100|[from] item: Leftovers
|upkeep
|turn|38
|
|t:|1655847869
|switch|p1a: Arctozolt|Arctozolt|100/100
|move|p2a: Soul|Stealth Rock|p1a: Arctozolt
|-sidestart|p1: TheonReekGreyjoy|move: Stealth Rock
|
|-weather|Hail|[upkeep]
|-damage|p2a: Soul|45/100|[from] Hail
|-heal|p2a: Soul|52/100|[from] item: Leftovers
|upkeep
|turn|39
|
|t:|1655847878
|switch|p2a: Body|Skarmory, M|100/100
|-damage|p2a: Body|88/100|[from] Stealth Rock
|move|p1a: Arctozolt|Bolt Beak|p2a: Body
|-supereffective|p2a: Body
|-damage|p2a: Body|7/100
|
|-weather|Hail|[upkeep]
|-damage|p2a: Body|1/100|[from] Hail
|upkeep
|turn|40
|
|t:|1655847882
|move|p1a: Arctozolt|Bolt Beak|p2a: Body
|-supereffective|p2a: Body
|-damage|p2a: Body|0 fnt
|faint|p2a: Body
|
|-weather|none
|upkeep
|
|t:|1655847886
|switch|p2a: Determinism|Ditto|100/100
|-damage|p2a: Determinism|88/100|[from] Stealth Rock
|-transform|p2a: Determinism|p1a: Arctozolt|[from] ability: Imposter
|turn|41
|j| GROSS SAMPLE TEAM
|
|t:|1655847896
|move|p2a: Determinism|Bolt Beak|p1a: Arctozolt
|-resisted|p1a: Arctozolt
|-damage|p1a: Arctozolt|64/100
|move|p1a: Arctozolt|Low Kick|p2a: Determinism
|-supereffective|p2a: Determinism
|-damage|p2a: Determinism|25/100
|
|upkeep
|turn|42
|
|t:|1655847905
|switch|p2a: Majesty|Gastrodon, F|84/100
|-damage|p2a: Majesty|78/100|[from] Stealth Rock
|move|p1a: Arctozolt|Freeze-Dry|p2a: Majesty
|-supereffective|p2a: Majesty
|-damage|p2a: Majesty|7/100
|
|-heal|p2a: Majesty|13/100|[from] item: Leftovers
|upkeep
|turn|43
|
|t:|1655847928
|switch|p2a: Magnificence|Umbreon, M, shiny|88/100
|-damage|p2a: Magnificence|76/100|[from] Stealth Rock
|move|p1a: Arctozolt|Freeze-Dry|p2a: Magnificence
|-damage|p2a: Magnificence|60/100
|
|upkeep
|turn|44
|
|t:|1655847935
|move|p1a: Arctozolt|Bolt Beak|p2a: Magnificence
|-damage|p2a: Magnificence|20/100
|move|p2a: Magnificence|Wish|p2a: Magnificence
|
|upkeep
|turn|45
|
|t:|1655847958
|move|p2a: Magnificence|Protect|p2a: Magnificence
|-singleturn|p2a: Magnificence|Protect
|move|p1a: Arctozolt|Low Kick|p2a: Magnificence
|-activate|p2a: Magnificence|move: Protect
|
|-heal|p2a: Magnificence|70/100|[from] move: Wish|[wisher] Magnificence
|upkeep
|turn|46
|
|t:|1655847960
|move|p1a: Arctozolt|Bolt Beak|p2a: Magnificence
|-damage|p2a: Magnificence|29/100
|move|p2a: Magnificence|Wish|p2a: Magnificence
|
|upkeep
|turn|47
|
|t:|1655847965
|switch|p1a: Vanilluxe|Vanilluxe, F|76/100
|-damage|p1a: Vanilluxe|51/100|[from] Stealth Rock
|-weather|Hail|[from] ability: Snow Warning|[of] p1a: Vanilluxe
|switch|p2a: Majesty|Gastrodon, F|13/100
|-damage|p2a: Majesty|7/100|[from] Stealth Rock
|
|-weather|Hail|[upkeep]
|-damage|p2a: Majesty|0 fnt|[from] Hail
|faint|p2a: Majesty
|upkeep
|
|t:|1655847975
|switch|p2a: Soul|Bronzong, shiny|52/100
|-damage|p2a: Soul|45/100|[from] Stealth Rock
|turn|48
|
|t:|1655847988
|switch|p1a: Tornadus|Tornadus-Therian, M|100/100
|-damage|p1a: Tornadus|76/100|[from] Stealth Rock
|move|p2a: Soul|Protect||[still]
|-fail|p2a: Soul
|
|-weather|Hail|[upkeep]
|-damage|p1a: Tornadus|69/100|[from] Hail
|-damage|p2a: Soul|39/100|[from] Hail
|-heal|p2a: Soul|45/100|[from] item: Leftovers
|upkeep
|turn|49
|
|t:|1655847997
|switch|p2a: Power|Toxapex, M, shiny|89/100
|-damage|p2a: Power|76/100|[from] Stealth Rock
|move|p1a: Tornadus|Knock Off|p2a: Power
|-damage|p2a: Power|68/100
|
|-weather|Hail|[upkeep]
|-damage|p1a: Tornadus|63/100|[from] Hail
|-damage|p2a: Power|62/100|[from] Hail
|upkeep
|turn|50
|
|t:|1655848005
|move|p1a: Tornadus|Hurricane|p2a: Power
|-damage|p2a: Power|27/100
|move|p2a: Power|Recover|p2a: Power
|-heal|p2a: Power|77/100
|
|-weather|Hail|[upkeep]
|-damage|p1a: Tornadus|57/100|[from] Hail
|-damage|p2a: Power|71/100|[from] Hail
|upkeep
|turn|51
|
|t:|1655848014
|move|p1a: Tornadus|Hurricane|p2a: Power
|-damage|p2a: Power|39/100
|-start|p2a: Power|confusion
|-activate|p2a: Power|confusion
|move|p2a: Power|Scald|p1a: Tornadus
|-damage|p1a: Tornadus|38/100
|
|-weather|none
|upkeep
|turn|52
|
|t:|1655848020
|move|p1a: Tornadus|U-turn|p2a: Power
|-resisted|p2a: Power
|-damage|p2a: Power|35/100
|
|t:|1655848027
|switch|p1a: Arctozolt|Arctozolt|64/100|[from]move: U-turn
|-activate|p2a: Power|confusion
|move|p2a: Power|Recover|p2a: Power
|-heal|p2a: Power|85/100
|
|upkeep
|turn|53
|
|t:|1655848035
|move|p1a: Arctozolt|Bolt Beak|p2a: Power
|-supereffective|p2a: Power
|-damage|p2a: Power|8/100
|-activate|p2a: Power|confusion
|move|p2a: Power|Scald|p1a: Arctozolt
|-damage|p1a: Arctozolt|38/100
|
|upkeep
|turn|54
|
|t:|1655848040
|switch|p2a: Magnificence|Umbreon, M, shiny|29/100
|-damage|p2a: Magnificence|17/100|[from] Stealth Rock
|move|p1a: Arctozolt|Bolt Beak|p2a: Magnificence
|-damage|p2a: Magnificence|0 fnt
|faint|p2a: Magnificence
|
|upkeep
|
|t:|1655848042
|switch|p2a: Determinism|Ditto|25/100
|-damage|p2a: Determinism|12/100|[from] Stealth Rock
|-transform|p2a: Determinism|p1a: Arctozolt|[from] ability: Imposter
|turn|55
|inactive|TheonReekGreyjoy has 120 seconds left.
|
|t:|1655848072
|switch|p1a: Heatran|Heatran, M|46/100
|-damage|p1a: Heatran|33/100|[from] Stealth Rock
|move|p2a: Determinism|Bolt Beak|p1a: Heatran
|-damage|p1a: Heatran|0 fnt
|faint|p1a: Heatran
|
|upkeep
|inactive|TheonReekGreyjoy has 120 seconds left.
|
|t:|1655848080
|switch|p1a: Tornadus|Tornadus-Therian, M|71/100
|-damage|p1a: Tornadus|46/100|[from] Stealth Rock
|turn|56
|
|t:|1655848092
|switch|p2a: Power|Toxapex, M, shiny|41/100
|-damage|p2a: Power|28/100|[from] Stealth Rock
|move|p1a: Tornadus|Knock Off|p2a: Power
|-damage|p2a: Power|21/100
|
|upkeep
|turn|57
|
|t:|1655848096
|switch|p2a: Determinism|Ditto|12/100
|-damage|p2a: Determinism|0 fnt|[from] Stealth Rock
|faint|p2a: Determinism
|move|p1a: Tornadus|Hurricane|p2: Determinism|[notarget]
|-fail|p1a: Tornadus
|
|upkeep
|
|t:|1655848098
|switch|p2a: Power|Toxapex, M, shiny|54/100
|-damage|p2a: Power|41/100|[from] Stealth Rock
|turn|58
|
|t:|1655848107
|move|p1a: Tornadus|U-turn|p2a: Power
|-resisted|p2a: Power
|-damage|p2a: Power|37/100
|
|t:|1655848110
|switch|p1a: Vanilluxe|Vanilluxe, F|51/100|[from]move: U-turn
|-damage|p1a: Vanilluxe|26/100|[from] Stealth Rock
|-weather|Hail|[from] ability: Snow Warning|[of] p1a: Vanilluxe
|move|p2a: Power|Recover|p2a: Power
|-heal|p2a: Power|87/100
|
|-weather|Hail|[upkeep]
|-damage|p2a: Power|81/100|[from] Hail
|upkeep
|turn|59
|
|t:|1655848113
|switch|p2a: Soul|Bronzong, shiny|45/100
|-damage|p2a: Soul|39/100|[from] Stealth Rock
|move|p1a: Vanilluxe|Freeze-Dry|p2a: Soul
|-resisted|p2a: Soul
|-damage|p2a: Soul|25/100
|
|-weather|Hail|[upkeep]
|-damage|p2a: Soul|19/100|[from] Hail
|-heal|p2a: Soul|25/100|[from] item: Leftovers
|upkeep
|turn|60
|
|t:|1655848119
|move|p1a: Vanilluxe|Blizzard|p2a: Soul
|-resisted|p2a: Soul
|-damage|p2a: Soul|2/100
|move|p2a: Soul|Toxic|p1a: Vanilluxe
|-status|p1a: Vanilluxe|tox
|
|-weather|Hail|[upkeep]
|-damage|p2a: Soul|0 fnt|[from] Hail
|faint|p2a: Soul
|-damage|p1a: Vanilluxe|20/100 tox|[from] psn
|upkeep
|
|t:|1655848123
|switch|p2a: Power|Toxapex, M, shiny|100/100
|-damage|p2a: Power|88/100|[from] Stealth Rock
|turn|61
|
|t:|1655848126
|move|p1a: Vanilluxe|Freeze-Dry|p2a: Power
|-supereffective|p2a: Power
|-damage|p2a: Power|17/100
|move|p2a: Power|Recover|p2a: Power
|-heal|p2a: Power|67/100
|
|-weather|Hail|[upkeep]
|-damage|p2a: Power|61/100|[from] Hail
|-damage|p1a: Vanilluxe|8/100 tox|[from] psn
|upkeep
|turn|62
|-message|Highv0ltag3 forfeited.
|
|win|TheonReekGreyjoy
|raw|TheonReekGreyjoy's rating: 1773 &rarr; <strong>1795</strong><br />(+22 for winning)
|raw|Highv0ltag3's rating: 1803 &rarr; <strong>1781</strong><br />(-22 for losing)
|l|☆Highv0ltag3
|l|☆TheonReekGreyjoy
|l| ThisIsntHilarious
