|j|☆Blue chen
|j|☆D00MED Guy
|player|p1|Blue chen|karen|1724
|player|p2|D00MED Guy|marley|1767
|teamsize|p1|6
|teamsize|p2|6
|gametype|singles
|gen|8
|tier|[Gen 8] OU
|rated|
|clearpoke
|poke|p1|Accelgor, M|
|poke|p1|Magearna|
|poke|p1|Urshifu-*, M|
|poke|p1|Dracozolt|
|poke|p1|Azumarill, M|
|poke|p1|Volcarona, M|
|poke|p2|Slowbro, F|
|poke|p2|Torkoal, M|
|poke|p2|Marowak-Alola, F|
|poke|p2|Mandibuzz, F|
|poke|p2|Venusaur, F|
|poke|p2|Excadrill, M|
|rule|Sleep Clause Mod: Limit one foe put to sleep
|rule|Species Clause: Limit one of each Pokémon
|rule|OHKO Clause: OHKO moves are banned
|rule|Evasion Moves Clause: Evasion moves are banned
|rule|Endless Battle Clause: Forcing endless battles is banned
|rule|HP Percentage Mod: HP is shown in percentages
|rule|Dynamax Clause: You cannot dynamax
|teampreview
|j| un om reunionnais
|j| SmallBallerAlert
|
|start
|switch|p1a: Azumarill|Azumarill, M|100/100
|switch|p2a: Excadrill|Excadrill, M|100/100
|-ability|p2a: Excadrill|Mold Breaker
|turn|1
|
|switch|p2a: Torkoal|Torkoal, M|100/100
|-weather|SunnyDay|[from] ability: Drought|[of] p2a: Torkoal
|move|p1a: Azumarill|Knock Off|p2a: Torkoal
|-damage|p2a: Torkoal|80/100
|-enditem|p2a: Torkoal|Eject Button|[from] move: Knock Off|[of] p1a: Azumarill
|
|-weather|SunnyDay|[upkeep]
|upkeep
|turn|2
|inactive|Battle timer is ON: inactive players will automatically lose when time's up. (requested by D00MED Guy)
|
|move|p1a: Azumarill|Belly Drum|p1a: Azumarill
|-damage|p1a: Azumarill|51/100
|-setboost|p1a: Azumarill|atk|6|[from] move: Belly Drum
|move|p2a: Torkoal|Stealth Rock|p1a: Azumarill
|-sidestart|p1: Blue chen|move: Stealth Rock
|
|-weather|SunnyDay|[upkeep]
|upkeep
|turn|3
|
|move|p1a: Azumarill|Aqua Jet|p2a: Torkoal
|-supereffective|p2a: Torkoal
|-damage|p2a: Torkoal|27/100
|move|p2a: Torkoal|Yawn|p1a: Azumarill
|-start|p1a: Azumarill|move: Yawn|[of] p2a: Torkoal
|
|-weather|SunnyDay|[upkeep]
|upkeep
|turn|4
|
|switch|p2a: Venusaur|Venusaur, F|100/100
|move|p1a: Azumarill|Knock Off|p2a: Venusaur
|-damage|p2a: Venusaur|0 fnt
|-enditem|p2a: Venusaur|Life Orb|[from] move: Knock Off|[of] p1a: Azumarill
|faint|p2a: Venusaur
|
|-weather|SunnyDay|[upkeep]
|-end|p1a: Azumarill|move: Yawn|[silent]
|-status|p1a: Azumarill|slp
|upkeep
|
|switch|p2a: Marowak|Marowak-Alola, F|100/100
|turn|5
|
|cant|p1a: Azumarill|slp
|move|p2a: Marowak|Flare Blitz|p1a: Azumarill
|-resisted|p1a: Azumarill
|-damage|p1a: Azumarill|0 fnt
|faint|p1a: Azumarill
|
|-weather|none
|upkeep
|j| OilyBootySpex
|j| Iversucc
|j| poopoopiker
|
|switch|p1a: Urshifu|Urshifu-Rapid-Strike, M|100/100
|-damage|p1a: Urshifu|94/100|[from] Stealth Rock
|turn|6
|j| REDEYESplayer
|
|switch|p1a: Accelgor|Accelgor, M|100/100
|-damage|p1a: Accelgor|76/100|[from] Stealth Rock
|switch|p2a: Torkoal|Torkoal, M|27/100
|-weather|SunnyDay|[from] ability: Drought|[of] p2a: Torkoal
|
|-weather|SunnyDay|[upkeep]
|upkeep
|turn|7
|
|move|p1a: Accelgor|Toxic Spikes|p2a: Torkoal
|-sidestart|p2: D00MED Guy|move: Toxic Spikes
|move|p2a: Torkoal|Rapid Spin|p1a: Accelgor
|-damage|p1a: Accelgor|61/100
|-boost|p2a: Torkoal|spe|1
|-sideend|p2: D00MED Guy|Toxic Spikes|[from] move: Rapid Spin|[of] p2a: Torkoal
|
|-weather|SunnyDay|[upkeep]
|upkeep
|turn|8
|
|move|p1a: Accelgor|Encore|p2a: Torkoal
|-start|p2a: Torkoal|Encore
|move|p2a: Torkoal|Rapid Spin|p1a: Accelgor
|-damage|p1a: Accelgor|44/100
|-boost|p2a: Torkoal|spe|1
|
|-weather|SunnyDay|[upkeep]
|upkeep
|turn|9
|
|switch|p1a: Urshifu|Urshifu-Rapid-Strike, M|94/100
|-damage|p1a: Urshifu|88/100|[from] Stealth Rock
|switch|p2a: Excadrill|Excadrill, M|100/100
|-ability|p2a: Excadrill|Mold Breaker
|
|-weather|SunnyDay|[upkeep]
|-heal|p1a: Urshifu|94/100|[from] item: Leftovers
|upkeep
|turn|10
|
|switch|p2a: Slowbro|Slowbro, F|100/100
|move|p1a: Urshifu|Surging Strikes|p2a: Slowbro
|-resisted|p2a: Slowbro
|-crit|p2a: Slowbro
|-damage|p2a: Slowbro|98/100
|-resisted|p2a: Slowbro
|-crit|p2a: Slowbro
|-damage|p2a: Slowbro|95/100
|-resisted|p2a: Slowbro
|-crit|p2a: Slowbro
|-damage|p2a: Slowbro|92/100
|-hitcount|p2a: Slowbro|3
|
|-weather|none
|-heal|p1a: Urshifu|100/100|[from] item: Leftovers
|upkeep
|turn|11
|j| prince dragoknight
|
|move|p1a: Urshifu|Substitute|p1a: Urshifu
|-start|p1a: Urshifu|Substitute
|-damage|p1a: Urshifu|76/100
|move|p2a: Slowbro|Trick Room|p2a: Slowbro
|-fieldstart|move: Trick Room|[of] p2a: Slowbro
|
|-heal|p1a: Urshifu|82/100|[from] item: Leftovers
|upkeep
|turn|12
|j| omgatree6
|l| prince dragoknight
|j| uhgfuejfehj
|
|move|p2a: Slowbro|Scald|p1a: Urshifu
|-resisted|p1a: Urshifu
|-crit|p1a: Urshifu
|-end|p1a: Urshifu|Substitute
|move|p1a: Urshifu|Substitute|p1a: Urshifu
|-start|p1a: Urshifu|Substitute
|-damage|p1a: Urshifu|57/100
|
|-heal|p1a: Urshifu|63/100|[from] item: Leftovers
|upkeep
|turn|13
|
|move|p2a: Slowbro|Scald|p1a: Urshifu
|-resisted|p1a: Urshifu
|-activate|p1a: Urshifu|move: Substitute|[damage]
|move|p1a: Urshifu|Bulk Up|p1a: Urshifu
|-boost|p1a: Urshifu|atk|1
|-boost|p1a: Urshifu|def|1
|
|-heal|p1a: Urshifu|69/100|[from] item: Leftovers
|upkeep
|turn|14
|
|move|p2a: Slowbro|Scald|p1a: Urshifu
|-resisted|p1a: Urshifu
|-end|p1a: Urshifu|Substitute
|move|p1a: Urshifu|Substitute|p1a: Urshifu
|-start|p1a: Urshifu|Substitute
|-damage|p1a: Urshifu|44/100
|
|-heal|p1a: Urshifu|50/100|[from] item: Leftovers
|upkeep
|turn|15
|
|switch|p2a: Torkoal|Torkoal, M|27/100
|-weather|SunnyDay|[from] ability: Drought|[of] p2a: Torkoal
|move|p1a: Urshifu|Bulk Up|p1a: Urshifu
|-boost|p1a: Urshifu|atk|1
|-boost|p1a: Urshifu|def|1
|
|-weather|SunnyDay|[upkeep]
|-heal|p1a: Urshifu|57/100|[from] item: Leftovers
|-fieldend|move: Trick Room
|upkeep
|turn|16
|j| Wahax
|
|switch|p2a: Slowbro|Slowbro, F|100/100
|move|p1a: Urshifu|Surging Strikes|p2a: Slowbro
|-resisted|p2a: Slowbro
|-crit|p2a: Slowbro
|-damage|p2a: Slowbro|95/100
|-resisted|p2a: Slowbro
|-crit|p2a: Slowbro
|-damage|p2a: Slowbro|89/100
|-resisted|p2a: Slowbro
|-crit|p2a: Slowbro
|-damage|p2a: Slowbro|83/100
|-hitcount|p2a: Slowbro|3
|
|-weather|SunnyDay|[upkeep]
|-heal|p1a: Urshifu|63/100|[from] item: Leftovers
|upkeep
|turn|17
|j| Stryfe
|
|move|p1a: Urshifu|Bulk Up|p1a: Urshifu
|-boost|p1a: Urshifu|atk|1
|-boost|p1a: Urshifu|def|1
|move|p2a: Slowbro|Trick Room|p2a: Slowbro
|-fieldstart|move: Trick Room|[of] p2a: Slowbro
|
|-weather|SunnyDay|[upkeep]
|-heal|p1a: Urshifu|69/100|[from] item: Leftovers
|upkeep
|turn|18
|
|move|p2a: Slowbro|Scald|p1a: Urshifu
|-resisted|p1a: Urshifu
|-activate|p1a: Urshifu|move: Substitute|[damage]
|move|p1a: Urshifu|Bulk Up|p1a: Urshifu
|-boost|p1a: Urshifu|atk|1
|-boost|p1a: Urshifu|def|1
|
|-weather|SunnyDay|[upkeep]
|-heal|p1a: Urshifu|75/100|[from] item: Leftovers
|upkeep
|turn|19
|j| Arnaud senju vgc
|j| bad battie
|
|move|p2a: Slowbro|Scald|p1a: Urshifu
|-resisted|p1a: Urshifu
|-activate|p1a: Urshifu|move: Substitute|[damage]
|move|p1a: Urshifu|Substitute|p1a: Urshifu
|-fail|p1a: Urshifu|move: Substitute
|
|-weather|none
|-heal|p1a: Urshifu|81/100|[from] item: Leftovers
|upkeep
|turn|20
|j| Peter97
|
|move|p2a: Slowbro|Slack Off|p2a: Slowbro
|-heal|p2a: Slowbro|100/100
|move|p1a: Urshifu|Substitute|p1a: Urshifu
|-fail|p1a: Urshifu|move: Substitute
|
|-heal|p1a: Urshifu|87/100|[from] item: Leftovers
|upkeep
|turn|21
|
|move|p2a: Slowbro|Scald|p1a: Urshifu
|-resisted|p1a: Urshifu
|-end|p1a: Urshifu|Substitute
|move|p1a: Urshifu|Bulk Up|p1a: Urshifu
|-boost|p1a: Urshifu|atk|1
|-boost|p1a: Urshifu|def|1
|
|-heal|p1a: Urshifu|93/100|[from] item: Leftovers
|-fieldend|move: Trick Room
|upkeep
|turn|22
|
|move|p1a: Urshifu|Substitute|p1a: Urshifu
|-start|p1a: Urshifu|Substitute
|-damage|p1a: Urshifu|69/100
|move|p2a: Slowbro|Teleport|p2a: Slowbro
|l| Arnaud senju vgc
|
|switch|p2a: Torkoal|Torkoal, M|27/100|[from]move: Teleport
|-weather|SunnyDay|[from] ability: Drought|[of] p2a: Torkoal
|
|-weather|SunnyDay|[upkeep]
|-heal|p1a: Urshifu|75/100|[from] item: Leftovers
|upkeep
|turn|23
|
|switch|p2a: Slowbro|Slowbro, F|100/100
|move|p1a: Urshifu|Bulk Up|p1a: Urshifu
|-boost|p1a: Urshifu|atk|1
|-boost|p1a: Urshifu|def|1
|
|-weather|SunnyDay|[upkeep]
|-heal|p1a: Urshifu|81/100|[from] item: Leftovers
|upkeep
|turn|24
|c| REDEYESplayer|u are psychic man
|
|move|p1a: Urshifu|Close Combat|p2a: Slowbro
|-resisted|p2a: Slowbro
|-damage|p2a: Slowbro|33/100
|-unboost|p1a: Urshifu|def|1
|-unboost|p1a: Urshifu|spd|1
|move|p2a: Slowbro|Teleport|p2a: Slowbro
|c| REDEYESplayer|Slowbro  got this
|
|switch|p2a: Torkoal|Torkoal, M|27/100|[from]move: Teleport
|
|-weather|SunnyDay|[upkeep]
|-heal|p1a: Urshifu|87/100|[from] item: Leftovers
|upkeep
|turn|25
|c| REDEYESplayer|it may be too late
|
|switch|p2a: Slowbro|Slowbro, F|66/100
|move|p1a: Urshifu|Close Combat|p2a: Slowbro
|-resisted|p2a: Slowbro
|-damage|p2a: Slowbro|0 fnt
|-unboost|p1a: Urshifu|def|1
|-unboost|p1a: Urshifu|spd|1
|faint|p2a: Slowbro
|
|-weather|SunnyDay|[upkeep]
|-heal|p1a: Urshifu|93/100|[from] item: Leftovers
|upkeep
|-message|D00MED Guy forfeited.
|
|win|Blue chen
|l|☆D00MED Guy
|c|☆Blue chen|lol
|raw|Blue chen's rating: 1724 &rarr; <strong>1747</strong><br />(+23 for winning)
|raw|D00MED Guy's rating: 1767 &rarr; <strong>1745</strong><br />(-22 for losing)
|l| REDEYESplayer
|l| uhgfuejfehj
|c| Iversucc|yikes
|l| poopoopiker
|l| omgatree6
|l| OilyBootySpex
