|j|☆OU make me yawn ¤
|j|☆IM AT MY LIMIT
|t:|1617339483
|gametype|singles
|player|p1|OU make me yawn ¤|nate|
|player|p2|IM AT MY LIMIT|dawn|
|teamsize|p1|6
|teamsize|p2|6
|gen|8
|tier|[Gen 8] OU
|clearpoke
|poke|p1|Clefable, M|
|poke|p1|Heatran, M|
|poke|p1|Slowbro, F|
|poke|p1|Rillaboom, F|
|poke|p1|Kartana|
|poke|p1|Tornadus-Therian, M|
|poke|p2|Landorus-Therian, M|
|poke|p2|Excadrill, F|
|poke|p2|Hippowdon, M|
|poke|p2|Gigalith, F|
|poke|p2|Dracozolt|
|poke|p2|Ferrothorn, F|
|rule|Sleep Clause Mod: Limit one foe put to sleep
|rule|Species Clause: Limit one of each Pokémon
|rule|OHKO Clause: OHKO moves are banned
|rule|Evasion Moves Clause: Evasion moves are banned
|rule|Endless Battle Clause: Forcing endless battles is banned
|rule|HP Percentage Mod: HP is shown in percentages
|rule|Dynamax Clause: You cannot dynamax
|teampreview
|inactive|Battle timer is ON: inactive players will automatically lose when time's up. (requested by OU make me yawn ¤)
|inactive|OU make me yawn ¤ has 270 seconds left.
|inactive|IM AT MY LIMIT has 270 seconds left.
|c|☆IM AT MY LIMIT|ok
|
|t:|1617339543
|start
|switch|p1a: Oh my STARS|Clefable, M, shiny|100/100
|switch|p2a: Girl from Ipanepa|Gigalith, F, shiny|100/100
|-weather|Sandstorm|[from] ability: Sand Stream|[of] p2a: Girl from Ipanepa
|turn|1
|
|t:|1617339558
|move|p1a: Oh my STARS|Trick|p2a: Girl from Ipanepa
|-activate|p1a: Oh my STARS|move: Trick|[of] p2a: Girl from Ipanepa
|-item|p2a: Girl from Ipanepa|Sticky Barb|[from] move: Trick
|-item|p1a: Oh my STARS|Custap Berry|[from] move: Trick
|move|p2a: Girl from Ipanepa|Gravity|p2a: Girl from Ipanepa
|-fieldstart|move: Gravity
|
|-weather|Sandstorm|[upkeep]
|-damage|p2a: Girl from Ipanepa|88/100|[from] item: Sticky Barb
|upkeep
|turn|2
|
|t:|1617339566
|switch|p2a: Grave digger 2|Excadrill, F, shiny|100/100
|move|p1a: Oh my STARS|Thunder Wave|p2a: Grave digger 2
|-immune|p2a: Grave digger 2
|
|-weather|Sandstorm|[upkeep]
|upkeep
|turn|3
|
|t:|1617339584
|switch|p1a: YOUR MOM|Slowbro, F, shiny|100/100
|move|p2a: Grave digger 2|Earthquake|p1a: YOUR MOM
|-damage|p1a: YOUR MOM|51/100
|
|-weather|Sandstorm|[upkeep]
|-damage|p1a: YOUR MOM|45/100|[from] Sandstorm
|upkeep
|turn|4
|c|☆OU make me yawn ¤|why is that doing some much
|c|☆IM AT MY LIMIT|reasons
|c|☆IM AT MY LIMIT|:)
|inactive|OU make me yawn ¤ has 270 seconds left.
|inactive|IM AT MY LIMIT has 270 seconds left.
|
|t:|1617339617
|switch|p1a: Hey I'm bannable|Rillaboom, F, shiny|100/100
|-fieldstart|move: Grassy Terrain|[from] ability: Grassy Surge|[of] p1a: Hey I'm bannable
|move|p2a: Grave digger 2|Earthquake|p1a: Hey I'm bannable
|-resisted|p1a: Hey I'm bannable
|-damage|p1a: Hey I'm bannable|78/100
|
|-weather|Sandstorm|[upkeep]
|-damage|p1a: Hey I'm bannable|72/100|[from] Sandstorm
|-heal|p1a: Hey I'm bannable|78/100|[from] Grassy Terrain
|upkeep
|turn|5
|inactive|IM AT MY LIMIT has 270 seconds left.
|inactive|OU make me yawn ¤ has 270 seconds left.
|
|t:|1617339635
|move|p2a: Grave digger 2|Earthquake|p1a: Hey I'm bannable
|-resisted|p1a: Hey I'm bannable
|-damage|p1a: Hey I'm bannable|52/100
|move|p1a: Hey I'm bannable|U-turn|p2a: Grave digger 2
|-resisted|p2a: Grave digger 2
|-damage|p2a: Grave digger 2|71/100
|inactive|OU make me yawn ¤ has 270 seconds left.
|
|t:|1617339650
|switch|p1a: The Capitol|Kartana|100/100|[from]move: U-turn
|
|-weather|none
|-heal|p2a: Grave digger 2|77/100|[from] Grassy Terrain
|-fieldend|move: Gravity
|upkeep
|turn|6
|inactive|IM AT MY LIMIT has 270 seconds left.
|
|t:|1617339670
|switch|p2a: Kokomo|Hippowdon, M|100/100
|-weather|Sandstorm|[from] ability: Sand Stream|[of] p2a: Kokomo
|move|p1a: The Capitol|Sacred Sword|p2a: Kokomo
|-damage|p2a: Kokomo|63/100
|
|-weather|Sandstorm|[upkeep]
|-heal|p2a: Kokomo|70/100|[from] Grassy Terrain
|upkeep
|turn|7
|
|t:|1617339685
|switch|p1a: YOUR MOM|Slowbro, F, shiny|78/100
|move|p2a: Kokomo|Stealth Rock|p1a: YOUR MOM
|-sidestart|p1: OU make me yawn ¤|move: Stealth Rock
|
|-weather|Sandstorm|[upkeep]
|-damage|p1a: YOUR MOM|72/100|[from] Sandstorm
|-heal|p2a: Kokomo|76/100|[from] Grassy Terrain
|-heal|p1a: YOUR MOM|78/100|[from] Grassy Terrain
|upkeep
|turn|8
|
|t:|1617339694
|switch|p2a: fuck twitter|Dracozolt|100/100
|move|p1a: YOUR MOM|Teleport|p1a: YOUR MOM
|
|t:|1617339703
|switch|p1a: Oh my STARS|Clefable, M, shiny|100/100|[from]move: Teleport
|
|-weather|Sandstorm|[upkeep]
|-fieldend|move: Grassy Terrain
|upkeep
|turn|9
|inactive|IM AT MY LIMIT has 270 seconds left.
|
|t:|1617339715
|move|p2a: fuck twitter|Bolt Beak|p1a: Oh my STARS
|-damage|p1a: Oh my STARS|36/100
|move|p1a: Oh my STARS|Moonblast|p2a: fuck twitter
|-supereffective|p2a: fuck twitter
|-damage|p2a: fuck twitter|0 fnt
|faint|p2a: fuck twitter
|
|-weather|Sandstorm|[upkeep]
|upkeep
|inactive|IM AT MY LIMIT has 270 seconds left.
|c|☆IM AT MY LIMIT|o
|
|t:|1617339725
|switch|p2a: Grave digger 2|Excadrill, F, shiny|77/100
|turn|10
|inactive|IM AT MY LIMIT has 270 seconds left.
|
|t:|1617339738
|switch|p1a: YOUR MOM|Slowbro, F, shiny|100/100
|move|p2a: Grave digger 2|Earthquake|p1a: YOUR MOM
|-damage|p1a: YOUR MOM|49/100
|
|-weather|Sandstorm|[upkeep]
|-damage|p1a: YOUR MOM|43/100|[from] Sandstorm
|upkeep
|turn|11
|inactive|IM AT MY LIMIT has 270 seconds left.
|
|t:|1617339749
|switch|p2a: Girl from Ipanepa|Gigalith, F, shiny|88/100
|switch|p1a: He's here.|Tornadus-Therian, M|100/100
|
|-weather|Sandstorm|[upkeep]
|-damage|p1a: He's here.|94/100|[from] Sandstorm
|-damage|p2a: Girl from Ipanepa|76/100|[from] item: Sticky Barb
|upkeep
|turn|12
|
|t:|1617339758
|move|p1a: He's here.|Defog|p2a: Girl from Ipanepa
|-unboost|p2a: Girl from Ipanepa|evasion|1
|-sideend|p1: OU make me yawn ¤|Stealth Rock|[from] move: Defog|[of] p1a: He's here.
|move|p2a: Girl from Ipanepa|Gravity|p2a: Girl from Ipanepa
|-fieldstart|move: Gravity
|
|-weather|Sandstorm|[upkeep]
|-damage|p1a: He's here.|88/100|[from] Sandstorm
|-damage|p2a: Girl from Ipanepa|64/100|[from] item: Sticky Barb
|upkeep
|turn|13
|
|t:|1617339764
|move|p1a: He's here.|U-turn|p2a: Girl from Ipanepa
|-damage|p2a: Girl from Ipanepa|52/100
|
|t:|1617339767
|switch|p1a: YOUR MOM|Slowbro, F, shiny|76/100|[from]move: U-turn
|move|p2a: Girl from Ipanepa|Explosion|p1a: YOUR MOM
|-damage|p1a: YOUR MOM|32/100
|faint|p2a: Girl from Ipanepa
|
|-weather|none
|upkeep
|
|t:|1617339771
|switch|p2a: Grave digger 2|Excadrill, F, shiny|77/100
|turn|14
|
|t:|1617339786
|move|p2a: Grave digger 2|Earthquake|p1a: YOUR MOM
|-damage|p1a: YOUR MOM|0 fnt
|faint|p1a: YOUR MOM
|
|upkeep
|
|t:|1617339790
|switch|p1a: Hey I'm bannable|Rillaboom, F, shiny|52/100
|-fieldstart|move: Grassy Terrain|[from] ability: Grassy Surge|[of] p1a: Hey I'm bannable
|turn|15
|
|t:|1617339795
|switch|p2a: Popcorn castle|Ferrothorn, F, shiny|100/100
|move|p1a: Hey I'm bannable|Grassy Glide|p2a: Popcorn castle
|-resisted|p2a: Popcorn castle
|-damage|p2a: Popcorn castle|90/100
|-damage|p1a: Hey I'm bannable|40/100|[from] ability: Iron Barbs|[of] p2a: Popcorn castle
|
|-heal|p1a: Hey I'm bannable|46/100|[from] Grassy Terrain
|-heal|p2a: Popcorn castle|96/100|[from] Grassy Terrain
|upkeep
|turn|16
|
|t:|1617339805
|switch|p1a: Oh my STARS|Clefable, M, shiny|36/100
|switch|p2a: Digital Animal|Landorus-Therian, M, shiny|100/100
|-ability|p2a: Digital Animal|Intimidate|boost
|-unboost|p1a: Oh my STARS|atk|1
|
|-heal|p1a: Oh my STARS|42/100|[from] Grassy Terrain
|-fieldend|move: Gravity
|upkeep
|turn|17
|
|t:|1617339816
|move|p2a: Digital Animal|Sludge Wave|p1a: Oh my STARS
|-supereffective|p1a: Oh my STARS
|-crit|p1a: Oh my STARS
|-damage|p1a: Oh my STARS|0 fnt
|-damage|p2a: Digital Animal|91/100|[from] item: Life Orb
|faint|p1a: Oh my STARS
|
|upkeep
|c|☆OU make me yawn ¤|o
|c|☆IM AT MY LIMIT|yes
|inactive|OU make me yawn ¤ has 270 seconds left.
|
|t:|1617339842
|switch|p1a: He's here.|Tornadus-Therian, M|100/100
|turn|18
|inactive|OU make me yawn ¤ has 270 seconds left.
|
|t:|1617339866
|switch|p2a: Kokomo|Hippowdon, M|76/100
|-weather|Sandstorm|[from] ability: Sand Stream|[of] p2a: Kokomo
|move|p1a: He's here.|Hurricane|p2a: Kokomo
|-damage|p2a: Kokomo|32/100
|
|-weather|Sandstorm|[upkeep]
|-damage|p1a: He's here.|94/100|[from] Sandstorm
|-heal|p2a: Kokomo|38/100|[from] Grassy Terrain
|upkeep
|turn|19
|
|t:|1617339876
|switch|p2a: Grave digger 2|Excadrill, F, shiny|77/100
|move|p1a: He's here.|Hurricane|p2a: Grave digger 2
|-resisted|p2a: Grave digger 2
|-damage|p2a: Grave digger 2|47/100
|
|-weather|Sandstorm|[upkeep]
|-damage|p1a: He's here.|88/100|[from] Sandstorm
|-heal|p2a: Grave digger 2|53/100|[from] Grassy Terrain
|-fieldend|move: Grassy Terrain
|upkeep
|turn|20
|inactive|OU make me yawn ¤ has 270 seconds left.
|
|t:|1617339895
|switch|p1a: 1/6 2021|Heatran, M, shiny|100/100
|move|p2a: Grave digger 2|Earthquake|p1a: 1/6 2021
|-supereffective|p1a: 1/6 2021
|-damage|p1a: 1/6 2021|0 fnt
|faint|p1a: 1/6 2021
|
|-weather|Sandstorm|[upkeep]
|upkeep
|inactive|OU make me yawn ¤ has 270 seconds left.
|
|t:|1617339900
|switch|p1a: He's here.|Tornadus-Therian, M|100/100
|turn|21
|
|t:|1617339909
|switch|p2a: Popcorn castle|Ferrothorn, F, shiny|96/100
|move|p1a: He's here.|Hurricane|p2a: Popcorn castle
|-damage|p2a: Popcorn castle|61/100
|-start|p2a: Popcorn castle|confusion
|
|-weather|Sandstorm|[upkeep]
|-damage|p1a: He's here.|94/100|[from] Sandstorm
|upkeep
|turn|22
|
|t:|1617339922
|move|p1a: He's here.|Hurricane|p2a: Popcorn castle
|-damage|p2a: Popcorn castle|29/100
|-activate|p2a: Popcorn castle|confusion
|move|p2a: Popcorn castle|Leech Seed|p1a: He's here.
|-start|p1a: He's here.|move: Leech Seed
|
|-weather|Sandstorm|[upkeep]
|-damage|p1a: He's here.|88/100|[from] Sandstorm
|-damage|p1a: He's here.|76/100|[from] Leech Seed|[of] p2a: Popcorn castle
|-heal|p2a: Popcorn castle|42/100|[silent]
|upkeep
|turn|23
|
|t:|1617339930
|move|p1a: He's here.|Hurricane|p2a: Popcorn castle|[miss]
|-miss|p1a: He's here.|p2a: Popcorn castle
|-activate|p2a: Popcorn castle|confusion
|move|p2a: Popcorn castle|Knock Off|p1a: He's here.
|-damage|p1a: He's here.|53/100
|-enditem|p1a: He's here.|Heavy-Duty Boots|[from] move: Knock Off|[of] p2a: Popcorn castle
|
|-weather|Sandstorm|[upkeep]
|-damage|p1a: He's here.|47/100|[from] Sandstorm
|-damage|p1a: He's here.|34/100|[from] Leech Seed|[of] p2a: Popcorn castle
|-heal|p2a: Popcorn castle|54/100|[silent]
|upkeep
|turn|24
|
|t:|1617339943
|move|p1a: He's here.|U-turn|p2a: Popcorn castle
|-damage|p2a: Popcorn castle|46/100
|-damage|p1a: He's here.|22/100|[from] ability: Iron Barbs|[of] p2a: Popcorn castle
|
|t:|1617339953
|switch|p1a: Hey I'm bannable|Rillaboom, F, shiny|46/100|[from]move: U-turn
|-fieldstart|move: Grassy Terrain|[from] ability: Grassy Surge|[of] p1a: Hey I'm bannable
|-activate|p2a: Popcorn castle|confusion
|-damage|p2a: Popcorn castle|41/100|[from] confusion
|
|-weather|Sandstorm|[upkeep]
|-damage|p1a: Hey I'm bannable|40/100|[from] Sandstorm
|-heal|p1a: Hey I'm bannable|46/100|[from] Grassy Terrain
|-heal|p2a: Popcorn castle|47/100|[from] Grassy Terrain
|upkeep
|turn|25
|
|t:|1617339963
|move|p1a: Hey I'm bannable|U-turn|p2a: Popcorn castle
|-damage|p2a: Popcorn castle|26/100
|-damage|p1a: Hey I'm bannable|34/100|[from] ability: Iron Barbs|[of] p2a: Popcorn castle
|
|t:|1617339972
|switch|p1a: The Capitol|Kartana|100/100|[from]move: U-turn
|-activate|p2a: Popcorn castle|confusion
|move|p2a: Popcorn castle|Spikes|p1a: The Capitol
|-sidestart|p1: OU make me yawn ¤|Spikes
|
|-weather|none
|-heal|p2a: Popcorn castle|32/100|[from] Grassy Terrain
|upkeep
|turn|26
|
|t:|1617339979
|switch|p1a: He's here.|Tornadus-Therian, M|55/100
|switch|p2a: Kokomo|Hippowdon, M|38/100
|-weather|Sandstorm|[from] ability: Sand Stream|[of] p2a: Kokomo
|
|-weather|Sandstorm|[upkeep]
|-damage|p1a: He's here.|49/100|[from] Sandstorm
|-heal|p2a: Kokomo|44/100|[from] Grassy Terrain
|upkeep
|turn|27
|
|t:|1617339985
|switch|p2a: Digital Animal|Landorus-Therian, M, shiny|91/100
|-ability|p2a: Digital Animal|Intimidate|boost
|-unboost|p1a: He's here.|atk|1
|move|p1a: He's here.|Defog|p2a: Digital Animal
|-unboost|p2a: Digital Animal|evasion|1
|-sideend|p1: OU make me yawn ¤|Spikes|[from] move: Defog|[of] p1a: He's here.
|-fieldend|move: Grassy Terrain
|
|-weather|Sandstorm|[upkeep]
|-damage|p1a: He's here.|43/100|[from] Sandstorm
|upkeep
|turn|28
|
|t:|1617339991
|move|p1a: He's here.|Hurricane|p2a: Digital Animal
|-damage|p2a: Digital Animal|32/100
|-start|p2a: Digital Animal|confusion
|-activate|p2a: Digital Animal|confusion
|move|p2a: Digital Animal|Gravity|p2a: Digital Animal
|-fieldstart|move: Gravity
|
|-weather|Sandstorm|[upkeep]
|-damage|p1a: He's here.|37/100|[from] Sandstorm
|upkeep
|turn|29
|
|t:|1617340001
|move|p1a: He's here.|Knock Off|p2a: Digital Animal
|-damage|p2a: Digital Animal|15/100
|-enditem|p2a: Digital Animal|Life Orb|[from] move: Knock Off|[of] p1a: He's here.
|-activate|p2a: Digital Animal|confusion
|move|p2a: Digital Animal|Earth Power|p1a: He's here.
|-damage|p1a: He's here.|0 fnt
|faint|p1a: He's here.
|
|-weather|Sandstorm|[upkeep]
|upkeep
|
|t:|1617340011
|switch|p1a: Hey I'm bannable|Rillaboom, F, shiny|34/100
|-fieldstart|move: Grassy Terrain|[from] ability: Grassy Surge|[of] p1a: Hey I'm bannable
|turn|30
|
|t:|1617340017
|move|p1a: Hey I'm bannable|Grassy Glide|p2a: Digital Animal
|-damage|p2a: Digital Animal|0 fnt
|faint|p2a: Digital Animal
|
|-weather|Sandstorm|[upkeep]
|-damage|p1a: Hey I'm bannable|28/100|[from] Sandstorm
|-heal|p1a: Hey I'm bannable|34/100|[from] Grassy Terrain
|upkeep
|
|t:|1617340020
|switch|p2a: Popcorn castle|Ferrothorn, F, shiny|32/100
|turn|31
|
|t:|1617340026
|switch|p1a: The Capitol|Kartana|100/100
|switch|p2a: Grave digger 2|Excadrill, F, shiny|53/100
|
|-weather|Sandstorm|[upkeep]
|-heal|p2a: Grave digger 2|60/100|[from] Grassy Terrain
|upkeep
|turn|32
|
|t:|1617340037
|move|p2a: Grave digger 2|Earthquake|p1a: The Capitol
|-damage|p1a: The Capitol|54/100
|move|p1a: The Capitol|Sacred Sword|p2a: Grave digger 2
|-supereffective|p2a: Grave digger 2
|-damage|p2a: Grave digger 2|0 fnt
|faint|p2a: Grave digger 2
|-ability|p1a: The Capitol|Beast Boost|boost
|-boost|p1a: The Capitol|atk|1
|
|-weather|Sandstorm|[upkeep]
|-heal|p1a: The Capitol|60/100|[from] Grassy Terrain
|-fieldend|move: Gravity
|upkeep
|-message|IM AT MY LIMIT forfeited.
|
|win|OU make me yawn ¤
