|raw|<div class="broadcast-blue"><strong>This battle is required to be public due to a player having a name starting with 'LT74PF'.</div>
|j|☆LT74PF ZESTI
|j|☆ezwz
|t:|1599668492
|player|p1|LT74PF ZESTI|dancer|2047
|player|p2|ezwz|youngster-gen4|2032
|teamsize|p1|6
|teamsize|p2|6
|gametype|singles
|gen|8
|tier|[Gen 8] OU
|rated|
|clearpoke
|poke|p1|Raichu-Alola, F|
|poke|p1|Skarmory, F|
|poke|p1|Pincurchin, M|
|poke|p1|Hawlucha, M|
|poke|p1|Rotom-Wash|
|poke|p1|Amoonguss, F|
|poke|p2|Hippowdon, M|
|poke|p2|Excadrill, M|
|poke|p2|Magnezone|
|poke|p2|Clefable, M|
|poke|p2|Toxapex, M|
|poke|p2|Skarmory, M|
|rule|Sleep Clause Mod: Limit one foe put to sleep
|rule|Species Clause: Limit one of each Pokémon
|rule|OHKO Clause: OHKO moves are banned
|rule|Evasion Moves Clause: Evasion moves are banned
|rule|Endless Battle Clause: Forcing endless battles is banned
|rule|HP Percentage Mod: HP is shown in percentages
|rule|Dynamax Clause: You cannot dynamax
|teampreview
|c|☆LT74PF ZESTI|hf
|inactive|Battle timer is ON: inactive players will automatically lose when time's up. (requested by LT74PF ZESTI)
|j| GrookeyGaming
|c|☆ezwz|u2
|j| fluffy cows
|j| Xomdlo
|inactive|ezwz has 120 seconds left.
|j| xpcipxcicx
|
|t:|1599668554
|start
|switch|p1a: Rotom|Rotom-Wash|100/100
|switch|p2a: Clefable|Clefable, M|100/100
|turn|1
|j| RasodaMainKaunTha?
|
|t:|1599668563
|move|p1a: Rotom|Nasty Plot|p1a: Rotom
|-boost|p1a: Rotom|spa|2
|move|p2a: Clefable|Moonblast|p1a: Rotom
|-damage|p1a: Rotom|62/100
|
|upkeep
|turn|2
|j| VvvV1250
|
|t:|1599668578
|move|p1a: Rotom|Hydro Pump|p2a: Clefable
|-damage|p2a: Clefable|0 fnt
|faint|p2a: Clefable
|
|upkeep
|c|☆ezwz|hm i dont got nothing for this lol
|
|t:|1599668595
|switch|p2a: Hippowdon|Hippowdon, M|100/100
|-weather|Sandstorm|[from] ability: Sand Stream|[of] p2a: Hippowdon
|turn|3
|
|t:|1599668603
|switch|p2a: Toxapex|Toxapex, M|100/100
|move|p1a: Rotom|Hydro Pump|p2a: Toxapex
|-resisted|p2a: Toxapex
|-damage|p2a: Toxapex|57/100
|
|-weather|Sandstorm|[upkeep]
|-damage|p1a: Rotom|56/100|[from] Sandstorm
|-damage|p2a: Toxapex|51/100|[from] Sandstorm
|-heal|p2a: Toxapex|57/100|[from] item: Leftovers
|upkeep
|turn|4
|
|t:|1599668609
|switch|p2a: Excadrill|Excadrill, M|100/100
|move|p1a: Rotom|Thunderbolt|p2a: Excadrill
|-immune|p2a: Excadrill
|
|-weather|Sandstorm|[upkeep]
|-damage|p1a: Rotom|49/100|[from] Sandstorm
|upkeep
|turn|5
|j| Kobayashi OP
|
|t:|1599668625
|switch|p2a: Toxapex|Toxapex, M|90/100
|move|p1a: Rotom|Hydro Pump|p2a: Toxapex|[miss]
|-miss|p1a: Rotom|p2a: Toxapex
|
|-weather|Sandstorm|[upkeep]
|-damage|p1a: Rotom|43/100|[from] Sandstorm
|-damage|p2a: Toxapex|84/100|[from] Sandstorm
|-heal|p2a: Toxapex|90/100|[from] item: Leftovers
|upkeep
|turn|6
|
|t:|1599668630
|switch|p2a: Excadrill|Excadrill, M|100/100
|move|p1a: Rotom|Substitute|p1a: Rotom
|-start|p1a: Rotom|Substitute
|-damage|p1a: Rotom|18/100
|-enditem|p1a: Rotom|Salac Berry|[eat]
|-boost|p1a: Rotom|spe|1|[from] item: Salac Berry
|
|-weather|Sandstorm|[upkeep]
|-damage|p1a: Rotom|12/100|[from] Sandstorm
|upkeep
|turn|7
|
|t:|1599668634
|move|p1a: Rotom|Hydro Pump|p2a: Excadrill
|-supereffective|p2a: Excadrill
|-damage|p2a: Excadrill|0 fnt
|faint|p2a: Excadrill
|
|-weather|Sandstorm|[upkeep]
|-damage|p1a: Rotom|6/100|[from] Sandstorm
|upkeep
|j| xwshbxwsxbjk
|
|t:|1599668647
|switch|p2a: Magnezone|Magnezone|100/100
|turn|8
|
|t:|1599668652
|switch|p2a: Toxapex|Toxapex, M|100/100
|move|p1a: Rotom|Thunderbolt|p2a: Toxapex
|-supereffective|p2a: Toxapex
|-damage|p2a: Toxapex|0 fnt
|faint|p2a: Toxapex
|
|-weather|Sandstorm|[upkeep]
|-damage|p1a: Rotom|0 fnt|[from] Sandstorm
|faint|p1a: Rotom
|upkeep
|l| GrookeyGaming
|
|t:|1599668670
|switch|p1a: Pincurchin|Pincurchin, M|100/100
|switch|p2a: Magnezone|Magnezone|100/100
|-fieldstart|move: Electric Terrain|[from] ability: Electric Surge|[of] p1a: Pincurchin
|turn|9
|l| xwshbxwsxbjk
|j| xwshbxwsxbjk
|inactive|ezwz has 120 seconds left.
|
|t:|1599668707
|move|p2a: Magnezone|Thunderbolt|p1a: Pincurchin
|-resisted|p1a: Pincurchin
|-damage|p1a: Pincurchin|62/100
|move|p1a: Pincurchin|Toxic Spikes|p2a: Magnezone
|-sidestart|p2: ezwz|move: Toxic Spikes
|
|-weather|Sandstorm|[upkeep]
|-damage|p1a: Pincurchin|57/100|[from] Sandstorm
|upkeep
|turn|10
|
|t:|1599668715
|move|p2a: Magnezone|Iron Defense|p2a: Magnezone
|-boost|p2a: Magnezone|def|2
|move|p1a: Pincurchin|Spikes|p2a: Magnezone
|-sidestart|p2: ezwz|Spikes
|
|-weather|none
|upkeep
|turn|11
|inactive|ezwz has 120 seconds left.
|inactive|ezwz has 90 seconds left.
|
|t:|1599668752
|switch|p1a: Raichu|Raichu-Alola, F|100/100
|move|p2a: Magnezone|Substitute|p2a: Magnezone
|-start|p2a: Magnezone|Substitute
|-damage|p2a: Magnezone|76/100
|
|-heal|p2a: Magnezone|82/100|[from] item: Leftovers
|upkeep
|turn|12
|inactive|ezwz has 90 seconds left.
|l| xpcipxcicx
|
|t:|1599668779
|move|p1a: Raichu|Rising Voltage|p2a: Magnezone
|-resisted|p2a: Magnezone
|-end|p2a: Magnezone|Substitute
|move|p2a: Magnezone|Body Press|p1a: Raichu
|-resisted|p1a: Raichu
|-damage|p1a: Raichu|32/100
|
|-heal|p2a: Magnezone|88/100|[from] item: Leftovers
|upkeep
|turn|13
|
|t:|1599668803
|move|p1a: Raichu|Focus Blast|p2a: Magnezone
|-supereffective|p2a: Magnezone
|-damage|p2a: Magnezone|0 fnt
|faint|p2a: Magnezone
|
|upkeep
|
|t:|1599668807
|switch|p2a: Hippowdon|Hippowdon, M|100/100
|-status|p2a: Hippowdon|psn
|-damage|p2a: Hippowdon|88/100 psn|[from] Spikes
|-weather|Sandstorm|[from] ability: Sand Stream|[of] p2a: Hippowdon
|turn|14
|j| faunazon
|
|t:|1599668813
|move|p1a: Raichu|Focus Blast|p2a: Hippowdon
|-damage|p2a: Hippowdon|59/100 psn
|move|p2a: Hippowdon|Stealth Rock|p1a: Raichu
|-sidestart|p1: LT74PF ZESTI|move: Stealth Rock
|
|-weather|Sandstorm|[upkeep]
|-damage|p1a: Raichu|26/100|[from] Sandstorm
|-damage|p2a: Hippowdon|47/100 psn|[from] psn
|upkeep
|turn|15
|j| yiyue
|
|t:|1599668818
|move|p1a: Raichu|Psyshock|p2a: Hippowdon
|-damage|p2a: Hippowdon|21/100 psn
|move|p2a: Hippowdon|Slack Off|p2a: Hippowdon
|-heal|p2a: Hippowdon|71/100 psn
|
|-weather|Sandstorm|[upkeep]
|-damage|p1a: Raichu|20/100|[from] Sandstorm
|-enditem|p1a: Raichu|Iapapa Berry|[eat]
|-heal|p1a: Raichu|53/100|[from] item: Iapapa Berry
|-damage|p2a: Hippowdon|59/100 psn|[from] psn
|upkeep
|turn|16
|
|t:|1599668828
|move|p1a: Raichu|Nasty Plot|p1a: Raichu
|-boost|p1a: Raichu|spa|2
|move|p2a: Hippowdon|Earthquake|p1a: Raichu
|-supereffective|p1a: Raichu
|-damage|p1a: Raichu|0 fnt
|faint|p1a: Raichu
|
|-weather|Sandstorm|[upkeep]
|-damage|p2a: Hippowdon|46/100 psn|[from] psn
|-fieldend|move: Electric Terrain
|upkeep
|
|t:|1599668834
|switch|p1a: Amoonguss|Amoonguss, F|100/100
|-damage|p1a: Amoonguss|88/100|[from] Stealth Rock
|turn|17
|c|☆ezwz|gg
|-message|ezwz forfeited.
|
|win|LT74PF ZESTI
|l|☆ezwz
|c|☆LT74PF ZESTI|gg
|l| fluffy cows
|l| VvvV1250
|l|☆LT74PF ZESTI
|l| Xomdlo
