|j|☆airfare
|j|☆relic stone
|t:|1608578426
|player|p1|airfare|shelly|
|player|p2|relic stone|lusamine-nihilego|
|teamsize|p1|6
|teamsize|p2|6
|gametype|singles
|gen|8
|tier|[Gen 8] OU
|clearpoke
|poke|p1|Cinderace, F|
|poke|p1|Latios, M|
|poke|p1|Golisopod, F|
|poke|p1|Clefable, F|
|poke|p1|Tyranitar, F|
|poke|p1|Melmetal|
|poke|p2|Cinderace, M|
|poke|p2|Cobalion|
|poke|p2|Diggersby, M|
|poke|p2|Rillaboom, M|
|poke|p2|Primarina, M|
|poke|p2|Togekiss, M|
|rule|Sleep Clause Mod: Limit one foe put to sleep
|rule|Species Clause: Limit one of each Pokémon
|rule|OHKO Clause: OHKO moves are banned
|rule|Evasion Moves Clause: Evasion moves are banned
|rule|Endless Battle Clause: Forcing endless battles is banned
|rule|HP Percentage Mod: HP is shown in percentages
|rule|Dynamax Clause: You cannot dynamax
|teampreview
|c|☆airfare|whats coba do
|
|t:|1608578444
|start
|switch|p1a: Cinderace|Cinderace, F|100/100
|switch|p2a: Boagrius|Cobalion, shiny|100/100
|turn|1
|c|☆airfare|im scared
|
|t:|1608578468
|move|p1a: Cinderace|High Jump Kick|p2a: Boagrius
|-start|p1a: Cinderace|typechange|Fighting|[from] ability: Libero
|-supereffective|p2a: Boagrius
|-damage|p2a: Boagrius|27/100
|-damage|p1a: Cinderace|84/100|[from] item: Rocky Helmet|[of] p2a: Boagrius
|move|p2a: Boagrius|Thunder Wave|p1a: Cinderace
|-status|p1a: Cinderace|par
|
|upkeep
|turn|2
|c|☆relic stone|LOL
|
|t:|1608578479
|move|p2a: Boagrius|Stealth Rock|p1a: Cinderace
|-sidestart|p1: airfare|move: Stealth Rock
|cant|p1a: Cinderace|par
|
|upkeep
|turn|3
|
|t:|1608578484
|move|p2a: Boagrius|Close Combat|p1a: Cinderace
|-damage|p1a: Cinderace|26/100 par
|-unboost|p2a: Boagrius|def|1
|-unboost|p2a: Boagrius|spd|1
|move|p1a: Cinderace|Pyro Ball|p2a: Boagrius
|-start|p1a: Cinderace|typechange|Fire|[from] ability: Libero
|-supereffective|p2a: Boagrius
|-damage|p2a: Boagrius|0 fnt
|faint|p2a: Boagrius
|
|upkeep
|
|t:|1608578489
|switch|p2a: Harambe|Rillaboom, M|100/100
|-fieldstart|move: Grassy Terrain|[from] ability: Grassy Surge|[of] p2a: Harambe
|turn|4
|
|t:|1608578494
|switch|p1a: Melmetal|Melmetal|100/100
|-damage|p1a: Melmetal|94/100|[from] Stealth Rock
|move|p2a: Harambe|U-turn|p1a: Melmetal
|-resisted|p1a: Melmetal
|-damage|p1a: Melmetal|85/100
|-damage|p2a: Harambe|91/100|[from] item: Life Orb
|c|☆airfare|lo uturn
|c|☆airfare|heinous
|
|t:|1608578502
|switch|p2a: Liberacy|Cinderace, M|100/100|[from]move: U-turn
|
|-heal|p1a: Melmetal|91/100|[from] Grassy Terrain
|upkeep
|turn|5
|
|t:|1608578507
|switch|p1a: Golisopod|Golisopod, F|100/100
|move|p2a: Liberacy|Pyro Ball|p1a: Golisopod
|-damage|p1a: Golisopod|67/100
|
|-heal|p1a: Golisopod|73/100|[from] Grassy Terrain
|upkeep
|turn|6
|
|t:|1608578517
|move|p1a: Golisopod|Aqua Jet|p2a: Liberacy
|-supereffective|p2a: Liberacy
|-damage|p2a: Liberacy|50/100
|move|p2a: Liberacy|Pyro Ball|p1a: Golisopod
|-damage|p1a: Golisopod|43/100
|-activate|p1a: Golisopod|ability: Emergency Exit
|
|t:|1608578525
|switch|p1a: Clefable|Clefable, F|100/100
|
|-heal|p2a: Liberacy|56/100|[from] Grassy Terrain
|upkeep
|turn|7
|
|t:|1608578541
|move|p2a: Liberacy|Pyro Ball|p1a: Clefable
|-damage|p1a: Clefable|55/100
|move|p1a: Clefable|Knock Off|p2a: Liberacy
|-damage|p2a: Liberacy|34/100
|-enditem|p2a: Liberacy|Choice Scarf|[from] move: Knock Off|[of] p1a: Clefable
|
|-heal|p2a: Liberacy|40/100|[from] Grassy Terrain
|-heal|p1a: Clefable|61/100|[from] item: Leftovers
|-heal|p1a: Clefable|68/100|[from] Grassy Terrain
|upkeep
|turn|8
|c|☆relic stone|thanks
|c|☆relic stone|LOL
|c|☆airfare|:/
|
|t:|1608578554
|switch|p1a: Tyranitar|Tyranitar, F|100/100
|-damage|p1a: Tyranitar|88/100|[from] Stealth Rock
|-weather|Sandstorm|[from] ability: Sand Stream|[of] p1a: Tyranitar
|move|p2a: Liberacy|U-turn|p1a: Tyranitar
|-start|p2a: Liberacy|typechange|Bug|[from] ability: Libero
|-supereffective|p1a: Tyranitar
|-damage|p1a: Tyranitar|31/100
|
|t:|1608578585
|switch|p2a: Harambe|Rillaboom, M|91/100|[from]move: U-turn
|
|-weather|Sandstorm|[upkeep]
|-damage|p2a: Harambe|84/100|[from] Sandstorm
|-heal|p2a: Harambe|91/100|[from] Grassy Terrain
|-heal|p1a: Tyranitar|37/100|[from] item: Leftovers
|-heal|p1a: Tyranitar|44/100|[from] Grassy Terrain
|-fieldend|move: Grassy Terrain
|upkeep
|turn|9
|
|t:|1608578598
|switch|p1a: Cinderace|Cinderace, F|26/100 par
|move|p2a: Harambe|Swords Dance|p2a: Harambe
|-boost|p2a: Harambe|atk|2
|
|-weather|Sandstorm|[upkeep]
|-damage|p2a: Harambe|84/100|[from] Sandstorm
|-damage|p1a: Cinderace|20/100 par|[from] Sandstorm
|upkeep
|turn|10
|
|t:|1608578610
|cant|p1a: Cinderace|par
|move|p2a: Harambe|Grassy Glide|p1a: Cinderace
|-resisted|p1a: Cinderace
|-damage|p1a: Cinderace|0 fnt
|-damage|p2a: Harambe|74/100|[from] item: Life Orb
|faint|p1a: Cinderace
|
|-weather|Sandstorm|[upkeep]
|-damage|p2a: Harambe|68/100|[from] Sandstorm
|upkeep
|
|t:|1608578612
|switch|p1a: Latios|Latios, M|100/100
|-damage|p1a: Latios|88/100|[from] Stealth Rock
|turn|11
|
|t:|1608578657
|switch|p2a: Happiness|Togekiss, M|100/100
|move|p1a: Latios|Psychic|p2a: Happiness
|-damage|p2a: Happiness|55/100
|-damage|p1a: Latios|78/100|[from] item: Life Orb
|
|-weather|Sandstorm|[upkeep]
|-damage|p1a: Latios|72/100|[from] Sandstorm
|-damage|p2a: Happiness|48/100|[from] Sandstorm
|upkeep
|turn|12
|
|t:|1608578671
|switch|p1a: Melmetal|Melmetal|91/100
|-damage|p1a: Melmetal|85/100|[from] Stealth Rock
|move|p2a: Happiness|Thunder Wave|p1a: Melmetal
|-status|p1a: Melmetal|par
|
|-weather|none
|upkeep
|turn|13
|
|t:|1608578720
|move|p2a: Happiness|Air Slash|p1a: Melmetal
|-resisted|p1a: Melmetal
|-damage|p1a: Melmetal|77/100 par
|cant|p1a: Melmetal|par
|
|upkeep
|turn|14
|
|t:|1608578724
|move|p2a: Happiness|Air Slash|p1a: Melmetal
|-resisted|p1a: Melmetal
|-damage|p1a: Melmetal|70/100 par
|move|p1a: Melmetal|Double Iron Bash|p2a: Happiness
|-supereffective|p2a: Happiness
|-damage|p2a: Happiness|1/100
|-supereffective|p2a: Happiness
|-damage|p2a: Happiness|0 fnt
|-hitcount|p2a: Happiness|2
|faint|p2a: Happiness
|
|upkeep
|c|☆airfare|deserved
|
|t:|1608578733
|switch|p2a: Lumberjack|Diggersby, M|100/100
|turn|15
|
|t:|1608578740
|switch|p1a: Golisopod|Golisopod, F|43/100
|move|p2a: Lumberjack|Swords Dance|p2a: Lumberjack
|-boost|p2a: Lumberjack|atk|2
|
|upkeep
|turn|16
|
|t:|1608578745
|move|p2a: Lumberjack|Quick Attack|p1a: Golisopod
|-damage|p1a: Golisopod|5/100
|-damage|p2a: Lumberjack|91/100|[from] item: Life Orb
|move|p1a: Golisopod|Aqua Jet|p2a: Lumberjack
|-supereffective|p2a: Lumberjack
|-damage|p2a: Lumberjack|44/100
|
|upkeep
|turn|17
|
|t:|1608578751
|move|p2a: Lumberjack|Quick Attack|p1a: Golisopod
|-damage|p1a: Golisopod|0 fnt
|-damage|p2a: Lumberjack|34/100|[from] item: Life Orb
|faint|p1a: Golisopod
|
|upkeep
|
|t:|1608578756
|switch|p1a: Latios|Latios, M|72/100
|-damage|p1a: Latios|60/100|[from] Stealth Rock
|turn|18
|c|☆relic stone|ok this wins anyway
|
|t:|1608578760
|switch|p1a: Tyranitar|Tyranitar, F|44/100
|-damage|p1a: Tyranitar|31/100|[from] Stealth Rock
|-weather|Sandstorm|[from] ability: Sand Stream|[of] p1a: Tyranitar
|move|p2a: Lumberjack|Quick Attack|p1a: Tyranitar
|-resisted|p1a: Tyranitar
|-damage|p1a: Tyranitar|3/100
|-damage|p2a: Lumberjack|25/100|[from] item: Life Orb
|
|-weather|Sandstorm|[upkeep]
|-heal|p1a: Tyranitar|9/100|[from] item: Leftovers
|upkeep
|turn|19
|
|t:|1608578766
|switch|p1a: Latios|Latios, M|60/100
|-damage|p1a: Latios|48/100|[from] Stealth Rock
|move|p2a: Lumberjack|Quick Attack|p1a: Latios
|-damage|p1a: Latios|0 fnt
|-damage|p2a: Lumberjack|15/100|[from] item: Life Orb
|faint|p1a: Latios
|
|-weather|Sandstorm|[upkeep]
|upkeep
|c|☆airfare|oh
|c|☆relic stone|ez
|c|☆airfare|oops
|c|☆relic stone|bro
|c|☆airfare|lmao
|c|☆relic stone|this is like
|c|☆relic stone|a pre dlc1 team
|c|☆relic stone|LOL
|c|☆relic stone|i saw it worked in this meta
|c|☆relic stone|cause i have a normal type
|c|☆relic stone|and a cinderace
|c|☆relic stone|rofl
|c|☆airfare|lmao
|
|t:|1608578814
|switch|p1a: Melmetal|Melmetal|70/100 par
|-damage|p1a: Melmetal|64/100 par|[from] Stealth Rock
|turn|20
|j| steeeelium
|c|☆airfare|bet ur
|c|☆airfare|mega kick tpunch
|c|☆relic stone|im mega kick ice punch quickattack
|c|☆relic stone|LOL
|c|☆relic stone|i have to hit
|c|☆airfare|cringe
|
|t:|1608578835
|move|p2a: Lumberjack|Mega Kick|p1a: Melmetal
|-resisted|p1a: Melmetal
|-damage|p1a: Melmetal|7/100 par
|-damage|p2a: Lumberjack|5/100|[from] item: Life Orb
|move|p1a: Melmetal|Double Iron Bash|p2a: Lumberjack
|-damage|p2a: Lumberjack|0 fnt
|-hitcount|p2a: Lumberjack|1
|faint|p2a: Lumberjack
|
|-weather|Sandstorm|[upkeep]
|upkeep
|c|☆relic stone|57
|c|☆relic stone|what the fuck
|c|☆airfare|!showset 6
|c| airfare|/raw <div class="infobox">Melmetal @ Assault Vest<br />Ability: Iron Fist<br />EVs: 128 hp / 116 atk / 252 spd / 12 spe<br />Careful Nature<br />- Double Iron Bash<br />- Earthquake<br />- Ice Punch<br />- Thunder Punch<br /><br /></div>
|
|t:|1608578846
|switch|p2a: Harambe|Rillaboom, M|68/100
|-fieldstart|move: Grassy Terrain|[from] ability: Grassy Surge|[of] p2a: Harambe
|turn|21
|c|☆airfare|goat evs
|
|t:|1608578851
|move|p2a: Harambe|Grassy Glide|p1a: Melmetal
|-resisted|p1a: Melmetal
|-damage|p1a: Melmetal|0 fnt
|-damage|p2a: Harambe|58/100|[from] item: Life Orb
|faint|p1a: Melmetal
|
|-weather|Sandstorm|[upkeep]
|-damage|p2a: Harambe|52/100|[from] Sandstorm
|-heal|p2a: Harambe|58/100|[from] Grassy Terrain
|upkeep
|
|t:|1608578852
|switch|p1a: Clefable|Clefable, F|68/100
|turn|22
|
|t:|1608578855
|move|p2a: Harambe|Swords Dance|p2a: Harambe
|-boost|p2a: Harambe|atk|2
|move|p1a: Clefable|Knock Off|p2a: Harambe
|-damage|p2a: Harambe|43/100
|-enditem|p2a: Harambe|Life Orb|[from] move: Knock Off|[of] p1a: Clefable
|
|-weather|none
|-heal|p2a: Harambe|50/100|[from] Grassy Terrain
|-heal|p1a: Clefable|74/100|[from] item: Leftovers
|-heal|p1a: Clefable|80/100|[from] Grassy Terrain
|upkeep
|turn|23
|
|t:|1608578859
|switch|p1a: Tyranitar|Tyranitar, F|9/100
|-damage|p1a: Tyranitar|0 fnt|[from] Stealth Rock
|faint|p1a: Tyranitar
|move|p2a: Harambe|Grassy Glide|p1: Tyranitar|[notarget]
|-fail|p2a: Harambe
|
|-heal|p2a: Harambe|56/100|[from] Grassy Terrain
|upkeep
|
|t:|1608578861
|switch|p1a: Clefable|Clefable, F|80/100
|turn|24
|
|t:|1608578863
|move|p2a: Harambe|Swords Dance|p2a: Harambe
|-boost|p2a: Harambe|atk|2
|move|p1a: Clefable|Moonblast|p2a: Harambe
|-damage|p2a: Harambe|12/100
|
|-heal|p2a: Harambe|18/100|[from] Grassy Terrain
|-heal|p1a: Clefable|86/100|[from] item: Leftovers
|-heal|p1a: Clefable|92/100|[from] Grassy Terrain
|upkeep
|turn|25
|
|t:|1608578865
|move|p2a: Harambe|Grassy Glide|p1a: Clefable
|-damage|p1a: Clefable|0 fnt
|faint|p1a: Clefable
|
|win|relic stone
|c|☆relic stone|ggggggggg
|c|☆airfare|u like the big tho
|c|☆airfare|gg
|c|☆airfare|bug**
|c|☆relic stone|which
|c|☆relic stone|bug
|c|☆airfare|uhh
|c|☆relic stone|there arent
|c|☆airfare|golisopod
|c|☆relic stone|any bugs
|c|☆airfare|i forgot the name
|c|☆relic stone|on my team
|c|☆relic stone|oh
|c|☆relic stone|golisopod
|c|☆relic stone|ye
|c|☆airfare|its my cind check LOL
|c|☆relic stone|first impression>jet imo
|c|☆airfare|honestly good spiker too
|c|☆relic stone|use scarf eq ttar
|c|☆airfare|nah w/o jet theres no cind check
|c|☆airfare|ttars my defensive utility
|c|☆relic stone|scarf ttar
|c|☆relic stone|eq
|c|☆relic stone|beats 99%
|c|☆relic stone|of aces
|c|☆airfare|i mean vs other shit
|c|☆airfare|like volc and spect
|c|☆airfare|that i need tar bulkyfor
|c|☆relic stone|oh
|c|☆relic stone|but
|c|☆relic stone|u haave ace
|c|☆relic stone|and av mel
|c|☆relic stone|to check those
|c|☆airfare|they get chipped mad easily
|c|☆airfare|maybe i could make clef wish
|c|☆airfare|rn its knock aroma
|c|☆airfare|but my team also rly likes aroma
|c|☆relic stone|tru
|c|☆airfare|but yea
|c|☆airfare|gg
