|j|☆tsnsj
|j|☆JaVpad1spi
|t:|1657781721
|gametype|singles
|player|p1|tsnsj|veteranf|1668
|player|p2|JaVpad1spi|170|1585
|teamsize|p1|6
|teamsize|p2|6
|gen|8
|tier|[Gen 8] OU
|rated|
|rule|Sleep Clause Mod: Limit one foe put to sleep
|rule|Species Clause: Limit one of each Pokémon
|rule|OHKO Clause: OHKO moves are banned
|rule|Evasion Moves Clause: Evasion moves are banned
|rule|Endless Battle Clause: Forcing endless battles is banned
|rule|HP Percentage Mod: HP is shown in percentages
|rule|Dynamax Clause: You cannot dynamax
|clearpoke
|poke|p1|Amoonguss, M|
|poke|p1|Hippowdon, M|
|poke|p1|Scizor, M|
|poke|p1|Moltres|
|poke|p1|Slowking, M|
|poke|p1|Nidoking, M|
|poke|p2|Diggersby, F|
|poke|p2|Mamoswine, F|
|poke|p2|Salazzle, F|
|poke|p2|Corviknight, F|
|poke|p2|Latias, F|
|poke|p2|Tapu Fini|
|teampreview
|inactive|Battle timer is ON: inactive players will automatically lose when time's up. (requested by tsnsj)
|
|t:|1657781749
|start
|switch|p1a: Hippowdon|Hippowdon, M|100/100
|switch|p2a: Diggersby|Diggersby, F|100/100
|-weather|Sandstorm|[from] ability: Sand Stream|[of] p1a: Hippowdon
|turn|1
|
|t:|1657781755
|switch|p1a: Amoonguss|Amoonguss, M, shiny|100/100
|move|p2a: Diggersby|Knock Off|p1a: Amoonguss
|-damage|p1a: Amoonguss|57/100
|-damage|p2a: Diggersby|84/100|[from] item: Rocky Helmet|[of] p1a: Amoonguss
|-enditem|p1a: Amoonguss|Rocky Helmet|[from] move: Knock Off|[of] p2a: Diggersby
|
|-weather|Sandstorm|[upkeep]
|-damage|p1a: Amoonguss|51/100|[from] Sandstorm
|upkeep
|turn|2
|
|t:|1657781763
|switch|p2a: Salazzle|Salazzle, F|100/100
|move|p1a: Amoonguss|Spore|p2a: Salazzle
|-status|p2a: Salazzle|slp|[from] move: Spore
|
|-weather|Sandstorm|[upkeep]
|-damage|p2a: Salazzle|94/100 slp|[from] Sandstorm
|-damage|p1a: Amoonguss|45/100|[from] Sandstorm
|-heal|p2a: Salazzle|100/100 slp|[from] item: Black Sludge
|upkeep
|turn|3
|
|t:|1657781769
|switch|p1a: Hippowdon|Hippowdon, M|100/100
|cant|p2a: Salazzle|slp
|
|-weather|Sandstorm|[upkeep]
|-damage|p2a: Salazzle|94/100 slp|[from] Sandstorm
|-heal|p2a: Salazzle|100/100 slp|[from] item: Black Sludge
|upkeep
|turn|4
|
|t:|1657781774
|switch|p2a: Corviknight|Corviknight, F|100/100
|-ability|p2a: Corviknight|Pressure
|move|p1a: Hippowdon|Stealth Rock|p2a: Corviknight
|-sidestart|p2: JaVpad1spi|move: Stealth Rock
|
|-weather|Sandstorm|[upkeep]
|upkeep
|turn|5
|
|t:|1657781777
|switch|p1a: Moltres|Moltres|100/100
|move|p2a: Corviknight|Defog|p1a: Moltres
|-unboost|p1a: Moltres|evasion|1
|-sideend|p2: JaVpad1spi|Stealth Rock|[from] move: Defog|[of] p2a: Corviknight
|
|-weather|none
|upkeep
|turn|6
|
|t:|1657781780
|switch|p2a: Salazzle|Salazzle, F|100/100 slp
|move|p1a: Moltres|U-turn|p2a: Salazzle
|-resisted|p2a: Salazzle
|-damage|p2a: Salazzle|95/100 slp
|
|t:|1657781783
|switch|p1a: Nidoking|Nidoking, M, shiny|100/100|[from]move: U-turn
|
|-heal|p2a: Salazzle|100/100 slp|[from] item: Black Sludge
|upkeep
|turn|7
|j| Alexlch
|
|t:|1657781790
|switch|p2a: Latias|Latias, F|100/100
|move|p1a: Nidoking|Ice Beam|p2a: Latias
|-supereffective|p2a: Latias
|-damage|p2a: Latias|31/100
|
|upkeep
|turn|8
|
|t:|1657781797
|switch|p1a: Slowking|Slowking, M|100/100
|move|p2a: Latias|Surf|p1a: Slowking
|-resisted|p1a: Slowking
|-damage|p1a: Slowking|93/100
|
|upkeep
|turn|9
|
|t:|1657781800
|switch|p2a: Salazzle|Salazzle, F|100/100 slp
|move|p1a: Slowking|Teleport|p1a: Slowking
|
|t:|1657781803
|switch|p1a: Nidoking|Nidoking, M, shiny|100/100|[from]move: Teleport
|
|upkeep
|turn|10
|
|t:|1657781807
|-curestatus|p2a: Salazzle|slp|[msg]
|move|p2a: Salazzle|Protect|p2a: Salazzle
|-singleturn|p2a: Salazzle|Protect
|move|p1a: Nidoking|Earth Power|p2a: Salazzle
|-activate|p2a: Salazzle|move: Protect
|
|upkeep
|turn|11
|
|t:|1657781812
|switch|p2a: Latias|Latias, F|31/100
|move|p1a: Nidoking|Ice Beam|p2a: Latias
|-supereffective|p2a: Latias
|-damage|p2a: Latias|0 fnt
|faint|p2a: Latias
|
|upkeep
|
|t:|1657781817
|switch|p2a: Mamoswine|Mamoswine, F|100/100
|turn|12
|
|t:|1657781822
|switch|p1a: Scizor|Scizor, M|100/100
|move|p2a: Mamoswine|Icicle Crash|p1a: Scizor
|-resisted|p1a: Scizor
|-damage|p1a: Scizor|78/100
|
|upkeep
|turn|13
|
|t:|1657781826
|switch|p2a: Corviknight|Corviknight, F|100/100
|-ability|p2a: Corviknight|Pressure
|move|p1a: Scizor|Knock Off|p2a: Corviknight
|-damage|p2a: Corviknight|84/100
|-enditem|p2a: Corviknight|Leftovers|[from] move: Knock Off|[of] p1a: Scizor
|
|upkeep
|turn|14
|
|t:|1657781829
|switch|p1a: Moltres|Moltres|100/100
|move|p2a: Corviknight|U-turn|p1a: Moltres
|-resisted|p1a: Moltres
|-damage|p1a: Moltres|98/100
|
|t:|1657781833
|switch|p2a: Salazzle|Salazzle, F|100/100|[from]move: U-turn
|
|upkeep
|turn|15
|
|t:|1657781836
|move|p2a: Salazzle|Substitute|p2a: Salazzle
|-start|p2a: Salazzle|Substitute
|-damage|p2a: Salazzle|75/100
|move|p1a: Moltres|U-turn|p2a: Salazzle
|-resisted|p2a: Salazzle
|-activate|p2a: Salazzle|move: Substitute|[damage]
|
|t:|1657781839
|switch|p1a: Hippowdon|Hippowdon, M|100/100|[from]move: U-turn
|-weather|Sandstorm|[from] ability: Sand Stream|[of] p1a: Hippowdon
|
|-weather|Sandstorm|[upkeep]
|-damage|p2a: Salazzle|69/100|[from] Sandstorm
|-heal|p2a: Salazzle|75/100|[from] item: Black Sludge
|upkeep
|turn|16
|
|t:|1657781843
|move|p2a: Salazzle|Protect|p2a: Salazzle
|-singleturn|p2a: Salazzle|Protect
|move|p1a: Hippowdon|Earthquake|p2a: Salazzle
|-activate|p2a: Salazzle|move: Protect
|
|-weather|Sandstorm|[upkeep]
|-damage|p2a: Salazzle|69/100|[from] Sandstorm
|-heal|p2a: Salazzle|75/100|[from] item: Black Sludge
|upkeep
|turn|17
|
|t:|1657781850
|move|p2a: Salazzle|Toxic|p1a: Hippowdon
|-status|p1a: Hippowdon|tox
|move|p1a: Hippowdon|Earthquake|p2a: Salazzle
|-supereffective|p2a: Salazzle
|-end|p2a: Salazzle|Substitute
|
|-weather|Sandstorm|[upkeep]
|-damage|p2a: Salazzle|69/100|[from] Sandstorm
|-heal|p2a: Salazzle|75/100|[from] item: Black Sludge
|-damage|p1a: Hippowdon|94/100 tox|[from] psn
|upkeep
|turn|18
|
|t:|1657781855
|move|p2a: Salazzle|Substitute|p2a: Salazzle
|-start|p2a: Salazzle|Substitute
|-damage|p2a: Salazzle|50/100
|move|p1a: Hippowdon|Stealth Rock|p2a: Salazzle
|-sidestart|p2: JaVpad1spi|move: Stealth Rock
|
|-weather|Sandstorm|[upkeep]
|-damage|p2a: Salazzle|44/100|[from] Sandstorm
|-heal|p2a: Salazzle|50/100|[from] item: Black Sludge
|-heal|p1a: Hippowdon|100/100 tox|[from] item: Leftovers
|-damage|p1a: Hippowdon|88/100 tox|[from] psn
|upkeep
|turn|19
|
|t:|1657781861
|switch|p1a: Slowking|Slowking, M|100/100
|move|p2a: Salazzle|Protect||[still]
|-fail|p2a: Salazzle
|
|-weather|none
|-heal|p2a: Salazzle|57/100|[from] item: Black Sludge
|upkeep
|turn|20
|
|t:|1657781865
|move|p2a: Salazzle|Toxic|p1a: Slowking
|-status|p1a: Slowking|tox
|move|p1a: Slowking|Future Sight|p2a: Salazzle
|-start|p1a: Slowking|move: Future Sight
|
|-heal|p2a: Salazzle|63/100|[from] item: Black Sludge
|-damage|p1a: Slowking|94/100 tox|[from] psn
|upkeep
|turn|21
|
|t:|1657781869
|move|p2a: Salazzle|Protect|p2a: Salazzle
|-singleturn|p2a: Salazzle|Protect
|move|p1a: Slowking|Teleport|p1a: Slowking
|
|t:|1657781874
|switch|p1a: Hippowdon|Hippowdon, M|88/100 tox|[from]move: Teleport
|-weather|Sandstorm|[from] ability: Sand Stream|[of] p1a: Hippowdon
|
|-weather|Sandstorm|[upkeep]
|-damage|p2a: Salazzle|57/100|[from] Sandstorm
|-heal|p2a: Salazzle|63/100|[from] item: Black Sludge
|-heal|p1a: Hippowdon|94/100 tox|[from] item: Leftovers
|-damage|p1a: Hippowdon|88/100 tox|[from] psn
|upkeep
|turn|22
|j| LocalMetagross
|
|t:|1657781885
|switch|p2a: Corviknight|Corviknight, F|84/100
|-damage|p2a: Corviknight|71/100|[from] Stealth Rock
|-ability|p2a: Corviknight|Pressure
|move|p1a: Hippowdon|Earthquake|p2a: Corviknight
|-immune|p2a: Corviknight
|
|-weather|Sandstorm|[upkeep]
|-end|p2a: Corviknight|move: Future Sight
|-resisted|p2a: Corviknight
|-damage|p2a: Corviknight|50/100
|-heal|p1a: Hippowdon|94/100 tox|[from] item: Leftovers
|-damage|p1a: Hippowdon|82/100 tox|[from] psn
|upkeep
|turn|23
|
|t:|1657781889
|switch|p1a: Nidoking|Nidoking, M, shiny|100/100
|move|p2a: Corviknight|Roost|p2a: Corviknight
|-heal|p2a: Corviknight|99/100
|-singleturn|p2a: Corviknight|move: Roost
|
|-weather|Sandstorm|[upkeep]
|upkeep
|turn|24
|
|t:|1657781892
|move|p1a: Nidoking|Flamethrower|p2a: Corviknight
|-supereffective|p2a: Corviknight
|-damage|p2a: Corviknight|23/100
|move|p2a: Corviknight|Defog|p1a: Nidoking
|-unboost|p1a: Nidoking|evasion|1
|-sideend|p2: JaVpad1spi|Stealth Rock|[from] move: Defog|[of] p2a: Corviknight
|
|-weather|Sandstorm|[upkeep]
|upkeep
|turn|25
|
|t:|1657781898
|move|p1a: Nidoking|Flamethrower|p2a: Corviknight
|-supereffective|p2a: Corviknight
|-damage|p2a: Corviknight|0 fnt
|faint|p2a: Corviknight
|
|-weather|none
|upkeep
|
|t:|1657781901
|switch|p2a: Mamoswine|Mamoswine, F|100/100
|turn|26
|j| fkiifit
|
|t:|1657781906
|switch|p1a: Moltres|Moltres|98/100
|move|p2a: Mamoswine|Earthquake|p1a: Moltres
|-immune|p1a: Moltres
|
|upkeep
|turn|27
|
|t:|1657781911
|move|p2a: Mamoswine|Icicle Crash|p1a: Moltres
|-damage|p1a: Moltres|61/100
|move|p1a: Moltres|U-turn|p2a: Mamoswine
|-damage|p2a: Mamoswine|82/100
|
|t:|1657781917
|switch|p1a: Scizor|Scizor, M|78/100|[from]move: U-turn
|
|upkeep
|turn|28
|
|t:|1657781922
|switch|p2a: Diggersby|Diggersby, F|84/100
|move|p1a: Scizor|Knock Off|p2a: Diggersby
|-damage|p2a: Diggersby|48/100
|-enditem|p2a: Diggersby|Choice Band|[from] move: Knock Off|[of] p1a: Scizor
|
|upkeep
|turn|29
|
|t:|1657781931
|switch|p1a: Amoonguss|Amoonguss, M, shiny|78/100
|move|p2a: Diggersby|Earthquake|p1a: Amoonguss
|-damage|p1a: Amoonguss|36/100
|
|upkeep
|turn|30
|j| fake tora
|j| GoldenStateIdiots
|
|t:|1657781952
|switch|p2a: Salazzle|Salazzle, F|63/100
|move|p1a: Amoonguss|Spore|p2a: Salazzle
|-status|p2a: Salazzle|slp|[from] move: Spore
|
|-heal|p2a: Salazzle|69/100 slp|[from] item: Black Sludge
|upkeep
|turn|31
|j| Bad Players
|
|t:|1657781958
|switch|p1a: Nidoking|Nidoking, M, shiny|100/100
|cant|p2a: Salazzle|slp
|
|-heal|p2a: Salazzle|75/100 slp|[from] item: Black Sludge
|upkeep
|turn|32
|
|t:|1657781966
|-curestatus|p2a: Salazzle|slp|[msg]
|move|p2a: Salazzle|Protect|p2a: Salazzle
|-singleturn|p2a: Salazzle|Protect
|move|p1a: Nidoking|Earth Power|p2a: Salazzle
|-activate|p2a: Salazzle|move: Protect
|
|-heal|p2a: Salazzle|81/100|[from] item: Black Sludge
|upkeep
|turn|33
|
|t:|1657781972
|move|p2a: Salazzle|Toxic|p1a: Nidoking
|-status|p1a: Nidoking|tox
|move|p1a: Nidoking|Earth Power|p2a: Salazzle
|-supereffective|p2a: Salazzle
|-damage|p2a: Salazzle|0 fnt
|faint|p2a: Salazzle
|
|-damage|p1a: Nidoking|95/100 tox|[from] psn
|upkeep
|
|t:|1657781975
|switch|p2a: Tapu Fini|Tapu Fini|100/100
|-fieldstart|move: Misty Terrain|[from] ability: Misty Surge|[of] p2a: Tapu Fini
|turn|34
|
|t:|1657781979
|switch|p1a: Amoonguss|Amoonguss, M, shiny|70/100
|move|p2a: Tapu Fini|Calm Mind|p2a: Tapu Fini
|-boost|p2a: Tapu Fini|spa|1
|-boost|p2a: Tapu Fini|spd|1
|
|upkeep
|turn|35
|
|t:|1657781983
|move|p2a: Tapu Fini|Surf|p1a: Amoonguss
|-resisted|p1a: Amoonguss
|-damage|p1a: Amoonguss|42/100
|move|p1a: Amoonguss|Seed Bomb|p2a: Tapu Fini
|-supereffective|p2a: Tapu Fini
|-damage|p2a: Tapu Fini|51/100
|
|-heal|p2a: Tapu Fini|57/100|[from] item: Leftovers
|upkeep
|turn|36
|
|t:|1657781992
|move|p2a: Tapu Fini|Surf|p1a: Amoonguss
|-resisted|p1a: Amoonguss
|-damage|p1a: Amoonguss|16/100
|move|p1a: Amoonguss|Seed Bomb|p2a: Tapu Fini
|-supereffective|p2a: Tapu Fini
|-damage|p2a: Tapu Fini|2/100
|
|-heal|p2a: Tapu Fini|8/100|[from] item: Leftovers
|upkeep
|turn|37
|l| GoldenStateIdiots
|
|t:|1657781998
|switch|p1a: Slowking|Slowking, M|100/100 tox
|move|p2a: Tapu Fini|Surf|p1a: Slowking
|-resisted|p1a: Slowking
|-damage|p1a: Slowking|85/100 tox
|
|-heal|p2a: Tapu Fini|14/100|[from] item: Leftovers
|-damage|p1a: Slowking|79/100 tox|[from] psn
|upkeep
|turn|38
|
|t:|1657782002
|switch|p1a: Amoonguss|Amoonguss, M, shiny|49/100
|move|p2a: Tapu Fini|Draining Kiss|p1a: Amoonguss
|-resisted|p1a: Amoonguss
|-crit|p1a: Amoonguss
|-damage|p1a: Amoonguss|28/100
|-heal|p2a: Tapu Fini|38/100|[from] drain|[of] p1a: Amoonguss
|
|-heal|p2a: Tapu Fini|44/100|[from] item: Leftovers
|-fieldend|Misty Terrain
|upkeep
|turn|39
|
|t:|1657782017
|switch|p1a: Slowking|Slowking, M|100/100 tox
|move|p2a: Tapu Fini|Draining Kiss|p1a: Slowking
|-damage|p1a: Slowking|81/100 tox
|-heal|p2a: Tapu Fini|65/100|[from] drain|[of] p1a: Slowking
|
|-heal|p2a: Tapu Fini|71/100|[from] item: Leftovers
|-damage|p1a: Slowking|75/100 tox|[from] psn
|upkeep
|turn|40
|
|t:|1657782019
|switch|p1a: Amoonguss|Amoonguss, M, shiny|62/100
|move|p2a: Tapu Fini|Calm Mind|p2a: Tapu Fini
|-boost|p2a: Tapu Fini|spa|1
|-boost|p2a: Tapu Fini|spd|1
|
|-heal|p2a: Tapu Fini|77/100|[from] item: Leftovers
|upkeep
|turn|41
|
|t:|1657782025
|move|p2a: Tapu Fini|Surf|p1a: Amoonguss
|-resisted|p1a: Amoonguss
|-damage|p1a: Amoonguss|29/100
|move|p1a: Amoonguss|Spore|p2a: Tapu Fini
|-status|p2a: Tapu Fini|slp|[from] move: Spore
|
|-heal|p2a: Tapu Fini|83/100 slp|[from] item: Leftovers
|upkeep
|turn|42
|
|t:|1657782030
|cant|p2a: Tapu Fini|slp
|move|p1a: Amoonguss|Seed Bomb|p2a: Tapu Fini
|-supereffective|p2a: Tapu Fini
|-damage|p2a: Tapu Fini|31/100 slp
|
|-heal|p2a: Tapu Fini|38/100 slp|[from] item: Leftovers
|upkeep
|turn|43
|
|t:|1657782032
|-curestatus|p2a: Tapu Fini|slp|[msg]
|move|p2a: Tapu Fini|Draining Kiss|p1a: Amoonguss
|-resisted|p1a: Amoonguss
|-damage|p1a: Amoonguss|11/100
|-heal|p2a: Tapu Fini|59/100|[from] drain|[of] p1a: Amoonguss
|move|p1a: Amoonguss|Seed Bomb|p2a: Tapu Fini
|-supereffective|p2a: Tapu Fini
|-damage|p2a: Tapu Fini|11/100
|
|-heal|p2a: Tapu Fini|17/100|[from] item: Leftovers
|upkeep
|turn|44
|
|t:|1657782046
|switch|p1a: Slowking|Slowking, M|100/100 tox
|move|p2a: Tapu Fini|Draining Kiss|p1a: Slowking
|-damage|p1a: Slowking|78/100 tox
|-heal|p2a: Tapu Fini|41/100|[from] drain|[of] p1a: Slowking
|
|-heal|p2a: Tapu Fini|47/100|[from] item: Leftovers
|-damage|p1a: Slowking|71/100 tox|[from] psn
|upkeep
|turn|45
|
|t:|1657782056
|move|p2a: Tapu Fini|Draining Kiss|p1a: Slowking
|-damage|p1a: Slowking|48/100 tox
|-heal|p2a: Tapu Fini|72/100|[from] drain|[of] p1a: Slowking
|move|p1a: Slowking|Future Sight|p2a: Tapu Fini
|-start|p1a: Slowking|move: Future Sight
|
|-heal|p2a: Tapu Fini|78/100|[from] item: Leftovers
|-damage|p1a: Slowking|35/100 tox|[from] psn
|upkeep
|turn|46
|
|t:|1657782061
|switch|p1a: Amoonguss|Amoonguss, M, shiny|44/100
|move|p2a: Tapu Fini|Calm Mind|p2a: Tapu Fini
|-boost|p2a: Tapu Fini|spa|1
|-boost|p2a: Tapu Fini|spd|1
|
|-heal|p2a: Tapu Fini|84/100|[from] item: Leftovers
|upkeep
|turn|47
|
|t:|1657782065
|switch|p1a: Moltres|Moltres|61/100
|move|p2a: Tapu Fini|Taunt|p1a: Moltres
|-start|p1a: Moltres|move: Taunt
|
|-end|p2a: Tapu Fini|move: Future Sight
|-damage|p2a: Tapu Fini|69/100
|-heal|p2a: Tapu Fini|75/100|[from] item: Leftovers
|upkeep
|turn|48
|
|t:|1657782072
|switch|p1a: Amoonguss|Amoonguss, M, shiny|77/100
|move|p2a: Tapu Fini|Surf|p1a: Amoonguss
|-resisted|p1a: Amoonguss
|-damage|p1a: Amoonguss|30/100
|
|-heal|p2a: Tapu Fini|81/100|[from] item: Leftovers
|upkeep
|turn|49
|
|t:|1657782081
|switch|p1a: Moltres|Moltres|61/100
|move|p2a: Tapu Fini|Calm Mind|p2a: Tapu Fini
|-boost|p2a: Tapu Fini|spa|1
|-boost|p2a: Tapu Fini|spd|1
|
|-heal|p2a: Tapu Fini|87/100|[from] item: Leftovers
|upkeep
|turn|50
|
|t:|1657782087
|move|p2a: Tapu Fini|Surf|p1a: Moltres
|-supereffective|p1a: Moltres
|-damage|p1a: Moltres|0 fnt
|faint|p1a: Moltres
|
|-heal|p2a: Tapu Fini|93/100|[from] item: Leftovers
|upkeep
|
|t:|1657782089
|switch|p1a: Amoonguss|Amoonguss, M, shiny|63/100
|turn|51
|
|t:|1657782092
|move|p2a: Tapu Fini|Taunt|p1a: Amoonguss
|-start|p1a: Amoonguss|move: Taunt
|move|p1a: Amoonguss|Seed Bomb|p2a: Tapu Fini
|-supereffective|p2a: Tapu Fini
|-damage|p2a: Tapu Fini|40/100
|
|-heal|p2a: Tapu Fini|46/100|[from] item: Leftovers
|upkeep
|turn|52
|
|t:|1657782095
|move|p2a: Tapu Fini|Draining Kiss|p1a: Amoonguss
|-resisted|p1a: Amoonguss
|-damage|p1a: Amoonguss|35/100
|-heal|p2a: Tapu Fini|79/100|[from] drain|[of] p1a: Amoonguss
|move|p1a: Amoonguss|Seed Bomb|p2a: Tapu Fini
|-supereffective|p2a: Tapu Fini
|-crit|p2a: Tapu Fini
|-damage|p2a: Tapu Fini|5/100
|
|-heal|p2a: Tapu Fini|12/100|[from] item: Leftovers
|upkeep
|turn|53
|
|t:|1657782099
|move|p2a: Tapu Fini|Surf|p1a: Amoonguss
|-resisted|p1a: Amoonguss
|-damage|p1a: Amoonguss|0 fnt
|faint|p1a: Amoonguss
|
|-heal|p2a: Tapu Fini|18/100|[from] item: Leftovers
|upkeep
|
|t:|1657782103
|switch|p1a: Scizor|Scizor, M|78/100
|turn|54
|
|t:|1657782106
|move|p1a: Scizor|Bullet Punch|p2a: Tapu Fini
|-damage|p2a: Tapu Fini|0 fnt
|faint|p2a: Tapu Fini
|
|upkeep
|
|t:|1657782108
|switch|p2a: Diggersby|Diggersby, F|48/100
|turn|55
|
|t:|1657782117
|switch|p1a: Slowking|Slowking, M|69/100 tox
|move|p2a: Diggersby|Earthquake|p1a: Slowking
|-damage|p1a: Slowking|1/100 tox
|
|-damage|p1a: Slowking|0 fnt|[from] psn
|faint|p1a: Slowking
|upkeep
|
|t:|1657782120
|switch|p1a: Nidoking|Nidoking, M, shiny|95/100 tox
|turn|56
|
|t:|1657782125
|switch|p2a: Mamoswine|Mamoswine, F|82/100
|move|p1a: Nidoking|Ice Beam|p2a: Mamoswine
|-damage|p2a: Mamoswine|56/100
|
|-damage|p1a: Nidoking|89/100 tox|[from] psn
|upkeep
|turn|57
|
|t:|1657782136
|switch|p1a: Hippowdon|Hippowdon, M|82/100 tox
|-weather|Sandstorm|[from] ability: Sand Stream|[of] p1a: Hippowdon
|move|p2a: Mamoswine|Ice Shard|p1a: Hippowdon
|-supereffective|p1a: Hippowdon
|-damage|p1a: Hippowdon|42/100 tox
|
|-weather|Sandstorm|[upkeep]
|-heal|p1a: Hippowdon|48/100 tox|[from] item: Leftovers
|-damage|p1a: Hippowdon|42/100 tox|[from] psn
|upkeep
|turn|58
|
|t:|1657782147
|move|p2a: Mamoswine|Stealth Rock|p1a: Hippowdon
|-sidestart|p1: tsnsj|move: Stealth Rock
|move|p1a: Hippowdon|Earthquake|p2a: Mamoswine
|-damage|p2a: Mamoswine|13/100
|
|-weather|Sandstorm|[upkeep]
|-heal|p1a: Hippowdon|48/100 tox|[from] item: Leftovers
|-damage|p1a: Hippowdon|36/100 tox|[from] psn
|upkeep
|turn|59
|
|t:|1657782153
|move|p2a: Mamoswine|Icicle Crash|p1a: Hippowdon
|-supereffective|p1a: Hippowdon
|-damage|p1a: Hippowdon|0 fnt
|faint|p1a: Hippowdon
|
|-weather|Sandstorm|[upkeep]
|upkeep
|
|t:|1657782157
|switch|p1a: Scizor|Scizor, M|78/100
|turn|60
|l| Alexlch
|
|t:|1657782163
|move|p2a: Mamoswine|Ice Shard|p1a: Scizor
|-resisted|p1a: Scizor
|-damage|p1a: Scizor|67/100
|move|p1a: Scizor|Bullet Punch|p2a: Mamoswine
|-supereffective|p2a: Mamoswine
|-damage|p2a: Mamoswine|0 fnt
|faint|p2a: Mamoswine
|
|-weather|Sandstorm|[upkeep]
|upkeep
|
|t:|1657782165
|switch|p2a: Diggersby|Diggersby, F|48/100
|turn|61
|
|t:|1657782170
|move|p2a: Diggersby|Earthquake|p1a: Scizor
|-damage|p1a: Scizor|19/100
|move|p1a: Scizor|Swords Dance|p1a: Scizor
|-boost|p1a: Scizor|atk|2
|
|-weather|none
|upkeep
|turn|62
|
|t:|1657782172
|move|p1a: Scizor|Bullet Punch|p2a: Diggersby
|-damage|p2a: Diggersby|0 fnt
|faint|p2a: Diggersby
|
|win|tsnsj
|raw|tsnsj's rating: 1668 &rarr; <strong>1683</strong><br />(+15 for winning)
|raw|JaVpad1spi's rating: 1585 &rarr; <strong>1570</strong><br />(-15 for losing)
|c|☆JaVpad1spi|gg
|l|☆JaVpad1spi
|l| fkiifit
|l| LocalMetagross
|c|☆tsnsj|not really i think
|l| Bad Players
|c|☆tsnsj|anyway gg
