|raw|<div class="broadcast-blue"><strong>This battle is required to be public due to a player having a name starting with 'lt91bb'.</div>
|j|☆Friends is ghosts
|j|☆LT91BB xray
|t:|1659582613
|gametype|singles
|player|p1|Friends is ghosts|266|2140
|player|p2|LT91BB xray|#npl2022ballermannbierbaren|2135
|teamsize|p1|6
|teamsize|p2|6
|gen|8
|tier|[Gen 8] OU
|rated|
|rule|Sleep Clause Mod: Limit one foe put to sleep
|rule|Species Clause: Limit one of each Pokémon
|rule|OHKO Clause: OHKO moves are banned
|rule|Evasion Items Clause: Evasion items are banned
|rule|Evasion Moves Clause: Evasion moves are banned
|rule|Endless Battle Clause: Forcing endless battles is banned
|rule|HP Percentage Mod: HP is shown in percentages
|rule|Dynamax Clause: You cannot dynamax
|clearpoke
|poke|p1|Clefable, M|
|poke|p1|Rillaboom, M|
|poke|p1|Gastrodon, F|
|poke|p1|Heatran, F|
|poke|p1|Zapdos|
|poke|p1|Melmetal|
|poke|p2|Clefable, F|
|poke|p2|Gastrodon, F|
|poke|p2|Weavile, M|
|poke|p2|Ferrothorn, M|
|poke|p2|Volcarona, M|
|poke|p2|Tornadus-Therian, M|
|teampreview
|j| FU SHUN HA
|inactive|Battle timer is ON: inactive players will automatically lose when time's up. (requested by LT91BB xray)
|
|t:|1659582646
|start
|switch|p1a: Zapdos|Zapdos|100/100
|switch|p2a: Tornadus|Tornadus-Therian, M|100/100
|turn|1
|j| arbok13
|
|t:|1659582661
|move|p2a: Tornadus|Knock Off|p1a: Zapdos
|-damage|p1a: Zapdos|83/100
|-status|p2a: Tornadus|par|[from] ability: Static|[of] p1a: Zapdos
|-enditem|p1a: Zapdos|Heavy-Duty Boots|[from] move: Knock Off|[of] p2a: Tornadus
|move|p1a: Zapdos|Volt Switch|p2a: Tornadus
|-supereffective|p2a: Tornadus
|-damage|p2a: Tornadus|38/100 par
|
|t:|1659582665
|switch|p1a: Heatran|Heatran, F|100/100|[from]move: Volt Switch
|
|upkeep
|turn|2
|j| Skyrio
|j| egal★vanc
|j| Kate
|j| LT91BB Tace
|j| Empo1
|j| I drip too hard
|j| LT91BB pop smoke
|j| maeve68
|j| mgz b8
|j| jade me
|j| outz u
|j| MANNAT!
|j| pastubio
|j| storm zone
|
|t:|1659582676
|switch|p2a: Gastrodon|Gastrodon, F|100/100
|move|p1a: Heatran|Stealth Rock|p2a: Gastrodon
|-sidestart|p2: LT91BB xray|move: Stealth Rock
|
|upkeep
|turn|3
|j|+AM
|j| Referrals
|
|t:|1659582682
|switch|p1a: Rillaboom|Rillaboom, M|100/100
|-fieldstart|move: Grassy Terrain|[from] ability: Grassy Surge|[of] p1a: Rillaboom
|move|p2a: Gastrodon|Earth Power|p1a: Rillaboom
|-resisted|p1a: Rillaboom
|-damage|p1a: Rillaboom|80/100
|
|-heal|p1a: Rillaboom|86/100|[from] Grassy Terrain
|-heal|p1a: Rillaboom|93/100|[from] item: Leftovers
|upkeep
|turn|4
|j| gp doublade
|j| stan yuna
|j| America's Youth
|j| Thyora
|j| baloor
|j| aquavanilla
|j| gridline
|j| Great Serpent
|l|+AM
|
|t:|1659582708
|switch|p2a: Ferrothorn|Ferrothorn, M|100/100
|-damage|p2a: Ferrothorn|94/100|[from] Stealth Rock
|move|p1a: Rillaboom|Knock Off|p2a: Ferrothorn
|-damage|p2a: Ferrothorn|72/100
|-damage|p1a: Rillaboom|80/100|[from] ability: Iron Barbs|[of] p2a: Ferrothorn
|-enditem|p2a: Ferrothorn|Leftovers|[from] move: Knock Off|[of] p1a: Rillaboom
|
|-heal|p1a: Rillaboom|86/100|[from] Grassy Terrain
|-heal|p1a: Rillaboom|93/100|[from] item: Leftovers
|-heal|p2a: Ferrothorn|78/100|[from] Grassy Terrain
|upkeep
|turn|5
|j| sendpais
|
|t:|1659582716
|move|p1a: Rillaboom|Swords Dance|p1a: Rillaboom
|-boost|p1a: Rillaboom|atk|2
|move|p2a: Ferrothorn|Stealth Rock|p1a: Rillaboom
|-sidestart|p1: Friends is ghosts|move: Stealth Rock
|
|-heal|p1a: Rillaboom|99/100|[from] Grassy Terrain
|-heal|p1a: Rillaboom|100/100|[from] item: Leftovers
|-heal|p2a: Ferrothorn|84/100|[from] Grassy Terrain
|upkeep
|turn|6
|j| Harrocross
|j|+dex
|j| LT91BB ES
|j| Outhippowdon
|j| Ernstbusch
|j| LegendaryC26
|j| thaidakar
|j| pinkdragontamer
|
|t:|1659582731
|move|p1a: Rillaboom|Drain Punch|p2a: Ferrothorn
|-supereffective|p2a: Ferrothorn
|-damage|p2a: Ferrothorn|16/100
|-damage|p1a: Rillaboom|88/100|[from] ability: Iron Barbs|[of] p2a: Ferrothorn
|move|p2a: Ferrothorn|Body Press|p1a: Rillaboom
|-damage|p1a: Rillaboom|57/100
|
|-heal|p1a: Rillaboom|64/100|[from] Grassy Terrain
|-heal|p1a: Rillaboom|70/100|[from] item: Leftovers
|-heal|p2a: Ferrothorn|22/100|[from] Grassy Terrain
|upkeep
|turn|7
|l| pinkdragontamer
|j| Musashi 109
|j| LT91BB Rapty
|j| Top G Drew
|j| atvin
|
|t:|1659582738
|move|p1a: Rillaboom|Drain Punch|p2a: Ferrothorn
|-supereffective|p2a: Ferrothorn
|-damage|p2a: Ferrothorn|0 fnt
|-heal|p1a: Rillaboom|80/100|[from] drain|[of] p2a: Ferrothorn
|-damage|p1a: Rillaboom|68/100|[from] ability: Iron Barbs|[of] p2a: Ferrothorn
|faint|p2a: Ferrothorn
|
|-heal|p1a: Rillaboom|74/100|[from] Grassy Terrain
|-heal|p1a: Rillaboom|80/100|[from] item: Leftovers
|-fieldend|move: Grassy Terrain
|upkeep
|
|t:|1659582742
|switch|p2a: Volcarona|Volcarona, M|100/100
|turn|8
|j| blarghlfarghl
|
|t:|1659582747
|switch|p1a: Gastrodon|Gastrodon, F|100/100
|-damage|p1a: Gastrodon|94/100|[from] Stealth Rock
|move|p2a: Volcarona|Flamethrower|p1a: Gastrodon
|-resisted|p1a: Gastrodon
|-damage|p1a: Gastrodon|76/100
|
|-heal|p1a: Gastrodon|82/100|[from] item: Leftovers
|upkeep
|turn|9
|j| Hamzeee
|j| 3d
|j| zzhh
|j| PENG♥︎GOAT
|j| pinkdragontamer
|
|t:|1659582755
|switch|p2a: Tornadus|Tornadus-Therian, M|71/100 par
|move|p1a: Gastrodon|Scald|p2a: Tornadus
|-damage|p2a: Tornadus|44/100 par
|
|-heal|p1a: Gastrodon|89/100|[from] item: Leftovers
|upkeep
|turn|10
|l| pinkdragontamer
|j| adf2❤
|
|t:|1659582769
|move|p2a: Tornadus|Knock Off|p1a: Gastrodon
|-damage|p1a: Gastrodon|68/100
|-enditem|p1a: Gastrodon|Leftovers|[from] move: Knock Off|[of] p2a: Tornadus
|move|p1a: Gastrodon|Scald|p2a: Tornadus
|-damage|p2a: Tornadus|18/100 par
|
|upkeep
|turn|11
|j| Bad Luck Inbound
|l| FU SHUN HA
|
|t:|1659582774
|switch|p2a: Clefable|Clefable, F|100/100
|move|p1a: Gastrodon|Recover|p1a: Gastrodon
|-heal|p1a: Gastrodon|100/100
|
|upkeep
|turn|12
|l| adf2❤
|j| TheMobileUser
|
|t:|1659582785
|move|p2a: Clefable|Aromatherapy|p2a: Clefable
|-activate|p2a: Clefable|move: Aromatherapy
|-curestatus|p2: Tornadus|par|[msg]
|move|p1a: Gastrodon|Earth Power|p2a: Clefable
|-damage|p2a: Clefable|73/100
|
|upkeep
|turn|13
|j| Red Sunset
|
|t:|1659582792
|switch|p2a: Tornadus|Tornadus-Therian, M|51/100
|move|p1a: Gastrodon|Scald|p2a: Tornadus
|-damage|p2a: Tornadus|27/100
|-status|p2a: Tornadus|brn
|
|-damage|p2a: Tornadus|21/100 brn|[from] brn
|upkeep
|turn|14
|l| Red Sunset
|
|t:|1659582795
|move|p2a: Tornadus|U-turn|p1a: Gastrodon
|-damage|p1a: Gastrodon|93/100
|j| MGZ Sificon
|l| TheMobileUser
|
|t:|1659582800
|switch|p2a: Clefable|Clefable, F|73/100|[from]move: U-turn
|move|p1a: Gastrodon|Scald|p2a: Clefable
|-damage|p2a: Clefable|48/100
|-status|p2a: Clefable|brn
|
|upkeep
|turn|15
|j| Jorgekaiser.jigsaw
|
|t:|1659582803
|switch|p1a: Zapdos|Zapdos|83/100
|-damage|p1a: Zapdos|58/100|[from] Stealth Rock
|move|p2a: Clefable|Soft-Boiled|p2a: Clefable
|-heal|p2a: Clefable|98/100 brn
|
|upkeep
|turn|16
|
|t:|1659582814
|switch|p2a: Gastrodon|Gastrodon, F|100/100
|-damage|p2a: Gastrodon|94/100|[from] Stealth Rock
|move|p1a: Zapdos|Defog|p2a: Gastrodon
|-unboost|p2a: Gastrodon|evasion|1
|-sideend|p2: LT91BB xray|Stealth Rock|[from] move: Defog|[of] p1a: Zapdos
|-sideend|p1: Friends is ghosts|Stealth Rock|[from] move: Defog|[of] p1a: Zapdos
|
|-heal|p2a: Gastrodon|100/100|[from] item: Leftovers
|upkeep
|turn|17
|l| MGZ Sificon
|j|+stresh
|
|t:|1659582821
|switch|p1a: Clefable|Clefable, M|100/100
|move|p2a: Gastrodon|Toxic|p1a: Clefable|[miss]
|-miss|p2a: Gastrodon|p1a: Clefable
|
|upkeep
|turn|18
|
|t:|1659582829
|switch|p2a: Volcarona|Volcarona, M|100/100
|move|p1a: Clefable|Knock Off|p2a: Volcarona
|-damage|p2a: Volcarona|77/100
|-enditem|p2a: Volcarona|Heavy-Duty Boots|[from] move: Knock Off|[of] p1a: Clefable
|
|upkeep
|turn|19
|j| LT91BB rrm
|
|t:|1659582833
|switch|p1a: Heatran|Heatran, F|100/100
|move|p2a: Volcarona|Quiver Dance|p2a: Volcarona
|-boost|p2a: Volcarona|spa|1
|-boost|p2a: Volcarona|spd|1
|-boost|p2a: Volcarona|spe|1
|
|upkeep
|turn|20
|
|t:|1659582837
|move|p2a: Volcarona|Flamethrower|p1a: Heatran
|-crit|p1a: Heatran
|-damage|p1a: Heatran|19/100
|move|p1a: Heatran|Toxic|p2a: Volcarona
|-status|p2a: Volcarona|tox
|
|-heal|p1a: Heatran|25/100|[from] item: Leftovers
|-damage|p2a: Volcarona|71/100 tox|[from] psn
|upkeep
|turn|21
|c| egal★vanc|Kek
|c| blarghlfarghl|kek
|
|t:|1659582848
|switch|p2a: Clefable|Clefable, F|98/100 brn
|switch|p1a: Gastrodon|Gastrodon, F|93/100
|
|upkeep
|turn|22
|l| Jorgekaiser.jigsaw
|l| Outhippowdon
|
|t:|1659582857
|switch|p1a: Heatran|Heatran, F|25/100
|move|p2a: Clefable|Aromatherapy|p2a: Clefable
|-activate|p2a: Clefable|move: Aromatherapy
|-curestatus|p2a: Clefable|brn|[msg]
|-curestatus|p2: Volcarona|tox|[msg]
|-curestatus|p2: Tornadus|brn|[msg]
|
|-heal|p1a: Heatran|31/100|[from] item: Leftovers
|upkeep
|turn|23
|j| Jorgekaiser.jigsaw
|j| LT91BB LA BOMBA
|c| blarghlfarghl|if only there were some way to wall that volc
|c| blarghlfarghl|some ability perhaps
|
|t:|1659582883
|switch|p2a: Volcarona|Volcarona, M|71/100
|move|p1a: Heatran|Stealth Rock|p2a: Volcarona
|-sidestart|p2: LT91BB xray|move: Stealth Rock
|
|-heal|p1a: Heatran|38/100|[from] item: Leftovers
|upkeep
|turn|24
|c|☆Friends is ghosts|bad ability
|
|t:|1659582889
|move|p2a: Volcarona|Flamethrower|p1a: Heatran
|-damage|p1a: Heatran|4/100
|move|p1a: Heatran|Toxic|p2a: Volcarona
|-status|p2a: Volcarona|tox
|
|-heal|p1a: Heatran|10/100|[from] item: Leftovers
|-damage|p2a: Volcarona|65/100 tox|[from] psn
|upkeep
|turn|25
|c| egal★vanc|Sheesh
|c| egal★vanc|Smashed
|c| egal★vanc|GG
|
|t:|1659582900
|switch|p2a: Tornadus|Tornadus-Therian, M|54/100
|switch|p1a: Zapdos|Zapdos|58/100
|
|upkeep
|turn|26
|
|t:|1659582909
|switch|p2a: Gastrodon|Gastrodon, F|100/100
|-damage|p2a: Gastrodon|94/100|[from] Stealth Rock
|move|p1a: Zapdos|Hurricane|p2a: Gastrodon|[miss]
|-miss|p1a: Zapdos|p2a: Gastrodon
|
|-heal|p2a: Gastrodon|100/100|[from] item: Leftovers
|upkeep
|turn|27
|j| zhanikov
|j| fluffeluff
|
|t:|1659582923
|move|p1a: Zapdos|Roost|p1a: Zapdos
|-heal|p1a: Zapdos|100/100
|-singleturn|p1a: Zapdos|move: Roost
|move|p2a: Gastrodon|Toxic|p1a: Zapdos
|-status|p1a: Zapdos|tox
|
|-damage|p1a: Zapdos|94/100 tox|[from] psn
|upkeep
|turn|28
|l| mgz b8
|
|t:|1659582934
|switch|p1a: Rillaboom|Rillaboom, M|80/100
|-fieldstart|move: Grassy Terrain|[from] ability: Grassy Surge|[of] p1a: Rillaboom
|switch|p2a: Tornadus|Tornadus-Therian, M|88/100
|
|-heal|p1a: Rillaboom|86/100|[from] Grassy Terrain
|-heal|p1a: Rillaboom|93/100|[from] item: Leftovers
|upkeep
|turn|29
|j| frostinnn
|
|t:|1659582944
|switch|p1a: Melmetal|Melmetal|100/100
|move|p2a: Tornadus|Defog|p1a: Melmetal
|-unboost|p1a: Melmetal|evasion|1
|-sideend|p2: LT91BB xray|Stealth Rock|[from] move: Defog|[of] p2a: Tornadus
|-fieldend|move: Grassy Terrain
|
|upkeep
|turn|30
|
|t:|1659582952
|move|p2a: Tornadus|U-turn|p1a: Melmetal
|-resisted|p1a: Melmetal
|-damage|p1a: Melmetal|96/100
|
|t:|1659582955
|switch|p2a: Gastrodon|Gastrodon, F|100/100|[from]move: U-turn
|move|p1a: Melmetal|Double Iron Bash|p2a: Gastrodon
|-resisted|p2a: Gastrodon
|-damage|p2a: Gastrodon|81/100
|-resisted|p2a: Gastrodon
|-damage|p2a: Gastrodon|60/100
|-hitcount|p2a: Gastrodon|2
|
|-heal|p1a: Melmetal|100/100|[from] item: Leftovers
|-heal|p2a: Gastrodon|66/100|[from] item: Leftovers
|upkeep
|turn|31
|
|t:|1659582963
|move|p2a: Gastrodon|Recover|p2a: Gastrodon
|-heal|p2a: Gastrodon|100/100
|move|p1a: Melmetal|Double Iron Bash|p2a: Gastrodon
|-resisted|p2a: Gastrodon
|-damage|p2a: Gastrodon|79/100
|-resisted|p2a: Gastrodon
|-damage|p2a: Gastrodon|55/100
|-hitcount|p2a: Gastrodon|2
|
|-heal|p2a: Gastrodon|61/100|[from] item: Leftovers
|upkeep
|turn|32
|
|t:|1659582968
|move|p1a: Melmetal|Double Iron Bash|p2a: Gastrodon
|-resisted|p2a: Gastrodon
|-damage|p2a: Gastrodon|40/100
|-resisted|p2a: Gastrodon
|-damage|p2a: Gastrodon|17/100
|-hitcount|p2a: Gastrodon|2
|move|p2a: Gastrodon|Recover|p2a: Gastrodon
|-heal|p2a: Gastrodon|67/100
|
|-heal|p2a: Gastrodon|73/100|[from] item: Leftovers
|upkeep
|turn|33
|j|+zee
|j| CB Bhris Breezy
|j| Master 8 leon
|
|t:|1659582989
|switch|p1a: Rillaboom|Rillaboom, M|93/100
|-fieldstart|move: Grassy Terrain|[from] ability: Grassy Surge|[of] p1a: Rillaboom
|move|p2a: Gastrodon|Recover|p2a: Gastrodon
|-heal|p2a: Gastrodon|100/100
|
|-heal|p1a: Rillaboom|99/100|[from] Grassy Terrain
|-heal|p1a: Rillaboom|100/100|[from] item: Leftovers
|upkeep
|turn|34
|
|t:|1659582996
|switch|p2a: Tornadus|Tornadus-Therian, M|100/100
|move|p1a: Rillaboom|Knock Off|p2a: Tornadus
|-damage|p2a: Tornadus|65/100
|-enditem|p2a: Tornadus|Heavy-Duty Boots|[from] move: Knock Off|[of] p1a: Rillaboom
|
|upkeep
|turn|35
|
|t:|1659583016
|switch|p1a: Zapdos|Zapdos|94/100 tox
|move|p2a: Tornadus|U-turn|p1a: Zapdos
|-resisted|p1a: Zapdos
|-damage|p1a: Zapdos|87/100 tox
|-status|p2a: Tornadus|par|[from] ability: Static|[of] p1a: Zapdos
|j| LRzooiq
|
|t:|1659583034
|switch|p2a: Weavile|Weavile, M|100/100|[from]move: U-turn
|-ability|p2a: Weavile|Pressure
|
|-damage|p1a: Zapdos|81/100 tox|[from] psn
|upkeep
|turn|36
|l| LRzooiq
|
|t:|1659583043
|switch|p2a: Clefable|Clefable, F|98/100
|move|p1a: Zapdos|Volt Switch|p2a: Clefable
|-damage|p2a: Clefable|65/100
|
|t:|1659583046
|switch|p1a: Heatran|Heatran, F|10/100|[from]move: Volt Switch
|
|-heal|p1a: Heatran|16/100|[from] Grassy Terrain
|-heal|p1a: Heatran|23/100|[from] item: Leftovers
|-heal|p2a: Clefable|71/100|[from] Grassy Terrain
|upkeep
|turn|37
|j| LT91BB Futility
|
|t:|1659583051
|move|p1a: Heatran|Stealth Rock|p2a: Clefable
|-sidestart|p2: LT91BB xray|move: Stealth Rock
|move|p2a: Clefable|Thunder Wave|p1a: Heatran
|-status|p1a: Heatran|par
|
|-heal|p2a: Clefable|77/100|[from] Grassy Terrain
|-heal|p1a: Heatran|29/100 par|[from] Grassy Terrain
|-heal|p1a: Heatran|35/100 par|[from] item: Leftovers
|-fieldend|move: Grassy Terrain
|upkeep
|turn|38
|l| I drip too hard
|
|t:|1659583061
|move|p2a: Clefable|Aromatherapy|p2a: Clefable
|-activate|p2a: Clefable|move: Aromatherapy
|-curestatus|p2: Tornadus|par|[msg]
|-curestatus|p2: Volcarona|tox|[msg]
|move|p1a: Heatran|Magma Storm|p2a: Clefable
|-damage|p2a: Clefable|35/100
|-activate|p2a: Clefable|move: Magma Storm|[of] p1a: Heatran
|
|-heal|p1a: Heatran|41/100 par|[from] item: Leftovers
|upkeep
|turn|39
|
|t:|1659583069
|move|p2a: Clefable|Soft-Boiled|p2a: Clefable
|-heal|p2a: Clefable|85/100
|move|p1a: Heatran|Earth Power|p2a: Clefable
|-damage|p2a: Clefable|62/100
|
|-heal|p1a: Heatran|47/100 par|[from] item: Leftovers
|upkeep
|turn|40
|
|t:|1659583073
|move|p2a: Clefable|Soft-Boiled|p2a: Clefable
|-heal|p2a: Clefable|100/100
|move|p1a: Heatran|Earth Power|p2a: Clefable
|-damage|p2a: Clefable|77/100
|
|-heal|p1a: Heatran|54/100 par|[from] item: Leftovers
|upkeep
|turn|41
|l| Hamzeee
|
|t:|1659583082
|move|p2a: Clefable|Soft-Boiled|p2a: Clefable
|-heal|p2a: Clefable|100/100
|move|p1a: Heatran|Earth Power|p2a: Clefable
|-damage|p2a: Clefable|76/100
|-unboost|p2a: Clefable|spd|1
|
|-heal|p1a: Heatran|60/100 par|[from] item: Leftovers
|upkeep
|turn|42
|
|t:|1659583090
|switch|p1a: Clefable|Clefable, M|100/100
|move|p2a: Clefable|Soft-Boiled|p2a: Clefable
|-heal|p2a: Clefable|100/100
|
|-end|p2a: Clefable|Magma Storm|[partiallytrapped]
|upkeep
|turn|43
|
|t:|1659583097
|switch|p2a: Tornadus|Tornadus-Therian, M|98/100
|-damage|p2a: Tornadus|73/100|[from] Stealth Rock
|move|p1a: Clefable|Aromatherapy|p1a: Clefable
|-activate|p1a: Clefable|move: Aromatherapy
|-curestatus|p1: Heatran|par|[msg]
|-curestatus|p1: Zapdos|tox|[msg]
|
|upkeep
|turn|44
|
|t:|1659583102
|switch|p1a: Zapdos|Zapdos|81/100
|move|p2a: Tornadus|Defog|p1a: Zapdos
|-unboost|p1a: Zapdos|evasion|1
|-sideend|p2: LT91BB xray|Stealth Rock|[from] move: Defog|[of] p2a: Tornadus
|
|upkeep
|turn|45
|
|t:|1659583106
|switch|p2a: Gastrodon|Gastrodon, F|100/100
|move|p1a: Zapdos|Hurricane|p2a: Gastrodon
|-damage|p2a: Gastrodon|60/100
|
|-heal|p2a: Gastrodon|66/100|[from] item: Leftovers
|upkeep
|turn|46
|
|t:|1659583114
|switch|p1a: Rillaboom|Rillaboom, M|100/100
|-fieldstart|move: Grassy Terrain|[from] ability: Grassy Surge|[of] p1a: Rillaboom
|move|p2a: Gastrodon|Recover|p2a: Gastrodon
|-heal|p2a: Gastrodon|100/100
|
|upkeep
|turn|47
|
|t:|1659583120
|switch|p1a: Zapdos|Zapdos|81/100
|move|p2a: Gastrodon|Earth Power|p1a: Zapdos
|-immune|p1a: Zapdos
|
|upkeep
|turn|48
|
|t:|1659583130
|switch|p1a: Clefable|Clefable, M|100/100
|move|p2a: Gastrodon|Toxic|p1a: Clefable
|-status|p1a: Clefable|tox
|
|upkeep
|turn|49
|
|t:|1659583137
|switch|p2a: Volcarona|Volcarona, M|65/100
|move|p1a: Clefable|Moonblast|p2a: Volcarona
|-resisted|p2a: Volcarona
|-damage|p2a: Volcarona|48/100
|-unboost|p2a: Volcarona|spa|1
|
|-heal|p2a: Volcarona|55/100|[from] Grassy Terrain
|upkeep
|turn|50
|
|t:|1659583142
|switch|p1a: Heatran|Heatran, F|60/100
|move|p2a: Volcarona|Roost|p2a: Volcarona
|-heal|p2a: Volcarona|100/100
|-singleturn|p2a: Volcarona|move: Roost
|
|-heal|p1a: Heatran|66/100|[from] Grassy Terrain
|-heal|p1a: Heatran|72/100|[from] item: Leftovers
|-fieldend|move: Grassy Terrain
|upkeep
|turn|51
|
|t:|1659583146
|switch|p2a: Tornadus|Tornadus-Therian, M|100/100
|move|p1a: Heatran|Stealth Rock|p2a: Tornadus
|-sidestart|p2: LT91BB xray|move: Stealth Rock
|
|-heal|p1a: Heatran|78/100|[from] item: Leftovers
|upkeep
|turn|52
|
|t:|1659583152
|move|p2a: Tornadus|Knock Off|p1a: Heatran
|-crit|p1a: Heatran
|-damage|p1a: Heatran|54/100
|-enditem|p1a: Heatran|Leftovers|[from] move: Knock Off|[of] p2a: Tornadus
|move|p1a: Heatran|Toxic|p2a: Tornadus
|-status|p2a: Tornadus|tox
|
|-damage|p2a: Tornadus|94/100 tox|[from] psn
|upkeep
|turn|53
|
|t:|1659583156
|move|p2a: Tornadus|Defog|p1a: Heatran
|-unboost|p1a: Heatran|evasion|1
|-sideend|p2: LT91BB xray|Stealth Rock|[from] move: Defog|[of] p2a: Tornadus
|move|p1a: Heatran|Magma Storm|p2a: Tornadus|[miss]
|-miss|p1a: Heatran|p2a: Tornadus
|
|-damage|p2a: Tornadus|82/100 tox|[from] psn
|upkeep
|turn|54
|l| LT91BB Rapty
|
|t:|1659583167
|move|p2a: Tornadus|Hurricane|p1a: Heatran
|-resisted|p1a: Heatran
|-damage|p1a: Heatran|41/100
|-start|p1a: Heatran|confusion
|-activate|p1a: Heatran|confusion
|move|p1a: Heatran|Stealth Rock|p2a: Tornadus
|-sidestart|p2: LT91BB xray|move: Stealth Rock
|
|-damage|p2a: Tornadus|64/100 tox|[from] psn
|upkeep
|turn|55
|
|t:|1659583179
|move|p2a: Tornadus|U-turn|p1a: Heatran
|-resisted|p1a: Heatran
|-damage|p1a: Heatran|38/100
|
|t:|1659583184
|switch|p2a: Clefable|Clefable, F|100/100|[from]move: U-turn
|-activate|p1a: Heatran|confusion
|move|p1a: Heatran|Stealth Rock||[still]
|-fail|p1a: Heatran
|
|upkeep
|turn|56
|
|t:|1659583192
|switch|p1a: Rillaboom|Rillaboom, M|100/100
|-fieldstart|move: Grassy Terrain|[from] ability: Grassy Surge|[of] p1a: Rillaboom
|switch|p2a: Tornadus|Tornadus-Therian, M|97/100 tox
|-damage|p2a: Tornadus|72/100 tox|[from] Stealth Rock
|
|-damage|p2a: Tornadus|66/100 tox|[from] psn
|upkeep
|turn|57
|j| Golem Rising
|
|t:|1659583196
|switch|p1a: Heatran|Heatran, F|38/100
|move|p2a: Tornadus|Defog|p1a: Heatran
|-unboost|p1a: Heatran|evasion|1
|-sideend|p2: LT91BB xray|Stealth Rock|[from] move: Defog|[of] p2a: Tornadus
|-fieldend|move: Grassy Terrain
|
|-damage|p2a: Tornadus|54/100 tox|[from] psn
|upkeep
|turn|58
|
|t:|1659583202
|move|p2a: Tornadus|Hurricane|p1a: Heatran
|-resisted|p1a: Heatran
|-damage|p1a: Heatran|24/100
|move|p1a: Heatran|Stealth Rock|p2a: Tornadus
|-sidestart|p2: LT91BB xray|move: Stealth Rock
|
|-damage|p2a: Tornadus|36/100 tox|[from] psn
|upkeep
|turn|59
|l|+dex
|j| LT91BB Rapty
|l| aquavanilla
|
|t:|1659583214
|move|p2a: Tornadus|U-turn|p1a: Heatran
|-resisted|p1a: Heatran
|-damage|p1a: Heatran|21/100
|
|t:|1659583218
|switch|p2a: Clefable|Clefable, F|100/100|[from]move: U-turn
|move|p1a: Heatran|Magma Storm|p2a: Clefable
|-damage|p2a: Clefable|59/100
|-activate|p2a: Clefable|move: Magma Storm|[of] p1a: Heatran
|
|upkeep
|turn|60
|l| Skyrio
|inactive|LT91BB xray has 120 seconds left.
|
|t:|1659583261
|switch|p1a: Melmetal|Melmetal|100/100
|move|p2a: Clefable|Thunder Wave|p1a: Melmetal
|-status|p1a: Melmetal|par
|
|-end|p2a: Clefable|Magma Storm|[partiallytrapped]|[silent]
|upkeep
|turn|61
|inactive|LT91BB xray has 120 seconds left.
|j| Avic
|
|t:|1659583273
|switch|p2a: Weavile|Weavile, M|100/100
|-ability|p2a: Weavile|Pressure
|switch|p1a: Rillaboom|Rillaboom, M|100/100
|-fieldstart|move: Grassy Terrain|[from] ability: Grassy Surge|[of] p1a: Rillaboom
|
|upkeep
|turn|62
|inactive|LT91BB xray has 120 seconds left.
|
|t:|1659583287
|switch|p2a: Tornadus|Tornadus-Therian, M|69/100 tox
|-damage|p2a: Tornadus|44/100 tox|[from] Stealth Rock
|move|p1a: Rillaboom|Grassy Glide|p2a: Tornadus
|-resisted|p2a: Tornadus
|-damage|p2a: Tornadus|15/100 tox
|
|-damage|p2a: Tornadus|9/100 tox|[from] psn
|upkeep
|turn|63
|l| Empo1
|inactive|LT91BB xray has 120 seconds left.
|
|t:|1659583303
|move|p1a: Rillaboom|Grassy Glide|p2a: Tornadus
|-resisted|p2a: Tornadus
|-damage|p2a: Tornadus|0 fnt
|faint|p2a: Tornadus
|
|upkeep
|l| Golem Rising
|
|t:|1659583306
|switch|p2a: Volcarona|Volcarona, M|100/100
|-damage|p2a: Volcarona|51/100|[from] Stealth Rock
|turn|64
|
|t:|1659583319
|switch|p1a: Gastrodon|Gastrodon, F|93/100
|move|p2a: Volcarona|Quiver Dance|p2a: Volcarona
|-boost|p2a: Volcarona|spa|1
|-boost|p2a: Volcarona|spd|1
|-boost|p2a: Volcarona|spe|1
|
|-heal|p2a: Volcarona|57/100|[from] Grassy Terrain
|-heal|p1a: Gastrodon|99/100|[from] Grassy Terrain
|upkeep
|turn|65
|
|t:|1659583333
|move|p2a: Volcarona|Roost|p2a: Volcarona
|-heal|p2a: Volcarona|100/100
|-singleturn|p2a: Volcarona|move: Roost
|move|p1a: Gastrodon|Clear Smog|p2a: Volcarona
|-damage|p2a: Volcarona|92/100
|-clearboost|p2a: Volcarona
|
|-heal|p2a: Volcarona|98/100|[from] Grassy Terrain
|-heal|p1a: Gastrodon|100/100|[from] Grassy Terrain
|-fieldend|move: Grassy Terrain
|upkeep
|turn|66
|
|t:|1659583338
|move|p2a: Volcarona|Quiver Dance|p2a: Volcarona
|-boost|p2a: Volcarona|spa|1
|-boost|p2a: Volcarona|spd|1
|-boost|p2a: Volcarona|spe|1
|move|p1a: Gastrodon|Scald|p2a: Volcarona
|-supereffective|p2a: Volcarona
|-damage|p2a: Volcarona|61/100
|
|upkeep
|turn|67
|
|t:|1659583349
|move|p2a: Volcarona|Bug Buzz|p1a: Gastrodon
|-damage|p1a: Gastrodon|50/100
|move|p1a: Gastrodon|Clear Smog|p2a: Volcarona
|-damage|p2a: Volcarona|52/100
|-clearboost|p2a: Volcarona
|
|upkeep
|turn|68
|c| Jorgekaiser.jigsaw|Why heatran flame body.
|
|t:|1659583355
|move|p2a: Volcarona|Quiver Dance|p2a: Volcarona
|-boost|p2a: Volcarona|spa|1
|-boost|p2a: Volcarona|spd|1
|-boost|p2a: Volcarona|spe|1
|move|p1a: Gastrodon|Scald|p2a: Volcarona
|-supereffective|p2a: Volcarona
|-crit|p2a: Volcarona
|-damage|p2a: Volcarona|0 fnt
|faint|p2a: Volcarona
|
|upkeep
|c|☆Friends is ghosts|gg
|-message|LT91BB xray forfeited.
|
|win|Friends is ghosts
|raw|Friends is ghosts's rating: 2140 &rarr; <strong>2160</strong><br />(+20 for winning)
|raw|LT91BB xray's rating: 2135 &rarr; <strong>2115</strong><br />(-20 for losing)
|l|☆LT91BB xray
|l| Referrals
|l| LT91BB Tace
|l| LT91BB Rapty
|l| gp doublade
|l| Ernstbusch
|l| Bad Luck Inbound
|l| CB Bhris Breezy
|l| pastubio
|l| MANNAT!
|l|☆Friends is ghosts
|l| fluffeluff
|l| zzhh
|l| Avic
|l| 3d
|l| maeve68
|j| CB Bhris Breezy
|j| Ad.... 067 ツ
|l| gridline
||Ladder isn't responding, score probably updated but might not have (Request timeout).
|l| LegendaryC26
|l| egal★vanc
|l| Harrocross
|l| Thyora
|l| thaidakar
|l| arbok13
|l| LT91BB pop smoke
|l| Top G Drew
|l| Ad.... 067 ツ
|l| atvin
|l| Jorgekaiser.jigsaw
|l| Master 8 leon
|l| outz u
|l| sendpais
|l| Great Serpent
|j| arbok13
