|j|☆le port du Havre
|j|☆galarian dragapult
|t:|1664502098
|gametype|singles
|player|p1|le port du Havre|sailor|1708
|player|p2|galarian dragapult|zinzolin|1784
|teamsize|p1|6
|teamsize|p2|6
|gen|8
|tier|[Gen 8] OU
|rated|
|rule|Sleep Clause Mod: Limit one foe put to sleep
|rule|Species Clause: Limit one of each Pokémon
|rule|OHKO Clause: OHKO moves are banned
|rule|Evasion Items Clause: Evasion items are banned
|rule|Evasion Moves Clause: Evasion moves are banned
|rule|Endless Battle Clause: Forcing endless battles is banned
|rule|HP Percentage Mod: HP is shown in percentages
|rule|Dynamax Clause: You cannot dynamax
|clearpoke
|poke|p1|Keldeo-Resolute|
|poke|p1|Rillaboom, M|
|poke|p1|Nidoking, M|
|poke|p1|Heatran, M|
|poke|p1|Zapdos|
|poke|p1|Weavile, F|
|poke|p2|Landorus-Therian, M|
|poke|p2|Magnezone|
|poke|p2|Buzzwole|
|poke|p2|Tyranitar, F|
|poke|p2|Tapu Lele|
|poke|p2|Toxapex, F|
|teampreview
|j| JeffS69
|inactive|Battle timer is ON: inactive players will automatically lose when time's up. (requested by galarian dragapult)
|
|t:|1664502113
|start
|switch|p1a: Keldeo|Keldeo-Resolute|100/100
|switch|p2a: Toxapex|Toxapex, F, shiny|100/100
|turn|1
|l| JeffS69
|
|t:|1664502120
|move|p1a: Keldeo|Substitute|p1a: Keldeo
|-start|p1a: Keldeo|Substitute
|-damage|p1a: Keldeo|76/100
|move|p2a: Toxapex|Toxic||[still]
|-fail|p2a: Toxapex
|
|-heal|p1a: Keldeo|82/100|[from] item: Leftovers
|upkeep
|turn|2
|j| JeffS69
|
|t:|1664502132
|switch|p2a: Tapu Lele|Tapu Lele|100/100
|-fieldstart|move: Psychic Terrain|[from] ability: Psychic Surge|[of] p2a: Tapu Lele
|move|p1a: Keldeo|Calm Mind|p1a: Keldeo
|-boost|p1a: Keldeo|spa|1
|-boost|p1a: Keldeo|spd|1
|
|-heal|p1a: Keldeo|88/100|[from] item: Leftovers
|upkeep
|turn|3
|
|t:|1664502143
|move|p2a: Tapu Lele|Moonblast|p1a: Keldeo
|-supereffective|p1a: Keldeo
|-end|p1a: Keldeo|Substitute
|move|p1a: Keldeo|Scald|p2a: Tapu Lele
|-damage|p2a: Tapu Lele|32/100
|-status|p2a: Tapu Lele|brn
|
|-heal|p1a: Keldeo|94/100|[from] item: Leftovers
|-damage|p2a: Tapu Lele|26/100 brn|[from] brn
|upkeep
|turn|4
|
|t:|1664502156
|switch|p2a: Tyranitar|Tyranitar, F|100/100
|-weather|Sandstorm|[from] ability: Sand Stream|[of] p2a: Tyranitar
|switch|p1a: Heatran|Heatran, M|100/100
|
|-weather|Sandstorm|[upkeep]
|upkeep
|turn|5
|
|t:|1664502164
|switch|p1a: Keldeo|Keldeo-Resolute|94/100
|move|p2a: Tyranitar|Earthquake|p1a: Keldeo
|-damage|p1a: Keldeo|68/100
|
|-weather|Sandstorm|[upkeep]
|-damage|p1a: Keldeo|62/100|[from] Sandstorm
|-heal|p1a: Keldeo|68/100|[from] item: Leftovers
|upkeep
|turn|6
|
|t:|1664502173
|switch|p2a: Buzzwole|Buzzwole|100/100
|move|p1a: Keldeo|Secret Sword|p2a: Buzzwole
|-resisted|p2a: Buzzwole
|-damage|p2a: Buzzwole|82/100
|
|-weather|Sandstorm|[upkeep]
|-damage|p2a: Buzzwole|76/100|[from] Sandstorm
|-damage|p1a: Keldeo|62/100|[from] Sandstorm
|-heal|p1a: Keldeo|68/100|[from] item: Leftovers
|-fieldend|move: Psychic Terrain
|upkeep
|turn|7
|
|t:|1664502188
|switch|p1a: Zapdos|Zapdos|100/100
|move|p2a: Buzzwole|Close Combat|p1a: Zapdos
|-resisted|p1a: Zapdos
|-damage|p1a: Zapdos|75/100
|-unboost|p2a: Buzzwole|def|1
|-unboost|p2a: Buzzwole|spd|1
|-status|p2a: Buzzwole|par|[from] ability: Static|[of] p1a: Zapdos
|
|-weather|Sandstorm|[upkeep]
|-damage|p1a: Zapdos|69/100|[from] Sandstorm
|-damage|p2a: Buzzwole|70/100 par|[from] Sandstorm
|upkeep
|turn|8
|-message|galarian dragapult forfeited.
|
|win|le port du Havre
|raw|le port du Havre's rating: 1708 &rarr; <strong>1732</strong><br />(+24 for winning)
|raw|galarian dragapult's rating: 1784 &rarr; <strong>1760</strong><br />(-24 for losing)
|l|☆galarian dragapult
|l|☆le port du Havre
