|j|☆BillionthLadderAlt
|j|☆chibachikage
|t:|1668173067
|gametype|singles
|player|p1|BillionthLadderAlt|guitarist-gen4|1742
|player|p2|chibachikage|cynthia|1715
|teamsize|p1|6
|teamsize|p2|6
|gen|8
|tier|[Gen 8] OU
|rated|
|rule|Sleep Clause Mod: Limit one foe put to sleep
|rule|Species Clause: Limit one of each Pokémon
|rule|OHKO Clause: OHKO moves are banned
|rule|Evasion Items Clause: Evasion items are banned
|rule|Evasion Moves Clause: Evasion moves are banned
|rule|Endless Battle Clause: Forcing endless battles is banned
|rule|HP Percentage Mod: HP is shown in percentages
|rule|Dynamax Clause: You cannot dynamax
|clearpoke
|poke|p1|Sandaconda, M|
|poke|p1|Zapdos|
|poke|p1|Primarina, M|
|poke|p1|Dragapult, M|
|poke|p1|Melmetal|
|poke|p1|Weavile, M|
|poke|p2|Blacephalon|
|poke|p2|Weavile, M|
|poke|p2|Buzzwole|
|poke|p2|Dragapult, M|
|poke|p2|Melmetal|
|poke|p2|Landorus-Therian, M|
|teampreview
|inactive|Battle timer is ON: inactive players will automatically lose when time's up. (requested by BillionthLadderAlt)
|
|t:|1668173082
|start
|switch|p1a: Primarina|Primarina, M|100/100
|switch|p2a: Weavile|Weavile, M|100/100
|-ability|p2a: Weavile|Pressure
|turn|1
|j| westcottike
|
|t:|1668173089
|switch|p2a: Melmetal|Melmetal|100/100
|move|p1a: Primarina|Moonblast|p2a: Melmetal
|-resisted|p2a: Melmetal
|-damage|p2a: Melmetal|86/100
|
|upkeep
|turn|2
|
|t:|1668173100
|move|p1a: Primarina|Flip Turn|p2a: Melmetal
|-damage|p2a: Melmetal|78/100
|
|t:|1668173107
|switch|p1a: Zapdos|Zapdos|100/100|[from]move: Flip Turn
|-ability|p1a: Zapdos|Pressure
|move|p2a: Melmetal|Ice Punch|p1a: Zapdos
|-supereffective|p1a: Zapdos
|-damage|p1a: Zapdos|56/100
|
|upkeep
|turn|3
|
|t:|1668173122
|switch|p2a: Landorus|Landorus-Therian, M|100/100
|-ability|p2a: Landorus|Intimidate|boost
|-unboost|p1a: Zapdos|atk|1
|move|p1a: Zapdos|Volt Switch|p2a: Landorus
|-immune|p2a: Landorus
|
|upkeep
|turn|4
|
|t:|1668173128
|move|p1a: Zapdos|Roost|p1a: Zapdos
|-heal|p1a: Zapdos|100/100
|-singleturn|p1a: Zapdos|move: Roost
|move|p2a: Landorus|Stealth Rock|p1a: Zapdos
|-sidestart|p1: BillionthLadderAlt|move: Stealth Rock
|
|upkeep
|turn|5
|
|t:|1668173133
|move|p1a: Zapdos|Defog|p2a: Landorus
|-unboost|p2a: Landorus|evasion|1
|-sideend|p1: BillionthLadderAlt|Stealth Rock|[from] move: Defog|[of] p1a: Zapdos
|move|p2a: Landorus|U-turn|p1a: Zapdos
|-resisted|p1a: Zapdos
|-damage|p1a: Zapdos|93/100
|
|t:|1668173137
|switch|p2a: Blacephalon|Blacephalon, shiny|100/100|[from]move: U-turn
|
|upkeep
|turn|6
|
|t:|1668173152
|switch|p1a: Primarina|Primarina, M|100/100
|move|p2a: Blacephalon|Overheat|p1a: Primarina
|-resisted|p1a: Primarina
|-damage|p1a: Primarina|72/100
|-unboost|p2a: Blacephalon|spa|2
|
|upkeep
|turn|7
|
|t:|1668173160
|switch|p2a: Melmetal|Melmetal|78/100
|move|p1a: Primarina|Surf|p2a: Melmetal
|-damage|p2a: Melmetal|50/100
|
|upkeep
|turn|8
|
|t:|1668173167
|switch|p2a: Landorus|Landorus-Therian, M|100/100
|-ability|p2a: Landorus|Intimidate|boost
|-unboost|p1a: Primarina|atk|1
|move|p1a: Primarina|Flip Turn|p2a: Landorus
|-supereffective|p2a: Landorus
|-damage|p2a: Landorus|80/100
|inactive|BillionthLadderAlt has 120 seconds left.
|
|t:|1668173220
|switch|p1a: Weavile|Weavile, M|100/100|[from]move: Flip Turn
|-ability|p1a: Weavile|Pressure
|
|-heal|p2a: Landorus|86/100|[from] item: Leftovers
|upkeep
|turn|9
|
|t:|1668173232
|switch|p2a: Buzzwole|Buzzwole|100/100
|move|p1a: Weavile|Knock Off|p2a: Buzzwole
|-resisted|p2a: Buzzwole
|-damage|p2a: Buzzwole|89/100
|-damage|p1a: Weavile|84/100|[from] item: Rocky Helmet|[of] p2a: Buzzwole
|-enditem|p2a: Buzzwole|Rocky Helmet|[from] move: Knock Off|[of] p1a: Weavile
|
|upkeep
|turn|10
|
|t:|1668173243
|switch|p1a: Zapdos|Zapdos|93/100
|-ability|p1a: Zapdos|Pressure
|switch|p2a: Landorus|Landorus-Therian, M|86/100
|-ability|p2a: Landorus|Intimidate|boost
|-unboost|p1a: Zapdos|atk|1
|
|-heal|p2a: Landorus|92/100|[from] item: Leftovers
|upkeep
|turn|11
|
|t:|1668173250
|move|p1a: Zapdos|Hurricane|p2a: Landorus|[miss]
|-miss|p1a: Zapdos|p2a: Landorus
|move|p2a: Landorus|Stealth Rock|p1a: Zapdos
|-sidestart|p1: BillionthLadderAlt|move: Stealth Rock
|
|-heal|p2a: Landorus|98/100|[from] item: Leftovers
|upkeep
|turn|12
|
|t:|1668173253
|move|p1a: Zapdos|Defog|p2a: Landorus
|-unboost|p2a: Landorus|evasion|1
|-sideend|p1: BillionthLadderAlt|Stealth Rock|[from] move: Defog|[of] p1a: Zapdos
|move|p2a: Landorus|U-turn|p1a: Zapdos
|-resisted|p1a: Zapdos
|-damage|p1a: Zapdos|85/100
|
|t:|1668173256
|switch|p2a: Blacephalon|Blacephalon, shiny|100/100|[from]move: U-turn
|
|upkeep
|turn|13
|
|t:|1668173263
|switch|p1a: Weavile|Weavile, M|84/100
|-ability|p1a: Weavile|Pressure
|move|p2a: Blacephalon|Shadow Ball|p1a: Weavile
|-resisted|p1a: Weavile
|-damage|p1a: Weavile|45/100
|
|upkeep
|turn|14
|
|t:|1668173271
|switch|p2a: Buzzwole|Buzzwole|89/100
|move|p1a: Weavile|Swords Dance|p1a: Weavile
|-boost|p1a: Weavile|atk|2
|
|upkeep
|turn|15
|
|t:|1668173277
|move|p1a: Weavile|Triple Axel|p2a: Buzzwole
|-damage|p2a: Buzzwole|79/100
|-damage|p2a: Buzzwole|62/100
|-damage|p2a: Buzzwole|35/100
|-hitcount|p2a: Buzzwole|3
|move|p2a: Buzzwole|Earthquake|p1a: Weavile
|-damage|p1a: Weavile|0 fnt
|faint|p1a: Weavile
|-ability|p2a: Buzzwole|Beast Boost|boost
|-boost|p2a: Buzzwole|def|1
|
|upkeep
|
|t:|1668173287
|switch|p1a: Dragapult|Dragapult, M|100/100
|turn|16
|
|t:|1668173302
|switch|p2a: Landorus|Landorus-Therian, M|98/100
|-ability|p2a: Landorus|Intimidate|boost
|-fail|p1a: Dragapult|unboost|[from] ability: Clear Body|[of] p1a: Dragapult
|move|p1a: Dragapult|Draco Meteor|p2a: Landorus
|-damage|p2a: Landorus|35/100
|-unboost|p1a: Dragapult|spa|2
|
|-heal|p2a: Landorus|41/100|[from] item: Leftovers
|upkeep
|turn|17
|
|t:|1668173313
|move|p1a: Dragapult|Draco Meteor|p2a: Landorus
|-crit|p2a: Landorus
|-damage|p2a: Landorus|0 fnt
|-unboost|p1a: Dragapult|spa|2
|faint|p2a: Landorus
|
|upkeep
|
|t:|1668173318
|switch|p2a: Dragapult|Dragapult, M|100/100
|turn|18
|
|t:|1668173330
|switch|p1a: Mr. Sandman|Sandaconda, M|100/100
|move|p2a: Dragapult|U-turn|p1a: Mr. Sandman
|-damage|p1a: Mr. Sandman|82/100
|
|t:|1668173334
|switch|p2a: Weavile|Weavile, M|100/100|[from]move: U-turn
|-ability|p2a: Weavile|Pressure
|
|-heal|p1a: Mr. Sandman|88/100|[from] item: Leftovers
|upkeep
|turn|19
|
|t:|1668173340
|switch|p1a: Melmetal|Melmetal|100/100
|move|p2a: Weavile|Triple Axel|p1a: Melmetal|[miss]
|-miss|p2a: Weavile|p1a: Melmetal
|
|upkeep
|turn|20
|
|t:|1668173349
|switch|p2a: Melmetal|Melmetal|50/100
|move|p1a: Melmetal|Thunder Wave|p2a: Melmetal
|-status|p2a: Melmetal|par
|
|upkeep
|turn|21
|
|t:|1668173355
|move|p1a: Melmetal|Superpower|p2a: Melmetal
|-supereffective|p2a: Melmetal
|-damage|p2a: Melmetal|0 fnt
|-unboost|p1a: Melmetal|atk|1
|-unboost|p1a: Melmetal|def|1
|faint|p2a: Melmetal
|
|upkeep
|
|t:|1668173359
|switch|p2a: Blacephalon|Blacephalon, shiny|100/100
|turn|22
|
|t:|1668173368
|move|p2a: Blacephalon|Overheat|p1a: Melmetal|[miss]
|-miss|p2a: Blacephalon|p1a: Melmetal
|move|p1a: Melmetal|Thunder Wave|p2a: Blacephalon
|-status|p2a: Blacephalon|par
|
|upkeep
|turn|23
|
|t:|1668173377
|switch|p1a: Dragapult|Dragapult, M|100/100
|cant|p2a: Blacephalon|par
|
|upkeep
|turn|24
|
|t:|1668173384
|switch|p2a: Weavile|Weavile, M|100/100
|-ability|p2a: Weavile|Pressure
|move|p1a: Dragapult|Draco Meteor|p2a: Weavile
|-damage|p2a: Weavile|0 fnt
|-unboost|p1a: Dragapult|spa|2
|faint|p2a: Weavile
|
|upkeep
|
|t:|1668173391
|switch|p2a: Dragapult|Dragapult, M|100/100
|turn|25
|
|t:|1668173403
|switch|p1a: Melmetal|Melmetal|100/100
|move|p2a: Dragapult|Dragon Darts|p1a: Melmetal
|-resisted|p1a: Melmetal
|-damage|p1a: Melmetal|93/100
|-anim|p2a: Dragapult|Dragon Darts|p1a: Melmetal
|-resisted|p1a: Melmetal
|-damage|p1a: Melmetal|86/100
|
|upkeep
|turn|26
|
|t:|1668173409
|move|p2a: Dragapult|Flamethrower|p1a: Melmetal
|-supereffective|p1a: Melmetal
|-damage|p1a: Melmetal|43/100
|move|p1a: Melmetal|Double Iron Bash|p2a: Dragapult
|-damage|p2a: Dragapult|44/100
|-damage|p2a: Dragapult|0 fnt
|faint|p2a: Dragapult
|-hitcount|p2: Dragapult|2
|
|upkeep
|
|t:|1668173414
|switch|p2a: Buzzwole|Buzzwole|35/100
|turn|27
|
|t:|1668173419
|switch|p1a: Dragapult|Dragapult, M|100/100
|move|p2a: Buzzwole|Drain Punch|p1a: Dragapult
|-immune|p1a: Dragapult
|
|upkeep
|turn|28
|-message|chibachikage forfeited.
|
|win|BillionthLadderAlt
|raw|BillionthLadderAlt's rating: 1742 &rarr; <strong>1760</strong><br />(+18 for winning)
|raw|chibachikage's rating: 1715 &rarr; <strong>1697</strong><br />(-18 for losing)
|l|☆chibachikage
||Ladder isn't responding, score probably updated but might not have (Request timeout).
