|raw|<div class="broadcast-blue"><strong>This battle is required to be public due to a player having a name starting with 'lt83aq'.</div>
|j|☆SMxVale
|j|☆lt83aq gray
|t:|1626519395
|gametype|singles
|player|p1|SMxVale|sabrina|1745
|player|p2|lt83aq gray|1|1828
|teamsize|p1|6
|teamsize|p2|6
|gen|8
|tier|[Gen 8] OU
|rated|
|rule|Sleep Clause Mod: Limit one foe put to sleep
|rule|Species Clause: Limit one of each Pokémon
|rule|OHKO Clause: OHKO moves are banned
|rule|Evasion Moves Clause: Evasion moves are banned
|rule|Endless Battle Clause: Forcing endless battles is banned
|rule|HP Percentage Mod: HP is shown in percentages
|rule|Dynamax Clause: You cannot dynamax
|clearpoke
|poke|p1|Melmetal|
|poke|p1|Clefable, M|
|poke|p1|Landorus-Therian, M|
|poke|p1|Rillaboom, M|
|poke|p1|Heatran, M|
|poke|p1|Dragapult, M|
|poke|p2|Landorus-Therian, M|
|poke|p2|Heatran, F|
|poke|p2|Zapdos|
|poke|p2|Kyurem|
|poke|p2|Tapu Fini|
|poke|p2|Weavile, F|
|teampreview
|j| Philououou
|j| lt83aq ez
|j| wichitalk
|inactive|Battle timer is ON: inactive players will automatically lose when time's up. (requested by lt83aq gray)
|
|t:|1626519418
|start
|switch|p1a: Straßenköter|Landorus-Therian, M|100/100
|switch|p2a: Landorus|Landorus-Therian, M|100/100
|-ability|p1a: Straßenköter|Intimidate|boost
|-unboost|p2a: Landorus|atk|1
|-ability|p2a: Landorus|Intimidate|boost
|-unboost|p1a: Straßenköter|atk|1
|turn|1
|
|t:|1626519422
|move|p1a: Straßenköter|Toxic|p2a: Landorus
|-status|p2a: Landorus|tox
|move|p2a: Landorus|Toxic|p1a: Straßenköter
|-status|p1a: Straßenköter|tox
|
|-damage|p1a: Straßenköter|94/100 tox|[from] psn
|-damage|p2a: Landorus|94/100 tox|[from] psn
|upkeep
|turn|2
|
|t:|1626519429
|move|p1a: Straßenköter|U-turn|p2a: Landorus
|-resisted|p2a: Landorus
|-damage|p2a: Landorus|87/100 tox
|
|t:|1626519436
|switch|p1a: Kaulquappe|Dragapult, M|100/100|[from]move: U-turn
|move|p2a: Landorus|Defog|p1a: Kaulquappe
|-unboost|p1a: Kaulquappe|evasion|1
|
|-heal|p2a: Landorus|93/100 tox|[from] item: Leftovers
|-damage|p2a: Landorus|81/100 tox|[from] psn
|upkeep
|turn|3
|
|t:|1626519449
|move|p1a: Kaulquappe|Draco Meteor|p2a: Landorus
|-damage|p2a: Landorus|15/100 tox
|-unboost|p1a: Kaulquappe|spa|2
|move|p2a: Landorus|Earthquake|p1a: Kaulquappe
|-damage|p1a: Kaulquappe|56/100
|
|-heal|p2a: Landorus|21/100 tox|[from] item: Leftovers
|-damage|p2a: Landorus|3/100 tox|[from] psn
|upkeep
|turn|4
|
|t:|1626519466
|switch|p2a: Heatran|Heatran, F|100/100
|move|p1a: Kaulquappe|Draco Meteor|p2a: Heatran
|-resisted|p2a: Heatran
|-damage|p2a: Heatran|86/100
|-unboost|p1a: Kaulquappe|spa|2
|
|-heal|p2a: Heatran|92/100|[from] item: Leftovers
|upkeep
|turn|5
|j| LT83AQ Sago
|
|t:|1626519478
|switch|p1a: Lavametallviech|Heatran, M|100/100
|move|p2a: Heatran|Stealth Rock|p1a: Lavametallviech
|-sidestart|p1: SMxVale|move: Stealth Rock
|
|-heal|p2a: Heatran|98/100|[from] item: Leftovers
|upkeep
|turn|6
|j| LT83AQ EL NANO
|
|t:|1626519488
|move|p1a: Lavametallviech|Earth Power|p2a: Heatran
|-supereffective|p2a: Heatran
|-damage|p2a: Heatran|31/100
|-unboost|p2a: Heatran|spd|1
|move|p2a: Heatran|Earth Power|p1a: Lavametallviech
|-supereffective|p1a: Lavametallviech
|-damage|p1a: Lavametallviech|31/100
|
|-heal|p1a: Lavametallviech|37/100|[from] item: Leftovers
|-heal|p2a: Heatran|37/100|[from] item: Leftovers
|upkeep
|turn|7
|
|t:|1626519505
|switch|p2a: Landorus|Landorus-Therian, M|3/100 tox
|-ability|p2a: Landorus|Intimidate|boost
|-unboost|p1a: Lavametallviech|atk|1
|move|p1a: Lavametallviech|Earth Power|p2a: Landorus
|-immune|p2a: Landorus
|
|-heal|p1a: Lavametallviech|44/100|[from] item: Leftovers
|-heal|p2a: Landorus|9/100 tox|[from] item: Leftovers
|-damage|p2a: Landorus|3/100 tox|[from] psn
|upkeep
|turn|8
|
|t:|1626519511
|switch|p1a: Straßenköter|Landorus-Therian, M|94/100 tox
|-damage|p1a: Straßenköter|82/100 tox|[from] Stealth Rock
|-ability|p1a: Straßenköter|Intimidate|boost
|-unboost|p2a: Landorus|atk|1
|move|p2a: Landorus|U-turn|p1a: Straßenköter
|-resisted|p1a: Straßenköter
|-damage|p1a: Straßenköter|76/100 tox
|
|t:|1626519520
|switch|p2a: Weavile|Weavile, F|100/100|[from]move: U-turn
|-ability|p2a: Weavile|Pressure
|
|-heal|p1a: Straßenköter|82/100 tox|[from] item: Leftovers
|-damage|p1a: Straßenköter|76/100 tox|[from] psn
|upkeep
|turn|9
|j| Storm Zone
|
|t:|1626519535
|move|p2a: Weavile|Knock Off|p1a: Straßenköter
|-crit|p1a: Straßenköter
|-damage|p1a: Straßenköter|4/100 tox
|-enditem|p1a: Straßenköter|Leftovers|[from] move: Knock Off|[of] p2a: Weavile
|move|p1a: Straßenköter|U-turn|p2a: Weavile
|-supereffective|p2a: Weavile
|-damage|p2a: Weavile|23/100
|l| lt83aq ez
|inactive|SMxVale has 120 seconds left.
|
|t:|1626519562
|switch|p1a: Trommelaffe|Rillaboom, M|100/100|[from]move: U-turn
|-damage|p1a: Trommelaffe|88/100|[from] Stealth Rock
|-fieldstart|move: Grassy Terrain|[from] ability: Grassy Surge|[of] p1a: Trommelaffe
|
|-heal|p2a: Weavile|29/100|[from] Grassy Terrain
|-heal|p1a: Trommelaffe|94/100|[from] Grassy Terrain
|-heal|p1a: Trommelaffe|99/100|[from] item: Leftovers
|upkeep
|turn|10
|j| Ad067
|
|t:|1626519566
|switch|p2a: Zapdos|Zapdos|100/100
|-ability|p2a: Zapdos|Pressure
|move|p1a: Trommelaffe|Swords Dance|p1a: Trommelaffe
|-boost|p1a: Trommelaffe|atk|2
|
|-heal|p1a: Trommelaffe|100/100|[from] Grassy Terrain
|upkeep
|turn|11
|
|t:|1626519572
|move|p2a: Zapdos|Toxic|p1a: Trommelaffe
|-status|p1a: Trommelaffe|tox
|move|p1a: Trommelaffe|Knock Off|p2a: Zapdos
|-crit|p2a: Zapdos
|-damage|p2a: Zapdos|21/100
|-enditem|p2a: Zapdos|Heavy-Duty Boots|[from] move: Knock Off|[of] p1a: Trommelaffe
|
|-damage|p1a: Trommelaffe|94/100 tox|[from] psn
|upkeep
|turn|12
|
|t:|1626519577
|switch|p2a: Heatran|Heatran, F|37/100
|move|p1a: Trommelaffe|Superpower|p2a: Heatran
|-supereffective|p2a: Heatran
|-damage|p2a: Heatran|0 fnt
|-unboost|p1a: Trommelaffe|atk|1
|-unboost|p1a: Trommelaffe|def|1
|faint|p2a: Heatran
|
|-heal|p1a: Trommelaffe|100/100 tox|[from] Grassy Terrain
|-damage|p1a: Trommelaffe|88/100 tox|[from] psn
|upkeep
|
|t:|1626519583
|switch|p2a: Kyurem|Kyurem|100/100
|-ability|p2a: Kyurem|Pressure
|turn|13
|
|t:|1626519599
|switch|p1a: gen1missbildung|Clefable, M|100/100
|-damage|p1a: gen1missbildung|88/100|[from] Stealth Rock
|move|p2a: Kyurem|Substitute|p2a: Kyurem
|-start|p2a: Kyurem|Substitute
|-damage|p2a: Kyurem|76/100
|
|-heal|p2a: Kyurem|82/100|[from] Grassy Terrain
|-heal|p1a: gen1missbildung|94/100|[from] Grassy Terrain
|-heal|p1a: gen1missbildung|99/100|[from] item: Leftovers
|-fieldend|move: Grassy Terrain
|upkeep
|turn|14
|
|t:|1626519608
|move|p2a: Kyurem|Freeze-Dry|p1a: gen1missbildung
|-damage|p1a: gen1missbildung|72/100
|move|p1a: gen1missbildung|Moonblast|p2a: Kyurem
|-supereffective|p2a: Kyurem
|-end|p2a: Kyurem|Substitute
|
|-heal|p1a: gen1missbildung|78/100|[from] item: Leftovers
|upkeep
|turn|15
|
|t:|1626519618
|switch|p2a: Tapu Fini|Tapu Fini|100/100
|-fieldstart|move: Misty Terrain|[from] ability: Misty Surge|[of] p2a: Tapu Fini
|move|p1a: gen1missbildung|Moonblast|p2a: Tapu Fini
|-damage|p2a: Tapu Fini|78/100
|
|-heal|p2a: Tapu Fini|84/100|[from] item: Leftovers
|-heal|p1a: gen1missbildung|84/100|[from] item: Leftovers
|upkeep
|turn|16
|l| LT83AQ EL NANO
|
|t:|1626519627
|switch|p1a: Straßenköter|Landorus-Therian, M|4/100 tox
|-damage|p1a: Straßenköter|0 fnt|[from] Stealth Rock
|faint|p1a: Straßenköter
|move|p2a: Tapu Fini|Calm Mind|p2a: Tapu Fini
|-boost|p2a: Tapu Fini|spa|1
|-boost|p2a: Tapu Fini|spd|1
|
|-heal|p2a: Tapu Fini|90/100|[from] item: Leftovers
|upkeep
|
|t:|1626519633
|switch|p1a: Trommelaffe|Rillaboom, M|88/100 tox
|-damage|p1a: Trommelaffe|76/100 tox|[from] Stealth Rock
|-fieldstart|move: Grassy Terrain|[from] ability: Grassy Surge|[of] p1a: Trommelaffe
|turn|17
|
|t:|1626519636
|switch|p2a: Kyurem|Kyurem|82/100
|-ability|p2a: Kyurem|Pressure
|move|p1a: Trommelaffe|Grassy Glide|p2a: Kyurem
|-resisted|p2a: Kyurem
|-damage|p2a: Kyurem|61/100
|
|-heal|p2a: Kyurem|68/100|[from] Grassy Terrain
|-heal|p1a: Trommelaffe|82/100 tox|[from] Grassy Terrain
|-heal|p1a: Trommelaffe|88/100 tox|[from] item: Leftovers
|-damage|p1a: Trommelaffe|82/100 tox|[from] psn
|upkeep
|turn|18
|
|t:|1626519641
|switch|p2a: Tapu Fini|Tapu Fini|90/100
|-fieldstart|move: Misty Terrain|[from] ability: Misty Surge|[of] p2a: Tapu Fini
|switch|p1a: gen1missbildung|Clefable, M|84/100
|-damage|p1a: gen1missbildung|71/100|[from] Stealth Rock
|
|-heal|p2a: Tapu Fini|96/100|[from] item: Leftovers
|-heal|p1a: gen1missbildung|78/100|[from] item: Leftovers
|upkeep
|turn|19
|
|t:|1626519644
|move|p2a: Tapu Fini|Substitute|p2a: Tapu Fini
|-start|p2a: Tapu Fini|Substitute
|-damage|p2a: Tapu Fini|71/100
|move|p1a: gen1missbildung|Teleport|p1a: gen1missbildung
|
|t:|1626519649
|switch|p1a: Metallviech|Melmetal|100/100|[from]move: Teleport
|-damage|p1a: Metallviech|94/100|[from] Stealth Rock
|
|-heal|p2a: Tapu Fini|77/100|[from] item: Leftovers
|upkeep
|turn|20
|
|t:|1626519657
|move|p2a: Tapu Fini|Scald|p1a: Metallviech
|-damage|p1a: Metallviech|66/100
|move|p1a: Metallviech|Double Iron Bash|p2a: Tapu Fini
|-crit|p2a: Tapu Fini
|-end|p2a: Tapu Fini|Substitute
|-damage|p2a: Tapu Fini|48/100
|-hitcount|p2a: Tapu Fini|2
|
|-heal|p2a: Tapu Fini|54/100|[from] item: Leftovers
|upkeep
|turn|21
|
|t:|1626519664
|switch|p2a: Landorus|Landorus-Therian, M|3/100 tox
|-ability|p2a: Landorus|Intimidate|boost
|-unboost|p1a: Metallviech|atk|1
|move|p1a: Metallviech|Double Iron Bash|p2a: Landorus
|-damage|p2a: Landorus|0 fnt
|faint|p2a: Landorus
|-hitcount|p2: Landorus|1
|
|upkeep
|
|t:|1626519666
|switch|p2a: Zapdos|Zapdos|21/100
|-ability|p2a: Zapdos|Pressure
|turn|22
|j| LT83AQ Yuki
|j| Sorcier anguilion
|
|t:|1626519694
|switch|p1a: Lavametallviech|Heatran, M|44/100
|-damage|p1a: Lavametallviech|31/100|[from] Stealth Rock
|move|p2a: Zapdos|Roost|p2a: Zapdos
|-heal|p2a: Zapdos|71/100
|-singleturn|p2a: Zapdos|move: Roost
|
|-heal|p1a: Lavametallviech|37/100|[from] item: Leftovers
|-fieldend|Misty Terrain
|upkeep
|turn|23
|j| Tasha9574
|j| Givewin5
|
|t:|1626519705
|move|p2a: Zapdos|Substitute|p2a: Zapdos
|-start|p2a: Zapdos|Substitute
|-damage|p2a: Zapdos|46/100
|move|p1a: Lavametallviech|Magma Storm|p2a: Zapdos
|-end|p2a: Zapdos|Substitute
|
|-heal|p1a: Lavametallviech|44/100|[from] item: Leftovers
|upkeep
|turn|24
|j| AmoonSUS
|inactive|SMxVale has 120 seconds left.
|l| AmoonSUS
|
|t:|1626519725
|switch|p1a: Kaulquappe|Dragapult, M|56/100
|-damage|p1a: Kaulquappe|44/100|[from] Stealth Rock
|move|p2a: Zapdos|Roost|p2a: Zapdos
|-heal|p2a: Zapdos|96/100
|-singleturn|p2a: Zapdos|move: Roost
|
|upkeep
|turn|25
|
|t:|1626519738
|move|p1a: Kaulquappe|Shadow Ball|p2a: Zapdos
|-damage|p2a: Zapdos|44/100
|move|p2a: Zapdos|Discharge|p1a: Kaulquappe
|-resisted|p1a: Kaulquappe
|-damage|p1a: Kaulquappe|22/100
|
|upkeep
|turn|26
|inactive|lt83aq gray has 120 seconds left.
|
|t:|1626519773
|move|p1a: Kaulquappe|Shadow Ball|p2a: Zapdos
|-damage|p2a: Zapdos|0 fnt
|faint|p2a: Zapdos
|
|upkeep
|
|t:|1626519780
|switch|p2a: Weavile|Weavile, F|29/100
|-ability|p2a: Weavile|Pressure
|turn|27
|
|t:|1626519792
|switch|p1a: Lavametallviech|Heatran, M|44/100
|-damage|p1a: Lavametallviech|31/100|[from] Stealth Rock
|move|p2a: Weavile|Swords Dance|p2a: Weavile
|-boost|p2a: Weavile|atk|2
|
|-heal|p1a: Lavametallviech|37/100|[from] item: Leftovers
|upkeep
|turn|28
|
|t:|1626519799
|move|p2a: Weavile|Knock Off|p1a: Lavametallviech
|-damage|p1a: Lavametallviech|0 fnt
|-enditem|p1a: Lavametallviech|Leftovers|[from] move: Knock Off|[of] p2a: Weavile
|faint|p1a: Lavametallviech
|
|upkeep
|
|t:|1626519802
|switch|p1a: gen1missbildung|Clefable, M|78/100
|-damage|p1a: gen1missbildung|65/100|[from] Stealth Rock
|turn|29
|
|t:|1626519804
|move|p1a: gen1missbildung|Protect|p1a: gen1missbildung
|-singleturn|p1a: gen1missbildung|Protect
|move|p2a: Weavile|Triple Axel|p1a: gen1missbildung
|-activate|p1a: gen1missbildung|move: Protect
|
|-heal|p1a: gen1missbildung|71/100|[from] item: Leftovers
|upkeep
|turn|30
|j| LT83AQ M
|l| LT83AQ M
|j| 0zorcNecropHADES
|
|t:|1626519830
|move|p2a: Weavile|Triple Axel|p1a: gen1missbildung
|-damage|p1a: gen1missbildung|62/100
|-damage|p1a: gen1missbildung|42/100
|-damage|p1a: gen1missbildung|15/100
|-hitcount|p1a: gen1missbildung|3
|move|p1a: gen1missbildung|Moonblast|p2a: Weavile
|-supereffective|p2a: Weavile
|-damage|p2a: Weavile|0 fnt
|faint|p2a: Weavile
|
|-heal|p1a: gen1missbildung|21/100|[from] item: Leftovers
|upkeep
|j| LT83AQ V95
|
|t:|1626519856
|switch|p2a: Kyurem|Kyurem|68/100
|-ability|p2a: Kyurem|Pressure
|turn|31
|
|t:|1626519863
|move|p2a: Kyurem|Freeze-Dry|p1a: gen1missbildung
|-crit|p1a: gen1missbildung
|-damage|p1a: gen1missbildung|0 fnt
|faint|p1a: gen1missbildung
|
|upkeep
|j| A4_Zhi
|l| A4_Zhi
|j| LT83AQ BUNZZZ
|inactive|SMxVale has 120 seconds left.
|l| LT83AQ BUNZZZ
|
|t:|1626519905
|switch|p1a: Kaulquappe|Dragapult, M|22/100
|-damage|p1a: Kaulquappe|10/100|[from] Stealth Rock
|turn|32
|
|t:|1626519910
|move|p1a: Kaulquappe|Shadow Ball|p2a: Kyurem
|-damage|p2a: Kyurem|20/100
|move|p2a: Kyurem|Roost|p2a: Kyurem
|-heal|p2a: Kyurem|70/100
|-singleturn|p2a: Kyurem|move: Roost
|
|upkeep
|turn|33
|
|t:|1626519918
|move|p1a: Kaulquappe|Shadow Ball|p2a: Kyurem
|-damage|p2a: Kyurem|22/100
|move|p2a: Kyurem|Roost|p2a: Kyurem
|-heal|p2a: Kyurem|72/100
|-singleturn|p2a: Kyurem|move: Roost
|
|upkeep
|turn|34
|c| 0zorcNecropHADES|GGS
|
|t:|1626519929
|move|p1a: Kaulquappe|Shadow Ball|p2a: Kyurem
|-damage|p2a: Kyurem|19/100
|-unboost|p2a: Kyurem|spd|1
|move|p2a: Kyurem|Roost|p2a: Kyurem
|-heal|p2a: Kyurem|69/100
|-singleturn|p2a: Kyurem|move: Roost
|
|upkeep
|turn|35
|
|t:|1626519935
|move|p1a: Kaulquappe|Shadow Ball|p2a: Kyurem
|-damage|p2a: Kyurem|0 fnt
|faint|p2a: Kyurem
|
|upkeep
|
|t:|1626519936
|switch|p2a: Tapu Fini|Tapu Fini|54/100
|-fieldstart|move: Misty Terrain|[from] ability: Misty Surge|[of] p2a: Tapu Fini
|turn|36
|c|☆SMxVale|G G S
|-message|lt83aq gray forfeited.
|
|win|SMxVale
|raw|SMxVale's rating: 1745 &rarr; <strong>1770</strong><br />(+25 for winning)
|raw|lt83aq gray's rating: 1828 &rarr; <strong>1803</strong><br />(-25 for losing)
|l|☆lt83aq gray
|l| Sorcier anguilion
|l| Tasha9574
|l| Philououou
|l| LT83AQ Yuki
|l| 0zorcNecropHADES
