|j|☆drain gang jr.
|j|☆ldailey19
|t:|1644283638
|gametype|singles
|player|p1|drain gang jr.|harlequin|1616
|player|p2|ldailey19|lance|1694
|teamsize|p1|6
|teamsize|p2|6
|gen|8
|tier|[Gen 8] OU
|rated|
|rule|Sleep Clause Mod: Limit one foe put to sleep
|rule|Species Clause: Limit one of each Pokémon
|rule|OHKO Clause: OHKO moves are banned
|rule|Evasion Moves Clause: Evasion moves are banned
|rule|Endless Battle Clause: Forcing endless battles is banned
|rule|HP Percentage Mod: HP is shown in percentages
|rule|Dynamax Clause: You cannot dynamax
|clearpoke
|poke|p1|Weavile, F|
|poke|p1|Urshifu-*, F|
|poke|p1|Landorus-Therian, M|
|poke|p1|Dragapult, M|
|poke|p1|Nihilego|
|poke|p1|Volcanion|
|poke|p2|Magnezone|
|poke|p2|Weavile, M|
|poke|p2|Urshifu-*, M|
|poke|p2|Heatran, F|
|poke|p2|Landorus-Therian, M|
|poke|p2|Dragapult, M|
|teampreview
|inactive|Battle timer is ON: inactive players will automatically lose when time's up. (requested by ldailey19)
|
|t:|1644283658
|start
|switch|p1a: Volcanion|Volcanion|100/100
|switch|p2a: Landorus|Landorus-Therian, M|100/100
|-ability|p2a: Landorus|Intimidate|boost
|-unboost|p1a: Volcanion|atk|1
|turn|1
|
|t:|1644283674
|switch|p2a: Urshifu|Urshifu-Rapid-Strike, M|100/100
|move|p1a: Volcanion|Steam Eruption|p2a: Urshifu
|-resisted|p2a: Urshifu
|-damage|p2a: Urshifu|49/100
|-status|p2a: Urshifu|brn
|
|-damage|p2a: Urshifu|43/100 brn|[from] brn
|upkeep
|turn|2
|
|t:|1644283685
|move|p2a: Urshifu|Close Combat|p1a: Volcanion
|-damage|p1a: Volcanion|69/100
|-unboost|p2a: Urshifu|def|1
|-unboost|p2a: Urshifu|spd|1
|move|p1a: Volcanion|Steam Eruption|p2a: Urshifu
|-resisted|p2a: Urshifu
|-damage|p2a: Urshifu|0 fnt
|faint|p2a: Urshifu
|
|upkeep
|inactive|ldailey19 has 120 seconds left.
|
|t:|1644283722
|switch|p2a: Dragapult|Dragapult, M, shiny|100/100
|turn|3
|
|t:|1644283727
|switch|p1a: Landorus|Landorus-Therian, M|100/100
|-ability|p1a: Landorus|Intimidate|boost
|-unboost|p2a: Dragapult|atk|1
|move|p2a: Dragapult|Dragon Darts|p1a: Landorus
|-damage|p1a: Landorus|85/100
|-anim|p2a: Dragapult|Dragon Darts|p1a: Landorus
|-damage|p1a: Landorus|67/100
|
|upkeep
|turn|4
|inactive|ldailey19 has 120 seconds left.
|
|t:|1644283739
|switch|p2a: Landorus|Landorus-Therian, M|100/100
|-ability|p2a: Landorus|Intimidate|boost
|-unboost|p1a: Landorus|atk|1
|move|p1a: Landorus|Stealth Rock|p2a: Landorus
|-sidestart|p2: ldailey19|move: Stealth Rock
|
|upkeep
|turn|5
|inactive|ldailey19 has 120 seconds left.
|
|t:|1644283747
|move|p2a: Landorus|Knock Off|p1a: Landorus
|-damage|p1a: Landorus|40/100
|-enditem|p1a: Landorus|Heavy-Duty Boots|[from] move: Knock Off|[of] p2a: Landorus
|move|p1a: Landorus|Knock Off|p2a: Landorus
|-damage|p2a: Landorus|86/100
|-damage|p1a: Landorus|24/100|[from] item: Rocky Helmet|[of] p2a: Landorus
|-enditem|p2a: Landorus|Rocky Helmet|[from] move: Knock Off|[of] p1a: Landorus
|
|upkeep
|turn|6
|
|t:|1644283756
|move|p2a: Landorus|Defog|p1a: Landorus
|-unboost|p1a: Landorus|evasion|1
|-sideend|p2: ldailey19|Stealth Rock|[from] move: Defog|[of] p2a: Landorus
|move|p1a: Landorus|Knock Off|p2a: Landorus
|-damage|p2a: Landorus|76/100
|
|upkeep
|turn|7
|j| Nesnot
|
|t:|1644283763
|move|p2a: Landorus|Knock Off|p1a: Landorus
|-damage|p1a: Landorus|5/100
|move|p1a: Landorus|Stealth Rock|p2a: Landorus
|-sidestart|p2: ldailey19|move: Stealth Rock
|
|upkeep
|turn|8
|
|t:|1644283771
|move|p2a: Landorus|Defog|p1a: Landorus
|-unboost|p1a: Landorus|evasion|1
|-sideend|p2: ldailey19|Stealth Rock|[from] move: Defog|[of] p2a: Landorus
|move|p1a: Landorus|U-turn|p2a: Landorus
|-resisted|p2a: Landorus
|-damage|p2a: Landorus|70/100
|
|t:|1644283773
|switch|p1a: Weavile|Weavile, F|100/100|[from]move: U-turn
|-ability|p1a: Weavile|Pressure
|
|upkeep
|turn|9
|
|t:|1644283792
|switch|p2a: Magnezone|Magnezone, shiny|100/100
|move|p1a: Weavile|Beat Up|p2a: Magnezone
|-damage|p2a: Magnezone|87/100
|-damage|p2a: Magnezone|75/100
|-damage|p2a: Magnezone|64/100
|-damage|p2a: Magnezone|52/100
|-damage|p2a: Magnezone|45/100
|-damage|p2a: Magnezone|31/100
|-hitcount|p2a: Magnezone|6
|
|upkeep
|turn|10
|
|t:|1644283805
|move|p1a: Weavile|Beat Up|p2a: Magnezone
|-damage|p2a: Magnezone|19/100
|-damage|p2a: Magnezone|6/100
|-damage|p2a: Magnezone|0 fnt
|faint|p2a: Magnezone
|-hitcount|p2: Magnezone|3
|
|upkeep
|inactive|ldailey19 has 120 seconds left.
|
|t:|1644283829
|switch|p2a: Heatran|Heatran, F, shiny|100/100
|-item|p2a: Heatran|Air Balloon
|turn|11
|
|t:|1644283838
|move|p1a: Weavile|Beat Up|p2a: Heatran
|-damage|p2a: Heatran|88/100
|-enditem|p2a: Heatran|Air Balloon
|-damage|p2a: Heatran|75/100
|-damage|p2a: Heatran|64/100
|-damage|p2a: Heatran|52/100
|-damage|p2a: Heatran|45/100
|-damage|p2a: Heatran|32/100
|-hitcount|p2a: Heatran|6
|move|p2a: Heatran|Toxic|p1a: Weavile
|-status|p1a: Weavile|tox
|
|-damage|p1a: Weavile|94/100 tox|[from] psn
|upkeep
|turn|12
|inactive|ldailey19 has 120 seconds left.
|
|t:|1644283859
|switch|p2a: Landorus|Landorus-Therian, M|70/100
|-ability|p2a: Landorus|Intimidate|boost
|-unboost|p1a: Weavile|atk|1
|move|p1a: Weavile|Beat Up|p2a: Landorus
|-damage|p2a: Landorus|64/100
|-damage|p2a: Landorus|57/100
|-damage|p2a: Landorus|50/100
|-damage|p2a: Landorus|44/100
|-damage|p2a: Landorus|40/100
|-damage|p2a: Landorus|32/100
|-hitcount|p2a: Landorus|6
|
|-damage|p1a: Weavile|82/100 tox|[from] psn
|upkeep
|turn|13
|inactive|ldailey19 has 120 seconds left.
|l| Nesnot
|
|t:|1644283880
|move|p1a: Weavile|Beat Up|p2a: Landorus
|-damage|p2a: Landorus|26/100
|-damage|p2a: Landorus|19/100
|-damage|p2a: Landorus|12/100
|-damage|p2a: Landorus|5/100
|-crit|p2a: Landorus
|-damage|p2a: Landorus|0 fnt
|faint|p2a: Landorus
|-hitcount|p2: Landorus|5
|
|-damage|p1a: Weavile|64/100 tox|[from] psn
|upkeep
|
|t:|1644283886
|switch|p2a: Weavile|Weavile, M|100/100
|-ability|p2a: Weavile|Pressure
|turn|14
|inactive|ldailey19 has 120 seconds left.
|
|t:|1644283893
|switch|p1a: Urshifu|Urshifu-Rapid-Strike, F|100/100
|move|p2a: Weavile|Knock Off|p1a: Urshifu
|-resisted|p1a: Urshifu
|-damage|p1a: Urshifu|68/100
|-enditem|p1a: Urshifu|Life Orb|[from] move: Knock Off|[of] p2a: Weavile
|
|upkeep
|turn|15
|
|t:|1644283902
|switch|p2a: Dragapult|Dragapult, M, shiny|100/100
|move|p1a: Urshifu|Surging Strikes|p2a: Dragapult
|-resisted|p2a: Dragapult
|-crit|p2a: Dragapult
|-damage|p2a: Dragapult|86/100
|-resisted|p2a: Dragapult
|-crit|p2a: Dragapult
|-damage|p2a: Dragapult|72/100
|-resisted|p2a: Dragapult
|-crit|p2a: Dragapult
|-damage|p2a: Dragapult|57/100
|-hitcount|p2a: Dragapult|3
|
|upkeep
|turn|16
|
|t:|1644283913
|switch|p1a: Landorus|Landorus-Therian, M|5/100
|-ability|p1a: Landorus|Intimidate|boost
|-unboost|p2a: Dragapult|atk|1
|move|p2a: Dragapult|Dragon Darts|p1a: Landorus
|-damage|p1a: Landorus|0 fnt
|faint|p1a: Landorus
|
|upkeep
|
|t:|1644283917
|switch|p1a: Nihilego|Nihilego|100/100
|turn|17
|inactive|ldailey19 has 120 seconds left.
|
|t:|1644283945
|switch|p2a: Heatran|Heatran, F, shiny|32/100
|move|p1a: Nihilego|Meteor Beam||[still]
|-prepare|p1a: Nihilego|Meteor Beam
|-boost|p1a: Nihilego|spa|1
|-enditem|p1a: Nihilego|Power Herb
|-anim|p1a: Nihilego|Meteor Beam|p2a: Heatran
|-damage|p2a: Heatran|0 fnt
|faint|p2a: Heatran
|-ability|p1a: Nihilego|Beast Boost|boost
|-boost|p1a: Nihilego|spe|1
|
|upkeep
|-message|ldailey19 forfeited.
|
|win|drain gang jr.
|raw|drain gang jr.'s rating: 1616 &rarr; <strong>1640</strong><br />(+24 for winning)
|raw|ldailey19's rating: 1694 &rarr; <strong>1670</strong><br />(-24 for losing)
|l|☆ldailey19
|l|☆drain gang jr.
|j|☆drain gang jr.
|player|p1|drain gang jr.|harlequin
||Ladder isn't responding, score probably updated but might not have (Request timeout).
