|j|☆d18l
|j|☆Huskothy
|t:|1667182947
|gametype|singles
|player|p1|d18l|backpacker|1676
|player|p2|Huskothy|lucas|1650
|teamsize|p1|6
|teamsize|p2|6
|gen|8
|tier|[Gen 8] OU
|rated|
|rule|Sleep Clause Mod: Limit one foe put to sleep
|rule|Species Clause: Limit one of each Pokémon
|rule|OHKO Clause: OHKO moves are banned
|rule|Evasion Items Clause: Evasion items are banned
|rule|Evasion Moves Clause: Evasion moves are banned
|rule|Endless Battle Clause: Forcing endless battles is banned
|rule|HP Percentage Mod: HP is shown in percentages
|rule|Dynamax Clause: You cannot dynamax
|clearpoke
|poke|p1|Kartana|
|poke|p1|Heatran, F|
|poke|p1|Landorus-Therian, M|
|poke|p1|Slowbro, F|
|poke|p1|Umbreon, M|
|poke|p1|Tapu Koko|
|poke|p2|Braviary, M|
|poke|p2|Blacephalon|
|poke|p2|Hatterene, F|
|poke|p2|Excadrill, F|
|poke|p2|Urshifu-*, M|
|poke|p2|Rillaboom, M|
|teampreview
|
|t:|1667182960
|start
|switch|p1a: Kartana|Kartana|100/100
|switch|p2a: Braviary|Braviary, M|100/100
|turn|1
|
|t:|1667182984
|switch|p1a: Tapu Koko|Tapu Koko|100/100
|-fieldstart|move: Electric Terrain|[from] ability: Electric Surge|[of] p1a: Tapu Koko
|move|p2a: Braviary|Close Combat|p1a: Tapu Koko
|-resisted|p1a: Tapu Koko
|-damage|p1a: Tapu Koko|67/100
|-unboost|p2a: Braviary|def|1
|-unboost|p2a: Braviary|spd|1
|
|upkeep
|turn|2
|
|t:|1667182994
|switch|p2a: Excadrill|Excadrill, F|100/100
|-ability|p2a: Excadrill|Mold Breaker
|move|p1a: Tapu Koko|Roost|p1a: Tapu Koko
|-heal|p1a: Tapu Koko|100/100
|-singleturn|p1a: Tapu Koko|move: Roost
|
|upkeep
|turn|3
|
|t:|1667183000
|switch|p1a: Landorus|Landorus-Therian, M|100/100
|-ability|p1a: Landorus|Intimidate|boost
|-unboost|p2a: Excadrill|atk|1
|move|p2a: Excadrill|Stealth Rock|p1a: Landorus
|-sidestart|p1: d18l|move: Stealth Rock
|
|upkeep
|turn|4
|
|t:|1667183007
|switch|p2a: Hatterene|Hatterene, F|100/100
|move|p1a: Landorus|Earthquake|p2a: Hatterene
|-damage|p2a: Hatterene|62/100
|
|-heal|p2a: Hatterene|68/100|[from] item: Leftovers
|upkeep
|turn|5
|
|t:|1667183019
|switch|p2a: Rillaboom|Rillaboom, M|100/100
|-fieldstart|move: Grassy Terrain|[from] ability: Grassy Surge|[of] p2a: Rillaboom
|move|p1a: Landorus|U-turn|p2a: Rillaboom
|-supereffective|p2a: Rillaboom
|-crit|p2a: Rillaboom
|-damage|p2a: Rillaboom|28/100
|
|t:|1667183040
|switch|p1a: Kartana|Kartana|100/100|[from]move: U-turn
|-damage|p1a: Kartana|94/100|[from] Stealth Rock
|
|-heal|p1a: Kartana|100/100|[from] Grassy Terrain
|-heal|p2a: Rillaboom|34/100|[from] Grassy Terrain
|upkeep
|turn|6
|
|t:|1667183050
|switch|p2a: Blacephalon|Blacephalon|100/100
|move|p1a: Kartana|Knock Off|p2a: Blacephalon
|-supereffective|p2a: Blacephalon
|-damage|p2a: Blacephalon|0 fnt
|-enditem|p2a: Blacephalon|Choice Scarf|[from] move: Knock Off|[of] p1a: Kartana
|faint|p2a: Blacephalon
|-ability|p1a: Kartana|Beast Boost|boost
|-boost|p1a: Kartana|atk|1
|
|upkeep
|
|t:|1667183052
|switch|p2a: Urshifu|Urshifu-Rapid-Strike, M|100/100
|turn|7
|j| nian9
|
|t:|1667183062
|switch|p1a: Slowbro|Slowbro, F|100/100
|move|p2a: Urshifu|U-turn|p1a: Slowbro
|-supereffective|p1a: Slowbro
|-damage|p1a: Slowbro|63/100
|
|t:|1667183071
|switch|p2a: Braviary|Braviary, M|100/100|[from]move: U-turn
|
|-heal|p1a: Slowbro|69/100|[from] Grassy Terrain
|upkeep
|turn|8
|
|t:|1667183076
|switch|p1a: Tapu Koko|Tapu Koko|100/100
|-fieldstart|move: Electric Terrain|[from] ability: Electric Surge|[of] p1a: Tapu Koko
|move|p2a: Braviary|Sky Attack||[still]
|-prepare|p2a: Braviary|Sky Attack
|-enditem|p2a: Braviary|Power Herb
|-anim|p2a: Braviary|Sky Attack|p1a: Tapu Koko|[miss]
|-miss|p2a: Braviary|p1a: Tapu Koko
|
|upkeep
|turn|9
|c|☆Huskothy|gg
|-message|Huskothy forfeited.
|
|win|d18l
|raw|d18l's rating: 1676 &rarr; <strong>1693</strong><br />(+17 for winning)
|raw|Huskothy's rating: 1629 &rarr; <strong>1612</strong><br />(-17 for losing)
|l|☆Huskothy
