|html|<div class="broadcast-blue"><strong>[Gen 8] OU is currently suspecting Melmetal! For information on how to participate check out the <a href="https://www.smogon.com/forums/threads/np-ss-ou-suspect-process-round-12-monster-mash.3709234/">suspect thread</a>.</strong></div>
|j|☆minimax_ai
|j|☆Mel2345
|t:|1666370550
|gametype|singles
|player|p1|minimax_ai|lusamine-nihilego|1492
|player|p2|Mel2345|cheren-gen5bw2|1530
|teamsize|p1|6
|teamsize|p2|6
|gen|8
|tier|[Gen 8] OU
|rated|
|rule|Sleep Clause Mod: Limit one foe put to sleep
|rule|Species Clause: Limit one of each Pokémon
|rule|OHKO Clause: OHKO moves are banned
|rule|Evasion Items Clause: Evasion items are banned
|rule|Evasion Moves Clause: Evasion moves are banned
|rule|Endless Battle Clause: Forcing endless battles is banned
|rule|HP Percentage Mod: HP is shown in percentages
|rule|Dynamax Clause: You cannot dynamax
|clearpoke
|poke|p1|Rotom-Wash|
|poke|p1|Weavile, F|
|poke|p1|Landorus-Therian, M|
|poke|p1|Heatran, M|
|poke|p1|Tangrowth, F|
|poke|p1|Melmetal|
|poke|p2|Zapdos-Galar|
|poke|p2|Regieleki|
|poke|p2|Weavile, F|
|poke|p2|Slowbro, F|
|poke|p2|Ferrothorn, F|
|poke|p2|Heatran, M|
|teampreview
|c|☆minimax_ai|hf
|inactive|Battle timer is ON: inactive players will automatically lose when time's up. (requested by minimax_ai)
|j| Geki4
|
|t:|1666370556
|start
|switch|p1a: Tangrowth|Tangrowth, F|100/100
|switch|p2a: Weavile|Weavile, F|100/100
|-ability|p2a: Weavile|Pressure
|turn|1
|
|t:|1666370561
|move|p2a: Weavile|Knock Off|p1a: Tangrowth
|-damage|p1a: Tangrowth|76/100
|-damage|p2a: Weavile|84/100|[from] item: Rocky Helmet|[of] p1a: Tangrowth
|-enditem|p1a: Tangrowth|Rocky Helmet|[from] move: Knock Off|[of] p2a: Weavile
|move|p1a: Tangrowth|Focus Blast|p2a: Weavile
|-supereffective|p2a: Weavile
|-damage|p2a: Weavile|0 fnt
|faint|p2a: Weavile
|
|upkeep
|l| Geki4
|
|t:|1666370573
|switch|p2a: Heatran|Heatran, M|100/100
|turn|2
|
|t:|1666370577
|switch|p1a: rotomwash|Rotom-Wash|100/100
|move|p2a: Heatran|Stealth Rock|p1a: rotomwash
|-sidestart|p1: minimax_ai|move: Stealth Rock
|
|upkeep
|turn|3
|
|t:|1666370579
|move|p1a: rotomwash|Nasty Plot|p1a: rotomwash
|-boost|p1a: rotomwash|spa|2
|move|p2a: Heatran|Toxic|p1a: rotomwash
|-status|p1a: rotomwash|tox
|
|-damage|p1a: rotomwash|94/100 tox|[from] psn
|upkeep
|turn|4
|
|t:|1666370583
|switch|p2a: Ferrothorn|Ferrothorn, F|100/100
|move|p1a: rotomwash|Thunderbolt|p2a: Ferrothorn
|-resisted|p2a: Ferrothorn
|-damage|p2a: Ferrothorn|69/100
|
|-heal|p1a: rotomwash|100/100 tox|[from] item: Leftovers
|-heal|p2a: Ferrothorn|75/100|[from] item: Leftovers
|-damage|p1a: rotomwash|88/100 tox|[from] psn
|upkeep
|turn|5
|
|t:|1666370586
|switch|p1a: landorustherian|Landorus-Therian, M|100/100
|-damage|p1a: landorustherian|88/100|[from] Stealth Rock
|-ability|p1a: landorustherian|Intimidate|boost
|-unboost|p2a: Ferrothorn|atk|1
|move|p2a: Ferrothorn|Leech Seed|p1a: landorustherian
|-start|p1a: landorustherian|move: Leech Seed
|
|-heal|p1a: landorustherian|94/100|[from] item: Leftovers
|-heal|p2a: Ferrothorn|81/100|[from] item: Leftovers
|-damage|p1a: landorustherian|82/100|[from] Leech Seed|[of] p2a: Ferrothorn
|-heal|p2a: Ferrothorn|95/100|[silent]
|upkeep
|turn|6
|
|t:|1666370589
|move|p1a: landorustherian|Toxic|p2a: Ferrothorn
|-immune|p2a: Ferrothorn
|move|p2a: Ferrothorn|Spikes|p1a: landorustherian
|-sidestart|p1: minimax_ai|Spikes
|
|-heal|p1a: landorustherian|88/100|[from] item: Leftovers
|-heal|p2a: Ferrothorn|100/100|[from] item: Leftovers
|-damage|p1a: landorustherian|76/100|[from] Leech Seed|[of] p2a: Ferrothorn
|upkeep
|turn|7
|
|t:|1666370592
|move|p1a: landorustherian|Toxic|p2a: Ferrothorn
|-immune|p2a: Ferrothorn
|move|p2a: Ferrothorn|Knock Off|p1a: landorustherian
|-damage|p1a: landorustherian|62/100
|-enditem|p1a: landorustherian|Leftovers|[from] move: Knock Off|[of] p2a: Ferrothorn
|
|-damage|p1a: landorustherian|49/100|[from] Leech Seed|[of] p2a: Ferrothorn
|upkeep
|turn|8
|
|t:|1666370595
|move|p1a: landorustherian|Defog|p2a: Ferrothorn
|-unboost|p2a: Ferrothorn|evasion|1
|-sideend|p1: minimax_ai|Spikes|[from] move: Defog|[of] p1a: landorustherian
|-sideend|p1: minimax_ai|Stealth Rock|[from] move: Defog|[of] p1a: landorustherian
|move|p2a: Ferrothorn|Spikes|p1a: landorustherian
|-sidestart|p1: minimax_ai|Spikes
|
|-damage|p1a: landorustherian|37/100|[from] Leech Seed|[of] p2a: Ferrothorn
|upkeep
|turn|9
|
|t:|1666370598
|switch|p1a: Weavile|Weavile, F|100/100
|-damage|p1a: Weavile|88/100|[from] Spikes
|-ability|p1a: Weavile|Pressure
|move|p2a: Ferrothorn|Spikes|p1a: Weavile
|-sidestart|p1: minimax_ai|Spikes
|
|upkeep
|turn|10
|
|t:|1666370601
|move|p1a: Weavile|Knock Off|p2a: Ferrothorn
|-damage|p2a: Ferrothorn|61/100
|-damage|p1a: Weavile|76/100|[from] ability: Iron Barbs|[of] p2a: Ferrothorn
|-enditem|p2a: Ferrothorn|Leftovers|[from] move: Knock Off|[of] p1a: Weavile
|move|p2a: Ferrothorn|Leech Seed|p1a: Weavile
|-start|p1a: Weavile|move: Leech Seed
|
|-damage|p1a: Weavile|63/100|[from] Leech Seed|[of] p2a: Ferrothorn
|-heal|p2a: Ferrothorn|71/100|[silent]
|upkeep
|turn|11
|
|t:|1666370605
|move|p1a: Weavile|Knock Off|p2a: Ferrothorn
|-damage|p2a: Ferrothorn|44/100
|-damage|p1a: Weavile|51/100|[from] ability: Iron Barbs|[of] p2a: Ferrothorn
|move|p2a: Ferrothorn|Knock Off|p1a: Weavile
|-resisted|p1a: Weavile
|-damage|p1a: Weavile|39/100
|-enditem|p1a: Weavile|Choice Band|[from] move: Knock Off|[of] p2a: Ferrothorn
|
|-damage|p1a: Weavile|27/100|[from] Leech Seed|[of] p2a: Ferrothorn
|-heal|p2a: Ferrothorn|54/100|[silent]
|upkeep
|turn|12
|
|t:|1666370609
|move|p1a: Weavile|Triple Axel|p2a: Ferrothorn
|-damage|p2a: Ferrothorn|48/100
|-damage|p1a: Weavile|14/100|[from] ability: Iron Barbs|[of] p2a: Ferrothorn
|-damage|p2a: Ferrothorn|38/100
|-damage|p1a: Weavile|2/100|[from] ability: Iron Barbs|[of] p2a: Ferrothorn
|-damage|p2a: Ferrothorn|20/100
|-damage|p1a: Weavile|0 fnt|[from] ability: Iron Barbs|[of] p2a: Ferrothorn
|faint|p1a: Weavile
|-hitcount|p2a: Ferrothorn|3
|move|p2a: Ferrothorn|Knock Off|p1: Weavile|[notarget]
|-fail|p2a: Ferrothorn
|
|upkeep
|
|t:|1666370609
|switch|p1a: Heatran|Heatran, M|100/100
|-item|p1a: Heatran|Air Balloon
|turn|13
|
|t:|1666370624
|move|p1a: Heatran|Eruption|p2a: Ferrothorn
|-supereffective|p2a: Ferrothorn
|-damage|p2a: Ferrothorn|0 fnt
|faint|p2a: Ferrothorn
|
|upkeep
|
|t:|1666370630
|switch|p2a: Heatran|Heatran, M|100/100
|turn|14
|
|t:|1666370633
|switch|p2a: Zapdos|Zapdos-Galar|100/100
|move|p1a: Heatran|Eruption|p2a: Zapdos
|-damage|p2a: Zapdos|6/100
|
|upkeep
|turn|15
|
|t:|1666370642
|switch|p1a: Tangrowth|Tangrowth, F|100/100
|-damage|p1a: Tangrowth|84/100|[from] Spikes
|move|p2a: Zapdos|Thunderous Kick|p1a: Tangrowth
|-damage|p1a: Tangrowth|49/100
|-unboost|p1a: Tangrowth|def|1
|
|upkeep
|turn|16
|
|t:|1666370644
|switch|p1a: landorustherian|Landorus-Therian, M|37/100
|-ability|p1a: landorustherian|Intimidate|boost
|-unboost|p2a: Zapdos|atk|1
|-ability|p2a: Zapdos|Defiant|boost
|-boost|p2a: Zapdos|atk|2
|move|p2a: Zapdos|Thunderous Kick|p1a: landorustherian
|-resisted|p1a: landorustherian
|-damage|p1a: landorustherian|0 fnt
|faint|p1a: landorustherian
|
|upkeep
|
|t:|1666370644
|switch|p1a: Tangrowth|Tangrowth, F|82/100
|-damage|p1a: Tangrowth|66/100|[from] Spikes
|turn|17
|
|t:|1666370656
|switch|p2a: Heatran|Heatran, M|100/100
|move|p1a: Tangrowth|Giga Drain|p2a: Heatran
|-resisted|p2a: Heatran
|-damage|p2a: Heatran|96/100
|-heal|p1a: Tangrowth|68/100|[from] drain|[of] p2a: Heatran
|
|-heal|p2a: Heatran|100/100|[from] item: Leftovers
|upkeep
|turn|18
|
|t:|1666370659
|switch|p1a: Heatran|Heatran, M|100/100
|-item|p1a: Heatran|Air Balloon
|move|p2a: Heatran|Stealth Rock|p1a: Heatran
|-sidestart|p1: minimax_ai|move: Stealth Rock
|
|upkeep
|turn|19
|
|t:|1666370662
|switch|p2a: Slowbro|Slowbro, F|100/100
|move|p1a: Heatran|Magma Storm|p2a: Slowbro
|-resisted|p2a: Slowbro
|-damage|p2a: Slowbro|76/100
|-activate|p2a: Slowbro|move: Magma Storm|[of] p1a: Heatran
|
|-damage|p2a: Slowbro|63/100|[from] move: Magma Storm|[partiallytrapped]
|upkeep
|turn|20
|
|t:|1666370666
|move|p1a: Heatran|Stealth Rock|p2a: Slowbro
|-sidestart|p2: Mel2345|move: Stealth Rock
|move|p2a: Slowbro|Teleport|p2a: Slowbro
|
|t:|1666370675
|switch|p2a: Regieleki|Regieleki|100/100|[from]move: Teleport
|
|upkeep
|turn|21
|
|t:|1666370681
|move|p2a: Regieleki|Volt Switch|p1a: Heatran
|-damage|p1a: Heatran|53/100
|-enditem|p1a: Heatran|Air Balloon
|
|t:|1666370686
|switch|p2a: Slowbro|Slowbro, F|97/100|[from]move: Volt Switch
|-damage|p2a: Slowbro|84/100|[from] Stealth Rock
|move|p1a: Heatran|Earth Power|p2a: Slowbro
|-damage|p2a: Slowbro|54/100
|
|upkeep
|turn|22
|
|t:|1666370692
|switch|p1a: rotomwash|Rotom-Wash|88/100 tox
|-damage|p1a: rotomwash|75/100 tox|[from] Stealth Rock
|move|p2a: Slowbro|Teleport|p2a: Slowbro
|
|t:|1666370695
|switch|p2a: Regieleki|Regieleki|100/100|[from]move: Teleport
|
|-heal|p1a: rotomwash|82/100 tox|[from] item: Leftovers
|-damage|p1a: rotomwash|75/100 tox|[from] psn
|upkeep
|turn|23
|
|t:|1666370698
|move|p2a: Regieleki|Thunderbolt|p1a: rotomwash
|-damage|p1a: rotomwash|6/100 tox
|move|p1a: rotomwash|Hydro Pump|p2a: Regieleki
|-damage|p2a: Regieleki|0 fnt
|faint|p2a: Regieleki
|
|-heal|p1a: rotomwash|12/100 tox|[from] item: Leftovers
|-damage|p1a: rotomwash|0 fnt|[from] psn
|faint|p1a: rotomwash
|upkeep
|
|t:|1666370705
|switch|p2a: Heatran|Heatran, M|100/100
|switch|p1a: Melmetal|Melmetal|100/100
|-damage|p2a: Heatran|88/100|[from] Stealth Rock
|-damage|p1a: Melmetal|84/100|[from] Spikes
|-damage|p1a: Melmetal|78/100|[from] Stealth Rock
|turn|24
|
|t:|1666370717
|switch|p2a: Zapdos|Zapdos-Galar|6/100
|-damage|p2a: Zapdos|0 fnt|[from] Stealth Rock
|faint|p2a: Zapdos
|move|p1a: Melmetal|Earthquake|p2: Zapdos|[notarget]
|-fail|p1a: Melmetal
|
|upkeep
|
|t:|1666370720
|switch|p2a: Slowbro|Slowbro, F|87/100
|-damage|p2a: Slowbro|75/100|[from] Stealth Rock
|turn|25
|
|t:|1666370722
|move|p1a: Melmetal|Thunder Punch|p2a: Slowbro
|-supereffective|p2a: Slowbro
|-damage|p2a: Slowbro|33/100
|move|p2a: Slowbro|Future Sight|p1a: Melmetal
|-start|p2a: Slowbro|move: Future Sight
|
|upkeep
|turn|26
|
|t:|1666370727
|switch|p2a: Heatran|Heatran, M|88/100
|-damage|p2a: Heatran|76/100|[from] Stealth Rock
|move|p1a: Melmetal|Thunder Punch|p2a: Heatran
|-damage|p2a: Heatran|49/100
|
|-heal|p2a: Heatran|55/100|[from] item: Leftovers
|upkeep
|turn|27
|
|t:|1666370732
|move|p2a: Heatran|Magma Storm|p1a: Melmetal|[miss]
|-miss|p2a: Heatran|p1a: Melmetal
|move|p1a: Melmetal|Earthquake|p2a: Heatran
|-supereffective|p2a: Heatran
|-damage|p2a: Heatran|0 fnt
|faint|p2a: Heatran
|
|-end|p1a: Melmetal|move: Future Sight
|-resisted|p1a: Melmetal
|-damage|p1a: Melmetal|66/100
|upkeep
|-message|Mel2345 forfeited.
|
|win|minimax_ai
|raw|minimax_ai's rating: 1492 &rarr; <strong>1514</strong><br />(+22 for winning)
|raw|Mel2345's rating: 1530 &rarr; <strong>1508</strong><br />(-22 for losing)
|c|☆minimax_ai|gg
|l|☆Mel2345
