|j|☆WhiteFlares
|j|☆ripreckful
|inactive|Battle timer is ON: inactive players will automatically lose when time's up.
|t:|1665120955
|gametype|singles
|player|p1|WhiteFlares|pokekid|
|player|p2|ripreckful|hilbert|
|teamsize|p1|6
|teamsize|p2|6
|gen|8
|tier|[Gen 8] OU
|rated|Tournament battle
|rule|Sleep Clause Mod: Limit one foe put to sleep
|rule|Species Clause: Limit one of each Pokémon
|rule|OHKO Clause: OHKO moves are banned
|rule|Evasion Items Clause: Evasion items are banned
|rule|Evasion Moves Clause: Evasion moves are banned
|rule|Endless Battle Clause: Forcing endless battles is banned
|rule|HP Percentage Mod: HP is shown in percentages
|rule|Dynamax Clause: You cannot dynamax
|clearpoke
|poke|p1|Grimmsnarl, M|
|poke|p1|Bisharp, F|
|poke|p1|Zeraora|
|poke|p1|Moltres-Galar|
|poke|p1|Blaziken, F|
|poke|p1|Slurpuff, M|
|poke|p2|Hawlucha, F|
|poke|p2|Tapu Lele|
|poke|p2|Polteageist|
|poke|p2|Xatu, M|
|poke|p2|Blacephalon|
|poke|p2|Blaziken, F|
|teampreview
|inactive|ripreckful also wants the timer to be on.
|inactive|WhiteFlares also wants the timer to be on.
|
|t:|1665120973
|start
|switch|p1a: Grimmsnarl|Grimmsnarl, M|100/100
|switch|p2a: Tapu Lele|Tapu Lele|100/100
|-fieldstart|move: Psychic Terrain|[from] ability: Psychic Surge|[of] p2a: Tapu Lele
|turn|1
|
|t:|1665120981
|move|p1a: Grimmsnarl|Light Screen|p1a: Grimmsnarl
|-sidestart|p1: WhiteFlares|move: Light Screen
|move|p2a: Tapu Lele|Moonblast|p1a: Grimmsnarl
|-supereffective|p1a: Grimmsnarl
|-damage|p1a: Grimmsnarl|44/100
|
|upkeep
|turn|2
|
|t:|1665120988
|move|p1a: Grimmsnarl|Reflect|p1a: Grimmsnarl
|-sidestart|p1: WhiteFlares|Reflect
|move|p2a: Tapu Lele|Moonblast|p1a: Grimmsnarl
|-supereffective|p1a: Grimmsnarl
|-damage|p1a: Grimmsnarl|0 fnt
|faint|p1a: Grimmsnarl
|
|upkeep
|
|t:|1665120995
|switch|p1a: Moltres|Moltres-Galar|100/100
|turn|3
|
|t:|1665121000
|move|p1a: Moltres|Agility|p1a: Moltres
|-boost|p1a: Moltres|spe|2
|move|p2a: Tapu Lele|Moonblast|p1a: Moltres
|-supereffective|p1a: Moltres
|-damage|p1a: Moltres|53/100
|-enditem|p1a: Moltres|Weakness Policy
|-boost|p1a: Moltres|atk|2|[from] item: Weakness Policy
|-boost|p1a: Moltres|spa|2|[from] item: Weakness Policy
|
|upkeep
|turn|4
|
|t:|1665121030
|move|p1a: Moltres|Fiery Wrath|p2a: Tapu Lele
|-damage|p2a: Tapu Lele|31/100
|move|p2a: Tapu Lele|Moonblast|p1a: Moltres
|-supereffective|p1a: Moltres
|-damage|p1a: Moltres|8/100
|-ability|p1a: Moltres|Berserk|boost
|-boost|p1a: Moltres|spa|1
|
|upkeep
|turn|5
|j|%Sww-Suwa
|
|t:|1665121045
|switch|p2a: Xatu|Xatu, M|100/100
|move|p1a: Moltres|Air Slash|p2a: Xatu
|-damage|p2a: Xatu|11/100
|-enditem|p2a: Xatu|Eject Button
|
|t:|1665121049
|switch|p2a: Blacephalon|Blacephalon|100/100
|
|upkeep
|turn|6
|
|t:|1665121055
|move|p1a: Moltres|Fiery Wrath|p2a: Blacephalon
|-supereffective|p2a: Blacephalon
|-enditem|p2a: Blacephalon|Focus Sash
|-damage|p2a: Blacephalon|1/100
|move|p2a: Blacephalon|Flame Charge|p1a: Moltres
|-damage|p1a: Moltres|0 fnt
|-boost|p2a: Blacephalon|spe|1
|faint|p1a: Moltres
|-ability|p2a: Blacephalon|Beast Boost|boost
|-boost|p2a: Blacephalon|spa|1
|
|upkeep
|
|t:|1665121073
|switch|p1a: Slurpuff|Slurpuff, M|100/100
|turn|7
|
|t:|1665121077
|move|p2a: Blacephalon|Flamethrower|p1a: Slurpuff
|-damage|p1a: Slurpuff|53/100
|move|p1a: Slurpuff|Misty Explosion|p2a: Blacephalon
|-resisted|p2a: Blacephalon
|-damage|p2a: Blacephalon|0 fnt
|faint|p1a: Slurpuff
|faint|p2a: Blacephalon
|
|upkeep
|
|t:|1665121088
|switch|p2a: Hawlucha|Hawlucha, F|100/100
|switch|p1a: Zeraora|Zeraora|100/100
|-enditem|p2a: Hawlucha|Psychic Seed
|-boost|p2a: Hawlucha|spd|1|[from] item: Psychic Seed
|turn|8
|
|t:|1665121097
|move|p2a: Hawlucha|Close Combat|p1a: Zeraora
|-damage|p1a: Zeraora|65/100
|-unboost|p2a: Hawlucha|def|1
|-unboost|p2a: Hawlucha|spd|1
|move|p1a: Zeraora|Bulk Up|p1a: Zeraora
|-boost|p1a: Zeraora|atk|1
|-boost|p1a: Zeraora|def|1
|
|-sideend|p1: WhiteFlares|move: Light Screen
|-fieldend|move: Psychic Terrain
|upkeep
|turn|9
|
|t:|1665121109
|move|p2a: Hawlucha|Swords Dance|p2a: Hawlucha
|-boost|p2a: Hawlucha|atk|2
|move|p1a: Zeraora|Plasma Fists|p2a: Hawlucha
|-supereffective|p2a: Hawlucha
|-damage|p2a: Hawlucha|0 fnt
|-fieldactivate|move: Ion Deluge
|-hint|Normal-type moves become Electric-type after using Plasma Fists.
|faint|p2a: Hawlucha
|
|-sideend|p1: WhiteFlares|Reflect
|upkeep
|
|t:|1665121112
|switch|p2a: Tapu Lele|Tapu Lele|31/100
|-fieldstart|move: Psychic Terrain|[from] ability: Psychic Surge|[of] p2a: Tapu Lele
|turn|10
|
|t:|1665121130
|move|p1a: Zeraora|Plasma Fists|p2a: Tapu Lele
|-damage|p2a: Tapu Lele|0 fnt
|-fieldactivate|move: Ion Deluge
|-hint|Normal-type moves become Electric-type after using Plasma Fists.
|faint|p2a: Tapu Lele
|
|upkeep
|
|t:|1665121132
|switch|p2a: Polteageist|Polteageist|100/100
|turn|11
|
|t:|1665121140
|move|p1a: Zeraora|Knock Off|p2a: Polteageist
|-supereffective|p2a: Polteageist
|-enditem|p2a: Polteageist|Focus Sash
|-damage|p2a: Polteageist|1/100
|-ability|p2a: Polteageist|Weak Armor|boost
|-unboost|p2a: Polteageist|def|1
|-boost|p2a: Polteageist|spe|2
|move|p2a: Polteageist|Shell Smash|p2a: Polteageist
|-unboost|p2a: Polteageist|def|1
|-unboost|p2a: Polteageist|spd|1
|-boost|p2a: Polteageist|atk|2
|-boost|p2a: Polteageist|spa|2
|-boost|p2a: Polteageist|spe|2
|
|upkeep
|turn|12
|
|t:|1665121152
|move|p2a: Polteageist|Shadow Ball|p1a: Zeraora
|-damage|p1a: Zeraora|0 fnt
|faint|p1a: Zeraora
|
|upkeep
|
|t:|1665121161
|switch|p1a: Bisharp|Bisharp, F|100/100
|turn|13
|
|t:|1665121165
|move|p2a: Polteageist|Shell Smash|p2a: Polteageist
|-unboost|p2a: Polteageist|def|1
|-unboost|p2a: Polteageist|spd|1
|-boost|p2a: Polteageist|atk|2
|-boost|p2a: Polteageist|spa|2
|-boost|p2a: Polteageist|spe|2
|move|p1a: Bisharp|Knock Off|p2a: Polteageist
|-supereffective|p2a: Polteageist
|-damage|p2a: Polteageist|0 fnt
|faint|p2a: Polteageist
|-damage|p1a: Bisharp|91/100|[from] item: Life Orb
|
|upkeep
|
|t:|1665121168
|switch|p2a: Blaziken|Blaziken, F|100/100
|turn|14
|
|t:|1665121180
|move|p1a: Bisharp|Knock Off|p2a: Blaziken
|-resisted|p2a: Blaziken
|-damage|p2a: Blaziken|49/100
|-enditem|p2a: Blaziken|Life Orb|[from] move: Knock Off|[of] p1a: Bisharp
|-damage|p1a: Bisharp|81/100|[from] item: Life Orb
|move|p2a: Blaziken|Swords Dance|p2a: Blaziken
|-boost|p2a: Blaziken|atk|2
|
|-ability|p2a: Blaziken|Speed Boost|boost
|-boost|p2a: Blaziken|spe|1
|upkeep
|turn|15
|
|t:|1665121192
|move|p2a: Blaziken|Close Combat|p1a: Bisharp
|-supereffective|p1a: Bisharp
|-damage|p1a: Bisharp|0 fnt
|-unboost|p2a: Blaziken|def|1
|-unboost|p2a: Blaziken|spd|1
|faint|p1a: Bisharp
|
|-ability|p2a: Blaziken|Speed Boost|boost
|-boost|p2a: Blaziken|spe|1
|upkeep
|
|t:|1665121201
|switch|p1a: Blaziken|Blaziken, F|100/100
|turn|16
|
|t:|1665121206
|move|p2a: Blaziken|Close Combat|p1a: Blaziken
|-damage|p1a: Blaziken|0 fnt
|-unboost|p2a: Blaziken|def|1
|-unboost|p2a: Blaziken|spd|1
|faint|p1a: Blaziken
|
|win|ripreckful
|n|☆WhiteFlares|whiteflares
|n|☆ripreckful|ripreckful
|n| Sww-Suwa|swwsuwa
|c|☆ripreckful|gg
|c|☆WhiteFlares|gg
|l|☆ripreckful
|l|☆WhiteFlares
