|raw|<div class="broadcast-blue"><strong>This battle is required to be public due to a player having a name starting with 'lt93oq'.</div>
|j|‽antarctozolt
|j|☆LT93OQ YS
|t:|1660648956
|gametype|singles
|player|p1|antarctozolt|skier|1942
|player|p2|LT93OQ YS|red-gen2|1765
|teamsize|p1|6
|teamsize|p2|6
|gen|8
|tier|[Gen 8] OU
|rated|
|rule|Sleep Clause Mod: Limit one foe put to sleep
|rule|Species Clause: Limit one of each Pokémon
|rule|OHKO Clause: OHKO moves are banned
|rule|Evasion Items Clause: Evasion items are banned
|rule|Evasion Moves Clause: Evasion moves are banned
|rule|Endless Battle Clause: Forcing endless battles is banned
|rule|HP Percentage Mod: HP is shown in percentages
|rule|Dynamax Clause: You cannot dynamax
|clearpoke
|poke|p1|Kartana|
|poke|p1|Toxtricity, M|
|poke|p1|Celesteela|
|poke|p1|Dragapult, M|
|poke|p1|Mew|
|poke|p1|Zeraora|
|poke|p2|Landorus-Therian, M|
|poke|p2|Tapu Lele|
|poke|p2|Zeraora|
|poke|p2|Ferrothorn, F|
|poke|p2|Victini|
|poke|p2|Tapu Fini|
|teampreview
|inactive|Battle timer is ON: inactive players will automatically lose when time's up. (requested by LT93OQ YS)
|j| Shunshun
|
|t:|1660648986
|start
|switch|p1a: Zeraora|Zeraora|100/100
|switch|p2a: Landorus|Landorus-Therian, M|100/100
|-ability|p2a: Landorus|Intimidate|boost
|-unboost|p1a: Zeraora|atk|1
|-enditem|p1a: Zeraora|Eject Pack
|
|t:|1660648988
|switch|p1a: Mew|Mew|100/100
|turn|1
|
|t:|1660648993
|move|p1a: Mew|Stealth Rock|p2a: Landorus
|-sidestart|p2: LT93OQ YS|move: Stealth Rock
|move|p2a: Landorus|Earthquake|p1a: Mew
|-damage|p1a: Mew|54/100
|
|upkeep
|turn|2
|l| Shunshun
|
|t:|1660648996
|move|p1a: Mew|Spikes|p2a: Landorus
|-sidestart|p2: LT93OQ YS|Spikes
|move|p2a: Landorus|Stealth Rock|p1a: Mew
|-sidestart|p1: antarctozolt|move: Stealth Rock
|
|upkeep
|turn|3
|
|t:|1660648999
|move|p1a: Mew|Spikes|p2a: Landorus
|-sidestart|p2: LT93OQ YS|Spikes
|move|p2a: Landorus|U-turn|p1a: Mew
|-supereffective|p1a: Mew
|-damage|p1a: Mew|10/100
|
|t:|1660649004
|switch|p2a: Zeraora|Zeraora|100/100|[from]move: U-turn
|
|upkeep
|turn|4
|j|+Mengy ㋛
|
|t:|1660649008
|move|p2a: Zeraora|Knock Off|p1a: Mew
|-supereffective|p1a: Mew
|-damage|p1a: Mew|0 fnt
|-enditem|p1a: Mew|Mental Herb|[from] move: Knock Off|[of] p2a: Zeraora
|faint|p1a: Mew
|
|upkeep
|j| LT93OQ Empo
|j| CanUrepeat
|j| Xydi
|j| ripreckful
|
|t:|1660649018
|switch|p1a: Toxtricity|Toxtricity, M|100/100
|-damage|p1a: Toxtricity|88/100|[from] Stealth Rock
|turn|5
|j|+kino
|j| EQ Enrique
|l| EQ Enrique
|j| Keblar
|j| pollopollopo
|j| Rilaboum sauvage
|
|t:|1660649034
|switch|p2a: Victini|Victini|100/100
|move|p1a: Toxtricity|Shift Gear|p1a: Toxtricity
|-boost|p1a: Toxtricity|spe|2
|-boost|p1a: Toxtricity|atk|1
|
|upkeep
|turn|6
|j| Paragus
|j| LT93OQ ffffff
|j| cypherstests
|inactive|LT93OQ YS has 120 seconds left.
|j| Profdesinnoh
|j| Mimikyu Stardust
|j| Bushido Black
|j| LT92PF Silk
|j| pls send team
|l| LT92PF Silk
|inactive|LT93OQ YS has 90 seconds left.
|
|t:|1660649096
|move|p1a: Toxtricity|Boomburst|p2a: Victini
|-damage|p2a: Victini|20/100
|-damage|p1a: Toxtricity|78/100|[from] item: Life Orb
|move|p2a: Victini|V-create|p1a: Toxtricity
|-damage|p1a: Toxtricity|0 fnt
|-unboost|p2a: Victini|spe|1
|-unboost|p2a: Victini|def|1
|-unboost|p2a: Victini|spd|1
|faint|p1a: Toxtricity
|
|upkeep
|
|t:|1660649099
|switch|p1a: Dragapult|Dragapult, M|100/100
|-damage|p1a: Dragapult|88/100|[from] Stealth Rock
|turn|7
|inactive|LT93OQ YS has 90 seconds left.
|
|t:|1660649114
|move|p1a: Dragapult|Shadow Ball|p2a: Victini
|-supereffective|p2a: Victini
|-damage|p2a: Victini|0 fnt
|faint|p2a: Victini
|
|upkeep
|inactive|LT93OQ YS has 90 seconds left.
|
|t:|1660649121
|switch|p2a: Zeraora|Zeraora|100/100
|turn|8
|
|t:|1660649124
|move|p2a: Zeraora|Knock Off|p1a: Dragapult
|-supereffective|p1a: Dragapult
|-damage|p1a: Dragapult|5/100
|-enditem|p1a: Dragapult|Choice Specs|[from] move: Knock Off|[of] p2a: Zeraora
|move|p1a: Dragapult|Shadow Ball|p2a: Zeraora
|-damage|p2a: Zeraora|55/100
|
|upkeep
|turn|9
|
|t:|1660649131
|move|p2a: Zeraora|Knock Off|p1a: Dragapult
|-supereffective|p1a: Dragapult
|-damage|p1a: Dragapult|0 fnt
|faint|p1a: Dragapult
|
|upkeep
|
|t:|1660649134
|switch|p1a: Zeraora|Zeraora|100/100
|-damage|p1a: Zeraora|88/100|[from] Stealth Rock
|turn|10
|
|t:|1660649143
|switch|p2a: Landorus|Landorus-Therian, M|100/100
|-damage|p2a: Landorus|88/100|[from] Stealth Rock
|-ability|p2a: Landorus|Intimidate|boost
|-unboost|p1a: Zeraora|atk|1
|move|p1a: Zeraora|Knock Off|p2a: Landorus
|-damage|p2a: Landorus|68/100
|-enditem|p2a: Landorus|Leftovers|[from] move: Knock Off|[of] p1a: Zeraora
|
|upkeep
|turn|11
|inactive|LT93OQ YS has 120 seconds left.
|
|t:|1660649155
|switch|p1a: Celesteela|Celesteela|100/100
|-damage|p1a: Celesteela|88/100|[from] Stealth Rock
|move|p2a: Landorus|Earthquake|p1a: Celesteela
|-immune|p1a: Celesteela
|
|upkeep
|turn|12
|
|t:|1660649160
|move|p1a: Celesteela|Heavy Slam|p2a: Landorus
|-damage|p2a: Landorus|8/100
|move|p2a: Landorus|U-turn|p1a: Celesteela
|-resisted|p1a: Celesteela
|-crit|p1a: Celesteela
|-damage|p1a: Celesteela|80/100
|inactive|LT93OQ YS has 120 seconds left.
|
|t:|1660649171
|switch|p2a: Tapu Fini|Tapu Fini|100/100|[from]move: U-turn
|-damage|p2a: Tapu Fini|88/100|[from] Stealth Rock
|-damage|p2a: Tapu Fini|72/100|[from] Spikes
|-fieldstart|move: Misty Terrain|[from] ability: Misty Surge|[of] p2a: Tapu Fini
|
|-heal|p2a: Tapu Fini|78/100|[from] item: Leftovers
|upkeep
|turn|13
|
|t:|1660649178
|switch|p1a: Zeraora|Zeraora|88/100
|-damage|p1a: Zeraora|76/100|[from] Stealth Rock
|move|p2a: Tapu Fini|Scald|p1a: Zeraora
|-damage|p1a: Zeraora|42/100
|
|-heal|p2a: Tapu Fini|84/100|[from] item: Leftovers
|upkeep
|turn|14
|
|t:|1660649191
|switch|p2a: Landorus|Landorus-Therian, M|8/100
|-damage|p2a: Landorus|0 fnt|[from] Stealth Rock
|faint|p2a: Landorus
|move|p1a: Zeraora|Plasma Fists|p2: Landorus|[notarget]
|-fail|p1a: Zeraora
|
|upkeep
|inactive|LT93OQ YS has 120 seconds left.
|
|t:|1660649202
|switch|p2a: Zeraora|Zeraora|55/100
|turn|15
|
|t:|1660649205
|move|p2a: Zeraora|Close Combat|p1a: Zeraora
|-damage|p1a: Zeraora|0 fnt
|-unboost|p2a: Zeraora|def|1
|-unboost|p2a: Zeraora|spd|1
|faint|p1a: Zeraora
|
|upkeep
|
|t:|1660649207
|switch|p1a: Kartana|Kartana|100/100
|-damage|p1a: Kartana|94/100|[from] Stealth Rock
|turn|16
|
|t:|1660649221
|switch|p2a: Tapu Fini|Tapu Fini|84/100
|-damage|p2a: Tapu Fini|72/100|[from] Stealth Rock
|-damage|p2a: Tapu Fini|55/100|[from] Spikes
|move|p1a: Kartana|Knock Off|p2a: Tapu Fini
|-resisted|p2a: Tapu Fini
|-damage|p2a: Tapu Fini|37/100
|-enditem|p2a: Tapu Fini|Leftovers|[from] move: Knock Off|[of] p1a: Kartana
|
|-fieldend|Misty Terrain
|upkeep
|turn|17
|l| Xydi
|
|t:|1660649227
|switch|p1a: Celesteela|Celesteela|80/100
|-damage|p1a: Celesteela|67/100|[from] Stealth Rock
|move|p2a: Tapu Fini|Defog|p1a: Celesteela
|-unboost|p1a: Celesteela|evasion|1
|-sideend|p1: antarctozolt|Stealth Rock|[from] move: Defog|[of] p2a: Tapu Fini
|-sideend|p2: LT93OQ YS|Spikes|[from] move: Defog|[of] p2a: Tapu Fini
|-sideend|p2: LT93OQ YS|Stealth Rock|[from] move: Defog|[of] p2a: Tapu Fini
|
|upkeep
|turn|18
|
|t:|1660649230
|move|p2a: Tapu Fini|Scald|p1a: Celesteela
|-damage|p1a: Celesteela|41/100
|move|p1a: Celesteela|Heavy Slam|p2a: Tapu Fini
|-damage|p2a: Tapu Fini|0 fnt
|faint|p2a: Tapu Fini
|-ability|p1a: Celesteela|Beast Boost|boost
|-boost|p1a: Celesteela|atk|1
|
|upkeep
|
|t:|1660649242
|switch|p2a: Zeraora|Zeraora|55/100
|turn|19
|inactive|LT93OQ YS has 120 seconds left.
|j| RK9-kun
|
|t:|1660649289
|switch|p1a: Kartana|Kartana|94/100
|move|p2a: Zeraora|Plasma Fists|p1a: Kartana
|-resisted|p1a: Kartana
|-damage|p1a: Kartana|69/100
|-fieldactivate|move: Ion Deluge
|-hint|Normal-type moves become Electric-type after using Plasma Fists.
|
|upkeep
|turn|20
|l| RK9-kun
|l| Rilaboum sauvage
|
|t:|1660649309
|switch|p2a: Ferrothorn|Ferrothorn, F|100/100
|move|p1a: Kartana|Sacred Sword|p2a: Ferrothorn
|-supereffective|p2a: Ferrothorn
|-crit|p2a: Ferrothorn
|-damage|p2a: Ferrothorn|27/100
|-damage|p1a: Kartana|57/100|[from] ability: Iron Barbs|[of] p2a: Ferrothorn
|
|-heal|p2a: Ferrothorn|33/100|[from] item: Leftovers
|upkeep
|turn|21
|
|t:|1660649327
|move|p1a: Kartana|Sacred Sword|p2a: Ferrothorn
|-supereffective|p2a: Ferrothorn
|-damage|p2a: Ferrothorn|0 fnt
|-damage|p1a: Kartana|45/100|[from] ability: Iron Barbs|[of] p2a: Ferrothorn
|faint|p2a: Ferrothorn
|-ability|p1a: Kartana|Beast Boost|boost
|-boost|p1a: Kartana|atk|1
|
|upkeep
|
|t:|1660649329
|switch|p2a: Tapu Lele|Tapu Lele|100/100
|-fieldstart|move: Psychic Terrain|[from] ability: Psychic Surge|[of] p2a: Tapu Lele
|turn|22
|l| Paragus
|
|t:|1660649339
|switch|p1a: Celesteela|Celesteela|41/100
|move|p2a: Tapu Lele|Psychic|p1a: Celesteela
|-resisted|p1a: Celesteela
|-damage|p1a: Celesteela|0 fnt
|faint|p1a: Celesteela
|
|upkeep
|
|t:|1660649340
|switch|p1a: Kartana|Kartana|45/100
|turn|23
|j| Rilaboum sauvage
|
|t:|1660649361
|move|p1a: Kartana|Leaf Blade|p2a: Tapu Lele
|-crit|p2a: Tapu Lele
|-damage|p2a: Tapu Lele|0 fnt
|faint|p2a: Tapu Lele
|-ability|p1a: Kartana|Beast Boost|boost
|-boost|p1a: Kartana|atk|1
|
|upkeep
|inactive|LT93OQ YS has 120 seconds left.
|l| Profdesinnoh
|j| dracomags
|-message|LT93OQ YS forfeited.
|
|win|antarctozolt
|raw|antarctozolt's rating: 1942 &rarr; <strong>1953</strong><br />(+11 for winning)
|raw|LT93OQ YS's rating: 1765 &rarr; <strong>1754</strong><br />(-11 for losing)
|l|☆LT93OQ YS
