|j|☆Pinkacross
|j|☆big boss 447
|player|p1|Pinkacross|16|1858
|player|p2|big boss 447|169|1849
|teamsize|p1|6
|teamsize|p2|6
|gametype|singles
|gen|8
|tier|[Gen 8] OU
|rated|
|clearpoke
|poke|p1|Salazzle, F|
|poke|p1|Toxapex, M|
|poke|p1|Hatterene, F|
|poke|p1|Corviknight, M|
|poke|p1|Hydreigon, M|
|poke|p1|Clefable, M|
|poke|p2|Snorlax, M|
|poke|p2|Hippowdon, M|
|poke|p2|Excadrill, M|
|poke|p2|Diggersby, M|
|poke|p2|Zeraora|
|poke|p2|Clefable, F|
|rule|Sleep Clause Mod: Limit one foe put to sleep
|rule|Species Clause: Limit one of each Pokémon
|rule|OHKO Clause: OHKO moves are banned
|rule|Evasion Moves Clause: Evasion moves are banned
|rule|Endless Battle Clause: Forcing endless battles is banned
|rule|HP Percentage Mod: HP is shown in percentages
|rule|Dynamax Clause: You cannot dynamax
|teampreview
|
|start
|switch|p1a: Toxapex|Toxapex, M|100/100
|switch|p2a: Diggersby|Diggersby, M|100/100
|turn|1
|
|move|p1a: Toxapex|Baneful Bunker|p1a: Toxapex
|-singleturn|p1a: Toxapex|move: Protect
|move|p2a: Diggersby|Swords Dance|p2a: Diggersby
|-boost|p2a: Diggersby|atk|2
|
|upkeep
|turn|2
|
|move|p1a: Toxapex|Baneful Bunker||[still]
|-fail|p1a: Toxapex
|move|p2a: Diggersby|Wild Charge|p1a: Toxapex
|-supereffective|p1a: Toxapex
|-damage|p1a: Toxapex|0 fnt
|-damage|p2a: Diggersby|76/100|[from] Recoil
|-damage|p2a: Diggersby|66/100|[from] item: Life Orb
|faint|p1a: Toxapex
|
|upkeep
|
|switch|p1a: Hydreigon|Hydreigon, M|100/100
|turn|3
|
|switch|p2a: Clefable|Clefable, F|100/100
|move|p1a: Hydreigon|Dark Pulse|p2a: Clefable
|-resisted|p2a: Clefable
|-damage|p2a: Clefable|76/100
|
|upkeep
|turn|4
|
|switch|p1a: Salazzle|Salazzle, F|100/100
|move|p2a: Clefable|Calm Mind|p2a: Clefable
|-boost|p2a: Clefable|spa|1
|-boost|p2a: Clefable|spd|1
|
|upkeep
|turn|5
|
|move|p1a: Salazzle|Toxic|p2a: Clefable
|-status|p2a: Clefable|tox
|move|p2a: Clefable|Psychic|p1a: Salazzle
|-supereffective|p1a: Salazzle
|-damage|p1a: Salazzle|0 fnt
|faint|p1a: Salazzle
|
|upkeep
|j| Lightchanseyy
|-message|Pinkacross forfeited.
|
|win|big boss 447
|l|☆Pinkacross
|raw|Pinkacross's rating: 1874 &rarr; <strong>1854</strong><br />(-20 for losing)
|raw|big boss 447's rating: 1867 &rarr; <strong>1887</strong><br />(+20 for winning)
