|j|☆Alkagen101
|j|☆Shootingwolf
|t:|1596298777
|player|p1|Alkagen101|lucas-gen4pt|1919
|player|p2|Shootingwolf|erika|1692
|teamsize|p1|6
|teamsize|p2|6
|gametype|singles
|gen|8
|tier|[Gen 8] OU
|rated|
|html|<div class="broadcast-blue"><strong>OU is currently suspecting Magearna! For information on how to participate check out the <a href="https://www.smogon.com/forums/threads/3667669/">suspect thread</a>.</strong></div>
|clearpoke
|poke|p1|Kingdra, M|
|poke|p1|Crawdaunt, F|
|poke|p1|Barraskewda, M|
|poke|p1|Ferrothorn, M|
|poke|p1|Pelipper, M|
|poke|p1|Magearna-Original|
|poke|p2|Cinderace, M|
|poke|p2|Mandibuzz, F|
|poke|p2|Hippowdon, F|
|poke|p2|Toxapex, M|
|poke|p2|Urshifu-*, M|
|poke|p2|Kyurem|
|rule|Sleep Clause Mod: Limit one foe put to sleep
|rule|Species Clause: Limit one of each Pokémon
|rule|OHKO Clause: OHKO moves are banned
|rule|Evasion Moves Clause: Evasion moves are banned
|rule|Endless Battle Clause: Forcing endless battles is banned
|rule|HP Percentage Mod: HP is shown in percentages
|rule|Dynamax Clause: You cannot dynamax
|teampreview
|j| Timerbean
|j| sraer
|
|t:|1596298797
|start
|switch|p1a: Pelipper|Pelipper, M|100/100
|switch|p2a: Kyurem|Kyurem|100/100
|-ability|p2a: Kyurem|Pressure
|-weather|RainDance|[from] ability: Drizzle|[of] p1a: Pelipper
|turn|1
|
|t:|1596298805
|switch|p1a: Magearna|Magearna-Original|100/100
|move|p2a: Kyurem|Icicle Spear|p1a: Magearna
|-resisted|p1a: Magearna
|-damage|p1a: Magearna|95/100
|-resisted|p1a: Magearna
|-damage|p1a: Magearna|89/100
|-resisted|p1a: Magearna
|-damage|p1a: Magearna|84/100
|-resisted|p1a: Magearna
|-damage|p1a: Magearna|78/100
|-hitcount|p1a: Magearna|4
|
|-weather|RainDance|[upkeep]
|upkeep
|turn|2
|
|t:|1596298817
|switch|p2a: Toxapex|Toxapex, M|100/100
|move|p1a: Magearna|Iron Head|p2a: Toxapex
|-resisted|p2a: Toxapex
|-damage|p2a: Toxapex|93/100
|-damage|p1a: Magearna|61/100|[from] item: Rocky Helmet|[of] p2a: Toxapex
|
|-weather|RainDance|[upkeep]
|upkeep
|turn|3
|j| J0nty
|
|t:|1596298825
|switch|p1a: Ferrothorn|Ferrothorn, M|100/100
|move|p2a: Toxapex|Knock Off|p1a: Ferrothorn
|-damage|p1a: Ferrothorn|93/100
|-damage|p2a: Toxapex|80/100|[from] ability: Iron Barbs|[of] p1a: Ferrothorn
|-enditem|p1a: Ferrothorn|Chople Berry|[from] move: Knock Off|[of] p2a: Toxapex
|
|-weather|RainDance|[upkeep]
|upkeep
|turn|4
|
|t:|1596298830
|switch|p2a: Urshifu|Urshifu, M|100/100
|move|p1a: Ferrothorn|Stealth Rock|p2a: Urshifu
|-sidestart|p2: Shootingwolf|move: Stealth Rock
|
|-weather|RainDance|[upkeep]
|upkeep
|turn|5
|
|t:|1596298852
|switch|p1a: Pelipper|Pelipper, M|100/100
|move|p2a: Urshifu|Close Combat|p1a: Pelipper
|-resisted|p1a: Pelipper
|-crit|p1a: Pelipper
|-damage|p1a: Pelipper|48/100
|-unboost|p2a: Urshifu|def|1
|-unboost|p2a: Urshifu|spd|1
|
|-weather|RainDance|[upkeep]
|upkeep
|turn|6
|
|t:|1596298864
|switch|p2a: Hippowdon|Hippowdon, F|100/100
|-damage|p2a: Hippowdon|94/100|[from] Stealth Rock
|-weather|Sandstorm|[from] ability: Sand Stream|[of] p2a: Hippowdon
|move|p1a: Pelipper|Roost|p1a: Pelipper
|-heal|p1a: Pelipper|99/100
|-singleturn|p1a: Pelipper|move: Roost
|
|-weather|Sandstorm|[upkeep]
|-damage|p1a: Pelipper|92/100|[from] Sandstorm
|upkeep
|turn|7
|
|t:|1596298874
|move|p1a: Pelipper|Scald|p2a: Hippowdon
|-supereffective|p2a: Hippowdon
|-damage|p2a: Hippowdon|37/100
|-status|p2a: Hippowdon|brn
|move|p2a: Hippowdon|Stealth Rock|p1a: Pelipper
|-sidestart|p1: Alkagen101|move: Stealth Rock
|
|-weather|Sandstorm|[upkeep]
|-damage|p1a: Pelipper|86/100|[from] Sandstorm
|-damage|p2a: Hippowdon|31/100 brn|[from] brn
|upkeep
|turn|8
|
|t:|1596298890
|switch|p2a: Mandibuzz|Mandibuzz, F|100/100
|move|p1a: Pelipper|Defog|p2a: Mandibuzz
|-unboost|p2a: Mandibuzz|evasion|1
|-sideend|p2: Shootingwolf|Stealth Rock|[from] move: Defog|[of] p1a: Pelipper
|-sideend|p1: Alkagen101|Stealth Rock|[from] move: Defog|[of] p1a: Pelipper
|
|-weather|Sandstorm|[upkeep]
|-damage|p1a: Pelipper|80/100|[from] Sandstorm
|upkeep
|turn|9
|l| Timerbean
|j| uberpretentious
|
|t:|1596298893
|move|p2a: Mandibuzz|U-turn|p1a: Pelipper
|-resisted|p1a: Pelipper
|-damage|p1a: Pelipper|76/100
|
|t:|1596298897
|switch|p2a: Toxapex|Toxapex, M|100/100|[from]move: U-turn
|move|p1a: Pelipper|U-turn|p2a: Toxapex
|-resisted|p2a: Toxapex
|-damage|p2a: Toxapex|98/100
|-damage|p1a: Pelipper|59/100|[from] item: Rocky Helmet|[of] p2a: Toxapex
|
|t:|1596298899
|switch|p1a: Crawdaunt|Crawdaunt, F, shiny|100/100|[from]move: U-turn
|
|-weather|Sandstorm|[upkeep]
|-damage|p1a: Crawdaunt|95/100|[from] Sandstorm
|-damage|p2a: Toxapex|92/100|[from] Sandstorm
|upkeep
|turn|10
|
|t:|1596298908
|switch|p1a: Pelipper|Pelipper, M|59/100
|-weather|RainDance|[from] ability: Drizzle|[of] p1a: Pelipper
|move|p2a: Toxapex|Toxic|p1a: Pelipper
|-status|p1a: Pelipper|tox
|
|-weather|RainDance|[upkeep]
|-damage|p1a: Pelipper|53/100 tox|[from] psn
|upkeep
|turn|11
|
|t:|1596298916
|switch|p1a: Ferrothorn|Ferrothorn, M|93/100
|move|p2a: Toxapex|Knock Off|p1a: Ferrothorn
|-damage|p1a: Ferrothorn|87/100
|-damage|p2a: Toxapex|79/100|[from] ability: Iron Barbs|[of] p1a: Ferrothorn
|
|-weather|RainDance|[upkeep]
|upkeep
|turn|12
|
|t:|1596298921
|switch|p2a: Urshifu|Urshifu, M|100/100
|move|p1a: Ferrothorn|Stealth Rock|p2a: Urshifu
|-sidestart|p2: Shootingwolf|move: Stealth Rock
|
|-weather|RainDance|[upkeep]
|upkeep
|turn|13
|
|t:|1596298928
|move|p2a: Urshifu|Close Combat|p1a: Ferrothorn
|-supereffective|p1a: Ferrothorn
|-damage|p1a: Ferrothorn|0 fnt
|-unboost|p2a: Urshifu|def|1
|-unboost|p2a: Urshifu|spd|1
|-damage|p2a: Urshifu|88/100|[from] ability: Iron Barbs|[of] p1a: Ferrothorn
|faint|p1a: Ferrothorn
|
|-weather|RainDance|[upkeep]
|upkeep
|
|t:|1596298946
|switch|p1a: Kingdra|Kingdra, M, shiny|100/100
|turn|14
|
|t:|1596298952
|switch|p2a: Kyurem|Kyurem|100/100
|-ability|p2a: Kyurem|Pressure
|move|p1a: Kingdra|Hydro Pump|p2a: Kyurem
|-resisted|p2a: Kyurem
|-damage|p2a: Kyurem|55/100
|
|-weather|RainDance|[upkeep]
|upkeep
|turn|15
|
|t:|1596298963
|move|p1a: Kingdra|Hydro Pump|p2a: Kyurem|[miss]
|-miss|p1a: Kingdra|p2a: Kyurem
|move|p2a: Kyurem|Roost|p2a: Kyurem
|-heal|p2a: Kyurem|100/100
|-singleturn|p2a: Kyurem|move: Roost
|
|-weather|RainDance|[upkeep]
|upkeep
|turn|16
|
|t:|1596298971
|switch|p1a: Magearna|Magearna-Original|61/100
|move|p2a: Kyurem|Substitute|p2a: Kyurem
|-start|p2a: Kyurem|Substitute
|-damage|p2a: Kyurem|76/100
|
|-weather|RainDance|[upkeep]
|upkeep
|turn|17
|
|t:|1596298974
|move|p2a: Kyurem|Dragon Dance|p2a: Kyurem
|-boost|p2a: Kyurem|atk|1
|-boost|p2a: Kyurem|spe|1
|move|p1a: Magearna|Iron Head|p2a: Kyurem
|-supereffective|p2a: Kyurem
|-end|p2a: Kyurem|Substitute
|
|-weather|none
|upkeep
|turn|18
|
|t:|1596298979
|move|p2a: Kyurem|Icicle Spear|p1a: Magearna
|-resisted|p1a: Magearna
|-damage|p1a: Magearna|53/100
|-resisted|p1a: Magearna
|-damage|p1a: Magearna|45/100
|-resisted|p1a: Magearna
|-damage|p1a: Magearna|36/100
|-hitcount|p1a: Magearna|3
|move|p1a: Magearna|Iron Head|p2a: Kyurem
|-supereffective|p2a: Kyurem
|-damage|p2a: Kyurem|30/100
|
|upkeep
|turn|19
|
|t:|1596298988
|move|p2a: Kyurem|Roost|p2a: Kyurem
|-heal|p2a: Kyurem|80/100
|-singleturn|p2a: Kyurem|move: Roost
|move|p1a: Magearna|Fleur Cannon|p2a: Kyurem
|-supereffective|p2a: Kyurem
|-damage|p2a: Kyurem|0 fnt
|-unboost|p1a: Magearna|spa|2
|faint|p2a: Kyurem
|-ability|p1a: Magearna|Soul-Heart|boost
|-boost|p1a: Magearna|spa|1
|
|upkeep
|
|t:|1596298997
|switch|p2a: Cinderace|Cinderace, M|100/100
|turn|20
|
|t:|1596299005
|switch|p1a: Pelipper|Pelipper, M|53/100 tox
|-weather|RainDance|[from] ability: Drizzle|[of] p1a: Pelipper
|move|p2a: Cinderace|Bulk Up|p2a: Cinderace
|-start|p2a: Cinderace|typechange|Fighting|[from] ability: Libero
|-boost|p2a: Cinderace|atk|1
|-boost|p2a: Cinderace|def|1
|
|-weather|RainDance|[upkeep]
|-damage|p1a: Pelipper|47/100 tox|[from] psn
|upkeep
|turn|21
|
|t:|1596299020
|switch|p1a: Crawdaunt|Crawdaunt, F, shiny|95/100
|move|p2a: Cinderace|Zen Headbutt|p1a: Crawdaunt
|-start|p2a: Cinderace|typechange|Psychic|[from] ability: Libero
|-immune|p1a: Crawdaunt
|
|-weather|RainDance|[upkeep]
|upkeep
|turn|22
|
|t:|1596299025
|switch|p1a: Magearna|Magearna-Original|36/100
|move|p2a: Cinderace|U-turn|p1a: Magearna
|-start|p2a: Cinderace|typechange|Bug|[from] ability: Libero
|-resisted|p1a: Magearna
|-damage|p1a: Magearna|25/100
|
|t:|1596299029
|switch|p2a: Urshifu|Urshifu, M|88/100|[from]move: U-turn
|-damage|p2a: Urshifu|82/100|[from] Stealth Rock
|
|-weather|RainDance|[upkeep]
|upkeep
|turn|23
|
|t:|1596299034
|move|p2a: Urshifu|Close Combat|p1a: Magearna
|-damage|p1a: Magearna|0 fnt
|-unboost|p2a: Urshifu|def|1
|-unboost|p2a: Urshifu|spd|1
|faint|p1a: Magearna
|
|-weather|RainDance|[upkeep]
|upkeep
|
|t:|1596299040
|switch|p1a: Kingdra|Kingdra, M, shiny|100/100
|turn|24
|
|t:|1596299043
|switch|p2a: Toxapex|Toxapex, M|100/100
|-damage|p2a: Toxapex|88/100|[from] Stealth Rock
|move|p1a: Kingdra|Hydro Pump|p2a: Toxapex
|-resisted|p2a: Toxapex
|-damage|p2a: Toxapex|40/100
|
|-weather|RainDance|[upkeep]
|upkeep
|turn|25
|
|t:|1596299049
|switch|p2a: Mandibuzz|Mandibuzz, F|100/100
|move|p1a: Kingdra|Hydro Pump|p2a: Mandibuzz
|-damage|p2a: Mandibuzz|10/100
|
|-weather|RainDance|[upkeep]
|upkeep
|turn|26
|
|t:|1596299053
|move|p1a: Kingdra|Hydro Pump|p2a: Mandibuzz
|-damage|p2a: Mandibuzz|0 fnt
|faint|p2a: Mandibuzz
|
|-weather|RainDance|[upkeep]
|upkeep
|
|t:|1596299061
|switch|p2a: Hippowdon|Hippowdon, F|31/100 brn
|-damage|p2a: Hippowdon|25/100 brn|[from] Stealth Rock
|-weather|Sandstorm|[from] ability: Sand Stream|[of] p2a: Hippowdon
|turn|27
|
|t:|1596299064
|switch|p2a: Toxapex|Toxapex, M|73/100
|-damage|p2a: Toxapex|60/100|[from] Stealth Rock
|move|p1a: Kingdra|Hydro Pump|p2a: Toxapex
|-resisted|p2a: Toxapex
|-damage|p2a: Toxapex|30/100
|
|-weather|Sandstorm|[upkeep]
|-damage|p1a: Kingdra|94/100|[from] Sandstorm
|-damage|p2a: Toxapex|24/100|[from] Sandstorm
|upkeep
|turn|28
|
|t:|1596299069
|switch|p1a: Crawdaunt|Crawdaunt, F, shiny|95/100
|move|p2a: Toxapex|Recover|p2a: Toxapex
|-heal|p2a: Toxapex|74/100
|
|-weather|Sandstorm|[upkeep]
|-damage|p1a: Crawdaunt|89/100|[from] Sandstorm
|-damage|p2a: Toxapex|67/100|[from] Sandstorm
|upkeep
|turn|29
|
|t:|1596299077
|move|p1a: Crawdaunt|Swords Dance|p1a: Crawdaunt
|-boost|p1a: Crawdaunt|atk|2
|move|p2a: Toxapex|Recover|p2a: Toxapex
|-heal|p2a: Toxapex|100/100
|
|-weather|Sandstorm|[upkeep]
|-damage|p1a: Crawdaunt|83/100|[from] Sandstorm
|-damage|p2a: Toxapex|94/100|[from] Sandstorm
|upkeep
|turn|30
|
|t:|1596299084
|move|p1a: Crawdaunt|Knock Off|p2a: Toxapex
|-damage|p2a: Toxapex|0 fnt
|-damage|p1a: Crawdaunt|66/100|[from] item: Rocky Helmet|[of] p2a: Toxapex
|-enditem|p2a: Toxapex|Rocky Helmet|[from] move: Knock Off|[of] p1a: Crawdaunt
|-damage|p1a: Crawdaunt|56/100|[from] item: Life Orb
|faint|p2a: Toxapex
|
|-weather|Sandstorm|[upkeep]
|-damage|p1a: Crawdaunt|50/100|[from] Sandstorm
|upkeep
|
|t:|1596299102
|switch|p2a: Urshifu|Urshifu, M|82/100
|-damage|p2a: Urshifu|76/100|[from] Stealth Rock
|turn|31
|
|t:|1596299113
|switch|p1a: Pelipper|Pelipper, M|47/100 tox
|-weather|RainDance|[from] ability: Drizzle|[of] p1a: Pelipper
|move|p2a: Urshifu|Wicked Blow|p1a: Pelipper
|-crit|p1a: Pelipper
|-damage|p1a: Pelipper|0 fnt
|faint|p1a: Pelipper
|
|-weather|RainDance|[upkeep]
|upkeep
|
|t:|1596299116
|switch|p1a: Kingdra|Kingdra, M, shiny|94/100
|turn|32
|
|t:|1596299119
|switch|p2a: Hippowdon|Hippowdon, F|25/100 brn
|-damage|p2a: Hippowdon|18/100 brn|[from] Stealth Rock
|-weather|Sandstorm|[from] ability: Sand Stream|[of] p2a: Hippowdon
|move|p1a: Kingdra|Surf|p2a: Hippowdon
|-supereffective|p2a: Hippowdon
|-damage|p2a: Hippowdon|0 fnt
|faint|p2a: Hippowdon
|
|-weather|Sandstorm|[upkeep]
|-damage|p1a: Kingdra|88/100|[from] Sandstorm
|upkeep
|
|t:|1596299126
|switch|p2a: Cinderace|Cinderace, M|100/100
|turn|33
|
|t:|1596299134
|move|p2a: Cinderace|Bulk Up|p2a: Cinderace
|-start|p2a: Cinderace|typechange|Fighting|[from] ability: Libero
|-boost|p2a: Cinderace|atk|1
|-boost|p2a: Cinderace|def|1
|move|p1a: Kingdra|Surf|p2a: Cinderace
|-damage|p2a: Cinderace|11/100
|
|-weather|Sandstorm|[upkeep]
|-damage|p2a: Cinderace|5/100|[from] Sandstorm
|-damage|p1a: Kingdra|82/100|[from] Sandstorm
|upkeep
|turn|34
|
|t:|1596299136
|move|p2a: Cinderace|Zen Headbutt|p1a: Kingdra|[miss]
|-start|p2a: Cinderace|typechange|Psychic|[from] ability: Libero
|-miss|p2a: Cinderace|p1a: Kingdra
|move|p1a: Kingdra|Surf|p2a: Cinderace
|-damage|p2a: Cinderace|0 fnt
|faint|p2a: Cinderace
|
|-weather|Sandstorm|[upkeep]
|-damage|p1a: Kingdra|76/100|[from] Sandstorm
|upkeep
|
|t:|1596299139
|switch|p2a: Urshifu|Urshifu, M|76/100
|-damage|p2a: Urshifu|70/100|[from] Stealth Rock
|turn|35
|
|t:|1596299147
|move|p2a: Urshifu|Wicked Blow|p1a: Kingdra
|-crit|p1a: Kingdra
|-damage|p1a: Kingdra|0 fnt
|faint|p1a: Kingdra
|
|-weather|Sandstorm|[upkeep]
|-damage|p2a: Urshifu|64/100|[from] Sandstorm
|upkeep
|
|t:|1596299150
|switch|p1a: Barraskewda|Barraskewda, M|100/100
|turn|36
|
|t:|1596299152
|move|p1a: Barraskewda|Close Combat|p2a: Urshifu
|-supereffective|p2a: Urshifu
|-damage|p2a: Urshifu|0 fnt
|-unboost|p1a: Barraskewda|def|1
|-unboost|p1a: Barraskewda|spd|1
|-damage|p1a: Barraskewda|91/100|[from] item: Life Orb
|faint|p2a: Urshifu
|
|win|Alkagen101
|l|☆Shootingwolf
|raw|Alkagen101's rating: 1935 &rarr; <strong>1943</strong><br />(+8 for winning)
|raw|Shootingwolf's rating: 1692 &rarr; <strong>1684</strong><br />(-8 for losing)
