|j|☆u lost to bad team
|j|☆stopthreat
|t:|1667786961
|gametype|singles
|player|p1|u lost to bad team|sisandbro|1610
|player|p2|stopthreat|chili|1712
|teamsize|p1|6
|teamsize|p2|6
|gen|8
|tier|[Gen 8] OU
|rated|
|rule|Sleep Clause Mod: Limit one foe put to sleep
|rule|Species Clause: Limit one of each Pokémon
|rule|OHKO Clause: OHKO moves are banned
|rule|Evasion Items Clause: Evasion items are banned
|rule|Evasion Moves Clause: Evasion moves are banned
|rule|Endless Battle Clause: Forcing endless battles is banned
|rule|HP Percentage Mod: HP is shown in percentages
|rule|Dynamax Clause: You cannot dynamax
|clearpoke
|poke|p1|Mew|
|poke|p1|Zeraora|
|poke|p1|Celesteela|
|poke|p1|Dragapult, F|
|poke|p1|Weavile, F|
|poke|p1|Nihilego|
|poke|p2|Volcarona, M|
|poke|p2|Clefable, F|
|poke|p2|Regieleki|
|poke|p2|Melmetal|
|poke|p2|Landorus-Therian, M|
|poke|p2|Ferrothorn, F|
|teampreview
|inactive|Battle timer is ON: inactive players will automatically lose when time's up. (requested by u lost to bad team)
|
|t:|1667786965
|start
|switch|p1a: Mew|Mew|100/100
|switch|p2a: Melmetal|Melmetal|100/100
|turn|1
|
|t:|1667786969
|move|p1a: Mew|Thunder Wave|p2a: Melmetal
|-status|p2a: Melmetal|par
|move|p2a: Melmetal|Double Iron Bash|p1a: Mew
|-damage|p1a: Mew|45/100
|-damage|p1a: Mew|0 fnt
|faint|p1a: Mew
|-hitcount|p1: Mew|2
|
|upkeep
|
|t:|1667786972
|switch|p1a: Celesteela|Celesteela, shiny|100/100
|turn|2
|
|t:|1667786975
|switch|p2a: Regieleki|Regieleki|100/100
|move|p1a: Celesteela|Autotomize|p1a: Celesteela
|-boost|p1a: Celesteela|spe|2
|-start|p1a: Celesteela|Autotomize
|
|upkeep
|turn|3
|
|t:|1667786979
|switch|p1a: Zeraora|Zeraora|100/100
|move|p2a: Regieleki|Thunderbolt|p1a: Zeraora
|-immune|p1a: Zeraora|[from] ability: Volt Absorb
|
|upkeep
|turn|4
|
|t:|1667786981
|switch|p2a: Landorus|Landorus-Therian, M|100/100
|-ability|p2a: Landorus|Intimidate|boost
|-unboost|p1a: Zeraora|atk|1
|switch|p1a: Celesteela|Celesteela, shiny|100/100
|
|upkeep
|turn|5
|
|t:|1667786986
|move|p1a: Celesteela|Meteor Beam||[still]
|-prepare|p1a: Celesteela|Meteor Beam
|-boost|p1a: Celesteela|spa|1
|-enditem|p1a: Celesteela|Power Herb
|-anim|p1a: Celesteela|Meteor Beam|p2a: Landorus
|-damage|p2a: Landorus|57/100
|move|p2a: Landorus|U-turn|p1a: Celesteela
|-resisted|p1a: Celesteela
|-damage|p1a: Celesteela|95/100
|
|t:|1667786997
|switch|p2a: Regieleki|Regieleki|100/100|[from]move: U-turn
|
|upkeep
|turn|6
|
|t:|1667787002
|switch|p1a: Zeraora|Zeraora|100/100
|move|p2a: Regieleki|Ancient Power|p1a: Zeraora
|-damage|p1a: Zeraora|64/100
|
|upkeep
|turn|7
|
|t:|1667787007
|switch|p1a: Celesteela|Celesteela, shiny|95/100
|move|p2a: Regieleki|Ancient Power|p1a: Celesteela
|-damage|p1a: Celesteela|69/100
|
|upkeep
|turn|8
|
|t:|1667787014
|switch|p2a: Landorus|Landorus-Therian, M|57/100
|-ability|p2a: Landorus|Intimidate|boost
|-unboost|p1a: Celesteela|atk|1
|move|p1a: Celesteela|Flamethrower|p2a: Landorus
|-damage|p2a: Landorus|33/100
|
|-heal|p2a: Landorus|39/100|[from] item: Leftovers
|upkeep
|turn|9
|
|t:|1667787020
|move|p1a: Celesteela|Flamethrower|p2a: Landorus
|-damage|p2a: Landorus|16/100
|move|p2a: Landorus|U-turn|p1a: Celesteela
|-resisted|p1a: Celesteela
|-damage|p1a: Celesteela|63/100
|
|t:|1667787031
|switch|p2a: Clefable|Clefable, F|100/100|[from]move: U-turn
|
|upkeep
|turn|10
|
|t:|1667787034
|switch|p1a: Nihilego|Nihilego|100/100
|move|p2a: Clefable|Thunder|p1a: Nihilego
|-damage|p1a: Nihilego|65/100
|
|upkeep
|turn|11
|
|t:|1667787038
|switch|p2a: Ferrothorn|Ferrothorn, F|100/100
|move|p1a: Nihilego|Toxic Spikes|p2a: Ferrothorn
|-sidestart|p2: stopthreat|move: Toxic Spikes
|
|upkeep
|turn|12
|
|t:|1667787043
|switch|p1a: Celesteela|Celesteela, shiny|63/100
|move|p2a: Ferrothorn|Leech Seed|p1a: Celesteela
|-start|p1a: Celesteela|move: Leech Seed
|
|-damage|p1a: Celesteela|51/100|[from] Leech Seed|[of] p2a: Ferrothorn
|upkeep
|turn|13
|
|t:|1667787057
|switch|p1a: Nihilego|Nihilego|65/100
|switch|p2a: Clefable|Clefable, F|100/100
|-status|p2a: Clefable|psn
|
|upkeep
|turn|14
|
|t:|1667787062
|switch|p1a: Celesteela|Celesteela, shiny|51/100
|switch|p2a: Ferrothorn|Ferrothorn, F|100/100
|
|upkeep
|turn|15
|
|t:|1667787070
|switch|p2a: Landorus|Landorus-Therian, M|16/100
|-ability|p2a: Landorus|Intimidate|boost
|-unboost|p1a: Celesteela|atk|1
|move|p1a: Celesteela|Flamethrower|p2a: Landorus
|-damage|p2a: Landorus|0 fnt
|faint|p2a: Landorus
|-ability|p1a: Celesteela|Beast Boost|boost
|-boost|p1a: Celesteela|spa|1
|
|upkeep
|
|t:|1667787075
|switch|p2a: Volcarona|Volcarona, M|100/100
|turn|16
|
|t:|1667787078
|switch|p1a: Nihilego|Nihilego|65/100
|move|p2a: Volcarona|Quiver Dance|p2a: Volcarona
|-boost|p2a: Volcarona|spa|1
|-boost|p2a: Volcarona|spd|1
|-boost|p2a: Volcarona|spe|1
|
|upkeep
|turn|17
|
|t:|1667787081
|move|p2a: Volcarona|Psychic|p1a: Nihilego
|-supereffective|p1a: Nihilego
|-damage|p1a: Nihilego|1/100
|move|p1a: Nihilego|Power Gem|p2a: Volcarona
|-supereffective|p2a: Volcarona
|-damage|p2a: Volcarona|14/100
|
|upkeep
|turn|18
|
|t:|1667787085
|move|p2a: Volcarona|Fiery Dance|p1a: Nihilego
|-resisted|p1a: Nihilego
|-damage|p1a: Nihilego|0 fnt
|-boost|p2a: Volcarona|spa|1
|faint|p1a: Nihilego
|
|upkeep
|
|t:|1667787088
|switch|p1a: Dragapult|Dragapult, F|100/100
|turn|19
|
|t:|1667787092
|move|p1a: Dragapult|Shadow Ball|p2a: Volcarona
|-damage|p2a: Volcarona|0 fnt
|faint|p2a: Volcarona
|
|upkeep
|
|t:|1667787095
|switch|p2a: Melmetal|Melmetal|100/100 par
|turn|20
|
|t:|1667787098
|switch|p1a: Celesteela|Celesteela, shiny|51/100
|move|p2a: Melmetal|Double Iron Bash|p1a: Celesteela
|-resisted|p1a: Celesteela
|-damage|p1a: Celesteela|20/100
|-resisted|p1a: Celesteela
|-damage|p1a: Celesteela|0 fnt
|faint|p1a: Celesteela
|-hitcount|p1: Celesteela|2
|
|upkeep
|
|t:|1667787101
|switch|p1a: Zeraora|Zeraora|64/100
|turn|21
|
|t:|1667787103
|switch|p2a: Ferrothorn|Ferrothorn, F|100/100
|move|p1a: Zeraora|Close Combat|p2a: Ferrothorn
|-supereffective|p2a: Ferrothorn
|-damage|p2a: Ferrothorn|41/100
|-unboost|p1a: Zeraora|def|1
|-unboost|p1a: Zeraora|spd|1
|-damage|p1a: Zeraora|52/100|[from] ability: Iron Barbs|[of] p2a: Ferrothorn
|-damage|p1a: Zeraora|35/100|[from] item: Rocky Helmet|[of] p2a: Ferrothorn
|
|upkeep
|turn|22
|
|t:|1667787109
|move|p1a: Zeraora|Close Combat|p2a: Ferrothorn
|-supereffective|p2a: Ferrothorn
|-damage|p2a: Ferrothorn|0 fnt
|-unboost|p1a: Zeraora|def|1
|-unboost|p1a: Zeraora|spd|1
|-damage|p1a: Zeraora|23/100|[from] ability: Iron Barbs|[of] p2a: Ferrothorn
|-damage|p1a: Zeraora|6/100|[from] item: Rocky Helmet|[of] p2a: Ferrothorn
|faint|p2a: Ferrothorn
|
|upkeep
|
|t:|1667787114
|switch|p2a: Clefable|Clefable, F|100/100 psn
|turn|23
|
|t:|1667787117
|move|p1a: Zeraora|Plasma Fists|p2a: Clefable
|-damage|p2a: Clefable|39/100 psn
|-fieldactivate|move: Ion Deluge
|-hint|Normal-type moves become Electric-type after using Plasma Fists.
|move|p2a: Clefable|Moonblast|p1a: Zeraora
|-damage|p1a: Zeraora|0 fnt
|faint|p1a: Zeraora
|
|upkeep
|
|t:|1667787120
|switch|p1a: Weavile|Weavile, F|100/100
|-ability|p1a: Weavile|Pressure
|turn|24
|
|t:|1667787123
|move|p1a: Weavile|Triple Axel|p2a: Clefable
|-damage|p2a: Clefable|20/100 psn
|-damage|p2a: Clefable|0 fnt
|faint|p2a: Clefable
|-hitcount|p2: Clefable|2
|-damage|p1a: Weavile|91/100|[from] item: Life Orb
|
|upkeep
|
|t:|1667787125
|switch|p2a: Melmetal|Melmetal|100/100 par
|turn|25
|
|t:|1667787128
|move|p1a: Weavile|Knock Off|p2a: Melmetal
|-damage|p2a: Melmetal|59/100 par
|-enditem|p2a: Melmetal|Choice Band|[from] move: Knock Off|[of] p1a: Weavile
|-damage|p1a: Weavile|81/100|[from] item: Life Orb
|move|p2a: Melmetal|Double Iron Bash|p1a: Weavile
|-supereffective|p1a: Weavile
|-damage|p1a: Weavile|0 fnt
|faint|p1a: Weavile
|-hitcount|p1: Weavile|1
|
|upkeep
|
|t:|1667787133
|switch|p1a: Dragapult|Dragapult, F|100/100
|turn|26
|
|t:|1667787137
|move|p1a: Dragapult|Fire Blast|p2a: Melmetal
|-supereffective|p2a: Melmetal
|-damage|p2a: Melmetal|0 fnt
|faint|p2a: Melmetal
|
|upkeep
|
|t:|1667787138
|switch|p2a: Regieleki|Regieleki|100/100
|-status|p2a: Regieleki|psn
|turn|27
|
|t:|1667787140
|move|p1a: Dragapult|Fire Blast|p2a: Regieleki
|-damage|p2a: Regieleki|36/100 psn
|move|p2a: Regieleki|Thunderbolt|p1a: Dragapult
|-resisted|p1a: Dragapult
|-damage|p1a: Dragapult|44/100
|
|-damage|p2a: Regieleki|24/100 psn|[from] psn
|upkeep
|turn|28
|
|t:|1667787143
|move|p1a: Dragapult|Fire Blast|p2a: Regieleki
|-damage|p2a: Regieleki|0 fnt
|faint|p2a: Regieleki
|
|win|u lost to bad team
|raw|u lost to bad team's rating: 1610 &rarr; <strong>1637</strong><br />(+27 for winning)
|raw|stopthreat's rating: 1732 &rarr; <strong>1705</strong><br />(-27 for losing)
|l|☆stopthreat
||Ladder isn't responding, score probably updated but might not have (Request timeout).
