|j|☆Commando 55
|j|☆Jeanmilapipe
|t:|1603442747
|player|p1|Commando 55|iris-gen5bw2|1742
|player|p2|Jeanmilapipe|101|1754
|teamsize|p1|6
|teamsize|p2|6
|gametype|singles
|gen|8
|tier|[Gen 8] OU
|rated|
|clearpoke
|poke|p1|Regieleki|
|poke|p1|Pelipper, M|
|poke|p1|Blissey, F|
|poke|p1|Kingdra, M|
|poke|p1|Urshifu-*, M|
|poke|p1|Ferrothorn, F|
|poke|p2|Victini|
|poke|p2|Corviknight, M|
|poke|p2|Rillaboom, M|
|poke|p2|Dragonite, M|
|poke|p2|Kartana|
|poke|p2|Blaziken, F|
|rule|Sleep Clause Mod: Limit one foe put to sleep
|rule|Species Clause: Limit one of each Pokémon
|rule|OHKO Clause: OHKO moves are banned
|rule|Evasion Moves Clause: Evasion moves are banned
|rule|Endless Battle Clause: Forcing endless battles is banned
|rule|HP Percentage Mod: HP is shown in percentages
|rule|Dynamax Clause: You cannot dynamax
|teampreview
|j| Gary's Best Friend
|j| OUTY 3iz
|j| the hunter
|j| yuopier
|
|t:|1603442756
|start
|switch|p1a: Regieleki|Regieleki|100/100
|switch|p2a: Victini|Victini|100/100
|turn|1
|inactive|Battle timer is ON: inactive players will automatically lose when time's up. (requested by Commando 55)
|j| LowGxeDoritos
|j| Paulpoop96
|
|t:|1603442762
|move|p1a: Regieleki|Volt Switch|p2a: Victini
|-damage|p2a: Victini|23/100
|j| Ggstarmie
|j| fuwamanta
|j| Snizzerchoops
|j| pipluphater13
|j| yiyue
|
|t:|1603442771
|switch|p1a: Ferrothorn|Ferrothorn, F|100/100|[from]move: Volt Switch
|move|p2a: Victini|V-create|p1a: Ferrothorn
|-supereffective|p1a: Ferrothorn
|-damage|p1a: Ferrothorn|0 fnt
|-unboost|p2a: Victini|spe|1
|-unboost|p2a: Victini|def|1
|-unboost|p2a: Victini|spd|1
|-damage|p2a: Victini|10/100|[from] ability: Iron Barbs|[of] p1a: Ferrothorn
|-damage|p2a: Victini|0 fnt|[from] item: Rocky Helmet|[of] p1a: Ferrothorn
|faint|p1a: Ferrothorn
|faint|p2a: Victini
|
|upkeep
|j| itsdilli
|j| JKongh
|j| broc38
|j| highgxedoritos
|j| Brandon2321
|j| caiyingzi
|l| JKongh
|j| Kilima
|j| UnbeatableTr
|
|t:|1603442799
|switch|p2a: Kartana|Kartana|100/100
|switch|p1a: Kingdra|Kingdra, M|100/100
|turn|2
|l| LowGxeDoritos
|
|t:|1603442807
|move|p2a: Kartana|Leaf Blade|p1a: Kingdra
|-damage|p1a: Kingdra|1/100
|-damage|p2a: Kartana|91/100|[from] item: Life Orb
|move|p1a: Kingdra|Hurricane|p2a: Kartana
|-damage|p2a: Kartana|0 fnt
|faint|p2a: Kartana
|
|upkeep
|
|t:|1603442826
|switch|p2a: Dragonite|Dragonite, M|100/100
|turn|3
|l| Snizzerchoops
|
|t:|1603442833
|switch|p1a: Blissey|Blissey, F|100/100
|move|p2a: Dragonite|Dragon Dance|p2a: Dragonite
|-boost|p2a: Dragonite|atk|1
|-boost|p2a: Dragonite|spe|1
|
|upkeep
|turn|4
|j| i love you mark
|
|t:|1603442840
|move|p2a: Dragonite|Dragon Dance|p2a: Dragonite
|-boost|p2a: Dragonite|atk|1
|-boost|p2a: Dragonite|spe|1
|move|p1a: Blissey|Thunder Wave|p2a: Dragonite
|-status|p2a: Dragonite|par
|
|upkeep
|turn|5
|j| LowGxeDoritos
|
|t:|1603442847
|move|p2a: Dragonite|Dragon Dance|p2a: Dragonite
|-boost|p2a: Dragonite|atk|1
|-boost|p2a: Dragonite|spe|1
|move|p1a: Blissey|Seismic Toss|p2a: Dragonite
|-damage|p2a: Dragonite|70/100 par
|
|upkeep
|turn|6
|l| pipluphater13
|
|t:|1603442854
|move|p2a: Dragonite|Dragon Dance|p2a: Dragonite
|-boost|p2a: Dragonite|atk|1
|-boost|p2a: Dragonite|spe|1
|move|p1a: Blissey|Seismic Toss|p2a: Dragonite
|-damage|p2a: Dragonite|39/100 par
|
|upkeep
|turn|7
|j| JKongh
|l| JKongh
|j| Vextal
|
|t:|1603442865
|move|p2a: Dragonite|Dragon Claw|p1a: Blissey
|-damage|p1a: Blissey|0 fnt
|faint|p1a: Blissey
|
|upkeep
|
|t:|1603442877
|switch|p1a: Pelipper|Pelipper, M|100/100
|-weather|RainDance|[from] ability: Drizzle|[of] p1a: Pelipper
|turn|8
|j| bITe♦EN♦FEu火
|
|t:|1603442882
|switch|p1a: Kingdra|Kingdra, M|1/100
|cant|p2a: Dragonite|par
|
|-weather|RainDance|[upkeep]
|upkeep
|turn|9
|
|t:|1603442889
|move|p1a: Kingdra|Surf|p2a: Dragonite
|-resisted|p2a: Dragonite
|-damage|p2a: Dragonite|0 fnt
|faint|p2a: Dragonite
|
|-weather|RainDance|[upkeep]
|upkeep
|
|t:|1603442896
|switch|p2a: Rillaboom|Rillaboom, M|100/100
|-fieldstart|move: Grassy Terrain|[from] ability: Grassy Surge|[of] p2a: Rillaboom
|turn|10
|j| Cervixknight
|
|t:|1603442901
|move|p2a: Rillaboom|Grassy Glide|p1a: Kingdra
|-damage|p1a: Kingdra|0 fnt
|faint|p1a: Kingdra
|
|-weather|RainDance|[upkeep]
|upkeep
|
|t:|1603442906
|switch|p1a: Pelipper|Pelipper, M|100/100
|turn|11
|j| vip10086
|
|t:|1603442910
|switch|p2a: Corviknight|Corviknight, M|100/100
|-ability|p2a: Corviknight|Pressure
|move|p1a: Pelipper|Roost||[still]
|-fail|p1a: Pelipper|heal
|
|-weather|RainDance|[upkeep]
|upkeep
|turn|12
|l| bITe♦EN♦FEu火
|j| Dr. Dumb Bitch
|
|t:|1603442919
|move|p2a: Corviknight|Brave Bird|p1a: Pelipper
|-damage|p1a: Pelipper|72/100
|-damage|p2a: Corviknight|93/100|[from] Recoil
|move|p1a: Pelipper|U-turn|p2a: Corviknight
|-resisted|p2a: Corviknight
|-damage|p2a: Corviknight|91/100
|-damage|p1a: Pelipper|55/100|[from] item: Rocky Helmet|[of] p2a: Corviknight
|
|t:|1603442924
|switch|p1a: Regieleki|Regieleki|100/100|[from]move: U-turn
|
|-weather|RainDance|[upkeep]
|upkeep
|turn|13
|
|t:|1603442933
|switch|p2a: Blaziken|Blaziken, F|100/100
|move|p1a: Regieleki|Thunder|p2a: Blaziken
|-damage|p2a: Blaziken|0 fnt
|faint|p2a: Blaziken
|
|-weather|RainDance|[upkeep]
|upkeep
|j| ironwater
|
|t:|1603442945
|switch|p2a: Corviknight|Corviknight, M|91/100
|-ability|p2a: Corviknight|Pressure
|turn|14
|j| EdaltNeru
|
|t:|1603442952
|move|p1a: Regieleki|Thunder|p2a: Corviknight
|-supereffective|p2a: Corviknight
|-damage|p2a: Corviknight|0 fnt
|faint|p2a: Corviknight
|
|-weather|RainDance|[upkeep]
|-fieldend|move: Grassy Terrain
|upkeep
|j| Metallica127
|
|t:|1603442959
|switch|p2a: Rillaboom|Rillaboom, M|100/100
|-fieldstart|move: Grassy Terrain|[from] ability: Grassy Surge|[of] p2a: Rillaboom
|turn|15
|
|t:|1603442964
|move|p1a: Regieleki|Thunder|p2a: Rillaboom
|-resisted|p2a: Rillaboom
|-damage|p2a: Rillaboom|26/100
|move|p2a: Rillaboom|Swords Dance|p2a: Rillaboom
|-boost|p2a: Rillaboom|atk|2
|
|-weather|none
|-heal|p2a: Rillaboom|32/100|[from] Grassy Terrain
|upkeep
|turn|16
|c| LowGxeDoritos|Goat rilla
|
|t:|1603442983
|switch|p1a: Pelipper|Pelipper, M|55/100
|-weather|RainDance|[from] ability: Drizzle|[of] p1a: Pelipper
|move|p2a: Rillaboom|Grassy Glide|p1a: Pelipper
|-damage|p1a: Pelipper|0 fnt
|faint|p1a: Pelipper
|
|-weather|RainDance|[upkeep]
|-heal|p2a: Rillaboom|38/100|[from] Grassy Terrain
|upkeep
|c| Dr. Dumb Bitch|ESpeed Regi lets go
|
|t:|1603442999
|switch|p1a: Urshifu|Urshifu-Rapid-Strike, M|100/100
|turn|17
|
|t:|1603443004
|move|p1a: Urshifu|Aqua Jet|p2a: Rillaboom
|-resisted|p2a: Rillaboom
|-damage|p2a: Rillaboom|11/100
|move|p2a: Rillaboom|Grassy Glide|p1a: Urshifu
|-supereffective|p1a: Urshifu
|-damage|p1a: Urshifu|0 fnt
|faint|p1a: Urshifu
|
|-weather|RainDance|[upkeep]
|-heal|p2a: Rillaboom|17/100|[from] Grassy Terrain
|upkeep
|
|t:|1603443007
|switch|p1a: Regieleki|Regieleki|100/100
|turn|18
|l| Metallica127
|
|t:|1603443017
|move|p2a: Rillaboom|Grassy Glide|p1a: Regieleki
|-damage|p1a: Regieleki|0 fnt
|faint|p1a: Regieleki
|
|win|Jeanmilapipe
|raw|Commando 55's rating: 1742 &rarr; <strong>1723</strong><br />(-19 for losing)
|raw|Jeanmilapipe's rating: 1754 &rarr; <strong>1773</strong><br />(+19 for winning)
|l|☆Commando 55
|l| LowGxeDoritos
|l| caiyingzi
|l| Kilima
|l| itsdilli
|l|☆Jeanmilapipe
|l| ironwater
|l| broc38
|j| Metallica127
|l| fuwamanta
|l| UnbeatableTr
|l| Brandon2321
|l| Paulpoop96
|l| Ggstarmie
|l| EdaltNeru
|l| i love you mark
|l| yuopier
|l| the hunter
|l| yiyue
|j| the hunter
|l| the hunter
