|j|☆mickey m
|j|☆TeamAurora DomXiks
|t:|1604315649
|player|p1|mickey m|266|1280
|player|p2|TeamAurora DomXiks|102|1220
|teamsize|p1|6
|teamsize|p2|6
|gametype|singles
|gen|8
|tier|[Gen 8] OU
|rated|
|clearpoke
|poke|p1|Crawdaunt, F|
|poke|p1|Moltres-Galar|
|poke|p1|Dragonite, F|
|poke|p1|Cinderace, M|
|poke|p1|Rillaboom, M|
|poke|p1|Togekiss, F|
|poke|p2|Spectrier|
|poke|p2|Landorus, M|
|poke|p2|Zapdos|
|poke|p2|Heatran, F|
|poke|p2|Clefable, F|
|poke|p2|Latios, M|
|rule|Sleep Clause Mod: Limit one foe put to sleep
|rule|Species Clause: Limit one of each Pokémon
|rule|OHKO Clause: OHKO moves are banned
|rule|Evasion Moves Clause: Evasion moves are banned
|rule|Endless Battle Clause: Forcing endless battles is banned
|rule|HP Percentage Mod: HP is shown in percentages
|rule|Dynamax Clause: You cannot dynamax
|teampreview
|inactive|Battle timer is ON: inactive players will automatically lose when time's up. (requested by mickey m)
|
|t:|1604315672
|start
|switch|p1a: Togekiss|Togekiss, F|100/100
|switch|p2a: Zapdos|Zapdos|100/100
|turn|1
|
|t:|1604315679
|move|p1a: Togekiss|Nasty Plot|p1a: Togekiss
|-boost|p1a: Togekiss|spa|2
|move|p2a: Zapdos|Discharge|p1a: Togekiss
|-supereffective|p1a: Togekiss
|-damage|p1a: Togekiss|31/100
|
|upkeep
|turn|2
|
|t:|1604315685
|move|p1a: Togekiss|Dazzling Gleam|p2a: Zapdos
|-damage|p2a: Zapdos|30/100
|move|p2a: Zapdos|Discharge|p1a: Togekiss
|-supereffective|p1a: Togekiss
|-damage|p1a: Togekiss|0 fnt
|faint|p1a: Togekiss
|
|upkeep
|
|t:|1604315694
|switch|p1a: Rillaboom|Rillaboom, M|100/100
|-fieldstart|move: Grassy Terrain|[from] ability: Grassy Surge|[of] p1a: Rillaboom
|-enditem|p1a: Rillaboom|Grassy Seed
|-boost|p1a: Rillaboom|def|1|[from] item: Grassy Seed
|turn|3
|
|t:|1604315700
|switch|p2a: Heatran|Heatran, F|100/100
|move|p1a: Rillaboom|Swords Dance|p1a: Rillaboom
|-boost|p1a: Rillaboom|atk|2
|
|upkeep
|turn|4
|
|t:|1604315707
|move|p2a: Heatran|Protect|p2a: Heatran
|-singleturn|p2a: Heatran|Protect
|move|p1a: Rillaboom|High Horsepower|p2a: Heatran
|-activate|p2a: Heatran|move: Protect
|
|upkeep
|turn|5
|
|t:|1604315723
|switch|p2a: Latios|Latios, M|100/100
|move|p1a: Rillaboom|Swords Dance|p1a: Rillaboom
|-boost|p1a: Rillaboom|atk|2
|
|upkeep
|turn|6
|
|t:|1604315732
|move|p2a: Latios|Draco Meteor|p1a: Rillaboom
|-damage|p1a: Rillaboom|6/100
|-unboost|p2a: Latios|spa|2
|move|p1a: Rillaboom|Acrobatics|p2a: Latios
|-damage|p2a: Latios|0 fnt
|faint|p2a: Latios
|
|-heal|p1a: Rillaboom|12/100|[from] Grassy Terrain
|upkeep
|
|t:|1604315743
|switch|p2a: Spectrier|Spectrier|100/100
|turn|7
|
|t:|1604315747
|move|p1a: Rillaboom|Grassy Glide|p2a: Spectrier
|-damage|p2a: Spectrier|0 fnt
|faint|p2a: Spectrier
|
|-heal|p1a: Rillaboom|18/100|[from] Grassy Terrain
|-fieldend|move: Grassy Terrain
|upkeep
|
|t:|1604315759
|switch|p2a: Landorus|Landorus, M|100/100
|turn|8
|
|t:|1604315764
|move|p2a: Landorus|Sludge Wave|p1a: Rillaboom
|-supereffective|p1a: Rillaboom
|-damage|p1a: Rillaboom|0 fnt
|faint|p1a: Rillaboom
|
|upkeep
|
|t:|1604315773
|switch|p1a: Dragonite|Dragonite, F|100/100
|turn|9
|
|t:|1604315777
|move|p2a: Landorus|U-turn|p1a: Dragonite
|-resisted|p1a: Dragonite
|-damage|p1a: Dragonite|94/100
|-damage|p2a: Landorus|91/100|[from] item: Life Orb
|
|t:|1604315785
|switch|p2a: Cutemon|Clefable, F|100/100|[from]move: U-turn
|move|p1a: Dragonite|Dragon Dance|p1a: Dragonite
|-boost|p1a: Dragonite|atk|1
|-boost|p1a: Dragonite|spe|1
|
|upkeep
|turn|10
|
|t:|1604315791
|move|p1a: Dragonite|Extreme Speed|p2a: Cutemon
|-damage|p2a: Cutemon|78/100
|move|p2a: Cutemon|Moonblast|p1a: Dragonite
|-supereffective|p1a: Dragonite
|-damage|p1a: Dragonite|22/100
|-enditem|p1a: Dragonite|Weakness Policy
|-boost|p1a: Dragonite|atk|2|[from] item: Weakness Policy
|-boost|p1a: Dragonite|spa|2|[from] item: Weakness Policy
|
|-heal|p2a: Cutemon|84/100|[from] item: Leftovers
|upkeep
|turn|11
|
|t:|1604315804
|move|p1a: Dragonite|Earthquake|p2a: Cutemon
|-damage|p2a: Cutemon|56/100
|move|p2a: Cutemon|Moonblast|p1a: Dragonite
|-supereffective|p1a: Dragonite
|-damage|p1a: Dragonite|0 fnt
|faint|p1a: Dragonite
|
|-heal|p2a: Cutemon|62/100|[from] item: Leftovers
|upkeep
|
|t:|1604315813
|switch|p1a: Crawdaunt|Crawdaunt, F|100/100
|turn|12
|
|t:|1604315820
|move|p1a: Crawdaunt|Aqua Jet|p2a: Cutemon
|-damage|p2a: Cutemon|33/100
|-damage|p1a: Crawdaunt|91/100|[from] item: Life Orb
|move|p2a: Cutemon|Moonblast|p1a: Crawdaunt
|-supereffective|p1a: Crawdaunt
|-damage|p1a: Crawdaunt|0 fnt
|faint|p1a: Crawdaunt
|
|-heal|p2a: Cutemon|39/100|[from] item: Leftovers
|upkeep
|
|t:|1604315830
|switch|p1a: Moltres|Moltres-Galar|100/100
|turn|13
|
|t:|1604315845
|move|p1a: Moltres|Agility|p1a: Moltres
|-boost|p1a: Moltres|spe|2
|move|p2a: Cutemon|Moonblast|p1a: Moltres
|-supereffective|p1a: Moltres
|-damage|p1a: Moltres|40/100
|-unboost|p1a: Moltres|spa|1
|-enditem|p1a: Moltres|Weakness Policy
|-boost|p1a: Moltres|atk|2|[from] item: Weakness Policy
|-boost|p1a: Moltres|spa|2|[from] item: Weakness Policy
|-ability|p1a: Moltres|Berserk|boost
|-boost|p1a: Moltres|spa|1
|
|-heal|p2a: Cutemon|45/100|[from] item: Leftovers
|upkeep
|turn|14
|
|t:|1604315858
|move|p1a: Moltres|Air Slash|p2a: Cutemon
|-damage|p2a: Cutemon|15/100
|move|p2a: Cutemon|Moonblast|p1a: Moltres
|-supereffective|p1a: Moltres
|-damage|p1a: Moltres|0 fnt
|faint|p1a: Moltres
|
|-heal|p2a: Cutemon|22/100|[from] item: Leftovers
|upkeep
|
|t:|1604315868
|switch|p1a: Cinderace|Cinderace, M|100/100
|turn|15
|
|t:|1604315875
|switch|p2a: Heatran|Heatran, F|100/100
|move|p1a: Cinderace|Pyro Ball|p2a: Heatran
|-start|p2a: Heatran|ability: Flash Fire
|
|upkeep
|turn|16
|
|t:|1604315884
|-end|p2a: Heatran|ability: Flash Fire|[silent]
|switch|p2a: Zapdos|Zapdos|30/100
|move|p1a: Cinderace|High Jump Kick|p2a: Zapdos
|-start|p1a: Cinderace|typechange|Fighting|[from] ability: Libero
|-resisted|p2a: Zapdos
|-damage|p2a: Zapdos|0 fnt
|-damage|p1a: Cinderace|91/100|[from] item: Life Orb
|faint|p2a: Zapdos
|
|upkeep
|
|t:|1604315894
|switch|p2a: Landorus|Landorus, M|91/100
|turn|17
|
|t:|1604315901
|move|p1a: Cinderace|Pyro Ball|p2a: Landorus
|-start|p1a: Cinderace|typechange|Fire|[from] ability: Libero
|-crit|p2a: Landorus
|-damage|p2a: Landorus|0 fnt
|-damage|p1a: Cinderace|81/100|[from] item: Life Orb
|faint|p2a: Landorus
|
|upkeep
|
|t:|1604315909
|switch|p2a: Heatran|Heatran, F|100/100
|turn|18
|
|t:|1604315918
|move|p1a: Cinderace|High Jump Kick|p2a: Heatran
|-start|p1a: Cinderace|typechange|Fighting|[from] ability: Libero
|-supereffective|p2a: Heatran
|-damage|p2a: Heatran|0 fnt
|-damage|p1a: Cinderace|71/100|[from] item: Life Orb
|faint|p2a: Heatran
|
|upkeep
|c|☆mickey m|gg
|
|t:|1604315925
|switch|p2a: Cutemon|Clefable, F|22/100
|turn|19
|
|t:|1604315929
|move|p1a: Cinderace|Pyro Ball|p2a: Cutemon
|-start|p1a: Cinderace|typechange|Fire|[from] ability: Libero
|-damage|p2a: Cutemon|0 fnt
|-damage|p1a: Cinderace|61/100|[from] item: Life Orb
|faint|p2a: Cutemon
|
|win|mickey m
|raw|mickey m's rating: 1280 &rarr; <strong>1299</strong><br />(+19 for winning)
|raw|TeamAurora DomXiks's rating: 1190 &rarr; <strong>1171</strong><br />(-19 for losing)
