|j|☆Kaleor
|j|☆RubenPaCe
|t:|1639471909
|gametype|singles
|player|p1|Kaleor|swimmer-gen4dp|1497
|player|p2|RubenPaCe|n|1480
|teamsize|p1|6
|teamsize|p2|6
|gen|8
|tier|[Gen 8] OU
|rated|
|rule|Sleep Clause Mod: Limit one foe put to sleep
|rule|Species Clause: Limit one of each Pokémon
|rule|OHKO Clause: OHKO moves are banned
|rule|Evasion Moves Clause: Evasion moves are banned
|rule|Endless Battle Clause: Forcing endless battles is banned
|rule|HP Percentage Mod: HP is shown in percentages
|rule|Dynamax Clause: You cannot dynamax
|clearpoke
|poke|p1|Dragonite, M|
|poke|p1|Melmetal|
|poke|p1|Tapu Lele|
|poke|p1|Heatran, M|
|poke|p1|Landorus-Therian, M|
|poke|p1|Urshifu-*, F|
|poke|p2|Latios, M|
|poke|p2|Landorus-Therian, M|
|poke|p2|Ferrothorn, F|
|poke|p2|Weavile, M|
|poke|p2|Blacephalon|
|poke|p2|Tapu Koko|
|teampreview
|inactive|Battle timer is ON: inactive players will automatically lose when time's up. (requested by Kaleor)
|
|t:|1639471917
|start
|switch|p1a: Urshifu|Urshifu-Rapid-Strike, F|100/100
|switch|p2a: Latios|Latios, M|100/100
|turn|1
|
|t:|1639471928
|switch|p1a: Melmetal|Melmetal|100/100
|move|p2a: Latios|Mystical Fire|p1a: Melmetal
|-supereffective|p1a: Melmetal
|-damage|p1a: Melmetal|49/100
|-unboost|p1a: Melmetal|spa|1
|
|upkeep
|turn|2
|inactive|Kaleor has 120 seconds left.
|
|t:|1639471959
|switch|p2a: Landorus|Landorus-Therian, M|100/100
|-ability|p2a: Landorus|Intimidate|boost
|-unboost|p1a: Melmetal|atk|1
|switch|p1a: Heatran|Heatran, M|100/100
|
|upkeep
|turn|3
|
|t:|1639471967
|switch|p1a: Landorus|Landorus-Therian, M|100/100
|-ability|p1a: Landorus|Intimidate|boost
|-unboost|p2a: Landorus|atk|1
|move|p2a: Landorus|U-turn|p1a: Landorus
|-resisted|p1a: Landorus
|-damage|p1a: Landorus|96/100
|
|t:|1639471969
|switch|p2a: Weavile|Weavile, M|100/100|[from]move: U-turn
|-ability|p2a: Weavile|Pressure
|
|-heal|p1a: Landorus|100/100|[from] item: Leftovers
|upkeep
|turn|4
|inactive|Kaleor has 120 seconds left.
|
|t:|1639471998
|switch|p1a: Urshifu|Urshifu-Rapid-Strike, F|100/100
|move|p2a: Weavile|Triple Axel|p1a: Urshifu
|-resisted|p1a: Urshifu
|-damage|p1a: Urshifu|94/100
|-resisted|p1a: Urshifu
|-damage|p1a: Urshifu|83/100
|-hitcount|p1a: Urshifu|2
|
|upkeep
|turn|5
|
|t:|1639472006
|switch|p2a: Ferrothorn|Ferrothorn, F|100/100
|move|p1a: Urshifu|U-turn|p2a: Ferrothorn
|-damage|p2a: Ferrothorn|79/100
|-damage|p1a: Urshifu|71/100|[from] ability: Iron Barbs|[of] p2a: Ferrothorn
|
|t:|1639472010
|switch|p1a: Heatran|Heatran, M|100/100|[from]move: U-turn
|
|-heal|p2a: Ferrothorn|85/100|[from] item: Leftovers
|upkeep
|turn|6
|
|t:|1639472016
|switch|p2a: Landorus|Landorus-Therian, M|100/100
|-ability|p2a: Landorus|Intimidate|boost
|-unboost|p1a: Heatran|atk|1
|move|p1a: Heatran|Magma Storm|p2a: Landorus
|-damage|p2a: Landorus|59/100
|-activate|p2a: Landorus|move: Magma Storm|[of] p1a: Heatran
|
|-heal|p2a: Landorus|65/100|[from] item: Leftovers
|-damage|p2a: Landorus|53/100|[from] move: Magma Storm|[partiallytrapped]
|upkeep
|turn|7
|
|t:|1639472020
|switch|p1a: Landorus|Landorus-Therian, M|100/100
|-ability|p1a: Landorus|Intimidate|boost
|-unboost|p2a: Landorus|atk|1
|move|p2a: Landorus|Earthquake|p1a: Landorus
|-immune|p1a: Landorus
|
|-heal|p2a: Landorus|59/100|[from] item: Leftovers
|-end|p2a: Landorus|Magma Storm|[partiallytrapped]|[silent]
|upkeep
|turn|8
|
|t:|1639472025
|move|p1a: Landorus|Stealth Rock|p2a: Landorus
|-sidestart|p2: RubenPaCe|move: Stealth Rock
|move|p2a: Landorus|Toxic|p1a: Landorus
|-status|p1a: Landorus|tox
|
|-heal|p2a: Landorus|65/100|[from] item: Leftovers
|-damage|p1a: Landorus|94/100 tox|[from] psn
|upkeep
|turn|9
|
|t:|1639472028
|move|p1a: Landorus|Toxic|p2a: Landorus
|-status|p2a: Landorus|tox
|move|p2a: Landorus|Defog|p1a: Landorus
|-unboost|p1a: Landorus|evasion|1
|-sideend|p2: RubenPaCe|Stealth Rock|[from] move: Defog|[of] p2a: Landorus
|
|-heal|p1a: Landorus|100/100 tox|[from] item: Leftovers
|-heal|p2a: Landorus|71/100 tox|[from] item: Leftovers
|-damage|p1a: Landorus|88/100 tox|[from] psn
|-damage|p2a: Landorus|65/100 tox|[from] psn
|upkeep
|turn|10
|
|t:|1639472035
|move|p1a: Landorus|Stealth Rock|p2a: Landorus
|-sidestart|p2: RubenPaCe|move: Stealth Rock
|move|p2a: Landorus|Defog|p1a: Landorus
|-unboost|p1a: Landorus|evasion|1
|-sideend|p2: RubenPaCe|Stealth Rock|[from] move: Defog|[of] p2a: Landorus
|
|-heal|p1a: Landorus|94/100 tox|[from] item: Leftovers
|-heal|p2a: Landorus|71/100 tox|[from] item: Leftovers
|-damage|p1a: Landorus|76/100 tox|[from] psn
|-damage|p2a: Landorus|59/100 tox|[from] psn
|upkeep
|turn|11
|
|t:|1639472038
|switch|p2a: Ferrothorn|Ferrothorn, F|85/100
|move|p1a: Landorus|Stealth Rock|p2a: Ferrothorn
|-sidestart|p2: RubenPaCe|move: Stealth Rock
|
|-heal|p1a: Landorus|82/100 tox|[from] item: Leftovers
|-heal|p2a: Ferrothorn|91/100|[from] item: Leftovers
|-damage|p1a: Landorus|58/100 tox|[from] psn
|upkeep
|turn|12
|
|t:|1639472043
|switch|p1a: Heatran|Heatran, M|100/100
|move|p2a: Ferrothorn|Stealth Rock|p1a: Heatran
|-sidestart|p1: Kaleor|move: Stealth Rock
|
|-heal|p2a: Ferrothorn|98/100|[from] item: Leftovers
|upkeep
|turn|13
|
|t:|1639472046
|switch|p2a: Latios|Latios, M|100/100
|-damage|p2a: Latios|88/100|[from] Stealth Rock
|move|p1a: Heatran|Magma Storm|p2a: Latios
|-resisted|p2a: Latios
|-damage|p2a: Latios|60/100
|-activate|p2a: Latios|move: Magma Storm|[of] p1a: Heatran
|
|-damage|p2a: Latios|48/100|[from] move: Magma Storm|[partiallytrapped]
|upkeep
|turn|14
|
|t:|1639472050
|move|p2a: Latios|Surf|p1a: Heatran
|-supereffective|p1a: Heatran
|-damage|p1a: Heatran|1/100
|move|p1a: Heatran|Toxic|p2a: Latios
|-status|p2a: Latios|tox
|
|-heal|p1a: Heatran|8/100|[from] item: Leftovers
|-damage|p2a: Latios|42/100 tox|[from] psn
|-damage|p2a: Latios|29/100 tox|[from] move: Magma Storm|[partiallytrapped]
|upkeep
|turn|15
|
|t:|1639472054
|switch|p1a: Urshifu|Urshifu-Rapid-Strike, F|71/100
|-damage|p1a: Urshifu|65/100|[from] Stealth Rock
|move|p2a: Latios|Surf|p1a: Urshifu
|-resisted|p1a: Urshifu
|-damage|p1a: Urshifu|31/100
|
|-damage|p2a: Latios|17/100 tox|[from] psn
|-end|p2a: Latios|Magma Storm|[partiallytrapped]|[silent]
|upkeep
|turn|16
|
|t:|1639472061
|move|p1a: Urshifu|Aqua Jet|p2a: Latios
|-resisted|p2a: Latios
|-damage|p2a: Latios|0 fnt
|faint|p2a: Latios
|
|upkeep
|
|t:|1639472065
|switch|p2a: Ferrothorn|Ferrothorn, F|98/100
|-damage|p2a: Ferrothorn|91/100|[from] Stealth Rock
|turn|17
|
|t:|1639472071
|switch|p1a: Landorus|Landorus-Therian, M|58/100 tox
|-damage|p1a: Landorus|46/100 tox|[from] Stealth Rock
|-ability|p1a: Landorus|Intimidate|boost
|-unboost|p2a: Ferrothorn|atk|1
|move|p2a: Ferrothorn|Knock Off|p1a: Landorus
|-damage|p1a: Landorus|36/100 tox
|-enditem|p1a: Landorus|Leftovers|[from] move: Knock Off|[of] p2a: Ferrothorn
|
|-heal|p2a: Ferrothorn|98/100|[from] item: Leftovers
|-damage|p1a: Landorus|30/100 tox|[from] psn
|upkeep
|turn|18
|
|t:|1639472076
|move|p1a: Landorus|Defog|p2a: Ferrothorn
|-unboost|p2a: Ferrothorn|evasion|1
|-sideend|p2: RubenPaCe|Stealth Rock|[from] move: Defog|[of] p1a: Landorus
|-sideend|p1: Kaleor|Stealth Rock|[from] move: Defog|[of] p1a: Landorus
|move|p2a: Ferrothorn|Leech Seed|p1a: Landorus
|-start|p1a: Landorus|move: Leech Seed
|
|-heal|p2a: Ferrothorn|100/100|[from] item: Leftovers
|-damage|p1a: Landorus|18/100 tox|[from] Leech Seed|[of] p2a: Ferrothorn
|-damage|p1a: Landorus|5/100 tox|[from] psn
|upkeep
|turn|19
|
|t:|1639472080
|switch|p1a: Heatran|Heatran, M|8/100
|move|p2a: Ferrothorn|Stealth Rock|p1a: Heatran
|-sidestart|p1: Kaleor|move: Stealth Rock
|
|-heal|p1a: Heatran|14/100|[from] item: Leftovers
|upkeep
|turn|20
|
|t:|1639472085
|switch|p2a: Blacephalon|Blacephalon|100/100
|move|p1a: Heatran|Magma Storm|p2a: Blacephalon|[miss]
|-miss|p1a: Heatran|p2a: Blacephalon
|
|-heal|p1a: Heatran|20/100|[from] item: Leftovers
|upkeep
|turn|21
|
|t:|1639472091
|switch|p1a: Landorus|Landorus-Therian, M|5/100 tox
|-damage|p1a: Landorus|0 fnt|[from] Stealth Rock
|faint|p1a: Landorus
|move|p2a: Blacephalon|Shadow Ball|p1: Landorus|[notarget]
|-fail|p2a: Blacephalon
|
|upkeep
|
|t:|1639472093
|switch|p1a: Urshifu|Urshifu-Rapid-Strike, F|31/100
|-damage|p1a: Urshifu|25/100|[from] Stealth Rock
|turn|22
|
|t:|1639472099
|move|p2a: Blacephalon|Shadow Ball|p1a: Urshifu
|-damage|p1a: Urshifu|0 fnt
|faint|p1a: Urshifu
|-ability|p2a: Blacephalon|Beast Boost|boost
|-boost|p2a: Blacephalon|spa|1
|
|upkeep
|
|t:|1639472103
|switch|p1a: Dragonite|Dragonite, M|100/100
|-damage|p1a: Dragonite|76/100|[from] Stealth Rock
|turn|23
|-message|Kaleor forfeited.
|
|win|RubenPaCe
|raw|Kaleor's rating: 1497 &rarr; <strong>1476</strong><br />(-21 for losing)
|raw|RubenPaCe's rating: 1480 &rarr; <strong>1501</strong><br />(+21 for winning)
|l|☆Kaleor
