|html|<div class="broadcast-blue"><strong>[Gen 8] OU is currently suspecting Urshifu-S! For information on how to participate check out the <a href="https://www.smogon.com/forums/threads/np-ss-ou-suspect-process-round-8-aint-no-rest-for-the-wicked.3675310/">suspect thread</a>.</strong></div>
|j|☆80IQ screens spam
|j|☆Contorted Lies
|t:|1609914725
|player|p1|80IQ screens spam|acerola|1837
|player|p2|Contorted Lies|266|1841
|teamsize|p1|6
|teamsize|p2|6
|gametype|singles
|gen|8
|tier|[Gen 8] OU
|rated|
|clearpoke
|poke|p1|Celesteela|
|poke|p1|Garchomp, F|
|poke|p1|Dragonite, F|
|poke|p1|Kommo-o, F|
|poke|p1|Grimmsnarl, M|
|poke|p1|Magearna|
|poke|p2|Nidoking, M|
|poke|p2|Kartana|
|poke|p2|Slowking-Galar, F|
|poke|p2|Landorus-Therian, M|
|poke|p2|Clefable, M|
|poke|p2|Hydreigon, F|
|rule|Sleep Clause Mod: Limit one foe put to sleep
|rule|Species Clause: Limit one of each Pokémon
|rule|OHKO Clause: OHKO moves are banned
|rule|Evasion Moves Clause: Evasion moves are banned
|rule|Endless Battle Clause: Forcing endless battles is banned
|rule|HP Percentage Mod: HP is shown in percentages
|rule|Dynamax Clause: You cannot dynamax
|teampreview
|inactive|Battle timer is ON: inactive players will automatically lose when time's up. (requested by 80IQ screens spam)
|
|t:|1609914738
|start
|switch|p1a: Garchomp|Garchomp, F|100/100
|switch|p2a: Clefable|Clefable, M|100/100
|turn|1
|
|t:|1609914744
|move|p1a: Garchomp|Swords Dance|p1a: Garchomp
|-boost|p1a: Garchomp|atk|2
|move|p2a: Clefable|Moonblast|p1a: Garchomp
|-supereffective|p1a: Garchomp
|-damage|p1a: Garchomp|33/100
|-unboost|p1a: Garchomp|spa|1
|
|upkeep
|turn|2
|
|t:|1609914752
|switch|p2a: Landorus|Landorus-Therian, M|100/100
|-ability|p2a: Landorus|Intimidate|boost
|-unboost|p1a: Garchomp|atk|1
|move|p1a: Garchomp|Earthquake|p2a: Landorus
|-immune|p2a: Landorus
|
|upkeep
|turn|3
|
|t:|1609914756
|move|p2a: Landorus|Earthquake|p1a: Garchomp
|-damage|p1a: Garchomp|0 fnt
|faint|p1a: Garchomp
|
|upkeep
|j| IM AT MY LIMIT
|
|t:|1609914775
|switch|p1a: Celesteela|Celesteela|100/100
|turn|4
|j| Alkagen101
|
|t:|1609914787
|switch|p2a: Nidoking|Nidoking, M|100/100
|switch|p1a: Dragonite|Dragonite, F|100/100
|
|upkeep
|turn|5
|
|t:|1609914792
|move|p2a: Nidoking|Ice Beam|p1a: Dragonite
|-supereffective|p1a: Dragonite
|-damage|p1a: Dragonite|7/100
|move|p1a: Dragonite|Earthquake|p2a: Nidoking
|-supereffective|p2a: Nidoking
|-damage|p2a: Nidoking|0 fnt
|faint|p2a: Nidoking
|
|upkeep
|
|t:|1609914796
|switch|p2a: Kartana|Kartana|100/100
|turn|6
|
|t:|1609914803
|move|p2a: Kartana|Smart Strike|p1a: Dragonite
|-damage|p1a: Dragonite|0 fnt
|faint|p1a: Dragonite
|-ability|p2a: Kartana|Beast Boost|boost
|-boost|p2a: Kartana|atk|1
|
|upkeep
|
|t:|1609914806
|switch|p1a: Celesteela|Celesteela|100/100
|turn|7
|
|t:|1609914824
|move|p2a: Kartana|Smart Strike|p1a: Celesteela
|-resisted|p1a: Celesteela
|-damage|p1a: Celesteela|52/100
|move|p1a: Celesteela|Flamethrower|p2a: Kartana
|-supereffective|p2a: Kartana
|-damage|p2a: Kartana|0 fnt
|faint|p2a: Kartana
|-ability|p1a: Celesteela|Beast Boost|boost
|-boost|p1a: Celesteela|spa|1
|
|upkeep
|
|t:|1609914830
|switch|p2a: Hydreigon|Hydreigon, F|100/100
|turn|8
|
|t:|1609914838
|move|p2a: Hydreigon|Dark Pulse|p1a: Celesteela
|-damage|p1a: Celesteela|0 fnt
|-damage|p2a: Hydreigon|91/100|[from] item: Life Orb
|faint|p1a: Celesteela
|
|upkeep
|
|t:|1609914845
|switch|p1a: Grimmsnarl|Grimmsnarl, M, shiny|100/100
|turn|9
|
|t:|1609914852
|switch|p2a: Landorus|Landorus-Therian, M|100/100
|-ability|p2a: Landorus|Intimidate|boost
|-unboost|p1a: Grimmsnarl|atk|1
|move|p1a: Grimmsnarl|Light Screen|p1a: Grimmsnarl
|-sidestart|p1: 80IQ screens spam|move: Light Screen
|
|upkeep
|turn|10
|
|t:|1609914854
|move|p1a: Grimmsnarl|Reflect|p1a: Grimmsnarl
|-sidestart|p1: 80IQ screens spam|Reflect
|move|p2a: Landorus|U-turn|p1a: Grimmsnarl
|-damage|p1a: Grimmsnarl|80/100
|
|t:|1609914859
|switch|p2a: Clefable|Clefable, M|100/100|[from]move: U-turn
|
|upkeep
|turn|11
|
|t:|1609914863
|move|p1a: Grimmsnarl|Taunt|p2a: Clefable
|-start|p2a: Clefable|move: Taunt
|cant|p2a: Clefable|move: Taunt|Thunder Wave
|
|upkeep
|turn|12
|
|t:|1609914876
|switch|p1a: Magearna|Magearna|100/100
|switch|p2a: Hydreigon|Hydreigon, F|91/100
|
|upkeep
|turn|13
|
|t:|1609914880
|move|p2a: Hydreigon|Earth Power|p1a: Magearna
|-supereffective|p1a: Magearna
|-damage|p1a: Magearna|66/100
|-enditem|p1a: Magearna|Weakness Policy
|-boost|p1a: Magearna|atk|2|[from] item: Weakness Policy
|-boost|p1a: Magearna|spa|2|[from] item: Weakness Policy
|-damage|p2a: Hydreigon|81/100|[from] item: Life Orb
|move|p1a: Magearna|Shift Gear|p1a: Magearna
|-boost|p1a: Magearna|spe|2
|-boost|p1a: Magearna|atk|1
|
|upkeep
|turn|14
|
|t:|1609914891
|move|p1a: Magearna|Calm Mind|p1a: Magearna
|-boost|p1a: Magearna|spa|1
|-boost|p1a: Magearna|spd|1
|move|p2a: Hydreigon|Earth Power|p1a: Magearna
|-supereffective|p1a: Magearna
|-damage|p1a: Magearna|39/100
|-damage|p2a: Hydreigon|71/100|[from] item: Life Orb
|
|upkeep
|turn|15
|
|t:|1609914897
|move|p1a: Magearna|Aura Sphere|p2a: Hydreigon
|-supereffective|p2a: Hydreigon
|-damage|p2a: Hydreigon|0 fnt
|faint|p2a: Hydreigon
|-ability|p1a: Magearna|Soul-Heart|boost
|-boost|p1a: Magearna|spa|1
|
|upkeep
|
|t:|1609914901
|switch|p2a: Landorus|Landorus-Therian, M|100/100
|-ability|p2a: Landorus|Intimidate|boost
|-unboost|p1a: Magearna|atk|1
|turn|16
|j| Vessev
|
|t:|1609914905
|move|p1a: Magearna|Stored Power|p2a: Landorus
|-damage|p2a: Landorus|0 fnt
|faint|p2a: Landorus
|-ability|p1a: Magearna|Soul-Heart|boost
|-boost|p1a: Magearna|spa|1
|
|-sideend|p1: 80IQ screens spam|move: Light Screen
|upkeep
|
|t:|1609914911
|switch|p2a: Slowking|Slowking-Galar, F|100/100
|turn|17
|
|t:|1609914914
|move|p1a: Magearna|Stored Power|p2a: Slowking
|-damage|p2a: Slowking|0 fnt
|faint|p2a: Slowking
|-ability|p1a: Magearna|Soul-Heart|boost
|-boost|p1a: Magearna|spa|1
|
|-sideend|p1: 80IQ screens spam|Reflect
|upkeep
|-message|Contorted Lies forfeited.
|
|win|80IQ screens spam
|l|☆Contorted Lies
|raw|80IQ screens spam's rating: 1837 &rarr; <strong>1858</strong><br />(+21 for winning)
|raw|Contorted Lies's rating: 1841 &rarr; <strong>1821</strong><br />(-20 for losing)
|l| Alkagen101
