|j|☆Adel19
|j|☆FuckboyCharmander
|t:|1663749271
|gametype|singles
|player|p1|Adel19|266|1751
|player|p2|FuckboyCharmander|102|1802
|teamsize|p1|6
|teamsize|p2|6
|gen|8
|tier|[Gen 8] OU
|rated|
|rule|Sleep Clause Mod: Limit one foe put to sleep
|rule|Species Clause: Limit one of each Pokémon
|rule|OHKO Clause: OHKO moves are banned
|rule|Evasion Items Clause: Evasion items are banned
|rule|Evasion Moves Clause: Evasion moves are banned
|rule|Endless Battle Clause: Forcing endless battles is banned
|rule|HP Percentage Mod: HP is shown in percentages
|rule|Dynamax Clause: You cannot dynamax
|clearpoke
|poke|p1|Landorus-Therian, M|
|poke|p1|Zeraora|
|poke|p1|Tapu Fini|
|poke|p1|Zapdos|
|poke|p1|Blissey, F|
|poke|p1|Tapu Lele|
|poke|p2|Ninetales-Alola, F|
|poke|p2|Blaziken, F|
|poke|p2|Azumarill, F|
|poke|p2|Landorus-Therian, M|
|poke|p2|Rillaboom, F|
|poke|p2|Hawlucha, F|
|teampreview
|j| wocaowocao
|
|t:|1663749284
|start
|switch|p1a: Tapu Lele|Tapu Lele|100/100
|switch|p2a: Landorus|Landorus-Therian, M|100/100
|-ability|p2a: Landorus|Intimidate|boost
|-unboost|p1a: Tapu Lele|atk|1
|-fieldstart|move: Psychic Terrain|[from] ability: Psychic Surge|[of] p1a: Tapu Lele
|turn|1
|
|t:|1663749291
|move|p2a: Landorus|Earthquake|p1a: Tapu Lele
|-damage|p1a: Tapu Lele|9/100
|move|p1a: Tapu Lele|Psychic|p2a: Landorus
|-damage|p2a: Landorus|0 fnt
|faint|p2a: Landorus
|
|upkeep
|
|t:|1663749295
|switch|p2a: Ninetales|Ninetales-Alola, F|100/100
|-weather|Hail|[from] ability: Snow Warning|[of] p2a: Ninetales
|turn|2
|
|t:|1663749300
|switch|p1a: Blissey|Blissey, F|100/100
|move|p2a: Ninetales|Freeze-Dry|p1a: Blissey
|-damage|p1a: Blissey|90/100
|
|-weather|Hail|[upkeep]
|-damage|p1a: Blissey|84/100|[from] Hail
|upkeep
|turn|3
|
|t:|1663749303
|move|p2a: Ninetales|Aurora Veil|p2a: Ninetales
|-sidestart|p2: FuckboyCharmander|move: Aurora Veil
|move|p1a: Blissey|Toxic|p2a: Ninetales
|-status|p2a: Ninetales|tox
|
|-weather|Hail|[upkeep]
|-damage|p1a: Blissey|78/100|[from] Hail
|-damage|p2a: Ninetales|94/100 tox|[from] psn
|upkeep
|turn|4
|
|t:|1663749309
|switch|p2a: Rillaboom|Rillaboom, F|100/100
|-fieldstart|move: Grassy Terrain|[from] ability: Grassy Surge|[of] p2a: Rillaboom
|move|p1a: Blissey|Toxic|p2a: Rillaboom
|-status|p2a: Rillaboom|tox
|
|-weather|Hail|[upkeep]
|-damage|p2a: Rillaboom|94/100 tox|[from] Hail
|-damage|p1a: Blissey|72/100|[from] Hail
|-heal|p2a: Rillaboom|100/100 tox|[from] Grassy Terrain
|-heal|p1a: Blissey|78/100|[from] Grassy Terrain
|-damage|p2a: Rillaboom|94/100 tox|[from] psn
|upkeep
|turn|5
|
|t:|1663749315
|move|p2a: Rillaboom|Knock Off|p1a: Blissey
|-damage|p1a: Blissey|40/100
|-enditem|p1a: Blissey|Heavy-Duty Boots|[from] move: Knock Off|[of] p2a: Rillaboom
|-damage|p2a: Rillaboom|84/100 tox|[from] item: Life Orb
|move|p1a: Blissey|Seismic Toss|p2a: Rillaboom
|-damage|p2a: Rillaboom|55/100 tox
|
|-weather|Hail|[upkeep]
|-damage|p2a: Rillaboom|49/100 tox|[from] Hail
|-damage|p1a: Blissey|34/100|[from] Hail
|-heal|p2a: Rillaboom|55/100 tox|[from] Grassy Terrain
|-heal|p1a: Blissey|40/100|[from] Grassy Terrain
|-damage|p2a: Rillaboom|43/100 tox|[from] psn
|upkeep
|turn|6
|
|t:|1663749320
|switch|p1a: Zapdos|Zapdos|100/100
|move|p2a: Rillaboom|Grassy Glide|p1a: Zapdos
|-resisted|p1a: Zapdos
|-damage|p1a: Zapdos|77/100
|-damage|p2a: Rillaboom|33/100 tox|[from] item: Life Orb
|
|-weather|none
|-heal|p2a: Rillaboom|39/100 tox|[from] Grassy Terrain
|-damage|p2a: Rillaboom|21/100 tox|[from] psn
|upkeep
|turn|7
|
|t:|1663749330
|switch|p2a: Ninetales|Ninetales-Alola, F|94/100 tox
|-weather|Hail|[from] ability: Snow Warning|[of] p2a: Ninetales
|move|p1a: Zapdos|Roost|p1a: Zapdos
|-heal|p1a: Zapdos|100/100
|-singleturn|p1a: Zapdos|move: Roost
|
|-weather|Hail|[upkeep]
|-damage|p1a: Zapdos|94/100|[from] Hail
|-heal|p2a: Ninetales|100/100 tox|[from] Grassy Terrain
|-heal|p1a: Zapdos|100/100|[from] Grassy Terrain
|-damage|p2a: Ninetales|94/100 tox|[from] psn
|upkeep
|turn|8
|j| nightsuliu
|j| tapu moxo
|
|t:|1663749354
|switch|p1a: Blissey|Blissey, F|40/100
|move|p2a: Ninetales|Toxic|p1a: Blissey
|-status|p1a: Blissey|tox
|
|-weather|Hail|[upkeep]
|-damage|p1a: Blissey|34/100 tox|[from] Hail
|-heal|p2a: Ninetales|100/100 tox|[from] Grassy Terrain
|-heal|p1a: Blissey|40/100 tox|[from] Grassy Terrain
|-damage|p2a: Ninetales|88/100 tox|[from] psn
|-damage|p1a: Blissey|34/100 tox|[from] psn
|-fieldend|move: Grassy Terrain
|upkeep
|turn|9
|
|t:|1663749359
|switch|p2a: Blaziken|Blaziken, F|100/100
|move|p1a: Blissey|Soft-Boiled|p1a: Blissey
|-heal|p1a: Blissey|84/100 tox
|
|-weather|Hail|[upkeep]
|-damage|p2a: Blaziken|95/100|[from] Hail
|-damage|p1a: Blissey|78/100 tox|[from] Hail
|-damage|p1a: Blissey|66/100 tox|[from] psn
|upkeep
|turn|10
|
|t:|1663749364
|-curestatus|p1a: Blissey|tox|[from] ability: Natural Cure
|switch|p1a: Tapu Fini|Tapu Fini|100/100
|-fieldstart|move: Misty Terrain|[from] ability: Misty Surge|[of] p1a: Tapu Fini
|move|p2a: Blaziken|Close Combat|p1a: Tapu Fini
|-resisted|p1a: Tapu Fini
|-damage|p1a: Tapu Fini|69/100
|-unboost|p2a: Blaziken|def|1
|-unboost|p2a: Blaziken|spd|1
|-damage|p2a: Blaziken|85/100|[from] item: Life Orb
|
|-weather|Hail|[upkeep]
|-damage|p2a: Blaziken|79/100|[from] Hail
|-damage|p1a: Tapu Fini|63/100|[from] Hail
|-heal|p1a: Tapu Fini|69/100|[from] item: Leftovers
|-sideend|p2: FuckboyCharmander|move: Aurora Veil
|-ability|p2a: Blaziken|Speed Boost|boost
|-boost|p2a: Blaziken|spe|1
|upkeep
|turn|11
|
|t:|1663749372
|switch|p2a: Azumarill|Azumarill, F|100/100
|move|p1a: Tapu Fini|Surf|p2a: Azumarill
|-resisted|p2a: Azumarill
|-damage|p2a: Azumarill|83/100
|
|-weather|none
|-heal|p1a: Tapu Fini|75/100|[from] item: Leftovers
|upkeep
|turn|12
|
|t:|1663749378
|move|p1a: Tapu Fini|Moonblast|p2a: Azumarill
|-damage|p2a: Azumarill|50/100
|-unboost|p2a: Azumarill|spa|1
|move|p2a: Azumarill|Play Rough|p1a: Tapu Fini
|-damage|p1a: Tapu Fini|22/100
|-damage|p2a: Azumarill|40/100|[from] item: Life Orb
|
|-heal|p1a: Tapu Fini|28/100|[from] item: Leftovers
|upkeep
|turn|13
|
|t:|1663749383
|move|p1a: Tapu Fini|Moonblast|p2a: Azumarill
|-damage|p2a: Azumarill|4/100
|move|p2a: Azumarill|Play Rough|p1a: Tapu Fini
|-damage|p1a: Tapu Fini|0 fnt
|faint|p1a: Tapu Fini
|-damage|p2a: Azumarill|0 fnt|[from] item: Life Orb
|faint|p2a: Azumarill
|
|upkeep
|
|t:|1663749388
|switch|p1a: Zeraora|Zeraora|100/100
|switch|p2a: Ninetales|Ninetales-Alola, F|88/100 tox
|-weather|Hail|[from] ability: Snow Warning|[of] p2a: Ninetales
|turn|14
|
|t:|1663749395
|move|p1a: Zeraora|Taunt|p2a: Ninetales
|-start|p2a: Ninetales|move: Taunt
|cant|p2a: Ninetales|move: Taunt|Aurora Veil
|
|-weather|Hail|[upkeep]
|-damage|p1a: Zeraora|95/100|[from] Hail
|-damage|p2a: Ninetales|82/100 tox|[from] psn
|-fieldend|Misty Terrain
|upkeep
|turn|15
|
|t:|1663749403
|switch|p2a: Rillaboom|Rillaboom, F|21/100 tox
|-fieldstart|move: Grassy Terrain|[from] ability: Grassy Surge|[of] p2a: Rillaboom
|move|p1a: Zeraora|Plasma Fists|p2a: Rillaboom
|-resisted|p2a: Rillaboom
|-damage|p2a: Rillaboom|0 fnt
|-fieldactivate|move: Ion Deluge
|-hint|Normal-type moves become Electric-type after using Plasma Fists.
|faint|p2a: Rillaboom
|
|-weather|Hail|[upkeep]
|-damage|p1a: Zeraora|89/100|[from] Hail
|-heal|p1a: Zeraora|95/100|[from] Grassy Terrain
|upkeep
|
|t:|1663749407
|switch|p2a: Hawlucha|Hawlucha, F|100/100
|-enditem|p2a: Hawlucha|Grassy Seed
|-boost|p2a: Hawlucha|def|1|[from] item: Grassy Seed
|turn|16
|
|t:|1663749415
|move|p2a: Hawlucha|Swords Dance|p2a: Hawlucha
|-boost|p2a: Hawlucha|atk|2
|move|p1a: Zeraora|Plasma Fists|p2a: Hawlucha
|-supereffective|p2a: Hawlucha
|-damage|p2a: Hawlucha|29/100
|-fieldactivate|move: Ion Deluge
|-hint|Normal-type moves become Electric-type after using Plasma Fists.
|
|-weather|Hail|[upkeep]
|-damage|p2a: Hawlucha|23/100|[from] Hail
|-damage|p1a: Zeraora|89/100|[from] Hail
|-heal|p1a: Zeraora|95/100|[from] Grassy Terrain
|upkeep
|turn|17
|
|t:|1663749422
|switch|p1a: Landorus|Landorus-Therian, M|100/100
|-ability|p1a: Landorus|Intimidate|boost
|-unboost|p2a: Hawlucha|atk|1
|move|p2a: Hawlucha|Close Combat|p1a: Landorus
|-resisted|p1a: Landorus
|-damage|p1a: Landorus|53/100
|-unboost|p2a: Hawlucha|def|1
|-unboost|p2a: Hawlucha|spd|1
|
|-weather|Hail|[upkeep]
|-damage|p2a: Hawlucha|17/100|[from] Hail
|-damage|p1a: Landorus|47/100|[from] Hail
|upkeep
|turn|18
|
|t:|1663749425
|move|p2a: Hawlucha|Acrobatics|p1a: Landorus
|-damage|p1a: Landorus|0 fnt
|faint|p1a: Landorus
|
|-weather|none
|upkeep
|
|t:|1663749429
|switch|p1a: Zapdos|Zapdos|100/100
|turn|19
|
|t:|1663749433
|move|p2a: Hawlucha|Close Combat|p1a: Zapdos
|-resisted|p1a: Zapdos
|-damage|p1a: Zapdos|73/100
|-unboost|p2a: Hawlucha|def|1
|-unboost|p2a: Hawlucha|spd|1
|move|p1a: Zapdos|Volt Switch|p2a: Hawlucha
|-supereffective|p2a: Hawlucha
|-damage|p2a: Hawlucha|0 fnt
|faint|p2a: Hawlucha
|
|t:|1663749440
|switch|p1a: Zeraora|Zeraora|95/100|[from]move: Volt Switch
|
|-heal|p1a: Zeraora|100/100|[from] Grassy Terrain
|-fieldend|move: Grassy Terrain
|upkeep
|-message|FuckboyCharmander forfeited.
|
|win|Adel19
|raw|Adel19's rating: 1751 &rarr; <strong>1774</strong><br />(+23 for winning)
|raw|FuckboyCharmander's rating: 1802 &rarr; <strong>1779</strong><br />(-23 for losing)
|l|☆FuckboyCharmander
