|j|☆Ouistough
|j|☆therockcena
|t:|1619548281
|gametype|singles
|player|p1|Ouistough|hoopster|1244
|player|p2|therockcena|102|1258
|teamsize|p1|6
|teamsize|p2|6
|gen|8
|tier|[Gen 8] OU
|rated|
|clearpoke
|poke|p1|Scolipede, M|
|poke|p1|Dragapult, F|
|poke|p1|Bisharp, M|
|poke|p1|Zapdos|
|poke|p1|Rillaboom, M|
|poke|p1|Tapu Fini|
|poke|p2|Incineroar, F|
|poke|p2|Landorus-Therian, M|
|poke|p2|Victini|
|poke|p2|Zapdos|
|poke|p2|Slowbro, F|
|poke|p2|Tapu Koko|
|rule|Sleep Clause Mod: Limit one foe put to sleep
|rule|Species Clause: Limit one of each Pokémon
|rule|OHKO Clause: OHKO moves are banned
|rule|Evasion Moves Clause: Evasion moves are banned
|rule|Endless Battle Clause: Forcing endless battles is banned
|rule|HP Percentage Mod: HP is shown in percentages
|rule|Dynamax Clause: You cannot dynamax
|teampreview
|inactive|Battle timer is ON: inactive players will automatically lose when time's up. (requested by therockcena)
|
|t:|1619548290
|start
|switch|p1a: Scolipede|Scolipede, M, shiny|100/100
|switch|p2a: Incineroar|Incineroar, F|100/100
|-ability|p2a: Incineroar|Intimidate|boost
|-unboost|p1a: Scolipede|atk|1
|turn|1
|
|t:|1619548300
|move|p1a: Scolipede|Toxic Spikes|p2a: Incineroar
|-sidestart|p2: therockcena|move: Toxic Spikes
|move|p2a: Incineroar|Will-O-Wisp|p1a: Scolipede|[miss]
|-miss|p2a: Incineroar|p1a: Scolipede
|
|-ability|p1a: Scolipede|Speed Boost|boost
|-boost|p1a: Scolipede|spe|1
|upkeep
|turn|2
|
|t:|1619548305
|move|p1a: Scolipede|Spikes|p2a: Incineroar
|-sidestart|p2: therockcena|Spikes
|move|p2a: Incineroar|Will-O-Wisp|p1a: Scolipede
|-status|p1a: Scolipede|brn
|
|-damage|p1a: Scolipede|94/100 brn|[from] brn
|-ability|p1a: Scolipede|Speed Boost|boost
|-boost|p1a: Scolipede|spe|1
|upkeep
|turn|3
|
|t:|1619548309
|switch|p2a: Zapdos|Zapdos|100/100
|move|p1a: Scolipede|Spikes|p2a: Zapdos
|-sidestart|p2: therockcena|Spikes
|
|-damage|p1a: Scolipede|88/100 brn|[from] brn
|-ability|p1a: Scolipede|Speed Boost|boost
|-boost|p1a: Scolipede|spe|1
|upkeep
|turn|4
|
|t:|1619548314
|switch|p1a: Bisharp|Bisharp, M, shiny|100/100
|move|p2a: Zapdos|Defog|p1a: Bisharp
|-unboost|p1a: Bisharp|evasion|1
|-ability|p1a: Bisharp|Defiant
|-boost|p1a: Bisharp|atk|2
|-sideend|p2: therockcena|Spikes|[from] move: Defog|[of] p2a: Zapdos
|-sideend|p2: therockcena|Toxic Spikes|[from] move: Defog|[of] p2a: Zapdos
|
|upkeep
|turn|5
|
|t:|1619548318
|move|p1a: Bisharp|Knock Off|p2a: Zapdos
|-crit|p2a: Zapdos
|-damage|p2a: Zapdos|0 fnt
|-enditem|p2a: Zapdos|Leftovers|[from] move: Knock Off|[of] p1a: Bisharp
|faint|p2a: Zapdos
|
|upkeep
|
|t:|1619548326
|switch|p2a: Tapu Koko|Tapu Koko|100/100
|-fieldstart|move: Electric Terrain|[from] ability: Electric Surge|[of] p2a: Tapu Koko
|turn|6
|
|t:|1619548331
|move|p2a: Tapu Koko|Thunderbolt|p1a: Bisharp
|-damage|p1a: Bisharp|3/100
|move|p1a: Bisharp|Knock Off|p2a: Tapu Koko
|-resisted|p2a: Tapu Koko
|-crit|p2a: Tapu Koko
|-damage|p2a: Tapu Koko|0 fnt
|-enditem|p2a: Tapu Koko|Leftovers|[from] move: Knock Off|[of] p1a: Bisharp
|faint|p2a: Tapu Koko
|
|upkeep
|
|t:|1619548333
|switch|p2a: Landorus|Landorus-Therian, M|100/100
|-ability|p2a: Landorus|Intimidate|boost
|-unboost|p1a: Bisharp|atk|1
|-ability|p1a: Bisharp|Defiant
|-boost|p1a: Bisharp|atk|2
|turn|7
|-message|therockcena forfeited.
|
|win|Ouistough
|raw|Ouistough's rating: 1244 &rarr; <strong>1270</strong><br />(+26 for winning)
|raw|therockcena's rating: 1258 &rarr; <strong>1232</strong><br />(-26 for losing)
|l|☆therockcena
