|raw|<div class="broadcast-blue"><strong>This battle is required to be public due to a player having a name prefixed by 'LT72MS'.</div>
|j|☆relic stone
|j|☆LT72MS life
|t:|1597980824
|player|p1|relic stone|lusamine-nihilego|1937
|player|p2|LT72MS life|ethan|1969
|teamsize|p1|6
|teamsize|p2|6
|gametype|singles
|gen|8
|tier|[Gen 8] OU
|rated|
|clearpoke
|poke|p1|Slowbro-Galar, M|
|poke|p1|Zarude|
|poke|p1|Mantine, M|
|poke|p1|Excadrill, M|
|poke|p1|Rotom-Heat|
|poke|p1|Clefable, M|
|poke|p2|Torkoal, M|
|poke|p2|Venusaur, M|
|poke|p2|Lycanroc-Dusk, M|
|poke|p2|Excadrill, M|
|poke|p2|Hydreigon, M|
|poke|p2|Hatterene, F|
|rule|Sleep Clause Mod: Limit one foe put to sleep
|rule|Species Clause: Limit one of each Pokémon
|rule|OHKO Clause: OHKO moves are banned
|rule|Evasion Moves Clause: Evasion moves are banned
|rule|Endless Battle Clause: Forcing endless battles is banned
|rule|HP Percentage Mod: HP is shown in percentages
|rule|Dynamax Clause: You cannot dynamax
|teampreview
|inactive|Battle timer is ON: inactive players will automatically lose when time's up. (requested by LT72MS life)
|j| LT72MS Skype Nguin
|j| lt72ms hay
|j| lifesuckz
|l| LT72MS Skype Nguin
|j| arcsin180°
|j| sugarhigh
|j| storm zone ftw
|inactive|relic stone has 120 seconds left.
|inactive|LT72MS life has 120 seconds left.
|c| storm zone ftw|ez money
|c|☆relic stone|hf
|c|☆relic stone|;-;
|j| BBK
|c| arcsin180°|damn
|c|☆LT72MS life|hf
|
|t:|1597980863
|start
|switch|p1a: Impaler|Excadrill, M, shiny|100/100
|switch|p2a: Torkoal|Torkoal, M|100/100
|-ability|p1a: Impaler|Mold Breaker
|-weather|SunnyDay|[from] ability: Drought|[of] p2a: Torkoal
|turn|1
|c| arcsin180°|u loadin heat storm???
|
|t:|1597980871
|switch|p2a: Hydreigon|Hydreigon, M|100/100
|move|p1a: Impaler|Earthquake|p2a: Hydreigon
|-damage|p2a: Hydreigon|46/100
|
|-weather|SunnyDay|[upkeep]
|upkeep
|turn|2
|c|☆relic stone|just playin rn yea
|
|t:|1597980879
|move|p2a: Hydreigon|Flamethrower|p1a: Impaler
|-supereffective|p1a: Impaler
|-damage|p1a: Impaler|32/100
|-status|p1a: Impaler|brn
|move|p1a: Impaler|Stealth Rock|p2a: Hydreigon
|-sidestart|p2: LT72MS life|move: Stealth Rock
|
|-weather|SunnyDay|[upkeep]
|-heal|p1a: Impaler|38/100 brn|[from] item: Leftovers
|-damage|p1a: Impaler|32/100 brn|[from] brn
|upkeep
|turn|3
|j| Vix/Pie
|c| arcsin180°|top 3 mons r fire
|
|t:|1597980886
|switch|p1a: Poseidon|Mantine, M|100/100
|move|p2a: Hydreigon|Flamethrower|p1a: Poseidon
|-resisted|p1a: Poseidon
|-damage|p1a: Poseidon|85/100
|-status|p1a: Poseidon|brn
|
|-weather|SunnyDay|[upkeep]
|-damage|p1a: Poseidon|79/100 brn|[from] brn
|upkeep
|turn|4
|c|☆LT72MS life|lol
|c|☆LT72MS life|no comment
|
|t:|1597980898
|switch|p2a: Excadrill|Excadrill, M|100/100
|-damage|p2a: Excadrill|97/100|[from] Stealth Rock
|-ability|p2a: Excadrill|Mold Breaker
|move|p1a: Poseidon|Scald|p2a: Excadrill
|-supereffective|p2a: Excadrill
|-damage|p2a: Excadrill|69/100
|-status|p2a: Excadrill|brn
|
|-weather|SunnyDay|[upkeep]
|-damage|p2a: Excadrill|63/100 brn|[from] brn
|-damage|p1a: Poseidon|73/100 brn|[from] brn
|upkeep
|turn|5
|
|t:|1597980904
|switch|p1a: Galarian Jaguar|Zarude|100/100
|move|p2a: Excadrill|Rapid Spin|p1a: Galarian Jaguar
|-damage|p1a: Galarian Jaguar|93/100
|-boost|p2a: Excadrill|spe|1
|-sideend|p2: LT72MS life|Stealth Rock|[from] move: Rapid Spin|[of] p2a: Excadrill
|
|-weather|SunnyDay|[upkeep]
|-heal|p1a: Galarian Jaguar|99/100|[from] item: Leftovers
|-damage|p2a: Excadrill|57/100 brn|[from] brn
|upkeep
|turn|6
|
|t:|1597980911
|switch|p2a: Hydreigon|Hydreigon, M|46/100
|move|p1a: Galarian Jaguar|Jungle Healing|p1a: Galarian Jaguar
|-heal|p1a: Galarian Jaguar|100/100
|
|-weather|SunnyDay|[upkeep]
|upkeep
|turn|7
|l| Vix/Pie
|j| mncmt
|
|t:|1597980935
|switch|p1a: Phantom|Rotom-Heat, shiny|100/100
|move|p2a: Hydreigon|U-turn|p1a: Phantom
|-resisted|p1a: Phantom
|-damage|p1a: Phantom|92/100
|j| Lunarr
|j| xxxxx5
|
|t:|1597980956
|switch|p2a: Hatterene|Hatterene, F|100/100|[from]move: U-turn
|
|-weather|SunnyDay|[upkeep]
|upkeep
|turn|8
|
|t:|1597980961
|move|p1a: Phantom|Nasty Plot|p1a: Phantom
|-boost|p1a: Phantom|spa|2
|move|p2a: Hatterene|Calm Mind|p2a: Hatterene
|-boost|p2a: Hatterene|spa|1
|-boost|p2a: Hatterene|spd|1
|
|-weather|none
|upkeep
|turn|9
|
|t:|1597980966
|move|p1a: Phantom|Volt Switch|p2a: Hatterene
|-damage|p2a: Hatterene|64/100
|j| milf dennys
|
|t:|1597980968
|switch|p1a: Impaler|Excadrill, M, shiny|32/100 brn|[from]move: Volt Switch
|-ability|p1a: Impaler|Mold Breaker
|move|p2a: Hatterene|Psyshock|p1a: Impaler
|-resisted|p1a: Impaler
|-damage|p1a: Impaler|0 fnt
|faint|p1a: Impaler
|
|-heal|p2a: Hatterene|70/100|[from] item: Leftovers
|upkeep
|
|t:|1597980974
|switch|p1a: Crescent|Clefable, M, shiny|100/100
|turn|10
|
|t:|1597980976
|move|p1a: Crescent|Moonblast|p2a: Hatterene
|-damage|p2a: Hatterene|38/100
|-unboost|p2a: Hatterene|spa|1
|move|p2a: Hatterene|Draining Kiss|p1a: Crescent
|-damage|p1a: Crescent|80/100
|-heal|p2a: Hatterene|57/100|[from] drain|[of] p1a: Crescent
|
|-heal|p2a: Hatterene|63/100|[from] item: Leftovers
|upkeep
|turn|11
|l| arcsin180°
|j| arcsin180°
|l| arcsin180°
|
|t:|1597980992
|switch|p2a: Torkoal|Torkoal, M|100/100
|-weather|SunnyDay|[from] ability: Drought|[of] p2a: Torkoal
|move|p1a: Crescent|Moonblast|p2a: Torkoal
|-resisted|p2a: Torkoal
|-damage|p2a: Torkoal|78/100
|
|-weather|SunnyDay|[upkeep]
|upkeep
|turn|12
|l| milf dennys
|
|t:|1597981013
|move|p1a: Crescent|Wish|p1a: Crescent
|move|p2a: Torkoal|Stealth Rock|p1a: Crescent
|-sidestart|p1: relic stone|move: Stealth Rock
|
|-weather|SunnyDay|[upkeep]
|upkeep
|turn|13
|
|t:|1597981025
|switch|p2a: Hatterene|Hatterene, F|63/100
|move|p1a: Crescent|Moonblast|p2a: Hatterene
|-damage|p2a: Hatterene|33/100
|-unboost|p2a: Hatterene|spa|1
|
|-weather|SunnyDay|[upkeep]
|-heal|p1a: Crescent|100/100|[from] move: Wish|[wisher] Crescent
|-heal|p2a: Hatterene|39/100|[from] item: Leftovers
|upkeep
|turn|14
|
|t:|1597981042
|switch|p2a: Excadrill|Excadrill, M|57/100 brn
|-ability|p2a: Excadrill|Mold Breaker
|move|p1a: Crescent|Moonblast|p2a: Excadrill
|-resisted|p2a: Excadrill
|-damage|p2a: Excadrill|38/100 brn
|-unboost|p2a: Excadrill|spa|1
|
|-weather|SunnyDay|[upkeep]
|-damage|p2a: Excadrill|32/100 brn|[from] brn
|upkeep
|turn|15
|
|t:|1597981048
|move|p2a: Excadrill|Iron Head|p1a: Crescent
|-supereffective|p1a: Crescent
|-damage|p1a: Crescent|67/100
|move|p1a: Crescent|Wish|p1a: Crescent
|
|-weather|SunnyDay|[upkeep]
|-damage|p2a: Excadrill|26/100 brn|[from] brn
|upkeep
|turn|16
|
|t:|1597981056
|switch|p1a: Phantom|Rotom-Heat, shiny|92/100
|move|p2a: Excadrill|Iron Head|p1a: Phantom
|-resisted|p1a: Phantom
|-damage|p1a: Phantom|86/100
|
|-weather|SunnyDay|[upkeep]
|-heal|p1a: Phantom|100/100|[from] move: Wish|[wisher] Crescent
|-damage|p2a: Excadrill|20/100 brn|[from] brn
|upkeep
|turn|17
|
|t:|1597981065
|move|p2a: Excadrill|Iron Head|p1a: Phantom
|-resisted|p1a: Phantom
|-damage|p1a: Phantom|95/100
|move|p1a: Phantom|Nasty Plot|p1a: Phantom
|-boost|p1a: Phantom|spa|2
|
|-weather|SunnyDay|[upkeep]
|-damage|p2a: Excadrill|13/100 brn|[from] brn
|upkeep
|turn|18
|j| Hockey1
|
|t:|1597981071
|move|p2a: Excadrill|Iron Head|p1a: Phantom
|-resisted|p1a: Phantom
|-damage|p1a: Phantom|89/100
|move|p1a: Phantom|Nasty Plot|p1a: Phantom
|-boost|p1a: Phantom|spa|2
|
|-weather|none
|-damage|p2a: Excadrill|7/100 brn|[from] brn
|upkeep
|turn|19
|
|t:|1597981077
|move|p2a: Excadrill|Iron Head|p1a: Phantom
|-resisted|p1a: Phantom
|-damage|p1a: Phantom|83/100
|cant|p1a: Phantom|flinch
|
|-damage|p2a: Excadrill|1/100 brn|[from] brn
|upkeep
|turn|20
|
|t:|1597981083
|move|p2a: Excadrill|Iron Head|p1a: Phantom
|-resisted|p1a: Phantom
|-damage|p1a: Phantom|77/100
|cant|p1a: Phantom|flinch
|
|-damage|p2a: Excadrill|0 fnt|[from] brn
|faint|p2a: Excadrill
|upkeep
|
|t:|1597981090
|switch|p2a: Hydreigon|Hydreigon, M|46/100
|turn|21
|j| Vix/Pie
|
|t:|1597981100
|switch|p1a: Crescent|Clefable, M, shiny|67/100
|move|p2a: Hydreigon|Draco Meteor|p1a: Crescent
|-immune|p1a: Crescent
|
|upkeep
|turn|22
|j| chinchiliconcarne
|l| Vix/Pie
|
|t:|1597981104
|switch|p2a: Torkoal|Torkoal, M|78/100
|-weather|SunnyDay|[from] ability: Drought|[of] p2a: Torkoal
|move|p1a: Crescent|Wish|p1a: Crescent
|
|-weather|SunnyDay|[upkeep]
|upkeep
|turn|23
|
|t:|1597981111
|move|p2a: Torkoal|Toxic|p1a: Crescent
|-status|p1a: Crescent|tox
|move|p1a: Crescent|Teleport|p1a: Crescent
|
|t:|1597981119
|switch|p1a: Jabba|Slowbro-Galar, M|100/100|[from]move: Teleport
|-damage|p1a: Jabba|88/100|[from] Stealth Rock
|
|-weather|SunnyDay|[upkeep]
|-heal|p1a: Jabba|100/100|[from] move: Wish|[wisher] Crescent
|upkeep
|turn|24
|
|t:|1597981128
|move|p1a: Jabba|Psychic|p2a: Torkoal
|-damage|p2a: Torkoal|27/100
|move|p2a: Torkoal|Lava Plume|p1a: Jabba
|-damage|p1a: Jabba|57/100
|-status|p1a: Jabba|brn
|
|-weather|SunnyDay|[upkeep]
|-damage|p1a: Jabba|51/100 brn|[from] brn
|upkeep
|turn|25
|
|t:|1597981146
|switch|p2a: Hatterene|Hatterene, F|39/100
|move|p1a: Jabba|Psychic|p2a: Hatterene
|-resisted|p2a: Hatterene
|-damage|p2a: Hatterene|14/100
|
|-weather|SunnyDay|[upkeep]
|-heal|p2a: Hatterene|20/100|[from] item: Leftovers
|-damage|p1a: Jabba|45/100 brn|[from] brn
|upkeep
|turn|26
|j| Ash KetchumGamer
|
|t:|1597981154
|move|p1a: Jabba|Shell Side Arm|p2a: Hatterene
|-supereffective|p2a: Hatterene
|-damage|p2a: Hatterene|0 fnt
|-hint|Special Shell Side Arm
|faint|p2a: Hatterene
|
|-weather|SunnyDay|[upkeep]
|-damage|p1a: Jabba|39/100 brn|[from] brn
|upkeep
|
|t:|1597981161
|switch|p2a: Venusaur|Venusaur, M|100/100
|turn|27
|l| chinchiliconcarne
|
|t:|1597981167
|move|p2a: Venusaur|Weather Ball|p1a: Jabba
|-damage|p1a: Jabba|0 fnt
|-damage|p2a: Venusaur|91/100|[from] item: Life Orb
|faint|p1a: Jabba
|
|-weather|SunnyDay|[upkeep]
|upkeep
|
|t:|1597981171
|switch|p1a: Phantom|Rotom-Heat, shiny|77/100
|turn|28
|
|t:|1597981177
|switch|p2a: Hydreigon|Hydreigon, M|46/100
|move|p1a: Phantom|Overheat|p2a: Hydreigon
|-resisted|p2a: Hydreigon
|-damage|p2a: Hydreigon|2/100
|-unboost|p1a: Phantom|spa|2
|
|-weather|SunnyDay|[upkeep]
|upkeep
|turn|29
|j| Alloutdragadarts
|
|t:|1597981195
|switch|p1a: Poseidon|Mantine, M|73/100 brn
|move|p2a: Hydreigon|U-turn|p1a: Poseidon
|-resisted|p1a: Poseidon
|-damage|p1a: Poseidon|66/100 brn
|
|t:|1597981197
|switch|p2a: Lycanroc|Lycanroc-Dusk, M|100/100|[from]move: U-turn
|
|-weather|none
|-damage|p1a: Poseidon|60/100 brn|[from] brn
|upkeep
|turn|30
|
|t:|1597981201
|move|p2a: Lycanroc|Accelerock|p1a: Poseidon
|-supereffective|p1a: Poseidon
|-damage|p1a: Poseidon|4/100 brn
|-damage|p2a: Lycanroc|91/100|[from] item: Life Orb
|move|p1a: Poseidon|Scald|p2a: Lycanroc
|-supereffective|p2a: Lycanroc
|-damage|p2a: Lycanroc|10/100
|
|-damage|p1a: Poseidon|0 fnt|[from] brn
|faint|p1a: Poseidon
|upkeep
|j| Piyush21
|
|t:|1597981218
|switch|p1a: Galarian Jaguar|Zarude|100/100
|-damage|p1a: Galarian Jaguar|88/100|[from] Stealth Rock
|turn|31
|
|t:|1597981229
|switch|p1a: Crescent|Clefable, M, shiny|67/100 tox
|move|p2a: Lycanroc|Close Combat|p1a: Crescent
|-resisted|p1a: Crescent
|-damage|p1a: Crescent|40/100 tox
|-unboost|p2a: Lycanroc|def|1
|-unboost|p2a: Lycanroc|spd|1
|-damage|p2a: Lycanroc|0 fnt|[from] item: Life Orb
|faint|p2a: Lycanroc
|
|-damage|p1a: Crescent|33/100 tox|[from] psn
|upkeep
|
|t:|1597981233
|switch|p2a: Torkoal|Torkoal, M|27/100
|-weather|SunnyDay|[from] ability: Drought|[of] p2a: Torkoal
|turn|32
|
|t:|1597981240
|move|p1a: Crescent|Moonblast|p2a: Torkoal
|-resisted|p2a: Torkoal
|-damage|p2a: Torkoal|6/100
|move|p2a: Torkoal|Lava Plume|p1a: Crescent
|-damage|p1a: Crescent|1/100 tox
|
|-weather|SunnyDay|[upkeep]
|-damage|p1a: Crescent|0 fnt|[from] psn
|faint|p1a: Crescent
|upkeep
|
|t:|1597981246
|switch|p1a: Galarian Jaguar|Zarude|88/100
|-damage|p1a: Galarian Jaguar|76/100|[from] Stealth Rock
|turn|33
|
|t:|1597981250
|move|p1a: Galarian Jaguar|Darkest Lariat|p2a: Torkoal
|-damage|p2a: Torkoal|0 fnt
|faint|p2a: Torkoal
|
|-weather|SunnyDay|[upkeep]
|-heal|p1a: Galarian Jaguar|82/100|[from] item: Leftovers
|upkeep
|
|t:|1597981253
|switch|p2a: Venusaur|Venusaur, M|91/100
|turn|34
|
|t:|1597981258
|switch|p1a: Phantom|Rotom-Heat, shiny|77/100
|move|p2a: Venusaur|Weather Ball|p1a: Phantom
|-resisted|p1a: Phantom
|-damage|p1a: Phantom|52/100
|-damage|p2a: Venusaur|81/100|[from] item: Life Orb
|
|-weather|SunnyDay|[upkeep]
|upkeep
|turn|35
|
|t:|1597981264
|move|p2a: Venusaur|Weather Ball|p1a: Phantom
|-resisted|p1a: Phantom
|-damage|p1a: Phantom|28/100
|-damage|p2a: Venusaur|71/100|[from] item: Life Orb
|move|p1a: Phantom|Overheat|p2a: Venusaur
|-supereffective|p2a: Venusaur
|-damage|p2a: Venusaur|0 fnt
|-unboost|p1a: Phantom|spa|2
|faint|p2a: Venusaur
|
|-weather|SunnyDay|[upkeep]
|upkeep
|
|t:|1597981265
|switch|p2a: Hydreigon|Hydreigon, M|2/100
|turn|36
|
|t:|1597981268
|move|p2a: Hydreigon|Flamethrower|p1a: Phantom
|-resisted|p1a: Phantom
|-damage|p1a: Phantom|11/100
|move|p1a: Phantom|Volt Switch|p2a: Hydreigon
|-resisted|p2a: Hydreigon
|-damage|p2a: Hydreigon|0 fnt
|faint|p2a: Hydreigon
|
|win|relic stone
|c|☆LT72MS life|gg
|l|☆LT72MS life
|c|☆relic stone|gg
|raw|relic stone's rating: 1914 &rarr; <strong>1937</strong><br />(+23 for winning)
|raw|LT72MS life's rating: 1969 &rarr; <strong>1946</strong><br />(-23 for losing)
|l| mncmt
|c| storm zone ftw|no sludge bomb lol
|l| lifesuckz
|l|☆relic stone
