|j|‽Natty Chad
|j|☆SuperTheoryBros
|t:|1642349653
|gametype|singles
|player|p1|Natty Chad|102|1681
|player|p2|SuperTheoryBros|101|1753
|teamsize|p1|6
|teamsize|p2|6
|gen|8
|tier|[Gen 8] OU
|rated|
|rule|Sleep Clause Mod: Limit one foe put to sleep
|rule|Species Clause: Limit one of each Pokémon
|rule|OHKO Clause: OHKO moves are banned
|rule|Evasion Moves Clause: Evasion moves are banned
|rule|Endless Battle Clause: Forcing endless battles is banned
|rule|HP Percentage Mod: HP is shown in percentages
|rule|Dynamax Clause: You cannot dynamax
|clearpoke
|poke|p1|Ferrothorn, F|
|poke|p1|Rotom-Wash|
|poke|p1|Nidoking, M|
|poke|p1|Aegislash, M|
|poke|p1|Hydreigon, M|
|poke|p1|Zeraora|
|poke|p2|Shedinja|
|poke|p2|Avalugg, F|
|poke|p2|Landorus-Therian, M|
|poke|p2|Heatran, M|
|poke|p2|Skarmory, M|
|poke|p2|Blissey, F|
|teampreview
|inactive|Battle timer is ON: inactive players will automatically lose when time's up. (requested by SuperTheoryBros)
|j| iajsdbnfijsdf
|inactive|SuperTheoryBros has 120 seconds left.
|l| iajsdbnfijsdf
|
|t:|1642349691
|start
|switch|p1a: Nidoking|Nidoking, M|100/100
|switch|p2a: Blissey|Blissey, F|100/100
|turn|1
|
|t:|1642349696
|switch|p1a: Ferrothorn|Ferrothorn, F|100/100
|move|p2a: Blissey|Seismic Toss|p1a: Ferrothorn
|-damage|p1a: Ferrothorn|72/100
|-damage|p2a: Blissey|88/100|[from] ability: Iron Barbs|[of] p1a: Ferrothorn
|
|-heal|p1a: Ferrothorn|78/100|[from] item: Leftovers
|upkeep
|turn|2
|
|t:|1642349716
|switch|p2a: Skarmory|Skarmory, M|100/100
|move|p1a: Ferrothorn|Stealth Rock|p2a: Skarmory
|-sidestart|p2: SuperTheoryBros|move: Stealth Rock
|
|-heal|p1a: Ferrothorn|85/100|[from] item: Leftovers
|upkeep
|turn|3
|
|t:|1642349722
|move|p2a: Skarmory|Spikes|p1a: Ferrothorn
|-sidestart|p1: Natty Chad|Spikes
|move|p1a: Ferrothorn|Leech Seed|p2a: Skarmory
|-start|p2a: Skarmory|move: Leech Seed
|
|-heal|p1a: Ferrothorn|91/100|[from] item: Leftovers
|-damage|p2a: Skarmory|88/100|[from] Leech Seed|[of] p1a: Ferrothorn
|-heal|p1a: Ferrothorn|100/100|[silent]
|upkeep
|turn|4
|
|t:|1642349731
|move|p2a: Skarmory|Spikes|p1a: Ferrothorn
|-sidestart|p1: Natty Chad|Spikes
|move|p1a: Ferrothorn|Spikes|p2a: Skarmory
|-sidestart|p2: SuperTheoryBros|Spikes
|
|-damage|p2a: Skarmory|76/100|[from] Leech Seed|[of] p1a: Ferrothorn
|upkeep
|turn|5
|
|t:|1642349748
|move|p2a: Skarmory|Spikes|p1a: Ferrothorn
|-sidestart|p1: Natty Chad|Spikes
|move|p1a: Ferrothorn|Spikes|p2a: Skarmory
|-sidestart|p2: SuperTheoryBros|Spikes
|
|-damage|p2a: Skarmory|64/100|[from] Leech Seed|[of] p1a: Ferrothorn
|upkeep
|turn|6
|
|t:|1642349755
|switch|p2a: Heatran|Heatran, M|100/100
|-damage|p2a: Heatran|88/100|[from] Stealth Rock
|-item|p2a: Heatran|Air Balloon
|move|p1a: Ferrothorn|Spikes|p2a: Heatran
|-sidestart|p2: SuperTheoryBros|Spikes
|
|upkeep
|turn|7
|
|t:|1642349763
|switch|p1a: Rotom|Rotom-Wash|100/100
|move|p2a: Heatran|Toxic|p1a: Rotom
|-status|p1a: Rotom|tox
|
|-damage|p1a: Rotom|94/100 tox|[from] psn
|upkeep
|turn|8
|
|t:|1642349782
|switch|p2a: Blissey|Blissey, F|88/100
|move|p1a: Rotom|Volt Switch|p2a: Blissey
|-damage|p2a: Blissey|80/100
|
|t:|1642349794
|switch|p1a: Aegislash|Aegislash, M, shiny|100/100|[from]move: Volt Switch
|-damage|p1a: Aegislash|76/100|[from] Spikes
|
|-heal|p1a: Aegislash|82/100|[from] item: Leftovers
|upkeep
|turn|9
|inactive|SuperTheoryBros has 120 seconds left.
|
|t:|1642349841
|move|p1a: Aegislash|Swords Dance|p1a: Aegislash
|-boost|p1a: Aegislash|atk|2
|move|p2a: Blissey|Teleport|p2a: Blissey
|
|t:|1642349852
|switch|p2a: Landorus|Landorus-Therian, M|100/100|[from]move: Teleport
|-damage|p2a: Landorus|88/100|[from] Stealth Rock
|-ability|p2a: Landorus|Intimidate|boost
|-unboost|p1a: Aegislash|atk|1
|
|-heal|p1a: Aegislash|88/100|[from] item: Leftovers
|upkeep
|turn|10
|
|t:|1642349859
|switch|p1a: Ferrothorn|Ferrothorn, F|100/100
|-damage|p1a: Ferrothorn|75/100|[from] Spikes
|move|p2a: Landorus|Earthquake|p1a: Ferrothorn
|-damage|p1a: Ferrothorn|28/100
|
|-heal|p1a: Ferrothorn|34/100|[from] item: Leftovers
|upkeep
|turn|11
|
|t:|1642349872
|switch|p1a: Hydreigon|Hydreigon, M|100/100
|move|p2a: Landorus|Earthquake|p1a: Hydreigon
|-immune|p1a: Hydreigon|[from] ability: Levitate
|
|upkeep
|turn|12
|
|t:|1642349886
|switch|p2a: Blissey|Blissey, F|80/100
|move|p1a: Hydreigon|Dark Pulse|p2a: Blissey
|-damage|p2a: Blissey|61/100
|-damage|p1a: Hydreigon|91/100|[from] item: Life Orb
|
|upkeep
|turn|13
|j| choise band
|
|t:|1642349904
|switch|p1a: Zeraora|Zeraora|100/100
|move|p2a: Blissey|Soft-Boiled|p2a: Blissey
|-heal|p2a: Blissey|100/100
|
|upkeep
|turn|14
|inactive|SuperTheoryBros has 90 seconds left.
|
|t:|1642349935
|switch|p2a: Landorus|Landorus-Therian, M|88/100
|-damage|p2a: Landorus|76/100|[from] Stealth Rock
|-ability|p2a: Landorus|Intimidate|boost
|-unboost|p1a: Zeraora|atk|1
|move|p1a: Zeraora|Knock Off|p2a: Landorus
|-damage|p2a: Landorus|52/100
|-enditem|p2a: Landorus|Scope Lens|[from] move: Knock Off|[of] p1a: Zeraora
|
|upkeep
|turn|15
|
|t:|1642349958
|switch|p1a: Rotom|Rotom-Wash|94/100 tox
|move|p2a: Landorus|Stealth Rock|p1a: Rotom
|-sidestart|p1: Natty Chad|move: Stealth Rock
|
|-heal|p1a: Rotom|100/100 tox|[from] item: Leftovers
|-damage|p1a: Rotom|94/100 tox|[from] psn
|upkeep
|turn|16
|
|t:|1642349966
|switch|p2a: Blissey|Blissey, F|100/100
|move|p1a: Rotom|Hydro Pump|p2a: Blissey
|-damage|p2a: Blissey|86/100
|
|-heal|p1a: Rotom|100/100 tox|[from] item: Leftovers
|-damage|p1a: Rotom|88/100 tox|[from] psn
|upkeep
|turn|17
|
|t:|1642349986
|move|p1a: Rotom|Volt Switch|p2a: Blissey
|-damage|p2a: Blissey|77/100
|
|t:|1642349997
|switch|p1a: Zeraora|Zeraora|100/100|[from]move: Volt Switch
|move|p2a: Blissey|Teleport|p2a: Blissey
|
|t:|1642350005
|switch|p2a: Avalugg|Avalugg, F|100/100|[from]move: Teleport
|
|upkeep
|turn|18
|
|t:|1642350017
|switch|p1a: Aegislash|Aegislash, M, shiny|88/100
|-damage|p1a: Aegislash|82/100|[from] Stealth Rock
|-damage|p1a: Aegislash|57/100|[from] Spikes
|move|p2a: Avalugg|Rapid Spin|p1a: Aegislash
|-immune|p1a: Aegislash
|
|-heal|p1a: Aegislash|63/100|[from] item: Leftovers
|upkeep
|turn|19
|inactive|SuperTheoryBros has 60 seconds left.
|
|t:|1642350043
|switch|p2a: Skarmory|Skarmory, M|64/100
|-damage|p2a: Skarmory|51/100|[from] Stealth Rock
|move|p1a: Aegislash|Swords Dance|p1a: Aegislash
|-boost|p1a: Aegislash|atk|2
|
|-heal|p1a: Aegislash|69/100|[from] item: Leftovers
|upkeep
|turn|20
|
|t:|1642350054
|-formechange|p1a: Aegislash|Aegislash-Blade||[from] ability: Stance Change
|move|p1a: Aegislash|Close Combat|p2a: Skarmory
|-damage|p2a: Skarmory|0 fnt
|-unboost|p1a: Aegislash|def|1
|-unboost|p1a: Aegislash|spd|1
|faint|p2a: Skarmory
|
|-heal|p1a: Aegislash|75/100|[from] item: Leftovers
|upkeep
|inactive|SuperTheoryBros has 60 seconds left.
|
|t:|1642350075
|switch|p2a: Landorus|Landorus-Therian, M|52/100
|-damage|p2a: Landorus|39/100|[from] Stealth Rock
|-ability|p2a: Landorus|Intimidate|boost
|-unboost|p1a: Aegislash|atk|1
|turn|21
|
|t:|1642350090
|switch|p1a: Rotom|Rotom-Wash|88/100 tox
|-damage|p1a: Rotom|75/100 tox|[from] Stealth Rock
|move|p2a: Landorus|Earthquake|p1a: Rotom
|-immune|p1a: Rotom|[from] ability: Levitate
|
|-heal|p1a: Rotom|82/100 tox|[from] item: Leftovers
|-damage|p1a: Rotom|75/100 tox|[from] psn
|upkeep
|turn|22
|inactive|SuperTheoryBros has 60 seconds left.
|
|t:|1642350105
|switch|p2a: Blissey|Blissey, F|77/100
|move|p1a: Rotom|Hydro Pump|p2a: Blissey
|-damage|p2a: Blissey|64/100
|
|-heal|p1a: Rotom|82/100 tox|[from] item: Leftovers
|-damage|p1a: Rotom|69/100 tox|[from] psn
|upkeep
|turn|23
|
|t:|1642350117
|switch|p2a: Shedinja|Shedinja|100/100
|move|p1a: Rotom|Volt Switch|p2a: Shedinja
|-immune|p2a: Shedinja|[from] ability: Wonder Guard
|
|-heal|p1a: Rotom|75/100 tox|[from] item: Leftovers
|-damage|p1a: Rotom|57/100 tox|[from] psn
|upkeep
|turn|24
|
|t:|1642350127
|switch|p1a: Ferrothorn|Ferrothorn, F|34/100
|-damage|p1a: Ferrothorn|28/100|[from] Stealth Rock
|-damage|p1a: Ferrothorn|3/100|[from] Spikes
|switch|p2a: Blissey|Blissey, F|64/100
|
|-heal|p1a: Ferrothorn|9/100|[from] item: Leftovers
|upkeep
|turn|25
|inactive|SuperTheoryBros has 60 seconds left.
|
|t:|1642350147
|move|p2a: Blissey|Seismic Toss|p1a: Ferrothorn
|-damage|p1a: Ferrothorn|0 fnt
|-damage|p2a: Blissey|51/100|[from] ability: Iron Barbs|[of] p1a: Ferrothorn
|faint|p1a: Ferrothorn
|
|upkeep
|
|t:|1642350163
|switch|p1a: Zeraora|Zeraora|100/100
|turn|26
|inactive|SuperTheoryBros has 60 seconds left.
|
|t:|1642350173
|switch|p2a: Avalugg|Avalugg, F|100/100
|move|p1a: Zeraora|Knock Off|p2a: Avalugg
|-damage|p2a: Avalugg|88/100
|-enditem|p2a: Avalugg|Heavy-Duty Boots|[from] move: Knock Off|[of] p1a: Zeraora
|
|upkeep
|turn|27
|inactive|SuperTheoryBros has 60 seconds left.
|
|t:|1642350187
|switch|p1a: Aegislash|Aegislash, M, shiny|75/100
|-damage|p1a: Aegislash|50/100|[from] Spikes
|-damage|p1a: Aegislash|44/100|[from] Stealth Rock
|move|p2a: Avalugg|Avalanche|p1a: Aegislash
|-resisted|p1a: Aegislash
|-damage|p1a: Aegislash|32/100
|
|-heal|p1a: Aegislash|38/100|[from] item: Leftovers
|upkeep
|turn|28
|inactive|SuperTheoryBros has 60 seconds left.
|
|t:|1642350199
|move|p1a: Aegislash|Swords Dance|p1a: Aegislash
|-boost|p1a: Aegislash|atk|2
|move|p2a: Avalugg|Recover|p2a: Avalugg
|-heal|p2a: Avalugg|100/100
|
|-heal|p1a: Aegislash|45/100|[from] item: Leftovers
|upkeep
|turn|29
|
|t:|1642350206
|move|p1a: Aegislash|Swords Dance|p1a: Aegislash
|-boost|p1a: Aegislash|atk|2
|move|p2a: Avalugg|Avalanche|p1a: Aegislash
|-resisted|p1a: Aegislash
|-damage|p1a: Aegislash|32/100
|
|-heal|p1a: Aegislash|38/100|[from] item: Leftovers
|upkeep
|turn|30
|
|t:|1642350209
|move|p1a: Aegislash|Swords Dance|p1a: Aegislash
|-boost|p1a: Aegislash|atk|2
|move|p2a: Avalugg|Avalanche|p1a: Aegislash
|-resisted|p1a: Aegislash
|-damage|p1a: Aegislash|25/100
|
|-heal|p1a: Aegislash|32/100|[from] item: Leftovers
|upkeep
|turn|31
|
|t:|1642350212
|-formechange|p1a: Aegislash|Aegislash-Blade||[from] ability: Stance Change
|move|p1a: Aegislash|Close Combat|p2a: Avalugg
|-supereffective|p2a: Avalugg
|-ability|p2a: Avalugg|Sturdy
|-damage|p2a: Avalugg|1/100
|-unboost|p1a: Aegislash|def|1
|-unboost|p1a: Aegislash|spd|1
|move|p2a: Avalugg|Avalanche|p1a: Aegislash
|-resisted|p1a: Aegislash
|-damage|p1a: Aegislash|0 fnt
|faint|p1a: Aegislash
|
|upkeep
|inactive|Natty Chad has 120 seconds left.
|
|t:|1642350247
|switch|p1a: Hydreigon|Hydreigon, M|91/100
|-damage|p1a: Hydreigon|78/100|[from] Stealth Rock
|turn|32
|
|t:|1642350258
|move|p1a: Hydreigon|Dark Pulse|p2a: Avalugg
|-damage|p2a: Avalugg|0 fnt
|faint|p2a: Avalugg
|-damage|p1a: Hydreigon|68/100|[from] item: Life Orb
|
|upkeep
|inactive|SuperTheoryBros has 90 seconds left.
|
|t:|1642350270
|switch|p2a: Blissey|Blissey, F|51/100
|turn|33
|
|t:|1642350278
|switch|p1a: Zeraora|Zeraora|100/100
|move|p2a: Blissey|Soft-Boiled|p2a: Blissey
|-heal|p2a: Blissey|100/100
|
|upkeep
|turn|34
|
|t:|1642350287
|switch|p2a: Landorus|Landorus-Therian, M|39/100
|-damage|p2a: Landorus|27/100|[from] Stealth Rock
|-ability|p2a: Landorus|Intimidate|boost
|-unboost|p1a: Zeraora|atk|1
|move|p1a: Zeraora|Knock Off|p2a: Landorus
|-damage|p2a: Landorus|11/100
|
|upkeep
|turn|35
|inactive|SuperTheoryBros has 90 seconds left.
|
|t:|1642350309
|move|p1a: Zeraora|Knock Off|p2a: Landorus
|-damage|p2a: Landorus|0 fnt
|faint|p2a: Landorus
|
|upkeep
|
|t:|1642350313
|switch|p2a: Heatran|Heatran, M|88/100
|-damage|p2a: Heatran|76/100|[from] Stealth Rock
|-item|p2a: Heatran|Air Balloon
|turn|36
|
|t:|1642350322
|switch|p1a: Rotom|Rotom-Wash|57/100 tox
|-damage|p1a: Rotom|44/100 tox|[from] Stealth Rock
|move|p2a: Heatran|Magma Storm|p1a: Rotom|[miss]
|-miss|p2a: Heatran|p1a: Rotom
|
|-heal|p1a: Rotom|50/100 tox|[from] item: Leftovers
|-damage|p1a: Rotom|44/100 tox|[from] psn
|upkeep
|turn|37
|
|t:|1642350332
|switch|p2a: Shedinja|Shedinja|100/100
|move|p1a: Rotom|Volt Switch|p2a: Shedinja
|-immune|p2a: Shedinja|[from] ability: Wonder Guard
|
|-heal|p1a: Rotom|50/100 tox|[from] item: Leftovers
|-damage|p1a: Rotom|38/100 tox|[from] psn
|upkeep
|turn|38
|
|t:|1642350349
|switch|p1a: Hydreigon|Hydreigon, M|68/100
|-damage|p1a: Hydreigon|56/100|[from] Stealth Rock
|move|p2a: Shedinja|Protect||[still]
|-fail|p2a: Shedinja
|
|upkeep
|turn|39
|
|t:|1642350358
|move|p1a: Hydreigon|Nasty Plot|p1a: Hydreigon
|-boost|p1a: Hydreigon|spa|2
|move|p2a: Shedinja|Will-O-Wisp|p1a: Hydreigon|[miss]
|-miss|p2a: Shedinja|p1a: Hydreigon
|
|upkeep
|turn|40
|
|t:|1642350364
|switch|p2a: Blissey|Blissey, F|100/100
|move|p1a: Hydreigon|Dark Pulse|p2a: Blissey
|-damage|p2a: Blissey|62/100
|-damage|p1a: Hydreigon|46/100|[from] item: Life Orb
|
|upkeep
|turn|41
|
|t:|1642350391
|move|p1a: Hydreigon|Draco Meteor|p2a: Blissey
|-damage|p2a: Blissey|0 fnt
|-unboost|p1a: Hydreigon|spa|2
|faint|p2a: Blissey
|-damage|p1a: Hydreigon|36/100|[from] item: Life Orb
|
|upkeep
|
|t:|1642350397
|switch|p2a: Heatran|Heatran, M|76/100
|-damage|p2a: Heatran|63/100|[from] Stealth Rock
|-item|p2a: Heatran|Air Balloon
|turn|42
|
|t:|1642350406
|move|p1a: Hydreigon|Dark Pulse|p2a: Heatran
|-damage|p2a: Heatran|31/100
|-enditem|p2a: Heatran|Air Balloon
|-damage|p1a: Hydreigon|27/100|[from] item: Life Orb
|move|p2a: Heatran|Magma Storm|p1a: Hydreigon|[miss]
|-miss|p2a: Heatran|p1a: Hydreigon
|
|upkeep
|turn|43
|c|☆SuperTheoryBros|omg
|-message|SuperTheoryBros forfeited.
|
|win|Natty Chad
|raw|Natty Chad's rating: 1681 &rarr; <strong>1705</strong><br />(+24 for winning)
|raw|SuperTheoryBros's rating: 1753 &rarr; <strong>1729</strong><br />(-24 for losing)
|l|☆SuperTheoryBros
