|j|☆GreaterPlays
|j|☆Kazt_5
|inactive|Battle timer is ON: inactive players will automatically lose when time's up.
|t:|1614463620
|player|p1|GreaterPlays|101|
|player|p2|Kazt_5|dawn|
|teamsize|p1|6
|teamsize|p2|6
|gametype|singles
|gen|8
|tier|[Gen 8] OU
|rated|Tournament battle
|clearpoke
|poke|p1|Tapu Lele|
|poke|p1|Blacephalon|
|poke|p1|Slowbro, M|
|poke|p1|Ferrothorn, M|
|poke|p1|Mandibuzz, F|
|poke|p1|Landorus-Therian, M|
|poke|p2|Glastrier|
|poke|p2|Tyranitar, M|
|poke|p2|Slowbro, M|
|poke|p2|Rillaboom, F|
|poke|p2|Corviknight, F|
|poke|p2|Zeraora|
|rule|Sleep Clause Mod: Limit one foe put to sleep
|rule|Species Clause: Limit one of each Pokémon
|rule|OHKO Clause: OHKO moves are banned
|rule|Evasion Moves Clause: Evasion moves are banned
|rule|Endless Battle Clause: Forcing endless battles is banned
|rule|HP Percentage Mod: HP is shown in percentages
|rule|Dynamax Clause: You cannot dynamax
|teampreview
|c|☆Kazt_5|hf
|c|☆GreaterPlays|u 2
|
|t:|1614463647
|start
|switch|p1a: Landorus|Landorus-Therian, M|100/100
|switch|p2a: Slowbro|Slowbro, M|100/100
|-ability|p1a: Landorus|Intimidate|boost
|-unboost|p2a: Slowbro|atk|1
|turn|1
|
|t:|1614463655
|move|p1a: Landorus|U-turn|p2a: Slowbro
|-supereffective|p2a: Slowbro
|-damage|p2a: Slowbro|65/100
|-damage|p1a: Landorus|84/100|[from] item: Rocky Helmet|[of] p2a: Slowbro
|
|t:|1614463662
|switch|p1a: Ferrothorn|Ferrothorn, M|100/100|[from]move: U-turn
|move|p2a: Slowbro|Scald|p1a: Ferrothorn
|-resisted|p1a: Ferrothorn
|-damage|p1a: Ferrothorn|91/100
|-status|p1a: Ferrothorn|brn
|
|-heal|p1a: Ferrothorn|97/100 brn|[from] item: Leftovers
|-damage|p1a: Ferrothorn|91/100 brn|[from] brn
|upkeep
|turn|2
|
|t:|1614463670
|move|p1a: Ferrothorn|Stealth Rock|p2a: Slowbro
|-sidestart|p2: Kazt_5|move: Stealth Rock
|move|p2a: Slowbro|Teleport|p2a: Slowbro
|j| MrMonk123
|
|t:|1614463672
|switch|p2a: Corviknight|Corviknight, F|100/100|[from]move: Teleport
|-damage|p2a: Corviknight|88/100|[from] Stealth Rock
|-ability|p2a: Corviknight|Pressure
|
|-heal|p2a: Corviknight|94/100|[from] item: Leftovers
|-heal|p1a: Ferrothorn|97/100 brn|[from] item: Leftovers
|-damage|p1a: Ferrothorn|91/100 brn|[from] brn
|upkeep
|turn|3
|
|t:|1614463679
|move|p2a: Corviknight|Defog|p1a: Ferrothorn
|-unboost|p1a: Ferrothorn|evasion|1
|-sideend|p2: Kazt_5|Stealth Rock|[from] move: Defog|[of] p2a: Corviknight
|move|p1a: Ferrothorn|Knock Off|p2a: Corviknight
|-damage|p2a: Corviknight|87/100
|-enditem|p2a: Corviknight|Leftovers|[from] move: Knock Off|[of] p1a: Ferrothorn
|
|-heal|p1a: Ferrothorn|97/100 brn|[from] item: Leftovers
|-damage|p1a: Ferrothorn|91/100 brn|[from] brn
|upkeep
|turn|4
|
|t:|1614463694
|move|p2a: Corviknight|Brave Bird|p1a: Ferrothorn
|-damage|p1a: Ferrothorn|62/100 brn
|-damage|p2a: Corviknight|75/100|[from] ability: Iron Barbs|[of] p1a: Ferrothorn
|-damage|p2a: Corviknight|67/100|[from] Recoil
|move|p1a: Ferrothorn|Knock Off|p2a: Corviknight
|-damage|p2a: Corviknight|62/100
|
|-heal|p1a: Ferrothorn|69/100 brn|[from] item: Leftovers
|-damage|p1a: Ferrothorn|62/100 brn|[from] brn
|upkeep
|turn|5
|
|t:|1614463698
|move|p2a: Corviknight|Roost|p2a: Corviknight
|-heal|p2a: Corviknight|100/100
|-singleturn|p2a: Corviknight|move: Roost
|move|p1a: Ferrothorn|Leech Seed|p2a: Corviknight|[miss]
|-miss|p1a: Ferrothorn|p2a: Corviknight
|
|-heal|p1a: Ferrothorn|69/100 brn|[from] item: Leftovers
|-damage|p1a: Ferrothorn|62/100 brn|[from] brn
|upkeep
|turn|6
|
|t:|1614463702
|switch|p2a: Rillaboom|Rillaboom, F|100/100
|-fieldstart|move: Grassy Terrain|[from] ability: Grassy Surge|[of] p2a: Rillaboom
|move|p1a: Ferrothorn|Leech Seed|p2a: Rillaboom
|-immune|p2a: Rillaboom
|
|-heal|p1a: Ferrothorn|69/100 brn|[from] Grassy Terrain
|-heal|p1a: Ferrothorn|75/100 brn|[from] item: Leftovers
|-damage|p1a: Ferrothorn|69/100 brn|[from] brn
|upkeep
|turn|7
|
|t:|1614463708
|switch|p1a: Mandibuzz|Mandibuzz, F|100/100
|move|p2a: Rillaboom|Superpower|p1a: Mandibuzz
|-damage|p1a: Mandibuzz|66/100
|-unboost|p2a: Rillaboom|atk|1
|-unboost|p2a: Rillaboom|def|1
|
|upkeep
|turn|8
|
|t:|1614463716
|switch|p2a: Zeraora|Zeraora|100/100
|move|p1a: Mandibuzz|U-turn|p2a: Zeraora
|-damage|p2a: Zeraora|84/100
|
|t:|1614463732
|switch|p1a: Landorus|Landorus-Therian, M|84/100|[from]move: U-turn
|-ability|p1a: Landorus|Intimidate|boost
|-unboost|p2a: Zeraora|atk|1
|
|-heal|p2a: Zeraora|90/100|[from] Grassy Terrain
|upkeep
|turn|9
|
|t:|1614463740
|switch|p2a: Slowbro|Slowbro, M|98/100
|move|p1a: Landorus|Toxic|p2a: Slowbro
|-status|p2a: Slowbro|tox
|
|-heal|p2a: Slowbro|100/100 tox|[from] Grassy Terrain
|-damage|p2a: Slowbro|94/100 tox|[from] psn
|upkeep
|turn|10
|
|t:|1614463747
|switch|p1a: Mandibuzz|Mandibuzz, F|66/100
|move|p2a: Slowbro|Future Sight|p1a: Mandibuzz
|-start|p2a: Slowbro|move: Future Sight
|
|-heal|p2a: Slowbro|100/100 tox|[from] Grassy Terrain
|-fieldend|move: Grassy Terrain
|-damage|p2a: Slowbro|88/100 tox|[from] psn
|upkeep
|turn|11
|
|t:|1614463750
|move|p1a: Mandibuzz|Roost|p1a: Mandibuzz
|-heal|p1a: Mandibuzz|100/100
|-singleturn|p1a: Mandibuzz|move: Roost
|move|p2a: Slowbro|Teleport|p2a: Slowbro
|
|t:|1614463754
|switch|p2a: Zeraora|Zeraora|90/100|[from]move: Teleport
|
|upkeep
|turn|12
|
|t:|1614463772
|switch|p1a: Ferrothorn|Ferrothorn, M|69/100 brn
|move|p2a: Zeraora|Plasma Fists|p1a: Ferrothorn
|-resisted|p1a: Ferrothorn
|-damage|p1a: Ferrothorn|52/100 brn
|-fieldactivate|move: Ion Deluge
|-damage|p2a: Zeraora|78/100|[from] ability: Iron Barbs|[of] p1a: Ferrothorn
|
|-end|p1a: Ferrothorn|move: Future Sight
|-resisted|p1a: Ferrothorn
|-damage|p1a: Ferrothorn|39/100 brn
|-heal|p1a: Ferrothorn|46/100 brn|[from] item: Leftovers
|-damage|p1a: Ferrothorn|39/100 brn|[from] brn
|upkeep
|turn|13
|
|t:|1614463792
|switch|p1a: Tapu Lele|Tapu Lele|100/100
|-fieldstart|move: Psychic Terrain|[from] ability: Psychic Surge|[of] p1a: Tapu Lele
|move|p2a: Zeraora|Close Combat|p1a: Tapu Lele
|-resisted|p1a: Tapu Lele
|-damage|p1a: Tapu Lele|86/100
|-unboost|p2a: Zeraora|def|1
|-unboost|p2a: Zeraora|spd|1
|
|upkeep
|turn|14
|inactive|GreaterPlays has 120 seconds left.
|
|t:|1614463818
|switch|p2a: Corviknight|Corviknight, F|100/100
|-ability|p2a: Corviknight|Pressure
|move|p1a: Tapu Lele|Psychic|p2a: Corviknight
|-resisted|p2a: Corviknight
|-damage|p2a: Corviknight|56/100
|
|upkeep
|turn|15
|inactive|GreaterPlays has 120 seconds left.
|
|t:|1614463828
|switch|p1a: Ferrothorn|Ferrothorn, M|39/100 brn
|move|p2a: Corviknight|Roost|p2a: Corviknight
|-heal|p2a: Corviknight|100/100
|-singleturn|p2a: Corviknight|move: Roost
|
|-heal|p1a: Ferrothorn|46/100 brn|[from] item: Leftovers
|-damage|p1a: Ferrothorn|39/100 brn|[from] brn
|upkeep
|turn|16
|
|t:|1614463834
|move|p2a: Corviknight|Brave Bird|p1a: Ferrothorn
|-damage|p1a: Ferrothorn|11/100 brn
|-damage|p2a: Corviknight|88/100|[from] ability: Iron Barbs|[of] p1a: Ferrothorn
|-damage|p2a: Corviknight|80/100|[from] Recoil
|move|p1a: Ferrothorn|Knock Off|p2a: Corviknight
|-damage|p2a: Corviknight|75/100
|
|-heal|p1a: Ferrothorn|18/100 brn|[from] item: Leftovers
|-damage|p1a: Ferrothorn|11/100 brn|[from] brn
|upkeep
|turn|17
|
|t:|1614463842
|move|p2a: Corviknight|Brave Bird|p1a: Ferrothorn
|-damage|p1a: Ferrothorn|0 fnt
|-damage|p2a: Corviknight|63/100|[from] ability: Iron Barbs|[of] p1a: Ferrothorn
|-damage|p2a: Corviknight|59/100|[from] Recoil
|faint|p1a: Ferrothorn
|
|-fieldend|move: Psychic Terrain
|upkeep
|
|t:|1614463854
|switch|p1a: Tapu Lele|Tapu Lele|86/100
|-fieldstart|move: Psychic Terrain|[from] ability: Psychic Surge|[of] p1a: Tapu Lele
|turn|18
|
|t:|1614463859
|switch|p2a: Tyranitar|Tyranitar, M|100/100
|-weather|Sandstorm|[from] ability: Sand Stream|[of] p2a: Tyranitar
|move|p1a: Tapu Lele|Thunderbolt|p2a: Tyranitar
|-damage|p2a: Tyranitar|79/100
|-status|p2a: Tyranitar|par
|
|-weather|Sandstorm|[upkeep]
|-damage|p1a: Tapu Lele|80/100|[from] Sandstorm
|-heal|p2a: Tyranitar|85/100 par|[from] item: Leftovers
|upkeep
|turn|19
|
|t:|1614463868
|switch|p1a: Landorus|Landorus-Therian, M|84/100
|-ability|p1a: Landorus|Intimidate|boost
|-unboost|p2a: Tyranitar|atk|1
|move|p2a: Tyranitar|Stealth Rock|p1a: Landorus
|-sidestart|p1: GreaterPlays|move: Stealth Rock
|
|-weather|Sandstorm|[upkeep]
|-heal|p2a: Tyranitar|91/100 par|[from] item: Leftovers
|upkeep
|turn|20
|
|t:|1614463878
|switch|p2a: Slowbro|Slowbro, M|100/100 tox
|move|p1a: Landorus|U-turn|p2a: Slowbro
|-supereffective|p2a: Slowbro
|-damage|p2a: Slowbro|65/100 tox
|-damage|p1a: Landorus|67/100|[from] item: Rocky Helmet|[of] p2a: Slowbro
|
|t:|1614463883
|switch|p1a: Mandibuzz|Mandibuzz, F|100/100|[from]move: U-turn
|
|-weather|Sandstorm|[upkeep]
|-damage|p2a: Slowbro|59/100 tox|[from] Sandstorm
|-damage|p2a: Slowbro|53/100 tox|[from] psn
|upkeep
|turn|21
|
|t:|1614463891
|switch|p2a: Zeraora|Zeraora|78/100
|move|p1a: Mandibuzz|Defog|p2a: Zeraora
|-unboost|p2a: Zeraora|evasion|1
|-sideend|p1: GreaterPlays|Stealth Rock|[from] move: Defog|[of] p1a: Mandibuzz
|-fieldend|move: Psychic Terrain
|
|-weather|Sandstorm|[upkeep]
|-damage|p2a: Zeraora|72/100|[from] Sandstorm
|upkeep
|turn|22
|
|t:|1614463897
|move|p2a: Zeraora|Knock Off|p1a: Mandibuzz
|-resisted|p1a: Mandibuzz
|-damage|p1a: Mandibuzz|92/100
|-enditem|p1a: Mandibuzz|Heavy-Duty Boots|[from] move: Knock Off|[of] p2a: Zeraora
|move|p1a: Mandibuzz|Foul Play|p2a: Zeraora
|-damage|p2a: Zeraora|13/100
|
|-weather|none
|upkeep
|turn|23
|
|t:|1614463908
|switch|p2a: Corviknight|Corviknight, F|59/100
|-ability|p2a: Corviknight|Pressure
|move|p1a: Mandibuzz|Foul Play|p2a: Corviknight
|-damage|p2a: Corviknight|42/100
|
|upkeep
|turn|24
|
|t:|1614463912
|move|p1a: Mandibuzz|U-turn|p2a: Corviknight
|-resisted|p2a: Corviknight
|-damage|p2a: Corviknight|40/100
|
|t:|1614463916
|switch|p1a: Slowbro|Slowbro, M|100/100|[from]move: U-turn
|move|p2a: Corviknight|Roost|p2a: Corviknight
|-heal|p2a: Corviknight|90/100
|-singleturn|p2a: Corviknight|move: Roost
|
|upkeep
|turn|25
|
|t:|1614463924
|move|p2a: Corviknight|U-turn|p1a: Slowbro
|-supereffective|p1a: Slowbro
|-damage|p1a: Slowbro|83/100
|-damage|p2a: Corviknight|74/100|[from] item: Rocky Helmet|[of] p1a: Slowbro
|
|t:|1614463926
|switch|p2a: Rillaboom|Rillaboom, F|100/100|[from]move: U-turn
|-fieldstart|move: Grassy Terrain|[from] ability: Grassy Surge|[of] p2a: Rillaboom
|move|p1a: Slowbro|Teleport|p1a: Slowbro
|
|t:|1614463932
|switch|p1a: Mandibuzz|Mandibuzz, F|92/100|[from]move: Teleport
|
|upkeep
|turn|26
|
|t:|1614463937
|move|p2a: Rillaboom|U-turn|p1a: Mandibuzz
|-damage|p1a: Mandibuzz|70/100
|
|t:|1614463942
|switch|p2a: Tyranitar|Tyranitar, M|91/100 par|[from]move: U-turn
|-weather|Sandstorm|[from] ability: Sand Stream|[of] p2a: Tyranitar
|move|p1a: Mandibuzz|U-turn|p2a: Tyranitar
|-supereffective|p2a: Tyranitar
|-damage|p2a: Tyranitar|74/100 par
|
|t:|1614463952
|switch|p1a: Tapu Lele|Tapu Lele|80/100|[from]move: U-turn
|-fieldstart|move: Psychic Terrain|[from] ability: Psychic Surge|[of] p1a: Tapu Lele
|
|-weather|Sandstorm|[upkeep]
|-damage|p1a: Tapu Lele|74/100|[from] Sandstorm
|-heal|p2a: Tyranitar|80/100 par|[from] item: Leftovers
|upkeep
|turn|27
|
|t:|1614463956
|move|p1a: Tapu Lele|Moonblast|p2a: Tyranitar
|-supereffective|p2a: Tyranitar
|-damage|p2a: Tyranitar|16/100 par
|move|p2a: Tyranitar|Thunder Wave|p1a: Tapu Lele
|-status|p1a: Tapu Lele|par
|
|-weather|Sandstorm|[upkeep]
|-damage|p1a: Tapu Lele|68/100 par|[from] Sandstorm
|-heal|p2a: Tyranitar|22/100 par|[from] item: Leftovers
|upkeep
|turn|28
|
|t:|1614463962
|switch|p2a: Corviknight|Corviknight, F|74/100
|-ability|p2a: Corviknight|Pressure
|move|p1a: Tapu Lele|Moonblast|p2a: Corviknight
|-resisted|p2a: Corviknight
|-damage|p2a: Corviknight|32/100
|
|-weather|Sandstorm|[upkeep]
|-damage|p1a: Tapu Lele|62/100 par|[from] Sandstorm
|upkeep
|turn|29
|
|t:|1614463980
|move|p2a: Corviknight|Roost|p2a: Corviknight
|-heal|p2a: Corviknight|82/100
|-singleturn|p2a: Corviknight|move: Roost
|move|p1a: Tapu Lele|Moonblast|p2a: Corviknight
|-resisted|p2a: Corviknight
|-damage|p2a: Corviknight|43/100
|
|-weather|Sandstorm|[upkeep]
|-damage|p1a: Tapu Lele|56/100 par|[from] Sandstorm
|upkeep
|turn|30
|
|t:|1614463986
|switch|p1a: Blacephalon|Blacephalon|100/100
|move|p2a: Corviknight|Roost|p2a: Corviknight
|-heal|p2a: Corviknight|93/100
|-singleturn|p2a: Corviknight|move: Roost
|
|-weather|none
|-fieldend|move: Psychic Terrain
|upkeep
|turn|31
|
|t:|1614463991
|switch|p2a: Tyranitar|Tyranitar, M|22/100 par
|-weather|Sandstorm|[from] ability: Sand Stream|[of] p2a: Tyranitar
|move|p1a: Blacephalon|Flame Charge|p2a: Tyranitar
|-resisted|p2a: Tyranitar
|-damage|p2a: Tyranitar|13/100 par
|-boost|p1a: Blacephalon|spe|1
|
|-weather|Sandstorm|[upkeep]
|-damage|p1a: Blacephalon|94/100|[from] Sandstorm
|-heal|p2a: Tyranitar|20/100 par|[from] item: Leftovers
|upkeep
|turn|32
|
|t:|1614463996
|move|p1a: Blacephalon|Flamethrower|p2a: Tyranitar
|-resisted|p2a: Tyranitar
|-damage|p2a: Tyranitar|10/100 par
|move|p2a: Tyranitar|Rock Blast|p1a: Blacephalon
|-supereffective|p1a: Blacephalon
|-crit|p1a: Blacephalon
|-damage|p1a: Blacephalon|19/100
|-supereffective|p1a: Blacephalon
|-damage|p1a: Blacephalon|0 fnt
|-hitcount|p1a: Blacephalon|2
|faint|p1a: Blacephalon
|
|-weather|Sandstorm|[upkeep]
|-heal|p2a: Tyranitar|16/100 par|[from] item: Leftovers
|upkeep
|
|t:|1614464013
|switch|p1a: Mandibuzz|Mandibuzz, F|70/100
|turn|33
|
|t:|1614464025
|switch|p2a: Corviknight|Corviknight, F|93/100
|-ability|p2a: Corviknight|Pressure
|move|p1a: Mandibuzz|Foul Play|p2a: Corviknight
|-damage|p2a: Corviknight|75/100
|
|-weather|Sandstorm|[upkeep]
|upkeep
|turn|34
|
|t:|1614464031
|move|p1a: Mandibuzz|Roost|p1a: Mandibuzz
|-heal|p1a: Mandibuzz|100/100
|-singleturn|p1a: Mandibuzz|move: Roost
|move|p2a: Corviknight|Roost|p2a: Corviknight
|-heal|p2a: Corviknight|100/100
|-singleturn|p2a: Corviknight|move: Roost
|
|-weather|Sandstorm|[upkeep]
|upkeep
|turn|35
|
|t:|1614464037
|move|p1a: Mandibuzz|Foul Play|p2a: Corviknight
|-damage|p2a: Corviknight|83/100
|move|p2a: Corviknight|U-turn|p1a: Mandibuzz
|-damage|p1a: Mandibuzz|92/100
|
|t:|1614464043
|switch|p2a: Glastrier|Glastrier|100/100|[from]move: U-turn
|
|-weather|none
|upkeep
|turn|36
|
|t:|1614464053
|move|p1a: Mandibuzz|Foul Play|p2a: Glastrier
|-damage|p2a: Glastrier|76/100
|move|p2a: Glastrier|Icicle Crash|p1a: Mandibuzz
|-supereffective|p1a: Mandibuzz
|-damage|p1a: Mandibuzz|49/100
|
|-heal|p2a: Glastrier|82/100|[from] item: Leftovers
|upkeep
|turn|37
|
|t:|1614464066
|switch|p1a: Slowbro|Slowbro, M|100/100
|switch|p2a: Tyranitar|Tyranitar, M|16/100 par
|-weather|Sandstorm|[from] ability: Sand Stream|[of] p2a: Tyranitar
|
|-weather|Sandstorm|[upkeep]
|-damage|p1a: Slowbro|94/100|[from] Sandstorm
|-heal|p2a: Tyranitar|22/100 par|[from] item: Leftovers
|upkeep
|turn|38
|
|t:|1614464076
|move|p2a: Tyranitar|Stealth Rock|p1a: Slowbro
|-sidestart|p1: GreaterPlays|move: Stealth Rock
|move|p1a: Slowbro|Earthquake|p2a: Tyranitar
|-supereffective|p2a: Tyranitar
|-damage|p2a: Tyranitar|0 fnt
|faint|p2a: Tyranitar
|
|-weather|Sandstorm|[upkeep]
|-damage|p1a: Slowbro|88/100|[from] Sandstorm
|upkeep
|
|t:|1614464082
|switch|p2a: Rillaboom|Rillaboom, F|100/100
|-fieldstart|move: Grassy Terrain|[from] ability: Grassy Surge|[of] p2a: Rillaboom
|turn|39
|c|☆GreaterPlays|gg
|
|t:|1614464090
|switch|p1a: Landorus|Landorus-Therian, M|67/100
|-damage|p1a: Landorus|55/100|[from] Stealth Rock
|-ability|p1a: Landorus|Intimidate|boost
|-unboost|p2a: Rillaboom|atk|1
|move|p2a: Rillaboom|Wood Hammer|p1a: Landorus
|-damage|p1a: Landorus|0 fnt
|-damage|p2a: Rillaboom|82/100|[from] Recoil
|faint|p1a: Landorus
|
|-weather|Sandstorm|[upkeep]
|-damage|p2a: Rillaboom|76/100|[from] Sandstorm
|-heal|p2a: Rillaboom|82/100|[from] Grassy Terrain
|upkeep
|c|☆Kazt_5|gg
|-message|GreaterPlays forfeited.
|
|win|Kazt_5
|n|☆GreaterPlays|greaterplays
|n|☆Kazt_5|kazt5
|n| MrMonk123|mrmonk123
|l|☆Kazt_5
|c|☆GreaterPlays|i think i played too scared
|c|☆GreaterPlays|and then just blacephalon i threw away
