|j|☆Profit fin
|j|☆ty-tyui↻
|t:|1666992317
|gametype|singles
|player|p1|Profit fin|melony|1605
|player|p2|ty-tyui↻|surfer|1613
|teamsize|p1|6
|teamsize|p2|6
|gen|8
|tier|[Gen 8] OU
|rated|
|rule|Sleep Clause Mod: Limit one foe put to sleep
|rule|Species Clause: Limit one of each Pokémon
|rule|OHKO Clause: OHKO moves are banned
|rule|Evasion Items Clause: Evasion items are banned
|rule|Evasion Moves Clause: Evasion moves are banned
|rule|Endless Battle Clause: Forcing endless battles is banned
|rule|HP Percentage Mod: HP is shown in percentages
|rule|Dynamax Clause: You cannot dynamax
|clearpoke
|poke|p1|Mew|
|poke|p1|Corviknight, F|
|poke|p1|Tornadus-Therian, M|
|poke|p1|Toxapex, F|
|poke|p1|Clefable, F|
|poke|p1|Hippowdon, F|
|poke|p2|Mienshao, F|
|poke|p2|Ninetales-Alola, F|
|poke|p2|Blacephalon|
|poke|p2|Landorus-Therian, M|
|poke|p2|Corviknight, F|
|poke|p2|Rotom-Wash|
|teampreview
|j| StarGalaxiaFighter
|l| StarGalaxiaFighter
|
|t:|1666992342
|start
|switch|p1a: Hippowdon|Hippowdon, F|100/100
|switch|p2a: Ninetales|Ninetales-Alola, F|100/100
|-weather|Hail|[from] ability: Snow Warning|[of] p2a: Ninetales
|-weather|Sandstorm|[from] ability: Sand Stream|[of] p1a: Hippowdon
|turn|1
|
|t:|1666992354
|move|p2a: Ninetales|Blizzard|p1a: Hippowdon
|-supereffective|p1a: Hippowdon
|-damage|p1a: Hippowdon|14/100
|move|p1a: Hippowdon|Stealth Rock|p2a: Ninetales
|-sidestart|p2: ty-tyui↻|move: Stealth Rock
|
|-weather|Sandstorm|[upkeep]
|-damage|p2a: Ninetales|94/100|[from] Sandstorm
|-heal|p1a: Hippowdon|21/100|[from] item: Leftovers
|upkeep
|turn|2
|
|t:|1666992363
|switch|p2a: Corviknight|Corviknight, F|100/100
|-damage|p2a: Corviknight|88/100|[from] Stealth Rock
|-ability|p2a: Corviknight|Pressure
|move|p1a: Hippowdon|Protect||[still]
|-fail|p1a: Hippowdon
|
|-weather|Sandstorm|[upkeep]
|-heal|p1a: Hippowdon|27/100|[from] item: Leftovers
|upkeep
|turn|3
|
|t:|1666992367
|move|p1a: Hippowdon|Protect|p1a: Hippowdon
|-singleturn|p1a: Hippowdon|Protect
|move|p2a: Corviknight|Defog|p1a: Hippowdon
|-activate|p1a: Hippowdon|move: Protect
|
|-weather|Sandstorm|[upkeep]
|-heal|p1a: Hippowdon|33/100|[from] item: Leftovers
|upkeep
|turn|4
|
|t:|1666992373
|move|p2a: Corviknight|Defog|p1a: Hippowdon
|-unboost|p1a: Hippowdon|evasion|1
|-sideend|p2: ty-tyui↻|Stealth Rock|[from] move: Defog|[of] p2a: Corviknight
|move|p1a: Hippowdon|Slack Off|p1a: Hippowdon
|-heal|p1a: Hippowdon|83/100
|
|-weather|Sandstorm|[upkeep]
|-heal|p1a: Hippowdon|89/100|[from] item: Leftovers
|upkeep
|turn|5
|
|t:|1666992375
|move|p2a: Corviknight|U-turn|p1a: Hippowdon
|-damage|p1a: Hippowdon|79/100
|
|t:|1666992378
|switch|p2a: Ninetales|Ninetales-Alola, F|94/100|[from]move: U-turn
|-weather|Hail|[from] ability: Snow Warning|[of] p2a: Ninetales
|move|p1a: Hippowdon|Stealth Rock|p2a: Ninetales
|-sidestart|p2: ty-tyui↻|move: Stealth Rock
|
|-weather|Hail|[upkeep]
|-damage|p1a: Hippowdon|73/100|[from] Hail
|-heal|p1a: Hippowdon|79/100|[from] item: Leftovers
|upkeep
|turn|6
|
|t:|1666992388
|move|p2a: Ninetales|Aurora Veil|p2a: Ninetales
|-sidestart|p2: ty-tyui↻|move: Aurora Veil
|move|p1a: Hippowdon|Earthquake|p2a: Ninetales
|-damage|p2a: Ninetales|66/100
|
|-weather|Hail|[upkeep]
|-damage|p1a: Hippowdon|73/100|[from] Hail
|-heal|p1a: Hippowdon|79/100|[from] item: Leftovers
|upkeep
|turn|7
|
|t:|1666992396
|switch|p2a: Rotom|Rotom-Wash|100/100
|-damage|p2a: Rotom|88/100|[from] Stealth Rock
|move|p1a: Hippowdon|Protect||[still]
|-fail|p1a: Hippowdon
|
|-weather|Hail|[upkeep]
|-damage|p2a: Rotom|82/100|[from] Hail
|-damage|p1a: Hippowdon|73/100|[from] Hail
|-heal|p2a: Rotom|88/100|[from] item: Leftovers
|-heal|p1a: Hippowdon|79/100|[from] item: Leftovers
|upkeep
|turn|8
|
|t:|1666992400
|move|p1a: Hippowdon|Protect|p1a: Hippowdon
|-singleturn|p1a: Hippowdon|Protect
|move|p2a: Rotom|Hydro Pump|p1a: Hippowdon
|-activate|p1a: Hippowdon|move: Protect
|
|-weather|Hail|[upkeep]
|-damage|p2a: Rotom|82/100|[from] Hail
|-damage|p1a: Hippowdon|73/100|[from] Hail
|-heal|p2a: Rotom|88/100|[from] item: Leftovers
|-heal|p1a: Hippowdon|79/100|[from] item: Leftovers
|upkeep
|turn|9
|
|t:|1666992413
|switch|p1a: Mew|Mew|100/100
|move|p2a: Rotom|Thunder Wave|p1a: Mew
|-status|p1a: Mew|par
|-activate|p1a: Mew|ability: Synchronize
|-immune|p2a: Rotom
|
|-weather|none
|-heal|p2a: Rotom|94/100|[from] item: Leftovers
|upkeep
|turn|10
|
|t:|1666992434
|move|p2a: Rotom|Volt Switch|p1a: Mew
|-damage|p1a: Mew|79/100 par
|
|t:|1666992436
|switch|p2a: Mienshao|Mienshao, F, shiny|100/100|[from]move: Volt Switch
|-damage|p2a: Mienshao|94/100|[from] Stealth Rock
|move|p1a: Mew|Cosmic Power|p1a: Mew
|-boost|p1a: Mew|def|1
|-boost|p1a: Mew|spd|1
|
|-sideend|p2: ty-tyui↻|move: Aurora Veil
|upkeep
|turn|11
|
|t:|1666992445
|move|p2a: Mienshao|Knock Off|p1a: Mew
|-supereffective|p1a: Mew
|-crit|p1a: Mew
|-damage|p1a: Mew|0 fnt
|-enditem|p1a: Mew|Weakness Policy|[from] move: Knock Off|[of] p2a: Mienshao
|faint|p1a: Mew
|-damage|p2a: Mienshao|84/100|[from] item: Life Orb
|
|upkeep
|
|t:|1666992455
|switch|p1a: Tornadus|Tornadus-Therian, M|100/100
|turn|12
|
|t:|1666992460
|switch|p2a: Corviknight|Corviknight, F|88/100
|-damage|p2a: Corviknight|75/100|[from] Stealth Rock
|-ability|p2a: Corviknight|Pressure
|move|p1a: Tornadus|Knock Off|p2a: Corviknight
|-damage|p2a: Corviknight|61/100
|-damage|p1a: Tornadus|84/100|[from] item: Rocky Helmet|[of] p2a: Corviknight
|-enditem|p2a: Corviknight|Rocky Helmet|[from] move: Knock Off|[of] p1a: Tornadus
|
|upkeep
|turn|13
|
|t:|1666992463
|move|p1a: Tornadus|Heat Wave|p2a: Corviknight
|-supereffective|p2a: Corviknight
|-damage|p2a: Corviknight|24/100
|move|p2a: Corviknight|Roost|p2a: Corviknight
|-heal|p2a: Corviknight|74/100
|-singleturn|p2a: Corviknight|move: Roost
|
|upkeep
|turn|14
|
|t:|1666992467
|move|p1a: Tornadus|Heat Wave|p2a: Corviknight
|-supereffective|p2a: Corviknight
|-damage|p2a: Corviknight|38/100
|move|p2a: Corviknight|Roost|p2a: Corviknight
|-heal|p2a: Corviknight|88/100
|-singleturn|p2a: Corviknight|move: Roost
|
|upkeep
|turn|15
|
|t:|1666992470
|move|p1a: Tornadus|Heat Wave|p2a: Corviknight
|-supereffective|p2a: Corviknight
|-damage|p2a: Corviknight|48/100
|move|p2a: Corviknight|Roost|p2a: Corviknight
|-heal|p2a: Corviknight|98/100
|-singleturn|p2a: Corviknight|move: Roost
|
|upkeep
|turn|16
|
|t:|1666992472
|move|p1a: Tornadus|Heat Wave|p2a: Corviknight
|-supereffective|p2a: Corviknight
|-damage|p2a: Corviknight|61/100
|move|p2a: Corviknight|Defog|p1a: Tornadus
|-unboost|p1a: Tornadus|evasion|1
|-sideend|p2: ty-tyui↻|Stealth Rock|[from] move: Defog|[of] p2a: Corviknight
|
|upkeep
|turn|17
|
|t:|1666992474
|move|p1a: Tornadus|Heat Wave|p2a: Corviknight
|-supereffective|p2a: Corviknight
|-damage|p2a: Corviknight|25/100
|move|p2a: Corviknight|Roost|p2a: Corviknight
|-heal|p2a: Corviknight|75/100
|-singleturn|p2a: Corviknight|move: Roost
|
|upkeep
|turn|18
|
|t:|1666992476
|move|p1a: Tornadus|Heat Wave|p2a: Corviknight
|-supereffective|p2a: Corviknight
|-damage|p2a: Corviknight|37/100
|move|p2a: Corviknight|Roost|p2a: Corviknight
|-heal|p2a: Corviknight|87/100
|-singleturn|p2a: Corviknight|move: Roost
|
|upkeep
|turn|19
|
|t:|1666992478
|move|p1a: Tornadus|Heat Wave|p2a: Corviknight
|-supereffective|p2a: Corviknight
|-damage|p2a: Corviknight|47/100
|move|p2a: Corviknight|Roost|p2a: Corviknight
|-heal|p2a: Corviknight|97/100
|-singleturn|p2a: Corviknight|move: Roost
|
|upkeep
|turn|20
|
|t:|1666992493
|move|p1a: Tornadus|Heat Wave|p2a: Corviknight
|-supereffective|p2a: Corviknight
|-damage|p2a: Corviknight|58/100
|move|p2a: Corviknight|U-turn|p1a: Tornadus
|-resisted|p1a: Tornadus
|-damage|p1a: Tornadus|77/100
|
|t:|1666992499
|switch|p2a: Ninetales|Ninetales-Alola, F|66/100|[from]move: U-turn
|-weather|Hail|[from] ability: Snow Warning|[of] p2a: Ninetales
|
|-weather|Hail|[upkeep]
|-damage|p1a: Tornadus|71/100|[from] Hail
|upkeep
|turn|21
|
|t:|1666992505
|switch|p1a: Clefable|Clefable, F|100/100
|move|p2a: Ninetales|Freeze-Dry|p1a: Clefable
|-damage|p1a: Clefable|61/100
|
|-weather|Hail|[upkeep]
|-damage|p1a: Clefable|55/100|[from] Hail
|-heal|p1a: Clefable|61/100|[from] item: Leftovers
|upkeep
|turn|22
|
|t:|1666992511
|switch|p2a: Rotom|Rotom-Wash|94/100
|move|p1a: Clefable|Calm Mind|p1a: Clefable
|-boost|p1a: Clefable|spa|1
|-boost|p1a: Clefable|spd|1
|
|-weather|Hail|[upkeep]
|-damage|p2a: Rotom|88/100|[from] Hail
|-damage|p1a: Clefable|55/100|[from] Hail
|-heal|p2a: Rotom|94/100|[from] item: Leftovers
|-heal|p1a: Clefable|61/100|[from] item: Leftovers
|upkeep
|turn|23
|
|t:|1666992513
|move|p2a: Rotom|Thunder Wave|p1a: Clefable
|-status|p1a: Clefable|par
|cant|p1a: Clefable|par
|
|-weather|Hail|[upkeep]
|-damage|p2a: Rotom|88/100|[from] Hail
|-damage|p1a: Clefable|55/100 par|[from] Hail
|-heal|p2a: Rotom|94/100|[from] item: Leftovers
|-heal|p1a: Clefable|61/100 par|[from] item: Leftovers
|upkeep
|turn|24
|
|t:|1666992516
|move|p2a: Rotom|Volt Switch|p1a: Clefable
|-damage|p1a: Clefable|45/100 par
|
|t:|1666992517
|switch|p2a: Mienshao|Mienshao, F, shiny|100/100|[from]move: Volt Switch
|move|p1a: Clefable|Aromatherapy|p1a: Clefable
|-activate|p1a: Clefable|move: Aromatherapy
|-curestatus|p1a: Clefable|par|[msg]
|
|-weather|none
|-heal|p1a: Clefable|52/100|[from] item: Leftovers
|upkeep
|turn|25
|
|t:|1666992521
|move|p2a: Mienshao|Poison Jab|p1a: Clefable
|-supereffective|p1a: Clefable
|-damage|p1a: Clefable|0 fnt
|faint|p1a: Clefable
|-damage|p2a: Mienshao|91/100|[from] item: Life Orb
|
|upkeep
|-message|Profit fin forfeited.
|
|win|ty-tyui↻
|raw|Profit fin's rating: 1605 &rarr; <strong>1585</strong><br />(-20 for losing)
|raw|ty-tyui↻'s rating: 1613 &rarr; <strong>1633</strong><br />(+20 for winning)
|l|☆Profit fin
||Ladder isn't responding, score probably updated but might not have (Request timeout).
