|j|☆zKally
|j|☆R3SU
|t:|1652434647
|gametype|singles
|player|p1|zKally|102|1359
|player|p2|R3SU|101|1341
|teamsize|p1|6
|teamsize|p2|6
|gen|8
|tier|[Gen 8] OU
|rated|
|rule|Sleep Clause Mod: Limit one foe put to sleep
|rule|Species Clause: Limit one of each Pokémon
|rule|OHKO Clause: OHKO moves are banned
|rule|Evasion Moves Clause: Evasion moves are banned
|rule|Endless Battle Clause: Forcing endless battles is banned
|rule|HP Percentage Mod: HP is shown in percentages
|rule|Dynamax Clause: You cannot dynamax
|clearpoke
|poke|p1|Nihilego|
|poke|p1|Tapu Lele|
|poke|p1|Magnezone|
|poke|p1|Weavile, M|
|poke|p1|Slowbro, F|
|poke|p1|Landorus-Therian, M|
|poke|p2|Conkeldurr, M|
|poke|p2|Latios, M|
|poke|p2|Kommo-o, M|
|poke|p2|Aegislash, M|
|poke|p2|Garchomp, M|
|poke|p2|Kartana|
|teampreview
|inactive|Battle timer is ON: inactive players will automatically lose when time's up. (requested by zKally)
|
|t:|1652434671
|start
|switch|p1a: Landorus|Landorus-Therian, M|100/100
|switch|p2a: Conkeldurr|Conkeldurr, M|100/100
|-ability|p1a: Landorus|Intimidate|boost
|-unboost|p2a: Conkeldurr|atk|1
|turn|1
|
|t:|1652434676
|move|p1a: Landorus|U-turn|p2a: Conkeldurr
|-resisted|p2a: Conkeldurr
|-damage|p2a: Conkeldurr|90/100
|
|t:|1652434679
|switch|p1a: Slowbro|Slowbro, F|100/100|[from]move: U-turn
|move|p2a: Conkeldurr|Knock Off|p1a: Slowbro
|-supereffective|p1a: Slowbro
|-damage|p1a: Slowbro|62/100
|-enditem|p1a: Slowbro|Heavy-Duty Boots|[from] move: Knock Off|[of] p2a: Conkeldurr
|
|-status|p2a: Conkeldurr|brn|[from] item: Flame Orb
|upkeep
|turn|2
|
|t:|1652434693
|switch|p2a: Kommo-o|Kommo-o, M|100/100
|move|p1a: Slowbro|Slack Off|p1a: Slowbro
|-heal|p1a: Slowbro|100/100
|
|upkeep
|turn|3
|
|t:|1652434698
|move|p2a: Kommo-o|Stealth Rock|p1a: Slowbro
|-sidestart|p1: zKally|move: Stealth Rock
|move|p1a: Slowbro|Future Sight|p2a: Kommo-o
|-start|p1a: Slowbro|move: Future Sight
|
|upkeep
|turn|4
|
|t:|1652434703
|move|p2a: Kommo-o|Toxic|p1a: Slowbro
|-status|p1a: Slowbro|tox
|move|p1a: Slowbro|Teleport|p1a: Slowbro
|
|t:|1652434708
|switch|p1a: Tapu Lele|Tapu Lele|100/100|[from]move: Teleport
|-damage|p1a: Tapu Lele|88/100|[from] Stealth Rock
|-fieldstart|move: Psychic Terrain|[from] ability: Psychic Surge|[of] p1a: Tapu Lele
|
|upkeep
|turn|5
|
|t:|1652434719
|switch|p1a: Magnezone|Magnezone|100/100
|-damage|p1a: Magnezone|94/100|[from] Stealth Rock
|switch|p2a: Aegislash|Aegislash, M|100/100
|
|-end|p2a: Aegislash|move: Future Sight
|-resisted|p2a: Aegislash
|-damage|p2a: Aegislash|75/100
|-heal|p2a: Aegislash|81/100|[from] item: Leftovers
|upkeep
|turn|6
|
|t:|1652434728
|move|p2a: Aegislash|King's Shield|p2a: Aegislash
|-singleturn|p2a: Aegislash|Protect
|move|p1a: Magnezone|Discharge|p2a: Aegislash
|-activate|p2a: Aegislash|move: Protect
|
|-heal|p2a: Aegislash|87/100|[from] item: Leftovers
|upkeep
|turn|7
|
|t:|1652434739
|switch|p2a: Garchomp|Garchomp, M|100/100
|move|p1a: Magnezone|Discharge|p2a: Garchomp
|-immune|p2a: Garchomp
|
|upkeep
|turn|8
|
|t:|1652434766
|switch|p1a: Landorus|Landorus-Therian, M|100/100
|-damage|p1a: Landorus|88/100|[from] Stealth Rock
|-ability|p1a: Landorus|Intimidate|boost
|-unboost|p2a: Garchomp|atk|1
|move|p2a: Garchomp|Stone Edge|p1a: Landorus
|-damage|p1a: Landorus|67/100
|
|-heal|p1a: Landorus|73/100|[from] item: Leftovers
|-fieldend|move: Psychic Terrain
|upkeep
|turn|9
|
|t:|1652434779
|switch|p2a: Kommo-o|Kommo-o, M|100/100
|move|p1a: Landorus|Defog|p2a: Kommo-o
|-unboost|p2a: Kommo-o|evasion|1
|-sideend|p1: zKally|Stealth Rock|[from] move: Defog|[of] p1a: Landorus
|
|-heal|p1a: Landorus|79/100|[from] item: Leftovers
|upkeep
|turn|10
|
|t:|1652434787
|move|p1a: Landorus|Imprison|p1a: Landorus
|-start|p1a: Landorus|move: Imprison
|cant|p2a: Kommo-o|move: Imprison|Stealth Rock
|
|-heal|p1a: Landorus|85/100|[from] item: Leftovers
|upkeep
|turn|11
|
|t:|1652434792
|move|p1a: Landorus|Stealth Rock|p2a: Kommo-o
|-sidestart|p2: R3SU|move: Stealth Rock
|move|p2a: Kommo-o|Toxic|p1a: Landorus
|-status|p1a: Landorus|tox
|
|-heal|p1a: Landorus|91/100 tox|[from] item: Leftovers
|-damage|p1a: Landorus|85/100 tox|[from] psn
|upkeep
|turn|12
|
|t:|1652434802
|move|p1a: Landorus|U-turn|p2a: Kommo-o
|-resisted|p2a: Kommo-o
|-damage|p2a: Kommo-o|93/100
|
|t:|1652434807
|switch|p1a: Tapu Lele|Tapu Lele|88/100|[from]move: U-turn
|-fieldstart|move: Psychic Terrain|[from] ability: Psychic Surge|[of] p1a: Tapu Lele
|move|p2a: Kommo-o|Draco Meteor|p1a: Tapu Lele
|-immune|p1a: Tapu Lele
|
|-heal|p2a: Kommo-o|99/100|[from] item: Leftovers
|upkeep
|turn|13
|
|t:|1652434834
|switch|p2a: Aegislash|Aegislash, M|87/100
|-damage|p2a: Aegislash|81/100|[from] Stealth Rock
|move|p1a: Tapu Lele|Psyshock|p2a: Aegislash
|-resisted|p2a: Aegislash
|-damage|p2a: Aegislash|51/100
|
|-heal|p2a: Aegislash|57/100|[from] item: Leftovers
|upkeep
|turn|14
|
|t:|1652434844
|switch|p1a: Magnezone|Magnezone|94/100
|-formechange|p2a: Aegislash|Aegislash-Blade||[from] ability: Stance Change
|move|p2a: Aegislash|Flash Cannon|p1a: Magnezone
|-resisted|p1a: Magnezone
|-damage|p1a: Magnezone|77/100
|-unboost|p1a: Magnezone|spd|1
|
|-heal|p2a: Aegislash|63/100|[from] item: Leftovers
|upkeep
|turn|15
|
|t:|1652434854
|-formechange|p2a: Aegislash|Aegislash||[from] ability: Stance Change
|move|p2a: Aegislash|King's Shield|p2a: Aegislash
|-singleturn|p2a: Aegislash|Protect
|move|p1a: Magnezone|Magnet Rise|p1a: Magnezone
|-start|p1a: Magnezone|Magnet Rise
|
|-heal|p2a: Aegislash|69/100|[from] item: Leftovers
|upkeep
|turn|16
|
|t:|1652434861
|move|p1a: Magnezone|Discharge|p2a: Aegislash
|-damage|p2a: Aegislash|36/100
|-status|p2a: Aegislash|par
|-formechange|p2a: Aegislash|Aegislash-Blade||[from] ability: Stance Change
|move|p2a: Aegislash|Shadow Ball|p1a: Magnezone
|-damage|p1a: Magnezone|0 fnt
|faint|p1a: Magnezone
|
|-heal|p2a: Aegislash|42/100 par|[from] item: Leftovers
|-fieldend|move: Psychic Terrain
|upkeep
|
|t:|1652434873
|switch|p1a: Weavile|Weavile, M|100/100
|-ability|p1a: Weavile|Pressure
|turn|17
|
|t:|1652434880
|move|p1a: Weavile|Swords Dance|p1a: Weavile
|-boost|p1a: Weavile|atk|2
|move|p2a: Aegislash|Flash Cannon|p1a: Weavile
|-supereffective|p1a: Weavile
|-damage|p1a: Weavile|0 fnt
|faint|p1a: Weavile
|
|-heal|p2a: Aegislash|48/100 par|[from] item: Leftovers
|upkeep
|
|t:|1652434889
|switch|p1a: Tapu Lele|Tapu Lele|88/100
|-fieldstart|move: Psychic Terrain|[from] ability: Psychic Surge|[of] p1a: Tapu Lele
|turn|18
|
|t:|1652434893
|-formechange|p2a: Aegislash|Aegislash||[from] ability: Stance Change
|move|p2a: Aegislash|King's Shield|p2a: Aegislash
|-singleturn|p2a: Aegislash|Protect
|move|p1a: Tapu Lele|Psyshock|p2a: Aegislash
|-activate|p2a: Aegislash|move: Protect
|
|-heal|p2a: Aegislash|54/100 par|[from] item: Leftovers
|upkeep
|turn|19
|-message|zKally forfeited.
|
|win|R3SU
|raw|zKally's rating: 1359 &rarr; <strong>1338</strong><br />(-21 for losing)
|raw|R3SU's rating: 1341 &rarr; <strong>1362</strong><br />(+21 for winning)
|l|☆zKally
