|j|☆Stimo96
|j|☆minimax_ai
|t:|1663666556
|gametype|singles
|player|p1|Stimo96|alder|1509
|player|p2|minimax_ai|lusamine-nihilego|1535
|teamsize|p1|6
|teamsize|p2|6
|gen|8
|tier|[Gen 8] OU
|rated|
|rule|Sleep Clause Mod: Limit one foe put to sleep
|rule|Species Clause: Limit one of each Pokémon
|rule|OHKO Clause: OHKO moves are banned
|rule|Evasion Items Clause: Evasion items are banned
|rule|Evasion Moves Clause: Evasion moves are banned
|rule|Endless Battle Clause: Forcing endless battles is banned
|rule|HP Percentage Mod: HP is shown in percentages
|rule|Dynamax Clause: You cannot dynamax
|clearpoke
|poke|p1|Zapdos-Galar|
|poke|p1|Landorus-Therian, M|
|poke|p1|Ferrothorn, F|
|poke|p1|Slowbro, F|
|poke|p1|Regieleki|
|poke|p1|Weavile, M|
|poke|p2|Rotom-Wash|
|poke|p2|Weavile, F|
|poke|p2|Landorus-Therian, M|
|poke|p2|Heatran, M|
|poke|p2|Tangrowth, F|
|poke|p2|Melmetal|
|teampreview
|c|☆minimax_ai|hf
|inactive|Battle timer is ON: inactive players will automatically lose when time's up. (requested by minimax_ai)
|c|☆Stimo96|hf
|
|t:|1663666577
|start
|switch|p1a: Ferrothorn|Ferrothorn, F|100/100
|switch|p2a: Tangrowth|Tangrowth, F|100/100
|turn|1
|
|t:|1663666587
|move|p2a: Tangrowth|Focus Blast|p1a: Ferrothorn|[miss]
|-miss|p2a: Tangrowth|p1a: Ferrothorn
|move|p1a: Ferrothorn|Spikes|p2a: Tangrowth
|-sidestart|p2: minimax_ai|Spikes
|
|upkeep
|turn|2
|
|t:|1663666592
|switch|p1a: Zapdos|Zapdos-Galar|100/100
|move|p2a: Tangrowth|Focus Blast|p1a: Zapdos
|-resisted|p1a: Zapdos
|-damage|p1a: Zapdos|83/100
|
|upkeep
|turn|3
|
|t:|1663666601
|move|p1a: Zapdos|Close Combat|p2a: Tangrowth
|-damage|p2a: Tangrowth|53/100
|-unboost|p1a: Zapdos|def|1
|-unboost|p1a: Zapdos|spd|1
|-damage|p1a: Zapdos|67/100|[from] item: Rocky Helmet|[of] p2a: Tangrowth
|move|p2a: Tangrowth|Sleep Powder|p1a: Zapdos
|-status|p1a: Zapdos|slp|[from] move: Sleep Powder
|
|upkeep
|turn|4
|
|t:|1663666611
|cant|p1a: Zapdos|slp
|move|p2a: Tangrowth|Focus Blast|p1a: Zapdos
|-resisted|p1a: Zapdos
|-damage|p1a: Zapdos|43/100 slp
|
|upkeep
|turn|5
|
|t:|1663666617
|cant|p1a: Zapdos|slp
|move|p2a: Tangrowth|Focus Blast|p1a: Zapdos|[miss]
|-miss|p2a: Tangrowth|p1a: Zapdos
|
|upkeep
|turn|6
|
|t:|1663666624
|cant|p1a: Zapdos|slp
|move|p2a: Tangrowth|Focus Blast|p1a: Zapdos
|-resisted|p1a: Zapdos
|-damage|p1a: Zapdos|18/100 slp
|
|upkeep
|turn|7
|
|t:|1663666632
|-curestatus|p1a: Zapdos|slp|[msg]
|move|p1a: Zapdos|Close Combat|p2a: Tangrowth
|-damage|p2a: Tangrowth|3/100
|-unboost|p1a: Zapdos|def|1
|-unboost|p1a: Zapdos|spd|1
|-damage|p1a: Zapdos|1/100|[from] item: Rocky Helmet|[of] p2a: Tangrowth
|move|p2a: Tangrowth|Focus Blast|p1a: Zapdos
|-resisted|p1a: Zapdos
|-damage|p1a: Zapdos|0 fnt
|faint|p1a: Zapdos
|
|upkeep
|
|t:|1663666644
|switch|p1a: Weavile|Weavile, M|100/100
|-ability|p1a: Weavile|Pressure
|turn|8
|
|t:|1663666648
|move|p1a: Weavile|Knock Off|p2a: Tangrowth
|-damage|p2a: Tangrowth|0 fnt
|-damage|p1a: Weavile|84/100|[from] item: Rocky Helmet|[of] p2a: Tangrowth
|-enditem|p2a: Tangrowth|Rocky Helmet|[from] move: Knock Off|[of] p1a: Weavile
|faint|p2a: Tangrowth
|
|upkeep
|
|t:|1663666648
|switch|p2a: Heatran|Heatran, M|100/100
|-item|p2a: Heatran|Air Balloon
|turn|9
|
|t:|1663666668
|switch|p1a: Slowbro|Slowbro, F|100/100
|move|p2a: Heatran|Eruption|p1a: Slowbro
|-resisted|p1a: Slowbro
|-damage|p1a: Slowbro|63/100
|
|upkeep
|turn|10
|
|t:|1663666676
|switch|p2a: rotomwash|Rotom-Wash|100/100
|move|p1a: Slowbro|Slack Off|p1a: Slowbro
|-heal|p1a: Slowbro|100/100
|
|upkeep
|turn|11
|
|t:|1663666682
|switch|p1a: Ferrothorn|Ferrothorn, F|100/100
|move|p2a: rotomwash|Thunderbolt|p1a: Ferrothorn
|-resisted|p1a: Ferrothorn
|-damage|p1a: Ferrothorn|88/100
|
|-heal|p1a: Ferrothorn|94/100|[from] item: Leftovers
|upkeep
|turn|12
|
|t:|1663666690
|switch|p2a: Heatran|Heatran, M|100/100
|-item|p2a: Heatran|Air Balloon
|move|p1a: Ferrothorn|Knock Off|p2a: Heatran
|-damage|p2a: Heatran|78/100
|-enditem|p2a: Heatran|Air Balloon
|
|-heal|p1a: Ferrothorn|99/100|[from] item: Leftovers
|upkeep
|turn|13
|
|t:|1663666699
|switch|p1a: Slowbro|Slowbro, F|100/100
|move|p2a: Heatran|Magma Storm|p1a: Slowbro
|-resisted|p1a: Slowbro
|-damage|p1a: Slowbro|73/100
|-activate|p1a: Slowbro|move: Magma Storm|[of] p2a: Heatran
|
|-damage|p1a: Slowbro|61/100|[from] move: Magma Storm|[partiallytrapped]
|upkeep
|turn|14
|
|t:|1663666707
|move|p2a: Heatran|Magma Storm|p1a: Slowbro|[miss]
|-miss|p2a: Heatran|p1a: Slowbro
|move|p1a: Slowbro|Slack Off|p1a: Slowbro
|-heal|p1a: Slowbro|100/100
|
|-damage|p1a: Slowbro|88/100|[from] move: Magma Storm|[partiallytrapped]
|upkeep
|turn|15
|
|t:|1663666716
|move|p2a: Heatran|Stealth Rock|p1a: Slowbro
|-sidestart|p1: Stimo96|move: Stealth Rock
|move|p1a: Slowbro|Teleport|p1a: Slowbro
|
|t:|1663666719
|switch|p1a: Landorus|Landorus-Therian, M|100/100|[from]move: Teleport
|-damage|p1a: Landorus|88/100|[from] Stealth Rock
|-ability|p1a: Landorus|Intimidate|boost
|-unboost|p2a: Heatran|atk|1
|
|-heal|p1a: Landorus|94/100|[from] item: Leftovers
|upkeep
|turn|16
|
|t:|1663666727
|switch|p2a: rotomwash|Rotom-Wash|100/100
|move|p1a: Landorus|Stealth Rock|p2a: rotomwash
|-sidestart|p2: minimax_ai|move: Stealth Rock
|
|-heal|p1a: Landorus|99/100|[from] item: Leftovers
|upkeep
|turn|17
|
|t:|1663666733
|switch|p1a: Ferrothorn|Ferrothorn, F|99/100
|-damage|p1a: Ferrothorn|94/100|[from] Stealth Rock
|move|p2a: rotomwash|Nasty Plot|p2a: rotomwash
|-boost|p2a: rotomwash|spa|2
|
|-heal|p1a: Ferrothorn|99/100|[from] item: Leftovers
|upkeep
|turn|18
|
|t:|1663666747
|switch|p2a: landorustherian|Landorus-Therian, M|100/100
|-damage|p2a: landorustherian|88/100|[from] Stealth Rock
|-ability|p2a: landorustherian|Intimidate|boost
|-unboost|p1a: Ferrothorn|atk|1
|move|p1a: Ferrothorn|Leech Seed|p2a: landorustherian
|-start|p2a: landorustherian|move: Leech Seed
|
|-heal|p2a: landorustherian|94/100|[from] item: Leftovers
|-heal|p1a: Ferrothorn|100/100|[from] item: Leftovers
|-damage|p2a: landorustherian|82/100|[from] Leech Seed|[of] p1a: Ferrothorn
|upkeep
|turn|19
|j| Kyurem
|
|t:|1663666758
|switch|p1a: Landorus|Landorus-Therian, M|99/100
|-damage|p1a: Landorus|88/100|[from] Stealth Rock
|-ability|p1a: Landorus|Intimidate|boost
|-unboost|p2a: landorustherian|atk|1
|move|p2a: landorustherian|Defog|p1a: Landorus
|-unboost|p1a: Landorus|evasion|1
|-sideend|p1: Stimo96|Stealth Rock|[from] move: Defog|[of] p2a: landorustherian
|-sideend|p2: minimax_ai|Spikes|[from] move: Defog|[of] p2a: landorustherian
|-sideend|p2: minimax_ai|Stealth Rock|[from] move: Defog|[of] p2a: landorustherian
|
|-heal|p2a: landorustherian|88/100|[from] item: Leftovers
|-heal|p1a: Landorus|94/100|[from] item: Leftovers
|-damage|p2a: landorustherian|76/100|[from] Leech Seed|[of] p1a: Landorus
|-heal|p1a: Landorus|100/100|[silent]
|upkeep
|turn|20
|
|t:|1663666772
|switch|p2a: rotomwash|Rotom-Wash|100/100
|move|p1a: Landorus|U-turn|p2a: rotomwash
|-damage|p2a: rotomwash|78/100
|
|t:|1663666779
|switch|p1a: Ferrothorn|Ferrothorn, F|100/100|[from]move: U-turn
|
|-heal|p2a: rotomwash|85/100|[from] item: Leftovers
|upkeep
|turn|21
|
|t:|1663666785
|switch|p2a: landorustherian|Landorus-Therian, M|76/100
|-ability|p2a: landorustherian|Intimidate|boost
|-unboost|p1a: Ferrothorn|atk|1
|move|p1a: Ferrothorn|Knock Off|p2a: landorustherian
|-damage|p2a: landorustherian|62/100
|-enditem|p2a: landorustherian|Leftovers|[from] move: Knock Off|[of] p1a: Ferrothorn
|
|upkeep
|turn|22
|
|t:|1663666793
|switch|p1a: Landorus|Landorus-Therian, M|100/100
|-ability|p1a: Landorus|Intimidate|boost
|-unboost|p2a: landorustherian|atk|1
|move|p2a: landorustherian|Earthquake|p1a: Landorus
|-immune|p1a: Landorus
|
|upkeep
|turn|23
|
|t:|1663666801
|move|p2a: landorustherian|Toxic|p1a: Landorus
|-status|p1a: Landorus|tox
|move|p1a: Landorus|U-turn|p2a: landorustherian
|-resisted|p2a: landorustherian
|-damage|p2a: landorustherian|52/100
|
|t:|1663666806
|switch|p1a: Weavile|Weavile, M|84/100|[from]move: U-turn
|-ability|p1a: Weavile|Pressure
|
|upkeep
|turn|24
|
|t:|1663666812
|switch|p2a: Heatran|Heatran, M|78/100
|move|p1a: Weavile|Triple Axel|p2a: Heatran
|-resisted|p2a: Heatran
|-damage|p2a: Heatran|76/100
|-resisted|p2a: Heatran
|-damage|p2a: Heatran|71/100
|-resisted|p2a: Heatran
|-damage|p2a: Heatran|63/100
|-hitcount|p2a: Heatran|3
|
|upkeep
|turn|25
|
|t:|1663666822
|switch|p1a: Slowbro|Slowbro, F|100/100
|move|p2a: Heatran|Magma Storm|p1a: Slowbro
|-resisted|p1a: Slowbro
|-damage|p1a: Slowbro|71/100
|-activate|p1a: Slowbro|move: Magma Storm|[of] p2a: Heatran
|
|-damage|p1a: Slowbro|59/100|[from] move: Magma Storm|[partiallytrapped]
|upkeep
|turn|26
|
|t:|1663666830
|move|p2a: Heatran|Magma Storm|p1a: Slowbro
|-resisted|p1a: Slowbro
|-damage|p1a: Slowbro|31/100
|move|p1a: Slowbro|Slack Off|p1a: Slowbro
|-heal|p1a: Slowbro|81/100
|
|-damage|p1a: Slowbro|69/100|[from] move: Magma Storm|[partiallytrapped]
|upkeep
|turn|27
|
|t:|1663666838
|move|p2a: Heatran|Magma Storm|p1a: Slowbro
|-resisted|p1a: Slowbro
|-damage|p1a: Slowbro|40/100
|move|p1a: Slowbro|Teleport|p1a: Slowbro
|
|t:|1663666843
|switch|p1a: Landorus|Landorus-Therian, M|100/100 tox|[from]move: Teleport
|-ability|p1a: Landorus|Intimidate|boost
|-unboost|p2a: Heatran|atk|1
|
|-damage|p1a: Landorus|94/100 tox|[from] psn
|upkeep
|turn|28
|
|t:|1663666849
|switch|p2a: rotomwash|Rotom-Wash|85/100
|move|p1a: Landorus|Stealth Rock|p2a: rotomwash
|-sidestart|p2: minimax_ai|move: Stealth Rock
|
|-heal|p2a: rotomwash|91/100|[from] item: Leftovers
|-heal|p1a: Landorus|100/100 tox|[from] item: Leftovers
|-damage|p1a: Landorus|88/100 tox|[from] psn
|upkeep
|turn|29
|
|t:|1663666858
|switch|p1a: Ferrothorn|Ferrothorn, F|100/100
|move|p2a: rotomwash|Nasty Plot|p2a: rotomwash
|-boost|p2a: rotomwash|spa|2
|
|-heal|p2a: rotomwash|97/100|[from] item: Leftovers
|upkeep
|turn|30
|
|t:|1663666865
|switch|p2a: landorustherian|Landorus-Therian, M|52/100
|-damage|p2a: landorustherian|40/100|[from] Stealth Rock
|-ability|p2a: landorustherian|Intimidate|boost
|-unboost|p1a: Ferrothorn|atk|1
|move|p1a: Ferrothorn|Leech Seed|p2a: landorustherian|[miss]
|-miss|p1a: Ferrothorn|p2a: landorustherian
|
|upkeep
|turn|31
|
|t:|1663666880
|switch|p1a: Slowbro|Slowbro, F|73/100
|move|p2a: landorustherian|Defog|p1a: Slowbro
|-unboost|p1a: Slowbro|evasion|1
|-sideend|p2: minimax_ai|Stealth Rock|[from] move: Defog|[of] p2a: landorustherian
|
|upkeep
|turn|32
|
|t:|1663666887
|move|p2a: landorustherian|U-turn|p1a: Slowbro
|-supereffective|p1a: Slowbro
|-damage|p1a: Slowbro|47/100
|-damage|p2a: landorustherian|23/100|[from] item: Rocky Helmet|[of] p1a: Slowbro
|
|t:|1663666887
|switch|p2a: rotomwash|Rotom-Wash|97/100|[from]move: U-turn
|move|p1a: Slowbro|Future Sight|p2a: rotomwash
|-start|p1a: Slowbro|move: Future Sight
|
|-heal|p2a: rotomwash|100/100|[from] item: Leftovers
|upkeep
|turn|33
|
|t:|1663666896
|switch|p1a: Ferrothorn|Ferrothorn, F|100/100
|move|p2a: rotomwash|Hydro Pump|p1a: Ferrothorn|[miss]
|-miss|p2a: rotomwash|p1a: Ferrothorn
|
|upkeep
|turn|34
|
|t:|1663666902
|switch|p2a: Heatran|Heatran, M|63/100
|move|p1a: Ferrothorn|Body Press|p2a: Heatran
|-supereffective|p2a: Heatran
|-damage|p2a: Heatran|12/100
|
|-end|p2a: Heatran|move: Future Sight
|-resisted|p2a: Heatran
|-damage|p2a: Heatran|0 fnt
|faint|p2a: Heatran
|upkeep
|
|t:|1663666902
|switch|p2a: rotomwash|Rotom-Wash|100/100
|turn|35
|
|t:|1663666915
|move|p2a: rotomwash|Thunderbolt|p1a: Ferrothorn
|-resisted|p1a: Ferrothorn
|-damage|p1a: Ferrothorn|88/100
|move|p1a: Ferrothorn|Leech Seed|p2a: rotomwash
|-start|p2a: rotomwash|move: Leech Seed
|
|-heal|p1a: Ferrothorn|94/100|[from] item: Leftovers
|-damage|p2a: rotomwash|88/100|[from] Leech Seed|[of] p1a: Ferrothorn
|-heal|p1a: Ferrothorn|100/100|[silent]
|upkeep
|turn|36
|
|t:|1663666928
|switch|p2a: landorustherian|Landorus-Therian, M|23/100
|-ability|p2a: landorustherian|Intimidate|boost
|-unboost|p1a: Ferrothorn|atk|1
|move|p1a: Ferrothorn|Leech Seed|p2a: landorustherian|[miss]
|-miss|p1a: Ferrothorn|p2a: landorustherian
|
|upkeep
|turn|37
|
|t:|1663666936
|switch|p2a: rotomwash|Rotom-Wash|88/100
|switch|p1a: Landorus|Landorus-Therian, M|88/100 tox
|-ability|p1a: Landorus|Intimidate|boost
|-unboost|p2a: rotomwash|atk|1
|
|-heal|p2a: rotomwash|94/100|[from] item: Leftovers
|-heal|p1a: Landorus|94/100 tox|[from] item: Leftovers
|-damage|p1a: Landorus|88/100 tox|[from] psn
|upkeep
|turn|38
|
|t:|1663666947
|switch|p1a: Ferrothorn|Ferrothorn, F|100/100
|move|p2a: rotomwash|Hydro Pump|p1a: Ferrothorn|[miss]
|-miss|p2a: rotomwash|p1a: Ferrothorn
|
|-heal|p2a: rotomwash|100/100|[from] item: Leftovers
|upkeep
|turn|39
|
|t:|1663666954
|switch|p2a: landorustherian|Landorus-Therian, M|23/100
|-ability|p2a: landorustherian|Intimidate|boost
|-unboost|p1a: Ferrothorn|atk|1
|move|p1a: Ferrothorn|Leech Seed|p2a: landorustherian
|-start|p2a: landorustherian|move: Leech Seed
|
|-damage|p2a: landorustherian|11/100|[from] Leech Seed|[of] p1a: Ferrothorn
|upkeep
|turn|40
|
|t:|1663666965
|switch|p2a: rotomwash|Rotom-Wash|100/100
|switch|p1a: Slowbro|Slowbro, F|80/100
|
|upkeep
|turn|41
|
|t:|1663666970
|switch|p1a: Ferrothorn|Ferrothorn, F|100/100
|move|p2a: rotomwash|Nasty Plot|p2a: rotomwash
|-boost|p2a: rotomwash|spa|2
|
|upkeep
|turn|42
|
|t:|1663666976
|move|p2a: rotomwash|Nasty Plot|p2a: rotomwash
|-boost|p2a: rotomwash|spa|2
|move|p1a: Ferrothorn|Knock Off|p2a: rotomwash
|-damage|p2a: rotomwash|79/100
|-enditem|p2a: rotomwash|Leftovers|[from] move: Knock Off|[of] p1a: Ferrothorn
|
|upkeep
|turn|43
|
|t:|1663666982
|move|p2a: rotomwash|Thunderbolt|p1a: Ferrothorn
|-resisted|p1a: Ferrothorn
|-damage|p1a: Ferrothorn|67/100
|move|p1a: Ferrothorn|Leech Seed|p2a: rotomwash
|-start|p2a: rotomwash|move: Leech Seed
|
|-heal|p1a: Ferrothorn|73/100|[from] item: Leftovers
|-damage|p2a: rotomwash|67/100|[from] Leech Seed|[of] p1a: Ferrothorn
|-heal|p1a: Ferrothorn|84/100|[silent]
|upkeep
|turn|44
|
|t:|1663666991
|move|p2a: rotomwash|Hydro Pump|p1a: Ferrothorn
|-resisted|p1a: Ferrothorn
|-damage|p1a: Ferrothorn|39/100
|move|p1a: Ferrothorn|Body Press|p2a: rotomwash
|-damage|p2a: rotomwash|43/100
|
|-heal|p1a: Ferrothorn|45/100|[from] item: Leftovers
|-damage|p2a: rotomwash|30/100|[from] Leech Seed|[of] p1a: Ferrothorn
|-heal|p1a: Ferrothorn|56/100|[silent]
|upkeep
|turn|45
|
|t:|1663667000
|move|p2a: rotomwash|Thunderbolt|p1a: Ferrothorn
|-resisted|p1a: Ferrothorn
|-damage|p1a: Ferrothorn|19/100
|move|p1a: Ferrothorn|Body Press|p2a: rotomwash
|-damage|p2a: rotomwash|2/100
|
|-heal|p1a: Ferrothorn|25/100|[from] item: Leftovers
|-damage|p2a: rotomwash|0 fnt|[from] Leech Seed|[of] p1a: Ferrothorn
|-heal|p1a: Ferrothorn|27/100|[silent]
|faint|p2a: rotomwash
|upkeep
|
|t:|1663667000
|switch|p2a: Weavile|Weavile, F|100/100
|-ability|p2a: Weavile|Pressure
|turn|46
|
|t:|1663667014
|move|p2a: Weavile|Knock Off|p1a: Ferrothorn
|-damage|p1a: Ferrothorn|0 fnt
|-damage|p2a: Weavile|88/100|[from] ability: Iron Barbs|[of] p1a: Ferrothorn
|-enditem|p1a: Ferrothorn|Leftovers|[from] move: Knock Off|[of] p2a: Weavile
|faint|p1a: Ferrothorn
|
|upkeep
|
|t:|1663667024
|switch|p1a: Regieleki|Regieleki, shiny|100/100
|turn|47
|
|t:|1663667029
|switch|p1a: Weavile|Weavile, M|84/100
|-ability|p1a: Weavile|Pressure
|switch|p2a: landorustherian|Landorus-Therian, M|11/100
|-ability|p2a: landorustherian|Intimidate|boost
|-unboost|p1a: Weavile|atk|1
|
|upkeep
|turn|48
|
|t:|1663667037
|switch|p2a: Melmetal|Melmetal|100/100
|move|p1a: Weavile|Knock Off|p2a: Melmetal
|-damage|p2a: Melmetal|83/100
|-enditem|p2a: Melmetal|Assault Vest|[from] move: Knock Off|[of] p1a: Weavile
|
|upkeep
|turn|49
|
|t:|1663667045
|switch|p1a: Slowbro|Slowbro, F|100/100
|move|p2a: Melmetal|Double Iron Bash|p1a: Slowbro
|-resisted|p1a: Slowbro
|-damage|p1a: Slowbro|88/100
|-damage|p2a: Melmetal|67/100|[from] item: Rocky Helmet|[of] p1a: Slowbro
|-resisted|p1a: Slowbro
|-damage|p1a: Slowbro|75/100
|-damage|p2a: Melmetal|50/100|[from] item: Rocky Helmet|[of] p1a: Slowbro
|-hitcount|p1a: Slowbro|2
|
|upkeep
|turn|50
|
|t:|1663667055
|move|p2a: Melmetal|Thunder Punch|p1a: Slowbro
|-supereffective|p1a: Slowbro
|-damage|p1a: Slowbro|32/100
|-damage|p2a: Melmetal|34/100|[from] item: Rocky Helmet|[of] p1a: Slowbro
|move|p1a: Slowbro|Scald|p2a: Melmetal
|-damage|p2a: Melmetal|12/100
|-status|p2a: Melmetal|brn
|
|-damage|p2a: Melmetal|6/100 brn|[from] brn
|upkeep
|turn|51
|
|t:|1663667064
|move|p2a: Melmetal|Double Iron Bash|p1a: Slowbro
|-resisted|p1a: Slowbro
|-damage|p1a: Slowbro|26/100
|-damage|p2a: Melmetal|0 fnt|[from] item: Rocky Helmet|[of] p1a: Slowbro
|faint|p2a: Melmetal
|-hitcount|p1a: Slowbro|1
|move|p1a: Slowbro|Slack Off|p1a: Slowbro
|-heal|p1a: Slowbro|77/100
|
|upkeep
|
|t:|1663667064
|switch|p2a: Weavile|Weavile, F|88/100
|-ability|p2a: Weavile|Pressure
|turn|52
|
|t:|1663667076
|move|p2a: Weavile|Knock Off|p1a: Slowbro
|-supereffective|p1a: Slowbro
|-damage|p1a: Slowbro|0 fnt
|-damage|p2a: Weavile|72/100|[from] item: Rocky Helmet|[of] p1a: Slowbro
|-enditem|p1a: Slowbro|Rocky Helmet|[from] move: Knock Off|[of] p2a: Weavile
|faint|p1a: Slowbro
|
|upkeep
|
|t:|1663667089
|switch|p1a: Regieleki|Regieleki, shiny|100/100
|turn|53
|
|t:|1663667092
|switch|p2a: landorustherian|Landorus-Therian, M|11/100
|-ability|p2a: landorustherian|Intimidate|boost
|-unboost|p1a: Regieleki|atk|1
|move|p1a: Regieleki|Ancient Power|p2a: landorustherian
|-damage|p2a: landorustherian|0 fnt
|faint|p2a: landorustherian
|
|upkeep
|
|t:|1663667092
|switch|p2a: Weavile|Weavile, F|72/100
|-ability|p2a: Weavile|Pressure
|turn|54
|
|t:|1663667102
|move|p1a: Regieleki|Thunderbolt|p2a: Weavile
|-damage|p2a: Weavile|0 fnt
|faint|p2a: Weavile
|
|win|Stimo96
|raw|Stimo96's rating: 1509 &rarr; <strong>1530</strong><br />(+21 for winning)
|raw|minimax_ai's rating: 1535 &rarr; <strong>1514</strong><br />(-21 for losing)
|c|☆minimax_ai|gg
