|j|☆I'm back from mars
|j|☆Tsukishirohinami
|inactive|Battle timer is ON: inactive players will automatically lose when time's up.
|t:|1667827835
|gametype|singles
|player|p1|I'm back from mars|lucas|
|player|p2|Tsukishirohinami|dawn|
|teamsize|p1|6
|teamsize|p2|6
|gen|8
|tier|[Gen 8] OU
|rated|Tournament battle
|rule|Sleep Clause Mod: Limit one foe put to sleep
|rule|Species Clause: Limit one of each Pokémon
|rule|OHKO Clause: OHKO moves are banned
|rule|Evasion Items Clause: Evasion items are banned
|rule|Evasion Moves Clause: Evasion moves are banned
|rule|Endless Battle Clause: Forcing endless battles is banned
|rule|HP Percentage Mod: HP is shown in percentages
|rule|Dynamax Clause: You cannot dynamax
|clearpoke
|poke|p1|Jirachi|
|poke|p1|Skarmory, M|
|poke|p1|Gastrodon, M|
|poke|p1|Toxapex, M|
|poke|p1|Clefable, F|
|poke|p1|Hydreigon, F|
|poke|p2|Tapu Lele|
|poke|p2|Blacephalon|
|poke|p2|Conkeldurr, M|
|poke|p2|Landorus-Therian, M|
|poke|p2|Kartana|
|poke|p2|Magnezone|
|teampreview
|inactive|Tsukishirohinami also wants the timer to be on.
|j| Pikablu007
|c|☆Tsukishirohinami|glhf
|l| Pikablu007
|j|@moondazing
|
|t:|1667827848
|start
|switch|p1a: Toxapex|Toxapex, M|100/100
|switch|p2a: Landorus|Landorus-Therian, M|100/100
|-ability|p2a: Landorus|Intimidate|boost
|-unboost|p1a: Toxapex|atk|1
|turn|1
|j| Pikablu007
|
|t:|1667827856
|move|p2a: Landorus|Earthquake|p1a: Toxapex
|-supereffective|p1a: Toxapex
|-damage|p1a: Toxapex|39/100
|move|p1a: Toxapex|Toxic|p2a: Landorus
|-status|p2a: Landorus|tox
|
|-damage|p2a: Landorus|95/100 tox|[from] psn
|upkeep
|turn|2
|j| Aftx
|j| aursnes
|c|☆I'm back from mars|gl
|j| the art of
|
|t:|1667827867
|switch|p2a: Magnezone|Magnezone|100/100
|switch|p1a: Clefable|Clefable, F|100/100
|
|upkeep
|turn|3
|
|t:|1667827871
|switch|p1a: Gastrodon|Gastrodon, M|100/100
|move|p2a: Magnezone|Substitute|p2a: Magnezone
|-start|p2a: Magnezone|Substitute
|-damage|p2a: Magnezone|76/100
|
|-heal|p2a: Magnezone|82/100|[from] item: Leftovers
|upkeep
|turn|4
|
|t:|1667827876
|move|p2a: Magnezone|Body Press|p1a: Gastrodon
|-damage|p1a: Gastrodon|78/100
|move|p1a: Gastrodon|Earth Power|p2a: Magnezone
|-supereffective|p2a: Magnezone
|-end|p2a: Magnezone|Substitute
|
|-heal|p2a: Magnezone|88/100|[from] item: Leftovers
|-heal|p1a: Gastrodon|84/100|[from] item: Leftovers
|upkeep
|turn|5
|
|t:|1667827882
|switch|p2a: Landorus|Landorus-Therian, M|95/100 tox
|-ability|p2a: Landorus|Intimidate|boost
|-unboost|p1a: Gastrodon|atk|1
|move|p1a: Gastrodon|Scald|p2a: Landorus
|-supereffective|p2a: Landorus
|-damage|p2a: Landorus|32/100 tox
|
|-heal|p1a: Gastrodon|90/100|[from] item: Leftovers
|-damage|p2a: Landorus|26/100 tox|[from] psn
|upkeep
|turn|6
|j| cypherstest
|
|t:|1667827905
|move|p2a: Landorus|Stealth Rock|p1a: Gastrodon
|-sidestart|p1: I'm back from mars|move: Stealth Rock
|move|p1a: Gastrodon|Recover|p1a: Gastrodon
|-heal|p1a: Gastrodon|100/100
|
|-damage|p2a: Landorus|14/100 tox|[from] psn
|upkeep
|turn|7
|
|t:|1667827913
|switch|p2a: Conkeldurr|Conkeldurr, M|100/100
|move|p1a: Gastrodon|Recover||[still]
|-fail|p1a: Gastrodon|heal
|
|-status|p2a: Conkeldurr|brn|[from] item: Flame Orb
|upkeep
|turn|8
|
|t:|1667827922
|switch|p1a: Jirachi|Jirachi|100/100
|-damage|p1a: Jirachi|94/100|[from] Stealth Rock
|move|p2a: Conkeldurr|Taunt|p1a: Jirachi
|-start|p1a: Jirachi|move: Taunt
|
|-heal|p1a: Jirachi|100/100|[from] item: Leftovers
|-damage|p2a: Conkeldurr|94/100 brn|[from] brn
|upkeep
|turn|9
|
|t:|1667827927
|move|p1a: Jirachi|U-turn|p2a: Conkeldurr
|-resisted|p2a: Conkeldurr
|-damage|p2a: Conkeldurr|87/100 brn
|
|t:|1667827931
|switch|p1a: Hydreigon|Hydreigon, F|100/100|[from]move: U-turn
|-damage|p1a: Hydreigon|88/100|[from] Stealth Rock
|move|p2a: Conkeldurr|Knock Off|p1a: Hydreigon
|-resisted|p1a: Hydreigon
|-damage|p1a: Hydreigon|54/100
|-enditem|p1a: Hydreigon|Leftovers|[from] move: Knock Off|[of] p2a: Conkeldurr
|
|-damage|p2a: Conkeldurr|81/100 brn|[from] brn
|upkeep
|turn|10
|l| Pikablu007
|
|t:|1667827943
|switch|p1a: Toxapex|Toxapex, M|72/100
|-damage|p1a: Toxapex|59/100|[from] Stealth Rock
|move|p2a: Conkeldurr|Mach Punch|p1a: Toxapex
|-resisted|p1a: Toxapex
|-damage|p1a: Toxapex|48/100
|-damage|p2a: Conkeldurr|65/100 brn|[from] item: Rocky Helmet|[of] p1a: Toxapex
|
|-damage|p2a: Conkeldurr|58/100 brn|[from] brn
|upkeep
|turn|11
|
|t:|1667827952
|move|p2a: Conkeldurr|Taunt|p1a: Toxapex
|-start|p1a: Toxapex|move: Taunt
|cant|p1a: Toxapex|move: Taunt|Recover
|
|-damage|p2a: Conkeldurr|52/100 brn|[from] brn
|upkeep
|turn|12
|
|t:|1667827963
|switch|p1a: Clefable|Clefable, F|100/100
|-damage|p1a: Clefable|88/100|[from] Stealth Rock
|move|p2a: Conkeldurr|Knock Off|p1a: Clefable
|-resisted|p1a: Clefable
|-damage|p1a: Clefable|66/100
|-enditem|p1a: Clefable|Leftovers|[from] move: Knock Off|[of] p2a: Conkeldurr
|
|-damage|p2a: Conkeldurr|46/100 brn|[from] brn
|upkeep
|turn|13
|
|t:|1667827971
|switch|p2a: Tapu Lele|Tapu Lele, shiny|100/100
|-fieldstart|move: Psychic Terrain|[from] ability: Psychic Surge|[of] p2a: Tapu Lele
|move|p1a: Clefable|Moonblast|p2a: Tapu Lele
|-damage|p2a: Tapu Lele|66/100
|-unboost|p2a: Tapu Lele|spa|1
|
|upkeep
|turn|14
|
|t:|1667827974
|switch|p1a: Jirachi|Jirachi|100/100
|-damage|p1a: Jirachi|94/100|[from] Stealth Rock
|move|p2a: Tapu Lele|Future Sight|p1a: Jirachi
|-start|p2a: Tapu Lele|move: Future Sight
|
|-heal|p1a: Jirachi|100/100|[from] item: Leftovers
|upkeep
|turn|15
|
|t:|1667827982
|switch|p2a: Blacephalon|Blacephalon|100/100
|move|p1a: Jirachi|Body Slam|p2a: Blacephalon
|-immune|p2a: Blacephalon
|
|upkeep
|turn|16
|
|t:|1667827987
|move|p1a: Jirachi|Protect|p1a: Jirachi
|-singleturn|p1a: Jirachi|Protect
|move|p2a: Blacephalon|Substitute|p2a: Blacephalon
|-start|p2a: Blacephalon|Substitute
|-damage|p2a: Blacephalon|76/100
|
|-end|p1a: Jirachi|move: Future Sight
|-resisted|p1a: Jirachi
|-damage|p1a: Jirachi|87/100
|-heal|p1a: Jirachi|93/100|[from] item: Leftovers
|upkeep
|turn|17
|
|t:|1667827992
|switch|p1a: Gastrodon|Gastrodon, M|100/100
|-damage|p1a: Gastrodon|94/100|[from] Stealth Rock
|move|p2a: Blacephalon|Shadow Ball|p1a: Gastrodon
|-damage|p1a: Gastrodon|62/100
|
|-heal|p1a: Gastrodon|69/100|[from] item: Leftovers
|-fieldend|move: Psychic Terrain
|upkeep
|turn|18
|
|t:|1667828001
|move|p2a: Blacephalon|Shadow Ball|p1a: Gastrodon
|-damage|p1a: Gastrodon|40/100
|move|p1a: Gastrodon|Recover|p1a: Gastrodon
|-heal|p1a: Gastrodon|90/100
|
|-heal|p1a: Gastrodon|96/100|[from] item: Leftovers
|upkeep
|turn|19
|
|t:|1667828007
|switch|p2a: Kartana|Kartana, shiny|100/100
|move|p1a: Gastrodon|Earth Power|p2a: Kartana
|-damage|p2a: Kartana|6/100
|
|-heal|p1a: Gastrodon|100/100|[from] item: Leftovers
|upkeep
|turn|20
|
|t:|1667828011
|switch|p1a: Toxapex|Toxapex, M|81/100
|-damage|p1a: Toxapex|69/100|[from] Stealth Rock
|move|p2a: Kartana|Leaf Blade|p1a: Toxapex
|-damage|p1a: Toxapex|18/100
|-damage|p2a: Kartana|0 fnt|[from] item: Rocky Helmet|[of] p1a: Toxapex
|faint|p2a: Kartana
|
|upkeep
|
|t:|1667828015
|switch|p2a: Blacephalon|Blacephalon|76/100
|turn|21
|
|t:|1667828022
|switch|p2a: Conkeldurr|Conkeldurr, M|46/100 brn
|switch|p1a: Gastrodon|Gastrodon, M|100/100
|-damage|p1a: Gastrodon|94/100|[from] Stealth Rock
|
|-heal|p1a: Gastrodon|100/100|[from] item: Leftovers
|-damage|p2a: Conkeldurr|40/100 brn|[from] brn
|upkeep
|turn|22
|
|t:|1667828033
|switch|p1a: Skarmory|Skarmory, M|100/100
|-damage|p1a: Skarmory|88/100|[from] Stealth Rock
|move|p2a: Conkeldurr|Drain Punch|p1a: Skarmory
|-damage|p1a: Skarmory|49/100
|-heal|p2a: Conkeldurr|56/100 brn|[from] drain|[of] p1a: Skarmory
|
|-damage|p2a: Conkeldurr|50/100 brn|[from] brn
|upkeep
|turn|23
|j| Notorioustupacet
|
|t:|1667828046
|move|p1a: Skarmory|Stealth Rock|p2a: Conkeldurr
|-sidestart|p2: Tsukishirohinami|move: Stealth Rock
|move|p2a: Conkeldurr|Taunt|p1a: Skarmory
|-start|p1a: Skarmory|move: Taunt
|
|-damage|p2a: Conkeldurr|44/100 brn|[from] brn
|upkeep
|turn|24
|
|t:|1667828049
|move|p1a: Skarmory|Body Press|p2a: Conkeldurr
|-damage|p2a: Conkeldurr|17/100 brn
|move|p2a: Conkeldurr|Drain Punch|p1a: Skarmory
|-damage|p1a: Skarmory|6/100
|-heal|p2a: Conkeldurr|34/100 brn|[from] drain|[of] p1a: Skarmory
|
|-damage|p2a: Conkeldurr|28/100 brn|[from] brn
|upkeep
|turn|25
|
|t:|1667828054
|move|p2a: Conkeldurr|Mach Punch|p1a: Skarmory
|-damage|p1a: Skarmory|0 fnt
|faint|p1a: Skarmory
|
|-damage|p2a: Conkeldurr|22/100 brn|[from] brn
|upkeep
|
|t:|1667828059
|switch|p1a: Jirachi|Jirachi|93/100
|-damage|p1a: Jirachi|87/100|[from] Stealth Rock
|turn|26
|
|t:|1667828069
|switch|p2a: Blacephalon|Blacephalon|76/100
|move|p1a: Jirachi|Protect||[still]
|-fail|p1a: Jirachi
|
|-heal|p1a: Jirachi|93/100|[from] item: Leftovers
|upkeep
|turn|27
|
|t:|1667828076
|switch|p1a: Gastrodon|Gastrodon, M|100/100
|-damage|p1a: Gastrodon|94/100|[from] Stealth Rock
|move|p2a: Blacephalon|Shadow Ball|p1a: Gastrodon
|-damage|p1a: Gastrodon|63/100
|
|-heal|p1a: Gastrodon|70/100|[from] item: Leftovers
|upkeep
|turn|28
|
|t:|1667828095
|switch|p2a: Tapu Lele|Tapu Lele, shiny|66/100
|-damage|p2a: Tapu Lele|54/100|[from] Stealth Rock
|-fieldstart|move: Psychic Terrain|[from] ability: Psychic Surge|[of] p2a: Tapu Lele
|move|p1a: Gastrodon|Recover|p1a: Gastrodon
|-heal|p1a: Gastrodon|100/100
|
|upkeep
|turn|29
|
|t:|1667828099
|switch|p1a: Jirachi|Jirachi|93/100
|-damage|p1a: Jirachi|87/100|[from] Stealth Rock
|move|p2a: Tapu Lele|Psychic|p1a: Jirachi
|-resisted|p1a: Jirachi
|-damage|p1a: Jirachi|77/100
|
|-heal|p1a: Jirachi|83/100|[from] item: Leftovers
|upkeep
|turn|30
|l| the art of
|
|t:|1667828105
|switch|p2a: Magnezone|Magnezone|88/100
|-damage|p2a: Magnezone|82/100|[from] Stealth Rock
|move|p1a: Jirachi|U-turn|p2a: Magnezone
|-resisted|p2a: Magnezone
|-damage|p2a: Magnezone|75/100
|
|t:|1667828112
|switch|p1a: Hydreigon|Hydreigon, F|54/100|[from]move: U-turn
|-damage|p1a: Hydreigon|42/100|[from] Stealth Rock
|
|-heal|p2a: Magnezone|81/100|[from] item: Leftovers
|upkeep
|turn|31
|
|t:|1667828115
|move|p1a: Hydreigon|Earth Power|p2a: Magnezone
|-supereffective|p2a: Magnezone
|-damage|p2a: Magnezone|0 fnt
|faint|p2a: Magnezone
|
|upkeep
|j| PoobleMaster945
|
|t:|1667828122
|switch|p2a: Conkeldurr|Conkeldurr, M|22/100 brn
|-damage|p2a: Conkeldurr|16/100 brn|[from] Stealth Rock
|turn|32
|
|t:|1667828127
|switch|p1a: Toxapex|Toxapex, M|51/100
|-damage|p1a: Toxapex|38/100|[from] Stealth Rock
|move|p2a: Conkeldurr|Drain Punch|p1a: Toxapex
|-resisted|p1a: Toxapex
|-damage|p1a: Toxapex|18/100
|-heal|p2a: Conkeldurr|23/100 brn|[from] drain|[of] p1a: Toxapex
|-damage|p2a: Conkeldurr|7/100 brn|[from] item: Rocky Helmet|[of] p1a: Toxapex
|
|-damage|p2a: Conkeldurr|1/100 brn|[from] brn
|-fieldend|move: Psychic Terrain
|upkeep
|turn|33
|
|t:|1667828141
|move|p2a: Conkeldurr|Knock Off|p1a: Toxapex
|-damage|p1a: Toxapex|0 fnt
|-damage|p2a: Conkeldurr|0 fnt|[from] item: Rocky Helmet|[of] p1a: Toxapex
|faint|p1a: Toxapex
|faint|p2a: Conkeldurr
|
|upkeep
|
|t:|1667828146
|switch|p2a: Tapu Lele|Tapu Lele, shiny|54/100
|switch|p1a: Jirachi|Jirachi|83/100
|-damage|p2a: Tapu Lele|41/100|[from] Stealth Rock
|-fieldstart|move: Psychic Terrain|[from] ability: Psychic Surge|[of] p2a: Tapu Lele
|-damage|p1a: Jirachi|77/100|[from] Stealth Rock
|turn|34
|
|t:|1667828151
|move|p2a: Tapu Lele|Future Sight|p1a: Jirachi
|-start|p2a: Tapu Lele|move: Future Sight
|move|p1a: Jirachi|Body Slam|p2a: Tapu Lele
|-damage|p2a: Tapu Lele|10/100
|
|-heal|p1a: Jirachi|83/100|[from] item: Leftovers
|upkeep
|turn|35
|
|t:|1667828157
|switch|p2a: Blacephalon|Blacephalon|76/100
|move|p1a: Jirachi|U-turn|p2a: Blacephalon
|-resisted|p2a: Blacephalon
|-damage|p2a: Blacephalon|66/100
|
|t:|1667828159
|switch|p1a: Hydreigon|Hydreigon, F|42/100|[from]move: U-turn
|-damage|p1a: Hydreigon|29/100|[from] Stealth Rock
|
|upkeep
|turn|36
|
|t:|1667828168
|move|p2a: Blacephalon|Shadow Ball|p1a: Hydreigon
|-resisted|p1a: Hydreigon
|-damage|p1a: Hydreigon|3/100
|move|p1a: Hydreigon|Roost|p1a: Hydreigon
|-heal|p1a: Hydreigon|53/100
|-singleturn|p1a: Hydreigon|move: Roost
|
|-end|p1a: Hydreigon|move: Future Sight
|-immune|p1a: Hydreigon
|upkeep
|turn|37
|
|t:|1667828174
|switch|p2a: Landorus|Landorus-Therian, M|14/100 tox
|-damage|p2a: Landorus|2/100 tox|[from] Stealth Rock
|-ability|p2a: Landorus|Intimidate|boost
|-unboost|p1a: Hydreigon|atk|1
|move|p1a: Hydreigon|Roost|p1a: Hydreigon
|-heal|p1a: Hydreigon|100/100
|-singleturn|p1a: Hydreigon|move: Roost
|
|-damage|p2a: Landorus|0 fnt|[from] psn
|faint|p2a: Landorus
|upkeep
|
|t:|1667828176
|switch|p2a: Tapu Lele|Tapu Lele, shiny|10/100
|-damage|p2a: Tapu Lele|0 fnt|[from] Stealth Rock
|faint|p2a: Tapu Lele
|
|t:|1667828178
|switch|p2a: Blacephalon|Blacephalon|66/100
|turn|38
|-message|Tsukishirohinami forfeited.
|
|win|I'm back from mars
|n|☆I'm back from mars|imbackfrommars
|n|☆Tsukishirohinami|tsukishirohinami
|n|+moondazing|moondazing
|n| Aftx|aftx
|n| aursnes|aursnes
|n| cypherstest|cypherstest
|n| Notorioustupacet|notorioustupacet
|n| PoobleMaster945|pooblemaster945
