|raw|<div class="broadcast-blue"><strong>This battle is required to be public due to a player having a name starting with 'LT74PF'.</div>
|j|☆isheavydead
|j|☆LT74PF Ale Pice
|t:|1599240981
|player|p1|isheavydead|2|1795
|player|p2|LT74PF Ale Pice|lucas|1693
|teamsize|p1|6
|teamsize|p2|6
|gametype|singles
|gen|8
|tier|[Gen 8] OU
|rated|
|clearpoke
|poke|p1|Haxorus, F|
|poke|p1|Volcarona, M|
|poke|p1|Ninetales-Alola, F|
|poke|p1|Excadrill, F|
|poke|p1|Urshifu-*, F|
|poke|p1|Azumarill, F|
|poke|p2|Torkoal, F|
|poke|p2|Darmanitan, M|
|poke|p2|Marowak-Alola, F|
|poke|p2|Clefable, M|
|poke|p2|Venusaur, F|
|poke|p2|Mandibuzz, F|
|rule|Sleep Clause Mod: Limit one foe put to sleep
|rule|Species Clause: Limit one of each Pokémon
|rule|OHKO Clause: OHKO moves are banned
|rule|Evasion Moves Clause: Evasion moves are banned
|rule|Endless Battle Clause: Forcing endless battles is banned
|rule|HP Percentage Mod: HP is shown in percentages
|rule|Dynamax Clause: You cannot dynamax
|teampreview
|j| Just one game...
|inactive|Battle timer is ON: inactive players will automatically lose when time's up. (requested by LT74PF Ale Pice)
|j| sansbossfight
|inactive|isheavydead has 120 seconds left.
|
|t:|1599241022
|start
|switch|p1a: Excadrill|Excadrill, F, shiny|100/100
|switch|p2a: Torkoal|Torkoal, F|100/100
|-ability|p1a: Excadrill|Mold Breaker
|-weather|SunnyDay|[from] ability: Drought|[of] p2a: Torkoal
|turn|1
|
|t:|1599241026
|switch|p2a: Mandibuzz|Mandibuzz, F|100/100
|move|p1a: Excadrill|Earthquake|p2a: Mandibuzz
|-immune|p2a: Mandibuzz
|
|-weather|SunnyDay|[upkeep]
|upkeep
|turn|2
|
|t:|1599241031
|move|p1a: Excadrill|Stealth Rock|p2a: Mandibuzz
|-sidestart|p2: LT74PF Ale Pice|move: Stealth Rock
|move|p2a: Mandibuzz|Foul Play|p1a: Excadrill
|-damage|p1a: Excadrill|32/100
|
|-weather|SunnyDay|[upkeep]
|upkeep
|turn|3
|
|t:|1599241035
|move|p1a: Excadrill|Steel Beam|p2a: Mandibuzz
|-damage|p2a: Mandibuzz|80/100
|-damage|p1a: Excadrill|0 fnt|[from] mindblown
|faint|p1a: Excadrill
|move|p2a: Mandibuzz|Foul Play|p1: Excadrill|[notarget]
|-fail|p2a: Mandibuzz
|
|-weather|SunnyDay|[upkeep]
|upkeep
|
|t:|1599241045
|switch|p1a: Ninetales|Ninetales-Alola, F, shiny|100/100
|-weather|Hail|[from] ability: Snow Warning|[of] p1a: Ninetales
|turn|4
|l| sansbossfight
|
|t:|1599241057
|move|p1a: Ninetales|Encore|p2a: Mandibuzz
|-start|p2a: Mandibuzz|Encore
|move|p2a: Mandibuzz|Foul Play|p1a: Ninetales
|-resisted|p1a: Ninetales
|-damage|p1a: Ninetales|90/100
|
|-weather|Hail|[upkeep]
|upkeep
|turn|5
|
|t:|1599241067
|switch|p1a: Azumarill|Azumarill, F|100/100
|switch|p2a: Torkoal|Torkoal, F|100/100
|-damage|p2a: Torkoal|76/100|[from] Stealth Rock
|-weather|SunnyDay|[from] ability: Drought|[of] p2a: Torkoal
|
|-weather|SunnyDay|[upkeep]
|upkeep
|turn|6
|
|t:|1599241078
|move|p1a: Azumarill|Belly Drum|p1a: Azumarill
|-damage|p1a: Azumarill|50/100
|-setboost|p1a: Azumarill|atk|6|[from] move: Belly Drum
|-enditem|p1a: Azumarill|Sitrus Berry|[eat]
|-heal|p1a: Azumarill|75/100|[from] item: Sitrus Berry
|move|p2a: Torkoal|Rapid Spin|p1a: Azumarill
|-damage|p1a: Azumarill|66/100
|-boost|p2a: Torkoal|spe|1
|-sideend|p2: LT74PF Ale Pice|Stealth Rock|[from] move: Rapid Spin|[of] p2a: Torkoal
|
|-weather|SunnyDay|[upkeep]
|upkeep
|turn|7
|
|t:|1599241087
|switch|p2a: Mandibuzz|Mandibuzz, F|80/100
|move|p1a: Azumarill|Knock Off|p2a: Mandibuzz
|-resisted|p2a: Mandibuzz
|-damage|p2a: Mandibuzz|33/100
|-enditem|p2a: Mandibuzz|Heavy-Duty Boots|[from] move: Knock Off|[of] p1a: Azumarill
|
|-weather|SunnyDay|[upkeep]
|upkeep
|turn|8
|
|t:|1599241093
|move|p1a: Azumarill|Aqua Jet|p2a: Mandibuzz
|-damage|p2a: Mandibuzz|5/100
|move|p2a: Mandibuzz|Foul Play|p1a: Azumarill
|-resisted|p1a: Azumarill
|-damage|p1a: Azumarill|1/100
|
|-weather|SunnyDay|[upkeep]
|upkeep
|turn|9
|j| HeavenStar
|
|t:|1599241099
|move|p1a: Azumarill|Aqua Jet|p2a: Mandibuzz
|-damage|p2a: Mandibuzz|0 fnt
|faint|p2a: Mandibuzz
|
|-weather|SunnyDay|[upkeep]
|upkeep
|
|t:|1599241101
|switch|p2a: Venusaur|Venusaur, F|100/100
|turn|10
|
|t:|1599241111
|switch|p1a: Volcarona|Volcarona, M|100/100
|move|p2a: Venusaur|Weather Ball|p1a: Volcarona
|-crit|p1a: Volcarona
|-damage|p1a: Volcarona|9/100
|-damage|p2a: Venusaur|91/100|[from] item: Life Orb
|
|-weather|SunnyDay|[upkeep]
|upkeep
|turn|11
|
|t:|1599241120
|move|p2a: Venusaur|Weather Ball|p1a: Volcarona
|-damage|p1a: Volcarona|0 fnt
|-damage|p2a: Venusaur|81/100|[from] item: Life Orb
|faint|p1a: Volcarona
|
|-weather|SunnyDay|[upkeep]
|upkeep
|
|t:|1599241123
|switch|p1a: Ninetales|Ninetales-Alola, F, shiny|90/100
|-weather|Hail|[from] ability: Snow Warning|[of] p1a: Ninetales
|turn|12
|
|t:|1599241126
|switch|p1a: Haxorus|Haxorus, F, shiny|100/100
|-ability|p1a: Haxorus|Mold Breaker
|switch|p2a: Torkoal|Torkoal, F|76/100
|-weather|SunnyDay|[from] ability: Drought|[of] p2a: Torkoal
|
|-weather|SunnyDay|[upkeep]
|upkeep
|turn|13
|
|t:|1599241138
|switch|p2a: Clefable|Clefable, M|100/100
|move|p1a: Haxorus|Swords Dance|p1a: Haxorus
|-boost|p1a: Haxorus|atk|2
|
|-weather|SunnyDay|[upkeep]
|upkeep
|turn|14
|
|t:|1599241144
|move|p1a: Haxorus|Poison Jab|p2a: Clefable
|-supereffective|p2a: Clefable
|-damage|p2a: Clefable|5/100
|-status|p2a: Clefable|psn
|move|p2a: Clefable|Moonblast|p1a: Haxorus
|-supereffective|p1a: Haxorus
|-damage|p1a: Haxorus|8/100
|
|-weather|SunnyDay|[upkeep]
|-heal|p2a: Clefable|11/100 psn|[from] item: Leftovers
|upkeep
|turn|15
|
|t:|1599241151
|move|p1a: Haxorus|Close Combat|p2a: Clefable
|-resisted|p2a: Clefable
|-damage|p2a: Clefable|0 fnt
|-unboost|p1a: Haxorus|def|1
|-unboost|p1a: Haxorus|spd|1
|faint|p2a: Clefable
|
|-weather|SunnyDay|[upkeep]
|upkeep
|
|t:|1599241154
|switch|p2a: Darmanitan|Darmanitan, M|100/100
|turn|16
|
|t:|1599241156
|move|p1a: Haxorus|Poison Jab|p2a: Darmanitan
|-damage|p2a: Darmanitan|0 fnt
|faint|p2a: Darmanitan
|
|-weather|SunnyDay|[upkeep]
|upkeep
|c|☆isheavydead|what
|c|☆LT74PF Ale Pice|forgot
|
|t:|1599241173
|switch|p2a: Venusaur|Venusaur, F|81/100
|turn|17
|c|☆isheavydead|:0
|
|t:|1599241177
|move|p2a: Venusaur|Giga Drain|p1a: Haxorus
|-resisted|p1a: Haxorus
|-damage|p1a: Haxorus|0 fnt
|-heal|p2a: Venusaur|85/100|[from] drain|[of] p1a: Haxorus
|-damage|p2a: Venusaur|75/100|[from] item: Life Orb
|faint|p1a: Haxorus
|
|-weather|SunnyDay|[upkeep]
|upkeep
|
|t:|1599241180
|switch|p1a: Ninetales|Ninetales-Alola, F, shiny|90/100
|-weather|Hail|[from] ability: Snow Warning|[of] p1a: Ninetales
|turn|18
|
|t:|1599241184
|switch|p1a: Azumarill|Azumarill, F|1/100
|switch|p2a: Torkoal|Torkoal, F|76/100
|-weather|SunnyDay|[from] ability: Drought|[of] p2a: Torkoal
|
|-weather|SunnyDay|[upkeep]
|upkeep
|turn|19
|
|t:|1599241190
|move|p1a: Azumarill|Knock Off|p2a: Torkoal
|-damage|p2a: Torkoal|51/100
|-enditem|p2a: Torkoal|Heat Rock|[from] move: Knock Off|[of] p1a: Azumarill
|move|p2a: Torkoal|Stealth Rock|p1a: Azumarill
|-sidestart|p1: isheavydead|move: Stealth Rock
|
|-weather|SunnyDay|[upkeep]
|upkeep
|turn|20
|
|t:|1599241197
|move|p1a: Azumarill|Aqua Jet|p2a: Torkoal
|-supereffective|p2a: Torkoal
|-damage|p2a: Torkoal|36/100
|move|p2a: Torkoal|Lava Plume|p1a: Azumarill
|-resisted|p1a: Azumarill
|-damage|p1a: Azumarill|0 fnt
|faint|p1a: Azumarill
|
|-weather|SunnyDay|[upkeep]
|upkeep
|
|t:|1599241199
|switch|p1a: Urshifu|Urshifu, F|100/100
|-damage|p1a: Urshifu|94/100|[from] Stealth Rock
|turn|21
|
|t:|1599241203
|switch|p2a: Marowak|Marowak-Alola, F|100/100
|move|p1a: Urshifu|Wicked Blow|p2a: Marowak
|-supereffective|p2a: Marowak
|-crit|p2a: Marowak
|-damage|p2a: Marowak|0 fnt
|faint|p2a: Marowak
|
|-weather|SunnyDay|[upkeep]
|upkeep
|
|t:|1599241205
|switch|p2a: Venusaur|Venusaur, F|75/100
|turn|22
|
|t:|1599241207
|switch|p1a: Ninetales|Ninetales-Alola, F, shiny|90/100
|-damage|p1a: Ninetales|65/100|[from] Stealth Rock
|-weather|Hail|[from] ability: Snow Warning|[of] p1a: Ninetales
|move|p2a: Venusaur|Weather Ball|p1a: Ninetales
|-resisted|p1a: Ninetales
|-damage|p1a: Ninetales|44/100
|-damage|p2a: Venusaur|65/100|[from] item: Life Orb
|
|-weather|Hail|[upkeep]
|-damage|p2a: Venusaur|59/100|[from] Hail
|upkeep
|turn|23
|
|t:|1599241213
|switch|p1a: Urshifu|Urshifu, F|94/100
|-damage|p1a: Urshifu|88/100|[from] Stealth Rock
|switch|p2a: Torkoal|Torkoal, F|36/100
|-weather|SunnyDay|[from] ability: Drought|[of] p2a: Torkoal
|
|-weather|SunnyDay|[upkeep]
|upkeep
|turn|24
|c|☆isheavydead|gg
|
|t:|1599241217
|move|p1a: Urshifu|Wicked Blow|p2a: Torkoal
|-crit|p2a: Torkoal
|-damage|p2a: Torkoal|0 fnt
|faint|p2a: Torkoal
|
|-weather|SunnyDay|[upkeep]
|upkeep
|
|t:|1599241220
|switch|p2a: Venusaur|Venusaur, F|59/100
|turn|25
|
|t:|1599241223
|switch|p1a: Ninetales|Ninetales-Alola, F, shiny|44/100
|-damage|p1a: Ninetales|19/100|[from] Stealth Rock
|-weather|Hail|[from] ability: Snow Warning|[of] p1a: Ninetales
|move|p2a: Venusaur|Giga Drain|p1a: Ninetales
|-damage|p1a: Ninetales|0 fnt
|-heal|p2a: Venusaur|69/100|[from] drain|[of] p1a: Ninetales
|-damage|p2a: Venusaur|59/100|[from] item: Life Orb
|faint|p1a: Ninetales
|
|-weather|Hail|[upkeep]
|-damage|p2a: Venusaur|53/100|[from] Hail
|upkeep
|
|t:|1599241224
|switch|p1a: Urshifu|Urshifu, F|88/100
|-damage|p1a: Urshifu|82/100|[from] Stealth Rock
|turn|26
|
|t:|1599241228
|move|p1a: Urshifu|Wicked Blow|p2a: Venusaur
|-crit|p2a: Venusaur
|-damage|p2a: Venusaur|0 fnt
|faint|p2a: Venusaur
|
|win|isheavydead
|l|☆isheavydead
|l|☆LT74PF Ale Pice
||Ladder (probably) updated, but score could not be retrieved (Request timeout).
