|j|☆Tzon
|j|☆Stellar Flares
|t:|1667561985
|gametype|singles
|player|p1|Tzon|cyclist|1616
|player|p2|Stellar Flares|palmer|1910
|teamsize|p1|6
|teamsize|p2|6
|gen|8
|tier|[Gen 8] OU
|rated|
|rule|Sleep Clause Mod: Limit one foe put to sleep
|rule|Species Clause: Limit one of each Pokémon
|rule|OHKO Clause: OHKO moves are banned
|rule|Evasion Items Clause: Evasion items are banned
|rule|Evasion Moves Clause: Evasion moves are banned
|rule|Endless Battle Clause: Forcing endless battles is banned
|rule|HP Percentage Mod: HP is shown in percentages
|rule|Dynamax Clause: You cannot dynamax
|clearpoke
|poke|p1|Volcanion|
|poke|p1|Ninetales-Alola, F|
|poke|p1|Corviknight, M|
|poke|p1|Arctozolt|
|poke|p1|Landorus-Therian, M|
|poke|p1|Tornadus-Therian, M|
|poke|p2|Corviknight, M|
|poke|p2|Tornadus-Therian, M|
|poke|p2|Audino, F|
|poke|p2|Shedinja|
|poke|p2|Clefable, M|
|poke|p2|Garchomp, F|
|teampreview
|
|t:|1667562015
|start
|switch|p1a: Tornadus|Tornadus-Therian, M|100/100
|switch|p2a: Tornadus|Tornadus-Therian, M|100/100
|turn|1
|
|t:|1667562023
|switch|p1a: Landorus|Landorus-Therian, M|100/100
|-ability|p1a: Landorus|Intimidate|boost
|-unboost|p2a: Tornadus|atk|1
|move|p2a: Tornadus|Toxic|p1a: Landorus
|-status|p1a: Landorus|tox
|
|-damage|p1a: Landorus|94/100 tox|[from] psn
|upkeep
|turn|2
|
|t:|1667562058
|move|p2a: Tornadus|Knock Off|p1a: Landorus
|-damage|p1a: Landorus|82/100 tox
|-enditem|p1a: Landorus|Leftovers|[from] move: Knock Off|[of] p2a: Tornadus
|move|p1a: Landorus|U-turn|p2a: Tornadus
|-resisted|p2a: Tornadus
|-damage|p2a: Tornadus|88/100
|-damage|p1a: Landorus|65/100 tox|[from] item: Rocky Helmet|[of] p2a: Tornadus
|inactive|Battle timer is ON: inactive players will automatically lose when time's up. (requested by Stellar Flares)
|
|t:|1667562069
|switch|p1a: Corviknight|Corviknight, M|100/100|[from]move: U-turn
|-ability|p1a: Corviknight|Pressure
|
|upkeep
|turn|3
|
|t:|1667562073
|move|p2a: Tornadus|Knock Off|p1a: Corviknight
|-damage|p1a: Corviknight|92/100
|-damage|p2a: Tornadus|72/100|[from] item: Rocky Helmet|[of] p1a: Corviknight
|-enditem|p1a: Corviknight|Rocky Helmet|[from] move: Knock Off|[of] p2a: Tornadus
|move|p1a: Corviknight|Body Press|p2a: Tornadus
|-resisted|p2a: Tornadus
|-damage|p2a: Tornadus|59/100
|-damage|p1a: Corviknight|76/100|[from] item: Rocky Helmet|[of] p2a: Tornadus
|
|upkeep
|turn|4
|
|t:|1667562082
|move|p2a: Tornadus|Heat Wave|p1a: Corviknight
|-supereffective|p1a: Corviknight
|-damage|p1a: Corviknight|32/100
|move|p1a: Corviknight|U-turn|p2a: Tornadus
|-resisted|p2a: Tornadus
|-damage|p2a: Tornadus|52/100
|-damage|p1a: Corviknight|16/100|[from] item: Rocky Helmet|[of] p2a: Tornadus
|
|t:|1667562090
|switch|p1a: Volcanion|Volcanion|100/100|[from]move: U-turn
|
|upkeep
|turn|5
|
|t:|1667562092
|switch|p2a: Audino|Audino, F|100/100
|move|p1a: Volcanion|Flamethrower|p2a: Audino
|-damage|p2a: Audino|54/100
|
|upkeep
|turn|6
|
|t:|1667562107
|switch|p1a: Corviknight|Corviknight, M|16/100
|-ability|p1a: Corviknight|Pressure
|move|p2a: Audino|Knock Off|p1a: Corviknight
|-damage|p1a: Corviknight|10/100
|
|upkeep
|turn|7
|
|t:|1667562113
|switch|p2a: Garchomp|Garchomp, F|100/100
|move|p1a: Corviknight|Roost|p1a: Corviknight
|-heal|p1a: Corviknight|60/100
|-singleturn|p1a: Corviknight|move: Roost
|
|upkeep
|turn|8
|
|t:|1667562115
|switch|p1a: Ninetales|Ninetales-Alola, F|100/100
|-weather|Hail|[from] ability: Snow Warning|[of] p1a: Ninetales
|move|p2a: Garchomp|Fire Fang|p1a: Ninetales|[miss]
|-miss|p2a: Garchomp|p1a: Ninetales
|
|-weather|Hail|[upkeep]
|-damage|p2a: Garchomp|94/100|[from] Hail
|-heal|p2a: Garchomp|100/100|[from] item: Leftovers
|upkeep
|turn|9
|
|t:|1667562120
|switch|p2a: Audino|Audino, F|87/100
|move|p1a: Ninetales|Freeze-Dry|p2a: Audino
|-damage|p2a: Audino|73/100
|-status|p2a: Audino|frz
|
|-weather|Hail|[upkeep]
|-damage|p2a: Audino|67/100 frz|[from] Hail
|upkeep
|turn|10
|
|t:|1667562124
|switch|p1a: Arctozolt|Arctozolt|100/100
|switch|p2a: Clefable|Clefable, M|100/100
|
|-weather|Hail|[upkeep]
|-damage|p2a: Clefable|94/100|[from] Hail
|-heal|p2a: Clefable|100/100|[from] item: Leftovers
|upkeep
|turn|11
|
|t:|1667562128
|switch|p2a: Shedinja|Shedinja|100/100
|move|p1a: Arctozolt|Substitute|p1a: Arctozolt
|-start|p1a: Arctozolt|Substitute
|-damage|p1a: Arctozolt|76/100
|
|-weather|Hail|[upkeep]
|-heal|p1a: Arctozolt|82/100|[from] item: Leftovers
|upkeep
|turn|12
|
|t:|1667562149
|switch|p1a: Corviknight|Corviknight, M|60/100
|-ability|p1a: Corviknight|Pressure
|move|p2a: Shedinja|Toxic|p1a: Corviknight
|-immune|p1a: Corviknight
|
|-weather|Hail|[upkeep]
|-damage|p1a: Corviknight|53/100|[from] Hail
|upkeep
|turn|13
|
|t:|1667562154
|move|p2a: Shedinja|Will-O-Wisp|p1a: Corviknight
|-status|p1a: Corviknight|brn
|move|p1a: Corviknight|Roost|p1a: Corviknight
|-heal|p1a: Corviknight|100/100 brn
|-singleturn|p1a: Corviknight|move: Roost
|
|-weather|Hail|[upkeep]
|-damage|p1a: Corviknight|94/100 brn|[from] Hail
|-damage|p1a: Corviknight|88/100 brn|[from] brn
|upkeep
|turn|14
|
|t:|1667562161
|switch|p1a: Tornadus|Tornadus-Therian, M|100/100
|move|p2a: Shedinja|Toxic|p1a: Tornadus
|-status|p1a: Tornadus|tox
|
|-weather|Hail|[upkeep]
|-damage|p1a: Tornadus|94/100 tox|[from] Hail
|-damage|p1a: Tornadus|88/100 tox|[from] psn
|upkeep
|turn|15
|
|t:|1667562171
|switch|p2a: Tornadus|Tornadus-Therian, M|85/100
|move|p1a: Tornadus|Knock Off|p2a: Tornadus
|-damage|p2a: Tornadus|67/100
|-damage|p1a: Tornadus|72/100 tox|[from] item: Rocky Helmet|[of] p2a: Tornadus
|-enditem|p2a: Tornadus|Rocky Helmet|[from] move: Knock Off|[of] p1a: Tornadus
|
|-weather|none
|-damage|p1a: Tornadus|60/100 tox|[from] psn
|upkeep
|turn|16
|
|t:|1667562178
|switch|p1a: Corviknight|Corviknight, M|88/100 brn
|-ability|p1a: Corviknight|Pressure
|move|p2a: Tornadus|Knock Off|p1a: Corviknight
|-damage|p1a: Corviknight|80/100 brn
|
|-damage|p1a: Corviknight|73/100 brn|[from] brn
|upkeep
|turn|17
|
|t:|1667562182
|switch|p2a: Shedinja|Shedinja|100/100
|move|p1a: Corviknight|Roost|p1a: Corviknight
|-heal|p1a: Corviknight|100/100 brn
|-singleturn|p1a: Corviknight|move: Roost
|
|-damage|p1a: Corviknight|94/100 brn|[from] brn
|upkeep
|turn|18
|
|t:|1667562195
|switch|p1a: Tornadus|Tornadus-Therian, M|93/100 tox
|move|p2a: Shedinja|Hex|p1a: Tornadus
|-damage|p1a: Tornadus|70/100 tox
|
|-damage|p1a: Tornadus|64/100 tox|[from] psn
|upkeep
|turn|19
|
|t:|1667562201
|move|p2a: Shedinja|Protect|p2a: Shedinja
|-singleturn|p2a: Shedinja|Protect
|move|p1a: Tornadus|U-turn|p2a: Shedinja
|-activate|p2a: Shedinja|move: Protect
|
|-damage|p1a: Tornadus|52/100 tox|[from] psn
|upkeep
|turn|20
|
|t:|1667562213
|switch|p1a: Volcanion|Volcanion|100/100
|switch|p2a: Tornadus|Tornadus-Therian, M|99/100
|
|upkeep
|turn|21
|
|t:|1667562221
|move|p2a: Tornadus|Toxic|p1a: Volcanion|[miss]
|-miss|p2a: Tornadus|p1a: Volcanion
|move|p1a: Volcanion|Flamethrower|p2a: Tornadus
|-damage|p2a: Tornadus|31/100
|
|upkeep
|turn|22
|
|t:|1667562226
|switch|p2a: Audino|Audino, F|99/100 frz
|move|p1a: Volcanion|Flamethrower|p2a: Audino
|-damage|p2a: Audino|55/100 frz
|-curestatus|p2a: Audino|frz|[msg]
|
|upkeep
|turn|23
|
|t:|1667562232
|move|p1a: Volcanion|Flamethrower|p2a: Audino
|-damage|p2a: Audino|10/100
|move|p2a: Audino|Toxic|p1a: Volcanion
|-status|p1a: Volcanion|tox
|
|-damage|p1a: Volcanion|95/100 tox|[from] psn
|upkeep
|turn|24
|
|t:|1667562237
|switch|p2a: Garchomp|Garchomp, F|100/100
|move|p1a: Volcanion|Flamethrower|p2a: Garchomp
|-resisted|p2a: Garchomp
|-damage|p2a: Garchomp|61/100
|
|-heal|p2a: Garchomp|67/100|[from] item: Leftovers
|-damage|p1a: Volcanion|83/100 tox|[from] psn
|upkeep
|turn|25
|
|t:|1667562243
|switch|p1a: Corviknight|Corviknight, M|94/100 brn
|-ability|p1a: Corviknight|Pressure
|move|p2a: Garchomp|Earthquake|p1a: Corviknight
|-immune|p1a: Corviknight
|
|-heal|p2a: Garchomp|73/100|[from] item: Leftovers
|-damage|p1a: Corviknight|88/100 brn|[from] brn
|upkeep
|turn|26
|
|t:|1667562246
|move|p2a: Garchomp|Fire Fang|p1a: Corviknight
|-supereffective|p1a: Corviknight
|-damage|p1a: Corviknight|57/100 brn
|move|p1a: Corviknight|U-turn|p2a: Garchomp
|-damage|p2a: Garchomp|67/100
|-damage|p1a: Corviknight|45/100 brn|[from] ability: Rough Skin|[of] p2a: Garchomp
|
|t:|1667562249
|switch|p1a: Ninetales|Ninetales-Alola, F|100/100|[from]move: U-turn
|-weather|Hail|[from] ability: Snow Warning|[of] p1a: Ninetales
|
|-weather|Hail|[upkeep]
|-damage|p2a: Garchomp|60/100|[from] Hail
|-heal|p2a: Garchomp|67/100|[from] item: Leftovers
|upkeep
|turn|27
|
|t:|1667562261
|switch|p2a: Audino|Audino, F|44/100
|move|p1a: Ninetales|Aurora Veil|p1a: Ninetales
|-sidestart|p1: Tzon|move: Aurora Veil
|
|-weather|Hail|[upkeep]
|-damage|p2a: Audino|38/100|[from] Hail
|upkeep
|turn|28
|
|t:|1667562271
|switch|p1a: Corviknight|Corviknight, M|45/100 brn
|-ability|p1a: Corviknight|Pressure
|move|p2a: Audino|Wish|p2a: Audino
|
|-weather|Hail|[upkeep]
|-damage|p2a: Audino|31/100|[from] Hail
|-damage|p1a: Corviknight|39/100 brn|[from] Hail
|-damage|p1a: Corviknight|32/100 brn|[from] brn
|upkeep
|turn|29
|
|t:|1667562273
|move|p2a: Audino|Protect|p2a: Audino
|-singleturn|p2a: Audino|Protect
|move|p1a: Corviknight|Roost|p1a: Corviknight
|-heal|p1a: Corviknight|82/100 brn
|-singleturn|p1a: Corviknight|move: Roost
|
|-weather|Hail|[upkeep]
|-damage|p2a: Audino|25/100|[from] Hail
|-damage|p1a: Corviknight|76/100 brn|[from] Hail
|-heal|p2a: Audino|75/100|[from] move: Wish|[wisher] Audino
|-damage|p1a: Corviknight|70/100 brn|[from] brn
|upkeep
|turn|30
|
|t:|1667562280
|switch|p2a: Tornadus|Tornadus-Therian, M|65/100
|switch|p1a: Arctozolt|Arctozolt|82/100
|
|-weather|Hail|[upkeep]
|-damage|p2a: Tornadus|59/100|[from] Hail
|-heal|p1a: Arctozolt|88/100|[from] item: Leftovers
|upkeep
|turn|31
|
|t:|1667562286
|switch|p2a: Shedinja|Shedinja|100/100
|move|p1a: Arctozolt|Substitute|p1a: Arctozolt
|-start|p1a: Arctozolt|Substitute
|-damage|p1a: Arctozolt|63/100
|
|-weather|Hail|[upkeep]
|-heal|p1a: Arctozolt|69/100|[from] item: Leftovers
|-sideend|p1: Tzon|move: Aurora Veil
|upkeep
|turn|32
|
|t:|1667562291
|move|p1a: Arctozolt|Low Kick|p2a: Shedinja
|-immune|p2a: Shedinja|[from] ability: Wonder Guard
|move|p2a: Shedinja|Hex|p1a: Arctozolt
|-activate|p1a: Arctozolt|move: Substitute|[damage]
|
|-weather|Hail|[upkeep]
|-heal|p1a: Arctozolt|76/100|[from] item: Leftovers
|upkeep
|turn|33
|
|t:|1667562298
|move|p1a: Arctozolt|Low Kick|p2a: Shedinja
|-immune|p2a: Shedinja|[from] ability: Wonder Guard
|move|p2a: Shedinja|Hex|p1a: Arctozolt
|-end|p1a: Arctozolt|Substitute
|
|-weather|none
|-heal|p1a: Arctozolt|82/100|[from] item: Leftovers
|upkeep
|turn|34
|
|t:|1667562304
|switch|p2a: Tornadus|Tornadus-Therian, M|92/100
|move|p1a: Arctozolt|Substitute|p1a: Arctozolt
|-start|p1a: Arctozolt|Substitute
|-damage|p1a: Arctozolt|57/100
|
|-heal|p1a: Arctozolt|63/100|[from] item: Leftovers
|upkeep
|turn|35
|
|t:|1667562307
|move|p2a: Tornadus|Heat Wave|p1a: Arctozolt|[miss]
|-miss|p2a: Tornadus|p1a: Arctozolt
|move|p1a: Arctozolt|Bolt Beak|p2a: Tornadus
|-supereffective|p2a: Tornadus
|-damage|p2a: Tornadus|17/100
|
|-heal|p1a: Arctozolt|69/100|[from] item: Leftovers
|upkeep
|turn|36
|
|t:|1667562314
|switch|p2a: Shedinja|Shedinja|100/100
|move|p1a: Arctozolt|Bolt Beak|p2a: Shedinja
|-immune|p2a: Shedinja|[from] ability: Wonder Guard
|
|-heal|p1a: Arctozolt|76/100|[from] item: Leftovers
|upkeep
|turn|37
|
|t:|1667562316
|move|p1a: Arctozolt|Low Kick|p2a: Shedinja
|-immune|p2a: Shedinja|[from] ability: Wonder Guard
|move|p2a: Shedinja|Hex|p1a: Arctozolt
|-activate|p1a: Arctozolt|move: Substitute|[damage]
|
|-heal|p1a: Arctozolt|82/100|[from] item: Leftovers
|upkeep
|turn|38
|
|t:|1667562322
|move|p1a: Arctozolt|Low Kick|p2a: Shedinja
|-immune|p2a: Shedinja|[from] ability: Wonder Guard
|move|p2a: Shedinja|Hex|p1a: Arctozolt
|-end|p1a: Arctozolt|Substitute
|
|-heal|p1a: Arctozolt|88/100|[from] item: Leftovers
|upkeep
|turn|39
|
|t:|1667562329
|switch|p1a: Ninetales|Ninetales-Alola, F|100/100
|-weather|Hail|[from] ability: Snow Warning|[of] p1a: Ninetales
|move|p2a: Shedinja|Hex|p1a: Ninetales
|-damage|p1a: Ninetales|85/100
|
|-weather|Hail|[upkeep]
|upkeep
|turn|40
|
|t:|1667562336
|switch|p2a: Audino|Audino, F|100/100
|move|p1a: Ninetales|Encore||[still]
|-fail|p1a: Ninetales
|
|-weather|Hail|[upkeep]
|-damage|p2a: Audino|94/100|[from] Hail
|upkeep
|turn|41
|
|t:|1667562341
|switch|p1a: Corviknight|Corviknight, M|70/100 brn
|-ability|p1a: Corviknight|Pressure
|move|p2a: Audino|Wish|p2a: Audino
|
|-weather|Hail|[upkeep]
|-damage|p2a: Audino|88/100|[from] Hail
|-damage|p1a: Corviknight|64/100 brn|[from] Hail
|-damage|p1a: Corviknight|57/100 brn|[from] brn
|upkeep
|turn|42
|
|t:|1667562348
|switch|p2a: Tornadus|Tornadus-Therian, M|50/100
|move|p1a: Corviknight|Roost|p1a: Corviknight
|-heal|p1a: Corviknight|100/100 brn
|-singleturn|p1a: Corviknight|move: Roost
|
|-weather|Hail|[upkeep]
|-damage|p2a: Tornadus|44/100|[from] Hail
|-damage|p1a: Corviknight|94/100 brn|[from] Hail
|-heal|p2a: Tornadus|100/100|[from] move: Wish|[wisher] Audino
|-damage|p1a: Corviknight|88/100 brn|[from] brn
|upkeep
|turn|43
|
|t:|1667562357
|switch|p1a: Volcanion|Volcanion|83/100 tox
|move|p2a: Tornadus|Heat Wave|p1a: Volcanion
|-resisted|p1a: Volcanion
|-damage|p1a: Volcanion|75/100 tox
|
|-weather|Hail|[upkeep]
|-damage|p2a: Tornadus|94/100|[from] Hail
|-damage|p1a: Volcanion|69/100 tox|[from] Hail
|-damage|p1a: Volcanion|63/100 tox|[from] psn
|upkeep
|turn|44
|
|t:|1667562362
|switch|p2a: Audino|Audino, F|100/100
|move|p1a: Volcanion|Steam Eruption|p2a: Audino
|-damage|p2a: Audino|41/100
|
|-weather|Hail|[upkeep]
|-damage|p1a: Volcanion|57/100 tox|[from] Hail
|-damage|p2a: Audino|35/100|[from] Hail
|-damage|p1a: Volcanion|45/100 tox|[from] psn
|upkeep
|turn|45
|
|t:|1667562368
|switch|p1a: Arctozolt|Arctozolt|88/100
|switch|p2a: Shedinja|Shedinja|100/100
|
|-weather|Hail|[upkeep]
|-heal|p1a: Arctozolt|94/100|[from] item: Leftovers
|upkeep
|turn|46
|
|t:|1667562373
|switch|p2a: Tornadus|Tornadus-Therian, M|100/100
|move|p1a: Arctozolt|Substitute|p1a: Arctozolt
|-start|p1a: Arctozolt|Substitute
|-damage|p1a: Arctozolt|69/100
|
|-weather|none
|-heal|p1a: Arctozolt|76/100|[from] item: Leftovers
|upkeep
|turn|47
|
|t:|1667562377
|move|p2a: Tornadus|Heat Wave|p1a: Arctozolt|[miss]
|-miss|p2a: Tornadus|p1a: Arctozolt
|move|p1a: Arctozolt|Blizzard|p2a: Tornadus|[miss]
|-miss|p1a: Arctozolt|p2a: Tornadus
|
|-heal|p1a: Arctozolt|82/100|[from] item: Leftovers
|upkeep
|turn|48
|
|t:|1667562382
|move|p2a: Tornadus|Heat Wave|p1a: Arctozolt
|-supereffective|p1a: Arctozolt
|-end|p1a: Arctozolt|Substitute
|move|p1a: Arctozolt|Blizzard|p2a: Tornadus|[miss]
|-miss|p1a: Arctozolt|p2a: Tornadus
|
|-heal|p1a: Arctozolt|88/100|[from] item: Leftovers
|upkeep
|turn|49
|
|t:|1667562394
|switch|p1a: Landorus|Landorus-Therian, M|65/100 tox
|-ability|p1a: Landorus|Intimidate|boost
|-unboost|p2a: Tornadus|atk|1
|move|p2a: Tornadus|Knock Off|p1a: Landorus
|-damage|p1a: Landorus|55/100 tox
|
|-damage|p1a: Landorus|49/100 tox|[from] psn
|upkeep
|turn|50
|
|t:|1667562398
|switch|p2a: Corviknight|Corviknight, M|100/100
|-ability|p2a: Corviknight|Pressure
|move|p1a: Landorus|Toxic|p2a: Corviknight
|-immune|p2a: Corviknight
|
|-damage|p1a: Landorus|37/100 tox|[from] psn
|upkeep
|turn|51
|
|t:|1667562407
|switch|p1a: Tornadus|Tornadus-Therian, M|85/100 tox
|move|p2a: Corviknight|Body Press|p1a: Tornadus
|-resisted|p1a: Tornadus
|-damage|p1a: Tornadus|74/100 tox
|
|-damage|p1a: Tornadus|68/100 tox|[from] psn
|upkeep
|turn|52
|
|t:|1667562413
|switch|p2a: Audino|Audino, F|68/100
|move|p1a: Tornadus|Knock Off|p2a: Audino
|-damage|p2a: Audino|50/100
|-enditem|p2a: Audino|Shed Shell|[from] move: Knock Off|[of] p1a: Tornadus
|
|-damage|p1a: Tornadus|55/100 tox|[from] psn
|upkeep
|turn|53
|
|t:|1667562428
|move|p1a: Tornadus|U-turn|p2a: Audino
|-damage|p2a: Audino|37/100
|
|t:|1667562435
|switch|p1a: Corviknight|Corviknight, M|88/100 brn|[from]move: U-turn
|-ability|p1a: Corviknight|Pressure
|move|p2a: Audino|Wish|p2a: Audino
|
|-damage|p1a: Corviknight|82/100 brn|[from] brn
|upkeep
|turn|54
|j| taotaozi
|inactive|Tzon has 120 seconds left.
|
|t:|1667562474
|switch|p1a: Arctozolt|Arctozolt|88/100
|move|p2a: Audino|Protect||[still]
|-fail|p2a: Audino
|
|-heal|p2a: Audino|87/100|[from] move: Wish|[wisher] Audino
|-heal|p1a: Arctozolt|94/100|[from] item: Leftovers
|upkeep
|turn|55
|
|t:|1667562479
|move|p1a: Arctozolt|Substitute|p1a: Arctozolt
|-start|p1a: Arctozolt|Substitute
|-damage|p1a: Arctozolt|69/100
|move|p2a: Audino|Knock Off|p1a: Arctozolt
|-activate|p1a: Arctozolt|move: Substitute|[damage]
|
|-heal|p1a: Arctozolt|76/100|[from] item: Leftovers
|upkeep
|turn|56
|
|t:|1667562485
|move|p2a: Audino|Protect|p2a: Audino
|-singleturn|p2a: Audino|Protect
|move|p1a: Arctozolt|Bolt Beak|p2a: Audino
|-activate|p2a: Audino|move: Protect
|
|-heal|p1a: Arctozolt|82/100|[from] item: Leftovers
|upkeep
|turn|57
|
|t:|1667562494
|move|p1a: Arctozolt|Bolt Beak|p2a: Audino
|-damage|p2a: Audino|24/100
|move|p2a: Audino|Wish|p2a: Audino
|
|-heal|p1a: Arctozolt|88/100|[from] item: Leftovers
|upkeep
|turn|58
|
|t:|1667562501
|move|p2a: Audino|Protect|p2a: Audino
|-singleturn|p2a: Audino|Protect
|move|p1a: Arctozolt|Low Kick|p2a: Audino
|-activate|p2a: Audino|move: Protect
|
|-heal|p2a: Audino|74/100|[from] move: Wish|[wisher] Audino
|-heal|p1a: Arctozolt|94/100|[from] item: Leftovers
|upkeep
|turn|59
|
|t:|1667562507
|switch|p2a: Shedinja|Shedinja|100/100
|move|p1a: Arctozolt|Bolt Beak|p2a: Shedinja
|-immune|p2a: Shedinja|[from] ability: Wonder Guard
|
|-heal|p1a: Arctozolt|100/100|[from] item: Leftovers
|upkeep
|turn|60
|
|t:|1667562520
|move|p1a: Arctozolt|Low Kick|p2a: Shedinja
|-immune|p2a: Shedinja|[from] ability: Wonder Guard
|move|p2a: Shedinja|Toxic|p1a: Arctozolt|[miss]
|-miss|p2a: Shedinja|p1a: Arctozolt
|
|upkeep
|turn|61
|
|t:|1667562526
|move|p1a: Arctozolt|Low Kick|p2a: Shedinja
|-immune|p2a: Shedinja|[from] ability: Wonder Guard
|move|p2a: Shedinja|Will-O-Wisp||[still]
|-fail|p2a: Shedinja
|
|upkeep
|turn|62
|
|t:|1667562532
|move|p1a: Arctozolt|Low Kick|p2a: Shedinja
|-immune|p2a: Shedinja|[from] ability: Wonder Guard
|move|p2a: Shedinja|Will-O-Wisp||[still]
|-fail|p2a: Shedinja
|
|upkeep
|turn|63
|
|t:|1667562540
|move|p1a: Arctozolt|Low Kick|p2a: Shedinja
|-immune|p2a: Shedinja|[from] ability: Wonder Guard
|move|p2a: Shedinja|Will-O-Wisp||[still]
|-fail|p2a: Shedinja
|
|upkeep
|turn|64
|
|t:|1667562545
|switch|p2a: Tornadus|Tornadus-Therian, M|100/100
|move|p1a: Arctozolt|Low Kick|p2a: Tornadus
|-resisted|p2a: Tornadus
|-damage|p2a: Tornadus|89/100
|
|upkeep
|turn|65
|inactive|Tzon has 120 seconds left.
|
|t:|1667562580
|switch|p2a: Shedinja|Shedinja|100/100
|move|p1a: Arctozolt|Blizzard|p2a: Shedinja
|-immune|p2a: Shedinja|[from] ability: Wonder Guard
|
|upkeep
|turn|66
|
|t:|1667562585
|move|p1a: Arctozolt|Low Kick|p2a: Shedinja
|-immune|p2a: Shedinja|[from] ability: Wonder Guard
|move|p2a: Shedinja|Will-O-Wisp||[still]
|-fail|p2a: Shedinja
|
|upkeep
|turn|67
|
|t:|1667562588
|move|p1a: Arctozolt|Low Kick|p2a: Shedinja
|-immune|p2a: Shedinja|[from] ability: Wonder Guard
|move|p2a: Shedinja|Will-O-Wisp|p1a: Arctozolt|[miss]
|-miss|p2a: Shedinja|p1a: Arctozolt
|
|upkeep
|turn|68
|
|t:|1667562594
|switch|p2a: Corviknight|Corviknight, M|100/100
|-ability|p2a: Corviknight|Pressure
|move|p1a: Arctozolt|Low Kick|p2a: Corviknight
|-damage|p2a: Corviknight|86/100
|
|-heal|p2a: Corviknight|92/100|[from] item: Leftovers
|upkeep
|turn|69
|
|t:|1667562598
|switch|p1a: Volcanion|Volcanion|45/100 tox
|switch|p2a: Shedinja|Shedinja|100/100
|
|-damage|p1a: Volcanion|39/100 tox|[from] psn
|upkeep
|turn|70
|
|t:|1667562603
|switch|p2a: Audino|Audino, F|100/100
|move|p1a: Volcanion|Flamethrower|p2a: Audino
|-damage|p2a: Audino|56/100
|
|-damage|p1a: Volcanion|27/100 tox|[from] psn
|upkeep
|turn|71
|
|t:|1667562622
|switch|p1a: Ninetales|Ninetales-Alola, F|85/100
|-weather|Hail|[from] ability: Snow Warning|[of] p1a: Ninetales
|switch|p2a: Garchomp|Garchomp, F|67/100
|
|-weather|Hail|[upkeep]
|-damage|p2a: Garchomp|60/100|[from] Hail
|-heal|p2a: Garchomp|67/100|[from] item: Leftovers
|upkeep
|turn|72
|
|t:|1667562625
|switch|p2a: Audino|Audino, F|90/100
|move|p1a: Ninetales|Aurora Veil|p1a: Ninetales
|-sidestart|p1: Tzon|move: Aurora Veil
|
|-weather|Hail|[upkeep]
|-damage|p2a: Audino|83/100|[from] Hail
|upkeep
|turn|73
|
|t:|1667562631
|switch|p1a: Tornadus|Tornadus-Therian, M|89/100 tox
|move|p2a: Audino|Knock Off|p1a: Tornadus
|-damage|p1a: Tornadus|81/100 tox
|-enditem|p1a: Tornadus|Assault Vest|[from] move: Knock Off|[of] p2a: Audino
|
|-weather|Hail|[upkeep]
|-damage|p1a: Tornadus|75/100 tox|[from] Hail
|-damage|p2a: Audino|77/100|[from] Hail
|-damage|p1a: Tornadus|69/100 tox|[from] psn
|upkeep
|turn|74
|
|t:|1667562637
|switch|p1a: Arctozolt|Arctozolt|100/100
|move|p2a: Audino|Wish|p2a: Audino
|
|-weather|Hail|[upkeep]
|-damage|p2a: Audino|71/100|[from] Hail
|upkeep
|turn|75
|
|t:|1667562646
|move|p2a: Audino|Protect|p2a: Audino
|-singleturn|p2a: Audino|Protect
|move|p1a: Arctozolt|Substitute|p1a: Arctozolt
|-start|p1a: Arctozolt|Substitute
|-damage|p1a: Arctozolt|76/100
|
|-weather|Hail|[upkeep]
|-damage|p2a: Audino|65/100|[from] Hail
|-heal|p2a: Audino|100/100|[from] move: Wish|[wisher] Audino
|-heal|p1a: Arctozolt|82/100|[from] item: Leftovers
|upkeep
|turn|76
|
|t:|1667562649
|move|p1a: Arctozolt|Bolt Beak|p2a: Audino
|-damage|p2a: Audino|34/100
|move|p2a: Audino|Wish|p2a: Audino
|
|-weather|Hail|[upkeep]
|-damage|p2a: Audino|28/100|[from] Hail
|-heal|p1a: Arctozolt|88/100|[from] item: Leftovers
|-sideend|p1: Tzon|move: Aurora Veil
|upkeep
|turn|77
|
|t:|1667562657
|move|p2a: Audino|Protect|p2a: Audino
|-singleturn|p2a: Audino|Protect
|move|p1a: Arctozolt|Low Kick|p2a: Audino
|-activate|p2a: Audino|move: Protect
|
|-weather|Hail|[upkeep]
|-damage|p2a: Audino|21/100|[from] Hail
|-heal|p2a: Audino|71/100|[from] move: Wish|[wisher] Audino
|-heal|p1a: Arctozolt|94/100|[from] item: Leftovers
|upkeep
|turn|78
|
|t:|1667562663
|switch|p2a: Shedinja|Shedinja|100/100
|move|p1a: Arctozolt|Low Kick|p2a: Shedinja
|-immune|p2a: Shedinja|[from] ability: Wonder Guard
|
|-weather|none
|-heal|p1a: Arctozolt|100/100|[from] item: Leftovers
|upkeep
|turn|79
|
|t:|1667562667
|move|p1a: Arctozolt|Low Kick|p2a: Shedinja
|-immune|p2a: Shedinja|[from] ability: Wonder Guard
|move|p2a: Shedinja|Will-O-Wisp|p1a: Arctozolt|[miss]
|-miss|p2a: Shedinja|p1a: Arctozolt
|
|upkeep
|turn|80
|
|t:|1667562669
|move|p1a: Arctozolt|Low Kick|p2a: Shedinja
|-immune|p2a: Shedinja|[from] ability: Wonder Guard
|move|p2a: Shedinja|Will-O-Wisp||[still]
|-fail|p2a: Shedinja
|
|upkeep
|turn|81
|
|t:|1667562674
|move|p1a: Arctozolt|Low Kick|p2a: Shedinja
|-immune|p2a: Shedinja|[from] ability: Wonder Guard
|move|p2a: Shedinja|Will-O-Wisp||[still]
|-fail|p2a: Shedinja
|
|upkeep
|turn|82
|
|t:|1667562679
|move|p1a: Arctozolt|Low Kick|p2a: Shedinja
|-immune|p2a: Shedinja|[from] ability: Wonder Guard
|move|p2a: Shedinja|Will-O-Wisp||[still]
|-fail|p2a: Shedinja
|
|upkeep
|turn|83
|
|t:|1667562684
|move|p1a: Arctozolt|Low Kick|p2a: Shedinja
|-immune|p2a: Shedinja|[from] ability: Wonder Guard
|move|p2a: Shedinja|Will-O-Wisp|p1a: Arctozolt|[miss]
|-miss|p2a: Shedinja|p1a: Arctozolt
|
|upkeep
|turn|84
|
|t:|1667562689
|move|p1a: Arctozolt|Low Kick|p2a: Shedinja
|-immune|p2a: Shedinja|[from] ability: Wonder Guard
|move|p2a: Shedinja|Will-O-Wisp||[still]
|-fail|p2a: Shedinja
|
|upkeep
|turn|85
|
|t:|1667562693
|move|p1a: Arctozolt|Low Kick|p2a: Shedinja
|-immune|p2a: Shedinja|[from] ability: Wonder Guard
|move|p2a: Shedinja|Will-O-Wisp||[still]
|-fail|p2a: Shedinja
|
|upkeep
|turn|86
|
|t:|1667562696
|move|p1a: Arctozolt|Low Kick|p2a: Shedinja
|-immune|p2a: Shedinja|[from] ability: Wonder Guard
|move|p2a: Shedinja|Will-O-Wisp||[still]
|-fail|p2a: Shedinja
|
|upkeep
|turn|87
|
|t:|1667562722
|move|p1a: Arctozolt|Low Kick|p2a: Shedinja
|-immune|p2a: Shedinja|[from] ability: Wonder Guard
|move|p2a: Shedinja|Will-O-Wisp||[still]
|-fail|p2a: Shedinja
|
|upkeep
|turn|88
|
|t:|1667562728
|switch|p2a: Corviknight|Corviknight, M|92/100
|-ability|p2a: Corviknight|Pressure
|move|p1a: Arctozolt|Low Kick|p2a: Corviknight
|-damage|p2a: Corviknight|78/100
|
|-heal|p2a: Corviknight|85/100|[from] item: Leftovers
|upkeep
|turn|89
|
|t:|1667562731
|switch|p2a: Shedinja|Shedinja|100/100
|move|p1a: Arctozolt|Low Kick|p2a: Shedinja
|-immune|p2a: Shedinja|[from] ability: Wonder Guard
|
|upkeep
|turn|90
|
|t:|1667562736
|move|p1a: Arctozolt|Low Kick|p2a: Shedinja
|-immune|p2a: Shedinja|[from] ability: Wonder Guard
|move|p2a: Shedinja|Will-O-Wisp||[still]
|-fail|p2a: Shedinja
|
|upkeep
|turn|91
|
|t:|1667562741
|move|p1a: Arctozolt|Low Kick|p2a: Shedinja
|-immune|p2a: Shedinja|[from] ability: Wonder Guard
|move|p2a: Shedinja|Will-O-Wisp||[still]
|-fail|p2a: Shedinja
|
|upkeep
|turn|92
|
|t:|1667562745
|move|p1a: Arctozolt|Low Kick|p2a: Shedinja
|-immune|p2a: Shedinja|[from] ability: Wonder Guard
|move|p2a: Shedinja|Will-O-Wisp||[still]
|-fail|p2a: Shedinja
|
|upkeep
|turn|93
|
|t:|1667562751
|move|p1a: Arctozolt|Low Kick|p2a: Shedinja
|-immune|p2a: Shedinja|[from] ability: Wonder Guard
|move|p2a: Shedinja|Will-O-Wisp||[still]
|-fail|p2a: Shedinja
|
|upkeep
|turn|94
|
|t:|1667562761
|move|p1a: Arctozolt|Bolt Beak|p2a: Shedinja
|-immune|p2a: Shedinja|[from] ability: Wonder Guard
|move|p2a: Shedinja|Will-O-Wisp||[still]
|-fail|p2a: Shedinja
|
|upkeep
|turn|95
|
|t:|1667562784
|switch|p1a: Corviknight|Corviknight, M|82/100 brn
|-ability|p1a: Corviknight|Pressure
|move|p2a: Shedinja|Will-O-Wisp|p1a: Corviknight
|-fail|p1a: Corviknight|brn
|
|-damage|p1a: Corviknight|75/100 brn|[from] brn
|upkeep
|turn|96
|
|t:|1667562793
|switch|p2a: Garchomp|Garchomp, F|67/100
|move|p1a: Corviknight|U-turn|p2a: Garchomp
|-damage|p2a: Garchomp|59/100
|-damage|p1a: Corviknight|63/100 brn|[from] ability: Rough Skin|[of] p2a: Garchomp
|
|t:|1667562796
|switch|p1a: Ninetales|Ninetales-Alola, F|85/100|[from]move: U-turn
|-weather|Hail|[from] ability: Snow Warning|[of] p1a: Ninetales
|
|-weather|Hail|[upkeep]
|-damage|p2a: Garchomp|53/100|[from] Hail
|-heal|p2a: Garchomp|59/100|[from] item: Leftovers
|upkeep
|turn|97
|
|t:|1667562808
|switch|p1a: Arctozolt|Arctozolt|100/100
|switch|p2a: Audino|Audino, F|100/100
|
|-weather|Hail|[upkeep]
|-damage|p2a: Audino|94/100|[from] Hail
|upkeep
|turn|98
|
|t:|1667562817
|move|p1a: Arctozolt|Bolt Beak|p2a: Audino
|-damage|p2a: Audino|27/100
|move|p2a: Audino|Wish|p2a: Audino
|
|-weather|Hail|[upkeep]
|-damage|p2a: Audino|21/100|[from] Hail
|upkeep
|turn|99
|
|t:|1667562822
|move|p2a: Audino|Protect|p2a: Audino
|-singleturn|p2a: Audino|Protect
|move|p1a: Arctozolt|Substitute|p1a: Arctozolt
|-start|p1a: Arctozolt|Substitute
|-damage|p1a: Arctozolt|76/100
|
|-weather|Hail|[upkeep]
|-damage|p2a: Audino|15/100|[from] Hail
|-heal|p2a: Audino|65/100|[from] move: Wish|[wisher] Audino
|-heal|p1a: Arctozolt|82/100|[from] item: Leftovers
|upkeep
|turn|100
|
|t:|1667562826
|switch|p2a: Shedinja|Shedinja|100/100
|move|p1a: Arctozolt|Bolt Beak|p2a: Shedinja
|-immune|p2a: Shedinja|[from] ability: Wonder Guard
|
|-weather|Hail|[upkeep]
|-heal|p1a: Arctozolt|88/100|[from] item: Leftovers
|upkeep
|turn|101
|
|t:|1667562833
|switch|p1a: Corviknight|Corviknight, M|63/100 brn
|-ability|p1a: Corviknight|Pressure
|move|p2a: Shedinja|Will-O-Wisp|p1a: Corviknight
|-fail|p1a: Corviknight|brn
|
|-weather|Hail|[upkeep]
|-damage|p1a: Corviknight|57/100 brn|[from] Hail
|-damage|p1a: Corviknight|50/100 brn|[from] brn
|upkeep
|turn|102
|
|t:|1667562838
|switch|p2a: Garchomp|Garchomp, F|59/100
|move|p1a: Corviknight|Roost|p1a: Corviknight
|-heal|p1a: Corviknight|100/100 brn
|-singleturn|p1a: Corviknight|move: Roost
|
|-weather|Hail|[upkeep]
|-damage|p2a: Garchomp|53/100|[from] Hail
|-damage|p1a: Corviknight|94/100 brn|[from] Hail
|-heal|p2a: Garchomp|59/100|[from] item: Leftovers
|-damage|p1a: Corviknight|88/100 brn|[from] brn
|upkeep
|turn|103
|
|t:|1667562841
|move|p2a: Garchomp|Fire Fang|p1a: Corviknight
|-supereffective|p1a: Corviknight
|-damage|p1a: Corviknight|60/100 brn
|move|p1a: Corviknight|Body Press|p2a: Garchomp
|-damage|p2a: Garchomp|46/100
|-damage|p1a: Corviknight|47/100 brn|[from] ability: Rough Skin|[of] p2a: Garchomp
|
|-weather|none
|-heal|p2a: Garchomp|52/100|[from] item: Leftovers
|-damage|p1a: Corviknight|41/100 brn|[from] brn
|upkeep
|turn|104
|
|t:|1667562849
|move|p2a: Garchomp|Fire Fang|p1a: Corviknight
|-supereffective|p1a: Corviknight
|-damage|p1a: Corviknight|10/100 brn
|move|p1a: Corviknight|Roost|p1a: Corviknight
|-heal|p1a: Corviknight|60/100 brn
|-singleturn|p1a: Corviknight|move: Roost
|
|-heal|p2a: Garchomp|58/100|[from] item: Leftovers
|-damage|p1a: Corviknight|53/100 brn|[from] brn
|upkeep
|turn|105
|
|t:|1667562854
|move|p2a: Garchomp|Whirlpool|p1a: Corviknight
|-damage|p1a: Corviknight|48/100 brn
|-activate|p1a: Corviknight|move: Whirlpool|[of] p2a: Garchomp
|move|p1a: Corviknight|Roost|p1a: Corviknight
|-heal|p1a: Corviknight|98/100 brn
|-singleturn|p1a: Corviknight|move: Roost
|
|-heal|p2a: Garchomp|64/100|[from] item: Leftovers
|-damage|p1a: Corviknight|91/100 brn|[from] brn
|-damage|p1a: Corviknight|79/100 brn|[from] move: Whirlpool|[partiallytrapped]
|upkeep
|turn|106
|
|t:|1667562859
|move|p2a: Garchomp|Fire Fang|p1a: Corviknight
|-supereffective|p1a: Corviknight
|-damage|p1a: Corviknight|49/100 brn
|move|p1a: Corviknight|Body Press|p2a: Garchomp
|-damage|p2a: Garchomp|52/100
|-damage|p1a: Corviknight|37/100 brn|[from] ability: Rough Skin|[of] p2a: Garchomp
|
|-heal|p2a: Garchomp|58/100|[from] item: Leftovers
|-damage|p1a: Corviknight|31/100 brn|[from] brn
|-damage|p1a: Corviknight|18/100 brn|[from] move: Whirlpool|[partiallytrapped]
|upkeep
|turn|107
|
|t:|1667562862
|move|p2a: Garchomp|Fire Fang|p1a: Corviknight
|-supereffective|p1a: Corviknight
|-damage|p1a: Corviknight|0 fnt
|faint|p1a: Corviknight
|
|-heal|p2a: Garchomp|64/100|[from] item: Leftovers
|upkeep
|
|t:|1667562865
|switch|p1a: Ninetales|Ninetales-Alola, F|85/100
|-weather|Hail|[from] ability: Snow Warning|[of] p1a: Ninetales
|turn|108
|
|t:|1667562870
|switch|p1a: Landorus|Landorus-Therian, M|37/100 tox
|-ability|p1a: Landorus|Intimidate|boost
|-unboost|p2a: Garchomp|atk|1
|switch|p2a: Audino|Audino, F|98/100
|
|-weather|Hail|[upkeep]
|-damage|p1a: Landorus|31/100 tox|[from] Hail
|-damage|p2a: Audino|92/100|[from] Hail
|-damage|p1a: Landorus|25/100 tox|[from] psn
|upkeep
|turn|109
|
|t:|1667562872
|switch|p2a: Corviknight|Corviknight, M|85/100
|-ability|p2a: Corviknight|Pressure
|move|p1a: Landorus|Toxic|p2a: Corviknight
|-immune|p2a: Corviknight
|
|-weather|Hail|[upkeep]
|-damage|p1a: Landorus|19/100 tox|[from] Hail
|-damage|p2a: Corviknight|78/100|[from] Hail
|-heal|p2a: Corviknight|85/100|[from] item: Leftovers
|-damage|p1a: Landorus|7/100 tox|[from] psn
|upkeep
|turn|110
|-message|Tzon forfeited.
|
|win|Stellar Flares
|raw|Tzon's rating: 1616 &rarr; <strong>1610</strong><br />(-6 for losing)
|raw|Stellar Flares's rating: 1910 &rarr; <strong>1916</strong><br />(+6 for winning)
|l|☆Tzon
