|j|☆numberoneswiftie
|j|☆dddjfdw
|t:|1667502681
|gametype|singles
|player|p1|numberoneswiftie|swimmerf-gen4|1675
|player|p2|dddjfdw|169|1654
|teamsize|p1|6
|teamsize|p2|6
|gen|8
|tier|[Gen 8] OU
|rated|
|rule|Sleep Clause Mod: Limit one foe put to sleep
|rule|Species Clause: Limit one of each Pokémon
|rule|OHKO Clause: OHKO moves are banned
|rule|Evasion Items Clause: Evasion items are banned
|rule|Evasion Moves Clause: Evasion moves are banned
|rule|Endless Battle Clause: Forcing endless battles is banned
|rule|HP Percentage Mod: HP is shown in percentages
|rule|Dynamax Clause: You cannot dynamax
|clearpoke
|poke|p1|Hippowdon, F|
|poke|p1|Corviknight, M|
|poke|p1|Toxapex, F|
|poke|p1|Clefable, F|
|poke|p1|Tornadus-Therian, M|
|poke|p1|Blissey, F|
|poke|p2|Porygon-Z|
|poke|p2|Pelipper, M|
|poke|p2|Barraskewda, F|
|poke|p2|Tapu Lele|
|poke|p2|Thundurus-Therian, M|
|poke|p2|Swampert, M|
|teampreview
|inactive|Battle timer is ON: inactive players will automatically lose when time's up. (requested by dddjfdw)
|
|t:|1667502691
|start
|switch|p1a: Blissey|Blissey, F|100/100
|switch|p2a: Swampert|Swampert, M|100/100
|turn|1
|
|t:|1667502695
|move|p2a: Swampert|Stealth Rock|p1a: Blissey
|-sidestart|p1: numberoneswiftie|move: Stealth Rock
|move|p1a: Blissey|Toxic|p2a: Swampert
|-status|p2a: Swampert|tox
|
|-damage|p2a: Swampert|94/100 tox|[from] psn
|upkeep
|turn|2
|
|t:|1667502700
|switch|p1a: Corviknight|Corviknight, M|100/100
|-damage|p1a: Corviknight|88/100|[from] Stealth Rock
|-ability|p1a: Corviknight|Pressure
|move|p2a: Swampert|Flip Turn|p1a: Corviknight
|-damage|p1a: Corviknight|74/100
|
|t:|1667502712
|switch|p2a: Porygon-Z|Porygon-Z|100/100|[from]move: Flip Turn
|-ability|p2a: Porygon-Z|Download|boost
|-boost|p2a: Porygon-Z|spa|1
|
|-heal|p1a: Corviknight|80/100|[from] item: Leftovers
|upkeep
|turn|3
|
|t:|1667502718
|switch|p1a: Blissey|Blissey, F|100/100
|move|p2a: Porygon-Z|Psyshock|p1a: Blissey
|-damage|p1a: Blissey|44/100
|
|upkeep
|turn|4
|
|t:|1667502734
|switch|p2a: Thundurus|Thundurus-Therian, M|100/100
|switch|p1a: Corviknight|Corviknight, M|80/100
|-damage|p1a: Corviknight|68/100|[from] Stealth Rock
|-ability|p1a: Corviknight|Pressure
|
|-heal|p1a: Corviknight|74/100|[from] item: Leftovers
|upkeep
|turn|5
|
|t:|1667502745
|switch|p1a: Hippowdon|Hippowdon, F|100/100
|-damage|p1a: Hippowdon|94/100|[from] Stealth Rock
|-weather|Sandstorm|[from] ability: Sand Stream|[of] p1a: Hippowdon
|move|p2a: Thundurus|Volt Switch|p1a: Hippowdon
|-immune|p1a: Hippowdon
|
|-weather|Sandstorm|[upkeep]
|-damage|p2a: Thundurus|94/100|[from] Sandstorm
|-heal|p1a: Hippowdon|100/100|[from] item: Leftovers
|upkeep
|turn|6
|
|t:|1667502757
|switch|p2a: Pelipper|Pelipper, M|100/100
|-weather|RainDance|[from] ability: Drizzle|[of] p2a: Pelipper
|move|p1a: Hippowdon|Stealth Rock|p2a: Pelipper
|-sidestart|p2: dddjfdw|move: Stealth Rock
|
|-weather|RainDance|[upkeep]
|upkeep
|turn|7
|
|t:|1667502783
|move|p1a: Hippowdon|Toxic|p2a: Pelipper
|-status|p2a: Pelipper|tox
|move|p2a: Pelipper|U-turn|p1a: Hippowdon
|-damage|p1a: Hippowdon|93/100
|
|t:|1667502788
|switch|p2a: Barraskewda|Barraskewda, F|100/100|[from]move: U-turn
|-damage|p2a: Barraskewda|88/100|[from] Stealth Rock
|
|-weather|RainDance|[upkeep]
|-heal|p1a: Hippowdon|99/100|[from] item: Leftovers
|upkeep
|turn|8
|inactive|numberoneswiftie has 120 seconds left.
|
|t:|1667502817
|switch|p1a: Toxapex|Toxapex, F|100/100
|-damage|p1a: Toxapex|88/100|[from] Stealth Rock
|move|p2a: Barraskewda|Flip Turn|p1a: Toxapex
|-resisted|p1a: Toxapex
|-damage|p1a: Toxapex|64/100
|
|t:|1667502825
|switch|p2a: Porygon-Z|Porygon-Z|100/100|[from]move: Flip Turn
|-damage|p2a: Porygon-Z|88/100|[from] Stealth Rock
|-ability|p2a: Porygon-Z|Download|boost
|-boost|p2a: Porygon-Z|spa|1
|
|-weather|RainDance|[upkeep]
|upkeep
|turn|9
|
|t:|1667502831
|switch|p1a: Hippowdon|Hippowdon, F|99/100
|-damage|p1a: Hippowdon|93/100|[from] Stealth Rock
|-weather|Sandstorm|[from] ability: Sand Stream|[of] p1a: Hippowdon
|move|p2a: Porygon-Z|Tri Attack|p1a: Hippowdon
|-damage|p1a: Hippowdon|22/100
|
|-weather|Sandstorm|[upkeep]
|-damage|p2a: Porygon-Z|82/100|[from] Sandstorm
|-heal|p1a: Hippowdon|28/100|[from] item: Leftovers
|upkeep
|turn|10
|l|☆numberoneswiftie
|inactive|numberoneswiftie disconnected and has a minute to reconnect!
|player|p1|
|inactive|numberoneswiftie has 30 seconds to reconnect!
|inactive|numberoneswiftie has 20 seconds to reconnect!
|inactive|numberoneswiftie has 15 seconds to reconnect!
|inactive|numberoneswiftie has 10 seconds to reconnect!
|inactive|numberoneswiftie has 5 seconds to reconnect!
|-message|numberoneswiftie lost due to inactivity.
|
|win|dddjfdw
|raw|numberoneswiftie's rating: 1675 &rarr; <strong>1654</strong><br />(-21 for losing)
|raw|dddjfdw's rating: 1654 &rarr; <strong>1675</strong><br />(+21 for winning)
||Ladder isn't responding, score probably updated but might not have (Request timeout).
