|html|<div class="broadcast-blue"><strong>[Gen 8] OU is currently suspecting Melmetal! For information on how to participate check out the <a href="https://www.smogon.com/forums/threads/np-ss-ou-suspect-process-round-12-monster-mash.3709234/">suspect thread</a>.</strong></div>
|j|☆ldailey19
|j|‽minimax_ai
|t:|1666751970
|gametype|singles
|player|p1|ldailey19|lance|1590
|player|p2|minimax_ai|266|1609
|teamsize|p1|6
|teamsize|p2|6
|gen|8
|tier|[Gen 8] OU
|rated|
|rule|Sleep Clause Mod: Limit one foe put to sleep
|rule|Species Clause: Limit one of each Pokémon
|rule|OHKO Clause: OHKO moves are banned
|rule|Evasion Items Clause: Evasion items are banned
|rule|Evasion Moves Clause: Evasion moves are banned
|rule|Endless Battle Clause: Forcing endless battles is banned
|rule|HP Percentage Mod: HP is shown in percentages
|rule|Dynamax Clause: You cannot dynamax
|clearpoke
|poke|p1|Magnezone|
|poke|p1|Weavile, M|
|poke|p1|Urshifu-*, F|
|poke|p1|Heatran, M|
|poke|p1|Landorus-Therian, M|
|poke|p1|Dragapult, F|
|poke|p2|Rotom-Wash|
|poke|p2|Weavile, F|
|poke|p2|Landorus-Therian, M|
|poke|p2|Heatran, M|
|poke|p2|Tangrowth, M|
|poke|p2|Melmetal|
|teampreview
|inactive|Battle timer is ON: inactive players will automatically lose when time's up. (requested by ldailey19)
|inactive|minimax_ai also wants the timer to be on.
|
|t:|1666752000
|start
|switch|p1a: Dragapult|Dragapult, F, shiny|100/100
|switch|p2a: Rotom|Rotom-Wash|100/100
|turn|1
|
|t:|1666752008
|switch|p2a: Melmetal|Melmetal|100/100
|move|p1a: Dragapult|Dragon Darts|p2a: Melmetal
|-resisted|p2a: Melmetal
|-damage|p2a: Melmetal|94/100
|-anim|p1a: Dragapult|Dragon Darts|p2a: Melmetal
|-resisted|p2a: Melmetal
|-damage|p2a: Melmetal|87/100
|
|upkeep
|turn|2
|
|t:|1666752028
|move|p1a: Dragapult|U-turn|p2a: Melmetal
|-resisted|p2a: Melmetal
|-damage|p2a: Melmetal|81/100
|
|t:|1666752030
|switch|p1a: Landorus|Landorus-Therian, M|100/100|[from]move: U-turn
|-ability|p1a: Landorus|Intimidate|boost
|-unboost|p2a: Melmetal|atk|1
|move|p2a: Melmetal|Double Iron Bash|p1a: Landorus
|-damage|p1a: Landorus|81/100
|-damage|p2a: Melmetal|64/100|[from] item: Rocky Helmet|[of] p1a: Landorus
|-damage|p1a: Landorus|62/100
|-damage|p2a: Melmetal|47/100|[from] item: Rocky Helmet|[of] p1a: Landorus
|-hitcount|p1a: Landorus|2
|
|upkeep
|turn|3
|
|t:|1666752035
|switch|p2a: Landorus|Landorus-Therian, M|100/100
|-ability|p2a: Landorus|Intimidate|boost
|-unboost|p1a: Landorus|atk|1
|move|p1a: Landorus|Stealth Rock|p2a: Landorus
|-sidestart|p2: minimax_ai|move: Stealth Rock
|
|upkeep
|turn|4
|
|t:|1666752037
|move|p1a: Landorus|Knock Off|p2a: Landorus
|-damage|p2a: Landorus|81/100
|-enditem|p2a: Landorus|Leftovers|[from] move: Knock Off|[of] p1a: Landorus
|move|p2a: Landorus|Defog|p1a: Landorus
|-unboost|p1a: Landorus|evasion|1
|-sideend|p2: minimax_ai|Stealth Rock|[from] move: Defog|[of] p2a: Landorus
|
|upkeep
|turn|5
|
|t:|1666752053
|switch|p1a: Weavile|Weavile, M|100/100
|-ability|p1a: Weavile|Pressure
|move|p2a: Landorus|Earthquake|p1a: Weavile
|-damage|p1a: Weavile|19/100
|
|upkeep
|turn|6
|
|t:|1666752061
|switch|p2a: Melmetal|Melmetal|47/100
|move|p1a: Weavile|Knock Off|p2a: Melmetal
|-damage|p2a: Melmetal|3/100
|-enditem|p2a: Melmetal|Assault Vest|[from] move: Knock Off|[of] p1a: Weavile
|
|upkeep
|turn|7
|
|t:|1666752063
|switch|p2a: Tangrowth|Tangrowth, M|100/100
|move|p1a: Weavile|Knock Off|p2a: Tangrowth
|-damage|p2a: Tangrowth|62/100
|-damage|p1a: Weavile|3/100|[from] item: Rocky Helmet|[of] p2a: Tangrowth
|-enditem|p2a: Tangrowth|Rocky Helmet|[from] move: Knock Off|[of] p1a: Weavile
|
|upkeep
|turn|8
|
|t:|1666752078
|move|p1a: Weavile|Knock Off|p2a: Tangrowth
|-damage|p2a: Tangrowth|39/100
|move|p2a: Tangrowth|Giga Drain|p1a: Weavile
|-damage|p1a: Weavile|0 fnt
|-heal|p2a: Tangrowth|40/100|[from] drain|[of] p1a: Weavile
|faint|p1a: Weavile
|
|upkeep
|
|t:|1666752084
|switch|p1a: Dragapult|Dragapult, F, shiny|100/100
|turn|9
|
|t:|1666752086
|switch|p2a: Rotom|Rotom-Wash|100/100
|move|p1a: Dragapult|Flamethrower|p2a: Rotom
|-resisted|p2a: Rotom
|-damage|p2a: Rotom|89/100
|
|-heal|p2a: Rotom|95/100|[from] item: Leftovers
|upkeep
|turn|10
|
|t:|1666752089
|move|p1a: Dragapult|Dragon Darts|p2a: Rotom
|-damage|p2a: Rotom|71/100
|-anim|p1a: Dragapult|Dragon Darts|p2a: Rotom
|-damage|p2a: Rotom|47/100
|move|p2a: Rotom|Nasty Plot|p2a: Rotom
|-boost|p2a: Rotom|spa|2
|
|-heal|p2a: Rotom|53/100|[from] item: Leftovers
|upkeep
|turn|11
|
|t:|1666752094
|move|p1a: Dragapult|Dragon Darts|p2a: Rotom
|-damage|p2a: Rotom|28/100
|-anim|p1a: Dragapult|Dragon Darts|p2a: Rotom
|-damage|p2a: Rotom|4/100
|move|p2a: Rotom|Pain Split|p1a: Dragapult
|-sethp|p1a: Dragapult|52/100|[from] move: Pain Split|[silent]
|-sethp|p2a: Rotom|54/100|[from] move: Pain Split
|
|-heal|p2a: Rotom|60/100|[from] item: Leftovers
|upkeep
|turn|12
|
|t:|1666752114
|move|p1a: Dragapult|Dragon Darts|p2a: Rotom
|-damage|p2a: Rotom|34/100
|-anim|p1a: Dragapult|Dragon Darts|p2a: Rotom
|-damage|p2a: Rotom|7/100
|move|p2a: Rotom|Thunderbolt|p1a: Dragapult
|-resisted|p1a: Dragapult
|-damage|p1a: Dragapult|0 fnt
|faint|p1a: Dragapult
|
|-heal|p2a: Rotom|13/100|[from] item: Leftovers
|upkeep
|
|t:|1666752123
|switch|p1a: Urshifu|Urshifu-Rapid-Strike, F|100/100
|turn|13
|
|t:|1666752127
|switch|p2a: Tangrowth|Tangrowth, M|73/100
|move|p1a: Urshifu|Surging Strikes|p2a: Tangrowth
|-resisted|p2a: Tangrowth
|-crit|p2a: Tangrowth
|-damage|p2a: Tangrowth|68/100
|-resisted|p2a: Tangrowth
|-crit|p2a: Tangrowth
|-damage|p2a: Tangrowth|62/100
|-resisted|p2a: Tangrowth
|-crit|p2a: Tangrowth
|-damage|p2a: Tangrowth|57/100
|-hitcount|p2a: Tangrowth|3
|
|upkeep
|turn|14
|
|t:|1666752133
|switch|p1a: Magnezone|Magnezone, shiny|100/100
|move|p2a: Tangrowth|Giga Drain|p1a: Magnezone
|-resisted|p1a: Magnezone
|-damage|p1a: Magnezone|91/100
|-heal|p2a: Tangrowth|61/100|[from] drain|[of] p1a: Magnezone
|
|upkeep
|turn|15
|
|t:|1666752140
|switch|p2a: Rotom|Rotom-Wash|13/100
|move|p1a: Magnezone|Flash Cannon|p2a: Rotom
|-resisted|p2a: Rotom
|-damage|p2a: Rotom|0 fnt
|faint|p2a: Rotom
|
|upkeep
|
|t:|1666752141
|switch|p2a: Heatran|Heatran, M|100/100
|-item|p2a: Heatran|Air Balloon
|turn|16
|
|t:|1666752146
|switch|p1a: Urshifu|Urshifu-Rapid-Strike, F|100/100
|move|p2a: Heatran|Magma Storm|p1a: Urshifu
|-resisted|p1a: Urshifu
|-damage|p1a: Urshifu|63/100
|-activate|p1a: Urshifu|move: Magma Storm|[of] p2a: Heatran
|
|-damage|p1a: Urshifu|51/100|[from] move: Magma Storm|[partiallytrapped]
|upkeep
|turn|17
|
|t:|1666752149
|switch|p2a: Tangrowth|Tangrowth, M|94/100
|move|p1a: Urshifu|Close Combat|p2a: Tangrowth
|-damage|p2a: Tangrowth|59/100
|-unboost|p1a: Urshifu|def|1
|-unboost|p1a: Urshifu|spd|1
|
|-end|p1a: Urshifu|Magma Storm|[partiallytrapped]|[silent]
|upkeep
|turn|18
|
|t:|1666752153
|switch|p1a: Magnezone|Magnezone, shiny|91/100
|move|p2a: Tangrowth|Sleep Powder|p1a: Magnezone
|-status|p1a: Magnezone|slp|[from] move: Sleep Powder
|
|upkeep
|turn|19
|
|t:|1666752156
|cant|p1a: Magnezone|slp
|move|p2a: Tangrowth|Focus Blast|p1a: Magnezone
|-supereffective|p1a: Magnezone
|-damage|p1a: Magnezone|47/100 slp
|
|upkeep
|turn|20
|
|t:|1666752162
|switch|p2a: Landorus|Landorus-Therian, M|81/100
|-ability|p2a: Landorus|Intimidate|boost
|-unboost|p1a: Magnezone|atk|1
|-curestatus|p1a: Magnezone|slp|[msg]
|move|p1a: Magnezone|Flash Cannon|p2a: Landorus
|-damage|p2a: Landorus|39/100
|
|upkeep
|turn|21
|
|t:|1666752167
|switch|p1a: Landorus|Landorus-Therian, M|62/100
|-ability|p1a: Landorus|Intimidate|boost
|-unboost|p2a: Landorus|atk|1
|move|p2a: Landorus|Earthquake|p1a: Landorus
|-immune|p1a: Landorus
|
|upkeep
|turn|22
|
|t:|1666752170
|switch|p2a: Tangrowth|Tangrowth, M|92/100
|move|p1a: Landorus|Knock Off|p2a: Tangrowth
|-damage|p2a: Tangrowth|80/100
|
|upkeep
|turn|23
|
|t:|1666752176
|move|p1a: Landorus|Stealth Rock|p2a: Tangrowth
|-sidestart|p2: minimax_ai|move: Stealth Rock
|move|p2a: Tangrowth|Sleep Powder|p1a: Landorus|[miss]
|-miss|p2a: Tangrowth|p1a: Landorus
|
|upkeep
|turn|24
|inactive|ldailey19 has 120 seconds left.
|inactive|ldailey19 has 90 seconds left.
|
|t:|1666752240
|switch|p1a: Heatran|Heatran, M, shiny|100/100
|-item|p1a: Heatran|Air Balloon
|move|p2a: Tangrowth|Focus Blast|p1a: Heatran
|-supereffective|p1a: Heatran
|-damage|p1a: Heatran|61/100
|-unboost|p1a: Heatran|spd|1
|-enditem|p1a: Heatran|Air Balloon
|
|upkeep
|turn|25
|
|t:|1666752242
|switch|p2a: Heatran|Heatran, M|100/100
|-damage|p2a: Heatran|88/100|[from] Stealth Rock
|-item|p2a: Heatran|Air Balloon
|move|p1a: Heatran|Flamethrower|p2a: Heatran
|-start|p2a: Heatran|ability: Flash Fire
|
|upkeep
|turn|26
|
|t:|1666752246
|switch|p1a: Urshifu|Urshifu-Rapid-Strike, F|51/100
|move|p2a: Heatran|Stealth Rock|p1a: Urshifu
|-sidestart|p1: ldailey19|move: Stealth Rock
|
|upkeep
|turn|27
|
|t:|1666752269
|-end|p2a: Heatran|ability: Flash Fire|[silent]
|switch|p2a: Tangrowth|Tangrowth, M|100/100
|-damage|p2a: Tangrowth|88/100|[from] Stealth Rock
|move|p1a: Urshifu|Close Combat|p2a: Tangrowth
|-damage|p2a: Tangrowth|55/100
|-unboost|p1a: Urshifu|def|1
|-unboost|p1a: Urshifu|spd|1
|
|upkeep
|turn|28
|inactive|ldailey19 has 90 seconds left.
|inactive|ldailey19 has 60 seconds left.
|inactive|ldailey19 has 30 seconds left.
|inactive|ldailey19 has 20 seconds left.
|
|t:|1666752364
|switch|p1a: Magnezone|Magnezone, shiny|47/100
|-damage|p1a: Magnezone|41/100|[from] Stealth Rock
|move|p2a: Tangrowth|Focus Blast|p1a: Magnezone
|-supereffective|p1a: Magnezone
|-damage|p1a: Magnezone|0 fnt
|faint|p1a: Magnezone
|
|upkeep
|inactive|ldailey19 has 25 seconds left this turn.
|inactive|ldailey19 has 20 seconds left.
|inactive|ldailey19 has 15 seconds left.
|inactive|ldailey19 has 10 seconds left.
|-message|ldailey19 forfeited.
|
|win|minimax_ai
|inactive|ldailey19 has 15 seconds left this turn.
|raw|ldailey19's rating: 1590 &rarr; <strong>1571</strong><br />(-19 for losing)
|raw|minimax_ai's rating: 1609 &rarr; <strong>1628</strong><br />(+19 for winning)
|l|☆ldailey19
