|j|☆wind current
|j|☆Steez Ibanez
|inactive|Battle timer is ON: inactive players will automatically lose when time's up.
|t:|1667520153
|gametype|singles
|player|p1|wind current|lyra|
|player|p2|Steez Ibanez|acetrainer-gen7|
|teamsize|p1|6
|teamsize|p2|6
|gen|8
|tier|[Gen 8] OU
|rated|Tournament battle
|rule|Sleep Clause Mod: Limit one foe put to sleep
|rule|Species Clause: Limit one of each Pokémon
|rule|OHKO Clause: OHKO moves are banned
|rule|Evasion Items Clause: Evasion items are banned
|rule|Evasion Moves Clause: Evasion moves are banned
|rule|Endless Battle Clause: Forcing endless battles is banned
|rule|HP Percentage Mod: HP is shown in percentages
|rule|Dynamax Clause: You cannot dynamax
|clearpoke
|poke|p1|Dragapult, F|
|poke|p1|Heatran, F|
|poke|p1|Toxapex, F|
|poke|p1|Landorus-Therian, M|
|poke|p1|Bisharp, M|
|poke|p1|Rotom-Wash|
|poke|p2|Zeraora|
|poke|p2|Weezing-Galar, M|
|poke|p2|Gastrodon-East, M|
|poke|p2|Ferrothorn, M|
|poke|p2|Zapdos|
|poke|p2|Heatran, M|
|teampreview
|inactive|Steez Ibanez also wants the timer to be on.
|j| Zombini62
|j| BigWes95
|c|☆Steez Ibanez|Hf
|j| Her Loss SZN
|c|☆wind current|hf
|j| scarfedai
|j| PkmnMasterEclipse
|
|t:|1667520179
|start
|switch|p1a: Landorus|Landorus-Therian, M|100/100
|switch|p2a: Bolt|Zapdos|100/100
|-ability|p1a: Landorus|Intimidate|boost
|-unboost|p2a: Bolt|atk|1
|turn|1
|c| scarfedai|steez has heat
|c| scarfedai|tbh
|
|t:|1667520186
|switch|p2a: Abomination|Ferrothorn, M|100/100
|move|p1a: Landorus|Toxic|p2a: Abomination
|-immune|p2a: Abomination
|
|upkeep
|turn|2
|
|t:|1667520189
|move|p1a: Landorus|Stealth Rock|p2a: Abomination
|-sidestart|p2: Steez Ibanez|move: Stealth Rock
|move|p2a: Abomination|Knock Off|p1a: Landorus
|-damage|p1a: Landorus|80/100
|-enditem|p1a: Landorus|Leftovers|[from] move: Knock Off|[of] p2a: Abomination
|
|upkeep
|turn|3
|j|%Vittorioso ✿
|
|t:|1667520209
|switch|p1a: Heatran|Heatran, F|100/100
|move|p2a: Abomination|Spikes|p1a: Heatran
|-sidestart|p1: wind current|Spikes
|
|upkeep
|turn|4
|
|t:|1667520218
|switch|p2a: Hephaestus|Heatran, M|100/100
|-damage|p2a: Hephaestus|88/100|[from] Stealth Rock
|-item|p2a: Hephaestus|Air Balloon
|move|p1a: Heatran|Magma Storm|p2a: Hephaestus
|-start|p2a: Hephaestus|ability: Flash Fire
|
|upkeep
|turn|5
|j| PokeFan0201
|inactive|Steez Ibanez has 120 seconds left.
|
|t:|1667520251
|move|p2a: Hephaestus|Stealth Rock|p1a: Heatran
|-sidestart|p1: wind current|move: Stealth Rock
|move|p1a: Heatran|Heavy Slam|p2a: Hephaestus
|-resisted|p2a: Hephaestus
|-damage|p2a: Hephaestus|85/100
|-enditem|p2a: Hephaestus|Air Balloon
|
|upkeep
|turn|6
|
|t:|1667520256
|move|p2a: Hephaestus|Magma Storm|p1a: Heatran
|-start|p1a: Heatran|ability: Flash Fire
|move|p1a: Heatran|Earth Power|p2a: Hephaestus
|-supereffective|p2a: Hephaestus
|-damage|p2a: Hephaestus|0 fnt
|faint|p2a: Hephaestus
|
|upkeep
|
|t:|1667520259
|switch|p2a: Gary|Gastrodon-East, M, shiny|100/100
|turn|7
|j| Unviabriel
|
|t:|1667520288
|-end|p1a: Heatran|ability: Flash Fire|[silent]
|switch|p1a: Rotom|Rotom-Wash|100/100
|-damage|p1a: Rotom|88/100|[from] Stealth Rock
|move|p2a: Gary|Scald|p1a: Rotom
|-resisted|p1a: Rotom
|-damage|p1a: Rotom|79/100
|-status|p1a: Rotom|brn
|
|-heal|p1a: Rotom|85/100 brn|[from] item: Leftovers
|-damage|p1a: Rotom|79/100 brn|[from] brn
|upkeep
|turn|8
|l|%Vittorioso ✿
|
|t:|1667520310
|switch|p2a: Abomination|Ferrothorn, M|100/100
|-damage|p2a: Abomination|95/100|[from] Stealth Rock
|move|p1a: Rotom|Defog|p2a: Abomination
|-unboost|p2a: Abomination|evasion|1
|-sideend|p2: Steez Ibanez|Stealth Rock|[from] move: Defog|[of] p1a: Rotom
|-sideend|p1: wind current|Spikes|[from] move: Defog|[of] p1a: Rotom
|-sideend|p1: wind current|Stealth Rock|[from] move: Defog|[of] p1a: Rotom
|
|-heal|p1a: Rotom|85/100 brn|[from] item: Leftovers
|-damage|p1a: Rotom|79/100 brn|[from] brn
|upkeep
|turn|9
|c| BigWes95|What?
|c| BigWes95|Surely that was a misclick
|inactive|wind current has 120 seconds left.
|c|☆wind current|who
|c| PokeFan0201|probably
|c| BigWes95|The tran magma
|c| BigWes95|Into your tran
|inactive|wind current has 90 seconds left.
|
|t:|1667520363
|move|p1a: Rotom|Will-O-Wisp|p2a: Abomination
|-status|p2a: Abomination|brn
|move|p2a: Abomination|Spikes|p1a: Rotom
|-sidestart|p1: wind current|Spikes
|
|-heal|p1a: Rotom|85/100 brn|[from] item: Leftovers
|-damage|p1a: Rotom|79/100 brn|[from] brn
|-damage|p2a: Abomination|89/100 brn|[from] brn
|upkeep
|turn|10
|c|☆Steez Ibanez|No i didnt thinn he'd stay in
|inactive|wind current has 90 seconds left.
|
|t:|1667520376
|move|p1a: Rotom|Defog|p2a: Abomination
|-unboost|p2a: Abomination|evasion|1
|-sideend|p1: wind current|Spikes|[from] move: Defog|[of] p1a: Rotom
|move|p2a: Abomination|Leech Seed|p1a: Rotom
|-start|p1a: Rotom|move: Leech Seed
|
|-heal|p1a: Rotom|85/100 brn|[from] item: Leftovers
|-damage|p1a: Rotom|72/100 brn|[from] Leech Seed|[of] p2a: Abomination
|-heal|p2a: Abomination|99/100 brn|[silent]
|-damage|p1a: Rotom|67/100 brn|[from] brn
|-damage|p2a: Abomination|93/100 brn|[from] brn
|upkeep
|turn|11
|c| BigWes95|Why wouldnt he stay in?
|
|t:|1667520385
|move|p1a: Rotom|Volt Switch|p2a: Abomination
|-resisted|p2a: Abomination
|-damage|p2a: Abomination|82/100 brn
|inactive|wind current has 90 seconds left.
|c|☆Steez Ibanez|Cause im faster w epower
|
|t:|1667520411
|switch|p1a: Landorus|Landorus-Therian, M|80/100|[from]move: Volt Switch
|-ability|p1a: Landorus|Intimidate|boost
|-unboost|p2a: Abomination|atk|1
|move|p2a: Abomination|Spikes|p1a: Landorus
|-sidestart|p1: wind current|Spikes
|
|-damage|p2a: Abomination|76/100 brn|[from] brn
|upkeep
|turn|12
|c| BigWes95|But his tran tanks ep
|c| BigWes95|Yours doesng
|
|t:|1667520418
|move|p1a: Landorus|Earthquake|p2a: Abomination
|-damage|p2a: Abomination|50/100 brn
|move|p2a: Abomination|Leech Seed|p1a: Landorus
|-start|p1a: Landorus|move: Leech Seed
|
|-damage|p1a: Landorus|67/100|[from] Leech Seed|[of] p2a: Abomination
|-heal|p2a: Abomination|63/100 brn|[silent]
|-damage|p2a: Abomination|57/100 brn|[from] brn
|upkeep
|turn|13
|
|t:|1667520423
|move|p1a: Landorus|Stealth Rock|p2a: Abomination
|-sidestart|p2: Steez Ibanez|move: Stealth Rock
|move|p2a: Abomination|Leech Seed||[still]
|-fail|p2a: Abomination
|
|-damage|p1a: Landorus|55/100|[from] Leech Seed|[of] p2a: Abomination
|-heal|p2a: Abomination|71/100 brn|[silent]
|-damage|p2a: Abomination|65/100 brn|[from] brn
|upkeep
|turn|14
|inactive|wind current has 90 seconds left.
|
|t:|1667520433
|switch|p1a: Heatran|Heatran, F|100/100
|-damage|p1a: Heatran|88/100|[from] Spikes
|move|p2a: Abomination|Leech Seed|p1a: Heatran
|-start|p1a: Heatran|move: Leech Seed
|
|-heal|p1a: Heatran|94/100|[from] item: Leftovers
|-damage|p1a: Heatran|82/100|[from] Leech Seed|[of] p2a: Abomination
|-heal|p2a: Abomination|79/100 brn|[silent]
|-damage|p2a: Abomination|73/100 brn|[from] brn
|upkeep
|turn|15
|
|t:|1667520438
|switch|p1a: Bisharp|Bisharp, M|100/100
|-damage|p1a: Bisharp|88/100|[from] Spikes
|switch|p2a: Gary|Gastrodon-East, M, shiny|100/100
|
|upkeep
|turn|16
|l| PokeFan0201
|
|t:|1667520444
|switch|p2a: Abomination|Ferrothorn, M|73/100 brn
|-damage|p2a: Abomination|67/100 brn|[from] Stealth Rock
|move|p1a: Bisharp|Knock Off|p2a: Abomination
|-damage|p2a: Abomination|33/100 brn
|-damage|p1a: Bisharp|76/100|[from] ability: Iron Barbs|[of] p2a: Abomination
|-damage|p1a: Bisharp|60/100|[from] item: Rocky Helmet|[of] p2a: Abomination
|-enditem|p2a: Abomination|Rocky Helmet|[from] move: Knock Off|[of] p1a: Bisharp
|
|-damage|p2a: Abomination|27/100 brn|[from] brn
|upkeep
|turn|17
|
|t:|1667520452
|move|p1a: Bisharp|Swords Dance|p1a: Bisharp
|-boost|p1a: Bisharp|atk|2
|move|p2a: Abomination|Leech Seed|p1a: Bisharp|[miss]
|-miss|p2a: Abomination|p1a: Bisharp
|
|-damage|p2a: Abomination|21/100 brn|[from] brn
|upkeep
|turn|18
|
|t:|1667520455
|move|p1a: Bisharp|Knock Off|p2a: Abomination
|-damage|p2a: Abomination|0 fnt
|-damage|p1a: Bisharp|47/100|[from] ability: Iron Barbs|[of] p2a: Abomination
|faint|p2a: Abomination
|
|upkeep
|
|t:|1667520458
|switch|p2a: Bolt|Zapdos|100/100
|turn|19
|j| Aftx
|
|t:|1667520465
|move|p1a: Bisharp|Sucker Punch|p2a: Bolt
|-damage|p2a: Bolt|44/100
|-status|p1a: Bisharp|par|[from] ability: Static|[of] p2a: Bolt
|-enditem|p1a: Bisharp|Lum Berry|[eat]
|-curestatus|p1a: Bisharp|par|[msg]
|move|p2a: Bolt|Heat Wave|p1a: Bisharp
|-supereffective|p1a: Bisharp
|-damage|p1a: Bisharp|0 fnt
|faint|p1a: Bisharp
|
|upkeep
|
|t:|1667520477
|switch|p1a: Dragapult|Dragapult, F|100/100
|-damage|p1a: Dragapult|88/100|[from] Spikes
|turn|20
|
|t:|1667520483
|switch|p2a: Gary|Gastrodon-East, M, shiny|100/100
|move|p1a: Dragapult|Shadow Ball|p2a: Gary
|-damage|p2a: Gary|66/100
|
|upkeep
|turn|21
|
|t:|1667520486
|move|p1a: Dragapult|Shadow Ball|p2a: Gary
|-damage|p2a: Gary|33/100
|move|p2a: Gary|Recover|p2a: Gary
|-heal|p2a: Gary|83/100
|
|upkeep
|turn|22
|
|t:|1667520493
|switch|p1a: Toxapex|Toxapex, F|100/100
|-damage|p1a: Toxapex|88/100|[from] Spikes
|move|p2a: Gary|Earthquake|p1a: Toxapex
|-supereffective|p1a: Toxapex
|-damage|p1a: Toxapex|50/100
|
|upkeep
|turn|23
|
|t:|1667520499
|switch|p1a: Rotom|Rotom-Wash|67/100 brn
|switch|p2a: Bolt|Zapdos|44/100
|
|-heal|p1a: Rotom|72/100 brn|[from] item: Leftovers
|-damage|p1a: Rotom|67/100 brn|[from] brn
|upkeep
|turn|24
|
|t:|1667520510
|move|p2a: Bolt|Roost|p2a: Bolt
|-heal|p2a: Bolt|94/100
|-singleturn|p2a: Bolt|move: Roost
|move|p1a: Rotom|Defog|p2a: Bolt
|-unboost|p2a: Bolt|evasion|1
|-sideend|p2: Steez Ibanez|Stealth Rock|[from] move: Defog|[of] p1a: Rotom
|-sideend|p1: wind current|Spikes|[from] move: Defog|[of] p1a: Rotom
|
|-heal|p1a: Rotom|72/100 brn|[from] item: Leftovers
|-damage|p1a: Rotom|67/100 brn|[from] brn
|upkeep
|turn|25
|
|t:|1667520516
|move|p2a: Bolt|Volt Switch|p1a: Rotom
|-damage|p1a: Rotom|44/100 brn
|
|t:|1667520519
|switch|p2a: Speedwagon|Weezing-Galar, M|100/100|[from]move: Volt Switch
|move|p1a: Rotom|Volt Switch|p2a: Speedwagon
|-crit|p2a: Speedwagon
|-damage|p2a: Speedwagon|49/100
|
|t:|1667520548
|switch|p1a: Dragapult|Dragapult, F|88/100|[from]move: Volt Switch
|
|-heal|p2a: Speedwagon|55/100|[from] item: Black Sludge
|upkeep
|turn|26
|
|t:|1667520553
|switch|p2a: Gary|Gastrodon-East, M, shiny|83/100
|move|p1a: Dragapult|Shadow Ball|p2a: Gary
|-damage|p2a: Gary|51/100
|-unboost|p2a: Gary|spd|1
|
|upkeep
|turn|27
|
|t:|1667520560
|switch|p2a: Speedwagon|Weezing-Galar, M|55/100
|move|p1a: Dragapult|Shadow Ball|p2a: Speedwagon
|-damage|p2a: Speedwagon|0 fnt
|faint|p2a: Speedwagon
|
|upkeep
|
|t:|1667520561
|switch|p2a: Gary|Gastrodon-East, M, shiny|51/100
|turn|28
|
|t:|1667520567
|move|p1a: Dragapult|Shadow Ball|p2a: Gary
|-damage|p2a: Gary|16/100
|move|p2a: Gary|Recover|p2a: Gary
|-heal|p2a: Gary|66/100
|
|upkeep
|turn|29
|
|t:|1667520572
|move|p1a: Dragapult|Shadow Ball|p2a: Gary
|-damage|p2a: Gary|30/100
|move|p2a: Gary|Recover|p2a: Gary
|-heal|p2a: Gary|80/100
|
|upkeep
|turn|30
|c| scarfedai|gastro eat moment
|
|t:|1667520586
|switch|p1a: Toxapex|Toxapex, F|84/100
|move|p2a: Gary|Scald|p1a: Toxapex
|-resisted|p1a: Toxapex
|-damage|p1a: Toxapex|73/100
|-status|p1a: Toxapex|brn
|
|-damage|p1a: Toxapex|67/100 brn|[from] brn
|upkeep
|turn|31
|
|t:|1667520593
|switch|p2a: Bolt|Zapdos|94/100
|move|p1a: Toxapex|Toxic Spikes|p2a: Bolt
|-sidestart|p2: Steez Ibanez|move: Toxic Spikes
|
|-damage|p1a: Toxapex|60/100 brn|[from] brn
|upkeep
|turn|32
|j| Mel0nL0rd
|
|t:|1667520616
|switch|p1a: Heatran|Heatran, F|82/100
|move|p2a: Bolt|Volt Switch|p1a: Heatran
|-damage|p1a: Heatran|62/100
|
|t:|1667520621
|switch|p2a: Gary|Gastrodon-East, M, shiny|80/100|[from]move: Volt Switch
|
|-heal|p1a: Heatran|68/100|[from] item: Leftovers
|upkeep
|turn|33
|j|@SetsuStsna
|inactive|wind current has 120 seconds left.
|
|t:|1667520664
|switch|p1a: Rotom|Rotom-Wash|44/100 brn
|move|p2a: Gary|Earthquake|p1a: Rotom
|-immune|p1a: Rotom|[from] ability: Levitate
|
|-heal|p1a: Rotom|50/100 brn|[from] item: Leftovers
|-damage|p1a: Rotom|44/100 brn|[from] brn
|upkeep
|turn|34
|
|t:|1667520667
|switch|p2a: Bolt|Zapdos|94/100
|move|p1a: Rotom|Will-O-Wisp|p2a: Bolt
|-status|p2a: Bolt|brn
|
|-heal|p1a: Rotom|50/100 brn|[from] item: Leftovers
|-damage|p2a: Bolt|88/100 brn|[from] brn
|-damage|p1a: Rotom|44/100 brn|[from] brn
|upkeep
|turn|35
|inactive|wind current has 120 seconds left.
|
|t:|1667520685
|switch|p1a: Toxapex|Toxapex, F|94/100 brn
|move|p2a: Bolt|Volt Switch|p1a: Toxapex
|-supereffective|p1a: Toxapex
|-damage|p1a: Toxapex|46/100 brn
|
|t:|1667520689
|switch|p2a: Jotaro|Zeraora|100/100|[from]move: Volt Switch
|
|-damage|p1a: Toxapex|39/100 brn|[from] brn
|upkeep
|turn|36
|inactive|wind current has 120 seconds left.
|
|t:|1667520711
|move|p2a: Jotaro|Plasma Fists|p1a: Toxapex
|-supereffective|p1a: Toxapex
|-damage|p1a: Toxapex|0 fnt
|-fieldactivate|move: Ion Deluge
|-hint|Normal-type moves become Electric-type after using Plasma Fists.
|faint|p1a: Toxapex
|
|upkeep
|
|t:|1667520718
|switch|p1a: Landorus|Landorus-Therian, M|55/100
|-ability|p1a: Landorus|Intimidate|boost
|-unboost|p2a: Jotaro|atk|1
|turn|37
|c| BigWes95|Damn this gastro walls you
|
|t:|1667520725
|move|p2a: Jotaro|Taunt|p1a: Landorus
|-start|p1a: Landorus|move: Taunt
|cant|p1a: Landorus|move: Taunt|Stealth Rock
|
|upkeep
|turn|38
|
|t:|1667520730
|switch|p2a: Bolt|Zapdos|88/100 brn
|move|p1a: Landorus|U-turn|p2a: Bolt
|-resisted|p2a: Bolt
|-damage|p2a: Bolt|80/100 brn
|-status|p1a: Landorus|par|[from] ability: Static|[of] p2a: Bolt
|
|t:|1667520733
|switch|p1a: Dragapult|Dragapult, F|88/100|[from]move: U-turn
|
|-damage|p2a: Bolt|74/100 brn|[from] brn
|upkeep
|turn|39
|
|t:|1667520748
|switch|p2a: Gary|Gastrodon-East, M, shiny|80/100
|move|p1a: Dragapult|Draco Meteor|p2a: Gary
|-damage|p2a: Gary|27/100
|-unboost|p1a: Dragapult|spa|2
|
|upkeep
|turn|40
|
|t:|1667520754
|switch|p2a: Bolt|Zapdos|74/100 brn
|move|p1a: Dragapult|Draco Meteor|p2a: Bolt
|-damage|p2a: Bolt|32/100 brn
|-unboost|p1a: Dragapult|spa|2
|
|-damage|p2a: Bolt|26/100 brn|[from] brn
|upkeep
|turn|41
|
|t:|1667520768
|switch|p1a: Heatran|Heatran, F|68/100
|move|p2a: Bolt|Roost|p2a: Bolt
|-heal|p2a: Bolt|76/100 brn
|-singleturn|p2a: Bolt|move: Roost
|
|-heal|p1a: Heatran|74/100|[from] item: Leftovers
|-damage|p2a: Bolt|70/100 brn|[from] brn
|upkeep
|turn|42
|
|t:|1667520777
|move|p2a: Bolt|Volt Switch|p1a: Heatran
|-damage|p1a: Heatran|55/100
|
|t:|1667520779
|switch|p2a: Jotaro|Zeraora|100/100|[from]move: Volt Switch
|move|p1a: Heatran|Magma Storm|p2a: Jotaro
|-damage|p2a: Jotaro|43/100
|-activate|p2a: Jotaro|move: Magma Storm|[of] p1a: Heatran
|
|-heal|p1a: Heatran|61/100|[from] item: Leftovers
|-damage|p2a: Jotaro|30/100|[from] move: Magma Storm|[partiallytrapped]
|upkeep
|turn|43
|
|t:|1667520802
|switch|p1a: Rotom|Rotom-Wash|44/100 brn
|move|p2a: Jotaro|Close Combat|p1a: Rotom
|-damage|p1a: Rotom|0 fnt
|-unboost|p2a: Jotaro|def|1
|-unboost|p2a: Jotaro|spd|1
|faint|p1a: Rotom
|
|-end|p2a: Jotaro|Magma Storm|[partiallytrapped]|[silent]
|upkeep
|
|t:|1667520808
|switch|p1a: Landorus|Landorus-Therian, M|55/100 par
|-ability|p1a: Landorus|Intimidate|boost
|-unboost|p2a: Jotaro|atk|1
|turn|44
|
|t:|1667520814
|move|p2a: Jotaro|Knock Off|p1a: Landorus
|-damage|p1a: Landorus|41/100 par
|move|p1a: Landorus|U-turn|p2a: Jotaro
|-damage|p2a: Jotaro|0 fnt
|faint|p2a: Jotaro
|c|☆wind current|i think i win if no paras
|
|t:|1667520826
|switch|p1a: Dragapult|Dragapult, F|88/100|[from]move: U-turn
|
|upkeep
|
|t:|1667520841
|switch|p2a: Bolt|Zapdos|70/100 brn
|turn|45
|c| BigWes95|For sure
|
|t:|1667520844
|move|p1a: Dragapult|Shadow Ball|p2a: Bolt
|-damage|p2a: Bolt|17/100 brn
|-unboost|p2a: Bolt|spd|1
|move|p2a: Bolt|Roost|p2a: Bolt
|-heal|p2a: Bolt|67/100 brn
|-singleturn|p2a: Bolt|move: Roost
|
|-damage|p2a: Bolt|61/100 brn|[from] brn
|upkeep
|turn|46
|c|☆wind current|gg
|c| BigWes95|He messed up bringing gastro in on the draco
|j| 228i996
|c| BigWes95|Gratz wind
|c|☆wind current|yea
|c|☆wind current|thank you
|
|t:|1667520863
|move|p1a: Dragapult|Shadow Ball|p2a: Bolt
|-damage|p2a: Bolt|0 fnt
|faint|p2a: Bolt
|
|upkeep
|
|t:|1667520867
|switch|p2a: Gary|Gastrodon-East, M, shiny|27/100
|turn|47
|c|☆Steez Ibanez|Hows that a mess up
|c|☆Steez Ibanez|he played well
|c|☆Steez Ibanez|if i lose the zap i lose to lando
|c| BigWes95|It was too low to bring in there
|c|☆Steez Ibanez|if i lost the gastro i lost to pult
|inactive|Steez Ibanez has 120 seconds left.
|
|t:|1667520904
|move|p1a: Dragapult|Shadow Ball|p2a: Gary
|-damage|p2a: Gary|0 fnt
|faint|p2a: Gary
|
|win|wind current
|n|☆wind current|windcurrent
|n|☆Steez Ibanez|steezibanez
|n| Zombini62|zombini62
|n| BigWes95|bigwes95
|n| Her Loss SZN|herlossszn
|n| scarfedai|scarfedai
|n| PkmnMasterEclipse|pkmnmastereclipse
|n| Unviabriel|unviabriel
|n| Aftx|aftx
|n| Mel0nL0rd|mel0nl0rd
|n| SetsuStsna|setsustsna
|n| 228i996|228i996
