|raw|<div class="broadcast-blue"><strong>This battle is required to be public due to a player having a name starting with 'lt81yl'.</div>
|j|☆LT81YL Manolo
|j|☆BestixL
|t:|1625529035
|gametype|singles
|player|p1|LT81YL Manolo|winona|1862
|player|p2|BestixL|262|1962
|teamsize|p1|6
|teamsize|p2|6
|gen|8
|tier|[Gen 8] OU
|rated|
|rule|Sleep Clause Mod: Limit one foe put to sleep
|rule|Species Clause: Limit one of each Pokémon
|rule|OHKO Clause: OHKO moves are banned
|rule|Evasion Moves Clause: Evasion moves are banned
|rule|Endless Battle Clause: Forcing endless battles is banned
|rule|HP Percentage Mod: HP is shown in percentages
|rule|Dynamax Clause: You cannot dynamax
|clearpoke
|poke|p1|Keldeo|
|poke|p1|Toxapex, M|
|poke|p1|Landorus-Therian, M|
|poke|p1|Dragonite, F|
|poke|p1|Ferrothorn, F|
|poke|p1|Weavile, F|
|poke|p2|Tornadus-Therian, M|
|poke|p2|Heatran, F|
|poke|p2|Tapu Fini|
|poke|p2|Hippowdon, M|
|poke|p2|Corviknight, F|
|poke|p2|Clefable, F|
|teampreview
|c|☆LT81YL Manolo|sabia
|j| Kawale
|c|☆LT81YL Manolo|que me iba a tocar
|j| OPT NU
|j| MangoStyle
|j| IamFakee
|c|☆LT81YL Manolo|con este gordo
|j| MercBla
|c|☆LT81YL Manolo|bueno juguemos en serio
|j| justamente
|c|☆BestixL|yo estoy probando teams para ruby
|j| The Womandolorian
|j| bear in a man suit
|j| LT81YL Empo
|j| regnite ◕‿◕
|c|☆BestixL|mira el tema que encontre broo
|j| SpookyZ
|c|☆LT81YL Manolo|pasa
|j| J'ai wish
|c|☆BestixL|https://www.youtube.com/watch?v=GiyHOjlc4tg&list=RDGiyHOjlc4tg&index=1
|j| LT81YL YKOMASTAR
|l| LT81YL YKOMASTAR
|c|☆BestixL|es perfecto para laddear
|j| LT81YL Storm
|c|☆BestixL|a que si?
|j| Majin Mew
|c|☆LT81YL Manolo|a ver
|j| Uyhbbhg
|c|☆LT81YL Manolo|wait
|l| LT81YL Empo
|j| i lik9 cats
|c|☆LT81YL Manolo|uuf
|j| barryshambles
|l| The Womandolorian
|j| tigers jaw
|c|☆LT81YL Manolo|la verdad esta bueno
|j| Zoro666
|j| jptmane
|j| Ashkabash
|j| piled
|c|☆BestixL|verdad?
|
|t:|1625529144
|start
|switch|p1a: Toxapex|Toxapex, M|100/100
|switch|p2a: Heatran|Heatran, F|100/100
|turn|1
|inactive|Battle timer is ON: inactive players will automatically lose when time's up. (requested by LT81YL Manolo)
|
|t:|1625529150
|switch|p2a: Tornadus|Tornadus-Therian, M|100/100
|switch|p1a: Dragonite|Dragonite, F|100/100
|
|upkeep
|turn|2
|
|t:|1625529152
|switch|p1a: Toxapex|Toxapex, M|100/100
|move|p2a: Tornadus|Knock Off|p1a: Toxapex
|-damage|p1a: Toxapex|84/100
|-enditem|p1a: Toxapex|Black Sludge|[from] move: Knock Off|[of] p2a: Tornadus
|
|upkeep
|turn|3
|j| Gkenfvhgg4
|
|t:|1625529155
|move|p2a: Tornadus|U-turn|p1a: Toxapex
|-resisted|p1a: Toxapex
|-damage|p1a: Toxapex|78/100
|
|t:|1625529163
|switch|p2a: Clefable|Clefable, F|100/100|[from]move: U-turn
|move|p1a: Toxapex|Scald|p2a: Clefable
|-damage|p2a: Clefable|85/100
|
|upkeep
|turn|4
|
|t:|1625529169
|switch|p2a: Tornadus|Tornadus-Therian, M|100/100
|move|p1a: Toxapex|Recover|p1a: Toxapex
|-heal|p1a: Toxapex|100/100
|
|upkeep
|turn|5
|
|t:|1625529171
|move|p2a: Tornadus|Heat Wave|p1a: Toxapex
|-resisted|p1a: Toxapex
|-damage|p1a: Toxapex|92/100
|move|p1a: Toxapex|Toxic Spikes|p2a: Tornadus
|-sidestart|p2: BestixL|move: Toxic Spikes
|
|upkeep
|turn|6
|j| LT81YL LEJER
|j| Okayu supremacy
|
|t:|1625529177
|move|p2a: Tornadus|Heat Wave|p1a: Toxapex
|-resisted|p1a: Toxapex
|-damage|p1a: Toxapex|84/100
|move|p1a: Toxapex|Scald|p2a: Tornadus
|-damage|p2a: Tornadus|84/100
|
|upkeep
|turn|7
|j| Old ways new women
|
|t:|1625529181
|move|p2a: Tornadus|Heat Wave|p1a: Toxapex|[miss]
|-miss|p2a: Tornadus|p1a: Toxapex
|move|p1a: Toxapex|Scald|p2a: Tornadus
|-damage|p2a: Tornadus|69/100
|-status|p2a: Tornadus|brn
|
|-damage|p2a: Tornadus|63/100 brn|[from] brn
|upkeep
|turn|8
|
|t:|1625529185
|move|p2a: Tornadus|Heat Wave|p1a: Toxapex
|-resisted|p1a: Toxapex
|-damage|p1a: Toxapex|77/100
|-status|p1a: Toxapex|brn
|move|p1a: Toxapex|Scald|p2a: Tornadus
|-damage|p2a: Tornadus|48/100 brn
|
|-damage|p2a: Tornadus|41/100 brn|[from] brn
|-damage|p1a: Toxapex|71/100 brn|[from] brn
|upkeep
|turn|9
|j| deansolomid
|
|t:|1625529190
|move|p2a: Tornadus|U-turn|p1a: Toxapex
|-resisted|p1a: Toxapex
|-damage|p1a: Toxapex|68/100 brn
|
|t:|1625529196
|switch|p2a: Clefable|Clefable, F|85/100|[from]move: U-turn
|-status|p2a: Clefable|psn
|move|p1a: Toxapex|Scald|p2a: Clefable
|-damage|p2a: Clefable|68/100 psn
|
|-damage|p1a: Toxapex|62/100 brn|[from] brn
|upkeep
|turn|10
|
|t:|1625529200
|switch|p1a: Ferrothorn|Ferrothorn, F|100/100
|move|p2a: Clefable|Soft-Boiled|p2a: Clefable
|-heal|p2a: Clefable|100/100 psn
|
|upkeep
|turn|11
|
|t:|1625529204
|switch|p2a: Corviknight|Corviknight, F|100/100
|-ability|p2a: Corviknight|Pressure
|move|p1a: Ferrothorn|Knock Off|p2a: Corviknight
|-damage|p2a: Corviknight|87/100
|-enditem|p2a: Corviknight|Leftovers|[from] move: Knock Off|[of] p1a: Ferrothorn
|
|upkeep
|turn|12
|
|t:|1625529206
|move|p2a: Corviknight|Defog|p1a: Ferrothorn
|-unboost|p1a: Ferrothorn|evasion|1
|-sideend|p2: BestixL|Toxic Spikes|[from] move: Defog|[of] p2a: Corviknight
|move|p1a: Ferrothorn|Leech Seed|p2a: Corviknight
|-start|p2a: Corviknight|move: Leech Seed
|
|-damage|p2a: Corviknight|75/100|[from] Leech Seed|[of] p1a: Ferrothorn
|upkeep
|turn|13
|
|t:|1625529209
|move|p2a: Corviknight|Iron Defense|p2a: Corviknight
|-boost|p2a: Corviknight|def|2
|move|p1a: Ferrothorn|Stealth Rock|p2a: Corviknight
|-sidestart|p2: BestixL|move: Stealth Rock
|
|-damage|p2a: Corviknight|63/100|[from] Leech Seed|[of] p1a: Ferrothorn
|upkeep
|turn|14
|j| LT81YL SW
|j| LT81YL JHONX
|
|t:|1625529218
|switch|p2a: Tornadus|Tornadus-Therian, M|75/100 brn
|switch|p1a: Keldeo|Keldeo|100/100
|
|-damage|p2a: Tornadus|69/100 brn|[from] brn
|upkeep
|turn|15
|j| LT81YL EMPIR3
|c| LT81YL JHONX|Le quite 30 puntos a EMPIRE
|c| LT81YL JHONX|bro
|n| lt81yl spooky|spookyz
|l| LT81YL EMPIR3
|c| LT81YL JHONX|tuve suerte si sad
|c| Okayu supremacy|Manolo
|c| Okayu supremacy|https://pokepast.es/10091de489b3678f
|c|☆LT81YL Manolo|y eso que  viene ahora
|c| Okayu supremacy|Specs timid zone
|c|☆LT81YL Manolo|pero bea
|c|☆BestixL|jhonx quieres dejar de hablar en mis juegos
|c|☆LT81YL Manolo|por aqui no
|c|☆LT81YL Manolo|joder
|inactive|LT81YL Manolo has 120 seconds left.
|
|t:|1625529255
|switch|p1a: Toxapex|Toxapex, M|95/100 brn
|move|p2a: Tornadus|Toxic||[still]
|-fail|p2a: Tornadus
|
|-damage|p2a: Tornadus|63/100 brn|[from] brn
|-damage|p1a: Toxapex|89/100 brn|[from] brn
|upkeep
|turn|16
|j| eebsofresh
|inactive|LT81YL Manolo has 120 seconds left.
|c|☆LT81YL Manolo|no hurri
|c|☆LT81YL Manolo|joder
|c|☆LT81YL Manolo|que bien esto
|
|t:|1625529282
|move|p2a: Tornadus|U-turn|p1a: Toxapex
|-resisted|p1a: Toxapex
|-damage|p1a: Toxapex|86/100 brn
|l| justamente
|
|t:|1625529296
|switch|p2a: Clefable|Clefable, F|100/100 psn|[from]move: U-turn
|move|p1a: Toxapex|Scald|p2a: Clefable
|-crit|p2a: Clefable
|-damage|p2a: Clefable|75/100 psn
|
|-damage|p1a: Toxapex|80/100 brn|[from] brn
|upkeep
|turn|17
|j| justamente
|l| jptmane
|
|t:|1625529308
|switch|p1a: Ferrothorn|Ferrothorn, F|100/100
|move|p2a: Clefable|Soft-Boiled|p2a: Clefable
|-heal|p2a: Clefable|100/100 psn
|
|upkeep
|turn|18
|
|t:|1625529318
|move|p2a: Clefable|Calm Mind|p2a: Clefable
|-boost|p2a: Clefable|spa|1
|-boost|p2a: Clefable|spd|1
|move|p1a: Ferrothorn|Leech Seed|p2a: Clefable
|-start|p2a: Clefable|move: Leech Seed
|
|upkeep
|turn|19
|
|t:|1625529321
|move|p2a: Clefable|Calm Mind|p2a: Clefable
|-boost|p2a: Clefable|spa|1
|-boost|p2a: Clefable|spd|1
|move|p1a: Ferrothorn|Knock Off|p2a: Clefable
|-resisted|p2a: Clefable
|-damage|p2a: Clefable|92/100 psn
|-enditem|p2a: Clefable|Life Orb|[from] move: Knock Off|[of] p1a: Ferrothorn
|
|upkeep
|turn|20
|
|t:|1625529324
|move|p2a: Clefable|Calm Mind|p2a: Clefable
|-boost|p2a: Clefable|spa|1
|-boost|p2a: Clefable|spd|1
|move|p1a: Ferrothorn|Iron Head|p2a: Clefable
|-supereffective|p2a: Clefable
|-damage|p2a: Clefable|49/100 psn
|
|upkeep
|turn|21
|
|t:|1625529330
|move|p2a: Clefable|Soft-Boiled|p2a: Clefable
|-heal|p2a: Clefable|99/100 psn
|move|p1a: Ferrothorn|Iron Head|p2a: Clefable
|-supereffective|p2a: Clefable
|-damage|p2a: Clefable|58/100 psn
|
|upkeep
|turn|22
|
|t:|1625529332
|move|p2a: Clefable|Soft-Boiled|p2a: Clefable
|-heal|p2a: Clefable|100/100 psn
|move|p1a: Ferrothorn|Iron Head|p2a: Clefable
|-supereffective|p2a: Clefable
|-damage|p2a: Clefable|57/100 psn
|
|upkeep
|turn|23
|
|t:|1625529346
|switch|p2a: Corviknight|Corviknight, F|63/100
|-damage|p2a: Corviknight|50/100|[from] Stealth Rock
|-ability|p2a: Corviknight|Pressure
|move|p1a: Ferrothorn|Iron Head|p2a: Corviknight
|-resisted|p2a: Corviknight
|-damage|p2a: Corviknight|43/100
|
|upkeep
|turn|24
|
|t:|1625529349
|switch|p1a: Keldeo|Keldeo|100/100
|move|p2a: Corviknight|Roost|p2a: Corviknight
|-heal|p2a: Corviknight|93/100
|-singleturn|p2a: Corviknight|move: Roost
|
|upkeep
|turn|25
|j| kisian
|inactive|BestixL has 120 seconds left.
|l| OPT NU
|l| Zoro666
|inactive|BestixL has 90 seconds left.
|j| H.M.N.I.P
|j| LT81YL Ruby
|l| Uyhbbhg
|j| LT81YL John
|inactive|BestixL has 60 seconds left.
|
|t:|1625529454
|move|p1a: Keldeo|Scald|p2a: Corviknight
|-damage|p2a: Corviknight|50/100
|move|p2a: Corviknight|Defog|p1a: Keldeo
|-unboost|p1a: Keldeo|evasion|1
|-sideend|p2: BestixL|Stealth Rock|[from] move: Defog|[of] p2a: Corviknight
|
|upkeep
|turn|26
|
|t:|1625529461
|switch|p2a: Tornadus|Tornadus-Therian, M|96/100 brn
|move|p1a: Keldeo|Taunt|p2a: Tornadus
|-start|p2a: Tornadus|move: Taunt
|
|-damage|p2a: Tornadus|90/100 brn|[from] brn
|upkeep
|turn|27
|
|t:|1625529466
|switch|p1a: Toxapex|Toxapex, M|100/100 brn
|move|p2a: Tornadus|U-turn|p1a: Toxapex
|-resisted|p1a: Toxapex
|-damage|p1a: Toxapex|98/100 brn
|
|t:|1625529477
|switch|p2a: Heatran|Heatran, F|100/100|[from]move: U-turn
|
|-damage|p1a: Toxapex|92/100 brn|[from] brn
|upkeep
|turn|28
|
|t:|1625529480
|switch|p1a: Dragonite|Dragonite, F|100/100
|move|p2a: Heatran|Magma Storm|p1a: Dragonite
|-resisted|p1a: Dragonite
|-damage|p1a: Dragonite|94/100
|-activate|p1a: Dragonite|move: Magma Storm|[of] p2a: Heatran
|
|-damage|p1a: Dragonite|81/100|[from] move: Magma Storm|[partiallytrapped]
|upkeep
|turn|29
|
|t:|1625529486
|switch|p2a: Hippowdon|Hippowdon, M|100/100
|-weather|Sandstorm|[from] ability: Sand Stream|[of] p2a: Hippowdon
|move|p1a: Dragonite|Roost|p1a: Dragonite
|-heal|p1a: Dragonite|100/100
|-singleturn|p1a: Dragonite|move: Roost
|
|-weather|Sandstorm|[upkeep]
|-damage|p1a: Dragonite|94/100|[from] Sandstorm
|-end|p1a: Dragonite|Magma Storm|[partiallytrapped]|[silent]
|upkeep
|turn|30
|
|t:|1625529490
|switch|p1a: Ferrothorn|Ferrothorn, F|100/100
|move|p2a: Hippowdon|Stealth Rock|p1a: Ferrothorn
|-sidestart|p1: LT81YL Manolo|move: Stealth Rock
|
|-weather|Sandstorm|[upkeep]
|upkeep
|turn|31
|
|t:|1625529493
|switch|p2a: Corviknight|Corviknight, F|50/100
|-ability|p2a: Corviknight|Pressure
|move|p1a: Ferrothorn|Stealth Rock|p2a: Corviknight
|-sidestart|p2: BestixL|move: Stealth Rock
|
|-weather|Sandstorm|[upkeep]
|upkeep
|turn|32
|
|t:|1625529498
|move|p2a: Corviknight|Roost|p2a: Corviknight
|-heal|p2a: Corviknight|99/100
|-singleturn|p2a: Corviknight|move: Roost
|move|p1a: Ferrothorn|Leech Seed|p2a: Corviknight|[miss]
|-miss|p1a: Ferrothorn|p2a: Corviknight
|
|-weather|Sandstorm|[upkeep]
|upkeep
|turn|33
|
|t:|1625529500
|switch|p2a: Clefable|Clefable, F|57/100 psn
|switch|p1a: Toxapex|Toxapex, M|100/100 brn
|-damage|p1a: Toxapex|88/100 brn|[from] Stealth Rock
|
|-weather|none
|-damage|p1a: Toxapex|82/100 brn|[from] brn
|upkeep
|turn|34
|
|t:|1625529503
|move|p2a: Clefable|Soft-Boiled|p2a: Clefable
|-heal|p2a: Clefable|100/100 psn
|move|p1a: Toxapex|Toxic Spikes|p2a: Clefable
|-sidestart|p2: BestixL|move: Toxic Spikes
|
|-damage|p1a: Toxapex|75/100 brn|[from] brn
|upkeep
|turn|35
|
|t:|1625529508
|switch|p2a: Tornadus|Tornadus-Therian, M|100/100 brn
|switch|p1a: Ferrothorn|Ferrothorn, F|100/100
|-damage|p1a: Ferrothorn|94/100|[from] Stealth Rock
|
|-heal|p1a: Ferrothorn|100/100|[from] item: Leftovers
|-damage|p2a: Tornadus|94/100 brn|[from] brn
|upkeep
|turn|36
|
|t:|1625529513
|switch|p1a: Toxapex|Toxapex, M|100/100 brn
|-damage|p1a: Toxapex|88/100 brn|[from] Stealth Rock
|move|p2a: Tornadus|U-turn|p1a: Toxapex
|-resisted|p1a: Toxapex
|-damage|p1a: Toxapex|85/100 brn
|
|t:|1625529520
|switch|p2a: Clefable|Clefable, F|100/100 psn|[from]move: U-turn
|
|-damage|p1a: Toxapex|79/100 brn|[from] brn
|upkeep
|turn|37
|
|t:|1625529522
|switch|p2a: Tornadus|Tornadus-Therian, M|100/100 brn
|switch|p1a: Ferrothorn|Ferrothorn, F|100/100
|-damage|p1a: Ferrothorn|94/100|[from] Stealth Rock
|
|-heal|p1a: Ferrothorn|100/100|[from] item: Leftovers
|-damage|p2a: Tornadus|94/100 brn|[from] brn
|upkeep
|turn|38
|
|t:|1625529527
|switch|p1a: Toxapex|Toxapex, M|100/100 brn
|-damage|p1a: Toxapex|88/100 brn|[from] Stealth Rock
|move|p2a: Tornadus|U-turn|p1a: Toxapex
|-resisted|p1a: Toxapex
|-damage|p1a: Toxapex|85/100 brn
|
|t:|1625529529
|switch|p2a: Clefable|Clefable, F|100/100 psn|[from]move: U-turn
|
|-damage|p1a: Toxapex|79/100 brn|[from] brn
|upkeep
|turn|39
|
|t:|1625529531
|switch|p2a: Tornadus|Tornadus-Therian, M|100/100 brn
|switch|p1a: Ferrothorn|Ferrothorn, F|100/100
|-damage|p1a: Ferrothorn|94/100|[from] Stealth Rock
|
|-heal|p1a: Ferrothorn|100/100|[from] item: Leftovers
|-damage|p2a: Tornadus|94/100 brn|[from] brn
|upkeep
|turn|40
|
|t:|1625529535
|switch|p2a: Clefable|Clefable, F|100/100 psn
|switch|p1a: Toxapex|Toxapex, M|100/100 brn
|-damage|p1a: Toxapex|88/100 brn|[from] Stealth Rock
|
|-damage|p1a: Toxapex|82/100 brn|[from] brn
|upkeep
|turn|41
|c|☆LT81YL Manolo|epic game
|
|t:|1625529540
|switch|p2a: Tornadus|Tornadus-Therian, M|100/100 brn
|switch|p1a: Ferrothorn|Ferrothorn, F|100/100
|-damage|p1a: Ferrothorn|94/100|[from] Stealth Rock
|
|-heal|p1a: Ferrothorn|100/100|[from] item: Leftovers
|-damage|p2a: Tornadus|94/100 brn|[from] brn
|upkeep
|turn|42
|
|t:|1625529547
|switch|p1a: Toxapex|Toxapex, M|100/100 brn
|-damage|p1a: Toxapex|88/100 brn|[from] Stealth Rock
|move|p2a: Tornadus|U-turn|p1a: Toxapex
|-resisted|p1a: Toxapex
|-damage|p1a: Toxapex|85/100 brn
|
|t:|1625529555
|switch|p2a: Heatran|Heatran, F|100/100|[from]move: U-turn
|-damage|p2a: Heatran|88/100|[from] Stealth Rock
|
|-heal|p2a: Heatran|94/100|[from] item: Leftovers
|-damage|p1a: Toxapex|79/100 brn|[from] brn
|upkeep
|turn|43
|
|t:|1625529557
|switch|p1a: Dragonite|Dragonite, F|94/100
|move|p2a: Heatran|Magma Storm|p1a: Dragonite
|-resisted|p1a: Dragonite
|-damage|p1a: Dragonite|81/100
|-activate|p1a: Dragonite|move: Magma Storm|[of] p2a: Heatran
|
|-heal|p2a: Heatran|100/100|[from] item: Leftovers
|-damage|p1a: Dragonite|69/100|[from] move: Magma Storm|[partiallytrapped]
|upkeep
|turn|44
|
|t:|1625529569
|move|p1a: Dragonite|Roost|p1a: Dragonite
|-heal|p1a: Dragonite|100/100
|-singleturn|p1a: Dragonite|move: Roost
|move|p2a: Heatran|Taunt|p1a: Dragonite
|-start|p1a: Dragonite|move: Taunt
|
|-damage|p1a: Dragonite|88/100|[from] move: Magma Storm|[partiallytrapped]
|upkeep
|turn|45
|c|☆LT81YL Manolo|._:xD
|
|t:|1625529575
|switch|p2a: Tornadus|Tornadus-Therian, M|100/100 brn
|move|p1a: Dragonite|Ice Beam|p2a: Tornadus
|-supereffective|p2a: Tornadus
|-damage|p2a: Tornadus|64/100 brn
|
|-damage|p2a: Tornadus|58/100 brn|[from] brn
|-end|p1a: Dragonite|Magma Storm|[partiallytrapped]|[silent]
|upkeep
|turn|46
|
|t:|1625529580
|switch|p1a: Toxapex|Toxapex, M|100/100 brn
|-damage|p1a: Toxapex|88/100 brn|[from] Stealth Rock
|move|p2a: Tornadus|U-turn|p1a: Toxapex
|-resisted|p1a: Toxapex
|-damage|p1a: Toxapex|85/100 brn
|
|t:|1625529582
|switch|p2a: Clefable|Clefable, F|100/100 psn|[from]move: U-turn
|
|-damage|p1a: Toxapex|79/100 brn|[from] brn
|upkeep
|turn|47
|
|t:|1625529588
|switch|p2a: Tornadus|Tornadus-Therian, M|91/100 brn
|switch|p1a: Ferrothorn|Ferrothorn, F|100/100
|-damage|p1a: Ferrothorn|94/100|[from] Stealth Rock
|
|-heal|p1a: Ferrothorn|100/100|[from] item: Leftovers
|-damage|p2a: Tornadus|85/100 brn|[from] brn
|upkeep
|turn|48
|
|t:|1625529592
|switch|p2a: Clefable|Clefable, F|100/100 psn
|switch|p1a: Toxapex|Toxapex, M|100/100 brn
|-damage|p1a: Toxapex|88/100 brn|[from] Stealth Rock
|
|-damage|p1a: Toxapex|82/100 brn|[from] brn
|upkeep
|turn|49
|
|t:|1625529594
|switch|p2a: Tornadus|Tornadus-Therian, M|100/100 brn
|switch|p1a: Ferrothorn|Ferrothorn, F|100/100
|-damage|p1a: Ferrothorn|94/100|[from] Stealth Rock
|
|-heal|p1a: Ferrothorn|100/100|[from] item: Leftovers
|-damage|p2a: Tornadus|94/100 brn|[from] brn
|upkeep
|turn|50
|
|t:|1625529601
|switch|p1a: Toxapex|Toxapex, M|100/100 brn
|-damage|p1a: Toxapex|88/100 brn|[from] Stealth Rock
|move|p2a: Tornadus|U-turn|p1a: Toxapex
|-resisted|p1a: Toxapex
|-damage|p1a: Toxapex|85/100 brn
|
|t:|1625529605
|switch|p2a: Heatran|Heatran, F|100/100|[from]move: U-turn
|-damage|p2a: Heatran|88/100|[from] Stealth Rock
|
|-heal|p2a: Heatran|94/100|[from] item: Leftovers
|-damage|p1a: Toxapex|79/100 brn|[from] brn
|upkeep
|turn|51
|j| Lt81yl fusien
|l| Lt81yl fusien
|j| Lt81yl fusien
|l| Lt81yl fusien
|c| Okayu supremacy|Que putos pasivos son
|c| deansolomid|noob question, why wasn't tornadus effected by stealth rocks
|inactive|BestixL has 120 seconds left.
|j| Red Parade
|
|t:|1625529638
|switch|p2a: Clefable|Clefable, F|100/100 psn
|switch|p1a: Dragonite|Dragonite, F|88/100
|
|upkeep
|turn|52
|c|☆LT81YL Manolo|boots
|c| deansolomid|ooo
|
|t:|1625529644
|switch|p1a: Ferrothorn|Ferrothorn, F|100/100
|-damage|p1a: Ferrothorn|94/100|[from] Stealth Rock
|move|p2a: Clefable|Moonblast|p1a: Ferrothorn
|-resisted|p1a: Ferrothorn
|-damage|p1a: Ferrothorn|82/100
|
|-heal|p1a: Ferrothorn|88/100|[from] item: Leftovers
|upkeep
|turn|53
|
|t:|1625529651
|switch|p2a: Corviknight|Corviknight, F|99/100
|-damage|p2a: Corviknight|88/100|[from] Stealth Rock
|-ability|p2a: Corviknight|Pressure
|move|p1a: Ferrothorn|Iron Head|p2a: Corviknight
|-resisted|p2a: Corviknight
|-damage|p2a: Corviknight|80/100
|
|-heal|p1a: Ferrothorn|94/100|[from] item: Leftovers
|upkeep
|turn|54
|l| Red Parade
|
|t:|1625529657
|move|p2a: Corviknight|Roost|p2a: Corviknight
|-heal|p2a: Corviknight|100/100
|-singleturn|p2a: Corviknight|move: Roost
|move|p1a: Ferrothorn|Leech Seed|p2a: Corviknight
|-start|p2a: Corviknight|move: Leech Seed
|
|-heal|p1a: Ferrothorn|100/100|[from] item: Leftovers
|-damage|p2a: Corviknight|88/100|[from] Leech Seed|[of] p1a: Ferrothorn
|upkeep
|turn|55
|
|t:|1625529660
|switch|p2a: Tornadus|Tornadus-Therian, M|100/100 brn
|move|p1a: Ferrothorn|Knock Off|p2a: Tornadus
|-damage|p2a: Tornadus|77/100 brn
|-enditem|p2a: Tornadus|Heavy-Duty Boots|[from] move: Knock Off|[of] p1a: Ferrothorn
|
|-damage|p2a: Tornadus|71/100 brn|[from] brn
|upkeep
|turn|56
|c|☆LT81YL Manolo|avance
|c|☆LT81YL Manolo|oo
|
|t:|1625529666
|switch|p1a: Toxapex|Toxapex, M|100/100 brn
|-damage|p1a: Toxapex|88/100 brn|[from] Stealth Rock
|move|p2a: Tornadus|U-turn|p1a: Toxapex
|-resisted|p1a: Toxapex
|-damage|p1a: Toxapex|85/100 brn
|
|t:|1625529670
|switch|p2a: Clefable|Clefable, F|100/100 psn|[from]move: U-turn
|
|-damage|p1a: Toxapex|79/100 brn|[from] brn
|upkeep
|turn|57
|
|t:|1625529675
|switch|p1a: Ferrothorn|Ferrothorn, F|100/100
|-damage|p1a: Ferrothorn|94/100|[from] Stealth Rock
|move|p2a: Clefable|Calm Mind|p2a: Clefable
|-boost|p2a: Clefable|spa|1
|-boost|p2a: Clefable|spd|1
|
|-heal|p1a: Ferrothorn|100/100|[from] item: Leftovers
|upkeep
|turn|58
|l| LT81YL John
|
|t:|1625529680
|switch|p2a: Corviknight|Corviknight, F|88/100
|-damage|p2a: Corviknight|76/100|[from] Stealth Rock
|-ability|p2a: Corviknight|Pressure
|move|p1a: Ferrothorn|Knock Off|p2a: Corviknight
|-damage|p2a: Corviknight|66/100
|
|upkeep
|turn|59
|
|t:|1625529687
|switch|p1a: Toxapex|Toxapex, M|100/100 brn
|-damage|p1a: Toxapex|88/100 brn|[from] Stealth Rock
|move|p2a: Corviknight|Defog|p1a: Toxapex
|-unboost|p1a: Toxapex|evasion|1
|-sideend|p1: LT81YL Manolo|Stealth Rock|[from] move: Defog|[of] p2a: Corviknight
|-sideend|p2: BestixL|Toxic Spikes|[from] move: Defog|[of] p2a: Corviknight
|-sideend|p2: BestixL|Stealth Rock|[from] move: Defog|[of] p2a: Corviknight
|
|-damage|p1a: Toxapex|82/100 brn|[from] brn
|upkeep
|turn|60
|
|t:|1625529689
|switch|p2a: Tapu Fini|Tapu Fini|100/100
|-fieldstart|move: Misty Terrain|[from] ability: Misty Surge|[of] p2a: Tapu Fini
|move|p1a: Toxapex|Toxic Spikes|p2a: Tapu Fini
|-sidestart|p2: BestixL|move: Toxic Spikes
|
|-damage|p1a: Toxapex|75/100 brn|[from] brn
|upkeep
|turn|61
|
|t:|1625529696
|switch|p1a: Landorus|Landorus-Therian, M|100/100
|-ability|p1a: Landorus|Intimidate|boost
|-unboost|p2a: Tapu Fini|atk|1
|move|p2a: Tapu Fini|Calm Mind|p2a: Tapu Fini
|-boost|p2a: Tapu Fini|spa|1
|-boost|p2a: Tapu Fini|spd|1
|
|upkeep
|turn|62
|l| barryshambles
|
|t:|1625529701
|switch|p1a: Ferrothorn|Ferrothorn, F|100/100
|move|p2a: Tapu Fini|Scald|p1a: Ferrothorn
|-resisted|p1a: Ferrothorn
|-damage|p1a: Ferrothorn|86/100
|
|-heal|p1a: Ferrothorn|92/100|[from] item: Leftovers
|upkeep
|turn|63
|
|t:|1625529708
|switch|p2a: Corviknight|Corviknight, F|66/100
|-ability|p2a: Corviknight|Pressure
|move|p1a: Ferrothorn|Knock Off|p2a: Corviknight
|-damage|p2a: Corviknight|57/100
|
|-heal|p1a: Ferrothorn|99/100|[from] item: Leftovers
|upkeep
|turn|64
|
|t:|1625529714
|switch|p1a: Keldeo|Keldeo|100/100
|move|p2a: Corviknight|Roost|p2a: Corviknight
|-heal|p2a: Corviknight|100/100
|-singleturn|p2a: Corviknight|move: Roost
|
|-fieldend|Misty Terrain
|upkeep
|turn|65
|
|t:|1625529718
|move|p1a: Keldeo|Scald|p2a: Corviknight
|-damage|p2a: Corviknight|62/100
|move|p2a: Corviknight|Defog|p1a: Keldeo
|-unboost|p1a: Keldeo|evasion|1
|-sideend|p2: BestixL|Toxic Spikes|[from] move: Defog|[of] p2a: Corviknight
|
|upkeep
|turn|66
|
|t:|1625529723
|switch|p1a: Ferrothorn|Ferrothorn, F|99/100
|switch|p2a: Tornadus|Tornadus-Therian, M|100/100 brn
|
|-heal|p1a: Ferrothorn|100/100|[from] item: Leftovers
|-damage|p2a: Tornadus|94/100 brn|[from] brn
|upkeep
|turn|67
|
|t:|1625529726
|switch|p1a: Toxapex|Toxapex, M|100/100 brn
|move|p2a: Tornadus|U-turn|p1a: Toxapex
|-resisted|p1a: Toxapex
|-damage|p1a: Toxapex|98/100 brn
|
|t:|1625529729
|switch|p2a: Tapu Fini|Tapu Fini|100/100|[from]move: U-turn
|-fieldstart|move: Misty Terrain|[from] ability: Misty Surge|[of] p2a: Tapu Fini
|
|-damage|p1a: Toxapex|92/100 brn|[from] brn
|upkeep
|turn|68
|
|t:|1625529734
|move|p2a: Tapu Fini|Calm Mind|p2a: Tapu Fini
|-boost|p2a: Tapu Fini|spa|1
|-boost|p2a: Tapu Fini|spd|1
|move|p1a: Toxapex|Toxic Spikes|p2a: Tapu Fini
|-sidestart|p2: BestixL|move: Toxic Spikes
|
|-damage|p1a: Toxapex|85/100 brn|[from] brn
|upkeep
|turn|69
|
|t:|1625529742
|move|p2a: Tapu Fini|Scald|p1a: Toxapex
|-resisted|p1a: Toxapex
|-damage|p1a: Toxapex|72/100 brn
|move|p1a: Toxapex|Haze|p1a: Toxapex
|-clearallboost
|
|-damage|p1a: Toxapex|66/100 brn|[from] brn
|upkeep
|turn|70
|l| IamFakee
|
|t:|1625529745
|switch|p1a: Ferrothorn|Ferrothorn, F|100/100
|move|p2a: Tapu Fini|Calm Mind|p2a: Tapu Fini
|-boost|p2a: Tapu Fini|spa|1
|-boost|p2a: Tapu Fini|spd|1
|
|upkeep
|turn|71
|
|t:|1625529753
|switch|p2a: Tornadus|Tornadus-Therian, M|100/100 brn
|move|p1a: Ferrothorn|Leech Seed|p2a: Tornadus
|-start|p2a: Tornadus|move: Leech Seed
|
|-damage|p2a: Tornadus|88/100 brn|[from] Leech Seed|[of] p1a: Ferrothorn
|-damage|p2a: Tornadus|82/100 brn|[from] brn
|-fieldend|Misty Terrain
|upkeep
|turn|72
|
|t:|1625529758
|switch|p1a: Toxapex|Toxapex, M|99/100 brn
|move|p2a: Tornadus|U-turn|p1a: Toxapex
|-resisted|p1a: Toxapex
|-damage|p1a: Toxapex|96/100 brn
|
|t:|1625529762
|switch|p2a: Corviknight|Corviknight, F|62/100|[from]move: U-turn
|-ability|p2a: Corviknight|Pressure
|
|-damage|p1a: Toxapex|90/100 brn|[from] brn
|upkeep
|turn|73
|
|t:|1625529767
|switch|p2a: Heatran|Heatran, F|94/100
|move|p1a: Toxapex|Scald|p2a: Heatran
|-supereffective|p2a: Heatran
|-damage|p2a: Heatran|72/100
|
|-heal|p2a: Heatran|78/100|[from] item: Leftovers
|-damage|p1a: Toxapex|84/100 brn|[from] brn
|upkeep
|turn|74
|
|t:|1625529770
|switch|p2a: Corviknight|Corviknight, F|62/100
|-ability|p2a: Corviknight|Pressure
|switch|p1a: Dragonite|Dragonite, F|88/100
|
|upkeep
|turn|75
|
|t:|1625529772
|switch|p1a: Keldeo|Keldeo|100/100
|move|p2a: Corviknight|Defog|p1a: Keldeo
|-unboost|p1a: Keldeo|evasion|1
|-sideend|p2: BestixL|Toxic Spikes|[from] move: Defog|[of] p2a: Corviknight
|
|upkeep
|turn|76
|
|t:|1625529777
|switch|p1a: Ferrothorn|Ferrothorn, F|100/100
|switch|p2a: Tornadus|Tornadus-Therian, M|100/100 brn
|
|-damage|p2a: Tornadus|94/100 brn|[from] brn
|upkeep
|turn|77
|
|t:|1625529779
|switch|p1a: Toxapex|Toxapex, M|100/100 brn
|move|p2a: Tornadus|U-turn|p1a: Toxapex
|-resisted|p1a: Toxapex
|-damage|p1a: Toxapex|98/100 brn
|
|t:|1625529784
|switch|p2a: Hippowdon|Hippowdon, M|100/100|[from]move: U-turn
|-weather|Sandstorm|[from] ability: Sand Stream|[of] p2a: Hippowdon
|
|-weather|Sandstorm|[upkeep]
|-damage|p1a: Toxapex|92/100 brn|[from] Sandstorm
|-damage|p1a: Toxapex|85/100 brn|[from] brn
|upkeep
|turn|78
|
|t:|1625529788
|switch|p1a: Ferrothorn|Ferrothorn, F|100/100
|move|p2a: Hippowdon|Earthquake|p1a: Ferrothorn
|-damage|p1a: Ferrothorn|76/100
|
|-weather|Sandstorm|[upkeep]
|-heal|p1a: Ferrothorn|83/100|[from] item: Leftovers
|upkeep
|turn|79
|l| LT81YL JHONX
|c| Okayu supremacy|Raptor tienes suerte que aún no se da cuenta
|c|☆BestixL|lo se
|c|☆LT81YL Manolo|si bueno
|c|☆LT81YL Manolo|lleva ignifugo
|c|☆LT81YL Manolo|que esperas
|
|t:|1625529810
|move|p2a: Hippowdon|Stealth Rock|p1a: Ferrothorn
|-sidestart|p1: LT81YL Manolo|move: Stealth Rock
|move|p1a: Ferrothorn|Stealth Rock|p2a: Hippowdon
|-sidestart|p2: BestixL|move: Stealth Rock
|
|-weather|Sandstorm|[upkeep]
|-heal|p1a: Ferrothorn|89/100|[from] item: Leftovers
|upkeep
|turn|80
|
|t:|1625529816
|move|p2a: Hippowdon|Earthquake|p1a: Ferrothorn
|-damage|p1a: Ferrothorn|66/100
|move|p1a: Ferrothorn|Leech Seed|p2a: Hippowdon
|-start|p2a: Hippowdon|move: Leech Seed
|
|-weather|Sandstorm|[upkeep]
|-heal|p1a: Ferrothorn|72/100|[from] item: Leftovers
|-damage|p2a: Hippowdon|88/100|[from] Leech Seed|[of] p1a: Ferrothorn
|-heal|p1a: Ferrothorn|87/100|[silent]
|upkeep
|turn|81
|
|t:|1625529823
|switch|p2a: Corviknight|Corviknight, F|62/100
|-damage|p2a: Corviknight|50/100|[from] Stealth Rock
|-ability|p2a: Corviknight|Pressure
|move|p1a: Ferrothorn|Knock Off|p2a: Corviknight
|-damage|p2a: Corviknight|41/100
|
|-weather|none
|-heal|p1a: Ferrothorn|93/100|[from] item: Leftovers
|upkeep
|turn|82
|
|t:|1625529825
|switch|p1a: Keldeo|Keldeo|100/100
|-damage|p1a: Keldeo|94/100|[from] Stealth Rock
|move|p2a: Corviknight|Roost|p2a: Corviknight
|-heal|p2a: Corviknight|91/100
|-singleturn|p2a: Corviknight|move: Roost
|
|-heal|p1a: Keldeo|100/100|[from] item: Leftovers
|upkeep
|turn|83
|
|t:|1625529830
|switch|p2a: Tornadus|Tornadus-Therian, M|100/100 brn
|-damage|p2a: Tornadus|76/100 brn|[from] Stealth Rock
|move|p1a: Keldeo|Scald|p2a: Tornadus
|-damage|p2a: Tornadus|33/100 brn
|
|-damage|p2a: Tornadus|27/100 brn|[from] brn
|upkeep
|turn|84
|
|t:|1625529834
|switch|p1a: Toxapex|Toxapex, M|100/100 brn
|-damage|p1a: Toxapex|88/100 brn|[from] Stealth Rock
|move|p2a: Tornadus|U-turn|p1a: Toxapex
|-resisted|p1a: Toxapex
|-damage|p1a: Toxapex|85/100 brn
|
|t:|1625529839
|switch|p2a: Clefable|Clefable, F|100/100 psn|[from]move: U-turn
|
|-damage|p1a: Toxapex|79/100 brn|[from] brn
|upkeep
|turn|85
|
|t:|1625529842
|move|p2a: Clefable|Calm Mind|p2a: Clefable
|-boost|p2a: Clefable|spa|1
|-boost|p2a: Clefable|spd|1
|move|p1a: Toxapex|Toxic Spikes|p2a: Clefable
|-sidestart|p2: BestixL|move: Toxic Spikes
|
|-damage|p1a: Toxapex|73/100 brn|[from] brn
|upkeep
|turn|86
|
|t:|1625529848
|switch|p1a: Ferrothorn|Ferrothorn, F|93/100
|-damage|p1a: Ferrothorn|87/100|[from] Stealth Rock
|move|p2a: Clefable|Moonblast|p1a: Ferrothorn
|-resisted|p1a: Ferrothorn
|-damage|p1a: Ferrothorn|70/100
|
|-heal|p1a: Ferrothorn|76/100|[from] item: Leftovers
|upkeep
|turn|87
|
|t:|1625529854
|move|p2a: Clefable|Moonblast|p1a: Ferrothorn
|-resisted|p1a: Ferrothorn
|-damage|p1a: Ferrothorn|58/100
|move|p1a: Ferrothorn|Iron Head|p2a: Clefable
|-supereffective|p2a: Clefable
|-damage|p2a: Clefable|59/100 psn
|
|-heal|p1a: Ferrothorn|64/100|[from] item: Leftovers
|upkeep
|turn|88
|
|t:|1625529856
|switch|p2a: Corviknight|Corviknight, F|91/100
|-damage|p2a: Corviknight|78/100|[from] Stealth Rock
|-ability|p2a: Corviknight|Pressure
|move|p1a: Ferrothorn|Iron Head|p2a: Corviknight
|-resisted|p2a: Corviknight
|-damage|p2a: Corviknight|70/100
|
|-heal|p1a: Ferrothorn|70/100|[from] item: Leftovers
|upkeep
|turn|89
|l| tigers jaw
|j| LT81YL slainey
|
|t:|1625529862
|move|p2a: Corviknight|Defog|p1a: Ferrothorn
|-unboost|p1a: Ferrothorn|evasion|1
|-sideend|p1: LT81YL Manolo|Stealth Rock|[from] move: Defog|[of] p2a: Corviknight
|-sideend|p2: BestixL|Toxic Spikes|[from] move: Defog|[of] p2a: Corviknight
|-sideend|p2: BestixL|Stealth Rock|[from] move: Defog|[of] p2a: Corviknight
|move|p1a: Ferrothorn|Leech Seed|p2a: Corviknight
|-start|p2a: Corviknight|move: Leech Seed
|
|-heal|p1a: Ferrothorn|76/100|[from] item: Leftovers
|-damage|p2a: Corviknight|58/100|[from] Leech Seed|[of] p1a: Ferrothorn
|-heal|p1a: Ferrothorn|90/100|[silent]
|upkeep
|turn|90
|
|t:|1625529864
|move|p2a: Corviknight|Roost|p2a: Corviknight
|-heal|p2a: Corviknight|100/100
|-singleturn|p2a: Corviknight|move: Roost
|move|p1a: Ferrothorn|Stealth Rock|p2a: Corviknight
|-sidestart|p2: BestixL|move: Stealth Rock
|
|-heal|p1a: Ferrothorn|97/100|[from] item: Leftovers
|-damage|p2a: Corviknight|88/100|[from] Leech Seed|[of] p1a: Ferrothorn
|-heal|p1a: Ferrothorn|100/100|[silent]
|upkeep
|turn|91
|
|t:|1625529866
|switch|p1a: Toxapex|Toxapex, M|100/100 brn
|move|p2a: Corviknight|Defog|p1a: Toxapex
|-unboost|p1a: Toxapex|evasion|1
|-sideend|p2: BestixL|Stealth Rock|[from] move: Defog|[of] p2a: Corviknight
|
|-damage|p2a: Corviknight|76/100|[from] Leech Seed|[of] p1a: Toxapex
|-damage|p1a: Toxapex|94/100 brn|[from] brn
|upkeep
|turn|92
|
|t:|1625529870
|switch|p2a: Tornadus|Tornadus-Therian, M|60/100 brn
|move|p1a: Toxapex|Toxic Spikes|p2a: Tornadus
|-sidestart|p2: BestixL|move: Toxic Spikes
|
|-damage|p2a: Tornadus|54/100 brn|[from] brn
|-damage|p1a: Toxapex|88/100 brn|[from] brn
|upkeep
|turn|93
|l| LT81YL slainey
|
|t:|1625529874
|move|p2a: Tornadus|U-turn|p1a: Toxapex
|-resisted|p1a: Toxapex
|-damage|p1a: Toxapex|85/100 brn
|
|t:|1625529876
|switch|p2a: Clefable|Clefable, F|59/100 psn|[from]move: U-turn
|move|p1a: Toxapex|Scald|p2a: Clefable
|-damage|p2a: Clefable|42/100 psn
|
|-damage|p1a: Toxapex|79/100 brn|[from] brn
|upkeep
|turn|94
|
|t:|1625529879
|switch|p1a: Landorus|Landorus-Therian, M|100/100
|-ability|p1a: Landorus|Intimidate|boost
|-unboost|p2a: Clefable|atk|1
|move|p2a: Clefable|Soft-Boiled|p2a: Clefable
|-heal|p2a: Clefable|92/100 psn
|
|upkeep
|turn|95
|j| LT81YL John
|
|t:|1625529889
|switch|p2a: Heatran|Heatran, F|78/100
|move|p1a: Landorus|Swords Dance|p1a: Landorus
|-boost|p1a: Landorus|atk|2
|
|-heal|p2a: Heatran|84/100|[from] item: Leftovers
|upkeep
|turn|96
|
|t:|1625529900
|switch|p2a: Tornadus|Tornadus-Therian, M|87/100 brn
|move|p1a: Landorus|Substitute|p1a: Landorus
|-start|p1a: Landorus|Substitute
|-damage|p1a: Landorus|76/100
|
|-heal|p1a: Landorus|82/100|[from] item: Leftovers
|-damage|p2a: Tornadus|81/100 brn|[from] brn
|upkeep
|turn|97
|j| LT81YL Thirty Jan
|
|t:|1625529910
|switch|p2a: Hippowdon|Hippowdon, M|88/100
|-status|p2a: Hippowdon|psn
|-weather|Sandstorm|[from] ability: Sand Stream|[of] p2a: Hippowdon
|move|p1a: Landorus|Stone Edge|p2a: Hippowdon
|-resisted|p2a: Hippowdon
|-damage|p2a: Hippowdon|62/100 psn
|
|-weather|Sandstorm|[upkeep]
|-heal|p1a: Landorus|88/100|[from] item: Leftovers
|-heal|p2a: Hippowdon|69/100 psn|[from] item: Leftovers
|-damage|p2a: Hippowdon|56/100 psn|[from] psn
|upkeep
|turn|98
|l| LT81YL Thirty Jan
|
|t:|1625529913
|switch|p2a: Corviknight|Corviknight, F|76/100
|-ability|p2a: Corviknight|Pressure
|move|p1a: Landorus|Swords Dance|p1a: Landorus
|-boost|p1a: Landorus|atk|2
|
|-weather|Sandstorm|[upkeep]
|-heal|p1a: Landorus|94/100|[from] item: Leftovers
|upkeep
|turn|99
|
|t:|1625529917
|move|p1a: Landorus|Stone Edge|p2a: Corviknight
|-damage|p2a: Corviknight|14/100
|move|p2a: Corviknight|Iron Defense|p2a: Corviknight
|-boost|p2a: Corviknight|def|2
|
|-weather|Sandstorm|[upkeep]
|-heal|p1a: Landorus|100/100|[from] item: Leftovers
|upkeep
|turn|100
|
|t:|1625529921
|move|p1a: Landorus|Stone Edge|p2a: Corviknight
|-damage|p2a: Corviknight|0 fnt
|faint|p2a: Corviknight
|
|-weather|Sandstorm|[upkeep]
|upkeep
|c| LT81YL Ruby|ah bruh
|l| LT81YL Storm
|
|t:|1625529930
|switch|p2a: Tornadus|Tornadus-Therian, M|100/100 brn
|turn|101
|l| piled
|c|☆BestixL|ruby ur team sucks
|c| LT81YL Ruby|this landoT 6-0 my build
|c| LT81YL Ruby|na
|j| piled
|c| LT81YL Ruby|team is fair
|
|t:|1625529959
|move|p2a: Tornadus|Heat Wave|p1a: Landorus
|-end|p1a: Landorus|Substitute
|move|p1a: Landorus|Stone Edge|p2a: Tornadus
|-supereffective|p2a: Tornadus
|-damage|p2a: Tornadus|0 fnt
|faint|p2a: Tornadus
|
|-weather|none
|upkeep
|c| LT81YL Ruby|just sub lando is broken ass
|-message|BestixL forfeited.
|
|win|LT81YL Manolo
|raw|LT81YL Manolo's rating: 1862 &rarr; <strong>1888</strong><br />(+26 for winning)
|raw|BestixL's rating: 1962 &rarr; <strong>1936</strong><br />(-26 for losing)
|l| piled
|l| Ashkabash
|c|☆BestixL|gg
|l|☆LT81YL Manolo
|l| bear in a man suit
|l| i lik9 cats
|j|☆LT81YL Manolo
|player|p1|LT81YL Manolo|winona
|l| deansolomid
|l|☆BestixL
|l| LT81YL SW
|l| Old ways new women
|l| LT81YL Ruby
|j| LT81YL JHONX
|l| MercBla
|l| LT81YL LEJER
|l| regnite ◕‿◕
|l| Okayu supremacy
|l| Kawale
|l| eebsofresh
|j| aeeaeeeaaa
|j| LT81YL EMPIR3
|l| LT81YL EMPIR3
|l| LT81YL John
