|j|☆LuisJardim
|j|☆ty-tyui↻
|t:|1667525020
|gametype|singles
|player|p1|LuisJardim|n|1552
|player|p2|ty-tyui↻|surfer|1705
|teamsize|p1|6
|teamsize|p2|6
|gen|8
|tier|[Gen 8] OU
|rated|
|rule|Sleep Clause Mod: Limit one foe put to sleep
|rule|Species Clause: Limit one of each Pokémon
|rule|OHKO Clause: OHKO moves are banned
|rule|Evasion Items Clause: Evasion items are banned
|rule|Evasion Moves Clause: Evasion moves are banned
|rule|Endless Battle Clause: Forcing endless battles is banned
|rule|HP Percentage Mod: HP is shown in percentages
|rule|Dynamax Clause: You cannot dynamax
|clearpoke
|poke|p1|Kartana|
|poke|p1|Tyranitar, M|
|poke|p1|Landorus-Therian, M|
|poke|p1|Buzzwole|
|poke|p1|Slowking-Galar, M|
|poke|p1|Rotom-Wash|
|poke|p2|Rillaboom, F|
|poke|p2|Zeraora|
|poke|p2|Slowbro, F|
|poke|p2|Landorus-Therian, M|
|poke|p2|Weavile, M|
|poke|p2|Heatran, M|
|teampreview
|inactive|Battle timer is ON: inactive players will automatically lose when time's up. (requested by LuisJardim)
|
|t:|1667525039
|start
|switch|p1a: Rotom|Rotom-Wash, shiny|100/100
|switch|p2a: Rillaboom|Rillaboom, F|100/100
|-fieldstart|move: Grassy Terrain|[from] ability: Grassy Surge|[of] p2a: Rillaboom
|turn|1
|
|t:|1667525050
|switch|p1a: Buzzwole|Buzzwole, shiny|100/100
|move|p2a: Rillaboom|U-turn|p1a: Buzzwole
|-resisted|p1a: Buzzwole
|-damage|p1a: Buzzwole|87/100
|
|t:|1667525056
|switch|p2a: Slowbro|Slowbro, F|100/100|[from]move: U-turn
|
|-heal|p1a: Buzzwole|93/100|[from] Grassy Terrain
|upkeep
|turn|2
|
|t:|1667525063
|move|p1a: Buzzwole|Leech Life|p2a: Slowbro
|-supereffective|p2a: Slowbro
|-damage|p2a: Slowbro|21/100
|-heal|p1a: Buzzwole|100/100|[from] drain|[of] p2a: Slowbro
|move|p2a: Slowbro|Future Sight|p1a: Buzzwole
|-start|p2a: Slowbro|move: Future Sight
|
|-heal|p2a: Slowbro|27/100|[from] Grassy Terrain
|upkeep
|turn|3
|
|t:|1667525072
|switch|p2a: Heatran|Heatran, M|100/100
|move|p1a: Buzzwole|Leech Life|p2a: Heatran
|-resisted|p2a: Heatran
|-damage|p2a: Heatran|91/100
|-status|p1a: Buzzwole|brn|[from] ability: Flame Body|[of] p2a: Heatran
|
|-heal|p2a: Heatran|97/100|[from] Grassy Terrain
|-heal|p2a: Heatran|100/100|[from] item: Leftovers
|-damage|p1a: Buzzwole|94/100 brn|[from] brn
|upkeep
|turn|4
|
|t:|1667525085
|switch|p1a: Tyranitar|Tyranitar, M, shiny|100/100
|-weather|Sandstorm|[from] ability: Sand Stream|[of] p1a: Tyranitar
|move|p2a: Heatran|Stealth Rock|p1a: Tyranitar
|-sidestart|p1: LuisJardim|move: Stealth Rock
|
|-weather|Sandstorm|[upkeep]
|-end|p1a: Tyranitar|move: Future Sight
|-immune|p1a: Tyranitar
|upkeep
|turn|5
|
|t:|1667525102
|move|p1a: Tyranitar|Stone Edge|p2a: Heatran
|-damage|p2a: Heatran|43/100
|move|p2a: Heatran|Taunt|p1a: Tyranitar
|-start|p1a: Tyranitar|move: Taunt
|
|-weather|Sandstorm|[upkeep]
|-heal|p2a: Heatran|49/100|[from] Grassy Terrain
|-heal|p2a: Heatran|55/100|[from] item: Leftovers
|-fieldend|move: Grassy Terrain
|upkeep
|turn|6
|
|t:|1667525114
|switch|p2a: Landorus|Landorus-Therian, M|100/100
|-ability|p2a: Landorus|Intimidate|boost
|-unboost|p1a: Tyranitar|atk|1
|move|p1a: Tyranitar|Stone Edge|p2a: Landorus
|-damage|p2a: Landorus|46/100
|
|-weather|Sandstorm|[upkeep]
|-heal|p2a: Landorus|52/100|[from] item: Leftovers
|upkeep
|turn|7
|
|t:|1667525124
|switch|p2a: Slowbro|Slowbro, F|60/100
|move|p1a: Tyranitar|Stone Edge|p2a: Slowbro|[miss]
|-miss|p1a: Tyranitar|p2a: Slowbro
|
|-weather|Sandstorm|[upkeep]
|-damage|p2a: Slowbro|54/100|[from] Sandstorm
|upkeep
|turn|8
|
|t:|1667525133
|move|p1a: Tyranitar|Stone Edge|p2a: Slowbro
|-damage|p2a: Slowbro|17/100
|move|p2a: Slowbro|Teleport|p2a: Slowbro
|
|t:|1667525139
|switch|p2a: Rillaboom|Rillaboom, F|100/100|[from]move: Teleport
|-fieldstart|move: Grassy Terrain|[from] ability: Grassy Surge|[of] p2a: Rillaboom
|
|-weather|none
|-end|p1a: Tyranitar|move: Taunt
|upkeep
|turn|9
|
|t:|1667525147
|switch|p1a: Buzzwole|Buzzwole, shiny|94/100 brn
|-damage|p1a: Buzzwole|82/100 brn|[from] Stealth Rock
|move|p2a: Rillaboom|U-turn|p1a: Buzzwole
|-resisted|p1a: Buzzwole
|-damage|p1a: Buzzwole|69/100 brn
|
|t:|1667525158
|switch|p2a: Slowbro|Slowbro, F|51/100|[from]move: U-turn
|
|-heal|p1a: Buzzwole|75/100 brn|[from] Grassy Terrain
|-heal|p2a: Slowbro|57/100|[from] Grassy Terrain
|-damage|p1a: Buzzwole|69/100 brn|[from] brn
|upkeep
|turn|10
|
|t:|1667525167
|move|p1a: Buzzwole|Leech Life|p2a: Slowbro
|-supereffective|p2a: Slowbro
|-damage|p2a: Slowbro|21/100
|-heal|p1a: Buzzwole|88/100 brn|[from] drain|[of] p2a: Slowbro
|move|p2a: Slowbro|Slack Off|p2a: Slowbro
|-heal|p2a: Slowbro|71/100
|
|-heal|p1a: Buzzwole|95/100 brn|[from] Grassy Terrain
|-heal|p2a: Slowbro|78/100|[from] Grassy Terrain
|-damage|p1a: Buzzwole|88/100 brn|[from] brn
|upkeep
|turn|11
|
|t:|1667525188
|switch|p1a: Landorus|Landorus-Therian, M, shiny|100/100
|-damage|p1a: Landorus|88/100|[from] Stealth Rock
|-ability|p1a: Landorus|Intimidate|boost
|-unboost|p2a: Slowbro|atk|1
|move|p2a: Slowbro|Scald|p1a: Landorus
|-supereffective|p1a: Landorus
|-damage|p1a: Landorus|50/100
|
|-heal|p1a: Landorus|56/100|[from] item: Leftovers
|-heal|p2a: Slowbro|84/100|[from] Grassy Terrain
|upkeep
|turn|12
|
|t:|1667525202
|move|p1a: Landorus|Stealth Rock|p2a: Slowbro
|-sidestart|p2: ty-tyui↻|move: Stealth Rock
|move|p2a: Slowbro|Scald|p1a: Landorus
|-supereffective|p1a: Landorus
|-damage|p1a: Landorus|12/100
|-status|p1a: Landorus|brn
|
|-heal|p1a: Landorus|18/100 brn|[from] item: Leftovers
|-heal|p2a: Slowbro|90/100|[from] Grassy Terrain
|-damage|p1a: Landorus|12/100 brn|[from] brn
|-fieldend|move: Grassy Terrain
|upkeep
|turn|13
|
|t:|1667525214
|move|p1a: Landorus|Toxic|p2a: Slowbro
|-status|p2a: Slowbro|tox
|move|p2a: Slowbro|Teleport|p2a: Slowbro
|
|t:|1667525217
|switch|p2a: Rillaboom|Rillaboom, F|100/100|[from]move: Teleport
|-damage|p2a: Rillaboom|88/100|[from] Stealth Rock
|-fieldstart|move: Grassy Terrain|[from] ability: Grassy Surge|[of] p2a: Rillaboom
|
|-heal|p2a: Rillaboom|94/100|[from] Grassy Terrain
|-heal|p1a: Landorus|18/100 brn|[from] item: Leftovers
|-damage|p1a: Landorus|12/100 brn|[from] brn
|upkeep
|turn|14
|
|t:|1667525229
|move|p2a: Rillaboom|U-turn|p1a: Landorus
|-resisted|p1a: Landorus
|-damage|p1a: Landorus|0 fnt
|faint|p1a: Landorus
|
|t:|1667525240
|switch|p2a: Heatran|Heatran, M|55/100|[from]move: U-turn
|-damage|p2a: Heatran|43/100|[from] Stealth Rock
|
|-heal|p2a: Heatran|49/100|[from] Grassy Terrain
|-heal|p2a: Heatran|55/100|[from] item: Leftovers
|upkeep
|
|t:|1667525253
|switch|p1a: Rotom|Rotom-Wash, shiny|100/100
|-damage|p1a: Rotom|88/100|[from] Stealth Rock
|turn|15
|
|t:|1667525257
|switch|p2a: Rillaboom|Rillaboom, F|94/100
|-damage|p2a: Rillaboom|82/100|[from] Stealth Rock
|move|p1a: Rotom|Hydro Pump|p2a: Rillaboom|[miss]
|-miss|p1a: Rotom|p2a: Rillaboom
|
|-heal|p2a: Rillaboom|88/100|[from] Grassy Terrain
|-heal|p1a: Rotom|94/100|[from] item: Leftovers
|upkeep
|turn|16
|
|t:|1667525270
|move|p2a: Rillaboom|Wood Hammer|p1a: Rotom
|-supereffective|p1a: Rotom
|-damage|p1a: Rotom|0 fnt
|faint|p1a: Rotom
|-damage|p2a: Rillaboom|61/100|[from] Recoil
|
|-heal|p2a: Rillaboom|67/100|[from] Grassy Terrain
|upkeep
|
|t:|1667525282
|switch|p1a: Kartana|Kartana, shiny|100/100
|-damage|p1a: Kartana|94/100|[from] Stealth Rock
|turn|17
|
|t:|1667525286
|switch|p2a: Heatran|Heatran, M|55/100
|-damage|p2a: Heatran|43/100|[from] Stealth Rock
|move|p1a: Kartana|Knock Off|p2a: Heatran
|-damage|p2a: Heatran|0 fnt
|-status|p1a: Kartana|brn|[from] ability: Flame Body|[of] p2a: Heatran
|-enditem|p2a: Heatran|Leftovers|[from] move: Knock Off|[of] p1a: Kartana
|faint|p2a: Heatran
|-ability|p1a: Kartana|Beast Boost|boost
|-boost|p1a: Kartana|atk|1
|
|-heal|p1a: Kartana|100/100 brn|[from] Grassy Terrain
|-damage|p1a: Kartana|94/100 brn|[from] brn
|-fieldend|move: Grassy Terrain
|upkeep
|
|t:|1667525293
|switch|p2a: Slowbro|Slowbro, F|100/100 tox
|turn|18
|
|t:|1667525303
|move|p1a: Kartana|Knock Off|p2a: Slowbro
|-supereffective|p2a: Slowbro
|-damage|p2a: Slowbro|39/100 tox
|-enditem|p2a: Slowbro|Heavy-Duty Boots|[from] move: Knock Off|[of] p1a: Kartana
|move|p2a: Slowbro|Scald|p1a: Kartana
|-resisted|p1a: Kartana
|-damage|p1a: Kartana|54/100 brn
|
|-damage|p2a: Slowbro|33/100 tox|[from] psn
|-damage|p1a: Kartana|48/100 brn|[from] brn
|upkeep
|turn|19
|
|t:|1667525320
|switch|p2a: Weavile|Weavile, M|100/100
|-ability|p2a: Weavile|Pressure
|move|p1a: Kartana|Knock Off|p2a: Weavile
|-resisted|p2a: Weavile
|-damage|p2a: Weavile|57/100
|-enditem|p2a: Weavile|Heavy-Duty Boots|[from] move: Knock Off|[of] p1a: Kartana
|
|-damage|p1a: Kartana|41/100 brn|[from] brn
|upkeep
|turn|20
|
|t:|1667525336
|move|p2a: Weavile|Swords Dance|p2a: Weavile
|-boost|p2a: Weavile|atk|2
|move|p1a: Kartana|Knock Off|p2a: Weavile
|-resisted|p2a: Weavile
|-damage|p2a: Weavile|30/100
|
|-damage|p1a: Kartana|35/100 brn|[from] brn
|upkeep
|turn|21
|
|t:|1667525344
|move|p2a: Weavile|Ice Shard|p1a: Kartana
|-damage|p1a: Kartana|0 fnt
|faint|p1a: Kartana
|
|upkeep
|
|t:|1667525355
|switch|p1a: Buzzwole|Buzzwole, shiny|88/100 brn
|-damage|p1a: Buzzwole|76/100 brn|[from] Stealth Rock
|turn|22
|
|t:|1667525362
|move|p2a: Weavile|Triple Axel|p1a: Buzzwole
|-damage|p1a: Buzzwole|60/100 brn
|-damage|p1a: Buzzwole|28/100 brn
|-damage|p1a: Buzzwole|0 fnt
|faint|p1a: Buzzwole
|-hitcount|p1: Buzzwole|3
|
|upkeep
|
|t:|1667525370
|switch|p1a: Tyranitar|Tyranitar, M, shiny|100/100
|-damage|p1a: Tyranitar|88/100|[from] Stealth Rock
|-weather|Sandstorm|[from] ability: Sand Stream|[of] p1a: Tyranitar
|turn|23
|
|t:|1667525378
|move|p2a: Weavile|Triple Axel|p1a: Tyranitar
|-damage|p1a: Tyranitar|68/100
|-damage|p1a: Tyranitar|25/100
|-damage|p1a: Tyranitar|0 fnt
|faint|p1a: Tyranitar
|-hitcount|p1: Tyranitar|3
|
|-weather|Sandstorm|[upkeep]
|-damage|p2a: Weavile|24/100|[from] Sandstorm
|upkeep
|c|☆ty-tyui↻|gg
|-message|LuisJardim forfeited.
|
|win|ty-tyui↻
|raw|LuisJardim's rating: 1552 &rarr; <strong>1540</strong><br />(-12 for losing)
|raw|ty-tyui↻'s rating: 1705 &rarr; <strong>1717</strong><br />(+12 for winning)
