|j|☆DJ CRIB DEF
|j|☆Leaf Stormed
|t:|1606010254
|player|p1|DJ CRIB DEF|cynthia-gen4|1516
|player|p2|Leaf Stormed|riley|1455
|teamsize|p1|6
|teamsize|p2|6
|gametype|singles
|gen|8
|tier|[Gen 8] OU
|rated|
|clearpoke
|poke|p1|Landorus-Therian, M|
|poke|p1|Tapu Koko|
|poke|p1|Nidoking, M|
|poke|p1|Buzzwole|
|poke|p1|Regieleki|
|poke|p1|Hawlucha, M|
|poke|p2|Ninetales-Alola, M|
|poke|p2|Haxorus, M|
|poke|p2|Kartana|
|poke|p2|Keldeo-Resolute|
|poke|p2|Marowak-Alola, M|
|poke|p2|Diggersby, M|
|rule|Sleep Clause Mod: Limit one foe put to sleep
|rule|Species Clause: Limit one of each Pokémon
|rule|OHKO Clause: OHKO moves are banned
|rule|Evasion Moves Clause: Evasion moves are banned
|rule|Endless Battle Clause: Forcing endless battles is banned
|rule|HP Percentage Mod: HP is shown in percentages
|rule|Dynamax Clause: You cannot dynamax
|teampreview
|inactive|Battle timer is ON: inactive players will automatically lose when time's up. (requested by DJ CRIB DEF)
|c|☆DJ CRIB DEF|cool team
|c|☆DJ CRIB DEF|hf
|c|☆Leaf Stormed|glhf
|c|☆Leaf Stormed|u2
|
|t:|1606010282
|start
|switch|p1a: Regieleki|Regieleki|100/100
|switch|p2a: Keldeo|Keldeo-Resolute|100/100
|turn|1
|
|t:|1606010286
|switch|p2a: Diggersby|Diggersby, M, shiny|100/100
|move|p1a: Regieleki|Volt Switch|p2a: Diggersby
|-immune|p2a: Diggersby
|
|upkeep
|turn|2
|
|t:|1606010291
|switch|p1a: Landorus|Landorus-Therian, M|100/100
|-ability|p1a: Landorus|Intimidate|boost
|-unboost|p2a: Diggersby|atk|1
|move|p2a: Diggersby|Knock Off|p1a: Landorus
|-damage|p1a: Landorus|64/100
|-enditem|p1a: Landorus|Soft Sand|[from] move: Knock Off|[of] p2a: Diggersby
|
|upkeep
|turn|3
|
|t:|1606010299
|switch|p2a: Ninetales|Ninetales-Alola, M|100/100
|-weather|Hail|[from] ability: Snow Warning|[of] p2a: Ninetales
|move|p1a: Landorus|Stealth Rock|p2a: Ninetales
|-sidestart|p2: Leaf Stormed|move: Stealth Rock
|
|-weather|Hail|[upkeep]
|-damage|p1a: Landorus|58/100|[from] Hail
|upkeep
|turn|4
|
|t:|1606010308
|move|p2a: Ninetales|Aurora Veil|p2a: Ninetales
|-sidestart|p2: Leaf Stormed|move: Aurora Veil
|move|p1a: Landorus|Stone Edge|p2a: Ninetales
|-supereffective|p2a: Ninetales
|-damage|p2a: Ninetales|53/100
|
|-weather|Hail|[upkeep]
|-damage|p1a: Landorus|52/100|[from] Hail
|upkeep
|turn|5
|
|t:|1606010320
|move|p2a: Ninetales|Blizzard|p1a: Landorus
|-supereffective|p1a: Landorus
|-damage|p1a: Landorus|0 fnt
|faint|p1a: Landorus
|
|-weather|Hail|[upkeep]
|upkeep
|
|t:|1606010326
|switch|p1a: Tapu Koko|Tapu Koko|100/100
|-fieldstart|move: Electric Terrain|[from] ability: Electric Surge|[of] p1a: Tapu Koko
|turn|6
|
|t:|1606010346
|switch|p2a: Haxorus|Haxorus, M, shiny|100/100
|-damage|p2a: Haxorus|88/100|[from] Stealth Rock
|-ability|p2a: Haxorus|Mold Breaker
|move|p1a: Tapu Koko|Thunderbolt|p2a: Haxorus
|-resisted|p2a: Haxorus
|-damage|p2a: Haxorus|58/100
|
|-weather|Hail|[upkeep]
|-damage|p2a: Haxorus|52/100|[from] Hail
|-damage|p1a: Tapu Koko|94/100|[from] Hail
|upkeep
|turn|7
|
|t:|1606010358
|switch|p1a: Regieleki|Regieleki|100/100
|move|p2a: Haxorus|Earthquake|p1a: Regieleki
|-supereffective|p1a: Regieleki
|-damage|p1a: Regieleki|0 fnt
|faint|p1a: Regieleki
|
|-weather|none
|upkeep
|
|t:|1606010369
|switch|p1a: Tapu Koko|Tapu Koko|94/100
|turn|8
|
|t:|1606010371
|move|p2a: Haxorus|Earthquake|p1a: Tapu Koko
|-supereffective|p1a: Tapu Koko
|-damage|p1a: Tapu Koko|0 fnt
|faint|p1a: Tapu Koko
|
|upkeep
|
|t:|1606010375
|switch|p1a: Hawlucha|Hawlucha, M|100/100
|-enditem|p1a: Hawlucha|Electric Seed
|-boost|p1a: Hawlucha|def|1|[from] item: Electric Seed
|turn|9
|
|t:|1606010382
|switch|p2a: Marowak|Marowak-Alola, M, shiny|100/100
|-damage|p2a: Marowak|76/100|[from] Stealth Rock
|move|p1a: Hawlucha|Swords Dance|p1a: Hawlucha
|-boost|p1a: Hawlucha|atk|2
|
|upkeep
|turn|10
|
|t:|1606010389
|move|p1a: Hawlucha|Acrobatics|p2a: Marowak
|-damage|p2a: Marowak|16/100
|move|p2a: Marowak|Flare Blitz|p1a: Hawlucha
|-damage|p1a: Hawlucha|0 fnt
|faint|p1a: Hawlucha
|
|-fieldend|move: Electric Terrain
|upkeep
|
|t:|1606010394
|switch|p1a: Buzzwole|Buzzwole|100/100
|turn|11
|
|t:|1606010397
|move|p1a: Buzzwole|Ice Punch|p2a: Marowak
|-resisted|p2a: Marowak
|-damage|p2a: Marowak|10/100
|move|p2a: Marowak|Flare Blitz|p1a: Buzzwole
|-supereffective|p1a: Buzzwole
|-damage|p1a: Buzzwole|6/100
|
|-sideend|p2: Leaf Stormed|move: Aurora Veil
|upkeep
|turn|12
|c|☆DJ CRIB DEF|gg
|
|t:|1606010403
|switch|p2a: Diggersby|Diggersby, M, shiny|100/100
|-damage|p2a: Diggersby|95/100|[from] Stealth Rock
|move|p1a: Buzzwole|Ice Punch|p2a: Diggersby
|-supereffective|p2a: Diggersby
|-damage|p2a: Diggersby|38/100
|
|upkeep
|turn|13
|-message|DJ CRIB DEF forfeited.
|
|win|Leaf Stormed
|l|☆DJ CRIB DEF
|c|☆Leaf Stormed|gg
|raw|DJ CRIB DEF's rating: 1539 &rarr; <strong>1514</strong><br />(-25 for losing)
|raw|Leaf Stormed's rating: 1455 &rarr; <strong>1480</strong><br />(+25 for winning)
