|j|☆teamleader6969
|j|☆Justin UA
|t:|1633491399
|gametype|singles
|player|p1|teamleader6969|170|1358
|player|p2|Justin UA|ethan|1420
|teamsize|p1|6
|teamsize|p2|6
|gen|8
|tier|[Gen 8] OU
|rated|
|rule|Sleep Clause Mod: Limit one foe put to sleep
|rule|Species Clause: Limit one of each Pokémon
|rule|OHKO Clause: OHKO moves are banned
|rule|Evasion Moves Clause: Evasion moves are banned
|rule|Endless Battle Clause: Forcing endless battles is banned
|rule|HP Percentage Mod: HP is shown in percentages
|rule|Dynamax Clause: You cannot dynamax
|clearpoke
|poke|p1|Zapdos|
|poke|p1|Ferrothorn, M|
|poke|p1|Barraskewda, M|
|poke|p1|Pelipper, M|
|poke|p1|Rillaboom, M|
|poke|p1|Clefable, F|
|poke|p2|Victini|
|poke|p2|Urshifu-*, M|
|poke|p2|Corviknight, F|
|poke|p2|Slowbro, F|
|poke|p2|Landorus-Therian, M|
|poke|p2|Dragapult, M|
|teampreview
|inactive|Battle timer is ON: inactive players will automatically lose when time's up. (requested by Justin UA)
|
|t:|1633491425
|start
|switch|p1a: Pelipper|Pelipper, M|100/100
|switch|p2a: Dragapult|Dragapult, M|100/100
|-weather|RainDance|[from] ability: Drizzle|[of] p1a: Pelipper
|turn|1
|
|t:|1633491448
|switch|p1a: Clefable|Clefable, F|100/100
|move|p2a: Dragapult|Shadow Ball|p1a: Clefable
|-damage|p1a: Clefable|62/100
|
|-weather|RainDance|[upkeep]
|-heal|p1a: Clefable|68/100|[from] item: Leftovers
|upkeep
|turn|2
|
|t:|1633491459
|switch|p2a: Slowbro|Slowbro, F|100/100
|move|p1a: Clefable|Wish|p1a: Clefable
|
|-weather|RainDance|[upkeep]
|-heal|p1a: Clefable|74/100|[from] item: Leftovers
|upkeep
|turn|3
|
|t:|1633491466
|move|p1a: Clefable|Moonblast|p2a: Slowbro
|-damage|p2a: Slowbro|68/100
|-unboost|p2a: Slowbro|spa|1
|move|p2a: Slowbro|Future Sight|p1a: Clefable
|-start|p2a: Slowbro|move: Future Sight
|
|-weather|RainDance|[upkeep]
|-heal|p1a: Clefable|100/100|[from] move: Wish|[wisher] Clefable
|upkeep
|turn|4
|
|t:|1633491474
|move|p1a: Clefable|Wish|p1a: Clefable
|move|p2a: Slowbro|Teleport|p2a: Slowbro
|
|t:|1633491480
|switch|p2a: Victini|Victini|100/100|[from]move: Teleport
|
|-weather|RainDance|[upkeep]
|upkeep
|turn|5
|
|t:|1633491494
|move|p2a: Victini|V-create|p1a: Clefable
|-damage|p1a: Clefable|65/100
|-unboost|p2a: Victini|spe|1
|-unboost|p2a: Victini|def|1
|-unboost|p2a: Victini|spd|1
|move|p1a: Clefable|Teleport|p1a: Clefable
|
|t:|1633491500
|switch|p1a: Barraskewda|Barraskewda, M|100/100|[from]move: Teleport
|
|-weather|RainDance|[upkeep]
|-end|p1a: Barraskewda|move: Future Sight
|-damage|p1a: Barraskewda|1/100
|-heal|p1a: Barraskewda|76/100|[from] move: Wish|[wisher] Clefable
|upkeep
|turn|6
|
|t:|1633491508
|switch|p2a: Slowbro|Slowbro, F|100/100
|move|p1a: Barraskewda|Liquidation|p2a: Slowbro
|-resisted|p2a: Slowbro
|-damage|p2a: Slowbro|70/100
|
|-weather|RainDance|[upkeep]
|upkeep
|turn|7
|
|t:|1633491516
|switch|p1a: Ferrothorn|Ferrothorn, M|100/100
|move|p2a: Slowbro|Teleport|p2a: Slowbro
|
|t:|1633491521
|switch|p2a: Urshifu|Urshifu-Rapid-Strike, M|100/100|[from]move: Teleport
|
|-weather|RainDance|[upkeep]
|upkeep
|turn|8
|
|t:|1633491529
|switch|p1a: Clefable|Clefable, F|65/100
|move|p2a: Urshifu|Close Combat|p1a: Clefable
|-resisted|p1a: Clefable
|-damage|p1a: Clefable|21/100
|-unboost|p2a: Urshifu|def|1
|-unboost|p2a: Urshifu|spd|1
|
|-weather|none
|-heal|p1a: Clefable|27/100|[from] item: Leftovers
|upkeep
|turn|9
|
|t:|1633491538
|switch|p1a: Pelipper|Pelipper, M|100/100
|-weather|RainDance|[from] ability: Drizzle|[of] p1a: Pelipper
|move|p2a: Urshifu|Close Combat|p1a: Pelipper
|-resisted|p1a: Pelipper
|-damage|p1a: Pelipper|62/100
|-unboost|p2a: Urshifu|def|1
|-unboost|p2a: Urshifu|spd|1
|
|-weather|RainDance|[upkeep]
|upkeep
|turn|10
|
|t:|1633491548
|switch|p2a: Slowbro|Slowbro, F|100/100
|move|p1a: Pelipper|U-turn|p2a: Slowbro
|-supereffective|p2a: Slowbro
|-damage|p2a: Slowbro|90/100
|
|t:|1633491554
|switch|p1a: Zapdos|Zapdos|100/100|[from]move: U-turn
|
|-weather|RainDance|[upkeep]
|upkeep
|turn|11
|
|t:|1633491561
|switch|p2a: Landorus|Landorus-Therian, M|100/100
|-ability|p2a: Landorus|Intimidate|boost
|-unboost|p1a: Zapdos|atk|1
|move|p1a: Zapdos|Hurricane|p2a: Landorus
|-damage|p2a: Landorus|38/100
|-start|p2a: Landorus|confusion
|
|-weather|RainDance|[upkeep]
|upkeep
|turn|12
|
|t:|1633491578
|move|p1a: Zapdos|Hurricane|p2a: Landorus
|-damage|p2a: Landorus|0 fnt
|faint|p2a: Landorus
|
|-weather|RainDance|[upkeep]
|upkeep
|
|t:|1633491584
|switch|p2a: Dragapult|Dragapult, M|100/100
|turn|13
|
|t:|1633491591
|switch|p1a: Clefable|Clefable, F|27/100
|move|p2a: Dragapult|Shadow Ball|p1a: Clefable
|-damage|p1a: Clefable|0 fnt
|faint|p1a: Clefable
|
|-weather|RainDance|[upkeep]
|upkeep
|
|t:|1633491601
|switch|p1a: Rillaboom|Rillaboom, M|100/100
|-fieldstart|move: Grassy Terrain|[from] ability: Grassy Surge|[of] p1a: Rillaboom
|turn|14
|
|t:|1633491606
|switch|p2a: Corviknight|Corviknight, F|100/100
|-ability|p2a: Corviknight|Pressure
|move|p1a: Rillaboom|Knock Off|p2a: Corviknight
|-damage|p2a: Corviknight|73/100
|-enditem|p2a: Corviknight|Leftovers|[from] move: Knock Off|[of] p1a: Rillaboom
|-damage|p1a: Rillaboom|91/100|[from] item: Life Orb
|
|-weather|RainDance|[upkeep]
|-heal|p1a: Rillaboom|97/100|[from] Grassy Terrain
|upkeep
|turn|15
|
|t:|1633491617
|switch|p1a: Zapdos|Zapdos|100/100
|move|p2a: Corviknight|Brave Bird|p1a: Zapdos
|-resisted|p1a: Zapdos
|-damage|p1a: Zapdos|79/100
|-damage|p2a: Corviknight|67/100|[from] Recoil
|
|-weather|RainDance|[upkeep]
|upkeep
|turn|16
|
|t:|1633491629
|switch|p2a: Victini|Victini|100/100
|move|p1a: Zapdos|Thunder|p2a: Victini
|-damage|p2a: Victini|39/100
|-status|p2a: Victini|par
|
|-weather|none
|-heal|p2a: Victini|45/100 par|[from] Grassy Terrain
|upkeep
|turn|17
|
|t:|1633491640
|switch|p1a: Pelipper|Pelipper, M|62/100
|-weather|RainDance|[from] ability: Drizzle|[of] p1a: Pelipper
|move|p2a: Victini|V-create|p1a: Pelipper
|-resisted|p1a: Pelipper
|-damage|p1a: Pelipper|47/100
|-unboost|p2a: Victini|spe|1
|-unboost|p2a: Victini|def|1
|-unboost|p2a: Victini|spd|1
|
|-weather|RainDance|[upkeep]
|-heal|p2a: Victini|51/100 par|[from] Grassy Terrain
|upkeep
|turn|18
|
|t:|1633491651
|move|p1a: Pelipper|Scald|p2a: Victini
|-supereffective|p2a: Victini
|-damage|p2a: Victini|0 fnt
|faint|p2a: Victini
|
|-weather|RainDance|[upkeep]
|-fieldend|move: Grassy Terrain
|upkeep
|
|t:|1633491657
|switch|p2a: Dragapult|Dragapult, M|100/100
|turn|19
|
|t:|1633491661
|switch|p1a: Ferrothorn|Ferrothorn, M|100/100
|move|p2a: Dragapult|Shadow Ball|p1a: Ferrothorn
|-damage|p1a: Ferrothorn|70/100
|
|-weather|RainDance|[upkeep]
|-heal|p1a: Ferrothorn|76/100|[from] item: Leftovers
|upkeep
|turn|20
|
|t:|1633491679
|switch|p2a: Urshifu|Urshifu-Rapid-Strike, M|100/100
|move|p1a: Ferrothorn|Leech Seed|p2a: Urshifu
|-start|p2a: Urshifu|move: Leech Seed
|
|-weather|RainDance|[upkeep]
|-heal|p1a: Ferrothorn|82/100|[from] item: Leftovers
|-damage|p2a: Urshifu|88/100|[from] Leech Seed|[of] p1a: Ferrothorn
|-heal|p1a: Ferrothorn|94/100|[silent]
|upkeep
|turn|21
|inactive|teamleader6969 has 120 seconds left.
|
|t:|1633491715
|switch|p1a: Barraskewda|Barraskewda, M|76/100
|move|p2a: Urshifu|Close Combat|p1a: Barraskewda
|-crit|p1a: Barraskewda
|-damage|p1a: Barraskewda|0 fnt
|-unboost|p2a: Urshifu|def|1
|-unboost|p2a: Urshifu|spd|1
|faint|p1a: Barraskewda
|
|-weather|RainDance|[upkeep]
|upkeep
|
|t:|1633491724
|switch|p1a: Zapdos|Zapdos|79/100
|turn|22
|
|t:|1633491732
|switch|p2a: Dragapult|Dragapult, M|100/100
|move|p1a: Zapdos|Hurricane|p2a: Dragapult
|-damage|p2a: Dragapult|11/100
|
|-weather|RainDance|[upkeep]
|upkeep
|turn|23
|
|t:|1633491744
|switch|p1a: Ferrothorn|Ferrothorn, M|94/100
|move|p2a: Dragapult|Draco Meteor|p1a: Ferrothorn
|-resisted|p1a: Ferrothorn
|-damage|p1a: Ferrothorn|66/100
|-unboost|p2a: Dragapult|spa|2
|
|-weather|RainDance|[upkeep]
|-heal|p1a: Ferrothorn|73/100|[from] item: Leftovers
|upkeep
|turn|24
|
|t:|1633491757
|switch|p2a: Urshifu|Urshifu-Rapid-Strike, M|88/100
|move|p1a: Ferrothorn|Leech Seed|p2a: Urshifu|[miss]
|-miss|p1a: Ferrothorn|p2a: Urshifu
|
|-weather|none
|-heal|p1a: Ferrothorn|79/100|[from] item: Leftovers
|upkeep
|turn|25
|
|t:|1633491764
|switch|p1a: Pelipper|Pelipper, M|47/100
|-weather|RainDance|[from] ability: Drizzle|[of] p1a: Pelipper
|move|p2a: Urshifu|Close Combat|p1a: Pelipper
|-resisted|p1a: Pelipper
|-damage|p1a: Pelipper|11/100
|-unboost|p2a: Urshifu|def|1
|-unboost|p2a: Urshifu|spd|1
|
|-weather|RainDance|[upkeep]
|upkeep
|turn|26
|
|t:|1633491774
|move|p2a: Urshifu|Close Combat|p1a: Pelipper
|-resisted|p1a: Pelipper
|-damage|p1a: Pelipper|0 fnt
|-unboost|p2a: Urshifu|def|1
|-unboost|p2a: Urshifu|spd|1
|faint|p1a: Pelipper
|
|-weather|RainDance|[upkeep]
|upkeep
|
|t:|1633491784
|switch|p1a: Zapdos|Zapdos|79/100
|turn|27
|
|t:|1633491790
|switch|p2a: Slowbro|Slowbro, F|100/100
|move|p1a: Zapdos|Thunder|p2a: Slowbro
|-supereffective|p2a: Slowbro
|-crit|p2a: Slowbro
|-damage|p2a: Slowbro|0 fnt
|faint|p2a: Slowbro
|
|-weather|RainDance|[upkeep]
|upkeep
|
|t:|1633491795
|switch|p2a: Dragapult|Dragapult, M|11/100
|turn|28
|
|t:|1633491806
|switch|p1a: Ferrothorn|Ferrothorn, M|79/100
|move|p2a: Dragapult|Draco Meteor|p1a: Ferrothorn
|-resisted|p1a: Ferrothorn
|-damage|p1a: Ferrothorn|54/100
|-unboost|p2a: Dragapult|spa|2
|
|-weather|RainDance|[upkeep]
|-heal|p1a: Ferrothorn|60/100|[from] item: Leftovers
|upkeep
|turn|29
|
|t:|1633491815
|switch|p2a: Urshifu|Urshifu-Rapid-Strike, M|88/100
|move|p1a: Ferrothorn|Stealth Rock|p2a: Urshifu
|-sidestart|p2: Justin UA|move: Stealth Rock
|
|-weather|RainDance|[upkeep]
|-heal|p1a: Ferrothorn|67/100|[from] item: Leftovers
|upkeep
|turn|30
|
|t:|1633491833
|move|p2a: Urshifu|Close Combat|p1a: Ferrothorn
|-supereffective|p1a: Ferrothorn
|-damage|p1a: Ferrothorn|0 fnt
|-unboost|p2a: Urshifu|def|1
|-unboost|p2a: Urshifu|spd|1
|-damage|p2a: Urshifu|76/100|[from] ability: Iron Barbs|[of] p1a: Ferrothorn
|faint|p1a: Ferrothorn
|
|-weather|RainDance|[upkeep]
|upkeep
|
|t:|1633491841
|switch|p1a: Zapdos|Zapdos|79/100
|turn|31
|
|t:|1633491856
|switch|p2a: Dragapult|Dragapult, M|11/100
|-damage|p2a: Dragapult|0 fnt|[from] Stealth Rock
|faint|p2a: Dragapult
|move|p1a: Zapdos|Thunder|p2: Dragapult|[notarget]
|-fail|p1a: Zapdos
|
|-weather|RainDance|[upkeep]
|upkeep
|
|t:|1633491861
|switch|p2a: Urshifu|Urshifu-Rapid-Strike, M|76/100
|-damage|p2a: Urshifu|70/100|[from] Stealth Rock
|turn|32
|
|t:|1633491866
|move|p2a: Urshifu|Surging Strikes|p1a: Zapdos
|-crit|p1a: Zapdos
|-damage|p1a: Zapdos|29/100
|-crit|p1a: Zapdos
|-damage|p1a: Zapdos|0 fnt
|-status|p2a: Urshifu|par|[from] ability: Static|[of] p1a: Zapdos
|faint|p1a: Zapdos
|-hitcount|p1: Zapdos|2
|
|-weather|none
|upkeep
|
|t:|1633491874
|switch|p1a: Rillaboom|Rillaboom, M|97/100
|-fieldstart|move: Grassy Terrain|[from] ability: Grassy Surge|[of] p1a: Rillaboom
|turn|33
|
|t:|1633491885
|move|p1a: Rillaboom|Swords Dance|p1a: Rillaboom
|-boost|p1a: Rillaboom|atk|2
|move|p2a: Urshifu|Surging Strikes|p1a: Rillaboom
|-resisted|p1a: Rillaboom
|-crit|p1a: Rillaboom
|-damage|p1a: Rillaboom|82/100
|-resisted|p1a: Rillaboom
|-crit|p1a: Rillaboom
|-damage|p1a: Rillaboom|66/100
|-resisted|p1a: Rillaboom
|-crit|p1a: Rillaboom
|-damage|p1a: Rillaboom|49/100
|-hitcount|p1a: Rillaboom|3
|
|-heal|p1a: Rillaboom|55/100|[from] Grassy Terrain
|-heal|p2a: Urshifu|76/100 par|[from] Grassy Terrain
|upkeep
|turn|34
|
|t:|1633491899
|move|p1a: Rillaboom|Grassy Glide|p2a: Urshifu
|-supereffective|p2a: Urshifu
|-damage|p2a: Urshifu|0 fnt
|faint|p2a: Urshifu
|-damage|p1a: Rillaboom|45/100|[from] item: Life Orb
|
|-heal|p1a: Rillaboom|52/100|[from] Grassy Terrain
|upkeep
|
|t:|1633491902
|switch|p2a: Corviknight|Corviknight, F|67/100
|-damage|p2a: Corviknight|55/100|[from] Stealth Rock
|-ability|p2a: Corviknight|Pressure
|turn|35
|
|t:|1633491910
|move|p1a: Rillaboom|Superpower|p2a: Corviknight
|-damage|p2a: Corviknight|0 fnt
|-unboost|p1a: Rillaboom|atk|1
|-unboost|p1a: Rillaboom|def|1
|faint|p2a: Corviknight
|-damage|p1a: Rillaboom|42/100|[from] item: Life Orb
|
|win|teamleader6969
|raw|teamleader6969's rating: 1358 &rarr; <strong>1382</strong><br />(+24 for winning)
|raw|Justin UA's rating: 1420 &rarr; <strong>1396</strong><br />(-24 for losing)
|l|☆Justin UA
