|j|☆MurderousMantyke
|j|☆Stads
|t:|1661458027
|gametype|singles
|player|p1|MurderousMantyke|#helpstaff|1566
|player|p2|Stads|169|1669
|teamsize|p1|6
|teamsize|p2|6
|gen|8
|tier|[Gen 8] OU
|rated|
|rule|Sleep Clause Mod: Limit one foe put to sleep
|rule|Species Clause: Limit one of each Pokémon
|rule|OHKO Clause: OHKO moves are banned
|rule|Evasion Items Clause: Evasion items are banned
|rule|Evasion Moves Clause: Evasion moves are banned
|rule|Endless Battle Clause: Forcing endless battles is banned
|rule|HP Percentage Mod: HP is shown in percentages
|rule|Dynamax Clause: You cannot dynamax
|clearpoke
|poke|p1|Volcanion|
|poke|p1|Ninetales-Alola, F|
|poke|p1|Corviknight, F|
|poke|p1|Arctozolt|
|poke|p1|Landorus-Therian, M|
|poke|p1|Tornadus-Therian, M|
|poke|p2|Tornadus-Therian, M|
|poke|p2|Corviknight, F|
|poke|p2|Kartana|
|poke|p2|Toxapex, F|
|poke|p2|Hippowdon, F|
|poke|p2|Heatran, F|
|teampreview
|inactive|Battle timer is ON: inactive players will automatically lose when time's up. (requested by MurderousMantyke)
|c|☆MurderousMantyke|hf
|
|t:|1661458043
|start
|switch|p1a: Tornadus|Tornadus-Therian, M|100/100
|switch|p2a: Tornadus|Tornadus-Therian, M|100/100
|turn|1
|c|☆MurderousMantyke|my display is glitched out
|c|☆MurderousMantyke|wth
|
|t:|1661458054
|switch|p2a: Toxapex|Toxapex, F|100/100
|move|p1a: Tornadus|Knock Off|p2a: Toxapex
|-damage|p2a: Toxapex|88/100
|-enditem|p2a: Toxapex|Shed Shell|[from] move: Knock Off|[of] p1a: Tornadus
|
|upkeep
|turn|2
|
|t:|1661458060
|move|p1a: Tornadus|U-turn|p2a: Toxapex
|-resisted|p2a: Toxapex
|-damage|p2a: Toxapex|84/100
|
|t:|1661458064
|switch|p1a: Corviknight|Corviknight, F|100/100|[from]move: U-turn
|-ability|p1a: Corviknight|Pressure
|move|p2a: Toxapex|Knock Off|p1a: Corviknight
|-damage|p1a: Corviknight|92/100
|-damage|p2a: Toxapex|67/100|[from] item: Rocky Helmet|[of] p1a: Corviknight
|-enditem|p1a: Corviknight|Rocky Helmet|[from] move: Knock Off|[of] p2a: Toxapex
|
|upkeep
|turn|3
|
|t:|1661458068
|move|p1a: Corviknight|U-turn|p2a: Toxapex
|-resisted|p2a: Toxapex
|-damage|p2a: Toxapex|63/100
|
|t:|1661458073
|switch|p1a: Ninetales|Ninetales-Alola, F|100/100|[from]move: U-turn
|-weather|Hail|[from] ability: Snow Warning|[of] p1a: Ninetales
|move|p2a: Toxapex|Recover|p2a: Toxapex
|-heal|p2a: Toxapex|100/100
|
|-weather|Hail|[upkeep]
|-damage|p2a: Toxapex|94/100|[from] Hail
|upkeep
|turn|4
|
|t:|1661458078
|move|p1a: Ninetales|Aurora Veil|p1a: Ninetales
|-sidestart|p1: MurderousMantyke|move: Aurora Veil
|move|p2a: Toxapex|Knock Off|p1a: Ninetales
|-resisted|p1a: Ninetales
|-damage|p1a: Ninetales|96/100
|-enditem|p1a: Ninetales|Icy Rock|[from] move: Knock Off|[of] p2a: Toxapex
|
|-weather|Hail|[upkeep]
|-damage|p2a: Toxapex|88/100|[from] Hail
|upkeep
|turn|5
|
|t:|1661458082
|move|p1a: Ninetales|Freeze-Dry|p2a: Toxapex
|-supereffective|p2a: Toxapex
|-damage|p2a: Toxapex|54/100
|-status|p2a: Toxapex|frz
|cant|p2a: Toxapex|frz
|
|-weather|Hail|[upkeep]
|-damage|p2a: Toxapex|48/100 frz|[from] Hail
|upkeep
|turn|6
|
|t:|1661458085
|switch|p1a: Arctozolt|Arctozolt|100/100
|-curestatus|p2a: Toxapex|frz|[from] move: Scald
|move|p2a: Toxapex|Scald|p1a: Arctozolt
|-damage|p1a: Arctozolt|88/100
|
|-weather|Hail|[upkeep]
|-damage|p2a: Toxapex|42/100|[from] Hail
|-heal|p1a: Arctozolt|95/100|[from] item: Leftovers
|upkeep
|turn|7
|
|t:|1661458091
|switch|p2a: Hippowdon|Hippowdon, F|100/100
|-weather|Sandstorm|[from] ability: Sand Stream|[of] p2a: Hippowdon
|move|p1a: Arctozolt|Substitute|p1a: Arctozolt
|-start|p1a: Arctozolt|Substitute
|-damage|p1a: Arctozolt|70/100
|
|-weather|Sandstorm|[upkeep]
|-damage|p1a: Arctozolt|63/100|[from] Sandstorm
|-heal|p1a: Arctozolt|70/100|[from] item: Leftovers
|upkeep
|turn|8
|
|t:|1661458095
|move|p1a: Arctozolt|Blizzard|p2a: Hippowdon
|-supereffective|p2a: Hippowdon
|-damage|p2a: Hippowdon|49/100
|-status|p2a: Hippowdon|frz
|cant|p2a: Hippowdon|frz
|
|-weather|Sandstorm|[upkeep]
|-damage|p1a: Arctozolt|63/100|[from] Sandstorm
|-heal|p1a: Arctozolt|70/100|[from] item: Leftovers
|-heal|p2a: Hippowdon|55/100 frz|[from] item: Leftovers
|-sideend|p1: MurderousMantyke|move: Aurora Veil
|upkeep
|turn|9
|
|t:|1661458100
|move|p1a: Arctozolt|Blizzard|p2a: Hippowdon|[miss]
|-miss|p1a: Arctozolt|p2a: Hippowdon
|cant|p2a: Hippowdon|frz
|
|-weather|Sandstorm|[upkeep]
|-damage|p1a: Arctozolt|63/100|[from] Sandstorm
|-heal|p1a: Arctozolt|70/100|[from] item: Leftovers
|-heal|p2a: Hippowdon|61/100 frz|[from] item: Leftovers
|upkeep
|turn|10
|c|☆MurderousMantyke|mb
|
|t:|1661458107
|switch|p2a: Heatran|Heatran, F|100/100
|move|p1a: Arctozolt|Blizzard|p2a: Heatran
|-resisted|p2a: Heatran
|-damage|p2a: Heatran|95/100
|-status|p2a: Heatran|frz
|
|-weather|Sandstorm|[upkeep]
|-damage|p1a: Arctozolt|63/100|[from] Sandstorm
|-heal|p1a: Arctozolt|70/100|[from] item: Leftovers
|-heal|p2a: Heatran|100/100 frz|[from] item: Leftovers
|upkeep
|turn|11
|c|☆MurderousMantyke|..
|
|t:|1661458111
|move|p1a: Arctozolt|Low Kick|p2a: Heatran
|-supereffective|p2a: Heatran
|-damage|p2a: Heatran|49/100 frz
|cant|p2a: Heatran|frz
|
|-weather|none
|-heal|p1a: Arctozolt|76/100|[from] item: Leftovers
|-heal|p2a: Heatran|55/100 frz|[from] item: Leftovers
|upkeep
|turn|12
|c|☆Stads|Yeah
|c|☆Stads|I think you're gonna win this one
|
|t:|1661458126
|switch|p2a: Toxapex|Toxapex, F|75/100
|move|p1a: Arctozolt|Bolt Beak|p2a: Toxapex
|-supereffective|p2a: Toxapex
|-damage|p2a: Toxapex|0 fnt
|faint|p2a: Toxapex
|
|-heal|p1a: Arctozolt|82/100|[from] item: Leftovers
|upkeep
|-message|Stads forfeited.
|
|win|MurderousMantyke
|raw|MurderousMantyke's rating: 1566 &rarr; <strong>1592</strong><br />(+26 for winning)
|raw|Stads's rating: 1669 &rarr; <strong>1643</strong><br />(-26 for losing)
|l|☆Stads
||Ladder isn't responding, score probably updated but might not have (Request timeout).
