|j|☆Mamaw31180
|j|☆Captain Maybe
|player|p1|Mamaw31180|1|1309
|player|p2|Captain Maybe|30|1275
|teamsize|p1|6
|teamsize|p2|6
|gametype|singles
|gen|8
|tier|[Gen 8] OU
|rated|
|clearpoke
|poke|p1|Dragapult, F|
|poke|p1|Cinderace, F|
|poke|p1|Hawlucha, F|
|poke|p1|Excadrill, M|
|poke|p1|Grimmsnarl, M|
|poke|p1|Gyarados, F|
|poke|p2|Hatterene, F|
|poke|p2|Dragapult, F|
|poke|p2|Seismitoad, F|
|poke|p2|Toxtricity, M|
|poke|p2|Corviknight, M|
|poke|p2|Kommo-o, F|
|rule|Sleep Clause Mod: Limit one foe put to sleep
|rule|Species Clause: Limit one of each Pokémon
|rule|OHKO Clause: OHKO moves are banned
|rule|Evasion Moves Clause: Evasion moves are banned
|rule|Endless Battle Clause: Forcing endless battles is banned
|rule|HP Percentage Mod: HP is shown in percentages
|rule|Dynamax Clause: You cannot dynamax
|teampreview
|inactive|Battle timer is ON: inactive players will automatically lose when time's up. (requested by Mamaw31180)
|
|start
|switch|p1a: Cinderace|Cinderace, F|100/100
|switch|p2a: Dragapult|Dragapult, F|100/100
|turn|1
|
|switch|p1a: Grimmsnarl|Grimmsnarl, M|100/100
|move|p2a: Dragapult|U-turn|p1a: Grimmsnarl
|-damage|p1a: Grimmsnarl|79/100
|
|switch|p2a: Seismitoad|Seismitoad, F, shiny|100/100|[from]move: U-turn
|
|upkeep
|turn|2
|
|move|p1a: Grimmsnarl|Taunt|p2a: Seismitoad
|-start|p2a: Seismitoad|move: Taunt
|cant|p2a: Seismitoad|move: Taunt|Stealth Rock
|
|upkeep
|turn|3
|
|move|p1a: Grimmsnarl|Light Screen|p1a: Grimmsnarl
|-sidestart|p1: Mamaw31180|move: Light Screen
|move|p2a: Seismitoad|Scald|p1a: Grimmsnarl
|-damage|p1a: Grimmsnarl|64/100
|
|upkeep
|turn|4
|
|switch|p1a: Dragapult|Dragapult, F|100/100
|switch|p2a: Corviknight|Corviknight, M|100/100
|-ability|p2a: Corviknight|Pressure
|
|upkeep
|turn|5
|
|move|p1a: Dragapult|Fire Blast|p2a: Corviknight
|-supereffective|p2a: Corviknight
|-damage|p2a: Corviknight|24/100
|move|p2a: Corviknight|Brave Bird|p1a: Dragapult
|-damage|p1a: Dragapult|51/100
|-damage|p2a: Corviknight|12/100|[from] Recoil
|
|-heal|p2a: Corviknight|18/100|[from] item: Leftovers
|upkeep
|turn|6
|
|switch|p2a: Seismitoad|Seismitoad, F, shiny|100/100
|move|p1a: Dragapult|Fire Blast|p2a: Seismitoad
|-resisted|p2a: Seismitoad
|-damage|p2a: Seismitoad|76/100
|-status|p2a: Seismitoad|brn
|
|-heal|p2a: Seismitoad|82/100 brn|[from] item: Leftovers
|-damage|p2a: Seismitoad|76/100 brn|[from] brn
|upkeep
|turn|7
|
|switch|p1a: Gyarados|Gyarados, F|100/100
|move|p2a: Seismitoad|Stealth Rock|p1a: Gyarados
|-sidestart|p1: Mamaw31180|move: Stealth Rock
|
|-heal|p2a: Seismitoad|82/100 brn|[from] item: Leftovers
|-damage|p2a: Seismitoad|76/100 brn|[from] brn
|upkeep
|turn|8
|
|move|p1a: Gyarados|Bounce||[still]
|-prepare|p1a: Gyarados|Bounce|p2a: Seismitoad
|move|p2a: Seismitoad|Toxic|p1a: Gyarados|[miss]
|-miss|p2a: Seismitoad|p1a: Gyarados
|
|-heal|p2a: Seismitoad|82/100 brn|[from] item: Leftovers
|-damage|p2a: Seismitoad|76/100 brn|[from] brn
|upkeep
|turn|9
|
|move|p1a: Gyarados|Bounce|p2a: Seismitoad|[from]lockedmove
|-damage|p2a: Seismitoad|47/100 brn
|move|p2a: Seismitoad|Toxic|p1a: Gyarados
|-status|p1a: Gyarados|tox
|
|-heal|p2a: Seismitoad|53/100 brn|[from] item: Leftovers
|-damage|p1a: Gyarados|94/100 tox|[from] psn
|-damage|p2a: Seismitoad|47/100 brn|[from] brn
|upkeep
|turn|10
|
|switch|p1a: Cinderace|Cinderace, F|100/100
|switch|p2a: Corviknight|Corviknight, M|18/100
|-ability|p2a: Corviknight|Pressure
|
|-heal|p2a: Corviknight|24/100|[from] item: Leftovers
|-sideend|p1: Mamaw31180|move: Light Screen
|upkeep
|turn|11
|
|move|p1a: Cinderace|Court Change|p1a: Cinderace
|-sideend|p1: Mamaw31180|Stealth Rock|[silent]
|-sidestart|p2: Captain Maybe|Stealth Rock|[silent]
|-activate|p1a: Cinderace|move: Court Change
|move|p2a: Corviknight|Roost|p2a: Corviknight
|-heal|p2a: Corviknight|74/100
|-singleturn|p2a: Corviknight|move: Roost
|
|-heal|p2a: Corviknight|80/100|[from] item: Leftovers
|upkeep
|turn|12
|
|switch|p2a: Seismitoad|Seismitoad, F, shiny|47/100 brn
|-damage|p2a: Seismitoad|41/100 brn|[from] Stealth Rock
|move|p1a: Cinderace|Pyro Ball|p2a: Seismitoad
|-resisted|p2a: Seismitoad
|-damage|p2a: Seismitoad|19/100 brn
|
|-heal|p2a: Seismitoad|25/100 brn|[from] item: Leftovers
|-damage|p2a: Seismitoad|19/100 brn|[from] brn
|upkeep
|turn|13
|
|move|p1a: Cinderace|Pyro Ball|p2a: Seismitoad
|-resisted|p2a: Seismitoad
|-damage|p2a: Seismitoad|0 fnt
|faint|p2a: Seismitoad
|
|upkeep
|inactive|Captain Maybe has 120 seconds left.
|
|switch|p2a: Kommo-o|Kommo-o, F|100/100
|-damage|p2a: Kommo-o|94/100|[from] Stealth Rock
|turn|14
|
|move|p1a: Cinderace|U-turn|p2a: Kommo-o
|-resisted|p2a: Kommo-o
|-damage|p2a: Kommo-o|84/100
|
|switch|p1a: Grimmsnarl|Grimmsnarl, M|64/100|[from]move: U-turn
|move|p2a: Kommo-o|Clangorous Soul|p2a: Kommo-o
|-boost|p2a: Kommo-o|atk|1
|-boost|p2a: Kommo-o|def|1
|-boost|p2a: Kommo-o|spa|1
|-boost|p2a: Kommo-o|spd|1
|-boost|p2a: Kommo-o|spe|1
|-damage|p2a: Kommo-o|51/100
|-enditem|p2a: Kommo-o|Throat Spray
|-boost|p2a: Kommo-o|spa|1
|
|upkeep
|turn|15
|
|move|p2a: Kommo-o|Flash Cannon|p1a: Grimmsnarl
|-supereffective|p1a: Grimmsnarl
|-damage|p1a: Grimmsnarl|0 fnt
|faint|p1a: Grimmsnarl
|
|upkeep
|
|switch|p1a: Excadrill|Excadrill, M|100/100
|-ability|p1a: Excadrill|Mold Breaker
|turn|16
|
|move|p1a: Excadrill|Earthquake|p2a: Kommo-o
|-damage|p2a: Kommo-o|17/100
|move|p2a: Kommo-o|Flamethrower|p1a: Excadrill
|-supereffective|p1a: Excadrill
|-damage|p1a: Excadrill|0 fnt
|faint|p1a: Excadrill
|
|upkeep
|
|switch|p1a: Gyarados|Gyarados, F|94/100 tox
|turn|17
|
|move|p2a: Kommo-o|Clanging Scales|p1a: Gyarados
|-damage|p1a: Gyarados|0 fnt
|-unboost|p2a: Kommo-o|def|1
|faint|p1a: Gyarados
|
|upkeep
|
|switch|p1a: Hawlucha|Hawlucha, F|100/100
|turn|18
|
|move|p2a: Kommo-o|Clanging Scales|p1a: Hawlucha
|-damage|p1a: Hawlucha|0 fnt
|-unboost|p2a: Kommo-o|def|1
|faint|p1a: Hawlucha
|
|upkeep
|
|switch|p1a: Cinderace|Cinderace, F|100/100
|turn|19
|
|move|p2a: Kommo-o|Clanging Scales|p1a: Cinderace
|-damage|p1a: Cinderace|0 fnt
|-unboost|p2a: Kommo-o|def|1
|faint|p1a: Cinderace
|
|upkeep
|
|switch|p1a: Dragapult|Dragapult, F|51/100
|turn|20
|
|move|p2a: Kommo-o|Clanging Scales|p1a: Dragapult
|-supereffective|p1a: Dragapult
|-damage|p1a: Dragapult|0 fnt
|-unboost|p2a: Kommo-o|def|1
|faint|p1a: Dragapult
|
|win|Captain Maybe
|l|☆Mamaw31180
||Ladder (probably) updated, but score could not be retrieved (Response not received).
