|j|☆Adel19
|j|☆ilysmm
|t:|1653766176
|gametype|singles
|player|p1|Adel19|101|1711
|player|p2|ilysmm|1|1675
|teamsize|p1|6
|teamsize|p2|6
|gen|8
|tier|[Gen 8] OU
|rated|
|rule|Sleep Clause Mod: Limit one foe put to sleep
|rule|Species Clause: Limit one of each Pokémon
|rule|OHKO Clause: OHKO moves are banned
|rule|Evasion Moves Clause: Evasion moves are banned
|rule|Endless Battle Clause: Forcing endless battles is banned
|rule|HP Percentage Mod: HP is shown in percentages
|rule|Dynamax Clause: You cannot dynamax
|clearpoke
|poke|p1|Landorus-Therian, M|
|poke|p1|Zeraora|
|poke|p1|Kartana|
|poke|p1|Tapu Fini|
|poke|p1|Blissey, F|
|poke|p1|Tapu Lele|
|poke|p2|Dragonite, M|
|poke|p2|Melmetal|
|poke|p2|Weavile, F|
|poke|p2|Kartana|
|poke|p2|Landorus-Therian, M|
|poke|p2|Volcanion|
|teampreview
|j| Celtis
|inactive|Battle timer is ON: inactive players will automatically lose when time's up. (requested by Adel19)
|inactive|ilysmm has 120 seconds left.
|
|t:|1653766244
|start
|switch|p1a: Landorus|Landorus-Therian, M|100/100
|switch|p2a: Kaepora|Landorus-Therian, M|100/100
|-ability|p1a: Landorus|Intimidate|boost
|-unboost|p2a: Kaepora|atk|1
|-ability|p2a: Kaepora|Intimidate|boost
|-unboost|p1a: Landorus|atk|1
|turn|1
|inactive|Adel19 has 120 seconds left.
|
|t:|1653766283
|move|p1a: Landorus|Swords Dance|p1a: Landorus
|-boost|p1a: Landorus|atk|2
|move|p2a: Kaepora|Toxic|p1a: Landorus
|-status|p1a: Landorus|tox
|
|-damage|p1a: Landorus|95/100 tox|[from] psn
|upkeep
|turn|2
|inactive|ilysmm has 120 seconds left.
|
|t:|1653766299
|move|p1a: Landorus|Stone Edge|p2a: Kaepora
|-damage|p2a: Kaepora|51/100
|move|p2a: Kaepora|U-turn|p1a: Landorus
|-resisted|p1a: Landorus
|-damage|p1a: Landorus|86/100 tox
|inactive|ilysmm has 120 seconds left.
|
|t:|1653766304
|switch|p2a: Ardoise|Weavile, F|100/100|[from]move: U-turn
|-ability|p2a: Ardoise|Pressure
|
|-damage|p1a: Landorus|74/100 tox|[from] psn
|upkeep
|turn|3
|inactive|Adel19 has 120 seconds left.
|j| Arnaud senju vgc
|inactive|Adel19 has 90 seconds left.
|
|t:|1653766364
|move|p2a: Ardoise|Beat Up|p1a: Landorus
|-damage|p1a: Landorus|59/100 tox
|-damage|p1a: Landorus|42/100 tox
|-damage|p1a: Landorus|25/100 tox
|-damage|p1a: Landorus|6/100 tox
|-damage|p1a: Landorus|0 fnt
|faint|p1a: Landorus
|-hitcount|p1: Landorus|5
|
|upkeep
|
|t:|1653766372
|switch|p1a: Tapu Lele|Tapu Lele|100/100
|-fieldstart|move: Psychic Terrain|[from] ability: Psychic Surge|[of] p1a: Tapu Lele
|turn|4
|
|t:|1653766383
|switch|p2a: Gabbro|Volcanion|100/100
|move|p1a: Tapu Lele|Moonblast|p2a: Gabbro
|-resisted|p2a: Gabbro
|-damage|p2a: Gabbro|63/100
|
|upkeep
|turn|5
|
|t:|1653766396
|move|p1a: Tapu Lele|Moonblast|p2a: Gabbro
|-resisted|p2a: Gabbro
|-damage|p2a: Gabbro|28/100
|-unboost|p2a: Gabbro|spa|1
|move|p2a: Gabbro|Steam Eruption|p1a: Tapu Lele
|-damage|p1a: Tapu Lele|64/100
|
|upkeep
|turn|6
|
|t:|1653766408
|switch|p2a: Chail|Melmetal|100/100
|move|p1a: Tapu Lele|Moonblast|p2a: Chail
|-resisted|p2a: Chail
|-damage|p2a: Chail|82/100
|
|upkeep
|turn|7
|inactive|Adel19 has 90 seconds left.
|
|t:|1653766424
|move|p1a: Tapu Lele|Moonblast|p2a: Chail
|-resisted|p2a: Chail
|-damage|p2a: Chail|63/100
|move|p2a: Chail|Double Iron Bash|p1a: Tapu Lele
|-supereffective|p1a: Tapu Lele
|-damage|p1a: Tapu Lele|0 fnt
|faint|p1a: Tapu Lele
|-hitcount|p1: Tapu Lele|1
|
|upkeep
|
|t:|1653766428
|switch|p1a: Kartana|Kartana|100/100
|turn|8
|
|t:|1653766452
|switch|p2a: Riebbeck|Dragonite, M|100/100
|move|p1a: Kartana|Swords Dance|p1a: Kartana
|-boost|p1a: Kartana|atk|2
|
|-fieldend|move: Psychic Terrain
|upkeep
|turn|9
|
|t:|1653766459
|move|p1a: Kartana|Sacred Sword|p2a: Riebbeck
|-resisted|p2a: Riebbeck
|-damage|p2a: Riebbeck|88/100
|move|p2a: Riebbeck|Dragon Dance|p2a: Riebbeck
|-boost|p2a: Riebbeck|atk|1
|-boost|p2a: Riebbeck|spe|1
|
|upkeep
|turn|10
|
|t:|1653766474
|move|p2a: Riebbeck|Dual Wingbeat|p1a: Kartana
|-damage|p1a: Kartana|73/100
|-damage|p1a: Kartana|48/100
|-hitcount|p1a: Kartana|2
|move|p1a: Kartana|Knock Off|p2a: Riebbeck
|-damage|p2a: Riebbeck|31/100
|-enditem|p2a: Riebbeck|Heavy-Duty Boots|[from] move: Knock Off|[of] p1a: Kartana
|
|upkeep
|turn|11
|l| Arnaud senju vgc
|
|t:|1653766491
|move|p2a: Riebbeck|Roost|p2a: Riebbeck
|-heal|p2a: Riebbeck|82/100
|-singleturn|p2a: Riebbeck|move: Roost
|move|p1a: Kartana|Knock Off|p2a: Riebbeck
|-damage|p2a: Riebbeck|42/100
|
|upkeep
|turn|12
|
|t:|1653766501
|move|p2a: Riebbeck|Roost|p2a: Riebbeck
|-heal|p2a: Riebbeck|92/100
|-singleturn|p2a: Riebbeck|move: Roost
|move|p1a: Kartana|Swords Dance|p1a: Kartana
|-boost|p1a: Kartana|atk|2
|
|upkeep
|turn|13
|
|t:|1653766506
|move|p2a: Riebbeck|Dual Wingbeat|p1a: Kartana
|-damage|p1a: Kartana|24/100
|-damage|p1a: Kartana|0 fnt
|faint|p1a: Kartana
|-hitcount|p1: Kartana|2
|
|upkeep
|
|t:|1653766510
|switch|p1a: Tapu Fini|Tapu Fini|100/100
|-fieldstart|move: Misty Terrain|[from] ability: Misty Surge|[of] p1a: Tapu Fini
|turn|14
|
|t:|1653766515
|switch|p2a: Chail|Melmetal|63/100
|move|p1a: Tapu Fini|Moonblast|p2a: Chail
|-resisted|p2a: Chail
|-damage|p2a: Chail|55/100
|
|upkeep
|turn|15
|
|t:|1653766525
|switch|p1a: Blissey|Blissey, F|100/100
|move|p2a: Chail|Double Iron Bash|p1a: Blissey
|-damage|p1a: Blissey|69/100
|-damage|p1a: Blissey|35/100
|-hitcount|p1a: Blissey|2
|
|upkeep
|turn|16
|
|t:|1653766542
|move|p1a: Blissey|Stealth Rock|p2a: Chail
|-sidestart|p2: ilysmm|move: Stealth Rock
|move|p2a: Chail|Double Iron Bash|p1a: Blissey
|-damage|p1a: Blissey|3/100
|-damage|p1a: Blissey|0 fnt
|faint|p1a: Blissey
|-hitcount|p1: Blissey|2
|
|upkeep
|j| Paper Returns
|
|t:|1653766549
|switch|p1a: Zeraora|Zeraora|100/100
|turn|17
|j| Caesarcai
|l| Caesarcai
|
|t:|1653766561
|switch|p2a: Kaepora|Landorus-Therian, M|51/100
|-damage|p2a: Kaepora|38/100|[from] Stealth Rock
|-ability|p2a: Kaepora|Intimidate|boost
|-unboost|p1a: Zeraora|atk|1
|move|p1a: Zeraora|Bulk Up|p1a: Zeraora
|-boost|p1a: Zeraora|atk|1
|-boost|p1a: Zeraora|def|1
|
|-heal|p2a: Kaepora|44/100|[from] item: Leftovers
|upkeep
|turn|18
|
|t:|1653766570
|move|p1a: Zeraora|Knock Off|p2a: Kaepora
|-crit|p2a: Kaepora
|-damage|p2a: Kaepora|10/100
|-enditem|p2a: Kaepora|Leftovers|[from] move: Knock Off|[of] p1a: Zeraora
|move|p2a: Kaepora|Earthquake|p1a: Zeraora
|-supereffective|p1a: Zeraora
|-damage|p1a: Zeraora|15/100
|
|-fieldend|Misty Terrain
|upkeep
|turn|19
|j| sfyjfhgjk
|
|t:|1653766577
|move|p1a: Zeraora|Knock Off|p2a: Kaepora
|-damage|p2a: Kaepora|0 fnt
|faint|p2a: Kaepora
|
|upkeep
|
|t:|1653766580
|switch|p2a: Feldspath|Kartana|100/100
|-damage|p2a: Feldspath|94/100|[from] Stealth Rock
|turn|20
|
|t:|1653766584
|move|p2a: Feldspath|Leaf Blade|p1a: Zeraora
|-damage|p1a: Zeraora|0 fnt
|faint|p1a: Zeraora
|-ability|p2a: Feldspath|Beast Boost|boost
|-boost|p2a: Feldspath|atk|1
|
|upkeep
|-message|Adel19 forfeited.
|
|win|ilysmm
|raw|Adel19's rating: 1711 &rarr; <strong>1689</strong><br />(-22 for losing)
|raw|ilysmm's rating: 1675 &rarr; <strong>1697</strong><br />(+22 for winning)
|l|☆Adel19
|l|☆ilysmm
