|j|☆30orless
|j|☆2(H2O)
|t:|1657988431
|gametype|singles
|player|p1|30orless|2|1815
|player|p2|2(H2O)|chase|1770
|teamsize|p1|6
|teamsize|p2|6
|gen|8
|tier|[Gen 8] OU
|rated|
|rule|Sleep Clause Mod: Limit one foe put to sleep
|rule|Species Clause: Limit one of each Pokémon
|rule|OHKO Clause: OHKO moves are banned
|rule|Evasion Moves Clause: Evasion moves are banned
|rule|Endless Battle Clause: Forcing endless battles is banned
|rule|HP Percentage Mod: HP is shown in percentages
|rule|Dynamax Clause: You cannot dynamax
|clearpoke
|poke|p1|Heatran, M|
|poke|p1|Hydreigon, M|
|poke|p1|Blaziken, F|
|poke|p1|Volcanion|
|poke|p1|Zapdos|
|poke|p1|Mamoswine, M|
|poke|p2|Zygarde-10%|
|poke|p2|Victini|
|poke|p2|Slowking-Galar, M|
|poke|p2|Tapu Koko|
|poke|p2|Dragonite, M|
|poke|p2|Swampert, M|
|teampreview
|inactive|Battle timer is ON: inactive players will automatically lose when time's up. (requested by 2(H2O))
|
|t:|1657988447
|start
|switch|p1a: Volcanion|Volcanion|100/100
|switch|p2a: Swampert|Swampert, M|100/100
|turn|1
|
|t:|1657988453
|move|p1a: Volcanion|Steam Eruption|p2a: Swampert
|-damage|p2a: Swampert|60/100
|-status|p2a: Swampert|brn
|move|p2a: Swampert|Stealth Rock|p1a: Volcanion
|-sidestart|p1: 30orless|move: Stealth Rock
|
|-heal|p2a: Swampert|66/100 brn|[from] item: Leftovers
|-damage|p2a: Swampert|60/100 brn|[from] brn
|upkeep
|turn|2
|l|☆2(H2O)
|inactive|2(H2O) disconnected and has a minute to reconnect!
|player|p2|
|j| gen 3 OFOV
|j|☆2(H2O)
|inactive|2(H2O) reconnected and has 115 seconds left.
|player|p2|2(H2O)|chase
|
|t:|1657988493
|switch|p2a: Slowking|Slowking-Galar, M|100/100
|move|p1a: Volcanion|Defog|p2a: Slowking
|-unboost|p2a: Slowking|evasion|1
|-sideend|p1: 30orless|Stealth Rock|[from] move: Defog|[of] p1a: Volcanion
|
|upkeep
|turn|3
|
|t:|1657988502
|move|p1a: Volcanion|Steam Eruption|p2a: Slowking
|-damage|p2a: Slowking|74/100
|move|p2a: Slowking|Future Sight|p1a: Volcanion
|-start|p2a: Slowking|move: Future Sight
|
|upkeep
|turn|4
|
|t:|1657988506
|move|p1a: Volcanion|Steam Eruption|p2a: Slowking
|-damage|p2a: Slowking|48/100
|move|p2a: Slowking|Sludge Bomb|p1a: Volcanion
|-damage|p1a: Volcanion|61/100
|-status|p1a: Volcanion|psn
|
|-damage|p1a: Volcanion|49/100 psn|[from] psn
|upkeep
|turn|5
|
|t:|1657988509
|switch|p1a: Hydreigon|Hydreigon, M|100/100
|switch|p2a: Swampert|Swampert, M|60/100 brn
|
|-end|p1a: Hydreigon|move: Future Sight
|-immune|p1a: Hydreigon
|-heal|p2a: Swampert|66/100 brn|[from] item: Leftovers
|-damage|p2a: Swampert|60/100 brn|[from] brn
|upkeep
|turn|6
|
|t:|1657988515
|move|p1a: Hydreigon|Dark Pulse|p2a: Swampert
|-damage|p2a: Swampert|31/100 brn
|cant|p2a: Swampert|flinch
|
|-heal|p2a: Swampert|37/100 brn|[from] item: Leftovers
|-damage|p2a: Swampert|31/100 brn|[from] brn
|upkeep
|turn|7
|
|t:|1657988519
|move|p1a: Hydreigon|Dark Pulse|p2a: Swampert
|-damage|p2a: Swampert|0 fnt
|faint|p2a: Swampert
|
|upkeep
|
|t:|1657988522
|switch|p2a: Zygarde|Zygarde-10%|100/100
|-ability|p2a: Zygarde|Aura Break
|turn|8
|j| GoldenStateIdiots
|
|t:|1657988549
|move|p1a: Hydreigon|Dark Pulse|p2a: Zygarde
|-damage|p2a: Zygarde|34/100
|cant|p2a: Zygarde|flinch
|
|upkeep
|turn|9
|
|t:|1657988554
|switch|p2a: Tapu Koko|Tapu Koko|100/100
|-fieldstart|move: Electric Terrain|[from] ability: Electric Surge|[of] p2a: Tapu Koko
|move|p1a: Hydreigon|Dark Pulse|p2a: Tapu Koko
|-resisted|p2a: Tapu Koko
|-damage|p2a: Tapu Koko|68/100
|
|upkeep
|turn|10
|
|t:|1657988558
|switch|p1a: Volcanion|Volcanion|49/100 psn
|move|p2a: Tapu Koko|U-turn|p1a: Volcanion
|-resisted|p1a: Volcanion
|-damage|p1a: Volcanion|42/100 psn
|
|t:|1657988560
|switch|p2a: Zygarde|Zygarde-10%|34/100|[from]move: U-turn
|-ability|p2a: Zygarde|Aura Break
|
|-damage|p1a: Volcanion|30/100 psn|[from] psn
|upkeep
|turn|11
|
|t:|1657988563
|move|p2a: Zygarde|Thousand Arrows|p1a: Volcanion
|-supereffective|p1a: Volcanion
|-damage|p1a: Volcanion|0 fnt
|faint|p1a: Volcanion
|
|upkeep
|
|t:|1657988567
|switch|p1a: Mamoswine|Mamoswine, M|100/100
|turn|12
|
|t:|1657988575
|switch|p2a: Dragonite|Dragonite, M|100/100
|move|p1a: Mamoswine|Stealth Rock|p2a: Dragonite
|-sidestart|p2: 2(H2O)|move: Stealth Rock
|
|upkeep
|turn|13
|
|t:|1657988577
|switch|p2a: Victini|Victini|100/100
|move|p1a: Mamoswine|Ice Shard|p2a: Victini
|-resisted|p2a: Victini
|-damage|p2a: Victini|87/100
|
|-fieldend|move: Electric Terrain
|upkeep
|turn|14
|j| TopLadderMR0404040
|
|t:|1657988584
|switch|p1a: Zapdos|Zapdos|100/100
|move|p2a: Victini|U-turn|p1a: Zapdos
|-resisted|p1a: Zapdos
|-damage|p1a: Zapdos|90/100
|-status|p2a: Victini|par|[from] ability: Static|[of] p1a: Zapdos
|
|t:|1657988589
|switch|p2a: Tapu Koko|Tapu Koko|68/100|[from]move: U-turn
|-fieldstart|move: Electric Terrain|[from] ability: Electric Surge|[of] p2a: Tapu Koko
|
|upkeep
|turn|15
|
|t:|1657988593
|move|p2a: Tapu Koko|Thunderbolt|p1a: Zapdos
|-damage|p1a: Zapdos|42/100
|move|p1a: Zapdos|Discharge|p2a: Tapu Koko
|-resisted|p2a: Tapu Koko
|-damage|p2a: Tapu Koko|33/100
|
|upkeep
|turn|16
|
|t:|1657988599
|move|p2a: Tapu Koko|U-turn|p1a: Zapdos
|-resisted|p1a: Zapdos
|-damage|p1a: Zapdos|34/100
|
|t:|1657988603
|switch|p2a: Dragonite|Dragonite, M|100/100|[from]move: U-turn
|move|p1a: Zapdos|Discharge|p2a: Dragonite
|-damage|p2a: Dragonite|82/100
|
|upkeep
|turn|17
|
|t:|1657988607
|move|p1a: Zapdos|Discharge|p2a: Dragonite
|-damage|p2a: Dragonite|46/100
|move|p2a: Dragonite|Dragon Dance|p2a: Dragonite
|-boost|p2a: Dragonite|atk|1
|-boost|p2a: Dragonite|spe|1
|
|upkeep
|turn|18
|
|t:|1657988612
|move|p2a: Dragonite|Roost|p2a: Dragonite
|-heal|p2a: Dragonite|96/100
|-singleturn|p2a: Dragonite|move: Roost
|move|p1a: Zapdos|Discharge|p2a: Dragonite
|-resisted|p2a: Dragonite
|-damage|p2a: Dragonite|76/100
|
|-fieldend|move: Electric Terrain
|upkeep
|turn|19
|
|t:|1657988615
|move|p2a: Dragonite|Roost|p2a: Dragonite
|-heal|p2a: Dragonite|100/100
|-singleturn|p2a: Dragonite|move: Roost
|move|p1a: Zapdos|Discharge|p2a: Dragonite
|-resisted|p2a: Dragonite
|-damage|p2a: Dragonite|91/100
|
|upkeep
|turn|20
|
|t:|1657988617
|move|p2a: Dragonite|Dragon Dance|p2a: Dragonite
|-boost|p2a: Dragonite|atk|1
|-boost|p2a: Dragonite|spe|1
|move|p1a: Zapdos|Discharge|p2a: Dragonite
|-damage|p2a: Dragonite|53/100
|
|upkeep
|turn|21
|
|t:|1657988620
|move|p2a: Dragonite|Roost|p2a: Dragonite
|-heal|p2a: Dragonite|100/100
|-singleturn|p2a: Dragonite|move: Roost
|move|p1a: Zapdos|Discharge|p2a: Dragonite
|-resisted|p2a: Dragonite
|-damage|p2a: Dragonite|91/100
|-status|p2a: Dragonite|par
|
|upkeep
|turn|22
|
|t:|1657988624
|move|p1a: Zapdos|Hurricane|p2a: Dragonite
|-damage|p2a: Dragonite|34/100 par
|-start|p2a: Dragonite|confusion
|-activate|p2a: Dragonite|confusion
|move|p2a: Dragonite|Dragon Dance|p2a: Dragonite
|-boost|p2a: Dragonite|atk|1
|-boost|p2a: Dragonite|spe|1
|
|upkeep
|turn|23
|
|t:|1657988631
|-end|p2a: Dragonite|confusion
|cant|p2a: Dragonite|par
|move|p1a: Zapdos|Discharge|p2a: Dragonite
|-damage|p2a: Dragonite|0 fnt
|faint|p2a: Dragonite
|
|upkeep
|-message|2(H2O) forfeited.
|
|win|30orless
|raw|30orless's rating: 1815 &rarr; <strong>1832</strong><br />(+17 for winning)
|raw|2(H2O)'s rating: 1770 &rarr; <strong>1753</strong><br />(-17 for losing)
|l|☆2(H2O)
