|j|☆damorush
|j|☆Adopted
|t:|1641148392
|gametype|singles
|player|p1|damorush|266|1566
|player|p2|Adopted|firebreather|1572
|teamsize|p1|6
|teamsize|p2|6
|gen|8
|tier|[Gen 8] OU
|rated|
|rule|Sleep Clause Mod: Limit one foe put to sleep
|rule|Species Clause: Limit one of each Pokémon
|rule|OHKO Clause: OHKO moves are banned
|rule|Evasion Moves Clause: Evasion moves are banned
|rule|Endless Battle Clause: Forcing endless battles is banned
|rule|HP Percentage Mod: HP is shown in percentages
|rule|Dynamax Clause: You cannot dynamax
|clearpoke
|poke|p1|Dragapult, M|
|poke|p1|Tapu Lele|
|poke|p1|Volcarona, F|
|poke|p1|Blacephalon|
|poke|p1|Garchomp, M|
|poke|p1|Shuckle, M|
|poke|p2|Dragapult, F|
|poke|p2|Volcarona, M|
|poke|p2|Kartana|
|poke|p2|Melmetal|
|poke|p2|Salamence, M|
|poke|p2|Klefki, M|
|teampreview
|inactive|Battle timer is ON: inactive players will automatically lose when time's up. (requested by Adopted)
|
|t:|1641148404
|start
|switch|p1a: Garchomp|Garchomp, M|100/100
|switch|p2a: Kartana|Kartana|100/100
|turn|1
|
|t:|1641148412
|switch|p1a: Shuckle|Shuckle, M|100/100
|move|p2a: Kartana|Swords Dance|p2a: Kartana
|-boost|p2a: Kartana|atk|2
|
|upkeep
|turn|2
|
|t:|1641148418
|move|p2a: Kartana|Leaf Blade|p1a: Shuckle
|-damage|p1a: Shuckle|25/100
|-enditem|p1a: Shuckle|Red Card|[of] p2a: Kartana
|drag|p2a: Klefki|Klefki, M|100/100
|move|p1a: Shuckle|Sticky Web|p2a: Klefki
|-sidestart|p2: Adopted|move: Sticky Web
|
|upkeep
|turn|3
|
|t:|1641148439
|move|p2a: Klefki|Defog|p1a: Shuckle
|-unboost|p1a: Shuckle|evasion|1
|-sideend|p2: Adopted|Sticky Web|[from] move: Defog|[of] p2a: Klefki
|move|p1a: Shuckle|Stealth Rock|p2a: Klefki
|-sidestart|p2: Adopted|move: Stealth Rock
|
|upkeep
|turn|4
|
|t:|1641148446
|move|p2a: Klefki|Thunder Wave|p1a: Shuckle
|-status|p1a: Shuckle|par
|move|p1a: Shuckle|Sticky Web|p2a: Klefki
|-sidestart|p2: Adopted|move: Sticky Web
|
|upkeep
|turn|5
|
|t:|1641148453
|move|p2a: Klefki|Defog|p1a: Shuckle
|-unboost|p1a: Shuckle|evasion|1
|-sideend|p2: Adopted|Stealth Rock|[from] move: Defog|[of] p2a: Klefki
|-sideend|p2: Adopted|Sticky Web|[from] move: Defog|[of] p2a: Klefki
|move|p1a: Shuckle|Encore|p2a: Klefki
|-start|p2a: Klefki|Encore
|
|upkeep
|turn|6
|
|t:|1641148461
|switch|p2a: Dragapult|Dragapult, F|100/100
|move|p1a: Shuckle|Sticky Web|p2a: Dragapult
|-sidestart|p2: Adopted|move: Sticky Web
|
|upkeep
|turn|7
|
|t:|1641148466
|move|p2a: Dragapult|Dragon Dance|p2a: Dragapult
|-boost|p2a: Dragapult|atk|1
|-boost|p2a: Dragapult|spe|1
|move|p1a: Shuckle|Stealth Rock|p2a: Dragapult
|-sidestart|p2: Adopted|move: Stealth Rock
|
|upkeep
|turn|8
|
|t:|1641148473
|move|p2a: Dragapult|Dragon Darts|p1a: Shuckle
|-damage|p1a: Shuckle|0 fnt
|faint|p1a: Shuckle
|
|upkeep
|
|t:|1641148481
|switch|p1a: Tapu Lele|Tapu Lele|100/100
|-fieldstart|move: Psychic Terrain|[from] ability: Psychic Surge|[of] p1a: Tapu Lele
|turn|9
|
|t:|1641148488
|switch|p1a: Volcarona|Volcarona, F|100/100
|move|p2a: Dragapult|Phantom Force||[still]
|-prepare|p2a: Dragapult|Phantom Force
|
|upkeep
|turn|10
|
|t:|1641148494
|move|p2a: Dragapult|Phantom Force|p1a: Volcarona|[from]lockedmove
|-damage|p1a: Volcarona|0 fnt
|faint|p1a: Volcarona
|
|upkeep
|
|t:|1641148499
|switch|p1a: Dragapult|Dragapult, M|100/100
|turn|11
|
|t:|1641148504
|switch|p1a: Tapu Lele|Tapu Lele|100/100
|move|p2a: Dragapult|Dragon Darts|p1a: Tapu Lele
|-immune|p1a: Tapu Lele
|
|upkeep
|turn|12
|
|t:|1641148512
|move|p2a: Dragapult|Phantom Force||[still]
|-prepare|p2a: Dragapult|Phantom Force
|move|p1a: Tapu Lele|Moonblast|p2a: Dragapult|[miss]
|-miss|p1a: Tapu Lele|p2a: Dragapult
|
|upkeep
|turn|13
|
|t:|1641148518
|switch|p1a: Garchomp|Garchomp, M|100/100
|move|p2a: Dragapult|Phantom Force|p1a: Garchomp|[from]lockedmove
|-damage|p1a: Garchomp|33/100
|-damage|p2a: Dragapult|88/100|[from] ability: Rough Skin|[of] p1a: Garchomp
|
|-heal|p1a: Garchomp|39/100|[from] item: Leftovers
|-fieldend|move: Psychic Terrain
|upkeep
|turn|14
|
|t:|1641148528
|switch|p1a: Tapu Lele|Tapu Lele|100/100
|-fieldstart|move: Psychic Terrain|[from] ability: Psychic Surge|[of] p1a: Tapu Lele
|move|p2a: Dragapult|Phantom Force||[still]
|-prepare|p2a: Dragapult|Phantom Force
|
|upkeep
|turn|15
|
|t:|1641148538
|move|p2a: Dragapult|Phantom Force|p1a: Tapu Lele|[from]lockedmove
|-supereffective|p1a: Tapu Lele
|-damage|p1a: Tapu Lele|0 fnt
|faint|p1a: Tapu Lele
|
|upkeep
|
|t:|1641148544
|switch|p1a: Dragapult|Dragapult, M|100/100
|turn|16
|
|t:|1641148547
|move|p2a: Dragapult|Dragon Darts|p1a: Dragapult
|-supereffective|p1a: Dragapult
|-crit|p1a: Dragapult
|-damage|p1a: Dragapult|0 fnt
|faint|p1a: Dragapult
|
|upkeep
|-message|damorush forfeited.
|
|win|Adopted
|raw|damorush's rating: 1566 &rarr; <strong>1546</strong><br />(-20 for losing)
|raw|Adopted's rating: 1572 &rarr; <strong>1592</strong><br />(+20 for winning)
|l|☆damorush
