|raw|<div class="broadcast-blue"><strong>This battle is required to be public due to a player having a name starting with 'lt82zw'.</div>
|j|☆LT82ZW Vaw
|j|☆Outk nona&beans
|t:|1626202336
|gametype|singles
|player|p1|LT82ZW Vaw|falkner|1656
|player|p2|Outk nona&beans|silver|1650
|teamsize|p1|6
|teamsize|p2|6
|gen|8
|tier|[Gen 8] OU
|rated|
|rule|Sleep Clause Mod: Limit one foe put to sleep
|rule|Species Clause: Limit one of each Pokémon
|rule|OHKO Clause: OHKO moves are banned
|rule|Evasion Moves Clause: Evasion moves are banned
|rule|Endless Battle Clause: Forcing endless battles is banned
|rule|HP Percentage Mod: HP is shown in percentages
|rule|Dynamax Clause: You cannot dynamax
|clearpoke
|poke|p1|Bisharp, F|
|poke|p1|Cloyster, M|
|poke|p1|Garchomp, M|
|poke|p1|Hawlucha, M|
|poke|p1|Skarmory, M|
|poke|p1|Volcarona, F|
|poke|p2|Pelipper, M|
|poke|p2|Barraskewda, F|
|poke|p2|Ferrothorn, F|
|poke|p2|Seismitoad, F|
|poke|p2|Tapu Koko|
|poke|p2|Tornadus-Therian, M|
|teampreview
|inactive|Battle timer is ON: inactive players will automatically lose when time's up. (requested by Outk nona&beans)
|
|t:|1626202342
|start
|switch|p1a: Skarmory|Skarmory, M|100/100
|switch|p2a: Speed Overdose|Tapu Koko|100/100
|-fieldstart|move: Electric Terrain|[from] ability: Electric Surge|[of] p2a: Speed Overdose
|turn|1
|
|t:|1626202347
|move|p2a: Speed Overdose|Volt Switch|p1a: Skarmory
|-supereffective|p1a: Skarmory
|-ability|p1a: Skarmory|Sturdy
|-damage|p1a: Skarmory|1/100
|
|t:|1626202353
|switch|p2a: Big Gulp sponsor|Pelipper, M|100/100|[from]move: Volt Switch
|-weather|RainDance|[from] ability: Drizzle|[of] p2a: Big Gulp sponsor
|move|p1a: Skarmory|Stealth Rock|p2a: Big Gulp sponsor
|-sidestart|p2: Outk nona&beans|move: Stealth Rock
|
|-weather|RainDance|[upkeep]
|upkeep
|turn|2
|-enditem|p1a: Skarmory|Custap Berry|[eat]
|-activate|p1a: Skarmory|item: Custap Berry|[consumed]
|
|t:|1626202378
|move|p1a: Skarmory|Taunt|p2a: Big Gulp sponsor
|-start|p2a: Big Gulp sponsor|move: Taunt
|cant|p2a: Big Gulp sponsor|move: Taunt|Defog
|
|-weather|RainDance|[upkeep]
|upkeep
|turn|3
|
|t:|1626202383
|switch|p2a: Tornadus|Tornadus-Therian, M|100/100
|move|p1a: Skarmory|Spikes|p2a: Tornadus
|-sidestart|p2: Outk nona&beans|Spikes
|
|-weather|RainDance|[upkeep]
|upkeep
|turn|4
|
|t:|1626202385
|move|p2a: Tornadus|Defog|p1a: Skarmory
|-unboost|p1a: Skarmory|evasion|1
|-sideend|p2: Outk nona&beans|Spikes|[from] move: Defog|[of] p2a: Tornadus
|-sideend|p2: Outk nona&beans|Stealth Rock|[from] move: Defog|[of] p2a: Tornadus
|-fieldend|move: Electric Terrain
|move|p1a: Skarmory|Steel Beam|p2a: Tornadus
|-crit|p2a: Tornadus
|-damage|p2a: Tornadus|35/100
|-damage|p1a: Skarmory|0 fnt|[from] mindblown
|faint|p1a: Skarmory
|
|-weather|RainDance|[upkeep]
|upkeep
|
|t:|1626202389
|switch|p1a: Bisharp|Bisharp, F|100/100
|turn|5
|
|t:|1626202392
|move|p2a: Tornadus|U-turn|p1a: Bisharp
|-damage|p1a: Bisharp|83/100
|
|t:|1626202395
|switch|p2a: Speed Overdose|Tapu Koko|100/100|[from]move: U-turn
|-fieldstart|move: Electric Terrain|[from] ability: Electric Surge|[of] p2a: Speed Overdose
|move|p1a: Bisharp|Swords Dance|p1a: Bisharp
|-boost|p1a: Bisharp|atk|2
|
|-weather|RainDance|[upkeep]
|upkeep
|turn|6
|
|t:|1626202410
|switch|p1a: Garchomp|Garchomp, M|100/100
|move|p2a: Speed Overdose|Volt Switch|p1a: Garchomp
|-immune|p1a: Garchomp
|
|-weather|RainDance|[upkeep]
|upkeep
|turn|7
|
|t:|1626202419
|switch|p2a: Hates rain|Ferrothorn, F|100/100
|move|p1a: Garchomp|Scale Shot|p2a: Hates rain
|-resisted|p2a: Hates rain
|-damage|p2a: Hates rain|96/100
|-resisted|p2a: Hates rain
|-damage|p2a: Hates rain|91/100
|-resisted|p2a: Hates rain
|-damage|p2a: Hates rain|87/100
|-hitcount|p2a: Hates rain|3
|-unboost|p1a: Garchomp|def|1
|-boost|p1a: Garchomp|spe|1
|-damage|p1a: Garchomp|91/100|[from] item: Life Orb
|
|-weather|RainDance|[upkeep]
|-heal|p2a: Hates rain|93/100|[from] item: Leftovers
|upkeep
|turn|8
|
|t:|1626202427
|move|p1a: Garchomp|Swords Dance|p1a: Garchomp
|-boost|p1a: Garchomp|atk|2
|move|p2a: Hates rain|Gyro Ball|p1a: Garchomp
|-damage|p1a: Garchomp|23/100
|-damage|p2a: Hates rain|80/100|[from] ability: Rough Skin|[of] p1a: Garchomp
|
|-weather|none
|-heal|p2a: Hates rain|87/100|[from] item: Leftovers
|upkeep
|turn|9
|
|t:|1626202446
|move|p1a: Garchomp|Fire Fang|p2a: Hates rain
|-supereffective|p2a: Hates rain
|-damage|p2a: Hates rain|0 fnt
|-damage|p1a: Garchomp|10/100|[from] ability: Iron Barbs|[of] p2a: Hates rain
|faint|p2a: Hates rain
|-damage|p1a: Garchomp|0 fnt|[from] item: Life Orb
|faint|p1a: Garchomp
|
|-fieldend|move: Electric Terrain
|upkeep
|
|t:|1626202452
|switch|p1a: Bisharp|Bisharp, F|83/100
|switch|p2a: Big Gulp sponsor|Pelipper, M|100/100
|-weather|RainDance|[from] ability: Drizzle|[of] p2a: Big Gulp sponsor
|turn|10
|
|t:|1626202459
|move|p1a: Bisharp|Knock Off|p2a: Big Gulp sponsor
|-damage|p2a: Big Gulp sponsor|52/100
|-enditem|p2a: Big Gulp sponsor|Damp Rock|[from] move: Knock Off|[of] p1a: Bisharp
|-damage|p1a: Bisharp|73/100|[from] item: Life Orb
|move|p2a: Big Gulp sponsor|U-turn|p1a: Bisharp
|-damage|p1a: Bisharp|63/100
|
|t:|1626202462
|switch|p2a: Speed Overdose|Tapu Koko|100/100|[from]move: U-turn
|-fieldstart|move: Electric Terrain|[from] ability: Electric Surge|[of] p2a: Speed Overdose
|
|-weather|RainDance|[upkeep]
|upkeep
|turn|11
|inactive|LT82ZW Vaw has 120 seconds left.
|inactive|LT82ZW Vaw has 90 seconds left.
|inactive|LT82ZW Vaw has 60 seconds left.
|
|t:|1626202557
|move|p1a: Bisharp|Sucker Punch|p2a: Speed Overdose
|-resisted|p2a: Speed Overdose
|-damage|p2a: Speed Overdose|71/100
|-damage|p1a: Bisharp|53/100|[from] item: Life Orb
|move|p2a: Speed Overdose|Thunder|p1a: Bisharp
|-damage|p1a: Bisharp|0 fnt
|faint|p1a: Bisharp
|
|-weather|RainDance|[upkeep]
|upkeep
|inactive|LT82ZW Vaw has 60 seconds left.
|
|t:|1626202578
|switch|p1a: Volcarona|Volcarona, F|100/100
|turn|12
|
|t:|1626202583
|move|p2a: Speed Overdose|Thunder|p1a: Volcarona
|-damage|p1a: Volcarona|5/100
|-status|p1a: Volcarona|par
|move|p1a: Volcarona|Quiver Dance|p1a: Volcarona
|-boost|p1a: Volcarona|spa|1
|-boost|p1a: Volcarona|spd|1
|-boost|p1a: Volcarona|spe|1
|
|-weather|RainDance|[upkeep]
|upkeep
|turn|13
|inactive|LT82ZW Vaw has 60 seconds left.
|-message|LT82ZW Vaw forfeited.
|
|win|Outk nona&beans
|l|☆LT82ZW Vaw
|raw|LT82ZW Vaw's rating: 1671 &rarr; <strong>1650</strong><br />(-21 for losing)
|raw|Outk nona&amp;beans's rating: 1650 &rarr; <strong>1671</strong><br />(+21 for winning)
||Ladder isn't responding, score probably updated but might not have (Request timeout).
