|raw|<div class="broadcast-blue"><strong>This battle is required to be public due to a player having a name starting with 'lt91bb'.</div>
|j|☆return nirvana
|j|☆lt91bb bj
|t:|1659359334
|gametype|singles
|player|p1|return nirvana|gambler-gen1|2004
|player|p2|lt91bb bj|colress|1870
|teamsize|p1|6
|teamsize|p2|6
|gen|8
|tier|[Gen 8] OU
|rated|
|rule|Sleep Clause Mod: Limit one foe put to sleep
|rule|Species Clause: Limit one of each Pokémon
|rule|OHKO Clause: OHKO moves are banned
|rule|Evasion Moves Clause: Evasion moves are banned
|rule|Endless Battle Clause: Forcing endless battles is banned
|rule|HP Percentage Mod: HP is shown in percentages
|rule|Dynamax Clause: You cannot dynamax
|clearpoke
|poke|p1|Hippowdon, M|
|poke|p1|Zeraora|
|poke|p1|Xatu, M|
|poke|p1|Toxapex, F|
|poke|p1|Corviknight, F|
|poke|p1|Blissey, F|
|poke|p2|Rillaboom, F|
|poke|p2|Tornadus-Therian, M|
|poke|p2|Blaziken, F|
|poke|p2|Melmetal|
|poke|p2|Garchomp, M|
|poke|p2|Slowbro, F|
|teampreview
|
|t:|1659359347
|start
|switch|p1a: Zeraora|Zeraora, shiny|100/100
|switch|p2a: Slowbro|Slowbro, F|100/100
|turn|1
|j| CallMePrimal
|
|t:|1659359355
|switch|p1a: Toxapex|Toxapex, F, shiny|100/100
|move|p2a: Slowbro|Toxic|p1a: Toxapex
|-immune|p1a: Toxapex
|
|upkeep
|turn|2
|
|t:|1659359358
|move|p1a: Toxapex|Scald|p2a: Slowbro
|-resisted|p2a: Slowbro
|-damage|p2a: Slowbro|91/100
|move|p2a: Slowbro|Future Sight|p1a: Toxapex
|-start|p2a: Slowbro|move: Future Sight
|
|upkeep
|turn|3
|
|t:|1659359361
|move|p1a: Toxapex|Light Screen|p1a: Toxapex
|-sidestart|p1: return nirvana|move: Light Screen
|move|p2a: Slowbro|Teleport|p2a: Slowbro
|j| Harry Fraud
|
|t:|1659359368
|switch|p2a: Garchomp|Garchomp, M|100/100|[from]move: Teleport
|
|upkeep
|turn|4
|
|t:|1659359371
|switch|p1a: Xatu|Xatu, M, shiny|100/100
|move|p2a: Garchomp|Stealth Rock|p1a: Xatu
|move|p1a: Xatu|Stealth Rock|p2a: Garchomp|[from]ability: Magic Bounce
|-sidestart|p2: lt91bb bj|move: Stealth Rock
|
|-end|p1a: Xatu|move: Future Sight
|-resisted|p1a: Xatu
|-damage|p1a: Xatu|91/100
|-heal|p1a: Xatu|97/100|[from] item: Leftovers
|upkeep
|turn|5
|
|t:|1659359376
|switch|p2a: Tornadus|Tornadus-Therian, M|100/100
|move|p1a: Xatu|Teleport|p1a: Xatu
|
|t:|1659359379
|switch|p1a: Zeraora|Zeraora, shiny|100/100|[from]move: Teleport
|
|upkeep
|turn|6
|j| SkipTheDripBayless
|
|t:|1659359382
|move|p1a: Zeraora|Plasma Fists|p2a: Tornadus
|-supereffective|p2a: Tornadus
|-damage|p2a: Tornadus|0 fnt
|-fieldactivate|move: Ion Deluge
|-hint|Normal-type moves become Electric-type after using Plasma Fists.
|faint|p2a: Tornadus
|
|upkeep
|j| LT91BB AlI
|j| Nauxus
|
|t:|1659359388
|switch|p2a: Rillaboom|Rillaboom, F|100/100
|-damage|p2a: Rillaboom|88/100|[from] Stealth Rock
|-fieldstart|move: Grassy Terrain|[from] ability: Grassy Surge|[of] p2a: Rillaboom
|turn|7
|l| LT91BB AlI
|
|t:|1659359392
|move|p1a: Zeraora|Toxic|p2a: Rillaboom
|-status|p2a: Rillaboom|tox
|move|p2a: Rillaboom|Swords Dance|p2a: Rillaboom
|-boost|p2a: Rillaboom|atk|2
|
|-heal|p2a: Rillaboom|94/100 tox|[from] Grassy Terrain
|-heal|p2a: Rillaboom|100/100 tox|[from] item: Leftovers
|-damage|p2a: Rillaboom|94/100 tox|[from] psn
|-sideend|p1: return nirvana|move: Light Screen
|upkeep
|turn|8
|j| Another Brazy
|
|t:|1659359395
|switch|p1a: Corviknight|Corviknight, F, shiny|100/100
|-ability|p1a: Corviknight|Pressure
|move|p2a: Rillaboom|Knock Off|p1a: Corviknight
|-damage|p1a: Corviknight|56/100
|-enditem|p1a: Corviknight|Shed Shell|[from] move: Knock Off|[of] p2a: Rillaboom
|
|-heal|p2a: Rillaboom|100/100 tox|[from] Grassy Terrain
|-damage|p2a: Rillaboom|88/100 tox|[from] psn
|upkeep
|turn|9
|
|t:|1659359397
|move|p2a: Rillaboom|Swords Dance|p2a: Rillaboom
|-boost|p2a: Rillaboom|atk|2
|move|p1a: Corviknight|Roost|p1a: Corviknight
|-heal|p1a: Corviknight|100/100
|-singleturn|p1a: Corviknight|move: Roost
|
|-heal|p2a: Rillaboom|94/100 tox|[from] Grassy Terrain
|-heal|p2a: Rillaboom|100/100 tox|[from] item: Leftovers
|-damage|p2a: Rillaboom|82/100 tox|[from] psn
|upkeep
|turn|10
|
|t:|1659359400
|move|p2a: Rillaboom|Swords Dance|p2a: Rillaboom
|-boost|p2a: Rillaboom|atk|2
|move|p1a: Corviknight|Brave Bird|p2a: Rillaboom
|-supereffective|p2a: Rillaboom
|-damage|p2a: Rillaboom|14/100 tox
|-damage|p1a: Corviknight|78/100|[from] Recoil
|
|-heal|p2a: Rillaboom|20/100 tox|[from] Grassy Terrain
|-heal|p2a: Rillaboom|27/100 tox|[from] item: Leftovers
|-damage|p2a: Rillaboom|2/100 tox|[from] psn
|upkeep
|turn|11
|
|t:|1659359409
|move|p2a: Rillaboom|Drain Punch|p1a: Corviknight
|-damage|p1a: Corviknight|11/100
|-heal|p2a: Rillaboom|35/100 tox|[from] drain|[of] p1a: Corviknight
|move|p1a: Corviknight|Roost|p1a: Corviknight
|-heal|p1a: Corviknight|61/100
|-singleturn|p1a: Corviknight|move: Roost
|
|-heal|p2a: Rillaboom|41/100 tox|[from] Grassy Terrain
|-heal|p2a: Rillaboom|48/100 tox|[from] item: Leftovers
|-heal|p1a: Corviknight|68/100|[from] Grassy Terrain
|-damage|p2a: Rillaboom|16/100 tox|[from] psn
|-fieldend|move: Grassy Terrain
|upkeep
|turn|12
|
|t:|1659359413
|move|p2a: Rillaboom|Knock Off|p1a: Corviknight
|-damage|p1a: Corviknight|3/100
|move|p1a: Corviknight|U-turn|p2a: Rillaboom
|-supereffective|p2a: Rillaboom
|-crit|p2a: Rillaboom
|-damage|p2a: Rillaboom|0 fnt
|faint|p2a: Rillaboom
|
|t:|1659359416
|switch|p1a: Zeraora|Zeraora, shiny|100/100|[from]move: U-turn
|
|upkeep
|
|t:|1659359423
|switch|p2a: Garchomp|Garchomp, M|100/100
|-damage|p2a: Garchomp|94/100|[from] Stealth Rock
|turn|13
|
|t:|1659359430
|switch|p1a: Xatu|Xatu, M, shiny|97/100
|switch|p2a: Melmetal|Melmetal|100/100
|-damage|p2a: Melmetal|94/100|[from] Stealth Rock
|
|-heal|p1a: Xatu|100/100|[from] item: Leftovers
|-heal|p2a: Melmetal|100/100|[from] item: Leftovers
|upkeep
|turn|14
|
|t:|1659359434
|switch|p1a: Toxapex|Toxapex, F, shiny|100/100
|move|p2a: Melmetal|Thunder Punch|p1a: Toxapex
|-supereffective|p1a: Toxapex
|-damage|p1a: Toxapex|56/100
|
|upkeep
|turn|15
|
|t:|1659359437
|switch|p1a: Hippowdon|Hippowdon, M, shiny|100/100
|-weather|Sandstorm|[from] ability: Sand Stream|[of] p1a: Hippowdon
|move|p2a: Melmetal|Thunder Punch|p1a: Hippowdon
|-immune|p1a: Hippowdon
|
|-weather|Sandstorm|[upkeep]
|upkeep
|turn|16
|
|t:|1659359441
|move|p1a: Hippowdon|Earthquake|p2a: Melmetal
|-supereffective|p2a: Melmetal
|-damage|p2a: Melmetal|56/100
|move|p2a: Melmetal|Double Iron Bash|p1a: Hippowdon
|-damage|p1a: Hippowdon|79/100
|-damage|p1a: Hippowdon|55/100
|-hitcount|p1a: Hippowdon|2
|
|-weather|Sandstorm|[upkeep]
|-heal|p1a: Hippowdon|61/100|[from] item: Leftovers
|-heal|p2a: Melmetal|62/100|[from] item: Leftovers
|upkeep
|turn|17
|
|t:|1659359445
|switch|p2a: Slowbro|Slowbro, F|100/100
|-damage|p2a: Slowbro|88/100|[from] Stealth Rock
|move|p1a: Hippowdon|Slack Off|p1a: Hippowdon
|-heal|p1a: Hippowdon|100/100
|
|-weather|Sandstorm|[upkeep]
|-damage|p2a: Slowbro|82/100|[from] Sandstorm
|upkeep
|turn|18
|j|+starmaster
|
|t:|1659359449
|switch|p1a: Corviknight|Corviknight, F, shiny|3/100
|-ability|p1a: Corviknight|Pressure
|move|p2a: Slowbro|Future Sight|p1a: Corviknight
|-start|p2a: Slowbro|move: Future Sight
|
|-weather|Sandstorm|[upkeep]
|-damage|p2a: Slowbro|76/100|[from] Sandstorm
|upkeep
|turn|19
|j| Beka
|
|t:|1659359455
|move|p1a: Corviknight|Roost|p1a: Corviknight
|-heal|p1a: Corviknight|53/100
|-singleturn|p1a: Corviknight|move: Roost
|move|p2a: Slowbro|Teleport|p2a: Slowbro
|j| xray
|
|t:|1659359460
|switch|p2a: Blaziken|Blaziken, F|100/100|[from]move: Teleport
|-damage|p2a: Blaziken|88/100|[from] Stealth Rock
|
|-weather|none
|-heal|p2a: Blaziken|94/100|[from] item: Leftovers
|upkeep
|turn|20
|
|t:|1659359463
|switch|p1a: Blissey|Blissey, F, shiny|100/100
|move|p2a: Blaziken|Swords Dance|p2a: Blaziken
|-boost|p2a: Blaziken|atk|2
|
|-end|p1a: Blissey|move: Future Sight
|-damage|p1a: Blissey|86/100
|-heal|p2a: Blaziken|100/100|[from] item: Leftovers
|-ability|p2a: Blaziken|Speed Boost|boost
|-boost|p2a: Blaziken|spe|1
|upkeep
|turn|21
|
|t:|1659359465
|move|p2a: Blaziken|Swords Dance|p2a: Blaziken
|-boost|p2a: Blaziken|atk|2
|move|p1a: Blissey|Toxic|p2a: Blaziken
|-status|p2a: Blaziken|tox
|
|-damage|p2a: Blaziken|94/100 tox|[from] psn
|-ability|p2a: Blaziken|Speed Boost|boost
|-boost|p2a: Blaziken|spe|1
|upkeep
|turn|22
|
|t:|1659359470
|move|p2a: Blaziken|Close Combat|p1a: Blissey
|-supereffective|p1a: Blissey
|-damage|p1a: Blissey|0 fnt
|-unboost|p2a: Blaziken|def|1
|-unboost|p2a: Blaziken|spd|1
|faint|p1a: Blissey
|
|-heal|p2a: Blaziken|100/100 tox|[from] item: Leftovers
|-damage|p2a: Blaziken|88/100 tox|[from] psn
|-ability|p2a: Blaziken|Speed Boost|boost
|-boost|p2a: Blaziken|spe|1
|upkeep
|
|t:|1659359472
|switch|p1a: Toxapex|Toxapex, F, shiny|89/100
|turn|23
|
|t:|1659359474
|move|p2a: Blaziken|Close Combat|p1a: Toxapex
|-resisted|p1a: Toxapex
|-damage|p1a: Toxapex|30/100
|-unboost|p2a: Blaziken|def|1
|-unboost|p2a: Blaziken|spd|1
|move|p1a: Toxapex|Haze|p1a: Toxapex
|-clearallboost
|
|-heal|p2a: Blaziken|94/100 tox|[from] item: Leftovers
|-damage|p2a: Blaziken|76/100 tox|[from] psn
|-ability|p2a: Blaziken|Speed Boost|boost
|-boost|p2a: Blaziken|spe|1
|upkeep
|turn|24
|
|t:|1659359478
|switch|p2a: Slowbro|Slowbro, F|100/100
|-damage|p2a: Slowbro|88/100|[from] Stealth Rock
|move|p1a: Toxapex|Recover|p1a: Toxapex
|-heal|p1a: Toxapex|80/100
|
|upkeep
|turn|25
|
|t:|1659359482
|move|p1a: Toxapex|Light Screen|p1a: Toxapex
|-sidestart|p1: return nirvana|move: Light Screen
|move|p2a: Slowbro|Scald|p1a: Toxapex
|-resisted|p1a: Toxapex
|-damage|p1a: Toxapex|75/100
|-status|p1a: Toxapex|brn
|
|-damage|p1a: Toxapex|69/100 brn|[from] brn
|upkeep
|turn|26
|
|t:|1659359486
|move|p1a: Toxapex|Scald|p2a: Slowbro
|-resisted|p2a: Slowbro
|-damage|p2a: Slowbro|79/100
|move|p2a: Slowbro|Future Sight|p1a: Toxapex
|-start|p2a: Slowbro|move: Future Sight
|
|-damage|p1a: Toxapex|62/100 brn|[from] brn
|upkeep
|turn|27
|
|t:|1659359488
|move|p1a: Toxapex|Recover|p1a: Toxapex
|-heal|p1a: Toxapex|100/100 brn
|move|p2a: Slowbro|Teleport|p2a: Slowbro
|
|t:|1659359491
|switch|p2a: Garchomp|Garchomp, M|94/100|[from]move: Teleport
|-damage|p2a: Garchomp|88/100|[from] Stealth Rock
|
|-heal|p2a: Garchomp|94/100|[from] item: Leftovers
|-damage|p1a: Toxapex|94/100 brn|[from] brn
|upkeep
|turn|28
|
|t:|1659359495
|switch|p2a: Melmetal|Melmetal|62/100
|-damage|p2a: Melmetal|56/100|[from] Stealth Rock
|switch|p1a: Xatu|Xatu, M, shiny|100/100
|
|-end|p1a: Xatu|move: Future Sight
|-resisted|p1a: Xatu
|-damage|p1a: Xatu|91/100
|-heal|p1a: Xatu|97/100|[from] item: Leftovers
|-heal|p2a: Melmetal|62/100|[from] item: Leftovers
|upkeep
|turn|29
|
|t:|1659359505
|switch|p1a: Hippowdon|Hippowdon, M, shiny|100/100
|-weather|Sandstorm|[from] ability: Sand Stream|[of] p1a: Hippowdon
|switch|p2a: Slowbro|Slowbro, F|100/100
|-damage|p2a: Slowbro|88/100|[from] Stealth Rock
|
|-weather|Sandstorm|[upkeep]
|-damage|p2a: Slowbro|82/100|[from] Sandstorm
|-sideend|p1: return nirvana|move: Light Screen
|upkeep
|turn|30
|
|t:|1659359508
|move|p1a: Hippowdon|Toxic|p2a: Slowbro
|-status|p2a: Slowbro|tox
|move|p2a: Slowbro|Future Sight|p1a: Hippowdon
|-start|p2a: Slowbro|move: Future Sight
|
|-weather|Sandstorm|[upkeep]
|-damage|p2a: Slowbro|76/100 tox|[from] Sandstorm
|-damage|p2a: Slowbro|70/100 tox|[from] psn
|upkeep
|turn|31
|
|t:|1659359513
|switch|p1a: Toxapex|Toxapex, F, shiny|100/100 brn
|move|p2a: Slowbro|Teleport|p2a: Slowbro
|
|t:|1659359516
|switch|p2a: Melmetal|Melmetal|62/100|[from]move: Teleport
|-damage|p2a: Melmetal|56/100|[from] Stealth Rock
|
|-weather|Sandstorm|[upkeep]
|-damage|p1a: Toxapex|94/100 brn|[from] Sandstorm
|-heal|p2a: Melmetal|62/100|[from] item: Leftovers
|-damage|p1a: Toxapex|88/100 brn|[from] brn
|upkeep
|turn|32
|
|t:|1659359518
|switch|p1a: Corviknight|Corviknight, F, shiny|53/100
|-ability|p1a: Corviknight|Pressure
|move|p2a: Melmetal|Double Iron Bash|p1a: Corviknight
|-resisted|p1a: Corviknight
|-damage|p1a: Corviknight|40/100
|-resisted|p1a: Corviknight
|-damage|p1a: Corviknight|27/100
|-hitcount|p1a: Corviknight|2
|
|-weather|Sandstorm|[upkeep]
|-end|p1a: Corviknight|move: Future Sight
|-resisted|p1a: Corviknight
|-damage|p1a: Corviknight|7/100
|-heal|p2a: Melmetal|68/100|[from] item: Leftovers
|upkeep
|turn|33
|
|t:|1659359524
|move|p1a: Corviknight|Roost|p1a: Corviknight
|-heal|p1a: Corviknight|57/100
|-singleturn|p1a: Corviknight|move: Roost
|move|p2a: Melmetal|Superpower|p1a: Corviknight
|-supereffective|p1a: Corviknight
|-damage|p1a: Corviknight|0 fnt
|-unboost|p2a: Melmetal|atk|1
|-unboost|p2a: Melmetal|def|1
|faint|p1a: Corviknight
|
|-weather|none
|-heal|p2a: Melmetal|75/100|[from] item: Leftovers
|upkeep
|j| Fire and wrath
|
|t:|1659359527
|switch|p1a: Zeraora|Zeraora, shiny|100/100
|turn|34
|
|t:|1659359529
|move|p2a: Melmetal|Protect|p2a: Melmetal
|-singleturn|p2a: Melmetal|Protect
|move|p1a: Zeraora|Knock Off|p2a: Melmetal
|-activate|p2a: Melmetal|move: Protect
|
|-heal|p2a: Melmetal|81/100|[from] item: Leftovers
|upkeep
|turn|35
|
|t:|1659359532
|switch|p2a: Garchomp|Garchomp, M|94/100
|-damage|p2a: Garchomp|88/100|[from] Stealth Rock
|move|p1a: Zeraora|Knock Off|p2a: Garchomp
|-damage|p2a: Garchomp|57/100
|-damage|p1a: Zeraora|88/100|[from] ability: Rough Skin|[of] p2a: Garchomp
|-enditem|p2a: Garchomp|Leftovers|[from] move: Knock Off|[of] p1a: Zeraora
|
|-heal|p1a: Zeraora|94/100|[from] item: Leftovers
|upkeep
|turn|36
|
|t:|1659359535
|switch|p2a: Slowbro|Slowbro, F|100/100 tox
|-damage|p2a: Slowbro|88/100 tox|[from] Stealth Rock
|move|p1a: Zeraora|Plasma Fists|p2a: Slowbro
|-supereffective|p2a: Slowbro
|-damage|p2a: Slowbro|31/100 tox
|-fieldactivate|move: Ion Deluge
|-hint|Normal-type moves become Electric-type after using Plasma Fists.
|-damage|p1a: Zeraora|78/100|[from] item: Rocky Helmet|[of] p2a: Slowbro
|
|-heal|p1a: Zeraora|84/100|[from] item: Leftovers
|-damage|p2a: Slowbro|25/100 tox|[from] psn
|upkeep
|turn|37
|
|t:|1659359538
|switch|p2a: Garchomp|Garchomp, M|57/100
|-damage|p2a: Garchomp|51/100|[from] Stealth Rock
|move|p1a: Zeraora|Knock Off|p2a: Garchomp
|-damage|p2a: Garchomp|32/100
|-damage|p1a: Zeraora|71/100|[from] ability: Rough Skin|[of] p2a: Garchomp
|
|-heal|p1a: Zeraora|77/100|[from] item: Leftovers
|upkeep
|turn|38
|
|t:|1659359541
|switch|p1a: Xatu|Xatu, M, shiny|97/100
|switch|p2a: Slowbro|Slowbro, F|58/100 tox
|-damage|p2a: Slowbro|46/100 tox|[from] Stealth Rock
|
|-heal|p1a: Xatu|100/100|[from] item: Leftovers
|-damage|p2a: Slowbro|40/100 tox|[from] psn
|upkeep
|turn|39
|
|t:|1659359543
|move|p2a: Slowbro|Future Sight|p1a: Xatu
|-start|p2a: Slowbro|move: Future Sight
|move|p1a: Xatu|Teleport|p1a: Xatu
|
|t:|1659359545
|switch|p1a: Toxapex|Toxapex, F, shiny|100/100 brn|[from]move: Teleport
|
|-damage|p2a: Slowbro|28/100 tox|[from] psn
|-damage|p1a: Toxapex|94/100 brn|[from] brn
|upkeep
|turn|40
|
|t:|1659359550
|move|p1a: Toxapex|Light Screen|p1a: Toxapex
|-sidestart|p1: return nirvana|move: Light Screen
|move|p2a: Slowbro|Teleport|p2a: Slowbro
|
|t:|1659359552
|switch|p2a: Melmetal|Melmetal|81/100|[from]move: Teleport
|-damage|p2a: Melmetal|75/100|[from] Stealth Rock
|
|-heal|p2a: Melmetal|81/100|[from] item: Leftovers
|-damage|p1a: Toxapex|88/100 brn|[from] brn
|upkeep
|turn|41
|
|t:|1659359555
|move|p2a: Melmetal|Double Iron Bash|p1a: Toxapex
|-resisted|p1a: Toxapex
|-damage|p1a: Toxapex|75/100 brn
|-resisted|p1a: Toxapex
|-damage|p1a: Toxapex|61/100 brn
|-hitcount|p1a: Toxapex|2
|cant|p1a: Toxapex|flinch
|
|-end|p1a: Toxapex|move: Future Sight
|-supereffective|p1a: Toxapex
|-damage|p1a: Toxapex|27/100 brn
|-heal|p2a: Melmetal|87/100|[from] item: Leftovers
|-damage|p1a: Toxapex|21/100 brn|[from] brn
|upkeep
|turn|42
|
|t:|1659359562
|switch|p2a: Slowbro|Slowbro, F|61/100 tox
|-damage|p2a: Slowbro|48/100 tox|[from] Stealth Rock
|switch|p1a: Hippowdon|Hippowdon, M, shiny|100/100
|-weather|Sandstorm|[from] ability: Sand Stream|[of] p1a: Hippowdon
|
|-weather|Sandstorm|[upkeep]
|-damage|p2a: Slowbro|42/100 tox|[from] Sandstorm
|-damage|p2a: Slowbro|36/100 tox|[from] psn
|upkeep
|turn|43
|
|t:|1659359565
|move|p1a: Hippowdon|Earthquake|p2a: Slowbro
|-damage|p2a: Slowbro|14/100 tox
|move|p2a: Slowbro|Future Sight|p1a: Hippowdon
|-start|p2a: Slowbro|move: Future Sight
|
|-weather|Sandstorm|[upkeep]
|-damage|p2a: Slowbro|8/100 tox|[from] Sandstorm
|-damage|p2a: Slowbro|0 fnt|[from] psn
|faint|p2a: Slowbro
|upkeep
|j| Heaven Back
|
|t:|1659359571
|switch|p2a: Garchomp|Garchomp, M|32/100
|-damage|p2a: Garchomp|25/100|[from] Stealth Rock
|turn|44
|
|t:|1659359575
|switch|p2a: Melmetal|Melmetal|87/100
|-damage|p2a: Melmetal|81/100|[from] Stealth Rock
|switch|p1a: Xatu|Xatu, M, shiny|100/100
|
|-weather|Sandstorm|[upkeep]
|-damage|p1a: Xatu|94/100|[from] Sandstorm
|-heal|p1a: Xatu|100/100|[from] item: Leftovers
|-heal|p2a: Melmetal|87/100|[from] item: Leftovers
|-sideend|p1: return nirvana|move: Light Screen
|upkeep
|turn|45
|inactive|Battle timer is ON: inactive players will automatically lose when time's up. (requested by lt91bb bj)
|
|t:|1659359589
|switch|p1a: Zeraora|Zeraora, shiny|77/100
|move|p2a: Melmetal|Double Iron Bash|p1a: Zeraora
|-resisted|p1a: Zeraora
|-damage|p1a: Zeraora|46/100
|-resisted|p1a: Zeraora
|-damage|p1a: Zeraora|17/100
|-hitcount|p1a: Zeraora|2
|
|-weather|Sandstorm|[upkeep]
|-damage|p1a: Zeraora|11/100|[from] Sandstorm
|-end|p1a: Zeraora|move: Future Sight
|-damage|p1a: Zeraora|0 fnt
|faint|p1a: Zeraora
|-heal|p2a: Melmetal|93/100|[from] item: Leftovers
|upkeep
|
|t:|1659359591
|switch|p1a: Hippowdon|Hippowdon, M, shiny|100/100
|turn|46
|
|t:|1659359594
|move|p1a: Hippowdon|Earthquake|p2a: Melmetal
|-supereffective|p2a: Melmetal
|-damage|p2a: Melmetal|47/100
|move|p2a: Melmetal|Double Iron Bash|p1a: Hippowdon
|-damage|p1a: Hippowdon|77/100
|-damage|p1a: Hippowdon|51/100
|-hitcount|p1a: Hippowdon|2
|
|-weather|none
|-heal|p1a: Hippowdon|58/100|[from] item: Leftovers
|-heal|p2a: Melmetal|53/100|[from] item: Leftovers
|upkeep
|turn|47
|
|t:|1659359598
|switch|p2a: Garchomp|Garchomp, M|25/100
|-damage|p2a: Garchomp|19/100|[from] Stealth Rock
|move|p1a: Hippowdon|Slack Off|p1a: Hippowdon
|-heal|p1a: Hippowdon|100/100
|
|upkeep
|turn|48
|j| ghost + freakkkk
|
|t:|1659359607
|switch|p2a: Blaziken|Blaziken, F|76/100 tox
|-damage|p2a: Blaziken|63/100 tox|[from] Stealth Rock
|switch|p1a: Xatu|Xatu, M, shiny|100/100
|
|-heal|p2a: Blaziken|69/100 tox|[from] item: Leftovers
|-damage|p2a: Blaziken|63/100 tox|[from] psn
|upkeep
|turn|49
|j| xuwuhanjun
|
|t:|1659359611
|switch|p1a: Toxapex|Toxapex, F, shiny|54/100 brn
|move|p2a: Blaziken|Swords Dance|p2a: Blaziken
|-boost|p2a: Blaziken|atk|2
|
|-heal|p2a: Blaziken|69/100 tox|[from] item: Leftovers
|-damage|p2a: Blaziken|57/100 tox|[from] psn
|-damage|p1a: Toxapex|48/100 brn|[from] brn
|-ability|p2a: Blaziken|Speed Boost|boost
|-boost|p2a: Blaziken|spe|1
|upkeep
|turn|50
|
|t:|1659359615
|move|p2a: Blaziken|Close Combat|p1a: Toxapex
|-resisted|p1a: Toxapex
|-damage|p1a: Toxapex|6/100 brn
|-unboost|p2a: Blaziken|def|1
|-unboost|p2a: Blaziken|spd|1
|move|p1a: Toxapex|Recover|p1a: Toxapex
|-heal|p1a: Toxapex|56/100 brn
|
|-heal|p2a: Blaziken|63/100 tox|[from] item: Leftovers
|-damage|p2a: Blaziken|44/100 tox|[from] psn
|-damage|p1a: Toxapex|50/100 brn|[from] brn
|-ability|p2a: Blaziken|Speed Boost|boost
|-boost|p2a: Blaziken|spe|1
|upkeep
|turn|51
|
|t:|1659359619
|move|p2a: Blaziken|Swords Dance|p2a: Blaziken
|-boost|p2a: Blaziken|atk|2
|move|p1a: Toxapex|Recover|p1a: Toxapex
|-heal|p1a: Toxapex|99/100 brn
|
|-heal|p2a: Blaziken|51/100 tox|[from] item: Leftovers
|-damage|p2a: Blaziken|26/100 tox|[from] psn
|-damage|p1a: Toxapex|94/100 brn|[from] brn
|-ability|p2a: Blaziken|Speed Boost|boost
|-boost|p2a: Blaziken|spe|1
|upkeep
|turn|52
|
|t:|1659359623
|switch|p2a: Melmetal|Melmetal|53/100
|-damage|p2a: Melmetal|47/100|[from] Stealth Rock
|move|p1a: Toxapex|Haze|p1a: Toxapex
|-clearallboost
|
|-heal|p2a: Melmetal|53/100|[from] item: Leftovers
|-damage|p1a: Toxapex|88/100 brn|[from] brn
|upkeep
|turn|53
|-message|lt91bb bj forfeited.
|
|win|return nirvana
|raw|return nirvana's rating: 2004 &rarr; <strong>2017</strong><br />(+13 for winning)
|raw|lt91bb bj's rating: 1870 &rarr; <strong>1857</strong><br />(-13 for losing)
|l|☆lt91bb bj
|l| Beka
|l| ghost + freakkkk
|j| zReptar
