|j|☆Draco09876
|j|☆CabezazosalTeclado
|t:|1610338442
|player|p1|Draco09876|266|1688
|player|p2|CabezazosalTeclado|102|1663
|teamsize|p1|6
|teamsize|p2|6
|gametype|singles
|gen|8
|tier|[Gen 8] OU
|rated|
|clearpoke
|poke|p1|Barraskewda, F|
|poke|p1|Pelipper, M|
|poke|p1|Slowking-Galar, F|
|poke|p1|Ferrothorn, M|
|poke|p1|Swampert, F|
|poke|p1|Zapdos|
|poke|p2|Slowbro, M|
|poke|p2|Arctozolt|
|poke|p2|Vanilluxe, F|
|poke|p2|Cinderace, F|
|poke|p2|Swampert, F|
|poke|p2|Mandibuzz, F|
|rule|Sleep Clause Mod: Limit one foe put to sleep
|rule|Species Clause: Limit one of each Pokémon
|rule|OHKO Clause: OHKO moves are banned
|rule|Evasion Moves Clause: Evasion moves are banned
|rule|Endless Battle Clause: Forcing endless battles is banned
|rule|HP Percentage Mod: HP is shown in percentages
|rule|Dynamax Clause: You cannot dynamax
|teampreview
|inactive|Battle timer is ON: inactive players will automatically lose when time's up. (requested by Draco09876)
|c|☆Draco09876|clash of weather
|c|☆Draco09876|glhf
|
|t:|1610338481
|start
|switch|p1a: Barraskewda|Barraskewda, F|100/100
|switch|p2a: Cinderace|Cinderace, F|100/100
|turn|1
|j| Devon
|
|t:|1610338487
|switch|p2a: Slowbro|Slowbro, M|100/100
|move|p1a: Barraskewda|Crunch|p2a: Slowbro
|-supereffective|p2a: Slowbro
|-damage|p2a: Slowbro|51/100
|-damage|p1a: Barraskewda|84/100|[from] item: Rocky Helmet|[of] p2a: Slowbro
|
|upkeep
|turn|2
|j| GAVlN NEWSOM
|
|t:|1610338494
|switch|p1a: Zapdos|Zapdos|100/100
|switch|p2a: Mandibuzz|Mandibuzz, F|100/100
|
|upkeep
|turn|3
|
|t:|1610338501
|switch|p1a: Pelipper|Pelipper, M|100/100
|-weather|RainDance|[from] ability: Drizzle|[of] p1a: Pelipper
|switch|p2a: Swampert|Swampert, F|100/100
|
|-weather|RainDance|[upkeep]
|upkeep
|turn|4
|
|t:|1610338516
|switch|p1a: Ferrothorn|Ferrothorn, M|100/100
|move|p2a: Swampert|Stealth Rock|p1a: Ferrothorn
|-sidestart|p1: Draco09876|move: Stealth Rock
|
|-weather|RainDance|[upkeep]
|upkeep
|turn|5
|
|t:|1610338530
|switch|p2a: Slowbro|Slowbro, M|84/100
|move|p1a: Ferrothorn|Spikes|p2a: Slowbro
|-sidestart|p2: CabezazosalTeclado|Spikes
|
|-weather|RainDance|[upkeep]
|upkeep
|turn|6
|
|t:|1610338534
|move|p2a: Slowbro|Scald|p1a: Ferrothorn
|-resisted|p1a: Ferrothorn
|-damage|p1a: Ferrothorn|83/100
|move|p1a: Ferrothorn|Knock Off|p2a: Slowbro
|-supereffective|p2a: Slowbro
|-damage|p2a: Slowbro|61/100
|-damage|p1a: Ferrothorn|67/100|[from] item: Rocky Helmet|[of] p2a: Slowbro
|-enditem|p2a: Slowbro|Rocky Helmet|[from] move: Knock Off|[of] p1a: Ferrothorn
|
|-weather|RainDance|[upkeep]
|upkeep
|turn|7
|
|t:|1610338537
|move|p2a: Slowbro|Scald|p1a: Ferrothorn
|-resisted|p1a: Ferrothorn
|-damage|p1a: Ferrothorn|50/100
|move|p1a: Ferrothorn|Spikes|p2a: Slowbro
|-sidestart|p2: CabezazosalTeclado|Spikes
|
|-weather|RainDance|[upkeep]
|upkeep
|turn|8
|
|t:|1610338542
|move|p2a: Slowbro|Scald|p1a: Ferrothorn
|-resisted|p1a: Ferrothorn
|-damage|p1a: Ferrothorn|32/100
|move|p1a: Ferrothorn|Leech Seed|p2a: Slowbro
|-start|p2a: Slowbro|move: Leech Seed
|
|-weather|RainDance|[upkeep]
|-damage|p2a: Slowbro|48/100|[from] Leech Seed|[of] p1a: Ferrothorn
|-heal|p1a: Ferrothorn|46/100|[silent]
|upkeep
|turn|9
|
|t:|1610338546
|move|p1a: Ferrothorn|Spikes|p2a: Slowbro
|-sidestart|p2: CabezazosalTeclado|Spikes
|move|p2a: Slowbro|Teleport|p2a: Slowbro
|
|t:|1610338551
|switch|p2a: Arctozolt|Arctozolt|100/100|[from]move: Teleport
|
|-weather|RainDance|[upkeep]
|upkeep
|turn|10
|
|t:|1610338559
|move|p2a: Arctozolt|Low Kick|p1a: Ferrothorn
|-supereffective|p1a: Ferrothorn
|-damage|p1a: Ferrothorn|6/100
|-damage|p2a: Arctozolt|88/100|[from] ability: Iron Barbs|[of] p1a: Ferrothorn
|-damage|p2a: Arctozolt|72/100|[from] item: Rocky Helmet|[of] p1a: Ferrothorn
|move|p1a: Ferrothorn|Leech Seed|p2a: Arctozolt
|-start|p2a: Arctozolt|move: Leech Seed
|
|-weather|none
|-damage|p2a: Arctozolt|59/100|[from] Leech Seed|[of] p1a: Ferrothorn
|-heal|p1a: Ferrothorn|17/100|[silent]
|upkeep
|turn|11
|j| Limited_Toolkit
|
|t:|1610338583
|switch|p2a: Cinderace|Cinderace, F|100/100
|switch|p1a: Zapdos|Zapdos|100/100
|
|upkeep
|turn|12
|
|t:|1610338592
|move|p2a: Cinderace|Court Change|p2a: Cinderace
|-start|p2a: Cinderace|typechange|Normal|[from] ability: Libero
|-sideend|p2: CabezazosalTeclado|Spikes|[silent]
|-sidestart|p1: Draco09876|Spikes|[silent]
|-sidestart|p1: Draco09876|Spikes|[silent]
|-sidestart|p1: Draco09876|Spikes|[silent]
|-sideend|p1: Draco09876|Stealth Rock|[silent]
|-sidestart|p2: CabezazosalTeclado|Stealth Rock|[silent]
|-activate|p2a: Cinderace|move: Court Change
|move|p1a: Zapdos|Hurricane|p2a: Cinderace|[miss]
|-miss|p1a: Zapdos|p2a: Cinderace
|
|upkeep
|turn|13
|
|t:|1610338597
|switch|p2a: Swampert|Swampert, F|100/100
|-damage|p2a: Swampert|94/100|[from] Stealth Rock
|move|p1a: Zapdos|Defog|p2a: Swampert
|-unboost|p2a: Swampert|evasion|1
|-sideend|p2: CabezazosalTeclado|Stealth Rock|[from] move: Defog|[of] p1a: Zapdos
|-sideend|p1: Draco09876|Spikes|[from] move: Defog|[of] p1a: Zapdos
|
|-heal|p2a: Swampert|100/100|[from] item: Leftovers
|upkeep
|turn|14
|
|t:|1610338603
|switch|p1a: Pelipper|Pelipper, M|100/100
|-weather|RainDance|[from] ability: Drizzle|[of] p1a: Pelipper
|move|p2a: Swampert|Stealth Rock|p1a: Pelipper
|-sidestart|p1: Draco09876|move: Stealth Rock
|
|-weather|RainDance|[upkeep]
|upkeep
|turn|15
|
|t:|1610338606
|move|p1a: Pelipper|Scald|p2a: Swampert
|-damage|p2a: Swampert|76/100
|move|p2a: Swampert|Toxic|p1a: Pelipper
|-status|p1a: Pelipper|tox
|
|-weather|RainDance|[upkeep]
|-heal|p2a: Swampert|82/100|[from] item: Leftovers
|-damage|p1a: Pelipper|94/100 tox|[from] psn
|upkeep
|turn|16
|
|t:|1610338611
|move|p1a: Pelipper|U-turn|p2a: Swampert
|-damage|p2a: Swampert|74/100
|
|t:|1610338614
|switch|p1a: Zapdos|Zapdos|100/100|[from]move: U-turn
|move|p2a: Swampert|Flip Turn|p1a: Zapdos
|-damage|p1a: Zapdos|56/100
|
|t:|1610338616
|switch|p2a: Vanilluxe|Vanilluxe, F|100/100|[from]move: Flip Turn
|-weather|Hail|[from] ability: Snow Warning|[of] p2a: Vanilluxe
|
|-weather|Hail|[upkeep]
|-damage|p1a: Zapdos|49/100|[from] Hail
|upkeep
|turn|17
|
|t:|1610338624
|switch|p1a: Slowking|Slowking-Galar, F|100/100
|-damage|p1a: Slowking|88/100|[from] Stealth Rock
|move|p2a: Vanilluxe|Blizzard|p1a: Slowking
|-damage|p1a: Slowking|44/100
|
|-weather|Hail|[upkeep]
|-damage|p1a: Slowking|38/100|[from] Hail
|upkeep
|turn|18
|
|t:|1610338633
|move|p2a: Vanilluxe|Blizzard|p1a: Slowking
|-damage|p1a: Slowking|0 fnt
|faint|p1a: Slowking
|
|-weather|Hail|[upkeep]
|upkeep
|
|t:|1610338638
|switch|p1a: Barraskewda|Barraskewda, F|84/100
|-damage|p1a: Barraskewda|72/100|[from] Stealth Rock
|turn|19
|
|t:|1610338641
|switch|p2a: Slowbro|Slowbro, M|81/100
|move|p1a: Barraskewda|Flip Turn|p2a: Slowbro
|-resisted|p2a: Slowbro
|-damage|p2a: Slowbro|67/100
|
|t:|1610338645
|switch|p1a: Zapdos|Zapdos|49/100|[from]move: Flip Turn
|
|-weather|Hail|[upkeep]
|-damage|p1a: Zapdos|43/100|[from] Hail
|-damage|p2a: Slowbro|61/100|[from] Hail
|upkeep
|turn|20
|j| Coxie Normus
|
|t:|1610338648
|switch|p2a: Arctozolt|Arctozolt|59/100
|move|p1a: Zapdos|Roost|p1a: Zapdos
|-heal|p1a: Zapdos|93/100
|-singleturn|p1a: Zapdos|move: Roost
|
|-weather|none
|upkeep
|turn|21
|
|t:|1610338654
|move|p1a: Zapdos|Defog|p2a: Arctozolt
|-unboost|p2a: Arctozolt|evasion|1
|-sideend|p1: Draco09876|Stealth Rock|[from] move: Defog|[of] p1a: Zapdos
|move|p2a: Arctozolt|Icicle Crash|p1a: Zapdos|[miss]
|-miss|p2a: Arctozolt|p1a: Zapdos
|
|upkeep
|turn|22
|
|t:|1610338659
|switch|p1a: Ferrothorn|Ferrothorn, M|17/100
|move|p2a: Arctozolt|Icicle Crash|p1a: Ferrothorn
|-damage|p1a: Ferrothorn|0 fnt
|faint|p1a: Ferrothorn
|
|upkeep
|
|t:|1610338664
|switch|p1a: Barraskewda|Barraskewda, F|72/100
|turn|23
|l| Coxie Normus
|
|t:|1610338670
|switch|p2a: Mandibuzz|Mandibuzz, F|100/100
|move|p1a: Barraskewda|Flip Turn|p2a: Mandibuzz
|-damage|p2a: Mandibuzz|70/100
|
|t:|1610338673
|switch|p1a: Pelipper|Pelipper, M|94/100 tox|[from]move: Flip Turn
|-weather|RainDance|[from] ability: Drizzle|[of] p1a: Pelipper
|
|-weather|RainDance|[upkeep]
|-damage|p1a: Pelipper|88/100 tox|[from] psn
|upkeep
|turn|24
|
|t:|1610338678
|move|p2a: Mandibuzz|U-turn|p1a: Pelipper
|-resisted|p1a: Pelipper
|-damage|p1a: Pelipper|84/100 tox
|
|t:|1610338687
|switch|p2a: Swampert|Swampert, F|74/100|[from]move: U-turn
|move|p1a: Pelipper|U-turn|p2a: Swampert
|-damage|p2a: Swampert|66/100
|
|t:|1610338693
|switch|p1a: Barraskewda|Barraskewda, F|72/100|[from]move: U-turn
|
|-weather|RainDance|[upkeep]
|-heal|p2a: Swampert|72/100|[from] item: Leftovers
|upkeep
|turn|25
|
|t:|1610338696
|switch|p2a: Slowbro|Slowbro, M|95/100
|move|p1a: Barraskewda|Liquidation|p2a: Slowbro
|-resisted|p2a: Slowbro
|-damage|p2a: Slowbro|62/100
|-unboost|p2a: Slowbro|def|1
|
|-weather|RainDance|[upkeep]
|upkeep
|turn|26
|
|t:|1610338704
|move|p1a: Barraskewda|Liquidation|p2a: Slowbro
|-resisted|p2a: Slowbro
|-damage|p2a: Slowbro|12/100
|move|p2a: Slowbro|Slack Off|p2a: Slowbro
|-heal|p2a: Slowbro|62/100
|
|-weather|RainDance|[upkeep]
|upkeep
|turn|27
|
|t:|1610338706
|move|p1a: Barraskewda|Liquidation|p2a: Slowbro
|-resisted|p2a: Slowbro
|-damage|p2a: Slowbro|12/100
|-unboost|p2a: Slowbro|def|1
|move|p2a: Slowbro|Slack Off|p2a: Slowbro
|-heal|p2a: Slowbro|62/100
|
|-weather|RainDance|[upkeep]
|upkeep
|turn|28
|j| Majic PokeTester
|
|t:|1610338715
|switch|p2a: Swampert|Swampert, F|72/100
|move|p1a: Barraskewda|Liquidation|p2a: Swampert
|-damage|p2a: Swampert|0 fnt
|faint|p2a: Swampert
|
|-weather|RainDance|[upkeep]
|upkeep
|j| Coxie Normus
|
|t:|1610338717
|switch|p2a: Vanilluxe|Vanilluxe, F|100/100
|-weather|Hail|[from] ability: Snow Warning|[of] p2a: Vanilluxe
|turn|29
|
|t:|1610338736
|switch|p1a: Swampert|Swampert, F|100/100
|move|p2a: Vanilluxe|Freeze-Dry|p1a: Swampert
|-supereffective|p1a: Swampert
|-damage|p1a: Swampert|0 fnt
|faint|p1a: Swampert
|
|-weather|Hail|[upkeep]
|upkeep
|
|t:|1610338741
|switch|p1a: Barraskewda|Barraskewda, F|72/100
|turn|30
|
|t:|1610338746
|switch|p2a: Cinderace|Cinderace, F|100/100
|move|p1a: Barraskewda|Crunch|p2a: Cinderace
|-damage|p2a: Cinderace|39/100
|
|-weather|Hail|[upkeep]
|-damage|p1a: Barraskewda|66/100|[from] Hail
|-damage|p2a: Cinderace|33/100|[from] Hail
|upkeep
|turn|31
|
|t:|1610338752
|switch|p1a: Pelipper|Pelipper, M|84/100 tox
|-weather|RainDance|[from] ability: Drizzle|[of] p1a: Pelipper
|switch|p2a: Mandibuzz|Mandibuzz, F|70/100
|
|-weather|RainDance|[upkeep]
|-damage|p1a: Pelipper|78/100 tox|[from] psn
|upkeep
|turn|32
|
|t:|1610338760
|move|p2a: Mandibuzz|U-turn|p1a: Pelipper
|-resisted|p1a: Pelipper
|-damage|p1a: Pelipper|73/100 tox
|
|t:|1610338769
|switch|p2a: Vanilluxe|Vanilluxe, F|100/100|[from]move: U-turn
|-weather|Hail|[from] ability: Snow Warning|[of] p2a: Vanilluxe
|move|p1a: Pelipper|U-turn|p2a: Vanilluxe
|-damage|p2a: Vanilluxe|88/100
|
|t:|1610338772
|switch|p1a: Barraskewda|Barraskewda, F|66/100|[from]move: U-turn
|
|-weather|Hail|[upkeep]
|-damage|p1a: Barraskewda|60/100|[from] Hail
|upkeep
|turn|33
|
|t:|1610338781
|switch|p2a: Slowbro|Slowbro, M|96/100
|move|p1a: Barraskewda|Flip Turn|p2a: Slowbro
|-resisted|p2a: Slowbro
|-damage|p2a: Slowbro|81/100
|
|t:|1610338784
|switch|p1a: Pelipper|Pelipper, M|73/100 tox|[from]move: Flip Turn
|-weather|RainDance|[from] ability: Drizzle|[of] p1a: Pelipper
|
|-weather|RainDance|[upkeep]
|-damage|p1a: Pelipper|67/100 tox|[from] psn
|upkeep
|turn|34
|
|t:|1610338787
|move|p1a: Pelipper|Hurricane|p2a: Slowbro
|-damage|p2a: Slowbro|43/100
|-start|p2a: Slowbro|confusion
|-activate|p2a: Slowbro|confusion
|move|p2a: Slowbro|Future Sight|p1a: Pelipper
|-start|p2a: Slowbro|move: Future Sight
|
|-weather|RainDance|[upkeep]
|-damage|p1a: Pelipper|54/100 tox|[from] psn
|upkeep
|turn|35
|
|t:|1610338795
|switch|p2a: Mandibuzz|Mandibuzz, F|70/100
|move|p1a: Pelipper|U-turn|p2a: Mandibuzz
|-damage|p2a: Mandibuzz|65/100
|
|t:|1610338798
|switch|p1a: Zapdos|Zapdos|93/100|[from]move: U-turn
|
|-weather|RainDance|[upkeep]
|upkeep
|turn|36
|l| Limited_Toolkit
|
|t:|1610338805
|switch|p2a: Cinderace|Cinderace, F|33/100
|move|p1a: Zapdos|Thunder|p2a: Cinderace
|-damage|p2a: Cinderace|0 fnt
|faint|p2a: Cinderace
|
|-weather|RainDance|[upkeep]
|-end|p1a: Zapdos|move: Future Sight
|-damage|p1a: Zapdos|42/100
|upkeep
|j| Limited_Toolkit
|
|t:|1610338806
|switch|p2a: Vanilluxe|Vanilluxe, F|88/100
|-weather|Hail|[from] ability: Snow Warning|[of] p2a: Vanilluxe
|turn|37
|
|t:|1610338812
|move|p1a: Zapdos|Roost|p1a: Zapdos
|-heal|p1a: Zapdos|92/100
|-singleturn|p1a: Zapdos|move: Roost
|move|p2a: Vanilluxe|Freeze-Dry|p1a: Zapdos
|-damage|p1a: Zapdos|25/100
|
|-weather|Hail|[upkeep]
|-damage|p1a: Zapdos|19/100|[from] Hail
|upkeep
|turn|38
|l| Devon
|
|t:|1610338825
|move|p1a: Zapdos|Thunder|p2a: Vanilluxe
|-damage|p2a: Vanilluxe|10/100
|-status|p2a: Vanilluxe|par
|move|p2a: Vanilluxe|Freeze-Dry|p1a: Zapdos
|-supereffective|p1a: Zapdos
|-damage|p1a: Zapdos|0 fnt
|faint|p1a: Zapdos
|
|-weather|Hail|[upkeep]
|upkeep
|l| Limited_Toolkit
|
|t:|1610338831
|switch|p1a: Barraskewda|Barraskewda, F|60/100
|turn|39
|
|t:|1610338837
|switch|p2a: Slowbro|Slowbro, M|76/100
|move|p1a: Barraskewda|Flip Turn|p2a: Slowbro
|-resisted|p2a: Slowbro
|-damage|p2a: Slowbro|61/100
|
|t:|1610338840
|switch|p1a: Pelipper|Pelipper, M|54/100 tox|[from]move: Flip Turn
|-weather|RainDance|[from] ability: Drizzle|[of] p1a: Pelipper
|
|-weather|RainDance|[upkeep]
|-damage|p1a: Pelipper|48/100 tox|[from] psn
|upkeep
|turn|40
|
|t:|1610338843
|move|p1a: Pelipper|U-turn|p2a: Slowbro
|-supereffective|p2a: Slowbro
|-damage|p2a: Slowbro|52/100
|
|t:|1610338845
|switch|p1a: Barraskewda|Barraskewda, F|60/100|[from]move: U-turn
|move|p2a: Slowbro|Teleport|p2a: Slowbro
|
|t:|1610338848
|switch|p2a: Vanilluxe|Vanilluxe, F|10/100 par|[from]move: Teleport
|-weather|Hail|[from] ability: Snow Warning|[of] p2a: Vanilluxe
|
|-weather|Hail|[upkeep]
|-damage|p1a: Barraskewda|54/100|[from] Hail
|upkeep
|turn|41
|
|t:|1610338856
|switch|p2a: Slowbro|Slowbro, M|85/100
|move|p1a: Barraskewda|Flip Turn|p2a: Slowbro
|-resisted|p2a: Slowbro
|-damage|p2a: Slowbro|70/100
|
|t:|1610338859
|switch|p1a: Pelipper|Pelipper, M|48/100 tox|[from]move: Flip Turn
|-weather|RainDance|[from] ability: Drizzle|[of] p1a: Pelipper
|
|-weather|RainDance|[upkeep]
|-damage|p1a: Pelipper|42/100 tox|[from] psn
|upkeep
|turn|42
|
|t:|1610338865
|move|p1a: Pelipper|Hurricane|p2a: Slowbro
|-damage|p2a: Slowbro|32/100
|move|p2a: Slowbro|Teleport|p2a: Slowbro
|
|t:|1610338869
|switch|p2a: Arctozolt|Arctozolt|59/100|[from]move: Teleport
|
|-weather|RainDance|[upkeep]
|-damage|p1a: Pelipper|30/100 tox|[from] psn
|upkeep
|turn|43
|
|t:|1610338874
|move|p2a: Arctozolt|Bolt Beak|p1a: Pelipper
|-supereffective|p1a: Pelipper
|-damage|p1a: Pelipper|0 fnt
|faint|p1a: Pelipper
|
|-weather|RainDance|[upkeep]
|upkeep
|
|t:|1610338876
|switch|p1a: Barraskewda|Barraskewda, F|54/100
|turn|44
|
|t:|1610338878
|switch|p2a: Vanilluxe|Vanilluxe, F|10/100 par
|-weather|Hail|[from] ability: Snow Warning|[of] p2a: Vanilluxe
|move|p1a: Barraskewda|Liquidation|p2a: Vanilluxe
|-damage|p2a: Vanilluxe|0 fnt
|faint|p2a: Vanilluxe
|
|-weather|Hail|[upkeep]
|-damage|p1a: Barraskewda|48/100|[from] Hail
|upkeep
|
|t:|1610338880
|switch|p2a: Arctozolt|Arctozolt|59/100
|turn|45
|
|t:|1610338883
|move|p2a: Arctozolt|Bolt Beak|p1a: Barraskewda
|-supereffective|p1a: Barraskewda
|-damage|p1a: Barraskewda|0 fnt
|faint|p1a: Barraskewda
|
|win|CabezazosalTeclado
|l|☆Draco09876
|raw|Draco09876's rating: 1688 &rarr; <strong>1666</strong><br />(-22 for losing)
|raw|CabezazosalTeclado's rating: 1503 &rarr; <strong>1533</strong><br />(+30 for winning)
|l|☆CabezazosalTeclado
