|html|<div class="broadcast-blue"><strong>[Gen 8] OU is currently suspecting Melmetal! For information on how to participate check out the <a href="https://www.smogon.com/forums/threads/np-ss-ou-suspect-process-round-12-monster-mash.3709234/">suspect thread</a>.</strong></div>
|j|‽Valentine
|j|‽minimax_ai
|t:|1666745384
|gametype|singles
|player|p1|Valentine|170|1688
|player|p2|minimax_ai|266|1677
|teamsize|p1|6
|teamsize|p2|6
|gen|8
|tier|[Gen 8] OU
|rated|
|rule|Sleep Clause Mod: Limit one foe put to sleep
|rule|Species Clause: Limit one of each Pokémon
|rule|OHKO Clause: OHKO moves are banned
|rule|Evasion Items Clause: Evasion items are banned
|rule|Evasion Moves Clause: Evasion moves are banned
|rule|Endless Battle Clause: Forcing endless battles is banned
|rule|HP Percentage Mod: HP is shown in percentages
|rule|Dynamax Clause: You cannot dynamax
|clearpoke
|poke|p1|Garchomp, F|
|poke|p1|Dragapult, M|
|poke|p1|Dragonite, M|
|poke|p1|Landorus-Therian, M|
|poke|p1|Melmetal|
|poke|p1|Kartana|
|poke|p2|Rotom-Wash|
|poke|p2|Weavile, M|
|poke|p2|Landorus-Therian, M|
|poke|p2|Heatran, M|
|poke|p2|Tangrowth, M|
|poke|p2|Melmetal|
|teampreview
|inactive|Battle timer is ON: inactive players will automatically lose when time's up. (requested by minimax_ai)
|j| Jongruenwald
|j| Jucak
|
|t:|1666745404
|start
|switch|p1a: Landorus|Landorus-Therian, M|100/100
|switch|p2a: Melmetal|Melmetal|100/100
|-ability|p1a: Landorus|Intimidate|boost
|-unboost|p2a: Melmetal|atk|1
|turn|1
|
|t:|1666745406
|move|p1a: Landorus|Stealth Rock|p2a: Melmetal
|-sidestart|p2: minimax_ai|move: Stealth Rock
|move|p2a: Melmetal|Ice Punch|p1a: Landorus
|-supereffective|p1a: Landorus
|-enditem|p1a: Landorus|Focus Sash
|-damage|p1a: Landorus|1/100
|
|upkeep
|turn|2
|
|t:|1666745408
|move|p1a: Landorus|Earthquake|p2a: Melmetal
|-supereffective|p2a: Melmetal
|-damage|p2a: Melmetal|26/100
|move|p2a: Melmetal|Double Iron Bash|p1a: Landorus
|-crit|p1a: Landorus
|-damage|p1a: Landorus|0 fnt
|faint|p1a: Landorus
|-hitcount|p1: Landorus|1
|
|upkeep
|
|t:|1666745415
|switch|p1a: Kartana|Kartana|100/100
|turn|3
|
|t:|1666745418
|switch|p2a: Tangrowth|Tangrowth, M|100/100
|-damage|p2a: Tangrowth|88/100|[from] Stealth Rock
|move|p1a: Kartana|Knock Off|p2a: Tangrowth
|-damage|p2a: Tangrowth|53/100
|-damage|p1a: Kartana|84/100|[from] item: Rocky Helmet|[of] p2a: Tangrowth
|-enditem|p2a: Tangrowth|Rocky Helmet|[from] move: Knock Off|[of] p1a: Kartana
|
|upkeep
|turn|4
|
|t:|1666745424
|switch|p1a: Melmetal|Melmetal|100/100
|switch|p2a: Landorus|Landorus-Therian, M|100/100
|-damage|p2a: Landorus|88/100|[from] Stealth Rock
|-ability|p2a: Landorus|Intimidate|boost
|-unboost|p1a: Melmetal|atk|1
|
|-heal|p2a: Landorus|94/100|[from] item: Leftovers
|upkeep
|turn|5
|
|t:|1666745426
|switch|p2a: Rotom|Rotom-Wash|100/100
|-damage|p2a: Rotom|88/100|[from] Stealth Rock
|move|p1a: Melmetal|Ice Punch|p2a: Rotom
|-resisted|p2a: Rotom
|-damage|p2a: Rotom|69/100
|
|-heal|p2a: Rotom|75/100|[from] item: Leftovers
|upkeep
|turn|6
|
|t:|1666745430
|switch|p1a: Kartana|Kartana|84/100
|move|p2a: Rotom|Thunderbolt|p1a: Kartana
|-resisted|p1a: Kartana
|-damage|p1a: Kartana|30/100
|
|-heal|p2a: Rotom|81/100|[from] item: Leftovers
|upkeep
|turn|7
|
|t:|1666745436
|switch|p1a: Melmetal|Melmetal|100/100
|switch|p2a: Tangrowth|Tangrowth, M|86/100
|-damage|p2a: Tangrowth|74/100|[from] Stealth Rock
|
|upkeep
|turn|8
|
|t:|1666745438
|move|p1a: Melmetal|Double Iron Bash|p2a: Tangrowth
|-damage|p2a: Tangrowth|40/100
|-damage|p2a: Tangrowth|2/100
|-hitcount|p2a: Tangrowth|2
|cant|p2a: Tangrowth|flinch
|
|upkeep
|turn|9
|
|t:|1666745440
|move|p1a: Melmetal|Double Iron Bash|p2a: Tangrowth
|-damage|p2a: Tangrowth|0 fnt
|faint|p2a: Tangrowth
|-hitcount|p2: Tangrowth|1
|
|upkeep
|
|t:|1666745440
|switch|p2a: Heatran|Heatran, M|100/100
|-damage|p2a: Heatran|88/100|[from] Stealth Rock
|-item|p2a: Heatran|Air Balloon
|turn|10
|
|t:|1666745443
|switch|p1a: Garchomp|Garchomp, F|100/100
|move|p2a: Heatran|Magma Storm|p1a: Garchomp
|-resisted|p1a: Garchomp
|-damage|p1a: Garchomp|69/100
|-activate|p1a: Garchomp|move: Magma Storm|[of] p2a: Heatran
|
|-damage|p1a: Garchomp|57/100|[from] move: Magma Storm|[partiallytrapped]
|upkeep
|turn|11
|
|t:|1666745446
|move|p1a: Garchomp|Scale Shot|p2a: Heatran
|-resisted|p2a: Heatran
|-damage|p2a: Heatran|81/100
|-enditem|p2a: Heatran|Air Balloon
|-resisted|p2a: Heatran
|-damage|p2a: Heatran|74/100
|-hitcount|p2a: Heatran|2
|-unboost|p1a: Garchomp|def|1
|-boost|p1a: Garchomp|spe|1
|move|p2a: Heatran|Magma Storm|p1a: Garchomp
|-resisted|p1a: Garchomp
|-damage|p1a: Garchomp|23/100
|
|-damage|p1a: Garchomp|11/100|[from] move: Magma Storm|[partiallytrapped]
|upkeep
|turn|12
|j| tricks av
|
|t:|1666745454
|switch|p2a: Landorus|Landorus-Therian, M|94/100
|-damage|p2a: Landorus|82/100|[from] Stealth Rock
|-ability|p2a: Landorus|Intimidate|boost
|-unboost|p1a: Garchomp|atk|1
|move|p1a: Garchomp|Swords Dance|p1a: Garchomp
|-boost|p1a: Garchomp|atk|2
|
|-heal|p2a: Landorus|88/100|[from] item: Leftovers
|-end|p1a: Garchomp|Magma Storm|[partiallytrapped]|[silent]
|upkeep
|turn|13
|
|t:|1666745455
|move|p1a: Garchomp|Scale Shot|p2a: Landorus
|-damage|p2a: Landorus|70/100
|-damage|p2a: Landorus|50/100
|-hitcount|p2a: Landorus|2
|-unboost|p1a: Garchomp|def|1
|-boost|p1a: Garchomp|spe|1
|move|p2a: Landorus|Earthquake|p1a: Garchomp
|-damage|p1a: Garchomp|0 fnt
|faint|p1a: Garchomp
|
|-heal|p2a: Landorus|56/100|[from] item: Leftovers
|upkeep
|
|t:|1666745466
|switch|p1a: Kartana|Kartana|30/100
|turn|14
|j| KappaHalo
|
|t:|1666745467
|switch|p2a: Melmetal|Melmetal|26/100
|-damage|p2a: Melmetal|20/100|[from] Stealth Rock
|move|p1a: Kartana|Leaf Blade|p2a: Melmetal
|-resisted|p2a: Melmetal
|-damage|p2a: Melmetal|0 fnt
|faint|p2a: Melmetal
|-ability|p1a: Kartana|Beast Boost|boost
|-boost|p1a: Kartana|atk|1
|
|upkeep
|
|t:|1666745467
|switch|p2a: Weavile|Weavile, M|100/100
|-damage|p2a: Weavile|76/100|[from] Stealth Rock
|-ability|p2a: Weavile|Pressure
|turn|15
|
|t:|1666745470
|switch|p1a: Melmetal|Melmetal|100/100
|move|p2a: Weavile|Knock Off|p1a: Melmetal
|-crit|p1a: Melmetal
|-damage|p1a: Melmetal|36/100
|-enditem|p1a: Melmetal|Choice Band|[from] move: Knock Off|[of] p2a: Weavile
|
|upkeep
|turn|16
|
|t:|1666745475
|move|p2a: Weavile|Knock Off|p1a: Melmetal
|-damage|p1a: Melmetal|9/100
|move|p1a: Melmetal|Ice Punch|p2a: Weavile
|-resisted|p2a: Weavile
|-damage|p2a: Weavile|46/100
|
|upkeep
|turn|17
|
|t:|1666745478
|move|p2a: Weavile|Knock Off|p1a: Melmetal
|-damage|p1a: Melmetal|0 fnt
|faint|p1a: Melmetal
|
|upkeep
|
|t:|1666745482
|switch|p1a: Dragapult|Dragapult, M|100/100
|turn|18
|
|t:|1666745485
|move|p1a: Dragapult|U-turn|p2a: Weavile
|-supereffective|p2a: Weavile
|-damage|p2a: Weavile|0 fnt
|faint|p2a: Weavile
|
|t:|1666745493
|switch|p1a: Kartana|Kartana|30/100|[from]move: U-turn
|
|upkeep
|
|t:|1666745493
|switch|p2a: Landorus|Landorus-Therian, M|56/100
|-damage|p2a: Landorus|44/100|[from] Stealth Rock
|-ability|p2a: Landorus|Intimidate|boost
|-unboost|p1a: Kartana|atk|1
|turn|19
|
|t:|1666745495
|move|p1a: Kartana|Leaf Blade|p2a: Landorus
|-crit|p2a: Landorus
|-damage|p2a: Landorus|0 fnt
|faint|p2a: Landorus
|-ability|p1a: Kartana|Beast Boost|boost
|-boost|p1a: Kartana|atk|1
|
|upkeep
|
|t:|1666745495
|switch|p2a: Heatran|Heatran, M|74/100
|-damage|p2a: Heatran|62/100|[from] Stealth Rock
|turn|20
|
|t:|1666745503
|switch|p1a: Dragonite|Dragonite, M|100/100
|move|p2a: Heatran|Magma Storm|p1a: Dragonite
|-resisted|p1a: Dragonite
|-damage|p1a: Dragonite|87/100
|-activate|p1a: Dragonite|move: Magma Storm|[of] p2a: Heatran
|
|-damage|p1a: Dragonite|75/100|[from] move: Magma Storm|[partiallytrapped]
|upkeep
|turn|21
|
|t:|1666745504
|move|p1a: Dragonite|Earthquake|p2a: Heatran
|-supereffective|p2a: Heatran
|-damage|p2a: Heatran|0 fnt
|faint|p2a: Heatran
|
|-end|p1a: Dragonite|Magma Storm|[partiallytrapped]|[silent]
|upkeep
|
|t:|1666745505
|switch|p2a: Rotom|Rotom-Wash|81/100
|-damage|p2a: Rotom|69/100|[from] Stealth Rock
|turn|22
|
|t:|1666745507
|move|p1a: Dragonite|Dragon Dance|p1a: Dragonite
|-boost|p1a: Dragonite|atk|1
|-boost|p1a: Dragonite|spe|1
|move|p2a: Rotom|Thunderbolt|p1a: Dragonite
|-damage|p1a: Dragonite|36/100
|
|-heal|p2a: Rotom|75/100|[from] item: Leftovers
|upkeep
|turn|23
|
|t:|1666745508
|move|p1a: Dragonite|Dragon Dance|p1a: Dragonite
|-boost|p1a: Dragonite|atk|1
|-boost|p1a: Dragonite|spe|1
|move|p2a: Rotom|Thunderbolt|p1a: Dragonite
|-damage|p1a: Dragonite|0 fnt
|faint|p1a: Dragonite
|
|-heal|p2a: Rotom|81/100|[from] item: Leftovers
|upkeep
|
|t:|1666745510
|switch|p1a: Kartana|Kartana|30/100
|turn|24
|
|t:|1666745510
|move|p1a: Kartana|Leaf Blade|p2a: Rotom
|-supereffective|p2a: Rotom
|-damage|p2a: Rotom|0 fnt
|faint|p2a: Rotom
|
|win|Valentine
|raw|Valentine's rating: 1688 &rarr; <strong>1707</strong><br />(+19 for winning)
|raw|minimax_ai's rating: 1677 &rarr; <strong>1658</strong><br />(-19 for losing)
