|j|☆LudwigFrog
|j|☆mkyn
|t:|1636905547
|gametype|singles
|player|p1|LudwigFrog|hilbert-wonderlauncher|1698
|player|p2|mkyn|morty|1739
|teamsize|p1|6
|teamsize|p2|6
|gen|8
|tier|[Gen 8] OU
|rated|
|rule|Sleep Clause Mod: Limit one foe put to sleep
|rule|Species Clause: Limit one of each Pokémon
|rule|OHKO Clause: OHKO moves are banned
|rule|Evasion Moves Clause: Evasion moves are banned
|rule|Endless Battle Clause: Forcing endless battles is banned
|rule|HP Percentage Mod: HP is shown in percentages
|rule|Dynamax Clause: You cannot dynamax
|clearpoke
|poke|p1|Tapu Koko|
|poke|p1|Hawlucha, F|
|poke|p1|Mew|
|poke|p1|Blacephalon|
|poke|p1|Kyurem|
|poke|p1|Garchomp, F|
|poke|p2|Landorus-Therian, M|
|poke|p2|Blissey, F|
|poke|p2|Slowbro, F|
|poke|p2|Primarina, M|
|poke|p2|Melmetal|
|poke|p2|Stakataka|
|teampreview
|inactive|Battle timer is ON: inactive players will automatically lose when time's up. (requested by LudwigFrog)
|
|t:|1636905561
|start
|switch|p1a: Tapu Koko|Tapu Koko|100/100
|switch|p2a: Melmetal|Melmetal|100/100
|-fieldstart|move: Electric Terrain|[from] ability: Electric Surge|[of] p1a: Tapu Koko
|turn|1
|
|t:|1636905564
|move|p1a: Tapu Koko|Reflect|p1a: Tapu Koko
|-sidestart|p1: LudwigFrog|Reflect
|move|p2a: Melmetal|Double Iron Bash|p1a: Tapu Koko
|-damage|p1a: Tapu Koko|61/100
|-damage|p1a: Tapu Koko|24/100
|-hitcount|p1a: Tapu Koko|2
|
|upkeep
|turn|2
|
|t:|1636905569
|move|p1a: Tapu Koko|U-turn|p2a: Melmetal
|-resisted|p2a: Melmetal
|-damage|p2a: Melmetal|96/100
|
|t:|1636905571
|switch|p1a: Garchomp|Garchomp, F|100/100|[from]move: U-turn
|move|p2a: Melmetal|Double Iron Bash|p1a: Garchomp
|-damage|p1a: Garchomp|69/100
|-damage|p2a: Melmetal|83/100|[from] ability: Rough Skin|[of] p1a: Garchomp
|-damage|p1a: Garchomp|33/100
|-damage|p2a: Melmetal|71/100|[from] ability: Rough Skin|[of] p1a: Garchomp
|-hitcount|p1a: Garchomp|2
|
|-heal|p1a: Garchomp|39/100|[from] item: Leftovers
|upkeep
|turn|3
|
|t:|1636905574
|move|p1a: Garchomp|Earthquake|p2a: Melmetal
|-supereffective|p2a: Melmetal
|-damage|p2a: Melmetal|16/100
|move|p2a: Melmetal|Double Iron Bash|p1a: Garchomp
|-damage|p1a: Garchomp|8/100
|-damage|p2a: Melmetal|3/100|[from] ability: Rough Skin|[of] p1a: Garchomp
|-damage|p1a: Garchomp|0 fnt
|-damage|p2a: Melmetal|0 fnt|[from] ability: Rough Skin|[of] p1a: Garchomp
|faint|p1a: Garchomp
|faint|p2a: Melmetal
|-hitcount|p1: Garchomp|2
|
|upkeep
|
|t:|1636905580
|switch|p1a: Tapu Koko|Tapu Koko|24/100
|switch|p2a: Primarina|Primarina, M|100/100
|turn|4
|
|t:|1636905587
|move|p1a: Tapu Koko|Light Screen|p1a: Tapu Koko
|-sidestart|p1: LudwigFrog|move: Light Screen
|move|p2a: Primarina|Flip Turn|p1a: Tapu Koko
|-damage|p1a: Tapu Koko|16/100
|
|t:|1636905590
|switch|p2a: Landorus|Landorus-Therian, M|100/100|[from]move: Flip Turn
|-ability|p2a: Landorus|Intimidate|boost
|-unboost|p1a: Tapu Koko|atk|1
|
|upkeep
|turn|5
|
|t:|1636905594
|move|p1a: Tapu Koko|Taunt|p2a: Landorus
|-start|p2a: Landorus|move: Taunt
|cant|p2a: Landorus|move: Taunt|Stealth Rock
|
|-fieldend|move: Electric Terrain
|upkeep
|turn|6
|
|t:|1636905598
|move|p1a: Tapu Koko|U-turn|p2a: Landorus
|-resisted|p2a: Landorus
|-damage|p2a: Landorus|96/100
|-damage|p1a: Tapu Koko|0 fnt|[from] item: Rocky Helmet|[of] p2a: Landorus
|faint|p1a: Tapu Koko
|move|p2a: Landorus|Earthquake|p1: Tapu Koko|[notarget]
|-fail|p2a: Landorus
|
|upkeep
|
|t:|1636905603
|switch|p1a: Mew|Mew|100/100
|turn|7
|
|t:|1636905612
|move|p1a: Mew|Cosmic Power|p1a: Mew
|-boost|p1a: Mew|def|1
|-boost|p1a: Mew|spd|1
|move|p2a: Landorus|U-turn|p1a: Mew
|-supereffective|p1a: Mew
|-damage|p1a: Mew|88/100
|-enditem|p1a: Mew|Weakness Policy
|-boost|p1a: Mew|atk|2|[from] item: Weakness Policy
|-boost|p1a: Mew|spa|2|[from] item: Weakness Policy
|
|t:|1636905616
|switch|p2a: Primarina|Primarina, M|100/100|[from]move: U-turn
|
|upkeep
|turn|8
|
|t:|1636905619
|switch|p2a: Landorus|Landorus-Therian, M|96/100
|-ability|p2a: Landorus|Intimidate|boost
|-unboost|p1a: Mew|atk|1
|move|p1a: Mew|Cosmic Power|p1a: Mew
|-boost|p1a: Mew|def|1
|-boost|p1a: Mew|spd|1
|
|-sideend|p1: LudwigFrog|Reflect
|upkeep
|turn|9
|
|t:|1636905622
|move|p1a: Mew|Taunt|p2a: Landorus
|-start|p2a: Landorus|move: Taunt
|cant|p2a: Landorus|move: Taunt|Toxic
|
|upkeep
|turn|10
|
|t:|1636905629
|move|p1a: Mew|Cosmic Power|p1a: Mew
|-boost|p1a: Mew|def|1
|-boost|p1a: Mew|spd|1
|move|p2a: Landorus|Earthquake|p1a: Mew
|-damage|p1a: Mew|72/100
|
|upkeep
|turn|11
|
|t:|1636905634
|move|p1a: Mew|Cosmic Power|p1a: Mew
|-boost|p1a: Mew|def|1
|-boost|p1a: Mew|spd|1
|move|p2a: Landorus|Earthquake|p1a: Mew
|-damage|p1a: Mew|59/100
|
|-end|p2a: Landorus|move: Taunt
|-sideend|p1: LudwigFrog|move: Light Screen
|upkeep
|turn|12
|
|t:|1636905636
|move|p1a: Mew|Cosmic Power|p1a: Mew
|-boost|p1a: Mew|def|1
|-boost|p1a: Mew|spd|1
|move|p2a: Landorus|Earthquake|p1a: Mew
|-damage|p1a: Mew|48/100
|
|upkeep
|turn|13
|j| Olaho
|
|t:|1636905640
|move|p1a: Mew|Taunt|p2a: Landorus
|-start|p2a: Landorus|move: Taunt
|move|p2a: Landorus|Earthquake|p1a: Mew
|-damage|p1a: Mew|36/100
|
|upkeep
|turn|14
|
|t:|1636905642
|move|p1a: Mew|Roost|p1a: Mew
|-heal|p1a: Mew|86/100
|-singleturn|p1a: Mew|move: Roost
|move|p2a: Landorus|Earthquake|p1a: Mew
|-crit|p1a: Mew
|-damage|p1a: Mew|29/100
|
|upkeep
|turn|15
|j| Brim.AI
|
|t:|1636905645
|move|p1a: Mew|Roost|p1a: Mew
|-heal|p1a: Mew|79/100
|-singleturn|p1a: Mew|move: Roost
|move|p2a: Landorus|Earthquake|p1a: Mew
|-damage|p1a: Mew|68/100
|
|-end|p2a: Landorus|move: Taunt
|upkeep
|turn|16
|
|t:|1636905648
|move|p1a: Mew|Taunt|p2a: Landorus
|-start|p2a: Landorus|move: Taunt
|move|p2a: Landorus|Earthquake|p1a: Mew
|-damage|p1a: Mew|56/100
|
|upkeep
|turn|17
|
|t:|1636905650
|move|p1a: Mew|Roost|p1a: Mew
|-heal|p1a: Mew|100/100
|-singleturn|p1a: Mew|move: Roost
|move|p2a: Landorus|U-turn|p1a: Mew
|-supereffective|p1a: Mew
|-damage|p1a: Mew|89/100
|
|t:|1636905652
|switch|p2a: Primarina|Primarina, M|100/100|[from]move: U-turn
|
|upkeep
|turn|18
|
|t:|1636905654
|move|p1a: Mew|Stored Power|p2a: Primarina
|-damage|p2a: Primarina|0 fnt
|faint|p2a: Primarina
|
|upkeep
|
|t:|1636905656
|switch|p2a: Blissey|Blissey, F|100/100
|turn|19
|
|t:|1636905663
|move|p1a: Mew|Taunt|p2a: Blissey
|-start|p2a: Blissey|move: Taunt
|cant|p2a: Blissey|move: Taunt|Soft-Boiled
|
|upkeep
|turn|20
|
|t:|1636905666
|switch|p2a: Landorus|Landorus-Therian, M|96/100
|-ability|p2a: Landorus|Intimidate|boost
|-unboost|p1a: Mew|atk|1
|move|p1a: Mew|Cosmic Power|p1a: Mew
|-boost|p1a: Mew|def|1
|-boost|p1a: Mew|spd|1
|
|upkeep
|turn|21
|
|t:|1636905670
|switch|p2a: Blissey|Blissey, F|100/100
|move|p1a: Mew|Taunt|p2a: Blissey
|-start|p2a: Blissey|move: Taunt
|
|upkeep
|turn|22
|
|t:|1636905673
|switch|p2a: Landorus|Landorus-Therian, M|96/100
|-ability|p2a: Landorus|Intimidate|boost
|-unboost|p1a: Mew|atk|1
|move|p1a: Mew|Stored Power|p2a: Landorus
|-damage|p2a: Landorus|0 fnt
|faint|p2a: Landorus
|
|upkeep
|
|t:|1636905675
|switch|p2a: Blissey|Blissey, F|100/100
|turn|23
|
|t:|1636905681
|move|p1a: Mew|Stored Power|p2a: Blissey
|-damage|p2a: Blissey|19/100
|move|p2a: Blissey|Soft-Boiled|p2a: Blissey
|-heal|p2a: Blissey|69/100
|
|upkeep
|turn|24
|
|t:|1636905685
|switch|p2a: Slowbro|Slowbro, F|100/100
|move|p1a: Mew|Stored Power|p2a: Slowbro
|-resisted|p2a: Slowbro
|-damage|p2a: Slowbro|0 fnt
|faint|p2a: Slowbro
|
|upkeep
|c|☆LudwigFrog|gg
|
|t:|1636905688
|switch|p2a: Stakataka|Stakataka|100/100
|-item|p2a: Stakataka|Air Balloon
|turn|25
|
|t:|1636905690
|move|p1a: Mew|Taunt|p2a: Stakataka
|-start|p2a: Stakataka|move: Taunt
|move|p2a: Stakataka|Gyro Ball|p1a: Mew
|-damage|p1a: Mew|71/100
|
|upkeep
|turn|26
|
|t:|1636905694
|move|p1a: Mew|Stored Power|p2a: Stakataka
|-resisted|p2a: Stakataka
|-damage|p2a: Stakataka|2/100
|-enditem|p2a: Stakataka|Air Balloon
|move|p2a: Stakataka|Gyro Ball|p1a: Mew
|-damage|p1a: Mew|52/100
|
|upkeep
|turn|27
|
|t:|1636905697
|move|p1a: Mew|Stored Power|p2a: Stakataka
|-resisted|p2a: Stakataka
|-crit|p2a: Stakataka
|-damage|p2a: Stakataka|0 fnt
|faint|p2a: Stakataka
|
|upkeep
|-message|mkyn forfeited.
|
|win|LudwigFrog
|raw|LudwigFrog's rating: 1698 &rarr; <strong>1720</strong><br />(+22 for winning)
|raw|mkyn's rating: 1739 &rarr; <strong>1717</strong><br />(-22 for losing)
|l|☆mkyn
|l| Brim.AI
