|j|☆LT71LX Acey2B
|j|☆isheavydead
|t:|1596837783
|player|p1|LT71LX Acey2B|winona-gen6|1605
|player|p2|isheavydead|169|1688
|teamsize|p1|6
|teamsize|p2|6
|gametype|singles
|gen|8
|tier|[Gen 8] OU
|rated|
|clearpoke
|poke|p1|Tyranitar, F|
|poke|p1|Excadrill, M|
|poke|p1|Skarmory, M|
|poke|p1|Clefable, M|
|poke|p1|Amoonguss, F|
|poke|p1|Dragapult, F|
|poke|p2|Crawdaunt, F|
|poke|p2|Rhyperior, M|
|poke|p2|Togekiss, F|
|poke|p2|Volcarona, F|
|poke|p2|Rillaboom, M|
|poke|p2|Urshifu-*, F|
|rule|Sleep Clause Mod: Limit one foe put to sleep
|rule|Species Clause: Limit one of each Pokémon
|rule|OHKO Clause: OHKO moves are banned
|rule|Evasion Moves Clause: Evasion moves are banned
|rule|Endless Battle Clause: Forcing endless battles is banned
|rule|HP Percentage Mod: HP is shown in percentages
|rule|Dynamax Clause: You cannot dynamax
|teampreview
|
|t:|1596837794
|start
|switch|p1a: Skarmory|Skarmory, M|100/100
|switch|p2a: Urshifu|Urshifu, F|100/100
|turn|1
|
|t:|1596837798
|move|p2a: Urshifu|Bulk Up|p2a: Urshifu
|-boost|p2a: Urshifu|atk|1
|-boost|p2a: Urshifu|def|1
|move|p1a: Skarmory|Roost||[still]
|-fail|p1a: Skarmory|heal
|
|upkeep
|turn|2
|
|t:|1596837801
|switch|p1a: Clefable|Clefable, M|100/100
|move|p2a: Urshifu|Bulk Up|p2a: Urshifu
|-boost|p2a: Urshifu|atk|1
|-boost|p2a: Urshifu|def|1
|
|upkeep
|turn|3
|
|t:|1596837804
|move|p2a: Urshifu|Wicked Blow|p1a: Clefable
|-resisted|p1a: Clefable
|-crit|p1a: Clefable
|-damage|p1a: Clefable|26/100
|move|p1a: Clefable|Moonblast|p2a: Urshifu
|-supereffective|p2a: Urshifu
|-damage|p2a: Urshifu|0 fnt
|faint|p2a: Urshifu
|
|-heal|p1a: Clefable|32/100|[from] item: Leftovers
|upkeep
|
|t:|1596837814
|switch|p2a: Crawdaunt|Crawdaunt, F|100/100
|turn|4
|
|t:|1596837819
|switch|p1a: Skarmory|Skarmory, M|100/100
|move|p2a: Crawdaunt|Crabhammer|p1a: Skarmory
|-damage|p1a: Skarmory|51/100
|-damage|p2a: Crawdaunt|84/100|[from] item: Rocky Helmet|[of] p1a: Skarmory
|
|upkeep
|turn|5
|
|t:|1596837823
|move|p1a: Skarmory|Body Press|p2a: Crawdaunt
|-supereffective|p2a: Crawdaunt
|-damage|p2a: Crawdaunt|0 fnt
|faint|p2a: Crawdaunt
|
|upkeep
|inactive|Battle timer is ON: inactive players will automatically lose when time's up. (requested by LT71LX Acey2B)
|
|t:|1596837825
|switch|p2a: Volcarona|Volcarona, F|100/100
|turn|6
|
|t:|1596837829
|switch|p1a: Tyranitar|Tyranitar, F|100/100
|-weather|Sandstorm|[from] ability: Sand Stream|[of] p1a: Tyranitar
|move|p2a: Volcarona|Fiery Dance|p1a: Tyranitar
|-resisted|p1a: Tyranitar
|-damage|p1a: Tyranitar|86/100
|
|-weather|Sandstorm|[upkeep]
|-damage|p2a: Volcarona|94/100|[from] Sandstorm
|upkeep
|turn|7
|
|t:|1596837833
|switch|p2a: Rillaboom|Rillaboom, M|100/100
|-fieldstart|move: Grassy Terrain|[from] ability: Grassy Surge|[of] p2a: Rillaboom
|move|p1a: Tyranitar|Toxic|p2a: Rillaboom
|-status|p2a: Rillaboom|tox
|
|-weather|Sandstorm|[upkeep]
|-damage|p2a: Rillaboom|94/100 tox|[from] Sandstorm
|-heal|p2a: Rillaboom|100/100 tox|[from] Grassy Terrain
|-heal|p1a: Tyranitar|92/100|[from] Grassy Terrain
|-damage|p2a: Rillaboom|94/100 tox|[from] psn
|upkeep
|turn|8
|
|t:|1596837837
|switch|p1a: Skarmory|Skarmory, M|51/100
|move|p2a: Rillaboom|Swords Dance|p2a: Rillaboom
|-boost|p2a: Rillaboom|atk|2
|
|-weather|Sandstorm|[upkeep]
|-damage|p2a: Rillaboom|88/100 tox|[from] Sandstorm
|-heal|p2a: Rillaboom|94/100 tox|[from] Grassy Terrain
|-damage|p2a: Rillaboom|82/100 tox|[from] psn
|upkeep
|turn|9
|
|t:|1596837840
|move|p2a: Rillaboom|Superpower|p1a: Skarmory
|-damage|p1a: Skarmory|0 fnt
|-unboost|p2a: Rillaboom|atk|1
|-unboost|p2a: Rillaboom|def|1
|-damage|p2a: Rillaboom|65/100 tox|[from] item: Rocky Helmet|[of] p1a: Skarmory
|faint|p1a: Skarmory
|
|-weather|Sandstorm|[upkeep]
|-damage|p2a: Rillaboom|59/100 tox|[from] Sandstorm
|-heal|p2a: Rillaboom|65/100 tox|[from] Grassy Terrain
|-damage|p2a: Rillaboom|47/100 tox|[from] psn
|upkeep
|
|t:|1596837844
|switch|p1a: Amoonguss|Amoonguss, F|100/100
|turn|10
|
|t:|1596837851
|move|p2a: Rillaboom|High Horsepower|p1a: Amoonguss
|-damage|p1a: Amoonguss|58/100
|move|p1a: Amoonguss|Sludge Bomb|p2a: Rillaboom
|-supereffective|p2a: Rillaboom
|-damage|p2a: Rillaboom|0 fnt
|faint|p2a: Rillaboom
|
|-weather|none
|-heal|p1a: Amoonguss|64/100|[from] item: Black Sludge
|-heal|p1a: Amoonguss|70/100|[from] Grassy Terrain
|upkeep
|
|t:|1596837857
|switch|p2a: Volcarona|Volcarona, F|94/100
|turn|11
|
|t:|1596837860
|switch|p2a: Rhyperior|Rhyperior, M|100/100
|move|p1a: Amoonguss|Stun Spore|p2a: Rhyperior
|-status|p2a: Rhyperior|par
|
|-heal|p1a: Amoonguss|76/100|[from] item: Black Sludge
|-heal|p1a: Amoonguss|82/100|[from] Grassy Terrain
|-fieldend|move: Grassy Terrain
|upkeep
|turn|12
|
|t:|1596837862
|move|p1a: Amoonguss|Giga Drain|p2a: Rhyperior
|-supereffective|p2a: Rhyperior
|-damage|p2a: Rhyperior|38/100 par
|-heal|p1a: Amoonguss|100/100|[from] drain|[of] p2a: Rhyperior
|move|p2a: Rhyperior|Swords Dance|p2a: Rhyperior
|-boost|p2a: Rhyperior|atk|2
|
|-heal|p2a: Rhyperior|44/100 par|[from] item: Leftovers
|upkeep
|turn|13
|
|t:|1596837866
|switch|p2a: Togekiss|Togekiss, F|100/100
|move|p1a: Amoonguss|Giga Drain|p2a: Togekiss
|-resisted|p2a: Togekiss
|-damage|p2a: Togekiss|91/100
|
|upkeep
|turn|14
|
|t:|1596837870
|switch|p1a: Tyranitar|Tyranitar, F|92/100
|-weather|Sandstorm|[from] ability: Sand Stream|[of] p1a: Tyranitar
|move|p2a: Togekiss|Air Slash|p1a: Tyranitar
|-resisted|p1a: Tyranitar
|-damage|p1a: Tyranitar|81/100
|
|-weather|Sandstorm|[upkeep]
|-damage|p2a: Togekiss|85/100|[from] Sandstorm
|upkeep
|turn|15
|
|t:|1596837874
|move|p1a: Tyranitar|Crunch|p2a: Togekiss
|-resisted|p2a: Togekiss
|-damage|p2a: Togekiss|62/100
|move|p2a: Togekiss|Air Slash|p1a: Tyranitar
|-resisted|p1a: Tyranitar
|-damage|p1a: Tyranitar|72/100
|
|-weather|Sandstorm|[upkeep]
|-damage|p2a: Togekiss|56/100|[from] Sandstorm
|upkeep
|turn|16
|
|t:|1596837877
|switch|p1a: Excadrill|Excadrill, M|100/100
|move|p2a: Togekiss|Air Slash|p1a: Excadrill
|-resisted|p1a: Excadrill
|-damage|p1a: Excadrill|81/100
|
|-weather|Sandstorm|[upkeep]
|-damage|p2a: Togekiss|50/100|[from] Sandstorm
|-heal|p1a: Excadrill|87/100|[from] item: Leftovers
|upkeep
|turn|17
|
|t:|1596837880
|move|p1a: Excadrill|Iron Head|p2a: Togekiss
|-supereffective|p2a: Togekiss
|-damage|p2a: Togekiss|0 fnt
|faint|p2a: Togekiss
|
|-weather|Sandstorm|[upkeep]
|-heal|p1a: Excadrill|93/100|[from] item: Leftovers
|upkeep
|
|t:|1596837883
|switch|p2a: Volcarona|Volcarona, F|94/100
|turn|18
|
|t:|1596837885
|switch|p1a: Clefable|Clefable, M|32/100
|move|p2a: Volcarona|Quiver Dance|p2a: Volcarona
|-boost|p2a: Volcarona|spa|1
|-boost|p2a: Volcarona|spd|1
|-boost|p2a: Volcarona|spe|1
|
|-weather|none
|-heal|p1a: Clefable|38/100|[from] item: Leftovers
|upkeep
|turn|19
|
|t:|1596837889
|switch|p1a: Tyranitar|Tyranitar, F|72/100
|-weather|Sandstorm|[from] ability: Sand Stream|[of] p1a: Tyranitar
|move|p2a: Volcarona|Quiver Dance|p2a: Volcarona
|-boost|p2a: Volcarona|spa|1
|-boost|p2a: Volcarona|spd|1
|-boost|p2a: Volcarona|spe|1
|
|-weather|Sandstorm|[upkeep]
|-damage|p2a: Volcarona|88/100|[from] Sandstorm
|upkeep
|turn|20
|
|t:|1596837891
|move|p2a: Volcarona|Fiery Dance|p1a: Tyranitar
|-resisted|p1a: Tyranitar
|-damage|p1a: Tyranitar|45/100
|move|p1a: Tyranitar|Stone Edge|p2a: Volcarona
|-supereffective|p2a: Volcarona
|-damage|p2a: Volcarona|0 fnt
|faint|p2a: Volcarona
|
|-weather|Sandstorm|[upkeep]
|upkeep
|-message|isheavydead forfeited.
|
|win|LT71LX Acey2B
|l|☆isheavydead
|raw|LT71LX Acey2B's rating: 1605 &rarr; <strong>1630</strong><br />(+25 for winning)
|raw|isheavydead's rating: 1688 &rarr; <strong>1663</strong><br />(-25 for losing)
