|j|☆Infernoss
|j|☆Run For Me Plz
|t:|1651512105
|gametype|singles
|player|p1|Infernoss|chili|1796
|player|p2|Run For Me Plz|pokemaniac-gen3|1738
|teamsize|p1|6
|teamsize|p2|6
|gen|8
|tier|[Gen 8] OU
|rated|
|rule|Sleep Clause Mod: Limit one foe put to sleep
|rule|Species Clause: Limit one of each Pokémon
|rule|OHKO Clause: OHKO moves are banned
|rule|Evasion Moves Clause: Evasion moves are banned
|rule|Endless Battle Clause: Forcing endless battles is banned
|rule|HP Percentage Mod: HP is shown in percentages
|rule|Dynamax Clause: You cannot dynamax
|clearpoke
|poke|p1|Slowbro, M|
|poke|p1|Hatterene, F|
|poke|p1|Marowak-Alola, M|
|poke|p1|Ferrothorn, M|
|poke|p1|Garchomp, F|
|poke|p1|Drampa, M|
|poke|p2|Kartana|
|poke|p2|Tornadus-Therian, M|
|poke|p2|Slowbro, M|
|poke|p2|Hippowdon, M|
|poke|p2|Umbreon, F|
|poke|p2|Tapu Lele|
|teampreview
|inactive|Battle timer is ON: inactive players will automatically lose when time's up. (requested by Run For Me Plz)
|
|t:|1651512126
|start
|switch|p1a: Falko|Drampa, M|100/100
|switch|p2a: Tornadus|Tornadus-Therian, M, shiny|100/100
|turn|1
|
|t:|1651512132
|move|p2a: Tornadus|Knock Off|p1a: Falko
|-damage|p1a: Falko|80/100
|-enditem|p1a: Falko|Expert Belt|[from] move: Knock Off|[of] p2a: Tornadus
|move|p1a: Falko|Ice Beam|p2a: Tornadus
|-supereffective|p2a: Tornadus
|-damage|p2a: Tornadus|22/100
|
|upkeep
|turn|2
|
|t:|1651512143
|move|p2a: Tornadus|U-turn|p1a: Falko
|-damage|p1a: Falko|63/100
|j| IceGuysFinishLast
|
|t:|1651512148
|switch|p2a: Umbreon|Umbreon, F, shiny|100/100|[from]move: U-turn
|move|p1a: Falko|Ice Beam|p2a: Umbreon
|-damage|p2a: Umbreon|77/100
|
|-heal|p2a: Umbreon|84/100|[from] item: Leftovers
|upkeep
|turn|3
|
|t:|1651512156
|move|p2a: Umbreon|Wish|p2a: Umbreon
|move|p1a: Falko|Roost|p1a: Falko
|-heal|p1a: Falko|100/100
|-singleturn|p1a: Falko|move: Roost
|
|-heal|p2a: Umbreon|90/100|[from] item: Leftovers
|upkeep
|turn|4
|
|t:|1651512163
|move|p2a: Umbreon|Foul Play|p1a: Falko
|-damage|p1a: Falko|83/100
|move|p1a: Falko|Ice Beam|p2a: Umbreon
|-damage|p2a: Umbreon|69/100
|
|-heal|p2a: Umbreon|100/100|[from] move: Wish|[wisher] Umbreon
|upkeep
|turn|5
|
|t:|1651512172
|switch|p2a: Slowbro|Slowbro, M, shiny|100/100
|move|p1a: Falko|Focus Blast|p2a: Slowbro
|-resisted|p2a: Slowbro
|-damage|p2a: Slowbro|76/100
|
|upkeep
|turn|6
|
|t:|1651512179
|switch|p2a: Hippowdon|Hippowdon, M|100/100
|-weather|Sandstorm|[from] ability: Sand Stream|[of] p2a: Hippowdon
|move|p1a: Falko|Thunderbolt|p2a: Hippowdon
|-immune|p2a: Hippowdon
|
|-weather|Sandstorm|[upkeep]
|-damage|p1a: Falko|77/100|[from] Sandstorm
|upkeep
|turn|7
|j| ibuyelo
|
|t:|1651512196
|switch|p2a: Umbreon|Umbreon, F, shiny|100/100
|move|p1a: Falko|Ice Beam|p2a: Umbreon
|-damage|p2a: Umbreon|78/100
|
|-weather|Sandstorm|[upkeep]
|-damage|p2a: Umbreon|72/100|[from] Sandstorm
|-damage|p1a: Falko|70/100|[from] Sandstorm
|-heal|p2a: Umbreon|78/100|[from] item: Leftovers
|upkeep
|turn|8
|
|t:|1651512208
|switch|p2a: Tapu Lele|Tapu Lele|100/100
|-fieldstart|move: Psychic Terrain|[from] ability: Psychic Surge|[of] p2a: Tapu Lele
|move|p1a: Falko|Focus Blast|p2a: Tapu Lele
|-resisted|p2a: Tapu Lele
|-damage|p2a: Tapu Lele|88/100
|
|-weather|Sandstorm|[upkeep]
|-damage|p2a: Tapu Lele|82/100|[from] Sandstorm
|-damage|p1a: Falko|64/100|[from] Sandstorm
|upkeep
|turn|9
|l| IceGuysFinishLast
|
|t:|1651512217
|switch|p1a: Thorns|Ferrothorn, M|100/100
|move|p2a: Tapu Lele|Moonblast|p1a: Thorns
|-resisted|p1a: Thorns
|-damage|p1a: Thorns|75/100
|
|-weather|Sandstorm|[upkeep]
|-damage|p2a: Tapu Lele|76/100|[from] Sandstorm
|-heal|p1a: Thorns|81/100|[from] item: Leftovers
|upkeep
|turn|10
|j| jeanmilapipe
|
|t:|1651512227
|switch|p2a: Tornadus|Tornadus-Therian, M, shiny|56/100
|move|p1a: Thorns|Stealth Rock|p2a: Tornadus
|-sidestart|p2: Run For Me Plz|move: Stealth Rock
|
|-weather|none
|-heal|p1a: Thorns|88/100|[from] item: Leftovers
|upkeep
|turn|11
|
|t:|1651512233
|move|p2a: Tornadus|Hurricane|p1a: Thorns
|-damage|p1a: Thorns|62/100
|-start|p1a: Thorns|confusion
|-activate|p1a: Thorns|confusion
|move|p1a: Thorns|Gyro Ball|p2a: Tornadus
|-damage|p2a: Tornadus|5/100
|
|-heal|p1a: Thorns|68/100|[from] item: Leftovers
|upkeep
|turn|12
|
|t:|1651512242
|switch|p2a: Slowbro|Slowbro, M, shiny|100/100
|-damage|p2a: Slowbro|88/100|[from] Stealth Rock
|-activate|p1a: Thorns|confusion
|move|p1a: Thorns|Leech Seed|p2a: Slowbro
|-start|p2a: Slowbro|move: Leech Seed
|
|-heal|p1a: Thorns|75/100|[from] item: Leftovers
|-damage|p2a: Slowbro|76/100|[from] Leech Seed|[of] p1a: Thorns
|-heal|p1a: Thorns|89/100|[silent]
|-fieldend|move: Psychic Terrain
|upkeep
|turn|13
|
|t:|1651512253
|-activate|p1a: Thorns|confusion
|move|p1a: Thorns|Power Whip|p2a: Slowbro
|-supereffective|p2a: Slowbro
|-damage|p2a: Slowbro|30/100
|move|p2a: Slowbro|Teleport|p2a: Slowbro
|
|t:|1651512257
|switch|p2a: Tornadus|Tornadus-Therian, M, shiny|38/100|[from]move: Teleport
|
|-heal|p1a: Thorns|95/100|[from] item: Leftovers
|upkeep
|turn|14
|
|t:|1651512262
|switch|p2a: Slowbro|Slowbro, M, shiny|63/100
|-damage|p2a: Slowbro|51/100|[from] Stealth Rock
|-end|p1a: Thorns|confusion
|move|p1a: Thorns|Gyro Ball|p2a: Slowbro
|-resisted|p2a: Slowbro
|-damage|p2a: Slowbro|48/100
|
|-heal|p1a: Thorns|100/100|[from] item: Leftovers
|upkeep
|turn|15
|
|t:|1651512272
|switch|p1a: Falko|Drampa, M|64/100
|move|p2a: Slowbro|Slack Off|p2a: Slowbro
|-heal|p2a: Slowbro|98/100
|
|upkeep
|turn|16
|
|t:|1651512281
|move|p1a: Falko|Roost|p1a: Falko
|-heal|p1a: Falko|100/100
|-singleturn|p1a: Falko|move: Roost
|move|p2a: Slowbro|Teleport|p2a: Slowbro
|
|t:|1651512285
|switch|p2a: Tapu Lele|Tapu Lele|76/100|[from]move: Teleport
|-damage|p2a: Tapu Lele|64/100|[from] Stealth Rock
|-fieldstart|move: Psychic Terrain|[from] ability: Psychic Surge|[of] p2a: Tapu Lele
|
|upkeep
|turn|17
|
|t:|1651512292
|switch|p1a: Thorns|Ferrothorn, M|100/100
|move|p2a: Tapu Lele|Psychic|p1a: Thorns
|-resisted|p1a: Thorns
|-damage|p1a: Thorns|66/100
|
|-heal|p1a: Thorns|72/100|[from] item: Leftovers
|upkeep
|turn|18
|
|t:|1651512300
|switch|p2a: Tornadus|Tornadus-Therian, M, shiny|71/100
|move|p1a: Thorns|Leech Seed|p2a: Tornadus
|-start|p2a: Tornadus|move: Leech Seed
|
|-heal|p1a: Thorns|79/100|[from] item: Leftovers
|-damage|p2a: Tornadus|59/100|[from] Leech Seed|[of] p1a: Thorns
|-heal|p1a: Thorns|91/100|[silent]
|upkeep
|turn|19
|
|t:|1651512309
|move|p2a: Tornadus|Defog|p1a: Thorns
|-unboost|p1a: Thorns|evasion|1
|-sideend|p2: Run For Me Plz|Stealth Rock|[from] move: Defog|[of] p2a: Tornadus
|-fieldend|move: Psychic Terrain
|move|p1a: Thorns|Power Whip|p2a: Tornadus
|-resisted|p2a: Tornadus
|-damage|p2a: Tornadus|37/100
|
|-heal|p1a: Thorns|98/100|[from] item: Leftovers
|-damage|p2a: Tornadus|24/100|[from] Leech Seed|[of] p1a: Thorns
|-heal|p1a: Thorns|100/100|[silent]
|upkeep
|turn|20
|
|t:|1651512319
|switch|p2a: Kartana|Kartana, shiny|100/100
|move|p1a: Thorns|Stealth Rock|p2a: Kartana
|-sidestart|p2: Run For Me Plz|move: Stealth Rock
|
|upkeep
|turn|21
|
|t:|1651512325
|switch|p2a: Tornadus|Tornadus-Therian, M, shiny|58/100
|switch|p1a: Sonso|Slowbro, M|100/100
|
|upkeep
|turn|22
|
|t:|1651512331
|move|p2a: Tornadus|Defog|p1a: Sonso
|-unboost|p1a: Sonso|evasion|1
|-sideend|p2: Run For Me Plz|Stealth Rock|[from] move: Defog|[of] p2a: Tornadus
|move|p1a: Sonso|Trick Room|p1a: Sonso
|-fieldstart|move: Trick Room|[of] p1a: Sonso
|
|upkeep
|turn|23
|
|t:|1651512336
|switch|p1a: Falko|Drampa, M|100/100
|move|p2a: Tornadus|U-turn|p1a: Falko
|-damage|p1a: Falko|84/100
|
|t:|1651512340
|switch|p2a: Hippowdon|Hippowdon, M|100/100|[from]move: U-turn
|-weather|Sandstorm|[from] ability: Sand Stream|[of] p2a: Hippowdon
|
|-weather|Sandstorm|[upkeep]
|-damage|p1a: Falko|78/100|[from] Sandstorm
|upkeep
|turn|24
|
|t:|1651512347
|move|p1a: Falko|Ice Beam|p2a: Hippowdon
|-supereffective|p2a: Hippowdon
|-damage|p2a: Hippowdon|50/100
|move|p2a: Hippowdon|Stealth Rock|p1a: Falko
|-sidestart|p1: Infernoss|move: Stealth Rock
|
|-weather|Sandstorm|[upkeep]
|-damage|p1a: Falko|72/100|[from] Sandstorm
|-heal|p2a: Hippowdon|56/100|[from] item: Leftovers
|upkeep
|turn|25
|
|t:|1651512356
|switch|p1a: Thorns|Ferrothorn, M|100/100
|-damage|p1a: Thorns|94/100|[from] Stealth Rock
|move|p2a: Hippowdon|Slack Off|p2a: Hippowdon
|-heal|p2a: Hippowdon|100/100
|
|-weather|Sandstorm|[upkeep]
|-heal|p1a: Thorns|100/100|[from] item: Leftovers
|upkeep
|turn|26
|
|t:|1651512364
|switch|p2a: Tornadus|Tornadus-Therian, M, shiny|91/100
|move|p1a: Thorns|Stealth Rock|p2a: Tornadus
|-sidestart|p2: Run For Me Plz|move: Stealth Rock
|
|-weather|Sandstorm|[upkeep]
|-damage|p2a: Tornadus|85/100|[from] Sandstorm
|-fieldend|move: Trick Room
|upkeep
|turn|27
|j| RTSG tests
|
|t:|1651512371
|move|p2a: Tornadus|Hurricane|p1a: Thorns
|-damage|p1a: Thorns|74/100
|move|p1a: Thorns|Gyro Ball|p2a: Tornadus
|-damage|p2a: Tornadus|35/100
|
|-weather|none
|-heal|p1a: Thorns|80/100|[from] item: Leftovers
|upkeep
|turn|28
|
|t:|1651512381
|switch|p2a: Kartana|Kartana, shiny|100/100
|-damage|p2a: Kartana|94/100|[from] Stealth Rock
|move|p1a: Thorns|Gyro Ball|p2a: Kartana
|-resisted|p2a: Kartana
|-damage|p2a: Kartana|70/100
|
|-heal|p1a: Thorns|86/100|[from] item: Leftovers
|upkeep
|turn|29
|l| RTSG tests
|
|t:|1651512389
|switch|p1a: Sonso|Slowbro, M|100/100
|-damage|p1a: Sonso|88/100|[from] Stealth Rock
|move|p2a: Kartana|Knock Off|p1a: Sonso
|-supereffective|p1a: Sonso
|-enditem|p1a: Sonso|Colbur Berry|[eat]
|-enditem|p1a: Sonso|Colbur Berry|[weaken]
|-damage|p1a: Sonso|62/100
|
|upkeep
|turn|30
|
|t:|1651512397
|switch|p2a: Tornadus|Tornadus-Therian, M, shiny|69/100
|move|p1a: Sonso|Trick Room|p1a: Sonso
|-fieldstart|move: Trick Room|[of] p1a: Sonso
|
|upkeep
|turn|31
|
|t:|1651512406
|switch|p1a: Falko|Drampa, M|72/100
|-damage|p1a: Falko|59/100|[from] Stealth Rock
|move|p2a: Tornadus|U-turn|p1a: Falko
|-damage|p1a: Falko|45/100
|-ability|p1a: Falko|Berserk|boost
|-boost|p1a: Falko|spa|1
|
|t:|1651512410
|switch|p2a: Umbreon|Umbreon, F, shiny|78/100|[from]move: U-turn
|-damage|p2a: Umbreon|66/100|[from] Stealth Rock
|
|-heal|p2a: Umbreon|72/100|[from] item: Leftovers
|upkeep
|turn|32
|
|t:|1651512419
|move|p1a: Falko|Roost|p1a: Falko
|-heal|p1a: Falko|95/100
|-singleturn|p1a: Falko|move: Roost
|move|p2a: Umbreon|Foul Play|p1a: Falko
|-crit|p1a: Falko
|-damage|p1a: Falko|67/100
|
|-heal|p2a: Umbreon|78/100|[from] item: Leftovers
|upkeep
|turn|33
|
|t:|1651512427
|move|p2a: Umbreon|Protect|p2a: Umbreon
|-singleturn|p2a: Umbreon|Protect
|move|p1a: Falko|Roost|p1a: Falko
|-heal|p1a: Falko|100/100
|-singleturn|p1a: Falko|move: Roost
|
|-heal|p2a: Umbreon|85/100|[from] item: Leftovers
|upkeep
|turn|34
|
|t:|1651512434
|move|p1a: Falko|Ice Beam|p2a: Umbreon
|-damage|p2a: Umbreon|50/100
|move|p2a: Umbreon|Wish|p2a: Umbreon
|
|-heal|p2a: Umbreon|56/100|[from] item: Leftovers
|-fieldend|move: Trick Room
|upkeep
|turn|35
|
|t:|1651512443
|move|p2a: Umbreon|Protect|p2a: Umbreon
|-singleturn|p2a: Umbreon|Protect
|move|p1a: Falko|Ice Beam|p2a: Umbreon
|-activate|p2a: Umbreon|move: Protect
|
|-heal|p2a: Umbreon|100/100|[from] move: Wish|[wisher] Umbreon
|upkeep
|turn|36
|
|t:|1651512450
|move|p2a: Umbreon|Foul Play|p1a: Falko
|-damage|p1a: Falko|80/100
|move|p1a: Falko|Focus Blast|p2a: Umbreon
|-supereffective|p2a: Umbreon
|-damage|p2a: Umbreon|5/100
|
|-heal|p2a: Umbreon|12/100|[from] item: Leftovers
|upkeep
|turn|37
|
|t:|1651512460
|move|p2a: Umbreon|Protect|p2a: Umbreon
|-singleturn|p2a: Umbreon|Protect
|move|p1a: Falko|Thunderbolt|p2a: Umbreon
|-activate|p2a: Umbreon|move: Protect
|
|-heal|p2a: Umbreon|18/100|[from] item: Leftovers
|upkeep
|turn|38
|
|t:|1651512467
|switch|p2a: Tapu Lele|Tapu Lele|64/100
|-damage|p2a: Tapu Lele|51/100|[from] Stealth Rock
|-fieldstart|move: Psychic Terrain|[from] ability: Psychic Surge|[of] p2a: Tapu Lele
|move|p1a: Falko|Thunderbolt|p2a: Tapu Lele
|-damage|p2a: Tapu Lele|0 fnt
|faint|p2a: Tapu Lele
|
|upkeep
|-message|Run For Me Plz forfeited.
|
|win|Infernoss
|raw|Infernoss's rating: 1796 &rarr; <strong>1813</strong><br />(+17 for winning)
|raw|Run For Me Plz's rating: 1738 &rarr; <strong>1721</strong><br />(-17 for losing)
|l|☆Run For Me Plz
||Ladder isn't responding, score probably updated but might not have (Request timeout).
