|html|<div class="broadcast-blue"><strong>[Gen 8] OU is currently suspecting Melmetal! For information on how to participate check out the <a href="https://www.smogon.com/forums/threads/np-ss-ou-suspect-process-round-12-monster-mash.3709234/">suspect thread</a>.</strong></div>
|j|☆dadio4
|j|☆Raimei Hakkei 2
|t:|1666422664
|gametype|singles
|player|p1|dadio4|ingo|1528
|player|p2|Raimei Hakkei 2|170|1486
|teamsize|p1|6
|teamsize|p2|6
|gen|8
|tier|[Gen 8] OU
|rated|
|rule|Sleep Clause Mod: Limit one foe put to sleep
|rule|Species Clause: Limit one of each Pokémon
|rule|OHKO Clause: OHKO moves are banned
|rule|Evasion Items Clause: Evasion items are banned
|rule|Evasion Moves Clause: Evasion moves are banned
|rule|Endless Battle Clause: Forcing endless battles is banned
|rule|HP Percentage Mod: HP is shown in percentages
|rule|Dynamax Clause: You cannot dynamax
|clearpoke
|poke|p1|Corviknight, F|
|poke|p1|Rillaboom, F|
|poke|p1|Zeraora|
|poke|p1|Tapu Fini|
|poke|p1|Heatran, F|
|poke|p1|Dragapult, M|
|poke|p2|Landorus-Therian, M|
|poke|p2|Urshifu-*, M|
|poke|p2|Dragonite, M|
|poke|p2|Tyrantrum, F|
|poke|p2|Aegislash, M|
|poke|p2|Chansey, F|
|teampreview
|inactive|Battle timer is ON: inactive players will automatically lose when time's up. (requested by Raimei Hakkei 2)
|
|t:|1666422674
|start
|switch|p1a: Tapu Fini|Tapu Fini|100/100
|switch|p2a: Horai Hakke|Tyrantrum, F|100/100
|-fieldstart|move: Misty Terrain|[from] ability: Misty Surge|[of] p1a: Tapu Fini
|turn|1
|
|t:|1666422677
|move|p2a: Horai Hakke|Head Smash|p1a: Tapu Fini|[miss]
|-miss|p2a: Horai Hakke|p1a: Tapu Fini
|move|p1a: Tapu Fini|Moonblast|p2a: Horai Hakke
|-supereffective|p2a: Horai Hakke
|-damage|p2a: Horai Hakke|0 fnt
|faint|p2a: Horai Hakke
|
|upkeep
|
|t:|1666422684
|switch|p2a: Death Destroyer|Aegislash, M|100/100
|turn|2
|
|t:|1666422691
|move|p1a: Tapu Fini|Taunt|p2a: Death Destroyer
|-start|p2a: Death Destroyer|move: Taunt
|-formechange|p2a: Death Destroyer|Aegislash-Blade||[from] ability: Stance Change
|move|p2a: Death Destroyer|Shadow Ball|p1a: Tapu Fini
|-crit|p1a: Tapu Fini
|-damage|p1a: Tapu Fini|38/100
|
|-heal|p1a: Tapu Fini|44/100|[from] item: Leftovers
|upkeep
|turn|3
|
|t:|1666422698
|switch|p1a: Heatran|Heatran, F|100/100
|move|p2a: Death Destroyer|Shadow Ball|p1a: Heatran
|-damage|p1a: Heatran|62/100
|
|-heal|p1a: Heatran|68/100|[from] item: Leftovers
|upkeep
|turn|4
|
|t:|1666422706
|move|p1a: Heatran|Protect|p1a: Heatran
|-singleturn|p1a: Heatran|Protect
|move|p2a: Death Destroyer|Close Combat|p1a: Heatran
|-activate|p1a: Heatran|move: Protect
|
|-heal|p1a: Heatran|74/100|[from] item: Leftovers
|-end|p2a: Death Destroyer|move: Taunt
|upkeep
|turn|5
|
|t:|1666422710
|switch|p1a: Corviknight|Corviknight, F|100/100
|-ability|p1a: Corviknight|Pressure
|switch|p2a: Raging Drunk|Landorus-Therian, M|100/100
|-ability|p2a: Raging Drunk|Intimidate|boost
|-unboost|p1a: Corviknight|atk|1
|
|-fieldend|Misty Terrain
|upkeep
|turn|6
|
|t:|1666422716
|move|p2a: Raging Drunk|Stealth Rock|p1a: Corviknight
|-sidestart|p1: dadio4|move: Stealth Rock
|move|p1a: Corviknight|U-turn|p2a: Raging Drunk
|-resisted|p2a: Raging Drunk
|-damage|p2a: Raging Drunk|97/100
|
|t:|1666422727
|switch|p1a: Tapu Fini|Tapu Fini|44/100|[from]move: U-turn
|-damage|p1a: Tapu Fini|31/100|[from] Stealth Rock
|-fieldstart|move: Misty Terrain|[from] ability: Misty Surge|[of] p1a: Tapu Fini
|
|-heal|p1a: Tapu Fini|37/100|[from] item: Leftovers
|upkeep
|turn|7
|
|t:|1666422733
|move|p1a: Tapu Fini|Nature's Madness|p2a: Raging Drunk
|-damage|p2a: Raging Drunk|49/100
|move|p2a: Raging Drunk|Earth Power|p1a: Tapu Fini
|-damage|p1a: Tapu Fini|13/100
|
|-heal|p1a: Tapu Fini|19/100|[from] item: Leftovers
|upkeep
|turn|8
|
|t:|1666422739
|switch|p1a: Corviknight|Corviknight, F|100/100
|-damage|p1a: Corviknight|88/100|[from] Stealth Rock
|-ability|p1a: Corviknight|Pressure
|move|p2a: Raging Drunk|Earth Power|p1a: Corviknight
|-immune|p1a: Corviknight
|
|upkeep
|turn|9
|
|t:|1666422742
|switch|p2a: Death Destroyer|Aegislash, M|100/100
|move|p1a: Corviknight|Defog|p2a: Death Destroyer
|-unboost|p2a: Death Destroyer|evasion|1
|-sideend|p1: dadio4|Stealth Rock|[from] move: Defog|[of] p1a: Corviknight
|-fieldend|Misty Terrain
|
|upkeep
|turn|10
|
|t:|1666422744
|-formechange|p2a: Death Destroyer|Aegislash-Blade||[from] ability: Stance Change
|move|p2a: Death Destroyer|Shadow Ball|p1a: Corviknight
|-damage|p1a: Corviknight|30/100
|-unboost|p1a: Corviknight|spd|1
|move|p1a: Corviknight|U-turn|p2a: Death Destroyer
|-resisted|p2a: Death Destroyer
|-damage|p2a: Death Destroyer|91/100
|
|t:|1666422759
|switch|p1a: Zeraora|Zeraora|100/100|[from]move: U-turn
|
|upkeep
|turn|11
|
|t:|1666422761
|-formechange|p2a: Death Destroyer|Aegislash||[from] ability: Stance Change
|move|p2a: Death Destroyer|King's Shield|p2a: Death Destroyer
|-singleturn|p2a: Death Destroyer|Protect
|move|p1a: Zeraora|Bulk Up|p1a: Zeraora
|-boost|p1a: Zeraora|atk|1
|-boost|p1a: Zeraora|def|1
|
|upkeep
|turn|12
|
|t:|1666422765
|switch|p2a: Raging Drunk|Landorus-Therian, M|49/100
|-ability|p2a: Raging Drunk|Intimidate|boost
|-unboost|p1a: Zeraora|atk|1
|move|p1a: Zeraora|Plasma Fists|p2a: Raging Drunk
|-immune|p2a: Raging Drunk
|
|upkeep
|turn|13
|
|t:|1666422767
|switch|p1a: Corviknight|Corviknight, F|30/100
|-ability|p1a: Corviknight|Pressure
|move|p2a: Raging Drunk|Earth Power|p1a: Corviknight
|-immune|p1a: Corviknight
|
|upkeep
|turn|14
|
|t:|1666422770
|switch|p2a: Death Destroyer|Aegislash, M|91/100
|move|p1a: Corviknight|Roost|p1a: Corviknight
|-heal|p1a: Corviknight|80/100
|-singleturn|p1a: Corviknight|move: Roost
|
|upkeep
|turn|15
|
|t:|1666422774
|-formechange|p2a: Death Destroyer|Aegislash-Blade||[from] ability: Stance Change
|move|p2a: Death Destroyer|Shadow Ball|p1a: Corviknight
|-damage|p1a: Corviknight|26/100
|move|p1a: Corviknight|U-turn|p2a: Death Destroyer
|-resisted|p2a: Death Destroyer
|-damage|p2a: Death Destroyer|82/100
|
|t:|1666422778
|switch|p1a: Zeraora|Zeraora|100/100|[from]move: U-turn
|
|upkeep
|turn|16
|
|t:|1666422781
|-formechange|p2a: Death Destroyer|Aegislash||[from] ability: Stance Change
|move|p2a: Death Destroyer|King's Shield|p2a: Death Destroyer
|-singleturn|p2a: Death Destroyer|Protect
|move|p1a: Zeraora|Plasma Fists|p2a: Death Destroyer
|-activate|p2a: Death Destroyer|move: Protect
|-unboost|p1a: Zeraora|atk|1
|
|upkeep
|turn|17
|
|t:|1666422784
|switch|p2a: Raging Drunk|Landorus-Therian, M|49/100
|-ability|p2a: Raging Drunk|Intimidate|boost
|-unboost|p1a: Zeraora|atk|1
|move|p1a: Zeraora|Bulk Up|p1a: Zeraora
|-boost|p1a: Zeraora|atk|1
|-boost|p1a: Zeraora|def|1
|
|upkeep
|turn|18
|
|t:|1666422789
|switch|p1a: Corviknight|Corviknight, F|26/100
|-ability|p1a: Corviknight|Pressure
|switch|p2a: Death Destroyer|Aegislash, M|82/100
|
|upkeep
|turn|19
|
|t:|1666422794
|switch|p1a: Tapu Fini|Tapu Fini|19/100
|-fieldstart|move: Misty Terrain|[from] ability: Misty Surge|[of] p1a: Tapu Fini
|-formechange|p2a: Death Destroyer|Aegislash-Blade||[from] ability: Stance Change
|move|p2a: Death Destroyer|Shadow Ball|p1a: Tapu Fini
|-damage|p1a: Tapu Fini|0 fnt
|faint|p1a: Tapu Fini
|
|upkeep
|
|t:|1666422798
|switch|p1a: Zeraora|Zeraora|100/100
|turn|20
|
|t:|1666422802
|-formechange|p2a: Death Destroyer|Aegislash||[from] ability: Stance Change
|move|p2a: Death Destroyer|King's Shield|p2a: Death Destroyer
|-singleturn|p2a: Death Destroyer|Protect
|move|p1a: Zeraora|Bulk Up|p1a: Zeraora
|-boost|p1a: Zeraora|atk|1
|-boost|p1a: Zeraora|def|1
|
|upkeep
|turn|21
|
|t:|1666422814
|switch|p1a: Corviknight|Corviknight, F|26/100
|-ability|p1a: Corviknight|Pressure
|switch|p2a: Raging Drunk|Landorus-Therian, M|49/100
|-ability|p2a: Raging Drunk|Intimidate|boost
|-unboost|p1a: Corviknight|atk|1
|
|upkeep
|turn|22
|
|t:|1666422817
|switch|p2a: Death Destroyer|Aegislash, M|82/100
|move|p1a: Corviknight|Roost|p1a: Corviknight
|-heal|p1a: Corviknight|76/100
|-singleturn|p1a: Corviknight|move: Roost
|
|upkeep
|turn|23
|
|t:|1666422835
|switch|p1a: Heatran|Heatran, F|74/100
|-formechange|p2a: Death Destroyer|Aegislash-Blade||[from] ability: Stance Change
|move|p2a: Death Destroyer|Shadow Ball|p1a: Heatran
|-damage|p1a: Heatran|40/100
|
|-heal|p1a: Heatran|46/100|[from] item: Leftovers
|-fieldend|Misty Terrain
|upkeep
|turn|24
|
|t:|1666422840
|switch|p2a: Raging Drunk|Landorus-Therian, M|49/100
|-ability|p2a: Raging Drunk|Intimidate|boost
|-unboost|p1a: Heatran|atk|1
|move|p1a: Heatran|Magma Storm|p2a: Raging Drunk
|-damage|p2a: Raging Drunk|6/100
|-activate|p2a: Raging Drunk|move: Magma Storm|[of] p1a: Heatran
|
|-heal|p1a: Heatran|52/100|[from] item: Leftovers
|-damage|p2a: Raging Drunk|0 fnt|[from] move: Magma Storm|[partiallytrapped]
|faint|p2a: Raging Drunk
|upkeep
|
|t:|1666422844
|switch|p2a: Gundari: Ryuseigun|Urshifu-Rapid-Strike, M|100/100
|turn|25
|
|t:|1666422855
|move|p2a: Gundari: Ryuseigun|Surging Strikes|p1a: Heatran
|-supereffective|p1a: Heatran
|-crit|p1a: Heatran
|-damage|p1a: Heatran|0 fnt
|faint|p1a: Heatran
|-hitcount|p1: Heatran|1
|
|upkeep
|
|t:|1666422859
|switch|p1a: Corviknight|Corviknight, F|76/100
|-ability|p1a: Corviknight|Pressure
|turn|26
|
|t:|1666422862
|switch|p2a: Flirty Drunk|Chansey, F|100/100
|move|p1a: Corviknight|Roost|p1a: Corviknight
|-heal|p1a: Corviknight|100/100
|-singleturn|p1a: Corviknight|move: Roost
|
|upkeep
|turn|27
|
|t:|1666422864
|move|p1a: Corviknight|U-turn|p2a: Flirty Drunk
|-damage|p2a: Flirty Drunk|92/100
|
|t:|1666422867
|switch|p1a: Rillaboom|Rillaboom, F|100/100|[from]move: U-turn
|-fieldstart|move: Grassy Terrain|[from] ability: Grassy Surge|[of] p1a: Rillaboom
|move|p2a: Flirty Drunk|Teleport|p2a: Flirty Drunk
|
|t:|1666422871
|switch|p2a: Thieving Drunk|Dragonite, M|100/100|[from]move: Teleport
|
|upkeep
|turn|28
|
|t:|1666422873
|switch|p1a: Corviknight|Corviknight, F|100/100
|-ability|p1a: Corviknight|Pressure
|move|p2a: Thieving Drunk|Dragon Dance|p2a: Thieving Drunk
|-boost|p2a: Thieving Drunk|atk|1
|-boost|p2a: Thieving Drunk|spe|1
|
|upkeep
|turn|29
|
|t:|1666422876
|move|p2a: Thieving Drunk|Dragon Dance|p2a: Thieving Drunk
|-boost|p2a: Thieving Drunk|atk|1
|-boost|p2a: Thieving Drunk|spe|1
|move|p1a: Corviknight|Brave Bird|p2a: Thieving Drunk
|-damage|p2a: Thieving Drunk|80/100
|-damage|p1a: Corviknight|95/100|[from] Recoil
|
|upkeep
|turn|30
|
|t:|1666422880
|move|p2a: Thieving Drunk|Dragon Dance|p2a: Thieving Drunk
|-boost|p2a: Thieving Drunk|atk|1
|-boost|p2a: Thieving Drunk|spe|1
|move|p1a: Corviknight|Brave Bird|p2a: Thieving Drunk
|-damage|p2a: Thieving Drunk|40/100
|-damage|p1a: Corviknight|84/100|[from] Recoil
|
|upkeep
|turn|31
|
|t:|1666422882
|move|p2a: Thieving Drunk|Roost|p2a: Thieving Drunk
|-heal|p2a: Thieving Drunk|90/100
|-singleturn|p2a: Thieving Drunk|move: Roost
|move|p1a: Corviknight|Brave Bird|p2a: Thieving Drunk
|-damage|p2a: Thieving Drunk|48/100
|-damage|p1a: Corviknight|73/100|[from] Recoil
|
|-heal|p2a: Thieving Drunk|54/100|[from] Grassy Terrain
|-fieldend|move: Grassy Terrain
|upkeep
|turn|32
|
|t:|1666422886
|move|p2a: Thieving Drunk|Roost|p2a: Thieving Drunk
|-heal|p2a: Thieving Drunk|100/100
|-singleturn|p2a: Thieving Drunk|move: Roost
|move|p1a: Corviknight|Brave Bird|p2a: Thieving Drunk
|-damage|p2a: Thieving Drunk|79/100
|-damage|p1a: Corviknight|67/100|[from] Recoil
|
|upkeep
|turn|33
|
|t:|1666422889
|move|p2a: Thieving Drunk|Dragon Dance|p2a: Thieving Drunk
|-boost|p2a: Thieving Drunk|atk|1
|-boost|p2a: Thieving Drunk|spe|1
|move|p1a: Corviknight|Roost|p1a: Corviknight
|-heal|p1a: Corviknight|100/100
|-singleturn|p1a: Corviknight|move: Roost
|
|upkeep
|turn|34
|
|t:|1666422891
|move|p2a: Thieving Drunk|Dragon Dance|p2a: Thieving Drunk
|-boost|p2a: Thieving Drunk|atk|1
|-boost|p2a: Thieving Drunk|spe|1
|move|p1a: Corviknight|Brave Bird|p2a: Thieving Drunk
|-damage|p2a: Thieving Drunk|37/100
|-damage|p1a: Corviknight|89/100|[from] Recoil
|
|upkeep
|turn|35
|
|t:|1666422893
|move|p2a: Thieving Drunk|Roost|p2a: Thieving Drunk
|-heal|p2a: Thieving Drunk|87/100
|-singleturn|p2a: Thieving Drunk|move: Roost
|move|p1a: Corviknight|Brave Bird|p2a: Thieving Drunk
|-damage|p2a: Thieving Drunk|47/100
|-damage|p1a: Corviknight|78/100|[from] Recoil
|
|upkeep
|turn|36
|
|t:|1666422895
|move|p2a: Thieving Drunk|Roost|p2a: Thieving Drunk
|-heal|p2a: Thieving Drunk|97/100
|-singleturn|p2a: Thieving Drunk|move: Roost
|move|p1a: Corviknight|Roost|p1a: Corviknight
|-heal|p1a: Corviknight|100/100
|-singleturn|p1a: Corviknight|move: Roost
|
|upkeep
|turn|37
|
|t:|1666422898
|move|p2a: Thieving Drunk|Dragon Dance|p2a: Thieving Drunk
|-boost|p2a: Thieving Drunk|atk|1
|-boost|p2a: Thieving Drunk|spe|1
|move|p1a: Corviknight|Brave Bird|p2a: Thieving Drunk
|-damage|p2a: Thieving Drunk|55/100
|-damage|p1a: Corviknight|89/100|[from] Recoil
|
|upkeep
|turn|38
|
|t:|1666422902
|move|p2a: Thieving Drunk|Roost|p2a: Thieving Drunk
|-heal|p2a: Thieving Drunk|100/100
|-singleturn|p2a: Thieving Drunk|move: Roost
|move|p1a: Corviknight|Brave Bird|p2a: Thieving Drunk
|-damage|p2a: Thieving Drunk|79/100
|-damage|p1a: Corviknight|83/100|[from] Recoil
|
|upkeep
|turn|39
|
|t:|1666422905
|move|p2a: Thieving Drunk|Roost|p2a: Thieving Drunk
|-heal|p2a: Thieving Drunk|100/100
|-singleturn|p2a: Thieving Drunk|move: Roost
|move|p1a: Corviknight|Brave Bird|p2a: Thieving Drunk
|-damage|p2a: Thieving Drunk|82/100
|-damage|p1a: Corviknight|78/100|[from] Recoil
|
|upkeep
|turn|40
|
|t:|1666422909
|move|p2a: Thieving Drunk|Earthquake|p1a: Corviknight
|-immune|p1a: Corviknight
|move|p1a: Corviknight|Brave Bird|p2a: Thieving Drunk
|-damage|p2a: Thieving Drunk|40/100
|-damage|p1a: Corviknight|67/100|[from] Recoil
|
|upkeep
|turn|41
|
|t:|1666422913
|move|p2a: Thieving Drunk|Roost|p2a: Thieving Drunk
|-heal|p2a: Thieving Drunk|90/100
|-singleturn|p2a: Thieving Drunk|move: Roost
|move|p1a: Corviknight|Roost|p1a: Corviknight
|-heal|p1a: Corviknight|100/100
|-singleturn|p1a: Corviknight|move: Roost
|
|upkeep
|turn|42
|
|t:|1666422915
|move|p2a: Thieving Drunk|Earthquake|p1a: Corviknight
|-immune|p1a: Corviknight
|move|p1a: Corviknight|Brave Bird|p2a: Thieving Drunk
|-damage|p2a: Thieving Drunk|50/100
|-damage|p1a: Corviknight|90/100|[from] Recoil
|
|upkeep
|turn|43
|
|t:|1666422917
|move|p2a: Thieving Drunk|Roost|p2a: Thieving Drunk
|-heal|p2a: Thieving Drunk|100/100
|-singleturn|p2a: Thieving Drunk|move: Roost
|move|p1a: Corviknight|Brave Bird|p2a: Thieving Drunk
|-damage|p2a: Thieving Drunk|81/100
|-damage|p1a: Corviknight|84/100|[from] Recoil
|
|upkeep
|turn|44
|
|t:|1666422920
|move|p2a: Thieving Drunk|Earthquake|p1a: Corviknight
|-immune|p1a: Corviknight
|move|p1a: Corviknight|Brave Bird|p2a: Thieving Drunk
|-damage|p2a: Thieving Drunk|41/100
|-damage|p1a: Corviknight|74/100|[from] Recoil
|
|upkeep
|turn|45
|
|t:|1666422924
|move|p2a: Thieving Drunk|Roost|p2a: Thieving Drunk
|-heal|p2a: Thieving Drunk|91/100
|-singleturn|p2a: Thieving Drunk|move: Roost
|move|p1a: Corviknight|Brave Bird|p2a: Thieving Drunk
|-damage|p2a: Thieving Drunk|52/100
|-damage|p1a: Corviknight|63/100|[from] Recoil
|
|upkeep
|turn|46
|
|t:|1666422927
|move|p2a: Thieving Drunk|Roost|p2a: Thieving Drunk
|-heal|p2a: Thieving Drunk|100/100
|-singleturn|p2a: Thieving Drunk|move: Roost
|move|p1a: Corviknight|Roost|p1a: Corviknight
|-heal|p1a: Corviknight|100/100
|-singleturn|p1a: Corviknight|move: Roost
|
|upkeep
|turn|47
|
|t:|1666422930
|move|p2a: Thieving Drunk|Earthquake|p1a: Corviknight
|-immune|p1a: Corviknight
|move|p1a: Corviknight|Brave Bird|p2a: Thieving Drunk
|-damage|p2a: Thieving Drunk|81/100
|-damage|p1a: Corviknight|95/100|[from] Recoil
|
|upkeep
|turn|48
|
|t:|1666422934
|move|p2a: Thieving Drunk|Dragon Dance|p2a: Thieving Drunk
|-boost|p2a: Thieving Drunk|atk|0
|-boost|p2a: Thieving Drunk|spe|0
|move|p1a: Corviknight|Brave Bird|p2a: Thieving Drunk
|-damage|p2a: Thieving Drunk|41/100
|-damage|p1a: Corviknight|84/100|[from] Recoil
|
|upkeep
|turn|49
|
|t:|1666422938
|move|p2a: Thieving Drunk|Roost|p2a: Thieving Drunk
|-heal|p2a: Thieving Drunk|91/100
|-singleturn|p2a: Thieving Drunk|move: Roost
|move|p1a: Corviknight|Brave Bird|p2a: Thieving Drunk
|-damage|p2a: Thieving Drunk|50/100
|-damage|p1a: Corviknight|73/100|[from] Recoil
|
|upkeep
|turn|50
|
|t:|1666422941
|move|p2a: Thieving Drunk|Roost|p2a: Thieving Drunk
|-heal|p2a: Thieving Drunk|99/100
|-singleturn|p2a: Thieving Drunk|move: Roost
|move|p1a: Corviknight|Brave Bird|p2a: Thieving Drunk
|-damage|p2a: Thieving Drunk|57/100
|-damage|p1a: Corviknight|62/100|[from] Recoil
|
|upkeep
|turn|51
|
|t:|1666422943
|move|p2a: Thieving Drunk|Dual Wingbeat|p1a: Corviknight
|-resisted|p1a: Corviknight
|-damage|p1a: Corviknight|35/100
|-damage|p2a: Thieving Drunk|40/100|[from] item: Rocky Helmet|[of] p1a: Corviknight
|-resisted|p1a: Corviknight
|-damage|p1a: Corviknight|10/100
|-damage|p2a: Thieving Drunk|24/100|[from] item: Rocky Helmet|[of] p1a: Corviknight
|-hitcount|p1a: Corviknight|2
|move|p1a: Corviknight|Brave Bird|p2a: Thieving Drunk
|-damage|p2a: Thieving Drunk|0 fnt
|faint|p2a: Thieving Drunk
|-damage|p1a: Corviknight|4/100|[from] Recoil
|
|upkeep
|
|t:|1666422951
|switch|p2a: Gundari: Ryuseigun|Urshifu-Rapid-Strike, M|100/100
|turn|52
|
|t:|1666422957
|move|p2a: Gundari: Ryuseigun|Close Combat|p1a: Corviknight
|-damage|p1a: Corviknight|0 fnt
|-unboost|p2a: Gundari: Ryuseigun|def|1
|-unboost|p2a: Gundari: Ryuseigun|spd|1
|-damage|p2a: Gundari: Ryuseigun|84/100|[from] item: Rocky Helmet|[of] p1a: Corviknight
|faint|p1a: Corviknight
|
|upkeep
|
|t:|1666422965
|switch|p1a: Zeraora|Zeraora|100/100
|turn|53
|
|t:|1666422969
|switch|p2a: Flirty Drunk|Chansey, F|92/100
|move|p1a: Zeraora|Plasma Fists|p2a: Flirty Drunk
|-damage|p2a: Flirty Drunk|49/100
|-fieldactivate|move: Ion Deluge
|-hint|Normal-type moves become Electric-type after using Plasma Fists.
|-damage|p1a: Zeraora|91/100|[from] item: Life Orb
|
|upkeep
|turn|54
|
|t:|1666422976
|move|p1a: Zeraora|Bulk Up|p1a: Zeraora
|-boost|p1a: Zeraora|atk|1
|-boost|p1a: Zeraora|def|1
|move|p2a: Flirty Drunk|Soft-Boiled|p2a: Flirty Drunk
|-heal|p2a: Flirty Drunk|99/100
|
|upkeep
|turn|55
|
|t:|1666422982
|move|p1a: Zeraora|Close Combat|p2a: Flirty Drunk
|-supereffective|p2a: Flirty Drunk
|-damage|p2a: Flirty Drunk|0 fnt
|-unboost|p1a: Zeraora|def|1
|-unboost|p1a: Zeraora|spd|1
|faint|p2a: Flirty Drunk
|-damage|p1a: Zeraora|81/100|[from] item: Life Orb
|
|upkeep
|
|t:|1666422985
|switch|p2a: Death Destroyer|Aegislash, M|82/100
|turn|56
|
|t:|1666422991
|move|p1a: Zeraora|Plasma Fists|p2a: Death Destroyer
|-damage|p2a: Death Destroyer|0 fnt
|-fieldactivate|move: Ion Deluge
|-hint|Normal-type moves become Electric-type after using Plasma Fists.
|faint|p2a: Death Destroyer
|-damage|p1a: Zeraora|71/100|[from] item: Life Orb
|
|upkeep
|-message|Raimei Hakkei 2 forfeited.
|
|win|dadio4
|raw|dadio4's rating: 1528 &rarr; <strong>1546</strong><br />(+18 for winning)
|raw|Raimei Hakkei 2's rating: 1486 &rarr; <strong>1468</strong><br />(-18 for losing)
|l|☆Raimei Hakkei 2
