|html|<div class="broadcast-blue"><strong>[Gen 8] OU is currently suspecting Melmetal! For information on how to participate check out the <a href="https://www.smogon.com/forums/threads/np-ss-ou-suspect-process-round-12-monster-mash.3709234/">suspect thread</a>.</strong></div>
|j|☆Seigneur-Fou
|j|☆minimax_ai
|t:|1666364609
|gametype|singles
|player|p1|Seigneur-Fou|1|1526
|player|p2|minimax_ai|lusamine-nihilego|1544
|teamsize|p1|6
|teamsize|p2|6
|gen|8
|tier|[Gen 8] OU
|rated|
|rule|Sleep Clause Mod: Limit one foe put to sleep
|rule|Species Clause: Limit one of each Pokémon
|rule|OHKO Clause: OHKO moves are banned
|rule|Evasion Items Clause: Evasion items are banned
|rule|Evasion Moves Clause: Evasion moves are banned
|rule|Endless Battle Clause: Forcing endless battles is banned
|rule|HP Percentage Mod: HP is shown in percentages
|rule|Dynamax Clause: You cannot dynamax
|clearpoke
|poke|p1|Zapdos|
|poke|p1|Melmetal|
|poke|p1|Clefable, M|
|poke|p1|Dragapult, M|
|poke|p1|Dragonite, F|
|poke|p1|Garchomp, M|
|poke|p2|Rotom-Wash|
|poke|p2|Weavile, M|
|poke|p2|Landorus-Therian, M|
|poke|p2|Heatran, M|
|poke|p2|Tangrowth, F|
|poke|p2|Melmetal|
|teampreview
|inactive|Battle timer is ON: inactive players will automatically lose when time's up. (requested by Seigneur-Fou)
|c|☆minimax_ai|hf
|inactive|minimax_ai also wants the timer to be on.
|c|☆Seigneur-Fou|hf
|
|t:|1666364620
|start
|switch|p1a: Garchomp|Garchomp, M|100/100
|switch|p2a: Melmetal|Melmetal|100/100
|turn|1
|
|t:|1666364625
|move|p1a: Garchomp|Stealth Rock|p2a: Melmetal
|-sidestart|p2: minimax_ai|move: Stealth Rock
|move|p2a: Melmetal|Ice Punch|p1a: Garchomp
|-supereffective|p1a: Garchomp
|-damage|p1a: Garchomp|17/100
|-damage|p2a: Melmetal|88/100|[from] ability: Rough Skin|[of] p1a: Garchomp
|-damage|p2a: Melmetal|71/100|[from] item: Rocky Helmet|[of] p1a: Garchomp
|
|upkeep
|turn|2
|
|t:|1666364639
|move|p1a: Garchomp|Earthquake|p2a: Melmetal
|-supereffective|p2a: Melmetal
|-damage|p2a: Melmetal|21/100
|move|p2a: Melmetal|Ice Punch|p1a: Garchomp
|-supereffective|p1a: Garchomp
|-damage|p1a: Garchomp|0 fnt
|-damage|p2a: Melmetal|8/100|[from] ability: Rough Skin|[of] p1a: Garchomp
|-damage|p2a: Melmetal|0 fnt|[from] item: Rocky Helmet|[of] p1a: Garchomp
|faint|p1a: Garchomp
|faint|p2a: Melmetal
|
|upkeep
|
|t:|1666364651
|switch|p1a: Dragapult|Dragapult, M|100/100
|switch|p2a: rotomwash|Rotom-Wash|100/100
|-damage|p2a: rotomwash|88/100|[from] Stealth Rock
|turn|3
|
|t:|1666364657
|switch|p2a: landorustherian|Landorus-Therian, M|100/100
|-damage|p2a: landorustherian|88/100|[from] Stealth Rock
|-ability|p2a: landorustherian|Intimidate|boost
|-unboost|p1a: Dragapult|atk|1
|move|p1a: Dragapult|Shadow Ball|p2a: landorustherian
|-damage|p2a: landorustherian|52/100
|
|-heal|p2a: landorustherian|58/100|[from] item: Leftovers
|upkeep
|turn|4
|
|t:|1666364666
|move|p1a: Dragapult|Shadow Ball|p2a: landorustherian
|-damage|p2a: landorustherian|18/100
|-unboost|p2a: landorustherian|spd|1
|move|p2a: landorustherian|Defog|p1a: Dragapult
|-unboost|p1a: Dragapult|evasion|1
|-sideend|p2: minimax_ai|Stealth Rock|[from] move: Defog|[of] p2a: landorustherian
|
|-heal|p2a: landorustherian|24/100|[from] item: Leftovers
|upkeep
|turn|5
|
|t:|1666364674
|switch|p2a: Weavile|Weavile, M|100/100
|-ability|p2a: Weavile|Pressure
|move|p1a: Dragapult|Shadow Ball|p2a: Weavile
|-resisted|p2a: Weavile
|-damage|p2a: Weavile|64/100
|
|upkeep
|turn|6
|
|t:|1666364688
|switch|p1a: Clefable|Clefable, M|100/100
|move|p2a: Weavile|Knock Off|p1a: Clefable
|-resisted|p1a: Clefable
|-damage|p1a: Clefable|74/100
|-enditem|p1a: Clefable|Leftovers|[from] move: Knock Off|[of] p2a: Weavile
|
|upkeep
|turn|7
|
|t:|1666364695
|switch|p2a: Heatran|Heatran, M|100/100
|-item|p2a: Heatran|Air Balloon
|move|p1a: Clefable|Wish|p1a: Clefable
|
|upkeep
|turn|8
|
|t:|1666364706
|switch|p1a: Dragapult|Dragapult, M|100/100
|move|p2a: Heatran|Stealth Rock|p1a: Dragapult
|-sidestart|p1: Seigneur-Fou|move: Stealth Rock
|
|upkeep
|turn|9
|
|t:|1666364710
|move|p1a: Dragapult|Shadow Ball|p2a: Heatran
|-damage|p2a: Heatran|53/100
|-enditem|p2a: Heatran|Air Balloon
|move|p2a: Heatran|Magma Storm|p1a: Dragapult
|-resisted|p1a: Dragapult
|-damage|p1a: Dragapult|62/100
|-activate|p1a: Dragapult|move: Magma Storm|[of] p2a: Heatran
|
|-damage|p1a: Dragapult|50/100|[from] move: Magma Storm|[partiallytrapped]
|upkeep
|turn|10
|
|t:|1666364719
|switch|p2a: Weavile|Weavile, M|64/100
|-ability|p2a: Weavile|Pressure
|move|p1a: Dragapult|Shadow Ball|p2a: Weavile
|-resisted|p2a: Weavile
|-damage|p2a: Weavile|27/100
|
|-end|p1a: Dragapult|Magma Storm|[partiallytrapped]|[silent]
|upkeep
|turn|11
|
|t:|1666364727
|switch|p1a: Clefable|Clefable, M|74/100
|move|p2a: Weavile|Ice Shard|p1a: Clefable
|-damage|p1a: Clefable|52/100
|
|upkeep
|turn|12
|
|t:|1666364732
|switch|p2a: rotomwash|Rotom-Wash|88/100
|move|p1a: Clefable|Wish|p1a: Clefable
|
|-heal|p2a: rotomwash|94/100|[from] item: Leftovers
|upkeep
|turn|13
|
|t:|1666364739
|switch|p1a: Dragapult|Dragapult, M|50/100
|-damage|p1a: Dragapult|37/100|[from] Stealth Rock
|move|p2a: rotomwash|Nasty Plot|p2a: rotomwash
|-boost|p2a: rotomwash|spa|2
|
|-heal|p1a: Dragapult|99/100|[from] move: Wish|[wisher] Clefable
|-heal|p2a: rotomwash|100/100|[from] item: Leftovers
|upkeep
|turn|14
|
|t:|1666364748
|move|p1a: Dragapult|Shadow Ball|p2a: rotomwash
|-damage|p2a: rotomwash|45/100
|move|p2a: rotomwash|Pain Split|p1a: Dragapult
|-sethp|p1a: Dragapult|71/100|[from] move: Pain Split|[silent]
|-sethp|p2a: rotomwash|74/100|[from] move: Pain Split
|
|-heal|p2a: rotomwash|80/100|[from] item: Leftovers
|upkeep
|turn|15
|
|t:|1666364756
|move|p1a: Dragapult|Shadow Ball|p2a: rotomwash
|-damage|p2a: rotomwash|23/100
|-unboost|p2a: rotomwash|spd|1
|move|p2a: rotomwash|Pain Split|p1a: Dragapult
|-sethp|p1a: Dragapult|46/100|[from] move: Pain Split|[silent]
|-sethp|p2a: rotomwash|49/100|[from] move: Pain Split
|
|-heal|p2a: rotomwash|55/100|[from] item: Leftovers
|upkeep
|turn|16
|
|t:|1666364764
|switch|p2a: landorustherian|Landorus-Therian, M|24/100
|-ability|p2a: landorustherian|Intimidate|boost
|-unboost|p1a: Dragapult|atk|1
|move|p1a: Dragapult|Shadow Ball|p2a: landorustherian
|-damage|p2a: landorustherian|0 fnt
|faint|p2a: landorustherian
|
|upkeep
|
|t:|1666364764
|switch|p2a: Weavile|Weavile, M|27/100
|-ability|p2a: Weavile|Pressure
|turn|17
|
|t:|1666364775
|switch|p1a: Clefable|Clefable, M|52/100
|move|p2a: Weavile|Ice Shard|p1a: Clefable
|-damage|p1a: Clefable|28/100
|
|upkeep
|turn|18
|
|t:|1666364780
|move|p2a: Weavile|Ice Shard|p1a: Clefable
|-damage|p1a: Clefable|5/100
|move|p1a: Clefable|Wish|p1a: Clefable
|
|upkeep
|turn|19
|
|t:|1666364784
|move|p1a: Clefable|Protect|p1a: Clefable
|-singleturn|p1a: Clefable|Protect
|move|p2a: Weavile|Ice Shard|p1a: Clefable
|-activate|p1a: Clefable|move: Protect
|
|-heal|p1a: Clefable|55/100|[from] move: Wish|[wisher] Clefable
|upkeep
|turn|20
|
|t:|1666364790
|move|p2a: Weavile|Ice Shard|p1a: Clefable
|-damage|p1a: Clefable|35/100
|move|p1a: Clefable|Wish|p1a: Clefable
|
|upkeep
|turn|21
|
|t:|1666364794
|switch|p2a: rotomwash|Rotom-Wash|55/100
|move|p1a: Clefable|Protect||[still]
|-fail|p1a: Clefable
|
|-heal|p1a: Clefable|85/100|[from] move: Wish|[wisher] Clefable
|-heal|p2a: rotomwash|61/100|[from] item: Leftovers
|upkeep
|turn|22
|
|t:|1666364802
|switch|p1a: Zapdos|Zapdos|100/100
|move|p2a: rotomwash|Pain Split|p1a: Zapdos
|-sethp|p1a: Zapdos|74/100|[from] move: Pain Split|[silent]
|-sethp|p2a: rotomwash|94/100|[from] move: Pain Split
|
|-heal|p2a: rotomwash|99/100|[from] item: Leftovers
|upkeep
|turn|23
|
|t:|1666364809
|move|p2a: rotomwash|Thunderbolt|p1a: Zapdos
|-damage|p1a: Zapdos|42/100
|move|p1a: Zapdos|Toxic|p2a: rotomwash
|-status|p2a: rotomwash|tox
|
|-heal|p2a: rotomwash|100/100 tox|[from] item: Leftovers
|-damage|p2a: rotomwash|94/100 tox|[from] psn
|upkeep
|turn|24
|
|t:|1666364817
|move|p2a: rotomwash|Thunderbolt|p1a: Zapdos
|-damage|p1a: Zapdos|6/100
|move|p1a: Zapdos|Roost|p1a: Zapdos
|-heal|p1a: Zapdos|56/100
|-singleturn|p1a: Zapdos|move: Roost
|
|-heal|p2a: rotomwash|100/100 tox|[from] item: Leftovers
|-damage|p2a: rotomwash|88/100 tox|[from] psn
|upkeep
|turn|25
|
|t:|1666364825
|move|p2a: rotomwash|Thunderbolt|p1a: Zapdos
|-damage|p1a: Zapdos|20/100
|move|p1a: Zapdos|Roost|p1a: Zapdos
|-heal|p1a: Zapdos|70/100
|-singleturn|p1a: Zapdos|move: Roost
|
|-heal|p2a: rotomwash|94/100 tox|[from] item: Leftovers
|-damage|p2a: rotomwash|75/100 tox|[from] psn
|upkeep
|turn|26
|
|t:|1666364833
|move|p2a: rotomwash|Thunderbolt|p1a: Zapdos
|-crit|p1a: Zapdos
|-damage|p1a: Zapdos|15/100
|move|p1a: Zapdos|Roost|p1a: Zapdos
|-heal|p1a: Zapdos|65/100
|-singleturn|p1a: Zapdos|move: Roost
|
|-heal|p2a: rotomwash|82/100 tox|[from] item: Leftovers
|-damage|p2a: rotomwash|57/100 tox|[from] psn
|upkeep
|turn|27
|
|t:|1666364842
|move|p2a: rotomwash|Thunderbolt|p1a: Zapdos
|-damage|p1a: Zapdos|33/100
|move|p1a: Zapdos|Roost|p1a: Zapdos
|-heal|p1a: Zapdos|83/100
|-singleturn|p1a: Zapdos|move: Roost
|
|-heal|p2a: rotomwash|63/100 tox|[from] item: Leftovers
|-damage|p2a: rotomwash|32/100 tox|[from] psn
|upkeep
|turn|28
|
|t:|1666364850
|move|p2a: rotomwash|Pain Split|p1a: Zapdos
|-sethp|p1a: Zapdos|54/100|[from] move: Pain Split|[silent]
|-sethp|p2a: rotomwash|68/100 tox|[from] move: Pain Split
|move|p1a: Zapdos|Roost|p1a: Zapdos
|-heal|p1a: Zapdos|100/100
|-singleturn|p1a: Zapdos|move: Roost
|
|-heal|p2a: rotomwash|74/100 tox|[from] item: Leftovers
|-damage|p2a: rotomwash|37/100 tox|[from] psn
|upkeep
|turn|29
|
|t:|1666364860
|move|p2a: rotomwash|Pain Split|p1a: Zapdos
|-sethp|p1a: Zapdos|65/100|[from] move: Pain Split|[silent]
|-sethp|p2a: rotomwash|82/100 tox|[from] move: Pain Split
|move|p1a: Zapdos|Roost|p1a: Zapdos
|-heal|p1a: Zapdos|100/100
|-singleturn|p1a: Zapdos|move: Roost
|
|-heal|p2a: rotomwash|88/100 tox|[from] item: Leftovers
|-damage|p2a: rotomwash|44/100 tox|[from] psn
|upkeep
|turn|30
|
|t:|1666364873
|move|p2a: rotomwash|Pain Split|p1a: Zapdos
|-sethp|p1a: Zapdos|68/100|[from] move: Pain Split|[silent]
|-sethp|p2a: rotomwash|85/100 tox|[from] move: Pain Split
|move|p1a: Zapdos|Discharge|p2a: rotomwash
|-crit|p2a: rotomwash
|-damage|p2a: rotomwash|29/100 tox
|
|-heal|p2a: rotomwash|35/100 tox|[from] item: Leftovers
|-damage|p2a: rotomwash|0 fnt|[from] psn
|faint|p2a: rotomwash
|upkeep
|
|t:|1666364873
|switch|p2a: Weavile|Weavile, M|27/100
|-ability|p2a: Weavile|Pressure
|turn|31
|
|t:|1666364886
|move|p2a: Weavile|Triple Axel|p1a: Zapdos
|-supereffective|p1a: Zapdos
|-damage|p1a: Zapdos|47/100
|-supereffective|p1a: Zapdos
|-damage|p1a: Zapdos|7/100
|-status|p2a: Weavile|par|[from] ability: Static|[of] p1a: Zapdos
|-supereffective|p1a: Zapdos
|-damage|p1a: Zapdos|0 fnt
|faint|p1a: Zapdos
|-hitcount|p1: Zapdos|3
|
|upkeep
|
|t:|1666364896
|switch|p1a: Dragapult|Dragapult, M|46/100
|-damage|p1a: Dragapult|34/100|[from] Stealth Rock
|turn|32
|
|t:|1666364900
|move|p1a: Dragapult|Shadow Ball|p2a: Weavile
|-resisted|p2a: Weavile
|-damage|p2a: Weavile|0 fnt
|faint|p2a: Weavile
|
|upkeep
|
|t:|1666364900
|switch|p2a: Tangrowth|Tangrowth, F|100/100
|turn|33
|
|t:|1666364907
|move|p1a: Dragapult|Shadow Ball|p2a: Tangrowth
|-damage|p2a: Tangrowth|29/100
|move|p2a: Tangrowth|Knock Off|p1a: Dragapult
|-supereffective|p1a: Dragapult
|-damage|p1a: Dragapult|0 fnt
|-enditem|p1a: Dragapult|Choice Specs|[from] move: Knock Off|[of] p2a: Tangrowth
|faint|p1a: Dragapult
|
|upkeep
|
|t:|1666364920
|switch|p1a: Melmetal|Melmetal|100/100
|-damage|p1a: Melmetal|94/100|[from] Stealth Rock
|turn|34
|
|t:|1666364924
|move|p2a: Tangrowth|Sleep Powder|p1a: Melmetal
|-status|p1a: Melmetal|slp|[from] move: Sleep Powder
|cant|p1a: Melmetal|slp
|
|upkeep
|turn|35
|
|t:|1666364929
|switch|p2a: Heatran|Heatran, M|53/100
|cant|p1a: Melmetal|slp
|
|upkeep
|turn|36
|
|t:|1666364934
|move|p2a: Heatran|Magma Storm|p1a: Melmetal|[miss]
|-miss|p2a: Heatran|p1a: Melmetal
|cant|p1a: Melmetal|slp
|
|upkeep
|turn|37
|
|t:|1666364939
|move|p2a: Heatran|Magma Storm|p1a: Melmetal
|-supereffective|p1a: Melmetal
|-damage|p1a: Melmetal|0 fnt
|faint|p1a: Melmetal
|
|upkeep
|
|t:|1666364943
|switch|p1a: Dragonite|Dragonite, F|100/100
|turn|38
|
|t:|1666364946
|move|p2a: Heatran|Magma Storm|p1a: Dragonite
|-resisted|p1a: Dragonite
|-damage|p1a: Dragonite|86/100
|-activate|p1a: Dragonite|move: Magma Storm|[of] p2a: Heatran
|move|p1a: Dragonite|Earthquake|p2a: Heatran
|-supereffective|p2a: Heatran
|-damage|p2a: Heatran|0 fnt
|faint|p2a: Heatran
|
|-end|p1a: Dragonite|Magma Storm|[partiallytrapped]|[silent]
|upkeep
|
|t:|1666364946
|switch|p2a: Tangrowth|Tangrowth, F|62/100
|turn|39
|
|t:|1666364955
|move|p1a: Dragonite|Outrage|p2a: Tangrowth
|-damage|p2a: Tangrowth|28/100
|-damage|p1a: Dragonite|70/100|[from] item: Rocky Helmet|[of] p2a: Tangrowth
|move|p2a: Tangrowth|Giga Drain|p1a: Dragonite
|-resisted|p1a: Dragonite
|-damage|p1a: Dragonite|63/100
|-heal|p2a: Tangrowth|31/100|[from] drain|[of] p1a: Dragonite
|
|upkeep
|turn|40
|
|t:|1666364963
|move|p1a: Dragonite|Outrage|p2a: Tangrowth|[from]lockedmove
|-damage|p2a: Tangrowth|0 fnt
|-damage|p1a: Dragonite|46/100|[from] item: Rocky Helmet|[of] p2a: Tangrowth
|faint|p2a: Tangrowth
|-start|p1a: Dragonite|confusion|[fatigue]
|
|win|Seigneur-Fou
|raw|Seigneur-Fou's rating: 1526 &rarr; <strong>1547</strong><br />(+21 for winning)
|raw|minimax_ai's rating: 1544 &rarr; <strong>1523</strong><br />(-21 for losing)
|c|☆minimax_ai|gg
