|j|☆Kitty Mitten 3
|j|☆Sombra Diurna
|t:|1624282599
|gametype|singles
|player|p1|Kitty Mitten 3|tucker-gen3|1580
|player|p2|Sombra Diurna|blue|1746
|teamsize|p1|6
|teamsize|p2|6
|gen|8
|tier|[Gen 8] OU
|rated|
|rule|Sleep Clause Mod: Limit one foe put to sleep
|rule|Species Clause: Limit one of each Pokémon
|rule|OHKO Clause: OHKO moves are banned
|rule|Evasion Moves Clause: Evasion moves are banned
|rule|Endless Battle Clause: Forcing endless battles is banned
|rule|HP Percentage Mod: HP is shown in percentages
|rule|Dynamax Clause: You cannot dynamax
|clearpoke
|poke|p1|Weavile, M|
|poke|p1|Aegislash, M|
|poke|p1|Rotom-Wash|
|poke|p1|Scizor, M|
|poke|p1|Togekiss, M|
|poke|p1|Seismitoad, M|
|poke|p2|Slowbro, F|
|poke|p2|Hatterene, F|
|poke|p2|Marowak-Alola, F|
|poke|p2|Ferrothorn, M|
|poke|p2|Garchomp, M|
|poke|p2|Drampa, M|
|teampreview
|j| prof darkness
|
|t:|1624282631
|start
|switch|p1a: Blood4BloodGod|Aegislash, M, shiny|100/100
|switch|p2a: Sonso|Slowbro, F|100/100
|turn|1
|
|t:|1624282639
|switch|p2a: Thorns|Ferrothorn, M|100/100
|-formechange|p1a: Blood4BloodGod|Aegislash-Blade||[from] ability: Stance Change
|move|p1a: Blood4BloodGod|Shadow Ball|p2a: Thorns
|-damage|p2a: Thorns|62/100
|-damage|p1a: Blood4BloodGod|91/100|[from] item: Life Orb
|
|-heal|p2a: Thorns|69/100|[from] item: Leftovers
|upkeep
|turn|2
|
|t:|1624282649
|switch|p2a: Hatterene|Hatterene, F|100/100
|move|p1a: Blood4BloodGod|Close Combat|p2a: Hatterene
|-resisted|p2a: Hatterene
|-damage|p2a: Hatterene|87/100
|-unboost|p1a: Blood4BloodGod|def|1
|-unboost|p1a: Blood4BloodGod|spd|1
|-damage|p1a: Blood4BloodGod|81/100|[from] item: Life Orb
|
|upkeep
|turn|3
|
|t:|1624282657
|move|p1a: Blood4BloodGod|Shadow Ball|p2a: Hatterene
|-supereffective|p2a: Hatterene
|-enditem|p2a: Hatterene|Kasib Berry|[eat]
|-enditem|p2a: Hatterene|Kasib Berry|[weaken]
|-damage|p2a: Hatterene|46/100
|-unboost|p2a: Hatterene|spd|1
|-damage|p1a: Blood4BloodGod|71/100|[from] item: Life Orb
|move|p2a: Hatterene|Mystical Fire|p1a: Blood4BloodGod
|-supereffective|p1a: Blood4BloodGod
|-damage|p1a: Blood4BloodGod|0 fnt
|faint|p1a: Blood4BloodGod
|
|upkeep
|j| Zoster113
|
|t:|1624282669
|switch|p1a: Sinister Minister|Weavile, M|100/100
|-ability|p1a: Sinister Minister|Pressure
|turn|4
|
|t:|1624282677
|switch|p2a: Sonso|Slowbro, F|100/100
|move|p1a: Sinister Minister|Icicle Crash|p2a: Sonso
|-resisted|p2a: Sonso
|-damage|p2a: Sonso|79/100
|
|upkeep
|turn|5
|
|t:|1624282685
|switch|p1a: October 2020|Seismitoad, M|100/100
|move|p2a: Sonso|Trick Room|p2a: Sonso
|-fieldstart|move: Trick Room|[of] p2a: Sonso
|
|upkeep
|turn|6
|
|t:|1624282691
|switch|p2a: Thorns|Ferrothorn, M|69/100
|move|p1a: October 2020|Knock Off|p2a: Thorns
|-damage|p2a: Thorns|52/100
|-damage|p1a: October 2020|88/100|[from] ability: Iron Barbs|[of] p2a: Thorns
|-enditem|p2a: Thorns|Leftovers|[from] move: Knock Off|[of] p1a: October 2020
|
|-heal|p1a: October 2020|94/100|[from] item: Leftovers
|upkeep
|turn|7
|j| Jjjddd
|
|t:|1624282700
|switch|p1a: Tim the Sorcerer|Togekiss, M, shiny|100/100
|move|p2a: Thorns|Power Whip|p1a: Tim the Sorcerer
|-resisted|p1a: Tim the Sorcerer
|-damage|p1a: Tim the Sorcerer|87/100
|
|upkeep
|turn|8
|
|t:|1624282706
|switch|p1a: October 2020|Seismitoad, M|94/100
|move|p2a: Thorns|Gyro Ball|p1a: October 2020
|-resisted|p1a: October 2020
|-damage|p1a: October 2020|80/100
|
|-heal|p1a: October 2020|86/100|[from] item: Leftovers
|upkeep
|turn|9
|
|t:|1624282715
|move|p2a: Thorns|Stealth Rock|p1a: October 2020
|-sidestart|p1: Kitty Mitten 3|move: Stealth Rock
|move|p1a: October 2020|Stealth Rock|p2a: Thorns
|-sidestart|p2: Sombra Diurna|move: Stealth Rock
|
|-heal|p1a: October 2020|92/100|[from] item: Leftovers
|-fieldend|move: Trick Room
|upkeep
|turn|10
|
|t:|1624282722
|switch|p1a: Bubblehouse|Rotom-Wash|100/100
|-damage|p1a: Bubblehouse|88/100|[from] Stealth Rock
|move|p2a: Thorns|Leech Seed|p1a: Bubblehouse
|-start|p1a: Bubblehouse|move: Leech Seed
|
|-heal|p1a: Bubblehouse|94/100|[from] item: Leftovers
|-damage|p1a: Bubblehouse|82/100|[from] Leech Seed|[of] p2a: Thorns
|-heal|p2a: Thorns|63/100|[silent]
|upkeep
|turn|11
|l| Jjjddd
|
|t:|1624282735
|move|p1a: Bubblehouse|Will-O-Wisp|p2a: Thorns
|-status|p2a: Thorns|brn
|move|p2a: Thorns|Power Whip|p1a: Bubblehouse
|-supereffective|p1a: Bubblehouse
|-damage|p1a: Bubblehouse|38/100
|
|-heal|p1a: Bubblehouse|44/100|[from] item: Leftovers
|-damage|p1a: Bubblehouse|32/100|[from] Leech Seed|[of] p2a: Thorns
|-heal|p2a: Thorns|74/100 brn|[silent]
|-damage|p2a: Thorns|67/100 brn|[from] brn
|upkeep
|turn|12
|
|t:|1624282747
|move|p1a: Bubblehouse|Pain Split|p2a: Thorns
|-sethp|p2a: Thorns|47/100 brn|[from] move: Pain Split|[silent]
|-sethp|p1a: Bubblehouse|55/100|[from] move: Pain Split
|move|p2a: Thorns|Leech Seed||[still]
|-fail|p2a: Thorns
|
|-heal|p1a: Bubblehouse|61/100|[from] item: Leftovers
|-damage|p1a: Bubblehouse|49/100|[from] Leech Seed|[of] p2a: Thorns
|-heal|p2a: Thorns|58/100 brn|[silent]
|-damage|p2a: Thorns|52/100 brn|[from] brn
|upkeep
|turn|13
|
|t:|1624282757
|move|p1a: Bubblehouse|Volt Switch|p2a: Thorns
|-resisted|p2a: Thorns
|-damage|p2a: Thorns|44/100 brn
|
|t:|1624282761
|switch|p1a: Tim the Sorcerer|Togekiss, M, shiny|87/100|[from]move: Volt Switch
|move|p2a: Thorns|Leech Seed|p1a: Tim the Sorcerer
|-start|p1a: Tim the Sorcerer|move: Leech Seed
|
|-damage|p1a: Tim the Sorcerer|75/100|[from] Leech Seed|[of] p2a: Thorns
|-heal|p2a: Thorns|56/100 brn|[silent]
|-damage|p2a: Thorns|50/100 brn|[from] brn
|upkeep
|turn|14
|
|t:|1624282771
|move|p1a: Tim the Sorcerer|Air Slash|p2a: Thorns
|-damage|p2a: Thorns|32/100 brn
|cant|p2a: Thorns|flinch
|
|-damage|p1a: Tim the Sorcerer|63/100|[from] Leech Seed|[of] p2a: Thorns
|-heal|p2a: Thorns|45/100 brn|[silent]
|-damage|p2a: Thorns|38/100 brn|[from] brn
|upkeep
|turn|15
|
|t:|1624282781
|move|p1a: Tim the Sorcerer|Air Slash|p2a: Thorns
|-damage|p2a: Thorns|20/100 brn
|move|p2a: Thorns|Gyro Ball|p1a: Tim the Sorcerer
|-supereffective|p1a: Tim the Sorcerer
|-damage|p1a: Tim the Sorcerer|30/100
|
|-damage|p1a: Tim the Sorcerer|17/100|[from] Leech Seed|[of] p2a: Thorns
|-heal|p2a: Thorns|32/100 brn|[silent]
|-damage|p2a: Thorns|26/100 brn|[from] brn
|upkeep
|turn|16
|
|t:|1624282790
|switch|p1a: Sinister Minister|Weavile, M|100/100
|-damage|p1a: Sinister Minister|76/100|[from] Stealth Rock
|-ability|p1a: Sinister Minister|Pressure
|move|p2a: Thorns|Leech Seed|p1a: Sinister Minister
|-start|p1a: Sinister Minister|move: Leech Seed
|
|-damage|p1a: Sinister Minister|63/100|[from] Leech Seed|[of] p2a: Thorns
|-heal|p2a: Thorns|36/100 brn|[silent]
|-damage|p2a: Thorns|29/100 brn|[from] brn
|upkeep
|turn|17
|
|t:|1624282808
|move|p1a: Sinister Minister|Knock Off|p2a: Thorns
|-crit|p2a: Thorns
|-damage|p2a: Thorns|0 fnt
|-damage|p1a: Sinister Minister|51/100|[from] ability: Iron Barbs|[of] p2a: Thorns
|faint|p2a: Thorns
|
|upkeep
|
|t:|1624282816
|switch|p2a: Sonso|Slowbro, F|100/100
|-damage|p2a: Sonso|88/100|[from] Stealth Rock
|turn|18
|
|t:|1624282821
|move|p1a: Sinister Minister|Knock Off|p2a: Sonso
|-supereffective|p2a: Sonso
|-enditem|p2a: Sonso|Colbur Berry|[eat]
|-enditem|p2a: Sonso|Colbur Berry|[weaken]
|-damage|p2a: Sonso|44/100
|move|p2a: Sonso|Trick Room|p2a: Sonso
|-fieldstart|move: Trick Room|[of] p2a: Sonso
|
|-damage|p1a: Sinister Minister|38/100|[from] Leech Seed|[of] p2a: Sonso
|-heal|p2a: Sonso|53/100|[silent]
|upkeep
|turn|19
|
|t:|1624282830
|switch|p1a: October 2020|Seismitoad, M|92/100
|-damage|p1a: October 2020|86/100|[from] Stealth Rock
|move|p2a: Sonso|Body Press|p1a: October 2020
|-damage|p1a: October 2020|68/100
|
|-heal|p1a: October 2020|74/100|[from] item: Leftovers
|upkeep
|turn|20
|
|t:|1624282838
|switch|p2a: Falko|Drampa, M|100/100
|-damage|p2a: Falko|88/100|[from] Stealth Rock
|move|p1a: October 2020|Knock Off|p2a: Falko
|-damage|p2a: Falko|67/100
|-enditem|p2a: Falko|Life Orb|[from] move: Knock Off|[of] p1a: October 2020
|
|-heal|p1a: October 2020|80/100|[from] item: Leftovers
|upkeep
|turn|21
|j| GoudonRockpolish
|
|t:|1624282846
|move|p2a: Falko|Focus Blast|p1a: October 2020|[miss]
|-miss|p2a: Falko|p1a: October 2020
|move|p1a: October 2020|Toxic|p2a: Falko
|-status|p2a: Falko|tox
|
|-heal|p1a: October 2020|86/100|[from] item: Leftovers
|-damage|p2a: Falko|60/100 tox|[from] psn
|upkeep
|turn|22
|
|t:|1624282855
|switch|p1a: HookShotz|Scizor, M|100/100
|move|p2a: Falko|Hyper Voice|p1a: HookShotz
|-resisted|p1a: HookShotz
|-damage|p1a: HookShotz|80/100
|
|-damage|p2a: Falko|48/100 tox|[from] psn
|-fieldend|move: Trick Room
|upkeep
|turn|23
|
|t:|1624282864
|switch|p2a: Sharpo|Garchomp, M|100/100
|-damage|p2a: Sharpo|94/100|[from] Stealth Rock
|move|p1a: HookShotz|U-turn|p2a: Sharpo
|-damage|p2a: Sharpo|65/100
|-damage|p1a: HookShotz|68/100|[from] ability: Rough Skin|[of] p2a: Sharpo
|
|t:|1624282874
|switch|p1a: Tim the Sorcerer|Togekiss, M, shiny|17/100|[from]move: U-turn
|
|-heal|p2a: Sharpo|72/100|[from] item: Leftovers
|upkeep
|turn|24
|j| balabulu
|
|t:|1624282884
|move|p2a: Sharpo|Stone Edge|p1a: Tim the Sorcerer
|-supereffective|p1a: Tim the Sorcerer
|-damage|p1a: Tim the Sorcerer|0 fnt
|faint|p1a: Tim the Sorcerer
|
|-heal|p2a: Sharpo|78/100|[from] item: Leftovers
|upkeep
|
|t:|1624282887
|switch|p1a: October 2020|Seismitoad, M|86/100
|-damage|p1a: October 2020|80/100|[from] Stealth Rock
|turn|25
|
|t:|1624282897
|move|p2a: Sharpo|Swords Dance|p2a: Sharpo
|-boost|p2a: Sharpo|atk|2
|move|p1a: October 2020|Scald|p2a: Sharpo
|-damage|p2a: Sharpo|50/100
|-status|p2a: Sharpo|brn
|
|-heal|p2a: Sharpo|56/100 brn|[from] item: Leftovers
|-heal|p1a: October 2020|86/100|[from] item: Leftovers
|-damage|p2a: Sharpo|50/100 brn|[from] brn
|upkeep
|turn|26
|c|☆Sombra Diurna|lol
|c|☆Sombra Diurna|1 fucking scald
|
|t:|1624282913
|switch|p1a: Sinister Minister|Weavile, M|38/100
|-damage|p1a: Sinister Minister|13/100|[from] Stealth Rock
|-ability|p1a: Sinister Minister|Pressure
|move|p2a: Sharpo|Earthquake|p1a: Sinister Minister
|-damage|p1a: Sinister Minister|0 fnt
|faint|p1a: Sinister Minister
|
|-heal|p2a: Sharpo|56/100 brn|[from] item: Leftovers
|-damage|p2a: Sharpo|50/100 brn|[from] brn
|upkeep
|
|t:|1624282915
|switch|p1a: October 2020|Seismitoad, M|86/100
|-damage|p1a: October 2020|80/100|[from] Stealth Rock
|turn|27
|
|t:|1624282927
|move|p2a: Sharpo|Earthquake|p1a: October 2020
|-damage|p1a: October 2020|45/100
|move|p1a: October 2020|Scald|p2a: Sharpo
|-damage|p2a: Sharpo|24/100 brn
|
|-heal|p2a: Sharpo|30/100 brn|[from] item: Leftovers
|-heal|p1a: October 2020|51/100|[from] item: Leftovers
|-damage|p2a: Sharpo|24/100 brn|[from] brn
|upkeep
|turn|28
|
|t:|1624282944
|switch|p2a: Falko|Drampa, M|48/100 tox
|-damage|p2a: Falko|36/100 tox|[from] Stealth Rock
|move|p1a: October 2020|Scald|p2a: Falko
|-resisted|p2a: Falko
|-damage|p2a: Falko|23/100 tox
|
|-heal|p1a: October 2020|57/100|[from] item: Leftovers
|-damage|p2a: Falko|17/100 tox|[from] psn
|upkeep
|turn|29
|
|t:|1624282956
|move|p1a: October 2020|Scald|p2a: Falko
|-resisted|p2a: Falko
|-damage|p2a: Falko|5/100 tox
|move|p2a: Falko|Focus Blast|p1a: October 2020
|-damage|p1a: October 2020|10/100
|
|-heal|p1a: October 2020|16/100|[from] item: Leftovers
|-damage|p2a: Falko|0 fnt|[from] psn
|faint|p2a: Falko
|upkeep
|l|☆Sombra Diurna
|player|p2|
|j| malibou
|c|☆Kitty Mitten 3|Y we got heads in this lobby lmao
|j|☆Sombra Diurna
|player|p2|Sombra Diurna|blue
|
|t:|1624283023
|switch|p2a: Hatterene|Hatterene, F|46/100
|-damage|p2a: Hatterene|34/100|[from] Stealth Rock
|turn|30
|
|t:|1624283031
|move|p1a: October 2020|Scald|p2a: Hatterene
|-damage|p2a: Hatterene|16/100
|move|p2a: Hatterene|Trick Room|p2a: Hatterene
|-fieldstart|move: Trick Room|[of] p2a: Hatterene
|
|-heal|p1a: October 2020|22/100|[from] item: Leftovers
|upkeep
|turn|31
|c| prof darkness|high rating game
|
|t:|1624283039
|switch|p1a: HookShotz|Scizor, M|68/100
|move|p2a: Hatterene|Healing Wish|p2a: Hatterene
|faint|p2a: Hatterene
|
|upkeep
|
|t:|1624283044
|switch|p2a: Billy B.|Marowak-Alola, F|100/100
|-damage|p2a: Billy B.|76/100|[from] Stealth Rock
|turn|32
|
|t:|1624283052
|switch|p1a: October 2020|Seismitoad, M|22/100
|-damage|p1a: October 2020|16/100|[from] Stealth Rock
|move|p2a: Billy B.|Flare Blitz|p1a: October 2020
|-resisted|p1a: October 2020
|-damage|p1a: October 2020|0 fnt
|faint|p1a: October 2020
|
|upkeep
|
|t:|1624283060
|switch|p1a: Bubblehouse|Rotom-Wash|49/100
|-damage|p1a: Bubblehouse|36/100|[from] Stealth Rock
|turn|33
|
|t:|1624283066
|move|p2a: Billy B.|Flare Blitz|p1a: Bubblehouse
|-resisted|p1a: Bubblehouse
|-damage|p1a: Bubblehouse|0 fnt
|faint|p1a: Bubblehouse
|
|upkeep
|
|t:|1624283069
|switch|p1a: HookShotz|Scizor, M|68/100
|turn|34
|
|t:|1624283072
|move|p1a: HookShotz|Bullet Punch|p2a: Billy B.
|-resisted|p2a: Billy B.
|-damage|p2a: Billy B.|62/100
|move|p2a: Billy B.|Flare Blitz|p1a: HookShotz
|-supereffective|p1a: HookShotz
|-damage|p1a: HookShotz|0 fnt
|faint|p1a: HookShotz
|
|win|Sombra Diurna
|raw|Kitty Mitten 3's rating: 1580 &rarr; <strong>1569</strong><br />(-11 for losing)
|raw|Sombra Diurna's rating: 1746 &rarr; <strong>1757</strong><br />(+11 for winning)
|c|☆Kitty Mitten 3|Gg
|c|☆Sombra Diurna|gg
|l|☆Kitty Mitten 3
|l| malibou
|l| prof darkness
|l| balabulu
