|j|☆DJ CRIB DEF
|j|☆Storm Jack
|t:|1620669337
|gametype|singles
|player|p1|DJ CRIB DEF|265|1607
|player|p2|Storm Jack|266|1656
|teamsize|p1|6
|teamsize|p2|6
|gen|8
|tier|[Gen 8] OU
|rated|
|rule|Sleep Clause Mod: Limit one foe put to sleep
|rule|Species Clause: Limit one of each Pokémon
|rule|OHKO Clause: OHKO moves are banned
|rule|Evasion Moves Clause: Evasion moves are banned
|rule|Endless Battle Clause: Forcing endless battles is banned
|rule|HP Percentage Mod: HP is shown in percentages
|rule|Dynamax Clause: You cannot dynamax
|clearpoke
|poke|p1|Togekiss, F|
|poke|p1|Zygarde-10%|
|poke|p1|Jirachi|
|poke|p1|Cloyster, F|
|poke|p1|Chansey, F|
|poke|p1|Drapion, F|
|poke|p2|Magnezone|
|poke|p2|Garchomp, F|
|poke|p2|Moltres-Galar|
|poke|p2|Grimmsnarl, M|
|poke|p2|Azumarill, F|
|poke|p2|Uxie|
|teampreview
|inactive|Battle timer is ON: inactive players will automatically lose when time's up. (requested by DJ CRIB DEF)
|
|t:|1620669344
|start
|switch|p1a: Togekiss|Togekiss, F, shiny|100/100
|switch|p2a: Grimmsnarl|Grimmsnarl, M, shiny|100/100
|turn|1
|
|t:|1620669351
|move|p2a: Grimmsnarl|Taunt|p1a: Togekiss
|-start|p1a: Togekiss|move: Taunt
|cant|p1a: Togekiss|move: Taunt|Trick
|
|upkeep
|turn|2
|
|t:|1620669361
|switch|p1a: Drapion|Drapion, F|100/100
|move|p2a: Grimmsnarl|Light Screen|p2a: Grimmsnarl
|-sidestart|p2: Storm Jack|move: Light Screen
|
|upkeep
|turn|3
|
|t:|1620669368
|move|p2a: Grimmsnarl|Reflect|p2a: Grimmsnarl
|-sidestart|p2: Storm Jack|Reflect
|move|p1a: Drapion|Acupressure|p1a: Drapion
|-boost|p1a: Drapion|def|2
|
|upkeep
|turn|4
|
|t:|1620669378
|switch|p2a: Moltres|Moltres-Galar|100/100
|move|p1a: Drapion|Knock Off|p2a: Moltres
|-resisted|p2a: Moltres
|-damage|p2a: Moltres|92/100
|-enditem|p2a: Moltres|Weakness Policy|[from] move: Knock Off|[of] p1a: Drapion
|
|upkeep
|turn|5
|
|t:|1620669385
|move|p2a: Moltres|Nasty Plot|p2a: Moltres
|-boost|p2a: Moltres|spa|2
|move|p1a: Drapion|Taunt|p2a: Moltres
|-start|p2a: Moltres|move: Taunt
|
|upkeep
|turn|6
|
|t:|1620669393
|switch|p1a: Chansey|Chansey, F|100/100
|move|p2a: Moltres|Air Slash|p1a: Chansey
|-damage|p1a: Chansey|77/100
|
|upkeep
|turn|7
|
|t:|1620669409
|move|p2a: Moltres|Fiery Wrath|p1a: Chansey
|-damage|p1a: Chansey|49/100
|move|p1a: Chansey|Thunder Wave|p2a: Moltres
|-status|p2a: Moltres|par
|
|upkeep
|turn|8
|
|t:|1620669418
|move|p2a: Moltres|Fiery Wrath|p1a: Chansey
|-damage|p1a: Chansey|24/100
|move|p1a: Chansey|Soft-Boiled|p1a: Chansey
|-heal|p1a: Chansey|74/100
|
|-end|p2a: Moltres|move: Taunt
|upkeep
|turn|9
|
|t:|1620669424
|cant|p2a: Moltres|par
|move|p1a: Chansey|Ice Beam|p2a: Moltres
|-supereffective|p2a: Moltres
|-damage|p2a: Moltres|83/100 par
|
|-sideend|p2: Storm Jack|move: Light Screen
|upkeep
|turn|10
|
|t:|1620669428
|cant|p2a: Moltres|par
|move|p1a: Chansey|Ice Beam|p2a: Moltres
|-supereffective|p2a: Moltres
|-damage|p2a: Moltres|67/100 par
|
|-sideend|p2: Storm Jack|Reflect
|upkeep
|turn|11
|
|t:|1620669433
|switch|p1a: Togekiss|Togekiss, F, shiny|100/100
|move|p2a: Moltres|Nasty Plot|p2a: Moltres
|-boost|p2a: Moltres|spa|2
|
|upkeep
|turn|12
|
|t:|1620669436
|move|p1a: Togekiss|Air Slash|p2a: Moltres
|-damage|p2a: Moltres|29/100 par
|-ability|p2a: Moltres|Berserk|boost
|-boost|p2a: Moltres|spa|1
|cant|p2a: Moltres|flinch
|
|upkeep
|turn|13
|
|t:|1620669444
|switch|p2a: Magnezone|Magnezone, shiny|100/100
|move|p1a: Togekiss|Air Slash|p2a: Magnezone
|-resisted|p2a: Magnezone
|-damage|p2a: Magnezone|88/100
|
|-heal|p2a: Magnezone|95/100|[from] item: Leftovers
|upkeep
|turn|14
|
|t:|1620669451
|switch|p1a: Zygarde|Zygarde-10%, shiny|100/100
|-ability|p1a: Zygarde|Aura Break
|switch|p2a: Grimmsnarl|Grimmsnarl, M, shiny|100/100
|
|upkeep
|turn|15
|
|t:|1620669463
|move|p1a: Zygarde|Substitute|p1a: Zygarde
|-start|p1a: Zygarde|Substitute
|-damage|p1a: Zygarde|76/100
|move|p2a: Grimmsnarl|Play Rough|p1a: Zygarde
|-supereffective|p1a: Zygarde
|-end|p1a: Zygarde|Substitute
|
|-heal|p1a: Zygarde|82/100|[from] item: Leftovers
|upkeep
|turn|16
|
|t:|1620669471
|switch|p1a: Jirachi|Jirachi, shiny|100/100
|move|p2a: Grimmsnarl|Taunt|p1a: Jirachi
|-start|p1a: Jirachi|move: Taunt
|
|upkeep
|turn|17
|
|t:|1620669475
|move|p2a: Grimmsnarl|Reflect|p2a: Grimmsnarl
|-sidestart|p2: Storm Jack|Reflect
|move|p1a: Jirachi|Iron Head|p2a: Grimmsnarl
|-supereffective|p2a: Grimmsnarl
|-damage|p2a: Grimmsnarl|66/100
|
|upkeep
|turn|18
|
|t:|1620669481
|switch|p2a: Moltres|Moltres-Galar|29/100 par
|move|p1a: Jirachi|Iron Head|p2a: Moltres
|-damage|p2a: Moltres|7/100 par
|
|-end|p1a: Jirachi|move: Taunt
|upkeep
|turn|19
|
|t:|1620669491
|switch|p1a: Togekiss|Togekiss, F, shiny|100/100
|move|p2a: Moltres|Fiery Wrath|p1a: Togekiss
|-resisted|p1a: Togekiss
|-damage|p1a: Togekiss|80/100
|
|upkeep
|turn|20
|
|t:|1620669495
|move|p1a: Togekiss|Air Slash|p2a: Moltres
|-damage|p2a: Moltres|0 fnt
|faint|p2a: Moltres
|
|upkeep
|
|t:|1620669512
|switch|p2a: Grimmsnarl|Grimmsnarl, M, shiny|66/100
|turn|21
|
|t:|1620669520
|switch|p1a: Jirachi|Jirachi, shiny|100/100
|move|p2a: Grimmsnarl|Light Screen|p2a: Grimmsnarl
|-sidestart|p2: Storm Jack|move: Light Screen
|
|upkeep
|turn|22
|
|t:|1620669524
|move|p2a: Grimmsnarl|Taunt|p1a: Jirachi
|-start|p1a: Jirachi|move: Taunt
|move|p1a: Jirachi|U-turn|p2a: Grimmsnarl
|-damage|p2a: Grimmsnarl|56/100
|
|t:|1620669535
|switch|p1a: Drapion|Drapion, F|100/100|[from]move: U-turn
|
|upkeep
|turn|23
|
|t:|1620669541
|move|p1a: Drapion|Knock Off|p2a: Grimmsnarl
|-resisted|p2a: Grimmsnarl
|-damage|p2a: Grimmsnarl|53/100
|-enditem|p2a: Grimmsnarl|Light Clay|[from] move: Knock Off|[of] p1a: Drapion
|move|p2a: Grimmsnarl|Play Rough|p1a: Drapion
|-damage|p1a: Drapion|70/100
|
|upkeep
|turn|24
|
|t:|1620669548
|move|p1a: Drapion|Taunt|p2a: Grimmsnarl
|-start|p2a: Grimmsnarl|move: Taunt
|move|p2a: Grimmsnarl|Play Rough|p1a: Drapion
|-damage|p1a: Drapion|38/100
|
|-sideend|p2: Storm Jack|Reflect
|upkeep
|turn|25
|
|t:|1620669554
|move|p1a: Drapion|Acupressure|p1a: Drapion
|-boost|p1a: Drapion|def|2
|move|p2a: Grimmsnarl|Play Rough|p1a: Drapion
|-damage|p1a: Drapion|22/100
|
|upkeep
|turn|26
|
|t:|1620669559
|move|p1a: Drapion|Acupressure|p1a: Drapion
|-boost|p1a: Drapion|spd|2
|move|p2a: Grimmsnarl|Play Rough|p1a: Drapion
|-damage|p1a: Drapion|7/100
|
|-end|p2a: Grimmsnarl|move: Taunt
|upkeep
|turn|27
|
|t:|1620669563
|move|p1a: Drapion|Rest|p1a: Drapion
|-status|p1a: Drapion|slp|[from] move: Rest
|-heal|p1a: Drapion|100/100 slp|[silent]
|-enditem|p1a: Drapion|Chesto Berry|[eat]
|-curestatus|p1a: Drapion|slp|[msg]
|move|p2a: Grimmsnarl|Play Rough|p1a: Drapion
|-damage|p1a: Drapion|84/100
|
|upkeep
|turn|28
|
|t:|1620669576
|move|p1a: Drapion|Taunt|p2a: Grimmsnarl
|-start|p2a: Grimmsnarl|move: Taunt
|move|p2a: Grimmsnarl|Play Rough|p1a: Drapion
|-damage|p1a: Drapion|67/100
|
|-sideend|p2: Storm Jack|move: Light Screen
|upkeep
|turn|29
|
|t:|1620669579
|move|p1a: Drapion|Acupressure|p1a: Drapion
|-boost|p1a: Drapion|accuracy|2
|move|p2a: Grimmsnarl|Play Rough|p1a: Drapion
|-damage|p1a: Drapion|50/100
|
|upkeep
|turn|30
|
|t:|1620669582
|move|p1a: Drapion|Acupressure|p1a: Drapion
|-boost|p1a: Drapion|spd|2
|move|p2a: Grimmsnarl|Play Rough|p1a: Drapion
|-damage|p1a: Drapion|35/100
|
|-end|p2a: Grimmsnarl|move: Taunt
|upkeep
|turn|31
|
|t:|1620669593
|switch|p2a: Garchomp|Garchomp, F, shiny|100/100
|move|p1a: Drapion|Knock Off|p2a: Garchomp
|-damage|p2a: Garchomp|68/100
|-damage|p1a: Drapion|23/100|[from] ability: Rough Skin|[of] p2a: Garchomp
|-enditem|p2a: Garchomp|Life Orb|[from] move: Knock Off|[of] p1a: Drapion
|
|upkeep
|turn|32
|
|t:|1620669604
|switch|p1a: Togekiss|Togekiss, F, shiny|80/100
|move|p2a: Garchomp|Swords Dance|p2a: Garchomp
|-boost|p2a: Garchomp|atk|2
|
|upkeep
|turn|33
|
|t:|1620669614
|switch|p2a: Magnezone|Magnezone, shiny|95/100
|move|p1a: Togekiss|Air Slash|p2a: Magnezone
|-resisted|p2a: Magnezone
|-damage|p2a: Magnezone|83/100
|
|-heal|p2a: Magnezone|90/100|[from] item: Leftovers
|upkeep
|turn|34
|
|t:|1620669629
|switch|p1a: Drapion|Drapion, F|23/100
|move|p2a: Magnezone|Thunderbolt|p1a: Drapion
|-damage|p1a: Drapion|0 fnt
|faint|p1a: Drapion
|
|-heal|p2a: Magnezone|96/100|[from] item: Leftovers
|upkeep
|
|t:|1620669634
|switch|p1a: Zygarde|Zygarde-10%, shiny|82/100
|-ability|p1a: Zygarde|Aura Break
|turn|35
|
|t:|1620669640
|switch|p2a: Grimmsnarl|Grimmsnarl, M, shiny|53/100
|move|p1a: Zygarde|Substitute|p1a: Zygarde
|-start|p1a: Zygarde|Substitute
|-damage|p1a: Zygarde|57/100
|
|-heal|p1a: Zygarde|63/100|[from] item: Leftovers
|upkeep
|turn|36
|j| Pope Jawn Paul
|
|t:|1620669646
|move|p2a: Grimmsnarl|Reflect|p2a: Grimmsnarl
|-sidestart|p2: Storm Jack|Reflect
|move|p1a: Zygarde|Glare|p2a: Grimmsnarl
|-status|p2a: Grimmsnarl|par
|
|-heal|p1a: Zygarde|69/100|[from] item: Leftovers
|upkeep
|turn|37
|
|t:|1620669653
|cant|p2a: Grimmsnarl|par
|move|p1a: Zygarde|Thousand Arrows|p2a: Grimmsnarl
|-damage|p2a: Grimmsnarl|30/100 par
|
|-heal|p1a: Zygarde|75/100|[from] item: Leftovers
|upkeep
|turn|38
|
|t:|1620669658
|move|p2a: Grimmsnarl|Taunt|p1a: Zygarde
|-start|p1a: Zygarde|move: Taunt
|cant|p1a: Zygarde|move: Taunt|Dragon Dance
|
|-heal|p1a: Zygarde|81/100|[from] item: Leftovers
|upkeep
|turn|39
|
|t:|1620669664
|move|p1a: Zygarde|Thousand Arrows|p2a: Grimmsnarl
|-crit|p2a: Grimmsnarl
|-damage|p2a: Grimmsnarl|0 fnt
|faint|p2a: Grimmsnarl
|
|-heal|p1a: Zygarde|87/100|[from] item: Leftovers
|upkeep
|
|t:|1620669668
|switch|p2a: Garchomp|Garchomp, F, shiny|68/100
|turn|40
|
|t:|1620669672
|move|p2a: Garchomp|Scale Shot|p1a: Zygarde|[miss]
|-miss|p2a: Garchomp|p1a: Zygarde
|move|p1a: Zygarde|Thousand Arrows|p2a: Garchomp
|-damage|p2a: Garchomp|47/100
|
|-heal|p1a: Zygarde|93/100|[from] item: Leftovers
|-end|p1a: Zygarde|move: Taunt
|-sideend|p2: Storm Jack|Reflect
|upkeep
|turn|41
|
|t:|1620669679
|switch|p1a: Togekiss|Togekiss, F, shiny|80/100
|move|p2a: Garchomp|Stone Edge|p1a: Togekiss
|-supereffective|p1a: Togekiss
|-damage|p1a: Togekiss|0 fnt
|faint|p1a: Togekiss
|
|upkeep
|
|t:|1620669683
|switch|p1a: Cloyster|Cloyster, F, shiny|100/100
|turn|42
|
|t:|1620669698
|move|p2a: Garchomp|Stone Edge|p1a: Cloyster|[miss]
|-miss|p2a: Garchomp|p1a: Cloyster
|move|p1a: Cloyster|Shell Smash|p1a: Cloyster
|-unboost|p1a: Cloyster|def|1
|-unboost|p1a: Cloyster|spd|1
|-boost|p1a: Cloyster|atk|2
|-boost|p1a: Cloyster|spa|2
|-boost|p1a: Cloyster|spe|2
|
|upkeep
|turn|43
|
|t:|1620669703
|move|p1a: Cloyster|Ice Shard|p2a: Garchomp
|-supereffective|p2a: Garchomp
|-damage|p2a: Garchomp|0 fnt
|faint|p2a: Garchomp
|
|upkeep
|
|t:|1620669705
|switch|p2a: Magnezone|Magnezone, shiny|96/100
|turn|44
|
|t:|1620669713
|move|p1a: Cloyster|Icicle Spear|p2a: Magnezone
|-resisted|p2a: Magnezone
|-damage|p2a: Magnezone|88/100
|-resisted|p2a: Magnezone
|-damage|p2a: Magnezone|80/100
|-resisted|p2a: Magnezone
|-damage|p2a: Magnezone|71/100
|-resisted|p2a: Magnezone
|-damage|p2a: Magnezone|62/100
|-resisted|p2a: Magnezone
|-damage|p2a: Magnezone|54/100
|-hitcount|p2a: Magnezone|5
|move|p2a: Magnezone|Thunderbolt|p1a: Cloyster
|-supereffective|p1a: Cloyster
|-damage|p1a: Cloyster|0 fnt
|faint|p1a: Cloyster
|
|-heal|p2a: Magnezone|60/100|[from] item: Leftovers
|upkeep
|
|t:|1620669715
|switch|p1a: Zygarde|Zygarde-10%, shiny|93/100
|-ability|p1a: Zygarde|Aura Break
|turn|45
|
|t:|1620669719
|switch|p2a: Uxie|Uxie, shiny|100/100
|move|p1a: Zygarde|Thousand Arrows|p2a: Uxie
|-damage|p2a: Uxie|70/100
|-start|p2a: Uxie|Smack Down
|
|-heal|p1a: Zygarde|99/100|[from] item: Leftovers
|upkeep
|turn|46
|
|t:|1620669728
|move|p1a: Zygarde|Substitute|p1a: Zygarde
|-start|p1a: Zygarde|Substitute
|-damage|p1a: Zygarde|74/100
|move|p2a: Uxie|Encore|p1a: Zygarde
|-start|p1a: Zygarde|Encore
|
|-heal|p1a: Zygarde|80/100|[from] item: Leftovers
|upkeep
|turn|47
|
|t:|1620669734
|switch|p2a: Azumarill|Azumarill, F, shiny|100/100
|move|p1a: Zygarde|Substitute|p1a: Zygarde
|-fail|p1a: Zygarde|move: Substitute
|
|-heal|p1a: Zygarde|86/100|[from] item: Leftovers
|upkeep
|turn|48
|
|t:|1620669739
|move|p1a: Zygarde|Substitute|p1a: Zygarde
|-fail|p1a: Zygarde|move: Substitute
|move|p2a: Azumarill|Belly Drum|p2a: Azumarill
|-damage|p2a: Azumarill|50/100
|-setboost|p2a: Azumarill|atk|6|[from] move: Belly Drum
|-enditem|p2a: Azumarill|Sitrus Berry|[eat]
|-heal|p2a: Azumarill|75/100|[from] item: Sitrus Berry
|
|-heal|p1a: Zygarde|92/100|[from] item: Leftovers
|upkeep
|turn|49
|
|t:|1620669746
|move|p1a: Zygarde|Substitute|p1a: Zygarde
|-fail|p1a: Zygarde|move: Substitute
|move|p2a: Azumarill|Knock Off|p1a: Zygarde
|-end|p1a: Zygarde|Substitute
|
|-heal|p1a: Zygarde|98/100|[from] item: Leftovers
|-end|p1a: Zygarde|Encore
|upkeep
|turn|50
|
|t:|1620669749
|move|p2a: Azumarill|Aqua Jet|p1a: Zygarde
|-damage|p1a: Zygarde|0 fnt
|faint|p1a: Zygarde
|
|upkeep
|
|t:|1620669751
|switch|p1a: Jirachi|Jirachi, shiny|100/100
|turn|51
|c|☆DJ CRIB DEF|gg
|
|t:|1620669755
|move|p2a: Azumarill|Aqua Jet|p1a: Jirachi
|-damage|p1a: Jirachi|0 fnt
|faint|p1a: Jirachi
|
|upkeep
|c|☆Storm Jack|gg
|inactive|DJ CRIB DEF has 120 seconds left.
|c|☆DJ CRIB DEF|oh sorry
|-message|DJ CRIB DEF forfeited.
|
|win|Storm Jack
|raw|DJ CRIB DEF's rating: 1607 &rarr; <strong>1590</strong><br />(-17 for losing)
|raw|Storm Jack's rating: 1656 &rarr; <strong>1673</strong><br />(+17 for winning)
|j| yetus thy fetus
||Ladder isn't responding, score probably updated but might not have (Request timeout).
|l| Pope Jawn Paul
|l| yetus thy fetus
