|raw|<div class="broadcast-blue"><strong>This battle is required to be public due to a player having a name starting with 'lt93oq'.</div>
|j|☆tolstoy
|j|☆LT93OQ Highv0ltag3
|t:|1660836242
|gametype|singles
|player|p1|tolstoy|#lax|1880
|player|p2|LT93OQ Highv0ltag3|volo|1989
|teamsize|p1|6
|teamsize|p2|6
|gen|8
|tier|[Gen 8] OU
|rated|
|rule|Sleep Clause Mod: Limit one foe put to sleep
|rule|Species Clause: Limit one of each Pokémon
|rule|OHKO Clause: OHKO moves are banned
|rule|Evasion Items Clause: Evasion items are banned
|rule|Evasion Moves Clause: Evasion moves are banned
|rule|Endless Battle Clause: Forcing endless battles is banned
|rule|HP Percentage Mod: HP is shown in percentages
|rule|Dynamax Clause: You cannot dynamax
|clearpoke
|poke|p1|Trubbish, F|
|poke|p1|Tornadus-Therian, M|
|poke|p1|Clefable, F|
|poke|p1|Excadrill, M|
|poke|p1|Tyranitar, F|
|poke|p1|Slowbro, F|
|poke|p2|Tapu Lele|
|poke|p2|Magnezone|
|poke|p2|Swampert, M|
|poke|p2|Clefable, M|
|poke|p2|Tornadus-Therian, M|
|poke|p2|Melmetal|
|teampreview
|inactive|Battle timer is ON: inactive players will automatically lose when time's up. (requested by tolstoy)
|c|☆LT93OQ Highv0ltag3|LMAAAAAAAAAAAAAAAAAAAO
|j| LT93OQ Bee
|inactive|LT93OQ Highv0ltag3 has 120 seconds left.
|c|☆LT93OQ Highv0ltag3|IF I LOSE TO THIS I RETIRE FROM MONS
|j| CALL THE CREW
|c| CALL THE CREW|LOL
|
|t:|1660836296
|start
|switch|p1a: Tornadus|Tornadus-Therian, M|100/100
|switch|p2a: Tornadus|Tornadus-Therian, M|100/100
|turn|1
|c| CALL THE CREW|v0lt i swear
|
|t:|1660836304
|switch|p1a: Trubbish|Trubbish, F|100/100
|move|p2a: Tornadus|Knock Off|p1a: Trubbish
|-damage|p1a: Trubbish|83/100
|-activate|p1a: Trubbish|ability: Sticky Hold
|
|upkeep
|turn|2
|c| CALL THE CREW|is that a custom ava?
|c| CALL THE CREW|cant tell nowadays
|inactive|LT93OQ Highv0ltag3 has 120 seconds left.
|
|t:|1660836341
|move|p2a: Tornadus|U-turn|p1a: Trubbish
|-resisted|p1a: Trubbish
|-damage|p1a: Trubbish|77/100
|
|t:|1660836342
|switch|p2a: Melmetal|Melmetal|100/100|[from]move: U-turn
|move|p1a: Trubbish|Toxic|p2a: Melmetal
|-immune|p2a: Melmetal
|
|upkeep
|turn|3
|
|t:|1660836346
|switch|p1a: Slowbro|Slowbro, F|100/100
|move|p2a: Melmetal|Toxic|p1a: Slowbro
|-status|p1a: Slowbro|tox
|
|-damage|p1a: Slowbro|94/100 tox|[from] psn
|upkeep
|turn|4
|c| CALL THE CREW|its him
|
|t:|1660836352
|move|p2a: Melmetal|Double Iron Bash|p1a: Slowbro
|-resisted|p1a: Slowbro
|-damage|p1a: Slowbro|82/100 tox
|-damage|p2a: Melmetal|84/100|[from] item: Rocky Helmet|[of] p1a: Slowbro
|-resisted|p1a: Slowbro
|-damage|p1a: Slowbro|70/100 tox
|-damage|p2a: Melmetal|67/100|[from] item: Rocky Helmet|[of] p1a: Slowbro
|-hitcount|p1a: Slowbro|2
|cant|p1a: Slowbro|flinch
|
|-heal|p2a: Melmetal|74/100|[from] item: Leftovers
|-damage|p1a: Slowbro|58/100 tox|[from] psn
|upkeep
|turn|5
|c| CALL THE CREW|aww hes gone
|
|t:|1660836358
|move|p2a: Melmetal|Double Iron Bash|p1a: Slowbro
|-resisted|p1a: Slowbro
|-damage|p1a: Slowbro|45/100 tox
|-damage|p2a: Melmetal|57/100|[from] item: Rocky Helmet|[of] p1a: Slowbro
|-resisted|p1a: Slowbro
|-damage|p1a: Slowbro|32/100 tox
|-damage|p2a: Melmetal|41/100|[from] item: Rocky Helmet|[of] p1a: Slowbro
|-hitcount|p1a: Slowbro|2
|move|p1a: Slowbro|Teleport|p1a: Slowbro
|j| LT93OQ SERPI
|
|t:|1660836365
|switch|p1a: Excadrill|Excadrill, M|100/100|[from]move: Teleport
|
|-heal|p2a: Melmetal|47/100|[from] item: Leftovers
|upkeep
|turn|6
|c|☆LT93OQ Highv0ltag3|ah shit
|
|t:|1660836371
|switch|p1a: Slowbro|Slowbro, F|65/100 tox
|switch|p2a: Swampert|Swampert, M|100/100
|
|-damage|p1a: Slowbro|59/100 tox|[from] psn
|upkeep
|turn|7
|j| LT93OQ Nick
|
|t:|1660836376
|switch|p2a: Melmetal|Melmetal|47/100
|move|p1a: Slowbro|Slack Off|p1a: Slowbro
|-heal|p1a: Slowbro|100/100 tox
|
|-heal|p2a: Melmetal|53/100|[from] item: Leftovers
|-damage|p1a: Slowbro|88/100 tox|[from] psn
|upkeep
|turn|8
|
|t:|1660836379
|move|p2a: Melmetal|Protect|p2a: Melmetal
|-singleturn|p2a: Melmetal|Protect
|move|p1a: Slowbro|Scald|p2a: Melmetal
|-activate|p2a: Melmetal|move: Protect
|
|-heal|p2a: Melmetal|59/100|[from] item: Leftovers
|-damage|p1a: Slowbro|70/100 tox|[from] psn
|upkeep
|turn|9
|j| LT93OQ Luna
|
|t:|1660836384
|switch|p2a: Tornadus|Tornadus-Therian, M|100/100
|move|p1a: Slowbro|Teleport|p1a: Slowbro
|j|+ATTRIBUTE
|
|t:|1660836387
|switch|p1a: Tyranitar|Tyranitar, F|100/100|[from]move: Teleport
|-weather|Sandstorm|[from] ability: Sand Stream|[of] p1a: Tyranitar
|
|-weather|Sandstorm|[upkeep]
|-damage|p2a: Tornadus|94/100|[from] Sandstorm
|upkeep
|turn|10
|c| CALL THE CREW|ez leftovers recovery...
|
|t:|1660836390
|move|p2a: Tornadus|U-turn|p1a: Tyranitar
|-supereffective|p1a: Tyranitar
|-damage|p1a: Tyranitar|76/100
|
|t:|1660836394
|switch|p2a: Clefable|Clefable, M|100/100|[from]move: U-turn
|move|p1a: Tyranitar|Stealth Rock|p2a: Clefable
|-sidestart|p2: LT93OQ Highv0ltag3|move: Stealth Rock
|
|-weather|Sandstorm|[upkeep]
|-heal|p1a: Tyranitar|82/100|[from] item: Leftovers
|upkeep
|turn|11
|
|t:|1660836399
|switch|p1a: Trubbish|Trubbish, F|77/100
|move|p2a: Clefable|Wish|p2a: Clefable
|
|-weather|Sandstorm|[upkeep]
|-damage|p1a: Trubbish|71/100|[from] Sandstorm
|upkeep
|turn|12
|
|t:|1660836407
|switch|p2a: Melmetal|Melmetal|59/100
|-damage|p2a: Melmetal|53/100|[from] Stealth Rock
|move|p1a: Trubbish|Corrosive Gas|p2a: Melmetal
|-enditem|p2a: Melmetal|Leftovers|[from] move: Corrosive Gas|[of] p1a: Trubbish
|
|-weather|Sandstorm|[upkeep]
|-damage|p1a: Trubbish|65/100|[from] Sandstorm
|-heal|p2a: Melmetal|100/100|[from] move: Wish|[wisher] Clefable
|upkeep
|turn|13
|l| LT93OQ Nick
|c|☆LT93OQ Highv0ltag3|OOOOOOOO
|
|t:|1660836416
|switch|p1a: Slowbro|Slowbro, F|100/100 tox
|switch|p2a: Magnezone|Magnezone|100/100
|-damage|p2a: Magnezone|94/100|[from] Stealth Rock
|
|-weather|none
|-damage|p1a: Slowbro|94/100 tox|[from] psn
|upkeep
|turn|14
|c| CALL THE CREW|LMFSOOOO
|c| CALL THE CREW|HOWD U LET IT HAPPEN
|
|t:|1660836433
|switch|p1a: Excadrill|Excadrill, M|100/100
|move|p2a: Magnezone|Flash Cannon|p1a: Excadrill
|-resisted|p1a: Excadrill
|-damage|p1a: Excadrill|55/100
|
|-heal|p1a: Excadrill|61/100|[from] item: Leftovers
|upkeep
|turn|15
|j| EricDansPierre
|c| CALL THE CREW|ur on ur own bro
|
|t:|1660836443
|switch|p2a: Swampert|Swampert, M|100/100
|-damage|p2a: Swampert|94/100|[from] Stealth Rock
|move|p1a: Excadrill|Earthquake|p2a: Swampert
|-damage|p2a: Swampert|47/100
|
|-heal|p1a: Excadrill|68/100|[from] item: Leftovers
|-heal|p2a: Swampert|53/100|[from] item: Leftovers
|upkeep
|turn|16
|
|t:|1660836452
|switch|p1a: Tornadus|Tornadus-Therian, M|100/100
|move|p2a: Swampert|Flip Turn|p1a: Tornadus
|-damage|p1a: Tornadus|73/100
|j| Darison05
|
|t:|1660836457
|switch|p2a: Tornadus|Tornadus-Therian, M|100/100|[from]move: Flip Turn
|
|upkeep
|turn|17
|
|t:|1660836459
|move|p1a: Tornadus|Hurricane|p2a: Tornadus
|-damage|p2a: Tornadus|19/100
|move|p2a: Tornadus|Defog|p1a: Tornadus
|-unboost|p1a: Tornadus|evasion|1
|-sideend|p2: LT93OQ Highv0ltag3|Stealth Rock|[from] move: Defog|[of] p2a: Tornadus
|
|upkeep
|turn|18
|
|t:|1660836464
|switch|p1a: Excadrill|Excadrill, M|68/100
|switch|p2a: Magnezone|Magnezone|94/100
|
|-heal|p1a: Excadrill|74/100|[from] item: Leftovers
|upkeep
|turn|19
|c|☆LT93OQ Highv0ltag3|specs torn
|
|t:|1660836471
|switch|p2a: Tornadus|Tornadus-Therian, M|52/100
|move|p1a: Excadrill|Swords Dance|p1a: Excadrill
|-boost|p1a: Excadrill|atk|2
|
|-heal|p1a: Excadrill|80/100|[from] item: Leftovers
|upkeep
|turn|20
|c| CALL THE CREW|,
|c|☆LT93OQ Highv0ltag3|I lose to drill rip
|
|t:|1660836484
|move|p2a: Tornadus|Hurricane|p1a: Excadrill
|-resisted|p1a: Excadrill
|-damage|p1a: Excadrill|56/100
|move|p1a: Excadrill|Rapid Spin|p2a: Tornadus
|-crit|p2a: Tornadus
|-damage|p2a: Tornadus|0 fnt
|-boost|p1a: Excadrill|spe|1
|faint|p2a: Tornadus
|
|-heal|p1a: Excadrill|63/100|[from] item: Leftovers
|upkeep
|c|☆LT93OQ Highv0ltag3|lol
|c| LT93OQ Bee|nah
|c|☆LT93OQ Highv0ltag3|i get 6-0d by drill
|c| LT93OQ Bee|u lose to trubbish
|c| CALL THE CREW|^
|c|☆LT93OQ Highv0ltag3|damn
|c|☆LT93OQ Highv0ltag3|I lost to fardin
|inactive|LT93OQ Highv0ltag3 has 120 seconds left.
|c|☆LT93OQ Highv0ltag3|but to an actualt trubish
|c|☆LT93OQ Highv0ltag3|its different
|j| Reigen shishou
|c| CALL THE CREW|v0lt even if u make olt u will never live this down
|l| Reigen shishou
|c|☆LT93OQ Highv0ltag3|damn
|
|t:|1660836535
|switch|p2a: Clefable|Clefable, M|100/100
|turn|21
|
|t:|1660836544
|move|p1a: Excadrill|Iron Head|p2a: Clefable
|-supereffective|p2a: Clefable
|-damage|p2a: Clefable|0 fnt
|faint|p2a: Clefable
|
|-heal|p1a: Excadrill|69/100|[from] item: Leftovers
|upkeep
|c|☆LT93OQ Highv0ltag3|i wont ff in respect to trubish
|
|t:|1660836560
|switch|p2a: Tapu Lele|Tapu Lele|100/100
|-fieldstart|move: Psychic Terrain|[from] ability: Psychic Surge|[of] p2a: Tapu Lele
|turn|22
|
|t:|1660836562
|move|p1a: Excadrill|Iron Head|p2a: Tapu Lele
|-supereffective|p2a: Tapu Lele
|-damage|p2a: Tapu Lele|0 fnt
|faint|p2a: Tapu Lele
|
|-heal|p1a: Excadrill|75/100|[from] item: Leftovers
|upkeep
|c| CALL THE CREW|tbh it all started at that corrosive gas
|
|t:|1660836566
|switch|p2a: Magnezone|Magnezone|94/100
|turn|23
|
|t:|1660836569
|move|p1a: Excadrill|Earthquake|p2a: Magnezone
|-supereffective|p2a: Magnezone
|-damage|p2a: Magnezone|0 fnt
|faint|p2a: Magnezone
|
|-heal|p1a: Excadrill|81/100|[from] item: Leftovers
|upkeep
|c| CALL THE CREW|trubish sweep
|
|t:|1660836570
|switch|p2a: Swampert|Swampert, M|53/100
|turn|24
|
|t:|1660836573
|move|p1a: Excadrill|Earthquake|p2a: Swampert
|-damage|p2a: Swampert|0 fnt
|faint|p2a: Swampert
|
|-heal|p1a: Excadrill|87/100|[from] item: Leftovers
|upkeep
|
|t:|1660836574
|switch|p2a: Melmetal|Melmetal|100/100
|turn|25
|
|t:|1660836576
|move|p1a: Excadrill|Earthquake|p2a: Melmetal
|-supereffective|p2a: Melmetal
|-damage|p2a: Melmetal|0 fnt
|faint|p2a: Melmetal
|
|win|tolstoy
|raw|tolstoy's rating: 1880 &rarr; <strong>1906</strong><br />(+26 for winning)
|raw|LT93OQ Highv0ltag3's rating: 1989 &rarr; <strong>1963</strong><br />(-26 for losing)
|l|☆LT93OQ Highv0ltag3
|l|☆tolstoy
