|j|☆Darkman64
|j|☆contango
|t:|1663211416
|gametype|singles
|player|p1|Darkman64|juan|1589
|player|p2|contango|artist|1636
|teamsize|p1|6
|teamsize|p2|6
|gen|8
|tier|[Gen 8] OU
|rated|
|rule|Sleep Clause Mod: Limit one foe put to sleep
|rule|Species Clause: Limit one of each Pokémon
|rule|OHKO Clause: OHKO moves are banned
|rule|Evasion Items Clause: Evasion items are banned
|rule|Evasion Moves Clause: Evasion moves are banned
|rule|Endless Battle Clause: Forcing endless battles is banned
|rule|HP Percentage Mod: HP is shown in percentages
|rule|Dynamax Clause: You cannot dynamax
|clearpoke
|poke|p1|Weavile, F|
|poke|p1|Slowbro, M|
|poke|p1|Landorus-Therian, M|
|poke|p1|Urshifu-*, F|
|poke|p1|Ferrothorn, F|
|poke|p1|Clefable, M|
|poke|p2|Urshifu-*, M|
|poke|p2|Dragapult, F|
|poke|p2|Tapu Lele|
|poke|p2|Zapdos|
|poke|p2|Melmetal|
|poke|p2|Landorus-Therian, M|
|teampreview
|
|t:|1663211429
|start
|switch|p1a: Weavile|Weavile, F|100/100
|switch|p2a: Urshifu|Urshifu-Rapid-Strike, M|100/100
|-ability|p1a: Weavile|Pressure
|turn|1
|
|t:|1663211435
|switch|p1a: Slowbro|Slowbro, M|100/100
|move|p2a: Urshifu|U-turn|p1a: Slowbro
|-supereffective|p1a: Slowbro
|-damage|p1a: Slowbro|64/100
|
|t:|1663211438
|switch|p2a: Tapu Lele|Tapu Lele|100/100|[from]move: U-turn
|-fieldstart|move: Psychic Terrain|[from] ability: Psychic Surge|[of] p2a: Tapu Lele
|
|upkeep
|turn|2
|
|t:|1663211442
|move|p2a: Tapu Lele|Focus Blast|p1a: Slowbro
|-resisted|p1a: Slowbro
|-damage|p1a: Slowbro|32/100
|-unboost|p1a: Slowbro|spd|1
|move|p1a: Slowbro|Future Sight|p2a: Tapu Lele
|-start|p1a: Slowbro|move: Future Sight
|
|upkeep
|turn|3
|
|t:|1663211445
|switch|p1a: Landorus|Landorus-Therian, M|100/100
|-ability|p1a: Landorus|Intimidate|boost
|-unboost|p2a: Tapu Lele|atk|1
|move|p2a: Tapu Lele|Focus Blast|p1a: Landorus
|-resisted|p1a: Landorus
|-damage|p1a: Landorus|74/100
|
|-heal|p1a: Landorus|80/100|[from] item: Leftovers
|upkeep
|turn|4
|
|t:|1663211450
|switch|p2a: Melmetal|Melmetal|100/100
|move|p1a: Landorus|Toxic|p2a: Melmetal
|-immune|p2a: Melmetal
|
|-end|p2a: Melmetal|move: Future Sight
|-resisted|p2a: Melmetal
|-damage|p2a: Melmetal|77/100
|-heal|p1a: Landorus|86/100|[from] item: Leftovers
|-heal|p2a: Melmetal|83/100|[from] item: Leftovers
|upkeep
|turn|5
|
|t:|1663211456
|switch|p2a: Landorus|Landorus-Therian, M|100/100
|-ability|p2a: Landorus|Intimidate|boost
|-unboost|p1a: Landorus|atk|1
|move|p1a: Landorus|U-turn|p2a: Landorus
|-resisted|p2a: Landorus
|-damage|p2a: Landorus|94/100
|
|t:|1663211459
|switch|p1a: Urshifu|Urshifu-Rapid-Strike, F|100/100|[from]move: U-turn
|
|-heal|p2a: Landorus|99/100|[from] item: Leftovers
|-fieldend|move: Psychic Terrain
|upkeep
|turn|6
|
|t:|1663211464
|switch|p2a: Zapdos|Zapdos|100/100
|move|p1a: Urshifu|Surging Strikes|p2a: Zapdos
|-crit|p2a: Zapdos
|-damage|p2a: Zapdos|78/100
|-crit|p2a: Zapdos
|-damage|p2a: Zapdos|56/100
|-status|p1a: Urshifu|par|[from] ability: Static|[of] p2a: Zapdos
|-crit|p2a: Zapdos
|-damage|p2a: Zapdos|33/100
|-hitcount|p2a: Zapdos|3
|
|upkeep
|turn|7
|
|t:|1663211468
|move|p2a: Zapdos|Roost|p2a: Zapdos
|-heal|p2a: Zapdos|83/100
|-singleturn|p2a: Zapdos|move: Roost
|cant|p1a: Urshifu|par
|
|upkeep
|turn|8
|c|☆Darkman64|.-.
|
|t:|1663211476
|switch|p1a: Landorus|Landorus-Therian, M|86/100
|-ability|p1a: Landorus|Intimidate|boost
|-unboost|p2a: Zapdos|atk|1
|move|p2a: Zapdos|Hurricane|p1a: Landorus
|-damage|p1a: Landorus|49/100
|
|-heal|p1a: Landorus|55/100|[from] item: Leftovers
|upkeep
|turn|9
|
|t:|1663211481
|move|p2a: Zapdos|Hurricane|p1a: Landorus
|-damage|p1a: Landorus|23/100
|-start|p1a: Landorus|confusion
|-activate|p1a: Landorus|confusion
|-damage|p1a: Landorus|12/100|[from] confusion
|
|-heal|p1a: Landorus|18/100|[from] item: Leftovers
|upkeep
|turn|10
|c|☆Darkman64|.-.
|
|t:|1663211488
|switch|p1a: Ferrothorn|Ferrothorn, F|100/100
|move|p2a: Zapdos|Hurricane|p1a: Ferrothorn|[miss]
|-miss|p2a: Zapdos|p1a: Ferrothorn
|
|upkeep
|turn|11
|c|☆contango|call me haxmasta
|
|t:|1663211496
|move|p2a: Zapdos|Hurricane|p1a: Ferrothorn
|-damage|p1a: Ferrothorn|62/100
|move|p1a: Ferrothorn|Leech Seed|p2a: Zapdos
|-start|p2a: Zapdos|move: Leech Seed
|
|-heal|p1a: Ferrothorn|68/100|[from] item: Leftovers
|-damage|p2a: Zapdos|71/100|[from] Leech Seed|[of] p1a: Ferrothorn
|-heal|p1a: Ferrothorn|82/100|[silent]
|upkeep
|turn|12
|
|t:|1663211499
|move|p2a: Zapdos|Volt Switch|p1a: Ferrothorn
|-resisted|p1a: Ferrothorn
|-damage|p1a: Ferrothorn|68/100
|
|t:|1663211501
|switch|p2a: Dragapult|Dragapult, F|100/100|[from]move: Volt Switch
|move|p1a: Ferrothorn|Knock Off|p2a: Dragapult
|-supereffective|p2a: Dragapult
|-damage|p2a: Dragapult|41/100
|-enditem|p2a: Dragapult|Choice Specs|[from] move: Knock Off|[of] p1a: Ferrothorn
|
|-heal|p1a: Ferrothorn|74/100|[from] item: Leftovers
|upkeep
|turn|13
|
|t:|1663211505
|switch|p1a: Clefable|Clefable, M|100/100
|move|p2a: Dragapult|Flamethrower|p1a: Clefable
|-damage|p1a: Clefable|78/100
|
|-heal|p1a: Clefable|84/100|[from] item: Leftovers
|upkeep
|turn|14
|
|t:|1663211510
|move|p2a: Dragapult|Shadow Ball|p1a: Clefable
|-crit|p1a: Clefable
|-damage|p1a: Clefable|35/100
|move|p1a: Clefable|Moonblast|p2a: Dragapult
|-supereffective|p2a: Dragapult
|-damage|p2a: Dragapult|0 fnt
|faint|p2a: Dragapult
|
|-heal|p1a: Clefable|41/100|[from] item: Leftovers
|upkeep
|
|t:|1663211512
|switch|p2a: Tapu Lele|Tapu Lele|100/100
|-fieldstart|move: Psychic Terrain|[from] ability: Psychic Surge|[of] p2a: Tapu Lele
|turn|15
|c|☆Darkman64|critic
|c|☆Darkman64|bro
|c|☆Darkman64|stop
|c|☆contango|i cant
|c|☆Darkman64|please
|
|t:|1663211522
|move|p1a: Clefable|Protect|p1a: Clefable
|-singleturn|p1a: Clefable|Protect
|move|p2a: Tapu Lele|Moonblast|p1a: Clefable
|-activate|p1a: Clefable|move: Protect
|
|-heal|p1a: Clefable|47/100|[from] item: Leftovers
|upkeep
|turn|16
|c|☆contango|im addicted
|
|t:|1663211529
|switch|p1a: Ferrothorn|Ferrothorn, F|74/100
|move|p2a: Tapu Lele|Moonblast|p1a: Ferrothorn
|-resisted|p1a: Ferrothorn
|-damage|p1a: Ferrothorn|39/100
|
|-heal|p1a: Ferrothorn|45/100|[from] item: Leftovers
|upkeep
|turn|17
|
|t:|1663211533
|switch|p2a: Zapdos|Zapdos|71/100
|move|p1a: Ferrothorn|Leech Seed|p2a: Zapdos
|-start|p2a: Zapdos|move: Leech Seed
|
|-heal|p1a: Ferrothorn|51/100|[from] item: Leftovers
|-damage|p2a: Zapdos|59/100|[from] Leech Seed|[of] p1a: Ferrothorn
|-heal|p1a: Ferrothorn|64/100|[silent]
|upkeep
|turn|18
|
|t:|1663211537
|move|p2a: Zapdos|Hurricane|p1a: Ferrothorn
|-damage|p1a: Ferrothorn|22/100
|move|p1a: Ferrothorn|Knock Off|p2a: Zapdos
|-damage|p2a: Zapdos|44/100
|-enditem|p2a: Zapdos|Heavy-Duty Boots|[from] move: Knock Off|[of] p1a: Ferrothorn
|
|-heal|p1a: Ferrothorn|29/100|[from] item: Leftovers
|-damage|p2a: Zapdos|32/100|[from] Leech Seed|[of] p1a: Ferrothorn
|-heal|p1a: Ferrothorn|42/100|[silent]
|upkeep
|turn|19
|
|t:|1663211545
|switch|p1a: Landorus|Landorus-Therian, M|18/100
|-ability|p1a: Landorus|Intimidate|boost
|-unboost|p2a: Zapdos|atk|1
|move|p2a: Zapdos|Hurricane|p1a: Landorus
|-damage|p1a: Landorus|0 fnt
|faint|p1a: Landorus
|
|-fieldend|move: Psychic Terrain
|upkeep
|
|t:|1663211548
|switch|p1a: Weavile|Weavile, F|100/100
|-ability|p1a: Weavile|Pressure
|turn|20
|
|t:|1663211552
|move|p1a: Weavile|Knock Off|p2a: Zapdos
|-damage|p2a: Zapdos|0 fnt
|faint|p2a: Zapdos
|
|upkeep
|
|t:|1663211557
|switch|p2a: Urshifu|Urshifu-Rapid-Strike, M|100/100
|turn|21
|
|t:|1663211561
|switch|p1a: Urshifu|Urshifu-Rapid-Strike, F|100/100 par
|move|p2a: Urshifu|U-turn|p1a: Urshifu
|-resisted|p1a: Urshifu
|-damage|p1a: Urshifu|86/100 par
|
|t:|1663211564
|switch|p2a: Tapu Lele|Tapu Lele|100/100|[from]move: U-turn
|-fieldstart|move: Psychic Terrain|[from] ability: Psychic Surge|[of] p2a: Tapu Lele
|
|upkeep
|turn|22
|
|t:|1663211568
|move|p2a: Tapu Lele|Moonblast|p1a: Urshifu
|-supereffective|p1a: Urshifu
|-damage|p1a: Urshifu|0 fnt
|faint|p1a: Urshifu
|
|upkeep
|
|t:|1663211573
|switch|p1a: Weavile|Weavile, F|100/100
|-ability|p1a: Weavile|Pressure
|turn|23
|
|t:|1663211578
|switch|p2a: Melmetal|Melmetal|83/100
|move|p1a: Weavile|Knock Off|p2a: Melmetal
|-damage|p2a: Melmetal|37/100
|-enditem|p2a: Melmetal|Leftovers|[from] move: Knock Off|[of] p1a: Weavile
|
|upkeep
|turn|24
|
|t:|1663211582
|switch|p1a: Slowbro|Slowbro, M|65/100
|move|p2a: Melmetal|Double Iron Bash|p1a: Slowbro
|-resisted|p1a: Slowbro
|-damage|p1a: Slowbro|53/100
|-resisted|p1a: Slowbro
|-damage|p1a: Slowbro|38/100
|-hitcount|p1a: Slowbro|2
|
|upkeep
|turn|25
|
|t:|1663211585
|move|p2a: Melmetal|Double Iron Bash|p1a: Slowbro
|-resisted|p1a: Slowbro
|-damage|p1a: Slowbro|23/100
|-resisted|p1a: Slowbro
|-damage|p1a: Slowbro|10/100
|-hitcount|p1a: Slowbro|2
|cant|p1a: Slowbro|flinch
|
|-fieldend|move: Psychic Terrain
|upkeep
|turn|26
|c|☆Darkman64|ya no se que pensar
|
|t:|1663211599
|switch|p1a: Ferrothorn|Ferrothorn, F|42/100
|move|p2a: Melmetal|Earthquake|p1a: Ferrothorn
|-damage|p1a: Ferrothorn|20/100
|
|-heal|p1a: Ferrothorn|26/100|[from] item: Leftovers
|upkeep
|turn|27
|
|t:|1663211607
|switch|p1a: Slowbro|Slowbro, M|43/100
|move|p2a: Melmetal|Double Iron Bash|p1a: Slowbro
|-resisted|p1a: Slowbro
|-damage|p1a: Slowbro|28/100
|-resisted|p1a: Slowbro
|-damage|p1a: Slowbro|14/100
|-hitcount|p1a: Slowbro|2
|
|upkeep
|turn|28
|
|t:|1663211612
|switch|p1a: Ferrothorn|Ferrothorn, F|26/100
|move|p2a: Melmetal|Earthquake|p1a: Ferrothorn
|-damage|p1a: Ferrothorn|4/100
|
|-heal|p1a: Ferrothorn|10/100|[from] item: Leftovers
|upkeep
|turn|29
|
|t:|1663211614
|switch|p1a: Slowbro|Slowbro, M|47/100
|move|p2a: Melmetal|Earthquake|p1a: Slowbro
|-damage|p1a: Slowbro|23/100
|
|upkeep
|turn|30
|
|t:|1663211617
|switch|p1a: Ferrothorn|Ferrothorn, F|10/100
|move|p2a: Melmetal|Earthquake|p1a: Ferrothorn
|-damage|p1a: Ferrothorn|0 fnt
|faint|p1a: Ferrothorn
|
|upkeep
|
|t:|1663211619
|switch|p1a: Slowbro|Slowbro, M|56/100
|turn|31
|
|t:|1663211621
|move|p2a: Melmetal|Double Iron Bash|p1a: Slowbro
|-resisted|p1a: Slowbro
|-damage|p1a: Slowbro|43/100
|-resisted|p1a: Slowbro
|-damage|p1a: Slowbro|28/100
|-hitcount|p1a: Slowbro|2
|cant|p1a: Slowbro|flinch
|
|upkeep
|turn|32
|
|t:|1663211623
|move|p2a: Melmetal|Double Iron Bash|p1a: Slowbro
|-resisted|p1a: Slowbro
|-damage|p1a: Slowbro|15/100
|-resisted|p1a: Slowbro
|-damage|p1a: Slowbro|1/100
|-hitcount|p1a: Slowbro|2
|move|p1a: Slowbro|Slack Off|p1a: Slowbro
|-heal|p1a: Slowbro|51/100
|
|upkeep
|turn|33
|
|t:|1663211627
|move|p2a: Melmetal|Toxic|p1a: Slowbro
|-status|p1a: Slowbro|tox
|move|p1a: Slowbro|Slack Off|p1a: Slowbro
|-heal|p1a: Slowbro|100/100 tox
|
|-damage|p1a: Slowbro|94/100 tox|[from] psn
|upkeep
|turn|34
|
|t:|1663211630
|move|p2a: Melmetal|Double Iron Bash|p1a: Slowbro
|-resisted|p1a: Slowbro
|-damage|p1a: Slowbro|81/100 tox
|-resisted|p1a: Slowbro
|-damage|p1a: Slowbro|68/100 tox
|-hitcount|p1a: Slowbro|2
|cant|p1a: Slowbro|flinch
|
|-damage|p1a: Slowbro|56/100 tox|[from] psn
|upkeep
|turn|35
|
|t:|1663211632
|move|p2a: Melmetal|Double Iron Bash|p1a: Slowbro
|-resisted|p1a: Slowbro
|-damage|p1a: Slowbro|42/100 tox
|-resisted|p1a: Slowbro
|-damage|p1a: Slowbro|28/100 tox
|-hitcount|p1a: Slowbro|2
|move|p1a: Slowbro|Teleport|p1a: Slowbro
|
|t:|1663211634
|switch|p1a: Weavile|Weavile, F|100/100|[from]move: Teleport
|-ability|p1a: Weavile|Pressure
|
|upkeep
|turn|36
|
|t:|1663211637
|move|p1a: Weavile|Low Kick|p2a: Melmetal
|-supereffective|p2a: Melmetal
|-damage|p2a: Melmetal|0 fnt
|faint|p2a: Melmetal
|
|upkeep
|
|t:|1663211645
|switch|p2a: Urshifu|Urshifu-Rapid-Strike, M|100/100
|turn|37
|
|t:|1663211648
|switch|p1a: Clefable|Clefable, M|47/100
|move|p2a: Urshifu|U-turn|p1a: Clefable
|-resisted|p1a: Clefable
|-damage|p1a: Clefable|36/100
|
|t:|1663211650
|switch|p2a: Tapu Lele|Tapu Lele|100/100|[from]move: U-turn
|-fieldstart|move: Psychic Terrain|[from] ability: Psychic Surge|[of] p2a: Tapu Lele
|
|-heal|p1a: Clefable|42/100|[from] item: Leftovers
|upkeep
|turn|38
|
|t:|1663211652
|move|p1a: Clefable|Protect|p1a: Clefable
|-singleturn|p1a: Clefable|Protect
|move|p2a: Tapu Lele|Moonblast|p1a: Clefable
|-activate|p1a: Clefable|move: Protect
|
|-heal|p1a: Clefable|48/100|[from] item: Leftovers
|upkeep
|turn|39
|
|t:|1663211667
|switch|p1a: Slowbro|Slowbro, M|61/100 tox
|move|p2a: Tapu Lele|Moonblast|p1a: Slowbro
|-damage|p1a: Slowbro|0 fnt
|faint|p1a: Slowbro
|
|upkeep
|
|t:|1663211670
|switch|p1a: Weavile|Weavile, F|100/100
|-ability|p1a: Weavile|Pressure
|turn|40
|
|t:|1663211672
|switch|p2a: Landorus|Landorus-Therian, M|99/100
|-ability|p2a: Landorus|Intimidate|boost
|-unboost|p1a: Weavile|atk|1
|move|p1a: Weavile|Knock Off|p2a: Landorus
|-damage|p2a: Landorus|52/100
|-enditem|p2a: Landorus|Leftovers|[from] move: Knock Off|[of] p1a: Weavile
|
|upkeep
|turn|41
|
|t:|1663211675
|move|p1a: Weavile|Knock Off|p2a: Landorus
|-damage|p2a: Landorus|21/100
|move|p2a: Landorus|Earthquake|p1a: Weavile
|-damage|p1a: Weavile|14/100
|
|-fieldend|move: Psychic Terrain
|upkeep
|turn|42
|
|t:|1663211677
|move|p1a: Weavile|Knock Off|p2a: Landorus
|-damage|p2a: Landorus|0 fnt
|faint|p2a: Landorus
|
|upkeep
|
|t:|1663211679
|switch|p2a: Urshifu|Urshifu-Rapid-Strike, M|100/100
|turn|43
|
|t:|1663211681
|switch|p1a: Clefable|Clefable, M|48/100
|move|p2a: Urshifu|Surging Strikes|p1a: Clefable
|-crit|p1a: Clefable
|-damage|p1a: Clefable|33/100
|-crit|p1a: Clefable
|-damage|p1a: Clefable|16/100
|-crit|p1a: Clefable
|-damage|p1a: Clefable|0 fnt
|faint|p1a: Clefable
|-hitcount|p1: Clefable|3
|
|upkeep
|
|t:|1663211683
|switch|p1a: Weavile|Weavile, F|14/100
|-ability|p1a: Weavile|Pressure
|turn|44
|c|☆Darkman64|gg
|c|☆contango|gg
|
|t:|1663211687
|move|p2a: Urshifu|Surging Strikes|p1a: Weavile
|-crit|p1a: Weavile
|-damage|p1a: Weavile|0 fnt
|faint|p1a: Weavile
|-hitcount|p1: Weavile|1
|
|win|contango
|raw|Darkman64's rating: 1589 &rarr; <strong>1572</strong><br />(-17 for losing)
|raw|contango's rating: 1636 &rarr; <strong>1653</strong><br />(+17 for winning)
