|html|<div class="broadcast-blue"><strong>[Gen 8] OU is currently suspecting Melmetal! For information on how to participate check out the <a href="https://www.smogon.com/forums/threads/np-ss-ou-suspect-process-round-12-monster-mash.3709234/">suspect thread</a>.</strong></div>
|j|☆HQSNonsense
|j|☆dd absol
|t:|1666457413
|gametype|singles
|player|p1|HQSNonsense|veteranf|1694
|player|p2|dd absol|acetrainerf|1791
|teamsize|p1|6
|teamsize|p2|6
|gen|8
|tier|[Gen 8] OU
|rated|
|rule|Sleep Clause Mod: Limit one foe put to sleep
|rule|Species Clause: Limit one of each Pokémon
|rule|OHKO Clause: OHKO moves are banned
|rule|Evasion Items Clause: Evasion items are banned
|rule|Evasion Moves Clause: Evasion moves are banned
|rule|Endless Battle Clause: Forcing endless battles is banned
|rule|HP Percentage Mod: HP is shown in percentages
|rule|Dynamax Clause: You cannot dynamax
|clearpoke
|poke|p1|Dragapult, F|
|poke|p1|Weavile, F|
|poke|p1|Rillaboom, M|
|poke|p1|Nihilego|
|poke|p1|Garchomp, F|
|poke|p1|Celesteela|
|poke|p2|Dragapult, M|
|poke|p2|Kartana|
|poke|p2|Tyranitar, M|
|poke|p2|Tangrowth, M|
|poke|p2|Corviknight, F|
|poke|p2|Slowking-Galar, F|
|teampreview
|j| Crowv2
|inactive|Battle timer is ON: inactive players will automatically lose when time's up. (requested by HQSNonsense)
|
|t:|1666457435
|start
|switch|p1a: Garchomp|Garchomp, F|100/100
|switch|p2a: bbb|Corviknight, F|100/100
|-ability|p2a: bbb|Pressure
|turn|1
|
|t:|1666457447
|move|p1a: Garchomp|Stealth Rock|p2a: bbb
|-sidestart|p2: dd absol|move: Stealth Rock
|move|p2a: bbb|Body Press|p1a: Garchomp
|-damage|p1a: Garchomp|76/100
|-damage|p2a: bbb|88/100|[from] ability: Rough Skin|[of] p1a: Garchomp
|
|-heal|p1a: Garchomp|82/100|[from] item: Leftovers
|-heal|p2a: bbb|94/100|[from] item: Leftovers
|upkeep
|turn|2
|
|t:|1666457451
|move|p1a: Garchomp|Swords Dance|p1a: Garchomp
|-boost|p1a: Garchomp|atk|2
|move|p2a: bbb|Defog|p1a: Garchomp
|-unboost|p1a: Garchomp|evasion|1
|-sideend|p2: dd absol|Stealth Rock|[from] move: Defog|[of] p2a: bbb
|
|-heal|p1a: Garchomp|88/100|[from] item: Leftovers
|-heal|p2a: bbb|100/100|[from] item: Leftovers
|upkeep
|turn|3
|
|t:|1666457453
|move|p1a: Garchomp|Stealth Rock|p2a: bbb
|-sidestart|p2: dd absol|move: Stealth Rock
|move|p2a: bbb|U-turn|p1a: Garchomp
|-damage|p1a: Garchomp|73/100
|-damage|p2a: bbb|88/100|[from] ability: Rough Skin|[of] p1a: Garchomp
|
|t:|1666457472
|switch|p2a: putlte|Dragapult, M|100/100|[from]move: U-turn
|
|-heal|p1a: Garchomp|79/100|[from] item: Leftovers
|upkeep
|turn|4
|l| Crowv2
|
|t:|1666457485
|move|p2a: putlte|Draco Meteor|p1a: Garchomp
|-supereffective|p1a: Garchomp
|-damage|p1a: Garchomp|0 fnt
|-unboost|p2a: putlte|spa|2
|faint|p1a: Garchomp
|
|upkeep
|
|t:|1666457493
|switch|p1a: Nihilego|Nihilego|100/100
|turn|5
|inactive|dd absol has 120 seconds left.
|
|t:|1666457524
|move|p2a: putlte|Thunder Wave|p1a: Nihilego
|-status|p1a: Nihilego|par
|move|p1a: Nihilego|Meteor Beam||[still]
|-prepare|p1a: Nihilego|Meteor Beam
|-boost|p1a: Nihilego|spa|1
|-enditem|p1a: Nihilego|Power Herb
|-anim|p1a: Nihilego|Meteor Beam|p2a: putlte
|-crit|p2a: putlte
|-damage|p2a: putlte|0 fnt
|faint|p2a: putlte
|-ability|p1a: Nihilego|Beast Boost|boost
|-boost|p1a: Nihilego|spe|1
|
|upkeep
|inactive|dd absol has 120 seconds left.
|
|t:|1666457533
|switch|p2a: anana|Kartana|100/100
|-damage|p2a: anana|94/100|[from] Stealth Rock
|turn|6
|
|t:|1666457537
|move|p2a: anana|Smart Strike|p1a: Nihilego
|-supereffective|p1a: Nihilego
|-damage|p1a: Nihilego|0 fnt
|faint|p1a: Nihilego
|-ability|p2a: anana|Beast Boost|boost
|-boost|p2a: anana|atk|1
|
|upkeep
|
|t:|1666457542
|switch|p1a: Celesteela|Celesteela|100/100
|turn|7
|
|t:|1666457560
|switch|p2a: pine|Tyranitar, M|100/100
|-damage|p2a: pine|88/100|[from] Stealth Rock
|-weather|Sandstorm|[from] ability: Sand Stream|[of] p2a: pine
|move|p1a: Celesteela|Autotomize|p1a: Celesteela
|-boost|p1a: Celesteela|spe|2
|-start|p1a: Celesteela|Autotomize
|
|-weather|Sandstorm|[upkeep]
|-heal|p2a: pine|94/100|[from] item: Leftovers
|upkeep
|turn|8
|
|t:|1666457565
|move|p1a: Celesteela|Meteor Beam||[still]
|-prepare|p1a: Celesteela|Meteor Beam
|-boost|p1a: Celesteela|spa|1
|-enditem|p1a: Celesteela|Power Herb
|-anim|p1a: Celesteela|Meteor Beam|p2a: pine|[miss]
|-miss|p1a: Celesteela|p2a: pine
|move|p2a: pine|Thunder Wave|p1a: Celesteela
|-status|p1a: Celesteela|par
|
|-weather|Sandstorm|[upkeep]
|-heal|p2a: pine|100/100|[from] item: Leftovers
|upkeep
|turn|9
|
|t:|1666457577
|move|p1a: Celesteela|Meteor Beam||[still]
|-prepare|p1a: Celesteela|Meteor Beam
|-boost|p1a: Celesteela|spa|1
|move|p2a: pine|Rock Slide|p1a: Celesteela
|-damage|p1a: Celesteela|67/100 par
|
|-weather|Sandstorm|[upkeep]
|upkeep
|turn|10
|
|t:|1666457584
|cant|p1a: Celesteela|par
|move|p2a: pine|Rock Slide|p1a: Celesteela|[miss]
|-miss|p2a: pine|p1a: Celesteela
|
|-weather|Sandstorm|[upkeep]
|upkeep
|turn|11
|
|t:|1666457588
|move|p1a: Celesteela|Meteor Beam||[still]
|-prepare|p1a: Celesteela|Meteor Beam
|-boost|p1a: Celesteela|spa|1
|move|p2a: pine|Rock Slide|p1a: Celesteela
|-damage|p1a: Celesteela|32/100 par
|
|-weather|none
|upkeep
|turn|12
|
|t:|1666457594
|move|p1a: Celesteela|Meteor Beam|p2a: pine|[from]lockedmove|[miss]
|-miss|p1a: Celesteela|p2a: pine
|move|p2a: pine|Rock Slide|p1a: Celesteela
|-damage|p1a: Celesteela|0 fnt
|faint|p1a: Celesteela
|
|upkeep
|
|t:|1666457602
|switch|p1a: Weavile|Weavile, F|100/100
|-ability|p1a: Weavile|Pressure
|turn|13
|
|t:|1666457623
|move|p1a: Weavile|Low Kick|p2a: pine
|-supereffective|p2a: pine
|-crit|p2a: pine
|-damage|p2a: pine|0 fnt
|faint|p2a: pine
|-damage|p1a: Weavile|91/100|[from] item: Life Orb
|
|upkeep
|
|t:|1666457636
|switch|p2a: bbb|Corviknight, F|88/100
|-damage|p2a: bbb|75/100|[from] Stealth Rock
|-ability|p2a: bbb|Pressure
|turn|14
|
|t:|1666457647
|move|p1a: Weavile|Knock Off|p2a: bbb
|-damage|p2a: bbb|32/100
|-enditem|p2a: bbb|Leftovers|[from] move: Knock Off|[of] p1a: Weavile
|-damage|p1a: Weavile|81/100|[from] item: Life Orb
|move|p2a: bbb|Body Press|p1a: Weavile
|-supereffective|p1a: Weavile
|-damage|p1a: Weavile|0 fnt
|faint|p1a: Weavile
|
|upkeep
|
|t:|1666457653
|switch|p1a: Dragapult|Dragapult, F|100/100
|turn|15
|
|t:|1666457667
|move|p1a: Dragapult|Dragon Dance|p1a: Dragapult
|-boost|p1a: Dragapult|atk|1
|-boost|p1a: Dragapult|spe|1
|move|p2a: bbb|U-turn|p1a: Dragapult
|-resisted|p1a: Dragapult
|-damage|p1a: Dragapult|90/100
|
|t:|1666457669
|switch|p2a: noodle|Tangrowth, M|100/100|[from]move: U-turn
|-damage|p2a: noodle|88/100|[from] Stealth Rock
|
|-heal|p1a: Dragapult|97/100|[from] item: Leftovers
|upkeep
|turn|16
|
|t:|1666457672
|move|p1a: Dragapult|Substitute|p1a: Dragapult
|-start|p1a: Dragapult|Substitute
|-damage|p1a: Dragapult|72/100
|move|p2a: noodle|Knock Off|p1a: Dragapult
|-supereffective|p1a: Dragapult
|-end|p1a: Dragapult|Substitute
|
|-heal|p1a: Dragapult|78/100|[from] item: Leftovers
|upkeep
|turn|17
|
|t:|1666457675
|move|p1a: Dragapult|Dragon Dance|p1a: Dragapult
|-boost|p1a: Dragapult|atk|1
|-boost|p1a: Dragapult|spe|1
|move|p2a: noodle|Knock Off|p1a: Dragapult
|-supereffective|p1a: Dragapult
|-damage|p1a: Dragapult|22/100
|-enditem|p1a: Dragapult|Leftovers|[from] move: Knock Off|[of] p2a: noodle
|
|upkeep
|turn|18
|
|t:|1666457680
|move|p1a: Dragapult|Dragon Darts|p2a: noodle
|-damage|p2a: noodle|61/100
|-anim|p1a: Dragapult|Dragon Darts|p2a: noodle
|-damage|p2a: noodle|32/100
|move|p2a: noodle|Knock Off|p1a: Dragapult
|-supereffective|p1a: Dragapult
|-damage|p1a: Dragapult|0 fnt
|faint|p1a: Dragapult
|
|upkeep
|
|t:|1666457684
|switch|p1a: Rillaboom|Rillaboom, M|100/100
|-fieldstart|move: Grassy Terrain|[from] ability: Grassy Surge|[of] p1a: Rillaboom
|turn|19
|
|t:|1666457687
|switch|p2a: hellspawn|Slowking-Galar, F|100/100
|-damage|p2a: hellspawn|88/100|[from] Stealth Rock
|move|p1a: Rillaboom|Swords Dance|p1a: Rillaboom
|-boost|p1a: Rillaboom|atk|2
|
|-heal|p2a: hellspawn|94/100|[from] Grassy Terrain
|upkeep
|turn|20
|
|t:|1666457691
|move|p1a: Rillaboom|Knock Off|p2a: hellspawn
|-supereffective|p2a: hellspawn
|-damage|p2a: hellspawn|0 fnt
|-enditem|p2a: hellspawn|Assault Vest|[from] move: Knock Off|[of] p1a: Rillaboom
|faint|p2a: hellspawn
|-damage|p1a: Rillaboom|91/100|[from] item: Life Orb
|
|-heal|p1a: Rillaboom|97/100|[from] Grassy Terrain
|upkeep
|j| nightsuwu
|
|t:|1666457694
|switch|p2a: anana|Kartana|94/100
|-damage|p2a: anana|88/100|[from] Stealth Rock
|turn|21
|
|t:|1666457708
|move|p2a: anana|Smart Strike|p1a: Rillaboom
|-damage|p1a: Rillaboom|18/100
|move|p1a: Rillaboom|Drain Punch|p2a: anana
|-supereffective|p2a: anana
|-damage|p2a: anana|0 fnt
|-heal|p1a: Rillaboom|52/100|[from] drain|[of] p2a: anana
|faint|p2a: anana
|-damage|p1a: Rillaboom|42/100|[from] item: Life Orb
|
|-heal|p1a: Rillaboom|48/100|[from] Grassy Terrain
|upkeep
|
|t:|1666457717
|switch|p2a: noodle|Tangrowth, M|65/100
|-damage|p2a: noodle|53/100|[from] Stealth Rock
|turn|22
|
|t:|1666457725
|move|p1a: Rillaboom|Swords Dance|p1a: Rillaboom
|-boost|p1a: Rillaboom|atk|2
|move|p2a: noodle|Giga Drain|p1a: Rillaboom
|-resisted|p1a: Rillaboom
|-damage|p1a: Rillaboom|24/100
|-heal|p2a: noodle|63/100|[from] drain|[of] p1a: Rillaboom
|
|-heal|p1a: Rillaboom|30/100|[from] Grassy Terrain
|-heal|p2a: noodle|70/100|[from] Grassy Terrain
|upkeep
|turn|23
|
|t:|1666457730
|move|p1a: Rillaboom|Drain Punch|p2a: noodle
|-damage|p2a: noodle|17/100
|-heal|p1a: Rillaboom|61/100|[from] drain|[of] p2a: noodle
|-damage|p1a: Rillaboom|45/100|[from] item: Rocky Helmet|[of] p2a: noodle
|-damage|p1a: Rillaboom|35/100|[from] item: Life Orb
|move|p2a: noodle|Giga Drain|p1a: Rillaboom
|-resisted|p1a: Rillaboom
|-damage|p1a: Rillaboom|12/100
|-heal|p2a: noodle|26/100|[from] drain|[of] p1a: Rillaboom
|
|-heal|p1a: Rillaboom|18/100|[from] Grassy Terrain
|-heal|p2a: noodle|33/100|[from] Grassy Terrain
|-fieldend|move: Grassy Terrain
|upkeep
|turn|24
|
|t:|1666457737
|switch|p2a: bbb|Corviknight, F|32/100
|-damage|p2a: bbb|20/100|[from] Stealth Rock
|-ability|p2a: bbb|Pressure
|move|p1a: Rillaboom|Drain Punch|p2a: bbb
|-damage|p2a: bbb|0 fnt
|-heal|p1a: Rillaboom|29/100|[from] drain|[of] p2a: bbb
|faint|p2a: bbb
|-damage|p1a: Rillaboom|19/100|[from] item: Life Orb
|
|upkeep
|
|t:|1666457740
|switch|p2a: noodle|Tangrowth, M|66/100
|-damage|p2a: noodle|53/100|[from] Stealth Rock
|turn|25
|
|t:|1666457745
|move|p1a: Rillaboom|Knock Off|p2a: noodle
|-damage|p2a: noodle|0 fnt
|-damage|p1a: Rillaboom|3/100|[from] item: Rocky Helmet|[of] p2a: noodle
|-enditem|p2a: noodle|Rocky Helmet|[from] move: Knock Off|[of] p1a: Rillaboom
|faint|p2a: noodle
|-damage|p1a: Rillaboom|0 fnt|[from] item: Life Orb
|faint|p1a: Rillaboom
|
|win|HQSNonsense
|raw|HQSNonsense's rating: 1694 &rarr; <strong>1719</strong><br />(+25 for winning)
|raw|dd absol's rating: 1791 &rarr; <strong>1766</strong><br />(-25 for losing)
