|html|<div class="broadcast-blue"><strong>[Gen 8] OU is currently suspecting Melmetal! For information on how to participate check out the <a href="https://www.smogon.com/forums/threads/np-ss-ou-suspect-process-round-12-monster-mash.3709234/">suspect thread</a>.</strong></div>
|j|☆i know im horrible
|j|☆Outd dr orochi
|t:|1666514858
|gametype|singles
|player|p1|i know im horrible|266|1388
|player|p2|Outd dr orochi|doctor|1402
|teamsize|p1|6
|teamsize|p2|6
|gen|8
|tier|[Gen 8] OU
|rated|
|rule|Sleep Clause Mod: Limit one foe put to sleep
|rule|Species Clause: Limit one of each Pokémon
|rule|OHKO Clause: OHKO moves are banned
|rule|Evasion Items Clause: Evasion items are banned
|rule|Evasion Moves Clause: Evasion moves are banned
|rule|Endless Battle Clause: Forcing endless battles is banned
|rule|HP Percentage Mod: HP is shown in percentages
|rule|Dynamax Clause: You cannot dynamax
|clearpoke
|poke|p1|Tapu Koko|
|poke|p1|Regieleki|
|poke|p1|Klefki, M|
|poke|p1|Zeraora|
|poke|p1|Hawlucha, F|
|poke|p1|Dragonite, F|
|poke|p2|Dragapult, M|
|poke|p2|Rotom-Wash|
|poke|p2|Landorus-Therian, M|
|poke|p2|Melmetal|
|poke|p2|Weavile, M|
|poke|p2|Kartana|
|teampreview
|inactive|Battle timer is ON: inactive players will automatically lose when time's up. (requested by i know im horrible)
|
|t:|1666514880
|start
|switch|p1a: Klefki|Klefki, M|100/100
|switch|p2a: Fate|Melmetal, shiny|100/100
|turn|1
|
|t:|1666514887
|move|p1a: Klefki|Reflect|p1a: Klefki
|-sidestart|p1: i know im horrible|Reflect
|move|p2a: Fate|Double Iron Bash|p1a: Klefki
|-damage|p1a: Klefki|73/100
|-damage|p1a: Klefki|44/100
|-hitcount|p1a: Klefki|2
|
|upkeep
|turn|2
|
|t:|1666514899
|move|p1a: Klefki|Thunder Wave|p2a: Fate
|-status|p2a: Fate|par
|cant|p2a: Fate|par
|
|upkeep
|turn|3
|
|t:|1666514907
|move|p1a: Klefki|Spikes|p2a: Fate
|-sidestart|p2: Outd dr orochi|Spikes
|move|p2a: Fate|Double Iron Bash|p1a: Klefki
|-damage|p1a: Klefki|16/100
|-damage|p1a: Klefki|0 fnt
|faint|p1a: Klefki
|-hitcount|p1: Klefki|2
|
|upkeep
|
|t:|1666514919
|switch|p1a: Tapu Koko|Tapu Koko|100/100
|-fieldstart|move: Electric Terrain|[from] ability: Electric Surge|[of] p1a: Tapu Koko
|turn|4
|
|t:|1666514939
|move|p1a: Tapu Koko|Volt Switch|p2a: Fate
|-damage|p2a: Fate|59/100 par
|
|t:|1666514943
|switch|p1a: Zeraora|Zeraora|100/100|[from]move: Volt Switch
|move|p2a: Fate|Double Iron Bash|p1a: Zeraora
|-resisted|p1a: Zeraora
|-damage|p1a: Zeraora|73/100
|-resisted|p1a: Zeraora
|-damage|p1a: Zeraora|48/100
|-hitcount|p1a: Zeraora|2
|
|upkeep
|turn|5
|
|t:|1666514954
|move|p1a: Zeraora|Close Combat|p2a: Fate
|-supereffective|p2a: Fate
|-damage|p2a: Fate|20/100 par
|-unboost|p1a: Zeraora|def|1
|-unboost|p1a: Zeraora|spd|1
|move|p2a: Fate|Double Iron Bash|p1a: Zeraora
|-resisted|p1a: Zeraora
|-damage|p1a: Zeraora|8/100
|-resisted|p1a: Zeraora
|-damage|p1a: Zeraora|0 fnt
|faint|p1a: Zeraora
|-hitcount|p1: Zeraora|2
|
|-sideend|p1: i know im horrible|Reflect
|upkeep
|
|t:|1666514971
|switch|p1a: Hawlucha|Hawlucha, F|100/100
|-enditem|p1a: Hawlucha|Electric Seed
|-boost|p1a: Hawlucha|def|1|[from] item: Electric Seed
|turn|6
|
|t:|1666514979
|move|p1a: Hawlucha|Swords Dance|p1a: Hawlucha
|-boost|p1a: Hawlucha|atk|2
|move|p2a: Fate|Double Iron Bash|p1a: Hawlucha
|-damage|p1a: Hawlucha|52/100
|-damage|p1a: Hawlucha|7/100
|-hitcount|p1a: Hawlucha|2
|
|upkeep
|turn|7
|
|t:|1666514990
|move|p1a: Hawlucha|Swords Dance|p1a: Hawlucha
|-boost|p1a: Hawlucha|atk|2
|move|p2a: Fate|Double Iron Bash|p1a: Hawlucha
|-damage|p1a: Hawlucha|0 fnt
|faint|p1a: Hawlucha
|-hitcount|p1: Hawlucha|1
|
|upkeep
|-message|i know im horrible forfeited.
|
|win|Outd dr orochi
|raw|i know im horrible's rating: 1388 &rarr; <strong>1369</strong><br />(-19 for losing)
|raw|Outd dr orochi's rating: 1402 &rarr; <strong>1421</strong><br />(+19 for winning)
|l|☆i know im horrible
