|j|☆xux欧风xx
|j|☆d18l
|t:|1661393643
|gametype|singles
|player|p1|xux欧风xx|ingo|1736
|player|p2|d18l|backpacker|1786
|teamsize|p1|6
|teamsize|p2|6
|gen|8
|tier|[Gen 8] OU
|rated|
|rule|Sleep Clause Mod: Limit one foe put to sleep
|rule|Species Clause: Limit one of each Pokémon
|rule|OHKO Clause: OHKO moves are banned
|rule|Evasion Items Clause: Evasion items are banned
|rule|Evasion Moves Clause: Evasion moves are banned
|rule|Endless Battle Clause: Forcing endless battles is banned
|rule|HP Percentage Mod: HP is shown in percentages
|rule|Dynamax Clause: You cannot dynamax
|clearpoke
|poke|p1|Buzzwole|
|poke|p1|Zapdos|
|poke|p1|Garchomp, F|
|poke|p1|Slowking-Galar, M|
|poke|p1|Tyranitar, M|
|poke|p1|Ferrothorn, M|
|poke|p2|Tapu Koko|
|poke|p2|Victini|
|poke|p2|Landorus-Therian, M|
|poke|p2|Tornadus-Therian, M|
|poke|p2|Rotom-Wash|
|poke|p2|Ferrothorn, M|
|teampreview
|
|t:|1661393668
|start
|switch|p1a: 特耐受向地龙|Garchomp, F|100/100
|switch|p2a: Landorus|Landorus-Therian, M|100/100
|-ability|p2a: Landorus|Intimidate|boost
|-unboost|p1a: 特耐受向地龙|atk|1
|turn|1
|
|t:|1661393679
|switch|p1a: 神|Ferrothorn, M, shiny|100/100
|move|p2a: Landorus|Toxic|p1a: 神
|-immune|p1a: 神
|
|upkeep
|turn|2
|
|t:|1661393687
|switch|p2a: Ferrothorn|Ferrothorn, M|100/100
|move|p1a: 神|Knock Off|p2a: Ferrothorn
|-damage|p2a: Ferrothorn|89/100
|-damage|p1a: 神|88/100|[from] ability: Iron Barbs|[of] p2a: Ferrothorn
|-damage|p1a: 神|72/100|[from] item: Rocky Helmet|[of] p2a: Ferrothorn
|-enditem|p2a: Ferrothorn|Rocky Helmet|[from] move: Knock Off|[of] p1a: 神
|
|-heal|p1a: 神|78/100|[from] item: Leftovers
|upkeep
|turn|3
|
|t:|1661393701
|move|p1a: 神|Stealth Rock|p2a: Ferrothorn
|-sidestart|p2: d18l|move: Stealth Rock
|move|p2a: Ferrothorn|Body Press|p1a: 神
|-supereffective|p1a: 神
|-damage|p1a: 神|33/100
|-damage|p2a: Ferrothorn|77/100|[from] ability: Iron Barbs|[of] p1a: 神
|
|-heal|p1a: 神|39/100|[from] item: Leftovers
|upkeep
|turn|4
|
|t:|1661393707
|switch|p1a: Buzzwole|Buzzwole|100/100
|move|p2a: Ferrothorn|Stealth Rock|p1a: Buzzwole
|-sidestart|p1: xux欧风xx|move: Stealth Rock
|
|upkeep
|turn|5
|
|t:|1661393720
|switch|p2a: Victini|Victini|100/100
|move|p1a: Buzzwole|Toxic|p2a: Victini
|-status|p2a: Victini|tox
|
|-damage|p2a: Victini|94/100 tox|[from] psn
|upkeep
|turn|6
|
|t:|1661393736
|move|p2a: Victini|U-turn|p1a: Buzzwole
|-resisted|p1a: Buzzwole
|-damage|p1a: Buzzwole|94/100
|-damage|p2a: Victini|78/100 tox|[from] item: Rocky Helmet|[of] p1a: Buzzwole
|
|t:|1661393742
|switch|p2a: Tornadus|Tornadus-Therian, M|100/100|[from]move: U-turn
|-damage|p2a: Tornadus|76/100|[from] Stealth Rock
|move|p1a: Buzzwole|Roost|p1a: Buzzwole
|-heal|p1a: Buzzwole|100/100
|-singleturn|p1a: Buzzwole|move: Roost
|
|upkeep
|turn|7
|
|t:|1661393763
|switch|p1a: Zapdos|Zapdos, shiny|100/100
|move|p2a: Tornadus|Knock Off|p1a: Zapdos
|-damage|p1a: Zapdos|80/100
|-enditem|p1a: Zapdos|Heavy-Duty Boots|[from] move: Knock Off|[of] p2a: Tornadus
|
|upkeep
|turn|8
|
|t:|1661393771
|switch|p2a: Tapu Koko|Tapu Koko|100/100
|-damage|p2a: Tapu Koko|88/100|[from] Stealth Rock
|-fieldstart|move: Electric Terrain|[from] ability: Electric Surge|[of] p2a: Tapu Koko
|move|p1a: Zapdos|Hurricane|p2a: Tapu Koko
|-resisted|p2a: Tapu Koko
|-damage|p2a: Tapu Koko|53/100
|
|upkeep
|turn|9
|
|t:|1661393780
|switch|p1a: 力度意外的高|Slowking-Galar, M|100/100
|-damage|p1a: 力度意外的高|88/100|[from] Stealth Rock
|move|p2a: Tapu Koko|Thunderbolt|p1a: 力度意外的高
|-crit|p1a: 力度意外的高
|-damage|p1a: 力度意外的高|33/100
|
|upkeep
|turn|10
|
|t:|1661393785
|move|p2a: Tapu Koko|Thunderbolt|p1a: 力度意外的高
|-damage|p1a: 力度意外的高|0 fnt
|faint|p1a: 力度意外的高
|
|upkeep
|
|t:|1661393789
|switch|p1a: 特耐受向地龙|Garchomp, F|100/100
|-damage|p1a: 特耐受向地龙|94/100|[from] Stealth Rock
|turn|11
|
|t:|1661393813
|switch|p2a: Landorus|Landorus-Therian, M|100/100
|-damage|p2a: Landorus|88/100|[from] Stealth Rock
|-ability|p2a: Landorus|Intimidate|boost
|-unboost|p1a: 特耐受向地龙|atk|1
|move|p1a: 特耐受向地龙|Stone Edge|p2a: Landorus
|-damage|p2a: Landorus|67/100
|
|-heal|p2a: Landorus|73/100|[from] item: Leftovers
|upkeep
|turn|12
|
|t:|1661393826
|switch|p1a: 神|Ferrothorn, M, shiny|39/100
|-damage|p1a: 神|33/100|[from] Stealth Rock
|move|p2a: Landorus|Toxic|p1a: 神
|-immune|p1a: 神
|
|-heal|p2a: Landorus|79/100|[from] item: Leftovers
|-heal|p1a: 神|39/100|[from] item: Leftovers
|-fieldend|move: Electric Terrain
|upkeep
|turn|13
|
|t:|1661393831
|move|p2a: Landorus|Earthquake|p1a: 神
|-damage|p1a: 神|2/100
|move|p1a: 神|Leech Seed|p2a: Landorus
|-start|p2a: Landorus|move: Leech Seed
|
|-heal|p2a: Landorus|85/100|[from] item: Leftovers
|-heal|p1a: 神|8/100|[from] item: Leftovers
|-damage|p2a: Landorus|73/100|[from] Leech Seed|[of] p1a: 神
|-heal|p1a: 神|21/100|[silent]
|upkeep
|turn|14
|
|t:|1661393839
|move|p1a: 神|Protect|p1a: 神
|-singleturn|p1a: 神|Protect
|move|p2a: Landorus|U-turn|p1a: 神
|-activate|p1a: 神|move: Protect
|
|-heal|p2a: Landorus|79/100|[from] item: Leftovers
|-heal|p1a: 神|27/100|[from] item: Leftovers
|-damage|p2a: Landorus|66/100|[from] Leech Seed|[of] p1a: 神
|-heal|p1a: 神|41/100|[silent]
|upkeep
|turn|15
|
|t:|1661393847
|switch|p2a: Ferrothorn|Ferrothorn, M|77/100
|-damage|p2a: Ferrothorn|71/100|[from] Stealth Rock
|move|p1a: 神|Knock Off|p2a: Ferrothorn
|-damage|p2a: Ferrothorn|63/100
|-damage|p1a: 神|28/100|[from] ability: Iron Barbs|[of] p2a: Ferrothorn
|
|-heal|p1a: 神|35/100|[from] item: Leftovers
|upkeep
|turn|16
|
|t:|1661393856
|switch|p1a: Buzzwole|Buzzwole|100/100
|-damage|p1a: Buzzwole|88/100|[from] Stealth Rock
|move|p2a: Ferrothorn|Body Press|p1a: Buzzwole
|-resisted|p1a: Buzzwole
|-damage|p1a: Buzzwole|77/100
|-damage|p2a: Ferrothorn|46/100|[from] item: Rocky Helmet|[of] p1a: Buzzwole
|
|upkeep
|turn|17
|
|t:|1661393864
|switch|p2a: Tornadus|Tornadus-Therian, M|100/100
|-damage|p2a: Tornadus|76/100|[from] Stealth Rock
|move|p1a: Buzzwole|Ice Punch|p2a: Tornadus
|-supereffective|p2a: Tornadus
|-damage|p2a: Tornadus|24/100
|
|upkeep
|turn|18
|j| twmdmjma25
|j| TygoJokes
|l| twmdmjma25
|j| twmdmjma25
|l| twmdmjma25
|l| TygoJokes
|
|t:|1661393897
|switch|p1a: Zapdos|Zapdos, shiny|80/100
|-damage|p1a: Zapdos|55/100|[from] Stealth Rock
|move|p2a: Tornadus|U-turn|p1a: Zapdos
|-resisted|p1a: Zapdos
|-damage|p1a: Zapdos|48/100
|j| Hjknjn
|
|t:|1661393906
|switch|p2a: Tapu Koko|Tapu Koko|53/100|[from]move: U-turn
|-damage|p2a: Tapu Koko|40/100|[from] Stealth Rock
|-fieldstart|move: Electric Terrain|[from] ability: Electric Surge|[of] p2a: Tapu Koko
|
|upkeep
|turn|19
|
|t:|1661393927
|switch|p1a: 神|Ferrothorn, M, shiny|35/100
|-damage|p1a: 神|28/100|[from] Stealth Rock
|move|p2a: Tapu Koko|Dazzling Gleam|p1a: 神
|-resisted|p1a: 神
|-damage|p1a: 神|12/100
|
|-heal|p1a: 神|18/100|[from] item: Leftovers
|upkeep
|turn|20
|
|t:|1661393934
|switch|p2a: Victini|Victini|78/100 tox
|move|p1a: 神|Leech Seed|p2a: Victini
|-start|p2a: Victini|move: Leech Seed
|
|-heal|p1a: 神|24/100|[from] item: Leftovers
|-damage|p2a: Victini|66/100 tox|[from] Leech Seed|[of] p1a: 神
|-heal|p1a: 神|36/100|[silent]
|-damage|p2a: Victini|59/100 tox|[from] psn
|upkeep
|turn|21
|
|t:|1661393944
|switch|p2a: Ferrothorn|Ferrothorn, M|46/100
|-damage|p2a: Ferrothorn|40/100|[from] Stealth Rock
|move|p1a: 神|Protect||[still]
|-fail|p1a: 神
|
|-heal|p1a: 神|42/100|[from] item: Leftovers
|upkeep
|turn|22
|
|t:|1661393950
|switch|p1a: Buzzwole|Buzzwole|77/100
|-damage|p1a: Buzzwole|65/100|[from] Stealth Rock
|move|p2a: Ferrothorn|Leech Seed|p1a: Buzzwole
|-start|p1a: Buzzwole|move: Leech Seed
|
|-damage|p1a: Buzzwole|52/100|[from] Leech Seed|[of] p2a: Ferrothorn
|-heal|p2a: Ferrothorn|53/100|[silent]
|-fieldend|move: Electric Terrain
|upkeep
|turn|23
|j| Venositile
|
|t:|1661393956
|switch|p2a: Victini|Victini|59/100 tox
|move|p1a: Buzzwole|Close Combat|p2a: Victini
|-resisted|p2a: Victini
|-damage|p2a: Victini|29/100 tox
|-unboost|p1a: Buzzwole|def|1
|-unboost|p1a: Buzzwole|spd|1
|
|-damage|p1a: Buzzwole|40/100|[from] Leech Seed|[of] p2a: Victini
|-heal|p2a: Victini|42/100 tox|[silent]
|-damage|p2a: Victini|36/100 tox|[from] psn
|upkeep
|turn|24
|l| Venositile
|
|t:|1661394003
|switch|p1a: 特耐受向地龙|Garchomp, F|94/100
|-damage|p1a: 特耐受向地龙|88/100|[from] Stealth Rock
|move|p2a: Victini|V-create|p1a: 特耐受向地龙
|-resisted|p1a: 特耐受向地龙
|-damage|p1a: 特耐受向地龙|51/100
|-unboost|p2a: Victini|spe|1
|-unboost|p2a: Victini|def|1
|-unboost|p2a: Victini|spd|1
|-damage|p2a: Victini|24/100 tox|[from] ability: Rough Skin|[of] p1a: 特耐受向地龙
|
|-damage|p2a: Victini|11/100 tox|[from] psn
|upkeep
|turn|25
|inactive|Battle timer is ON: inactive players will automatically lose when time's up. (requested by d18l)
|
|t:|1661394051
|switch|p2a: Landorus|Landorus-Therian, M|66/100
|-damage|p2a: Landorus|54/100|[from] Stealth Rock
|-ability|p2a: Landorus|Intimidate|boost
|-unboost|p1a: 特耐受向地龙|atk|1
|move|p1a: 特耐受向地龙|Stone Edge|p2a: Landorus
|-crit|p2a: Landorus
|-damage|p2a: Landorus|9/100
|
|-heal|p2a: Landorus|15/100|[from] item: Leftovers
|upkeep
|turn|26
|
|t:|1661394060
|switch|p2a: Ferrothorn|Ferrothorn, M|53/100
|-damage|p2a: Ferrothorn|47/100|[from] Stealth Rock
|move|p1a: 特耐受向地龙|Stone Edge|p2a: Ferrothorn
|-resisted|p2a: Ferrothorn
|-damage|p2a: Ferrothorn|40/100
|
|upkeep
|turn|27
|
|t:|1661394064
|switch|p1a: Buzzwole|Buzzwole|40/100
|-damage|p1a: Buzzwole|28/100|[from] Stealth Rock
|move|p2a: Ferrothorn|Leech Seed|p1a: Buzzwole
|-start|p1a: Buzzwole|move: Leech Seed
|
|-damage|p1a: Buzzwole|15/100|[from] Leech Seed|[of] p2a: Ferrothorn
|-heal|p2a: Ferrothorn|52/100|[silent]
|upkeep
|turn|28
|
|t:|1661394072
|switch|p2a: Victini|Victini|11/100 tox
|move|p1a: Buzzwole|Roost|p1a: Buzzwole
|-heal|p1a: Buzzwole|65/100
|-singleturn|p1a: Buzzwole|move: Roost
|
|-damage|p1a: Buzzwole|53/100|[from] Leech Seed|[of] p2a: Victini
|-heal|p2a: Victini|24/100 tox|[silent]
|-damage|p2a: Victini|18/100 tox|[from] psn
|upkeep
|turn|29
|
|t:|1661394088
|move|p2a: Victini|V-create|p1a: Buzzwole
|-supereffective|p1a: Buzzwole
|-damage|p1a: Buzzwole|0 fnt
|-unboost|p2a: Victini|spe|1
|-unboost|p2a: Victini|def|1
|-unboost|p2a: Victini|spd|1
|-damage|p2a: Victini|2/100 tox|[from] item: Rocky Helmet|[of] p1a: Buzzwole
|faint|p1a: Buzzwole
|
|-damage|p2a: Victini|0 fnt|[from] psn
|faint|p2a: Victini
|upkeep
|
|t:|1661394093
|switch|p2a: Rotom|Rotom-Wash|100/100
|switch|p1a: 特耐受向地龙|Garchomp, F|51/100
|-damage|p1a: 特耐受向地龙|44/100|[from] Stealth Rock
|-damage|p2a: Rotom|88/100|[from] Stealth Rock
|turn|30
|
|t:|1661394099
|switch|p1a: Zapdos|Zapdos, shiny|48/100
|-damage|p1a: Zapdos|23/100|[from] Stealth Rock
|move|p2a: Rotom|Will-O-Wisp|p1a: Zapdos
|-status|p1a: Zapdos|brn
|
|-damage|p1a: Zapdos|17/100 brn|[from] brn
|upkeep
|turn|31
|
|t:|1661394105
|move|p1a: Zapdos|Roost|p1a: Zapdos
|-heal|p1a: Zapdos|67/100 brn
|-singleturn|p1a: Zapdos|move: Roost
|move|p2a: Rotom|Hydro Pump|p1a: Zapdos
|-damage|p1a: Zapdos|28/100 brn
|
|-damage|p1a: Zapdos|22/100 brn|[from] brn
|upkeep
|turn|32
|
|t:|1661394111
|move|p1a: Zapdos|Roost|p1a: Zapdos
|-heal|p1a: Zapdos|72/100 brn
|-singleturn|p1a: Zapdos|move: Roost
|move|p2a: Rotom|Volt Switch|p1a: Zapdos
|-resisted|p1a: Zapdos
|-damage|p1a: Zapdos|59/100 brn
|
|t:|1661394115
|switch|p2a: Tapu Koko|Tapu Koko|40/100|[from]move: Volt Switch
|-damage|p2a: Tapu Koko|28/100|[from] Stealth Rock
|-fieldstart|move: Electric Terrain|[from] ability: Electric Surge|[of] p2a: Tapu Koko
|
|-damage|p1a: Zapdos|53/100 brn|[from] brn
|upkeep
|turn|33
|
|t:|1661394123
|switch|p1a: 神|Ferrothorn, M, shiny|42/100
|-damage|p1a: 神|36/100|[from] Stealth Rock
|move|p2a: Tapu Koko|Volt Switch|p1a: 神
|-resisted|p1a: 神
|-damage|p1a: 神|17/100
|
|t:|1661394131
|switch|p2a: Tornadus|Tornadus-Therian, M|57/100|[from]move: Volt Switch
|-damage|p2a: Tornadus|32/100|[from] Stealth Rock
|
|-heal|p1a: 神|23/100|[from] item: Leftovers
|upkeep
|turn|34
|
|t:|1661394140
|switch|p1a: Zapdos|Zapdos, shiny|53/100 brn
|-damage|p1a: Zapdos|28/100 brn|[from] Stealth Rock
|move|p2a: Tornadus|Heat Wave|p1a: Zapdos
|-damage|p1a: Zapdos|4/100 brn
|
|-damage|p1a: Zapdos|0 fnt|[from] brn
|faint|p1a: Zapdos
|upkeep
|
|t:|1661394152
|switch|p1a: Tyranitar|Tyranitar, M, shiny|100/100
|-damage|p1a: Tyranitar|88/100|[from] Stealth Rock
|-weather|Sandstorm|[from] ability: Sand Stream|[of] p1a: Tyranitar
|turn|35
|
|t:|1661394173
|move|p2a: Tornadus|U-turn|p1a: Tyranitar
|-supereffective|p1a: Tyranitar
|-damage|p1a: Tyranitar|61/100
|
|t:|1661394176
|switch|p2a: Landorus|Landorus-Therian, M|15/100|[from]move: U-turn
|-damage|p2a: Landorus|2/100|[from] Stealth Rock
|-ability|p2a: Landorus|Intimidate|boost
|-unboost|p1a: Tyranitar|atk|1
|move|p1a: Tyranitar|Crunch|p2a: Landorus
|-damage|p2a: Landorus|0 fnt
|faint|p2a: Landorus
|
|-weather|Sandstorm|[upkeep]
|upkeep
|
|t:|1661394191
|switch|p2a: Tapu Koko|Tapu Koko|28/100
|-damage|p2a: Tapu Koko|15/100|[from] Stealth Rock
|turn|36
|
|t:|1661394200
|switch|p1a: 神|Ferrothorn, M, shiny|23/100
|-damage|p1a: 神|17/100|[from] Stealth Rock
|move|p2a: Tapu Koko|Dazzling Gleam|p1a: 神
|-resisted|p1a: 神
|-damage|p1a: 神|1/100
|
|-weather|Sandstorm|[upkeep]
|-damage|p2a: Tapu Koko|9/100|[from] Sandstorm
|-heal|p1a: 神|8/100|[from] item: Leftovers
|-fieldend|move: Electric Terrain
|upkeep
|turn|37
|
|t:|1661394206
|move|p1a: 神|Protect|p1a: 神
|-singleturn|p1a: 神|Protect
|move|p2a: Tapu Koko|Dazzling Gleam|p1a: 神
|-activate|p1a: 神|move: Protect
|
|-weather|Sandstorm|[upkeep]
|-damage|p2a: Tapu Koko|3/100|[from] Sandstorm
|-heal|p1a: 神|14/100|[from] item: Leftovers
|upkeep
|turn|38
|
|t:|1661394225
|move|p1a: 神|Protect||[still]
|-fail|p1a: 神
|move|p2a: Tapu Koko|Dazzling Gleam|p1a: 神
|-resisted|p1a: 神
|-damage|p1a: 神|0 fnt
|faint|p1a: 神
|
|-weather|Sandstorm|[upkeep]
|-damage|p2a: Tapu Koko|0 fnt|[from] Sandstorm
|faint|p2a: Tapu Koko
|upkeep
|
|t:|1661394233
|switch|p2a: Tornadus|Tornadus-Therian, M|65/100
|switch|p1a: 特耐受向地龙|Garchomp, F|44/100
|-damage|p1a: 特耐受向地龙|38/100|[from] Stealth Rock
|-damage|p2a: Tornadus|40/100|[from] Stealth Rock
|turn|39
|
|t:|1661394240
|move|p1a: 特耐受向地龙|Dragon Claw|p2a: Tornadus
|-damage|p2a: Tornadus|0 fnt
|faint|p2a: Tornadus
|
|-weather|none
|upkeep
|
|t:|1661394245
|switch|p2a: Ferrothorn|Ferrothorn, M|52/100
|-damage|p2a: Ferrothorn|46/100|[from] Stealth Rock
|turn|40
|
|t:|1661394251
|move|p1a: 特耐受向地龙|Dragon Claw|p2a: Ferrothorn
|-resisted|p2a: Ferrothorn
|-damage|p2a: Ferrothorn|34/100
|-damage|p1a: 特耐受向地龙|26/100|[from] ability: Iron Barbs|[of] p2a: Ferrothorn
|move|p2a: Ferrothorn|Body Press|p1a: 特耐受向地龙
|-damage|p1a: 特耐受向地龙|0 fnt
|-damage|p2a: Ferrothorn|22/100|[from] ability: Rough Skin|[of] p1a: 特耐受向地龙
|faint|p1a: 特耐受向地龙
|
|upkeep
|
|t:|1661394254
|switch|p1a: Tyranitar|Tyranitar, M, shiny|61/100
|-damage|p1a: Tyranitar|49/100|[from] Stealth Rock
|-weather|Sandstorm|[from] ability: Sand Stream|[of] p1a: Tyranitar
|turn|41
|
|t:|1661394256
|move|p1a: Tyranitar|Crunch|p2a: Ferrothorn
|-damage|p2a: Ferrothorn|0 fnt
|-damage|p1a: Tyranitar|37/100|[from] ability: Iron Barbs|[of] p2a: Ferrothorn
|faint|p2a: Ferrothorn
|
|-weather|Sandstorm|[upkeep]
|upkeep
|
|t:|1661394258
|switch|p2a: Rotom|Rotom-Wash|88/100
|-damage|p2a: Rotom|76/100|[from] Stealth Rock
|turn|42
|
|t:|1661394261
|move|p2a: Rotom|Hydro Pump|p1a: Tyranitar
|-supereffective|p1a: Tyranitar
|-damage|p1a: Tyranitar|0 fnt
|faint|p1a: Tyranitar
|
|win|d18l
|raw|xux欧风xx's rating: 1736 &rarr; <strong>1719</strong><br />(-17 for losing)
|raw|d18l's rating: 1786 &rarr; <strong>1803</strong><br />(+17 for winning)
|l|☆xux欧风xx
||Ladder isn't responding, score probably updated but might not have (Request timeout).
