|j|☆Envied
|j|☆SuperTheoryBros
|t:|1610831395
|player|p1|Envied|1|1811
|player|p2|SuperTheoryBros|102|1728
|teamsize|p1|6
|teamsize|p2|6
|gametype|singles
|gen|8
|tier|[Gen 8] OU
|rated|
|clearpoke
|poke|p1|Heatran, F|
|poke|p1|Blissey, F|
|poke|p1|Slowbro, M|
|poke|p1|Rhyperior, F|
|poke|p1|Zapdos|
|poke|p1|Mew|
|poke|p2|Tyranitar, F|
|poke|p2|Excadrill, M|
|poke|p2|Tornadus-Therian, M|
|poke|p2|Tangrowth, M|
|poke|p2|Slowking, F|
|poke|p2|Dracozolt|
|rule|Sleep Clause Mod: Limit one foe put to sleep
|rule|Species Clause: Limit one of each Pokémon
|rule|OHKO Clause: OHKO moves are banned
|rule|Evasion Moves Clause: Evasion moves are banned
|rule|Endless Battle Clause: Forcing endless battles is banned
|rule|HP Percentage Mod: HP is shown in percentages
|rule|Dynamax Clause: You cannot dynamax
|teampreview
|inactive|Battle timer is ON: inactive players will automatically lose when time's up. (requested by SuperTheoryBros)
|j| magict7t
|
|t:|1610831425
|start
|switch|p1a: Heatran|Heatran, F|100/100
|switch|p2a: Tyranitar|Tyranitar, F|100/100
|-weather|Sandstorm|[from] ability: Sand Stream|[of] p2a: Tyranitar
|turn|1
|
|t:|1610831436
|move|p1a: Heatran|Stealth Rock|p2a: Tyranitar
|-sidestart|p2: SuperTheoryBros|move: Stealth Rock
|move|p2a: Tyranitar|Stealth Rock|p1a: Heatran
|-sidestart|p1: Envied|move: Stealth Rock
|
|-weather|Sandstorm|[upkeep]
|upkeep
|turn|2
|j| Category Colossal
|
|t:|1610831447
|switch|p2a: Slowking|Slowking, F|100/100
|move|p1a: Heatran|Toxic|p2a: Slowking
|-status|p2a: Slowking|tox
|
|-weather|Sandstorm|[upkeep]
|-damage|p2a: Slowking|94/100 tox|[from] Sandstorm
|-damage|p2a: Slowking|88/100 tox|[from] psn
|upkeep
|turn|3
|
|t:|1610831462
|move|p1a: Heatran|Magma Storm|p2a: Slowking
|-resisted|p2a: Slowking
|-damage|p2a: Slowking|71/100 tox
|-activate|p2a: Slowking|move: Magma Storm|[of] p1a: Heatran
|move|p2a: Slowking|Future Sight|p1a: Heatran
|-start|p2a: Slowking|move: Future Sight
|
|-weather|Sandstorm|[upkeep]
|-damage|p2a: Slowking|65/100 tox|[from] Sandstorm
|-damage|p2a: Slowking|53/100 tox|[from] psn
|-damage|p2a: Slowking|40/100 tox|[from] move: Magma Storm|[partiallytrapped]
|upkeep
|turn|4
|
|t:|1610831474
|move|p1a: Heatran|Protect|p1a: Heatran
|-singleturn|p1a: Heatran|Protect
|move|p2a: Slowking|Scald|p1a: Heatran
|-activate|p1a: Heatran|move: Protect
|
|-weather|Sandstorm|[upkeep]
|-damage|p2a: Slowking|34/100 tox|[from] Sandstorm
|-damage|p2a: Slowking|16/100 tox|[from] psn
|-damage|p2a: Slowking|3/100 tox|[from] move: Magma Storm|[partiallytrapped]
|upkeep
|turn|5
|
|t:|1610831489
|move|p1a: Heatran|Magma Storm|p2a: Slowking
|-resisted|p2a: Slowking
|-damage|p2a: Slowking|0 fnt
|faint|p2a: Slowking
|
|-weather|Sandstorm|[upkeep]
|-end|p1a: Heatran|move: Future Sight
|-resisted|p1a: Heatran
|-damage|p1a: Heatran|84/100
|-heal|p1a: Heatran|90/100|[from] item: Leftovers
|upkeep
|j| D-H/347
|
|t:|1610831495
|switch|p2a: Excadrill|Excadrill, M|100/100
|-damage|p2a: Excadrill|97/100|[from] Stealth Rock
|turn|6
|
|t:|1610831504
|switch|p1a: Slowbro|Slowbro, M|100/100
|-damage|p1a: Slowbro|88/100|[from] Stealth Rock
|move|p2a: Excadrill|Toxic|p1a: Slowbro|[miss]
|-miss|p2a: Excadrill|p1a: Slowbro
|
|-weather|Sandstorm|[upkeep]
|-damage|p1a: Slowbro|82/100|[from] Sandstorm
|-heal|p2a: Excadrill|100/100|[from] item: Leftovers
|upkeep
|turn|7
|
|t:|1610831523
|switch|p2a: Tangrowth|Tangrowth, M|100/100
|-damage|p2a: Tangrowth|88/100|[from] Stealth Rock
|move|p1a: Slowbro|Trick Room|p1a: Slowbro
|-fieldstart|move: Trick Room|[of] p1a: Slowbro
|
|-weather|Sandstorm|[upkeep]
|-damage|p1a: Slowbro|76/100|[from] Sandstorm
|-damage|p2a: Tangrowth|82/100|[from] Sandstorm
|upkeep
|turn|8
|
|t:|1610831534
|switch|p1a: Zapdos|Zapdos|100/100
|move|p2a: Tangrowth|Sleep Powder|p1a: Zapdos
|-status|p1a: Zapdos|slp|[from] move: Sleep Powder
|
|-weather|none
|upkeep
|turn|9
|
|t:|1610831553
|switch|p2a: Tyranitar|Tyranitar, F|100/100
|-damage|p2a: Tyranitar|88/100|[from] Stealth Rock
|-weather|Sandstorm|[from] ability: Sand Stream|[of] p2a: Tyranitar
|switch|p1a: Rhyperior|Rhyperior, F|100/100
|-damage|p1a: Rhyperior|94/100|[from] Stealth Rock
|
|-weather|Sandstorm|[upkeep]
|upkeep
|turn|10
|-message|SuperTheoryBros forfeited.
|
|win|Envied
|l|☆SuperTheoryBros
