|raw|<div class="broadcast-blue"><strong>This battle is required to be public due to a player having a name starting with 'lt91bb'.</div>
|j|☆Highv0ltag3
|j|☆LT91BB animefan
|t:|1659101694
|gametype|singles
|player|p1|Highv0ltag3|volo|1809
|player|p2|LT91BB animefan|170|2020
|teamsize|p1|6
|teamsize|p2|6
|gen|8
|tier|[Gen 8] OU
|rated|
|rule|Sleep Clause Mod: Limit one foe put to sleep
|rule|Species Clause: Limit one of each Pokémon
|rule|OHKO Clause: OHKO moves are banned
|rule|Evasion Moves Clause: Evasion moves are banned
|rule|Endless Battle Clause: Forcing endless battles is banned
|rule|HP Percentage Mod: HP is shown in percentages
|rule|Dynamax Clause: You cannot dynamax
|clearpoke
|poke|p1|Magnezone|
|poke|p1|Espeon, F|
|poke|p1|Corviknight, M|
|poke|p1|Toxapex, M|
|poke|p1|Quagsire, F|
|poke|p1|Chansey, F|
|poke|p2|Cresselia, F|
|poke|p2|Clefable, M|
|poke|p2|Quagsire, M|
|poke|p2|Skarmory, F|
|poke|p2|Zapdos|
|poke|p2|Toxapex, F|
|teampreview
|inactive|Battle timer is ON: inactive players will automatically lose when time's up. (requested by LT91BB animefan)
|c|☆LT91BB animefan|hf
|c|☆Highv0ltag3|Wait
|c|☆Highv0ltag3|Is this fardin
|c|☆LT91BB animefan|n
|j| ACII
|j| yovan33321
|inactive|Highv0ltag3 has 120 seconds left.
|c|☆Highv0ltag3|Hmm u kinda sus for using his team
|j|@ironwater
|c|☆LT91BB animefan|why
|
|t:|1659101735
|start
|switch|p1a: Magnezone|Magnezone|100/100
|switch|p2a: Toxapex|Toxapex, F|100/100
|turn|1
|
|t:|1659101742
|switch|p2a: Quagsire|Quagsire, M|100/100
|move|p1a: Magnezone|Discharge|p2a: Quagsire
|-immune|p2a: Quagsire
|
|upkeep
|turn|2
|
|t:|1659101747
|switch|p1a: Chansey|Chansey, F|100/100
|move|p2a: Quagsire|Scald|p1a: Chansey
|-damage|p1a: Chansey|95/100
|
|upkeep
|turn|3
|j| Player of Cards
|j| lt91bb bj
|
|t:|1659101758
|switch|p2a: Toxapex|Toxapex, F|100/100
|move|p1a: Chansey|Stealth Rock|p2a: Toxapex
|-sidestart|p2: LT91BB animefan|move: Stealth Rock
|
|upkeep
|turn|4
|
|t:|1659101763
|switch|p1a: Toxapex|Toxapex, M|100/100
|move|p2a: Toxapex|Knock Off|p1a: Toxapex
|-damage|p1a: Toxapex|90/100
|-enditem|p1a: Toxapex|Black Sludge|[from] move: Knock Off|[of] p2a: Toxapex
|
|upkeep
|turn|5
|j|+keys
|
|t:|1659101774
|switch|p2a: Clefable|Clefable, M|100/100
|move|p1a: Toxapex|Knock Off|p2a: Clefable
|-resisted|p2a: Clefable
|-damage|p2a: Clefable|94/100
|
|-damage|p1a: Toxapex|78/100|[from] item: Sticky Barb
|upkeep
|turn|6
|j| Beka
|j| sup kid
|
|t:|1659101789
|switch|p2a: Toxapex|Toxapex, F|100/100
|-damage|p2a: Toxapex|88/100|[from] Stealth Rock
|move|p1a: Toxapex|Scald|p2a: Toxapex
|-resisted|p2a: Toxapex
|-damage|p2a: Toxapex|83/100
|
|-damage|p1a: Toxapex|65/100|[from] item: Sticky Barb
|upkeep
|turn|7
|j| LT91BB Dasmer
|
|t:|1659101801
|move|p2a: Toxapex|Toxic Spikes|p1a: Toxapex
|-sidestart|p1: Highv0ltag3|move: Toxic Spikes
|move|p1a: Toxapex|Knock Off|p2a: Toxapex
|-damage|p2a: Toxapex|72/100
|-enditem|p2a: Toxapex|Shed Shell|[from] move: Knock Off|[of] p1a: Toxapex
|
|-damage|p1a: Toxapex|53/100|[from] item: Sticky Barb
|upkeep
|turn|8
|l| sup kid
|j| LT91BB skyfans
|j| LT91BB CT
|j| opela
|
|t:|1659101807
|switch|p2a: Clefable|Clefable, M|94/100
|switch|p1a: Corviknight|Corviknight, M|100/100
|-ability|p1a: Corviknight|Pressure
|
|upkeep
|turn|9
|j| Acura RL
|
|t:|1659101814
|switch|p1a: Toxapex|Toxapex, M|86/100
|-sideend|p1: Highv0ltag3|move: Toxic Spikes|[of] p1a: Toxapex
|switch|p2a: Zapdos|Zapdos|100/100
|-ability|p2a: Zapdos|Pressure
|
|-damage|p1a: Toxapex|74/100|[from] item: Sticky Barb
|upkeep
|turn|10
|
|t:|1659101818
|switch|p1a: Chansey|Chansey, F|95/100
|move|p2a: Zapdos|Volt Switch|p1a: Chansey
|-damage|p1a: Chansey|85/100
|
|t:|1659101823
|switch|p2a: Clefable|Clefable, M|94/100|[from]move: Volt Switch
|
|upkeep
|turn|11
|j| reionatro
|j| turtledoggo1
|j| longhiep341
|
|t:|1659101828
|switch|p2a: Zapdos|Zapdos|100/100
|-ability|p2a: Zapdos|Pressure
|switch|p1a: Toxapex|Toxapex, M|100/100
|
|-damage|p1a: Toxapex|88/100|[from] item: Sticky Barb
|upkeep
|turn|12
|
|t:|1659101832
|switch|p2a: Toxapex|Toxapex, F|100/100
|-damage|p2a: Toxapex|88/100|[from] Stealth Rock
|switch|p1a: Magnezone|Magnezone|100/100
|
|upkeep
|turn|13
|
|t:|1659101836
|switch|p2a: Zapdos|Zapdos|100/100
|-ability|p2a: Zapdos|Pressure
|move|p1a: Magnezone|Toxic|p2a: Zapdos
|-status|p2a: Zapdos|tox
|
|-damage|p2a: Zapdos|94/100 tox|[from] psn
|upkeep
|turn|14
|j| xhdfhydf
|
|t:|1659101841
|move|p2a: Zapdos|Defog|p1a: Magnezone
|-unboost|p1a: Magnezone|evasion|1
|-sideend|p2: LT91BB animefan|Stealth Rock|[from] move: Defog|[of] p2a: Zapdos
|move|p1a: Magnezone|Toxic|p2a: Zapdos
|-fail|p2a: Zapdos|tox
|
|-damage|p2a: Zapdos|82/100 tox|[from] psn
|upkeep
|turn|15
|l| turtledoggo1
|
|t:|1659101844
|move|p2a: Zapdos|Volt Switch|p1a: Magnezone
|-resisted|p1a: Magnezone
|-damage|p1a: Magnezone|85/100
|
|t:|1659101846
|switch|p2a: Quagsire|Quagsire, M|100/100|[from]move: Volt Switch
|move|p1a: Magnezone|Discharge|p2a: Quagsire
|-immune|p2a: Quagsire
|
|-heal|p1a: Magnezone|91/100|[from] item: Leftovers
|upkeep
|turn|16
|j| LT91BB AlI
|
|t:|1659101852
|switch|p1a: Chansey|Chansey, F|85/100
|switch|p2a: Clefable|Clefable, M|94/100
|
|upkeep
|turn|17
|j| Pragorius
|
|t:|1659101856
|switch|p1a: Toxapex|Toxapex, M|100/100
|move|p2a: Clefable|Stealth Rock|p1a: Toxapex
|-sidestart|p1: Highv0ltag3|move: Stealth Rock
|
|-damage|p1a: Toxapex|88/100|[from] item: Sticky Barb
|upkeep
|turn|18
|
|t:|1659101866
|move|p2a: Clefable|Aromatherapy|p2a: Clefable
|-activate|p2a: Clefable|move: Aromatherapy
|-curestatus|p2: Zapdos|tox|[msg]
|move|p1a: Toxapex|Toxic Spikes|p2a: Clefable
|-sidestart|p2: LT91BB animefan|move: Toxic Spikes
|
|-damage|p1a: Toxapex|75/100|[from] item: Sticky Barb
|upkeep
|turn|19
|j| Rubiaa
|j| Sea Dweller
|
|t:|1659101871
|switch|p2a: Toxapex|Toxapex, F|100/100
|-sideend|p2: LT91BB animefan|move: Toxic Spikes|[of] p2a: Toxapex
|move|p1a: Toxapex|Knock Off|p2a: Toxapex
|-damage|p2a: Toxapex|94/100
|
|-damage|p1a: Toxapex|63/100|[from] item: Sticky Barb
|upkeep
|turn|20
|j| LT91BB Unstoppable
|j| samurott champloo
|j| TGA
|
|t:|1659101881
|switch|p2a: Clefable|Clefable, M|94/100
|switch|p1a: Corviknight|Corviknight, M|100/100
|-damage|p1a: Corviknight|88/100|[from] Stealth Rock
|-ability|p1a: Corviknight|Pressure
|
|upkeep
|turn|21
|
|t:|1659101885
|switch|p2a: Zapdos|Zapdos|82/100
|-ability|p2a: Zapdos|Pressure
|move|p1a: Corviknight|Defog|p2a: Zapdos
|-unboost|p2a: Zapdos|evasion|1
|-sideend|p1: Highv0ltag3|Stealth Rock|[from] move: Defog|[of] p1a: Corviknight
|
|upkeep
|turn|22
|j| edrala
|j|%Seldanna
|
|t:|1659101897
|switch|p2a: Skarmory|Skarmory, F|100/100
|switch|p1a: Chansey|Chansey, F|85/100
|
|upkeep
|turn|23
|j| LT91BB RK
|
|t:|1659101900
|switch|p1a: Espeon|Espeon, F|100/100
|move|p2a: Skarmory|Body Press|p1a: Espeon
|-resisted|p1a: Espeon
|-damage|p1a: Espeon|78/100
|
|-heal|p1a: Espeon|84/100|[from] item: Leftovers
|upkeep
|turn|24
|l| Rubiaa
|
|t:|1659101906
|switch|p2a: Clefable|Clefable, M|94/100
|move|p1a: Espeon|Calm Mind|p1a: Espeon
|-boost|p1a: Espeon|spa|1
|-boost|p1a: Espeon|spd|1
|
|-heal|p1a: Espeon|90/100|[from] item: Leftovers
|upkeep
|turn|25
|l|%Seldanna
|j| crosschampion
|j| AirOneee
|
|t:|1659101910
|switch|p2a: Quagsire|Quagsire, M|100/100
|move|p1a: Espeon|Calm Mind|p1a: Espeon
|-boost|p1a: Espeon|spa|1
|-boost|p1a: Espeon|spd|1
|
|-heal|p1a: Espeon|96/100|[from] item: Leftovers
|upkeep
|turn|26
|
|t:|1659101917
|switch|p2a: Clefable|Clefable, M|94/100
|move|p1a: Espeon|Toxic|p2a: Clefable
|-status|p2a: Clefable|tox
|
|-heal|p1a: Espeon|100/100|[from] item: Leftovers
|upkeep
|turn|27
|l| TGA
|j| egal★vanc
|j| Pure Ruby
|
|t:|1659101931
|switch|p2a: Skarmory|Skarmory, F|100/100
|move|p1a: Espeon|Calm Mind|p1a: Espeon
|-boost|p1a: Espeon|spa|1
|-boost|p1a: Espeon|spd|1
|
|upkeep
|turn|28
|
|t:|1659101936
|switch|p2a: Quagsire|Quagsire, M|100/100
|move|p1a: Espeon|Stored Power|p2a: Quagsire
|-damage|p2a: Quagsire|32/100
|
|-heal|p2a: Quagsire|38/100|[from] item: Leftovers
|upkeep
|turn|29
|l| Sea Dweller
|c|☆LT91BB animefan|fuck
|c|☆LT91BB animefan|i thought it would be
|c|☆Highv0ltag3|Rip
|c|☆LT91BB animefan|ur old set
|j| CALL THE CREW
|j| finding solutions
|j| Confusien
|c|☆Highv0ltag3|So you are fardin
|c|☆Highv0ltag3|U sussy baka
|c|☆LT91BB animefan|no
|c| egal★vanc|LMFAO
|c|☆Highv0ltag3|Hmmm
|c| egal★vanc|toxic stored cm espeon
|inactive|Highv0ltag3 has 120 seconds left.
|c| egal★vanc|godset
|c|☆Highv0ltag3|Morning sun SpD too
|c|☆Highv0ltag3|For tran
|j| Bane of All Evil
|c| lt91bb bj|at that to the bad mu list
|
|t:|1659101985
|switch|p2a: Cresselia|Cresselia, F|100/100
|move|p1a: Espeon|Stored Power|p2a: Cresselia
|-resisted|p2a: Cresselia
|-damage|p2a: Cresselia|63/100
|
|-heal|p2a: Cresselia|69/100|[from] item: Leftovers
|upkeep
|turn|30
|c| lt91bb bj|add
|j| LT91BB Ahsan
|inactive|LT91BB animefan has 120 seconds left.
|
|t:|1659102002
|move|p1a: Espeon|Toxic|p2a: Cresselia
|-status|p2a: Cresselia|tox
|move|p2a: Cresselia|Ice Beam|p1a: Espeon
|-damage|p1a: Espeon|95/100
|
|-heal|p1a: Espeon|100/100|[from] item: Leftovers
|-heal|p2a: Cresselia|75/100 tox|[from] item: Leftovers
|-damage|p2a: Cresselia|69/100 tox|[from] psn
|upkeep
|turn|31
|j| Bobert Smalls
|inactive|Highv0ltag3 has 120 seconds left.
|inactive|LT91BB animefan has 120 seconds left.
|j| LT91BB Raizen
|j| gameeese
|c| LT91BB RK|best cteam ever
|j| Toxic Facade
|j| deez nuzt
|j| aaykk
|
|t:|1659102037
|switch|p2a: Zapdos|Zapdos|82/100
|-ability|p2a: Zapdos|Pressure
|move|p1a: Espeon|Calm Mind|p1a: Espeon
|-boost|p1a: Espeon|spa|1
|-boost|p1a: Espeon|spd|1
|
|upkeep
|turn|32
|c|☆Highv0ltag3|This 6-0s no dark type stall
|c|☆LT91BB animefan|haze toxa
|
|t:|1659102051
|move|p1a: Espeon|Stored Power|p2a: Zapdos
|-damage|p2a: Zapdos|0 fnt
|faint|p2a: Zapdos
|
|upkeep
|j| zReptar
|
|t:|1659102056
|switch|p2a: Cresselia|Cresselia, F|69/100 tox
|turn|33
|c|☆Highv0ltag3|I think u still do a lot
|j| TGA
|c|☆LT91BB animefan|n
|
|t:|1659102065
|move|p2a: Cresselia|Protect|p2a: Cresselia
|-singleturn|p2a: Cresselia|Protect
|move|p1a: Espeon|Stored Power|p2a: Cresselia
|-activate|p2a: Cresselia|move: Protect
|
|-heal|p2a: Cresselia|75/100 tox|[from] item: Leftovers
|-damage|p2a: Cresselia|69/100 tox|[from] psn
|upkeep
|turn|34
|c|☆Highv0ltag3|At +1
|j| arbok13
|
|t:|1659102070
|move|p1a: Espeon|Stored Power|p2a: Cresselia
|-resisted|p2a: Cresselia
|-damage|p2a: Cresselia|13/100 tox
|move|p2a: Cresselia|Moonlight|p2a: Cresselia
|-heal|p2a: Cresselia|63/100 tox
|
|-heal|p2a: Cresselia|69/100 tox|[from] item: Leftovers
|-damage|p2a: Cresselia|57/100 tox|[from] psn
|upkeep
|turn|35
|j| LT91BB rejeff
|
|t:|1659102081
|move|p2a: Cresselia|Protect|p2a: Cresselia
|-singleturn|p2a: Cresselia|Protect
|move|p1a: Espeon|Stored Power|p2a: Cresselia
|-activate|p2a: Cresselia|move: Protect
|
|-heal|p2a: Cresselia|63/100 tox|[from] item: Leftovers
|-damage|p2a: Cresselia|44/100 tox|[from] psn
|upkeep
|turn|36
|j| MNLL Neuro
|-message|LT91BB animefan forfeited.
|
|win|Highv0ltag3
|raw|Highv0ltag3's rating: 1809 &rarr; <strong>1840</strong><br />(+31 for winning)
|raw|LT91BB animefan's rating: 2020 &rarr; <strong>1989</strong><br />(-31 for losing)
|l|☆LT91BB animefan
|l| lt91bb bj
|l| samurott champloo
|l| aaykk
|l| LT91BB RK
|l| ACII
|l| Bane of All Evil
|l| LT91BB Raizen
|l| LT91BB Ahsan
|l| crosschampion
|l| finding solutions
|j| LT91BB Miyan
|l| edrala
|l| gameeese
|l| Acura RL
|l| yovan33321
|j| edrala
|l| arbok13
|l| LT91BB Miyan
|l| AirOneee
|j| Doppel Blau
|l| edrala
|l|☆Highv0ltag3
||Ladder isn't responding, score probably updated but might not have (Request timeout).
|l| longhiep341
|l| Beka
|l| Doppel Blau
|l|+keys
|j| edrala
|l| LT91BB Unstoppable
|l| egal★vanc
|l| LT91BB skyfans
|l| edrala
|l| LT91BB rejeff
|l| reionatro
|l| deez nuzt
|l|@ironwater
|l| TGA
|j| Alain Ledon
|n| Heinrich Kemmler|alainledon
|l| Heinrich Kemmler
|j|+pichus
|l| Bobert Smalls
|j| Sea Dweller
|l| Sea Dweller
|l| LT91BB Dasmer
|l|+pichus
|l| Confusien
|j|+Aberforth
|l| xhdfhydf
|l|+Aberforth
|l| Toxic Facade
|j| Toxic Facade
|j|+Icemaster
|j| ROTTEN
|l| ROTTEN
|l|+Icemaster
|l| MNLL Neuro
|l| Pragorius
|l| zReptar
|l| Toxic Facade
|l| Pure Ruby
|l| LT91BB AlI
|l| LT91BB CT
|j| Toxic Facade
|l| Toxic Facade
