|j|☆Oryen
|j|☆iNatu
|inactive|Battle timer is ON: inactive players will automatically lose when time's up.
|t:|1663768829
|gametype|singles
|player|p1|Oryen|lucas|
|player|p2|iNatu|psychic-gen4|
|teamsize|p1|5
|teamsize|p2|5
|gen|8
|tier|[Gen 8] OU
|rated|Tournament battle
|rule|Sleep Clause Mod: Limit one foe put to sleep
|rule|Species Clause: Limit one of each Pokémon
|rule|OHKO Clause: OHKO moves are banned
|rule|Evasion Items Clause: Evasion items are banned
|rule|Evasion Moves Clause: Evasion moves are banned
|rule|Endless Battle Clause: Forcing endless battles is banned
|rule|HP Percentage Mod: HP is shown in percentages
|rule|Dynamax Clause: You cannot dynamax
|clearpoke
|poke|p1|Mienfoo, M|
|poke|p1|Duskull, M|
|poke|p1|Polteageist|
|poke|p1|Azumarill, F|
|poke|p1|Gurdurr, F|
|poke|p2|Tentacool, F|
|poke|p2|Remoraid, F|
|poke|p2|Porygon2|
|poke|p2|Pelipper, M|
|poke|p2|Palpitoad, M|
|teampreview
|j|*Lady Monita
|c|☆iNatu|glhf
|j| vvaradha
|j| t1a2n3i4s5h6
|c|☆Oryen|u2
|
|t:|1663768854
|start
|switch|p1a: Duskull|Duskull, M|100/100
|switch|p2a: Pelipper|Pelipper, M|100/100
|-weather|RainDance|[from] ability: Drizzle|[of] p2a: Pelipper
|turn|1
|
|t:|1663768860
|move|p2a: Pelipper|Hurricane|p1a: Duskull
|-damage|p1a: Duskull|70/100
|move|p1a: Duskull|Toxic|p2a: Pelipper
|-status|p2a: Pelipper|tox
|
|-weather|RainDance|[upkeep]
|-damage|p2a: Pelipper|94/100 tox|[from] psn
|upkeep
|turn|2
|j| Meowtwos
|l| Meowtwos
|
|t:|1663768867
|switch|p2a: Palpitoad|Palpitoad, M|100/100
|move|p1a: Duskull|Memento|p2a: Palpitoad
|-unboost|p2a: Palpitoad|atk|2
|-unboost|p2a: Palpitoad|spa|2
|faint|p1a: Duskull
|
|-weather|RainDance|[upkeep]
|upkeep
|c| t1a2n3i4s5h6|my man is a water type Gym leader
|j| GR3Y (typo)
|j| Ashy KetchyUP
|
|t:|1663768880
|switch|p1a: Azumarill|Azumarill, F|100/100
|turn|3
|
|t:|1663768886
|switch|p2a: Tentacool|Tentacool, F|100/100
|move|p1a: Azumarill|Belly Drum|p1a: Azumarill
|-damage|p1a: Azumarill|50/100
|-setboost|p1a: Azumarill|atk|6|[from] move: Belly Drum
|-enditem|p1a: Azumarill|Sitrus Berry|[eat]
|-heal|p1a: Azumarill|75/100|[from] item: Sitrus Berry
|
|-weather|RainDance|[upkeep]
|upkeep
|turn|4
|
|t:|1663768891
|move|p1a: Azumarill|Knock Off|p2a: Tentacool
|-damage|p2a: Tentacool|0 fnt
|-enditem|p2a: Tentacool|Eviolite|[from] move: Knock Off|[of] p1a: Azumarill
|faint|p2a: Tentacool
|
|-weather|RainDance|[upkeep]
|upkeep
|
|t:|1663768897
|switch|p2a: Pelipper|Pelipper, M|94/100 tox
|turn|5
|
|t:|1663768899
|move|p1a: Azumarill|Aqua Jet|p2a: Pelipper
|-resisted|p2a: Pelipper
|-damage|p2a: Pelipper|26/100 tox
|-enditem|p2a: Pelipper|Sitrus Berry|[eat]
|-heal|p2a: Pelipper|50/100 tox|[from] item: Sitrus Berry
|move|p2a: Pelipper|Hurricane|p1a: Azumarill
|-damage|p1a: Azumarill|23/100
|
|-weather|none
|-damage|p2a: Pelipper|44/100 tox|[from] psn
|upkeep
|turn|6
|
|t:|1663768916
|move|p1a: Azumarill|Aqua Jet|p2a: Pelipper
|-resisted|p2a: Pelipper
|-damage|p2a: Pelipper|0 fnt
|faint|p2a: Pelipper
|
|upkeep
|
|t:|1663768918
|switch|p2a: Porygon2|Porygon2|100/100
|turn|7
|j| CallMeK
|
|t:|1663768923
|move|p1a: Azumarill|Knock Off|p2a: Porygon2
|-damage|p2a: Porygon2|3/100
|-enditem|p2a: Porygon2|Eviolite|[from] move: Knock Off|[of] p1a: Azumarill
|move|p2a: Porygon2|Discharge|p1a: Azumarill
|-supereffective|p1a: Azumarill
|-damage|p1a: Azumarill|0 fnt
|faint|p1a: Azumarill
|
|upkeep
|
|t:|1663768933
|switch|p1a: Mienfoo|Mienfoo, M|100/100
|turn|8
|
|t:|1663768936
|move|p1a: Mienfoo|U-turn|p2a: Porygon2
|-damage|p2a: Porygon2|0 fnt
|faint|p2a: Porygon2
|
|t:|1663768939
|switch|p1a: Polteageist|Polteageist|100/100|[from]move: U-turn
|
|upkeep
|
|t:|1663768947
|switch|p2a: Remoraid|Remoraid, F|100/100
|turn|9
|j| Dddddsf
|
|t:|1663768951
|move|p1a: Polteageist|Shell Smash|p1a: Polteageist
|-unboost|p1a: Polteageist|def|1
|-unboost|p1a: Polteageist|spd|1
|-boost|p1a: Polteageist|atk|2
|-boost|p1a: Polteageist|spa|2
|-boost|p1a: Polteageist|spe|2
|move|p2a: Remoraid|Toxic|p1a: Polteageist
|-status|p1a: Polteageist|tox
|
|-damage|p1a: Polteageist|95/100 tox|[from] psn
|upkeep
|turn|10
|j| tourman
|
|t:|1663768954
|move|p1a: Polteageist|Giga Drain|p2a: Remoraid
|-supereffective|p2a: Remoraid
|-damage|p2a: Remoraid|0 fnt
|-heal|p1a: Polteageist|100/100 tox|[from] drain|[of] p2a: Remoraid
|faint|p2a: Remoraid
|
|-damage|p1a: Polteageist|89/100 tox|[from] psn
|upkeep
|
|t:|1663768956
|switch|p2a: Palpitoad|Palpitoad, M|100/100
|turn|11
|c|☆iNatu|gg
|c|☆Oryen|gg
|
|t:|1663768961
|move|p1a: Polteageist|Giga Drain|p2a: Palpitoad
|-supereffective|p2a: Palpitoad
|-damage|p2a: Palpitoad|0 fnt
|-heal|p1a: Polteageist|100/100 tox|[from] drain|[of] p2a: Palpitoad
|faint|p2a: Palpitoad
|
|win|Oryen
|n|☆Oryen|oryen
|n|☆iNatu|inatu
|n|*Lady Monita|ladymonita
|n| vvaradha|vvaradha
|n| t1a2n3i4s5h6|t1a2n3i4s5h6
|n| GR3Y (typo)|gr3ytypo
|n| Ashy KetchyUP|ashyketchyup
|n| CallMeK|callmek
|n| Dddddsf|dddddsf
|n| tourman|tourman
|c| tourman|good tourney
|l|*Lady Monita
|l| Dddddsf
|l| tourman
|l| CallMeK
|l|☆Oryen
|l|☆iNatu
|l| GR3Y (typo)
