|j|☆MurderousMantyke
|j|☆Run For Me Plz
|t:|1662814704
|gametype|singles
|player|p1|MurderousMantyke|#helpstaff|1659
|player|p2|Run For Me Plz|blue-gen2|1636
|teamsize|p1|6
|teamsize|p2|6
|gen|8
|tier|[Gen 8] OU
|rated|
|rule|Sleep Clause Mod: Limit one foe put to sleep
|rule|Species Clause: Limit one of each Pokémon
|rule|OHKO Clause: OHKO moves are banned
|rule|Evasion Items Clause: Evasion items are banned
|rule|Evasion Moves Clause: Evasion moves are banned
|rule|Endless Battle Clause: Forcing endless battles is banned
|rule|HP Percentage Mod: HP is shown in percentages
|rule|Dynamax Clause: You cannot dynamax
|clearpoke
|poke|p1|Volcarona, M|
|poke|p1|Slowbro, F|
|poke|p1|Tornadus-Therian, M|
|poke|p1|Garchomp, F|
|poke|p1|Blissey, F|
|poke|p1|Aegislash, M|
|poke|p2|Volcarona, M|
|poke|p2|Slowbro, M|
|poke|p2|Tornadus-Therian, M|
|poke|p2|Garchomp, F|
|poke|p2|Blissey, F|
|poke|p2|Aegislash, F|
|teampreview
|inactive|Battle timer is ON: inactive players will automatically lose when time's up. (requested by MurderousMantyke)
|c|☆MurderousMantyke|hf
|c|☆MurderousMantyke|lmaoo
|c|☆Run For Me Plz|you to mirror match
|
|t:|1662814725
|start
|switch|p1a: Tornadus|Tornadus-Therian, M, shiny|100/100
|switch|p2a: Tornadus|Tornadus-Therian, M, shiny|100/100
|turn|1
|inactive|MurderousMantyke has 120 seconds left.
|
|t:|1662814767
|move|p1a: Tornadus|Knock Off|p2a: Tornadus
|-damage|p2a: Tornadus|79/100
|-enditem|p2a: Tornadus|Heavy-Duty Boots|[from] move: Knock Off|[of] p1a: Tornadus
|move|p2a: Tornadus|Knock Off|p1a: Tornadus
|-damage|p1a: Tornadus|81/100
|-enditem|p1a: Tornadus|Heavy-Duty Boots|[from] move: Knock Off|[of] p2a: Tornadus
|
|upkeep
|turn|2
|
|t:|1662814772
|move|p1a: Tornadus|Hurricane|p2a: Tornadus
|-damage|p2a: Tornadus|36/100
|-start|p2a: Tornadus|confusion
|-activate|p2a: Tornadus|confusion
|move|p2a: Tornadus|U-turn|p1a: Tornadus
|-resisted|p1a: Tornadus
|-damage|p1a: Tornadus|74/100
|
|t:|1662814779
|switch|p2a: Aegislash|Aegislash, F|100/100|[from]move: U-turn
|
|upkeep
|turn|3
|inactive|MurderousMantyke has 120 seconds left.
|
|t:|1662814806
|switch|p2a: Tornadus|Tornadus-Therian, M, shiny|69/100
|move|p1a: Tornadus|Knock Off|p2a: Tornadus
|-damage|p2a: Tornadus|55/100
|
|upkeep
|turn|4
|
|t:|1662814811
|move|p2a: Tornadus|Hurricane|p1a: Tornadus
|-damage|p1a: Tornadus|33/100
|-start|p1a: Tornadus|confusion
|-activate|p1a: Tornadus|confusion
|move|p1a: Tornadus|Hurricane|p2a: Tornadus|[miss]
|-miss|p1a: Tornadus|p2a: Tornadus
|
|upkeep
|turn|5
|j| jamaalh625
|inactive|MurderousMantyke has 120 seconds left.
|
|t:|1662814822
|switch|p1a: Slowbro|Slowbro, F|100/100
|move|p2a: Tornadus|Knock Off|p1a: Slowbro
|-supereffective|p1a: Slowbro
|-enditem|p1a: Slowbro|Colbur Berry|[eat]
|-enditem|p1a: Slowbro|Colbur Berry|[weaken]
|-damage|p1a: Slowbro|89/100
|
|upkeep
|turn|6
|
|t:|1662814826
|move|p2a: Tornadus|U-turn|p1a: Slowbro
|-supereffective|p1a: Slowbro
|-damage|p1a: Slowbro|73/100
|
|t:|1662814828
|switch|p2a: Aegislash|Aegislash, F|100/100|[from]move: U-turn
|move|p1a: Slowbro|Teleport|p1a: Slowbro
|
|t:|1662814832
|switch|p1a: Tornadus|Tornadus-Therian, M, shiny|67/100|[from]move: Teleport
|
|upkeep
|turn|7
|
|t:|1662814835
|switch|p2a: Tornadus|Tornadus-Therian, M, shiny|88/100
|move|p1a: Tornadus|Hurricane|p2a: Tornadus
|-damage|p2a: Tornadus|46/100
|
|upkeep
|turn|8
|
|t:|1662814841
|move|p2a: Tornadus|Hurricane|p1a: Tornadus|[miss]
|-miss|p2a: Tornadus|p1a: Tornadus
|move|p1a: Tornadus|Hurricane|p2a: Tornadus|[miss]
|-miss|p1a: Tornadus|p2a: Tornadus
|
|upkeep
|turn|9
|
|t:|1662814847
|switch|p2a: Aegislash|Aegislash, F|100/100
|move|p1a: Tornadus|Hurricane|p2a: Aegislash
|-resisted|p2a: Aegislash
|-damage|p2a: Aegislash|89/100
|
|-heal|p2a: Aegislash|95/100|[from] item: Leftovers
|upkeep
|turn|10
|
|t:|1662814852
|move|p2a: Aegislash|King's Shield|p2a: Aegislash
|-singleturn|p2a: Aegislash|Protect
|move|p1a: Tornadus|Hurricane|p2a: Aegislash
|-activate|p2a: Aegislash|move: Protect
|
|-heal|p2a: Aegislash|100/100|[from] item: Leftovers
|upkeep
|turn|11
|
|t:|1662814854
|switch|p2a: Tornadus|Tornadus-Therian, M, shiny|80/100
|move|p1a: Tornadus|Knock Off|p2a: Tornadus
|-damage|p2a: Tornadus|65/100
|
|upkeep
|turn|12
|
|t:|1662814857
|move|p2a: Tornadus|Hurricane|p1a: Tornadus
|-damage|p1a: Tornadus|26/100
|move|p1a: Tornadus|U-turn|p2a: Tornadus
|-resisted|p2a: Tornadus
|-damage|p2a: Tornadus|58/100
|inactive|MurderousMantyke has 120 seconds left.
|
|t:|1662814894
|switch|p1a: Aegislash|Aegislash, M|100/100|[from]move: U-turn
|
|upkeep
|turn|13
|
|t:|1662814899
|switch|p1a: Tornadus|Tornadus-Therian, M, shiny|59/100
|move|p2a: Tornadus|Knock Off|p1a: Tornadus
|-damage|p1a: Tornadus|46/100
|
|upkeep
|turn|14
|inactive|MurderousMantyke has 120 seconds left.
|inactive|MurderousMantyke has 90 seconds left.
|
|t:|1662814958
|move|p2a: Tornadus|U-turn|p1a: Tornadus
|-resisted|p1a: Tornadus
|-damage|p1a: Tornadus|38/100
|
|t:|1662814961
|switch|p2a: Aegislash|Aegislash, F|100/100|[from]move: U-turn
|move|p1a: Tornadus|U-turn|p2a: Aegislash
|-resisted|p2a: Aegislash
|-damage|p2a: Aegislash|98/100
|
|t:|1662814970
|switch|p1a: Garchomp|Garchomp, F|100/100|[from]move: U-turn
|
|-heal|p2a: Aegislash|100/100|[from] item: Leftovers
|upkeep
|turn|15
|
|t:|1662814976
|switch|p2a: Garchomp|Garchomp, F|100/100
|move|p1a: Garchomp|Earthquake|p2a: Garchomp
|-damage|p2a: Garchomp|65/100
|
|-heal|p2a: Garchomp|71/100|[from] item: Leftovers
|upkeep
|turn|16
|
|t:|1662814978
|move|p1a: Garchomp|Earthquake|p2a: Garchomp
|-damage|p2a: Garchomp|37/100
|move|p2a: Garchomp|Stealth Rock|p1a: Garchomp
|-sidestart|p1: MurderousMantyke|move: Stealth Rock
|
|-heal|p2a: Garchomp|43/100|[from] item: Leftovers
|upkeep
|turn|17
|
|t:|1662814984
|move|p1a: Garchomp|Earthquake|p2a: Garchomp
|-damage|p2a: Garchomp|5/100
|move|p2a: Garchomp|Rest|p2a: Garchomp
|-status|p2a: Garchomp|slp|[from] move: Rest
|-heal|p2a: Garchomp|100/100 slp|[silent]
|
|upkeep
|turn|18
|
|t:|1662814989
|switch|p2a: Tornadus|Tornadus-Therian, M, shiny|91/100
|move|p1a: Garchomp|Earthquake|p2a: Tornadus
|-immune|p2a: Tornadus
|
|upkeep
|turn|19
|
|t:|1662814991
|move|p2a: Tornadus|Knock Off|p1a: Garchomp
|-damage|p1a: Garchomp|83/100
|-damage|p2a: Tornadus|78/100|[from] ability: Rough Skin|[of] p1a: Garchomp
|-enditem|p1a: Garchomp|Leftovers|[from] move: Knock Off|[of] p2a: Tornadus
|move|p1a: Garchomp|Stealth Rock|p2a: Tornadus
|-sidestart|p2: Run For Me Plz|move: Stealth Rock
|
|upkeep
|turn|20
|
|t:|1662815000
|move|p2a: Tornadus|U-turn|p1a: Garchomp
|-damage|p1a: Garchomp|70/100
|-damage|p2a: Tornadus|66/100|[from] ability: Rough Skin|[of] p1a: Garchomp
|
|t:|1662815003
|switch|p2a: Aegislash|Aegislash, F|100/100|[from]move: U-turn
|-damage|p2a: Aegislash|94/100|[from] Stealth Rock
|move|p1a: Garchomp|Toxic|p2a: Aegislash
|-immune|p2a: Aegislash
|
|-heal|p2a: Aegislash|100/100|[from] item: Leftovers
|upkeep
|turn|21
|
|t:|1662815013
|switch|p2a: Tornadus|Tornadus-Therian, M, shiny|99/100
|-damage|p2a: Tornadus|74/100|[from] Stealth Rock
|move|p1a: Garchomp|Toxic|p2a: Tornadus
|-status|p2a: Tornadus|tox
|
|-damage|p2a: Tornadus|68/100 tox|[from] psn
|upkeep
|turn|22
|
|t:|1662815019
|move|p2a: Tornadus|Hurricane|p1a: Garchomp
|-damage|p1a: Garchomp|40/100
|-start|p1a: Garchomp|confusion
|-activate|p1a: Garchomp|confusion
|move|p1a: Garchomp|Earthquake|p2a: Tornadus
|-immune|p2a: Tornadus
|
|-damage|p2a: Tornadus|56/100 tox|[from] psn
|upkeep
|turn|23
|
|t:|1662815024
|move|p2a: Tornadus|Hurricane|p1a: Garchomp|[miss]
|-miss|p2a: Tornadus|p1a: Garchomp
|-activate|p1a: Garchomp|confusion
|move|p1a: Garchomp|Rest|p1a: Garchomp
|-status|p1a: Garchomp|slp|[from] move: Rest
|-heal|p1a: Garchomp|100/100 slp|[silent]
|
|-damage|p2a: Tornadus|38/100 tox|[from] psn
|upkeep
|turn|24
|
|t:|1662815028
|switch|p2a: Blissey|Blissey, F|100/100
|cant|p1a: Garchomp|slp
|
|upkeep
|turn|25
|
|t:|1662815032
|switch|p1a: Blissey|Blissey, F|100/100
|move|p2a: Blissey|Heal Bell|p2a: Blissey
|-activate|p2a: Blissey|move: Heal Bell
|-curestatus|p2: Tornadus|tox|[msg]
|-curestatus|p2: Garchomp|slp|[msg]
|
|upkeep
|turn|26
|
|t:|1662815036
|switch|p2a: Tornadus|Tornadus-Therian, M, shiny|71/100
|-damage|p2a: Tornadus|46/100|[from] Stealth Rock
|move|p1a: Blissey|Seismic Toss|p2a: Tornadus
|-damage|p2a: Tornadus|18/100
|
|upkeep
|turn|27
|
|t:|1662815039
|move|p2a: Tornadus|U-turn|p1a: Blissey
|-damage|p1a: Blissey|89/100
|
|t:|1662815041
|switch|p2a: Aegislash|Aegislash, F|100/100|[from]move: U-turn
|-damage|p2a: Aegislash|94/100|[from] Stealth Rock
|move|p1a: Blissey|Toxic|p2a: Aegislash
|-immune|p2a: Aegislash
|
|-heal|p2a: Aegislash|100/100|[from] item: Leftovers
|upkeep
|turn|28
|
|t:|1662815045
|switch|p1a: Garchomp|Garchomp, F|100/100 slp
|-damage|p1a: Garchomp|94/100 slp|[from] Stealth Rock
|move|p2a: Aegislash|Substitute|p2a: Aegislash
|-start|p2a: Aegislash|Substitute
|-damage|p2a: Aegislash|75/100
|
|-heal|p2a: Aegislash|82/100|[from] item: Leftovers
|upkeep
|turn|29
|
|t:|1662815050
|cant|p1a: Garchomp|slp
|-formechange|p2a: Aegislash|Aegislash-Blade||[from] ability: Stance Change
|move|p2a: Aegislash|Shadow Ball|p1a: Garchomp
|-damage|p1a: Garchomp|69/100 slp
|
|-heal|p2a: Aegislash|88/100|[from] item: Leftovers
|upkeep
|turn|30
|
|t:|1662815062
|-formechange|p2a: Aegislash|Aegislash||[from] ability: Stance Change
|move|p2a: Aegislash|King's Shield|p2a: Aegislash
|-singleturn|p2a: Aegislash|Protect
|-curestatus|p1a: Garchomp|slp|[msg]
|move|p1a: Garchomp|Earthquake|p2a: Aegislash
|-activate|p2a: Aegislash|move: Protect
|
|-heal|p2a: Aegislash|94/100|[from] item: Leftovers
|upkeep
|turn|31
|
|t:|1662815066
|move|p1a: Garchomp|Earthquake|p2a: Aegislash
|-supereffective|p2a: Aegislash
|-end|p2a: Aegislash|Substitute
|move|p2a: Aegislash|Toxic|p1a: Garchomp
|-status|p1a: Garchomp|tox
|
|-heal|p2a: Aegislash|99/100|[from] item: Leftovers
|-damage|p1a: Garchomp|63/100 tox|[from] psn
|upkeep
|turn|32
|
|t:|1662815075
|move|p1a: Garchomp|Earthquake|p2a: Aegislash
|-supereffective|p2a: Aegislash
|-damage|p2a: Aegislash|35/100
|-formechange|p2a: Aegislash|Aegislash-Blade||[from] ability: Stance Change
|move|p2a: Aegislash|Shadow Ball|p1a: Garchomp
|-damage|p1a: Garchomp|40/100 tox
|-unboost|p1a: Garchomp|spd|1
|
|-heal|p2a: Aegislash|42/100|[from] item: Leftovers
|-damage|p1a: Garchomp|28/100 tox|[from] psn
|upkeep
|turn|33
|
|t:|1662815079
|switch|p1a: Blissey|Blissey, F|89/100
|-formechange|p2a: Aegislash|Aegislash||[from] ability: Stance Change
|move|p2a: Aegislash|King's Shield||[still]
|-fail|p2a: Aegislash
|
|-heal|p2a: Aegislash|48/100|[from] item: Leftovers
|upkeep
|turn|34
|
|t:|1662815084
|switch|p1a: Garchomp|Garchomp, F|28/100 tox
|-damage|p1a: Garchomp|21/100 tox|[from] Stealth Rock
|move|p2a: Aegislash|Substitute|p2a: Aegislash
|-start|p2a: Aegislash|Substitute
|-damage|p2a: Aegislash|23/100
|
|-heal|p2a: Aegislash|29/100|[from] item: Leftovers
|-damage|p1a: Garchomp|15/100 tox|[from] psn
|upkeep
|turn|35
|
|t:|1662815087
|move|p1a: Garchomp|Rest|p1a: Garchomp
|-status|p1a: Garchomp|slp|[from] move: Rest
|-heal|p1a: Garchomp|100/100 slp|[silent]
|-formechange|p2a: Aegislash|Aegislash-Blade||[from] ability: Stance Change
|move|p2a: Aegislash|Shadow Ball|p1a: Garchomp
|-damage|p1a: Garchomp|77/100 slp
|
|-heal|p2a: Aegislash|35/100|[from] item: Leftovers
|upkeep
|turn|36
|
|t:|1662815093
|cant|p1a: Garchomp|slp
|move|p2a: Aegislash|Shadow Ball|p1a: Garchomp
|-damage|p1a: Garchomp|55/100 slp
|
|-heal|p2a: Aegislash|41/100|[from] item: Leftovers
|upkeep
|turn|37
|
|t:|1662815096
|cant|p1a: Garchomp|slp
|move|p2a: Aegislash|Shadow Ball|p1a: Garchomp
|-damage|p1a: Garchomp|29/100 slp
|
|-heal|p2a: Aegislash|47/100|[from] item: Leftovers
|upkeep
|turn|38
|
|t:|1662815098
|-formechange|p2a: Aegislash|Aegislash||[from] ability: Stance Change
|move|p2a: Aegislash|King's Shield|p2a: Aegislash
|-singleturn|p2a: Aegislash|Protect
|-curestatus|p1a: Garchomp|slp|[msg]
|move|p1a: Garchomp|Earthquake|p2a: Aegislash
|-activate|p2a: Aegislash|move: Protect
|
|-heal|p2a: Aegislash|54/100|[from] item: Leftovers
|upkeep
|turn|39
|
|t:|1662815102
|move|p1a: Garchomp|Earthquake|p2a: Aegislash
|-supereffective|p2a: Aegislash
|-end|p2a: Aegislash|Substitute
|-formechange|p2a: Aegislash|Aegislash-Blade||[from] ability: Stance Change
|move|p2a: Aegislash|Shadow Ball|p1a: Garchomp
|-damage|p1a: Garchomp|6/100
|
|-heal|p2a: Aegislash|60/100|[from] item: Leftovers
|upkeep
|turn|40
|
|t:|1662815107
|-formechange|p2a: Aegislash|Aegislash||[from] ability: Stance Change
|move|p2a: Aegislash|King's Shield|p2a: Aegislash
|-singleturn|p2a: Aegislash|Protect
|move|p1a: Garchomp|Rest|p1a: Garchomp
|-status|p1a: Garchomp|slp|[from] move: Rest
|-heal|p1a: Garchomp|100/100 slp|[silent]
|
|-heal|p2a: Aegislash|66/100|[from] item: Leftovers
|upkeep
|turn|41
|
|t:|1662815115
|switch|p1a: Volcarona|Volcarona, M|100/100
|move|p2a: Aegislash|Substitute|p2a: Aegislash
|-start|p2a: Aegislash|Substitute
|-damage|p2a: Aegislash|41/100
|
|-heal|p2a: Aegislash|47/100|[from] item: Leftovers
|upkeep
|turn|42
|
|t:|1662815128
|move|p1a: Volcarona|Flamethrower|p2a: Aegislash
|-supereffective|p2a: Aegislash
|-end|p2a: Aegislash|Substitute
|move|p2a: Aegislash|Toxic|p1a: Volcarona
|-status|p1a: Volcarona|tox
|
|-heal|p2a: Aegislash|53/100|[from] item: Leftovers
|-damage|p1a: Volcarona|94/100 tox|[from] psn
|upkeep
|turn|43
|
|t:|1662815133
|move|p2a: Aegislash|King's Shield|p2a: Aegislash
|-singleturn|p2a: Aegislash|Protect
|move|p1a: Volcarona|Flamethrower|p2a: Aegislash
|-activate|p2a: Aegislash|move: Protect
|
|-heal|p2a: Aegislash|59/100|[from] item: Leftovers
|-damage|p1a: Volcarona|82/100 tox|[from] psn
|upkeep
|turn|44
|
|t:|1662815135
|switch|p2a: Blissey|Blissey, F|100/100
|move|p1a: Volcarona|Flamethrower|p2a: Blissey
|-damage|p2a: Blissey|86/100
|
|-damage|p1a: Volcarona|64/100 tox|[from] psn
|upkeep
|turn|45
|
|t:|1662815140
|switch|p1a: Blissey|Blissey, F|89/100
|switch|p2a: Tornadus|Tornadus-Therian, M, shiny|51/100
|-damage|p2a: Tornadus|27/100|[from] Stealth Rock
|
|upkeep
|turn|46
|
|t:|1662815158
|move|p2a: Tornadus|U-turn|p1a: Blissey
|-damage|p1a: Blissey|76/100
|
|t:|1662815160
|switch|p2a: Aegislash|Aegislash, F|59/100|[from]move: U-turn
|-damage|p2a: Aegislash|53/100|[from] Stealth Rock
|move|p1a: Blissey|Seismic Toss|p2a: Aegislash
|-immune|p2a: Aegislash
|
|-heal|p2a: Aegislash|59/100|[from] item: Leftovers
|upkeep
|turn|47
|
|t:|1662815164
|move|p2a: Aegislash|Toxic|p1a: Blissey
|-status|p1a: Blissey|tox
|move|p1a: Blissey|Heal Bell|p1a: Blissey
|-activate|p1a: Blissey|move: Heal Bell
|-curestatus|p1a: Blissey|tox|[msg]
|-curestatus|p1: Garchomp|slp|[msg]
|-curestatus|p1: Volcarona|tox|[msg]
|
|-heal|p2a: Aegislash|66/100|[from] item: Leftovers
|upkeep
|turn|48
|
|t:|1662815171
|switch|p1a: Garchomp|Garchomp, F|100/100
|-damage|p1a: Garchomp|94/100|[from] Stealth Rock
|move|p2a: Aegislash|Substitute|p2a: Aegislash
|-start|p2a: Aegislash|Substitute
|-damage|p2a: Aegislash|41/100
|
|-heal|p2a: Aegislash|47/100|[from] item: Leftovers
|upkeep
|turn|49
|
|t:|1662815176
|move|p2a: Aegislash|King's Shield|p2a: Aegislash
|-singleturn|p2a: Aegislash|Protect
|move|p1a: Garchomp|Earthquake|p2a: Aegislash
|-activate|p2a: Aegislash|move: Protect
|
|-heal|p2a: Aegislash|53/100|[from] item: Leftovers
|upkeep
|turn|50
|
|t:|1662815178
|move|p1a: Garchomp|Earthquake|p2a: Aegislash
|-supereffective|p2a: Aegislash
|-end|p2a: Aegislash|Substitute
|move|p2a: Aegislash|Toxic|p1a: Garchomp
|-status|p1a: Garchomp|tox
|
|-heal|p2a: Aegislash|59/100|[from] item: Leftovers
|-damage|p1a: Garchomp|88/100 tox|[from] psn
|upkeep
|turn|51
|
|t:|1662815188
|switch|p2a: Tornadus|Tornadus-Therian, M, shiny|60/100
|-damage|p2a: Tornadus|35/100|[from] Stealth Rock
|move|p1a: Garchomp|Stealth Rock||[still]
|-fail|p1a: Garchomp
|
|-damage|p1a: Garchomp|76/100 tox|[from] psn
|upkeep
|turn|52
|
|t:|1662815193
|move|p2a: Tornadus|Hurricane|p1a: Garchomp|[miss]
|-miss|p2a: Tornadus|p1a: Garchomp
|move|p1a: Garchomp|Toxic|p2a: Tornadus
|-status|p2a: Tornadus|tox
|
|-damage|p2a: Tornadus|29/100 tox|[from] psn
|-damage|p1a: Garchomp|57/100 tox|[from] psn
|upkeep
|turn|53
|
|t:|1662815198
|switch|p2a: Blissey|Blissey, F|86/100
|switch|p1a: Blissey|Blissey, F|76/100
|
|upkeep
|turn|54
|
|t:|1662815201
|switch|p1a: Garchomp|Garchomp, F|57/100 tox
|-damage|p1a: Garchomp|51/100 tox|[from] Stealth Rock
|move|p2a: Blissey|Heal Bell|p2a: Blissey
|-activate|p2a: Blissey|move: Heal Bell
|-curestatus|p2: Tornadus|tox|[msg]
|
|-damage|p1a: Garchomp|45/100 tox|[from] psn
|upkeep
|turn|55
|
|t:|1662815206
|switch|p2a: Slowbro|Slowbro, M|100/100
|-damage|p2a: Slowbro|88/100|[from] Stealth Rock
|move|p1a: Garchomp|Toxic|p2a: Slowbro
|-status|p2a: Slowbro|tox
|
|-damage|p1a: Garchomp|32/100 tox|[from] psn
|-damage|p2a: Slowbro|82/100 tox|[from] psn
|upkeep
|turn|56
|
|t:|1662815210
|move|p1a: Garchomp|Rest|p1a: Garchomp
|-status|p1a: Garchomp|slp|[from] move: Rest
|-heal|p1a: Garchomp|100/100 slp|[silent]
|move|p2a: Slowbro|Ice Beam|p1a: Garchomp
|-supereffective|p1a: Garchomp
|-damage|p1a: Garchomp|44/100 slp
|
|-damage|p2a: Slowbro|70/100 tox|[from] psn
|upkeep
|turn|57
|
|t:|1662815217
|switch|p1a: Blissey|Blissey, F|76/100
|move|p2a: Slowbro|Body Press|p1a: Blissey
|-supereffective|p1a: Blissey
|-damage|p1a: Blissey|28/100
|
|-damage|p2a: Slowbro|52/100 tox|[from] psn
|upkeep
|turn|58
|
|t:|1662815221
|move|p1a: Blissey|Soft-Boiled|p1a: Blissey
|-heal|p1a: Blissey|78/100
|move|p2a: Slowbro|Body Press|p1a: Blissey
|-supereffective|p1a: Blissey
|-damage|p1a: Blissey|31/100
|
|-damage|p2a: Slowbro|27/100 tox|[from] psn
|upkeep
|turn|59
|
|t:|1662815240
|move|p1a: Blissey|Soft-Boiled|p1a: Blissey
|-heal|p1a: Blissey|81/100
|move|p2a: Slowbro|Teleport|p2a: Slowbro
|
|t:|1662815243
|switch|p2a: Tornadus|Tornadus-Therian, M, shiny|62/100|[from]move: Teleport
|-damage|p2a: Tornadus|37/100|[from] Stealth Rock
|
|upkeep
|turn|60
|
|t:|1662815246
|move|p2a: Tornadus|Knock Off|p1a: Blissey
|-damage|p1a: Blissey|63/100
|-enditem|p1a: Blissey|Heavy-Duty Boots|[from] move: Knock Off|[of] p2a: Tornadus
|move|p1a: Blissey|Toxic|p2a: Tornadus
|-status|p2a: Tornadus|tox
|
|-damage|p2a: Tornadus|31/100 tox|[from] psn
|upkeep
|turn|61
|
|t:|1662815252
|switch|p1a: Slowbro|Slowbro, F|100/100
|-damage|p1a: Slowbro|88/100|[from] Stealth Rock
|move|p2a: Tornadus|U-turn|p1a: Slowbro
|-supereffective|p1a: Slowbro
|-damage|p1a: Slowbro|70/100
|
|t:|1662815258
|switch|p2a: Aegislash|Aegislash, F|59/100|[from]move: U-turn
|-damage|p2a: Aegislash|53/100|[from] Stealth Rock
|
|-heal|p2a: Aegislash|59/100|[from] item: Leftovers
|upkeep
|turn|62
|
|t:|1662815265
|switch|p2a: Blissey|Blissey, F|86/100
|move|p1a: Slowbro|Teleport|p1a: Slowbro
|
|t:|1662815269
|switch|p1a: Garchomp|Garchomp, F|44/100 slp|[from]move: Teleport
|-damage|p1a: Garchomp|38/100 slp|[from] Stealth Rock
|
|upkeep
|turn|63
|
|t:|1662815274
|cant|p1a: Garchomp|slp
|move|p2a: Blissey|Heal Bell|p2a: Blissey
|-activate|p2a: Blissey|move: Heal Bell
|-curestatus|p2: Slowbro|tox|[msg]
|-curestatus|p2: Tornadus|tox|[msg]
|
|upkeep
|turn|64
|
|t:|1662815276
|cant|p1a: Garchomp|slp
|move|p2a: Blissey|Seismic Toss|p1a: Garchomp
|-damage|p1a: Garchomp|14/100 slp
|-damage|p2a: Blissey|73/100|[from] ability: Rough Skin|[of] p1a: Garchomp
|
|upkeep
|turn|65
|
|t:|1662815284
|switch|p2a: Slowbro|Slowbro, M|60/100
|-damage|p2a: Slowbro|48/100|[from] Stealth Rock
|-curestatus|p1a: Garchomp|slp|[msg]
|move|p1a: Garchomp|Rest|p1a: Garchomp
|-status|p1a: Garchomp|slp|[from] move: Rest
|-heal|p1a: Garchomp|100/100 slp|[silent]
|
|upkeep
|turn|66
|
|t:|1662815305
|switch|p1a: Blissey|Blissey, F|63/100
|-damage|p1a: Blissey|51/100|[from] Stealth Rock
|move|p2a: Slowbro|Slack Off|p2a: Slowbro
|-heal|p2a: Slowbro|98/100
|
|upkeep
|turn|67
|
|t:|1662815311
|move|p1a: Blissey|Soft-Boiled|p1a: Blissey
|-heal|p1a: Blissey|100/100
|move|p2a: Slowbro|Body Press|p1a: Blissey
|-supereffective|p1a: Blissey
|-damage|p1a: Blissey|50/100
|
|upkeep
|turn|68
|
|t:|1662815315
|switch|p1a: Slowbro|Slowbro, F|100/100
|-damage|p1a: Slowbro|88/100|[from] Stealth Rock
|move|p2a: Slowbro|Body Press|p1a: Slowbro
|-resisted|p1a: Slowbro
|-damage|p1a: Slowbro|80/100
|
|upkeep
|turn|69
|
|t:|1662815319
|move|p2a: Slowbro|Teleport|p2a: Slowbro
|
|t:|1662815322
|switch|p2a: Tornadus|Tornadus-Therian, M, shiny|64/100|[from]move: Teleport
|-damage|p2a: Tornadus|39/100|[from] Stealth Rock
|move|p1a: Slowbro|Teleport|p1a: Slowbro
|
|t:|1662815327
|switch|p1a: Tornadus|Tornadus-Therian, M, shiny|71/100|[from]move: Teleport
|-damage|p1a: Tornadus|46/100|[from] Stealth Rock
|
|upkeep
|turn|70
|
|t:|1662815331
|switch|p2a: Blissey|Blissey, F|73/100
|move|p1a: Tornadus|Knock Off|p2a: Blissey
|-damage|p2a: Blissey|55/100
|-enditem|p2a: Blissey|Heavy-Duty Boots|[from] move: Knock Off|[of] p1a: Tornadus
|
|upkeep
|turn|71
|
|t:|1662815334
|move|p1a: Tornadus|U-turn|p2a: Blissey
|-crit|p2a: Blissey
|-damage|p2a: Blissey|35/100
|j| Swamp_Fox90
|
|t:|1662815337
|switch|p1a: Aegislash|Aegislash, M|100/100|[from]move: U-turn
|-damage|p1a: Aegislash|94/100|[from] Stealth Rock
|move|p2a: Blissey|Soft-Boiled|p2a: Blissey
|-heal|p2a: Blissey|85/100
|
|-heal|p1a: Aegislash|100/100|[from] item: Leftovers
|upkeep
|turn|72
|
|t:|1662815346
|switch|p2a: Garchomp|Garchomp, F|100/100
|-damage|p2a: Garchomp|94/100|[from] Stealth Rock
|move|p1a: Aegislash|Substitute|p1a: Aegislash
|-start|p1a: Aegislash|Substitute
|-damage|p1a: Aegislash|76/100
|
|-heal|p2a: Garchomp|100/100|[from] item: Leftovers
|-heal|p1a: Aegislash|82/100|[from] item: Leftovers
|upkeep
|turn|73
|
|t:|1662815349
|move|p2a: Garchomp|Earthquake|p1a: Aegislash
|-supereffective|p1a: Aegislash
|-end|p1a: Aegislash|Substitute
|move|p1a: Aegislash|Toxic|p2a: Garchomp
|-status|p2a: Garchomp|tox
|
|-heal|p1a: Aegislash|88/100|[from] item: Leftovers
|-damage|p2a: Garchomp|94/100 tox|[from] psn
|upkeep
|turn|74
|
|t:|1662815355
|move|p1a: Aegislash|King's Shield|p1a: Aegislash
|-singleturn|p1a: Aegislash|Protect
|move|p2a: Garchomp|Earthquake|p1a: Aegislash
|-activate|p1a: Aegislash|move: Protect
|
|-heal|p2a: Garchomp|100/100 tox|[from] item: Leftovers
|-heal|p1a: Aegislash|94/100|[from] item: Leftovers
|-damage|p2a: Garchomp|88/100 tox|[from] psn
|upkeep
|turn|75
|inactive|MurderousMantyke has 120 seconds left.
|j| AnJian
|
|t:|1662815394
|switch|p1a: Slowbro|Slowbro, F|100/100
|-damage|p1a: Slowbro|88/100|[from] Stealth Rock
|move|p2a: Garchomp|Toxic|p1a: Slowbro
|-status|p1a: Slowbro|tox
|
|-heal|p2a: Garchomp|94/100 tox|[from] item: Leftovers
|-damage|p2a: Garchomp|76/100 tox|[from] psn
|-damage|p1a: Slowbro|82/100 tox|[from] psn
|upkeep
|turn|76
|j| AKWQE
|
|t:|1662815398
|switch|p2a: Tornadus|Tornadus-Therian, M, shiny|73/100
|-damage|p2a: Tornadus|48/100|[from] Stealth Rock
|move|p1a: Slowbro|Teleport|p1a: Slowbro
|
|t:|1662815407
|switch|p1a: Tornadus|Tornadus-Therian, M, shiny|79/100|[from]move: Teleport
|-damage|p1a: Tornadus|55/100|[from] Stealth Rock
|
|upkeep
|turn|77
|
|t:|1662815410
|move|p2a: Tornadus|Hurricane|p1a: Tornadus
|-damage|p1a: Tornadus|16/100
|move|p1a: Tornadus|Hurricane|p2a: Tornadus
|-damage|p2a: Tornadus|3/100
|
|upkeep
|turn|78
|
|t:|1662815417
|move|p2a: Tornadus|Hurricane|p1a: Tornadus|[miss]
|-miss|p2a: Tornadus|p1a: Tornadus
|move|p1a: Tornadus|U-turn|p2a: Tornadus
|-resisted|p2a: Tornadus
|-damage|p2a: Tornadus|0 fnt
|faint|p2a: Tornadus
|c|☆Run For Me Plz|Omg
|
|t:|1662815432
|switch|p1a: Slowbro|Slowbro, F|100/100 tox|[from]move: U-turn
|-damage|p1a: Slowbro|88/100 tox|[from] Stealth Rock
|
|-damage|p1a: Slowbro|82/100 tox|[from] psn
|upkeep
|
|t:|1662815436
|switch|p2a: Aegislash|Aegislash, F|59/100
|-damage|p2a: Aegislash|53/100|[from] Stealth Rock
|turn|79
|
|t:|1662815440
|move|p2a: Aegislash|Substitute|p2a: Aegislash
|-start|p2a: Aegislash|Substitute
|-damage|p2a: Aegislash|28/100
|move|p1a: Slowbro|Teleport|p1a: Slowbro
|
|t:|1662815444
|switch|p1a: Volcarona|Volcarona, M|64/100|[from]move: Teleport
|
|-heal|p2a: Aegislash|34/100|[from] item: Leftovers
|upkeep
|turn|80
|
|t:|1662815448
|move|p1a: Volcarona|Flamethrower|p2a: Aegislash
|-supereffective|p2a: Aegislash
|-end|p2a: Aegislash|Substitute
|move|p2a: Aegislash|Toxic|p1a: Volcarona
|-status|p1a: Volcarona|tox
|
|-heal|p2a: Aegislash|40/100|[from] item: Leftovers
|-damage|p1a: Volcarona|57/100 tox|[from] psn
|upkeep
|turn|81
|
|t:|1662815457
|move|p2a: Aegislash|King's Shield|p2a: Aegislash
|-singleturn|p2a: Aegislash|Protect
|move|p1a: Volcarona|Roost|p1a: Volcarona
|-heal|p1a: Volcarona|100/100 tox
|-singleturn|p1a: Volcarona|move: Roost
|
|-heal|p2a: Aegislash|46/100|[from] item: Leftovers
|-damage|p1a: Volcarona|88/100 tox|[from] psn
|upkeep
|turn|82
|
|t:|1662815463
|move|p1a: Volcarona|Flamethrower|p2a: Aegislash
|-supereffective|p2a: Aegislash
|-damage|p2a: Aegislash|0 fnt
|faint|p2a: Aegislash
|
|-damage|p1a: Volcarona|70/100 tox|[from] psn
|upkeep
|-message|Run For Me Plz forfeited.
|
|win|MurderousMantyke
|raw|MurderousMantyke's rating: 1659 &rarr; <strong>1678</strong><br />(+19 for winning)
|raw|Run For Me Plz's rating: 1636 &rarr; <strong>1617</strong><br />(-19 for losing)
|c|☆MurderousMantyke|gg
|l|☆Run For Me Plz
|c|☆MurderousMantyke|blimax is the goat lol
|l|☆MurderousMantyke
|l| AKWQE
|c| jamaalh625|ya playing around
||Ladder isn't responding, score probably updated but might not have (Request timeout).
