|j|☆Pinks1ip
|j|☆minimax_ai
|t:|1663053080
|gametype|singles
|player|p1|Pinks1ip|skierf|1491
|player|p2|minimax_ai|lusamine-nihilego|1529
|teamsize|p1|6
|teamsize|p2|6
|gen|8
|tier|[Gen 8] OU
|rated|
|rule|Sleep Clause Mod: Limit one foe put to sleep
|rule|Species Clause: Limit one of each Pokémon
|rule|OHKO Clause: OHKO moves are banned
|rule|Evasion Items Clause: Evasion items are banned
|rule|Evasion Moves Clause: Evasion moves are banned
|rule|Endless Battle Clause: Forcing endless battles is banned
|rule|HP Percentage Mod: HP is shown in percentages
|rule|Dynamax Clause: You cannot dynamax
|clearpoke
|poke|p1|Crawdaunt, F|
|poke|p1|Tapu Lele|
|poke|p1|Garchomp, M|
|poke|p1|Moltres-Galar|
|poke|p1|Tapu Koko|
|poke|p1|Victini|
|poke|p2|Rotom-Wash|
|poke|p2|Weavile, F|
|poke|p2|Landorus-Therian, M|
|poke|p2|Heatran, M|
|poke|p2|Tangrowth, F|
|poke|p2|Melmetal|
|teampreview
|
|t:|1663053082
|start
|switch|p1a: Tapu Koko|Tapu Koko, shiny|100/100
|switch|p2a: Melmetal|Melmetal|100/100
|-fieldstart|move: Electric Terrain|[from] ability: Electric Surge|[of] p1a: Tapu Koko
|turn|1
|c|☆minimax_ai|hf
|inactive|Battle timer is ON: inactive players will automatically lose when time's up. (requested by minimax_ai)
|inactive|Pinks1ip has 120 seconds left.
|
|t:|1663053127
|move|p1a: Tapu Koko|Reflect|p1a: Tapu Koko
|-sidestart|p1: Pinks1ip|Reflect
|move|p2a: Melmetal|Earthquake|p1a: Tapu Koko
|-supereffective|p1a: Tapu Koko
|-damage|p1a: Tapu Koko|58/100
|
|upkeep
|turn|2
|
|t:|1663053130
|move|p1a: Tapu Koko|Light Screen|p1a: Tapu Koko
|-sidestart|p1: Pinks1ip|move: Light Screen
|move|p2a: Melmetal|Double Iron Bash|p1a: Tapu Koko
|-damage|p1a: Tapu Koko|36/100
|-crit|p1a: Tapu Koko
|-damage|p1a: Tapu Koko|0 fnt
|faint|p1a: Tapu Koko
|-hitcount|p1: Tapu Koko|2
|
|upkeep
|
|t:|1663053142
|switch|p1a: Garchomp|Garchomp, M|100/100
|turn|3
|
|t:|1663053144
|move|p1a: Garchomp|Swords Dance|p1a: Garchomp
|-boost|p1a: Garchomp|atk|2
|move|p2a: Melmetal|Ice Punch|p1a: Garchomp
|-supereffective|p1a: Garchomp
|-damage|p1a: Garchomp|31/100
|-damage|p2a: Melmetal|88/100|[from] ability: Rough Skin|[of] p1a: Garchomp
|
|-heal|p1a: Garchomp|37/100|[from] item: Leftovers
|upkeep
|turn|4
|
|t:|1663053152
|switch|p2a: Tangrowth|Tangrowth, F|100/100
|move|p1a: Garchomp|Scale Shot|p2a: Tangrowth
|-damage|p2a: Tangrowth|87/100
|-damage|p2a: Tangrowth|74/100
|-hitcount|p2a: Tangrowth|2
|-unboost|p1a: Garchomp|def|1
|-boost|p1a: Garchomp|spe|1
|
|-heal|p1a: Garchomp|43/100|[from] item: Leftovers
|upkeep
|turn|5
|
|t:|1663053162
|switch|p2a: Heatran|Heatran, M|100/100
|-item|p2a: Heatran|Air Balloon
|move|p1a: Garchomp|Swords Dance|p1a: Garchomp
|-boost|p1a: Garchomp|atk|2
|
|-heal|p1a: Garchomp|50/100|[from] item: Leftovers
|-fieldend|move: Electric Terrain
|upkeep
|turn|6
|
|t:|1663053166
|move|p1a: Garchomp|Scale Shot|p2a: Heatran
|-resisted|p2a: Heatran
|-damage|p2a: Heatran|80/100
|-enditem|p2a: Heatran|Air Balloon
|-resisted|p2a: Heatran
|-damage|p2a: Heatran|59/100
|-hitcount|p2a: Heatran|2
|-unboost|p1a: Garchomp|def|1
|-boost|p1a: Garchomp|spe|1
|move|p2a: Heatran|Stealth Rock|p1a: Garchomp
|-sidestart|p1: Pinks1ip|move: Stealth Rock
|
|-heal|p1a: Garchomp|56/100|[from] item: Leftovers
|upkeep
|turn|7
|
|t:|1663053171
|move|p1a: Garchomp|Scale Shot|p2a: Heatran
|-resisted|p2a: Heatran
|-damage|p2a: Heatran|40/100
|-resisted|p2a: Heatran
|-damage|p2a: Heatran|20/100
|-hitcount|p2a: Heatran|2
|-unboost|p1a: Garchomp|def|1
|-boost|p1a: Garchomp|spe|1
|move|p2a: Heatran|Magma Storm|p1a: Garchomp
|-resisted|p1a: Garchomp
|-damage|p1a: Garchomp|41/100
|-activate|p1a: Garchomp|move: Magma Storm|[of] p2a: Heatran
|
|-heal|p1a: Garchomp|47/100|[from] item: Leftovers
|-damage|p1a: Garchomp|35/100|[from] move: Magma Storm|[partiallytrapped]
|upkeep
|turn|8
|
|t:|1663053175
|move|p1a: Garchomp|Scale Shot|p2a: Heatran
|-resisted|p2a: Heatran
|-damage|p2a: Heatran|2/100
|-resisted|p2a: Heatran
|-damage|p2a: Heatran|0 fnt
|faint|p2a: Heatran
|-hitcount|p2: Heatran|2
|-unboost|p1a: Garchomp|def|1
|-boost|p1a: Garchomp|spe|1
|
|-heal|p1a: Garchomp|41/100|[from] item: Leftovers
|-end|p1a: Garchomp|Magma Storm|[partiallytrapped]|[silent]
|-sideend|p1: Pinks1ip|Reflect
|upkeep
|
|t:|1663053175
|switch|p2a: Weavile|Weavile, F|100/100
|-ability|p2a: Weavile|Pressure
|turn|9
|
|t:|1663053178
|switch|p1a: Victini|Victini|100/100
|-damage|p1a: Victini|76/100|[from] Stealth Rock
|move|p2a: Weavile|Ice Shard|p1a: Victini
|-resisted|p1a: Victini
|-damage|p1a: Victini|62/100
|
|-sideend|p1: Pinks1ip|move: Light Screen
|upkeep
|turn|10
|
|t:|1663053180
|switch|p2a: landorustherian|Landorus-Therian, M|100/100
|-ability|p2a: landorustherian|Intimidate|boost
|-unboost|p1a: Victini|atk|1
|move|p1a: Victini|U-turn|p2a: landorustherian
|-resisted|p2a: landorustherian
|-damage|p2a: landorustherian|94/100
|inactive|Pinks1ip has 120 seconds left.
|
|t:|1663053231
|switch|p1a: Crawdaunt|Crawdaunt, F|100/100|[from]move: U-turn
|-damage|p1a: Crawdaunt|88/100|[from] Stealth Rock
|
|-heal|p2a: landorustherian|99/100|[from] item: Leftovers
|upkeep
|turn|11
|
|t:|1663053233
|move|p2a: landorustherian|U-turn|p1a: Crawdaunt
|-supereffective|p1a: Crawdaunt
|-damage|p1a: Crawdaunt|27/100
|
|t:|1663053234
|switch|p2a: Tangrowth|Tangrowth, F|100/100|[from]move: U-turn
|move|p1a: Crawdaunt|Swords Dance|p1a: Crawdaunt
|-boost|p1a: Crawdaunt|atk|2
|
|upkeep
|turn|12
|
|t:|1663053236
|move|p1a: Crawdaunt|Knock Off|p2a: Tangrowth
|-damage|p2a: Tangrowth|3/100
|-damage|p1a: Crawdaunt|11/100|[from] item: Rocky Helmet|[of] p2a: Tangrowth
|-enditem|p2a: Tangrowth|Rocky Helmet|[from] move: Knock Off|[of] p1a: Crawdaunt
|-damage|p1a: Crawdaunt|1/100|[from] item: Life Orb
|move|p2a: Tangrowth|Giga Drain|p1a: Crawdaunt
|-supereffective|p1a: Crawdaunt
|-damage|p1a: Crawdaunt|0 fnt
|-heal|p2a: Tangrowth|3/100|[from] drain|[of] p1a: Crawdaunt
|faint|p1a: Crawdaunt
|
|upkeep
|
|t:|1663053244
|switch|p1a: Victini|Victini|62/100
|-damage|p1a: Victini|37/100|[from] Stealth Rock
|turn|13
|
|t:|1663053245
|switch|p2a: landorustherian|Landorus-Therian, M|99/100
|-ability|p2a: landorustherian|Intimidate|boost
|-unboost|p1a: Victini|atk|1
|move|p1a: Victini|U-turn|p2a: landorustherian
|-resisted|p2a: landorustherian
|-damage|p2a: landorustherian|93/100
|
|t:|1663053252
|switch|p1a: Tapu Lele|Tapu Lele|100/100|[from]move: U-turn
|-damage|p1a: Tapu Lele|88/100|[from] Stealth Rock
|-fieldstart|move: Psychic Terrain|[from] ability: Psychic Surge|[of] p1a: Tapu Lele
|
|-heal|p2a: landorustherian|99/100|[from] item: Leftovers
|upkeep
|turn|14
|
|t:|1663053253
|move|p1a: Tapu Lele|Moonblast|p2a: landorustherian
|-damage|p2a: landorustherian|45/100
|-unboost|p2a: landorustherian|spa|1
|move|p2a: landorustherian|U-turn|p1a: Tapu Lele
|-damage|p1a: Tapu Lele|51/100
|
|t:|1663053253
|switch|p2a: Weavile|Weavile, F|100/100|[from]move: U-turn
|-ability|p2a: Weavile|Pressure
|
|upkeep
|turn|15
|
|t:|1663053260
|move|p2a: Weavile|Triple Axel|p1a: Tapu Lele
|-crit|p1a: Tapu Lele
|-damage|p1a: Tapu Lele|15/100
|-damage|p1a: Tapu Lele|0 fnt
|faint|p1a: Tapu Lele
|-hitcount|p1: Tapu Lele|2
|
|upkeep
|
|t:|1663053263
|switch|p1a: Victini|Victini|37/100
|-damage|p1a: Victini|12/100|[from] Stealth Rock
|turn|16
|
|t:|1663053264
|move|p1a: Victini|V-create|p2a: Weavile
|-supereffective|p2a: Weavile
|-damage|p2a: Weavile|0 fnt
|-unboost|p1a: Victini|spe|1
|-unboost|p1a: Victini|def|1
|-unboost|p1a: Victini|spd|1
|faint|p2a: Weavile
|
|upkeep
|
|t:|1663053264
|switch|p2a: Tangrowth|Tangrowth, F|36/100
|turn|17
|
|t:|1663053267
|switch|p2a: landorustherian|Landorus-Therian, M|45/100
|-ability|p2a: landorustherian|Intimidate|boost
|-unboost|p1a: Victini|atk|1
|move|p1a: Victini|V-create|p2a: landorustherian
|-damage|p2a: landorustherian|0 fnt
|-unboost|p1a: Victini|spe|1
|-unboost|p1a: Victini|def|1
|-unboost|p1a: Victini|spd|1
|faint|p2a: landorustherian
|
|-fieldend|move: Psychic Terrain
|upkeep
|
|t:|1663053267
|switch|p2a: Tangrowth|Tangrowth, F|69/100
|turn|18
|
|t:|1663053271
|switch|p2a: Melmetal|Melmetal|88/100
|move|p1a: Victini|V-create|p2a: Melmetal
|-supereffective|p2a: Melmetal
|-damage|p2a: Melmetal|24/100
|-unboost|p1a: Victini|spe|1
|-unboost|p1a: Victini|def|1
|-unboost|p1a: Victini|spd|1
|
|upkeep
|turn|19
|
|t:|1663053274
|move|p1a: Victini|V-create|p2a: Melmetal
|-supereffective|p2a: Melmetal
|-damage|p2a: Melmetal|0 fnt
|-unboost|p1a: Victini|spe|1
|-unboost|p1a: Victini|def|1
|-unboost|p1a: Victini|spd|1
|faint|p2a: Melmetal
|
|upkeep
|
|t:|1663053274
|switch|p2a: rotomwash|Rotom-Wash|100/100
|turn|20
|
|t:|1663053297
|move|p2a: rotomwash|Hydro Pump|p1a: Victini
|-supereffective|p1a: Victini
|-damage|p1a: Victini|0 fnt
|faint|p1a: Victini
|
|upkeep
|
|t:|1663053300
|switch|p1a: Moltres|Moltres-Galar|100/100
|-damage|p1a: Moltres|76/100|[from] Stealth Rock
|turn|21
|
|t:|1663053313
|move|p1a: Moltres|Fiery Wrath|p2a: rotomwash
|-damage|p2a: rotomwash|61/100
|cant|p2a: rotomwash|flinch
|
|-heal|p2a: rotomwash|67/100|[from] item: Leftovers
|upkeep
|turn|22
|
|t:|1663053318
|move|p1a: Moltres|Nasty Plot|p1a: Moltres
|-boost|p1a: Moltres|spa|2
|move|p2a: rotomwash|Thunderbolt|p1a: Moltres
|-supereffective|p1a: Moltres
|-damage|p1a: Moltres|16/100
|-enditem|p1a: Moltres|Weakness Policy
|-boost|p1a: Moltres|atk|2|[from] item: Weakness Policy
|-boost|p1a: Moltres|spa|2|[from] item: Weakness Policy
|-ability|p1a: Moltres|Berserk|boost
|-boost|p1a: Moltres|spa|1
|
|-heal|p2a: rotomwash|74/100|[from] item: Leftovers
|upkeep
|turn|23
|
|t:|1663053320
|move|p1a: Moltres|Fiery Wrath|p2a: rotomwash
|-damage|p2a: rotomwash|0 fnt
|faint|p2a: rotomwash
|
|upkeep
|
|t:|1663053320
|switch|p2a: Tangrowth|Tangrowth, F|100/100
|turn|24
|
|t:|1663053325
|move|p1a: Moltres|Hurricane|p2a: Tangrowth|[miss]
|-miss|p1a: Moltres|p2a: Tangrowth
|move|p2a: Tangrowth|Focus Blast|p1a: Moltres
|-damage|p1a: Moltres|0 fnt
|faint|p1a: Moltres
|
|upkeep
|
|t:|1663053327
|switch|p1a: Garchomp|Garchomp, M|41/100
|-damage|p1a: Garchomp|35/100|[from] Stealth Rock
|turn|25
|
|t:|1663053336
|move|p1a: Garchomp|Swords Dance|p1a: Garchomp
|-boost|p1a: Garchomp|atk|2
|move|p2a: Tangrowth|Giga Drain|p1a: Garchomp
|-damage|p1a: Garchomp|5/100
|
|-heal|p1a: Garchomp|11/100|[from] item: Leftovers
|upkeep
|turn|26
|
|t:|1663053338
|move|p1a: Garchomp|Fire Fang|p2a: Tangrowth
|-supereffective|p2a: Tangrowth
|-damage|p2a: Tangrowth|50/100
|-status|p2a: Tangrowth|brn
|move|p2a: Tangrowth|Giga Drain|p1a: Garchomp
|-damage|p1a: Garchomp|0 fnt
|-heal|p2a: Tangrowth|55/100 brn|[from] drain|[of] p1a: Garchomp
|faint|p1a: Garchomp
|
|win|minimax_ai
|raw|Pinks1ip's rating: 1491 &rarr; <strong>1473</strong><br />(-18 for losing)
|raw|minimax_ai's rating: 1529 &rarr; <strong>1547</strong><br />(+18 for winning)
|c|☆minimax_ai|gg
