|raw|<div class="broadcast-blue"><strong>This battle is required to be public due to a player having a name starting with 'lt81yl'.</div>
|j|☆gaijineagle
|j|☆LT81YL devin
|t:|1625672677
|gametype|singles
|player|p1|gaijineagle|2|1699
|player|p2|LT81YL devin|proton|1788
|teamsize|p1|6
|teamsize|p2|6
|gen|8
|tier|[Gen 8] OU
|rated|
|rule|Sleep Clause Mod: Limit one foe put to sleep
|rule|Species Clause: Limit one of each Pokémon
|rule|OHKO Clause: OHKO moves are banned
|rule|Evasion Moves Clause: Evasion moves are banned
|rule|Endless Battle Clause: Forcing endless battles is banned
|rule|HP Percentage Mod: HP is shown in percentages
|rule|Dynamax Clause: You cannot dynamax
|clearpoke
|poke|p1|Landorus-Therian, M|
|poke|p1|Kyurem|
|poke|p1|Urshifu-*, M|
|poke|p1|Moltres-Galar|
|poke|p1|Dragapult, M|
|poke|p1|Aegislash, M|
|poke|p2|Garchomp, M|
|poke|p2|Landorus-Therian, M|
|poke|p2|Kartana|
|poke|p2|Moltres-Galar|
|poke|p2|Urshifu-*, F|
|poke|p2|Aegislash, F|
|teampreview
|inactive|Battle timer is ON: inactive players will automatically lose when time's up. (requested by gaijineagle)
|c|☆gaijineagle|hf bro
|
|t:|1625672705
|start
|switch|p1a: Kyurem|Kyurem, shiny|100/100
|switch|p2a: Aegislash|Aegislash, F|100/100
|-ability|p1a: Kyurem|Pressure
|turn|1
|
|t:|1625672712
|switch|p1a: Moltres|Moltres-Galar|100/100
|-formechange|p2a: Aegislash|Aegislash-Blade||[from] ability: Stance Change
|move|p2a: Aegislash|Flash Cannon|p1a: Moltres
|-damage|p1a: Moltres|37/100
|-unboost|p1a: Moltres|spd|1
|-ability|p1a: Moltres|Berserk|boost
|-boost|p1a: Moltres|spa|1
|
|upkeep
|turn|2
|
|t:|1625672728
|switch|p2a: Moltres|Moltres-Galar|100/100
|move|p1a: Moltres|Fiery Wrath|p2a: Moltres
|-resisted|p2a: Moltres
|-damage|p2a: Moltres|73/100
|
|upkeep
|turn|3
|
|t:|1625672745
|move|p1a: Moltres|Air Slash|p2a: Moltres
|-damage|p2a: Moltres|28/100
|-ability|p2a: Moltres|Berserk|boost
|-boost|p2a: Moltres|spa|1
|cant|p2a: Moltres|flinch
|
|upkeep
|turn|4
|
|t:|1625672752
|move|p1a: Moltres|Air Slash|p2a: Moltres
|-damage|p2a: Moltres|0 fnt
|faint|p2a: Moltres
|
|upkeep
|
|t:|1625672758
|switch|p2a: Urshifu|Urshifu-Rapid-Strike, F|100/100
|turn|5
|
|t:|1625672762
|move|p2a: Urshifu|Surging Strikes|p1a: Moltres
|-crit|p1a: Moltres
|-damage|p1a: Moltres|4/100
|-crit|p1a: Moltres
|-damage|p1a: Moltres|0 fnt
|faint|p1a: Moltres
|-hitcount|p1: Moltres|2
|
|upkeep
|inactive|gaijineagle has 120 seconds left.
|
|t:|1625672793
|switch|p1a: Dragapult|Dragapult, M|100/100
|turn|6
|
|t:|1625672811
|move|p1a: Dragapult|Dragon Dance|p1a: Dragapult
|-boost|p1a: Dragapult|atk|1
|-boost|p1a: Dragapult|spe|1
|move|p2a: Urshifu|Surging Strikes|p1a: Dragapult
|-resisted|p1a: Dragapult
|-crit|p1a: Dragapult
|-damage|p1a: Dragapult|80/100
|-resisted|p1a: Dragapult
|-crit|p1a: Dragapult
|-damage|p1a: Dragapult|57/100
|-resisted|p1a: Dragapult
|-crit|p1a: Dragapult
|-damage|p1a: Dragapult|36/100
|-hitcount|p1a: Dragapult|3
|
|upkeep
|turn|7
|
|t:|1625672816
|move|p1a: Dragapult|Dragon Darts|p2a: Urshifu
|-damage|p2a: Urshifu|50/100
|-anim|p1a: Dragapult|Dragon Darts|p2a: Urshifu
|-damage|p2a: Urshifu|0 fnt
|faint|p2a: Urshifu
|-damage|p1a: Dragapult|26/100|[from] item: Life Orb
|
|upkeep
|
|t:|1625672832
|switch|p2a: Aegislash|Aegislash, F|100/100
|turn|8
|
|t:|1625672835
|-formechange|p2a: Aegislash|Aegislash-Blade||[from] ability: Stance Change
|move|p2a: Aegislash|Shadow Sneak|p1a: Dragapult
|-supereffective|p1a: Dragapult
|-damage|p1a: Dragapult|0 fnt
|faint|p1a: Dragapult
|
|upkeep
|
|t:|1625672849
|switch|p1a: Aegislash|Aegislash, M, shiny|100/100
|turn|9
|
|t:|1625672853
|switch|p2a: Landorus|Landorus-Therian, M|100/100
|-ability|p2a: Landorus|Intimidate|boost
|-unboost|p1a: Aegislash|atk|1
|-formechange|p1a: Aegislash|Aegislash-Blade||[from] ability: Stance Change
|move|p1a: Aegislash|Shadow Ball|p2a: Landorus
|-damage|p2a: Landorus|14/100
|-unboost|p2a: Landorus|spd|1
|
|upkeep
|turn|10
|
|t:|1625672863
|move|p2a: Landorus|U-turn|p1a: Aegislash
|-resisted|p1a: Aegislash
|-damage|p1a: Aegislash|77/100
|
|t:|1625672866
|switch|p2a: Garchomp|Garchomp, M|100/100|[from]move: U-turn
|move|p1a: Aegislash|Shadow Ball|p2a: Garchomp
|-damage|p2a: Garchomp|33/100
|
|upkeep
|turn|11
|
|t:|1625672876
|switch|p1a: Landorus|Landorus-Therian, M|100/100
|-ability|p1a: Landorus|Intimidate|boost
|-unboost|p2a: Garchomp|atk|1
|move|p2a: Garchomp|Stealth Rock|p1a: Landorus
|-sidestart|p1: gaijineagle|move: Stealth Rock
|
|upkeep
|turn|12
|
|t:|1625672880
|switch|p2a: Landorus|Landorus-Therian, M|14/100
|-ability|p2a: Landorus|Intimidate|boost
|-unboost|p1a: Landorus|atk|1
|move|p1a: Landorus|U-turn|p2a: Landorus
|-resisted|p2a: Landorus
|-damage|p2a: Landorus|0 fnt
|faint|p2a: Landorus
|
|t:|1625672893
|switch|p1a: Urshifu|Urshifu-Rapid-Strike, M|100/100|[from]move: U-turn
|-damage|p1a: Urshifu|94/100|[from] Stealth Rock
|
|upkeep
|
|t:|1625672898
|switch|p2a: Kartana|Kartana|100/100
|turn|13
|
|t:|1625672905
|move|p1a: Urshifu|Close Combat|p2a: Kartana
|-supereffective|p2a: Kartana
|-damage|p2a: Kartana|0 fnt
|-unboost|p1a: Urshifu|def|1
|-unboost|p1a: Urshifu|spd|1
|faint|p2a: Kartana
|
|upkeep
|
|t:|1625672910
|switch|p2a: Aegislash|Aegislash, F|100/100
|turn|14
|
|t:|1625672913
|switch|p1a: Landorus|Landorus-Therian, M|100/100
|-damage|p1a: Landorus|88/100|[from] Stealth Rock
|-ability|p1a: Landorus|Intimidate|boost
|-unboost|p2a: Aegislash|atk|1
|-formechange|p2a: Aegislash|Aegislash-Blade||[from] ability: Stance Change
|move|p2a: Aegislash|Shadow Ball|p1a: Landorus
|-damage|p1a: Landorus|0 fnt
|faint|p1a: Landorus
|
|upkeep
|j| sugarhigh
|
|t:|1625672932
|switch|p1a: Urshifu|Urshifu-Rapid-Strike, M|94/100
|-damage|p1a: Urshifu|88/100|[from] Stealth Rock
|turn|15
|
|t:|1625672935
|switch|p2a: Garchomp|Garchomp, M|33/100
|move|p1a: Urshifu|Surging Strikes|p2a: Garchomp
|-crit|p2a: Garchomp
|-damage|p2a: Garchomp|20/100
|-damage|p1a: Urshifu|76/100|[from] ability: Rough Skin|[of] p2a: Garchomp
|-damage|p1a: Urshifu|59/100|[from] item: Rocky Helmet|[of] p2a: Garchomp
|-crit|p2a: Garchomp
|-damage|p2a: Garchomp|7/100
|-damage|p1a: Urshifu|47/100|[from] ability: Rough Skin|[of] p2a: Garchomp
|-damage|p1a: Urshifu|30/100|[from] item: Rocky Helmet|[of] p2a: Garchomp
|-crit|p2a: Garchomp
|-damage|p2a: Garchomp|0 fnt
|-damage|p1a: Urshifu|18/100|[from] ability: Rough Skin|[of] p2a: Garchomp
|-damage|p1a: Urshifu|1/100|[from] item: Rocky Helmet|[of] p2a: Garchomp
|faint|p2a: Garchomp
|-hitcount|p2: Garchomp|3
|
|upkeep
|j| IPF
|
|t:|1625672951
|switch|p2a: Aegislash|Aegislash, F|100/100
|turn|16
|
|t:|1625672960
|-formechange|p2a: Aegislash|Aegislash-Blade||[from] ability: Stance Change
|move|p2a: Aegislash|Shadow Sneak|p1a: Urshifu
|-damage|p1a: Urshifu|0 fnt
|faint|p1a: Urshifu
|
|upkeep
|
|t:|1625672971
|switch|p1a: Kyurem|Kyurem, shiny|100/100
|-damage|p1a: Kyurem|76/100|[from] Stealth Rock
|-ability|p1a: Kyurem|Pressure
|turn|17
|
|t:|1625672973
|move|p2a: Aegislash|Shadow Sneak|p1a: Kyurem
|-damage|p1a: Kyurem|58/100
|move|p1a: Kyurem|Earth Power|p2a: Aegislash
|-supereffective|p2a: Aegislash
|-damage|p2a: Aegislash|0 fnt
|faint|p2a: Aegislash
|
|win|gaijineagle
|raw|gaijineagle's rating: 1699 &rarr; <strong>1724</strong><br />(+25 for winning)
|raw|LT81YL devin's rating: 1789 &rarr; <strong>1764</strong><br />(-25 for losing)
|c|☆gaijineagle|gg
|l|☆LT81YL devin
|l| sugarhigh
|l| IPF
||Ladder isn't responding, score probably updated but might not have (Request timeout).
