|raw|<div class="broadcast-blue"><strong>This battle is required to be public due to a player having a name starting with 'lt94je'.</div>
|j|☆GGeorgie
|j|☆LT94JE tj
|t:|1661294871
|gametype|singles
|player|p1|GGeorgie|hiker-gen2|1764
|player|p2|LT94JE tj|#uplxdurians|1784
|teamsize|p1|6
|teamsize|p2|6
|gen|8
|tier|[Gen 8] OU
|rated|
|rule|Sleep Clause Mod: Limit one foe put to sleep
|rule|Species Clause: Limit one of each Pokémon
|rule|OHKO Clause: OHKO moves are banned
|rule|Evasion Items Clause: Evasion items are banned
|rule|Evasion Moves Clause: Evasion moves are banned
|rule|Endless Battle Clause: Forcing endless battles is banned
|rule|HP Percentage Mod: HP is shown in percentages
|rule|Dynamax Clause: You cannot dynamax
|clearpoke
|poke|p1|Excadrill, F|
|poke|p1|Tyranitar, F|
|poke|p1|Landorus-Therian, M|
|poke|p1|Victini|
|poke|p1|Rotom-Wash|
|poke|p1|Melmetal|
|poke|p2|Tapu Lele|
|poke|p2|Tyranitar, F|
|poke|p2|Excadrill, M|
|poke|p2|Ferrothorn, M|
|poke|p2|Zapdos|
|poke|p2|Urshifu-*, F|
|teampreview
|inactive|Battle timer is ON: inactive players will automatically lose when time's up. (requested by LT94JE tj)
|
|t:|1661294886
|start
|switch|p1a: Rotom|Rotom-Wash|100/100
|switch|p2a: Urshifu|Urshifu-Rapid-Strike, F|100/100
|turn|1
|
|t:|1661294888
|switch|p1a: Landorus|Landorus-Therian, M|100/100
|-ability|p1a: Landorus|Intimidate|boost
|-unboost|p2a: Urshifu|atk|1
|move|p2a: Urshifu|U-turn|p1a: Landorus
|-resisted|p1a: Landorus
|-damage|p1a: Landorus|92/100
|j| Sc0rcha
|
|t:|1661294894
|switch|p2a: Ferrothorn|Ferrothorn, M|100/100|[from]move: U-turn
|
|upkeep
|turn|2
|
|t:|1661294897
|move|p1a: Landorus|U-turn|p2a: Ferrothorn
|-damage|p2a: Ferrothorn|82/100
|-damage|p1a: Landorus|79/100|[from] ability: Iron Barbs|[of] p2a: Ferrothorn
|
|t:|1661294899
|switch|p1a: Victini|Victini|100/100|[from]move: U-turn
|move|p2a: Ferrothorn|Stealth Rock|p1a: Victini
|-sidestart|p1: GGeorgie|move: Stealth Rock
|
|-heal|p2a: Ferrothorn|88/100|[from] item: Leftovers
|upkeep
|turn|3
|j| Stoutberg
|
|t:|1661294903
|switch|p2a: Tyranitar|Tyranitar, F|100/100
|-weather|Sandstorm|[from] ability: Sand Stream|[of] p2a: Tyranitar
|move|p1a: Victini|Power-Up Punch|p2a: Tyranitar
|-supereffective|p2a: Tyranitar
|-damage|p2a: Tyranitar|58/100
|-boost|p1a: Victini|atk|1
|
|-weather|Sandstorm|[upkeep]
|-damage|p1a: Victini|94/100|[from] Sandstorm
|upkeep
|turn|4
|j| Smash Time steez
|j| mitanachi suisei
|j| oakdeon
|j| hippo kek
|j| Oily man
|inactive|LT94JE tj has 120 seconds left.
|j| BeastBraedon123
|inactive|GGeorgie has 120 seconds left.
|j| Momentary Life
|
|t:|1661294954
|switch|p2a: Excadrill|Excadrill, M|100/100
|move|p1a: Victini|Power-Up Punch|p2a: Excadrill
|-supereffective|p2a: Excadrill
|-damage|p2a: Excadrill|53/100
|-boost|p1a: Victini|atk|1
|
|-weather|Sandstorm|[upkeep]
|-damage|p1a: Victini|88/100|[from] Sandstorm
|upkeep
|turn|5
|inactive|LT94JE tj has 120 seconds left.
|
|t:|1661294960
|switch|p1a: Excadrill|Excadrill, F|100/100
|-damage|p1a: Excadrill|97/100|[from] Stealth Rock
|-item|p1a: Excadrill|Air Balloon
|move|p2a: Excadrill|Rock Slide|p1a: Excadrill
|-resisted|p1a: Excadrill
|-damage|p1a: Excadrill|82/100
|-enditem|p1a: Excadrill|Air Balloon
|
|-weather|Sandstorm|[upkeep]
|upkeep
|turn|6
|c| Oily man|ur avatar look like me
|
|t:|1661294966
|switch|p2a: Zapdos|Zapdos|100/100
|move|p1a: Excadrill|Rapid Spin|p2a: Zapdos
|-damage|p2a: Zapdos|86/100
|-boost|p1a: Excadrill|spe|1
|-sideend|p1: GGeorgie|Stealth Rock|[from] move: Rapid Spin|[of] p1a: Excadrill
|
|-weather|Sandstorm|[upkeep]
|-damage|p2a: Zapdos|80/100|[from] Sandstorm
|upkeep
|turn|7
|c| Oily man|GGeorgie
|inactive|GGeorgie has 120 seconds left.
|
|t:|1661294974
|switch|p1a: Tyranitar|Tyranitar, F|100/100
|move|p2a: Zapdos|Volt Switch|p1a: Tyranitar
|-damage|p1a: Tyranitar|82/100
|l| Sc0rcha
|
|t:|1661294978
|switch|p2a: Urshifu|Urshifu-Rapid-Strike, F|100/100|[from]move: Volt Switch
|
|-weather|none
|upkeep
|turn|8
|
|t:|1661294982
|switch|p1a: Rotom|Rotom-Wash|100/100
|move|p2a: Urshifu|Close Combat|p1a: Rotom
|-damage|p1a: Rotom|49/100
|-unboost|p2a: Urshifu|def|1
|-unboost|p2a: Urshifu|spd|1
|
|upkeep
|turn|9
|
|t:|1661295003
|switch|p2a: Excadrill|Excadrill, M|53/100
|move|p1a: Rotom|Volt Switch|p2a: Excadrill
|-immune|p2a: Excadrill
|
|upkeep
|turn|10
|
|t:|1661295013
|switch|p2a: Urshifu|Urshifu-Rapid-Strike, F|100/100
|move|p1a: Rotom|Will-O-Wisp|p2a: Urshifu
|-status|p2a: Urshifu|brn
|
|-damage|p2a: Urshifu|94/100 brn|[from] brn
|upkeep
|turn|11
|
|t:|1661295019
|move|p2a: Urshifu|U-turn|p1a: Rotom
|-damage|p1a: Rotom|38/100
|
|t:|1661295022
|switch|p2a: Ferrothorn|Ferrothorn, M|88/100|[from]move: U-turn
|move|p1a: Rotom|Pain Split|p2a: Ferrothorn
|-sethp|p2a: Ferrothorn|60/100|[from] move: Pain Split|[silent]
|-sethp|p1a: Rotom|70/100|[from] move: Pain Split
|
|-heal|p2a: Ferrothorn|67/100|[from] item: Leftovers
|upkeep
|turn|12
|
|t:|1661295026
|move|p1a: Rotom|Will-O-Wisp|p2a: Ferrothorn
|-status|p2a: Ferrothorn|brn
|move|p2a: Ferrothorn|Stealth Rock|p1a: Rotom
|-sidestart|p1: GGeorgie|move: Stealth Rock
|
|-heal|p2a: Ferrothorn|73/100 brn|[from] item: Leftovers
|-damage|p2a: Ferrothorn|67/100 brn|[from] brn
|upkeep
|turn|13
|
|t:|1661295030
|move|p1a: Rotom|Volt Switch|p2a: Ferrothorn
|-resisted|p2a: Ferrothorn
|-damage|p2a: Ferrothorn|59/100 brn
|
|t:|1661295032
|switch|p1a: Victini|Victini|88/100|[from]move: Volt Switch
|move|p2a: Ferrothorn|Knock Off|p1a: Victini
|-supereffective|p1a: Victini
|-damage|p1a: Victini|65/100
|-enditem|p1a: Victini|Heavy-Duty Boots|[from] move: Knock Off|[of] p2a: Ferrothorn
|
|-heal|p2a: Ferrothorn|65/100 brn|[from] item: Leftovers
|-damage|p2a: Ferrothorn|59/100 brn|[from] brn
|upkeep
|turn|14
|
|t:|1661295040
|switch|p2a: Tyranitar|Tyranitar, F|58/100
|-weather|Sandstorm|[from] ability: Sand Stream|[of] p2a: Tyranitar
|move|p1a: Victini|V-create|p2a: Tyranitar
|-resisted|p2a: Tyranitar
|-damage|p2a: Tyranitar|23/100
|-unboost|p1a: Victini|spe|1
|-unboost|p1a: Victini|def|1
|-unboost|p1a: Victini|spd|1
|
|-weather|Sandstorm|[upkeep]
|-damage|p1a: Victini|59/100|[from] Sandstorm
|upkeep
|turn|15
|
|t:|1661295054
|switch|p1a: Melmetal|Melmetal|100/100
|-damage|p1a: Melmetal|94/100|[from] Stealth Rock
|move|p2a: Tyranitar|Crunch|p1a: Melmetal
|-damage|p1a: Melmetal|51/100
|
|-weather|Sandstorm|[upkeep]
|-heal|p1a: Melmetal|58/100|[from] item: Leftovers
|upkeep
|turn|16
|
|t:|1661295062
|move|p2a: Tyranitar|Crunch|p1a: Melmetal
|-damage|p1a: Melmetal|17/100
|move|p1a: Melmetal|Toxic|p2a: Tyranitar|[miss]
|-miss|p1a: Melmetal|p2a: Tyranitar
|
|-weather|Sandstorm|[upkeep]
|-heal|p1a: Melmetal|24/100|[from] item: Leftovers
|upkeep
|turn|17
|
|t:|1661295065
|move|p1a: Melmetal|Protect|p1a: Melmetal
|-singleturn|p1a: Melmetal|Protect
|move|p2a: Tyranitar|Crunch|p1a: Melmetal
|-activate|p1a: Melmetal|move: Protect
|
|-weather|Sandstorm|[upkeep]
|-heal|p1a: Melmetal|30/100|[from] item: Leftovers
|upkeep
|turn|18
|
|t:|1661295074
|move|p1a: Melmetal|Protect|p1a: Melmetal
|-singleturn|p1a: Melmetal|Protect
|move|p2a: Tyranitar|Crunch|p1a: Melmetal
|-activate|p1a: Melmetal|move: Protect
|
|-weather|none
|-heal|p1a: Melmetal|36/100|[from] item: Leftovers
|upkeep
|turn|19
|
|t:|1661295077
|switch|p1a: Tyranitar|Tyranitar, F|82/100
|-damage|p1a: Tyranitar|69/100|[from] Stealth Rock
|-weather|Sandstorm|[from] ability: Sand Stream|[of] p1a: Tyranitar
|move|p2a: Tyranitar|Crunch|p1a: Tyranitar
|-resisted|p1a: Tyranitar
|-damage|p1a: Tyranitar|33/100
|
|-weather|Sandstorm|[upkeep]
|upkeep
|turn|20
|
|t:|1661295081
|move|p1a: Tyranitar|Earthquake|p2a: Tyranitar
|-supereffective|p2a: Tyranitar
|-crit|p2a: Tyranitar
|-damage|p2a: Tyranitar|0 fnt
|faint|p2a: Tyranitar
|
|-weather|Sandstorm|[upkeep]
|upkeep
|
|t:|1661295088
|switch|p2a: Urshifu|Urshifu-Rapid-Strike, F|94/100 brn
|turn|21
|l| oakdeon
|
|t:|1661295092
|switch|p1a: Rotom|Rotom-Wash|70/100
|-damage|p1a: Rotom|58/100|[from] Stealth Rock
|move|p2a: Urshifu|Close Combat|p1a: Rotom
|-damage|p1a: Rotom|32/100
|-unboost|p2a: Urshifu|def|1
|-unboost|p2a: Urshifu|spd|1
|
|-weather|Sandstorm|[upkeep]
|-damage|p2a: Urshifu|88/100 brn|[from] Sandstorm
|-damage|p1a: Rotom|26/100|[from] Sandstorm
|-damage|p2a: Urshifu|82/100 brn|[from] brn
|upkeep
|turn|22
|
|t:|1661295096
|move|p2a: Urshifu|Close Combat|p1a: Rotom
|-damage|p1a: Rotom|0 fnt
|-unboost|p2a: Urshifu|def|1
|-unboost|p2a: Urshifu|spd|1
|faint|p1a: Rotom
|
|-weather|Sandstorm|[upkeep]
|-damage|p2a: Urshifu|76/100 brn|[from] Sandstorm
|-damage|p2a: Urshifu|70/100 brn|[from] brn
|upkeep
|
|t:|1661295098
|switch|p1a: Excadrill|Excadrill, F|82/100
|-damage|p1a: Excadrill|79/100|[from] Stealth Rock
|turn|23
|
|t:|1661295101
|switch|p2a: Zapdos|Zapdos|80/100
|move|p1a: Excadrill|Rapid Spin|p2a: Zapdos
|-damage|p2a: Zapdos|65/100
|-boost|p1a: Excadrill|spe|1
|-sideend|p1: GGeorgie|Stealth Rock|[from] move: Rapid Spin|[of] p1a: Excadrill
|
|-weather|none
|upkeep
|turn|24
|
|t:|1661295104
|switch|p1a: Landorus|Landorus-Therian, M|79/100
|-ability|p1a: Landorus|Intimidate|boost
|-unboost|p2a: Zapdos|atk|1
|move|p2a: Zapdos|Roost|p2a: Zapdos
|-heal|p2a: Zapdos|100/100
|-singleturn|p2a: Zapdos|move: Roost
|
|upkeep
|turn|25
|
|t:|1661295109
|move|p1a: Landorus|Stone Edge|p2a: Zapdos
|-supereffective|p2a: Zapdos
|-crit|p2a: Zapdos
|-damage|p2a: Zapdos|18/100
|move|p2a: Zapdos|Hurricane|p1a: Landorus
|-damage|p1a: Landorus|20/100
|
|upkeep
|turn|26
|
|t:|1661295115
|switch|p1a: Victini|Victini|59/100
|switch|p2a: Ferrothorn|Ferrothorn, M|59/100 brn
|
|-heal|p2a: Ferrothorn|65/100 brn|[from] item: Leftovers
|-damage|p2a: Ferrothorn|59/100 brn|[from] brn
|upkeep
|turn|27
|
|t:|1661295132
|switch|p2a: Urshifu|Urshifu-Rapid-Strike, F|70/100 brn
|move|p1a: Victini|Bolt Strike|p2a: Urshifu
|-supereffective|p2a: Urshifu
|-damage|p2a: Urshifu|0 fnt
|faint|p2a: Urshifu
|
|upkeep
|
|t:|1661295140
|switch|p2a: Tapu Lele|Tapu Lele|100/100
|-fieldstart|move: Psychic Terrain|[from] ability: Psychic Surge|[of] p2a: Tapu Lele
|turn|28
|
|t:|1661295145
|move|p2a: Tapu Lele|Moonblast|p1a: Victini
|-resisted|p1a: Victini
|-crit|p1a: Victini
|-damage|p1a: Victini|19/100
|move|p1a: Victini|V-create|p2a: Tapu Lele
|-damage|p2a: Tapu Lele|0 fnt
|-unboost|p1a: Victini|spe|1
|-unboost|p1a: Victini|def|1
|-unboost|p1a: Victini|spd|1
|faint|p2a: Tapu Lele
|
|upkeep
|-message|LT94JE tj forfeited.
|
|win|GGeorgie
|raw|GGeorgie's rating: 1764 &rarr; <strong>1785</strong><br />(+21 for winning)
|raw|LT94JE tj's rating: 1784 &rarr; <strong>1763</strong><br />(-21 for losing)
|l|☆LT94JE tj
