|j|☆Steez Ibanez
|j|☆Mutako Z
|t:|1668005255
|gametype|singles
|player|p1|Steez Ibanez|acetrainer-gen7|1821
|player|p2|Mutako Z|koga|1856
|teamsize|p1|6
|teamsize|p2|6
|gen|8
|tier|[Gen 8] OU
|rated|
|rule|Sleep Clause Mod: Limit one foe put to sleep
|rule|Species Clause: Limit one of each Pokémon
|rule|OHKO Clause: OHKO moves are banned
|rule|Evasion Items Clause: Evasion items are banned
|rule|Evasion Moves Clause: Evasion moves are banned
|rule|Endless Battle Clause: Forcing endless battles is banned
|rule|HP Percentage Mod: HP is shown in percentages
|rule|Dynamax Clause: You cannot dynamax
|clearpoke
|poke|p1|Weezing-Galar, M|
|poke|p1|Hydreigon, M|
|poke|p1|Ferrothorn, M|
|poke|p1|Zapdos|
|poke|p1|Primarina, F|
|poke|p1|Heatran, M|
|poke|p2|Hippowdon, F|
|poke|p2|Tyranitar, F|
|poke|p2|Excadrill, M|
|poke|p2|Dracozolt|
|poke|p2|Zapdos|
|poke|p2|Slowbro, M|
|teampreview
|inactive|Battle timer is ON: inactive players will automatically lose when time's up. (requested by Steez Ibanez)
|
|t:|1668005265
|start
|switch|p1a: Speedwagon|Weezing-Galar, M|100/100
|switch|p2a: Achilles|Zapdos|100/100
|turn|1
|
|t:|1668005293
|switch|p1a: Bolt|Zapdos|100/100
|move|p2a: Achilles|Hurricane|p1a: Bolt|[miss]
|-miss|p2a: Achilles|p1a: Bolt
|
|upkeep
|turn|2
|
|t:|1668005298
|move|p2a: Achilles|Volt Switch|p1a: Bolt
|-damage|p1a: Bolt|70/100
|
|t:|1668005302
|switch|p2a: Mao|Tyranitar, F|100/100|[from]move: Volt Switch
|-weather|Sandstorm|[from] ability: Sand Stream|[of] p2a: Mao
|move|p1a: Bolt|Toxic|p2a: Mao|[miss]
|-miss|p1a: Bolt|p2a: Mao
|
|-weather|Sandstorm|[upkeep]
|-damage|p1a: Bolt|64/100|[from] Sandstorm
|upkeep
|turn|3
|j| TouchyFeelie
|j| aReptileDysfunctn
|
|t:|1668005320
|switch|p2a: Foncecar|Slowbro, M|100/100
|move|p1a: Bolt|Volt Switch|p2a: Foncecar
|-supereffective|p2a: Foncecar
|-crit|p2a: Foncecar
|-damage|p2a: Foncecar|10/100
|
|t:|1668005323
|switch|p1a: Hades|Hydreigon, M|100/100|[from]move: Volt Switch
|
|-weather|Sandstorm|[upkeep]
|-damage|p1a: Hades|94/100|[from] Sandstorm
|-damage|p2a: Foncecar|4/100|[from] Sandstorm
|-heal|p1a: Hades|100/100|[from] item: Leftovers
|upkeep
|turn|4
|j| AKzerobsx
|
|t:|1668005336
|switch|p2a: Mao|Tyranitar, F|100/100
|move|p1a: Hades|Substitute|p1a: Hades
|-start|p1a: Hades|Substitute
|-damage|p1a: Hades|76/100
|
|-weather|Sandstorm|[upkeep]
|-damage|p1a: Hades|69/100|[from] Sandstorm
|-heal|p1a: Hades|76/100|[from] item: Leftovers
|upkeep
|turn|5
|
|t:|1668005344
|move|p1a: Hades|Nasty Plot|p1a: Hades
|-boost|p1a: Hades|spa|2
|move|p2a: Mao|Ice Punch|p1a: Hades
|-supereffective|p1a: Hades
|-end|p1a: Hades|Substitute
|
|-weather|Sandstorm|[upkeep]
|-damage|p1a: Hades|69/100|[from] Sandstorm
|-heal|p1a: Hades|76/100|[from] item: Leftovers
|upkeep
|turn|6
|
|t:|1668005353
|switch|p1a: Abomination|Ferrothorn, M|100/100
|move|p2a: Mao|Ice Punch|p1a: Abomination
|-damage|p1a: Abomination|83/100
|-damage|p2a: Mao|88/100|[from] ability: Iron Barbs|[of] p1a: Abomination
|-damage|p2a: Mao|72/100|[from] item: Rocky Helmet|[of] p1a: Abomination
|
|-weather|none
|upkeep
|turn|7
|
|t:|1668005361
|switch|p2a: Foncecar|Slowbro, M|37/100
|switch|p1a: Bolt|Zapdos|64/100
|
|upkeep
|turn|8
|
|t:|1668005368
|switch|p2a: Mao|Tyranitar, F|72/100
|-weather|Sandstorm|[from] ability: Sand Stream|[of] p2a: Mao
|move|p1a: Bolt|Toxic|p2a: Mao
|-status|p2a: Mao|tox
|
|-weather|Sandstorm|[upkeep]
|-damage|p1a: Bolt|57/100|[from] Sandstorm
|-damage|p2a: Mao|66/100 tox|[from] psn
|upkeep
|turn|9
|
|t:|1668005377
|move|p1a: Bolt|Roost|p1a: Bolt
|-heal|p1a: Bolt|100/100
|-singleturn|p1a: Bolt|move: Roost
|move|p2a: Mao|Thunder Wave|p1a: Bolt
|-immune|p1a: Bolt
|
|-weather|Sandstorm|[upkeep]
|-damage|p1a: Bolt|94/100|[from] Sandstorm
|-damage|p2a: Mao|53/100 tox|[from] psn
|upkeep
|turn|10
|
|t:|1668005387
|switch|p2a: Foncecar|Slowbro, M|71/100
|move|p1a: Bolt|Volt Switch|p2a: Foncecar
|-supereffective|p2a: Foncecar
|-damage|p2a: Foncecar|15/100
|
|t:|1668005391
|switch|p1a: Hades|Hydreigon, M|76/100|[from]move: Volt Switch
|
|-weather|Sandstorm|[upkeep]
|-damage|p1a: Hades|69/100|[from] Sandstorm
|-damage|p2a: Foncecar|9/100|[from] Sandstorm
|-heal|p1a: Hades|76/100|[from] item: Leftovers
|upkeep
|turn|11
|
|t:|1668005400
|switch|p2a: Achilles|Zapdos|100/100
|move|p1a: Hades|Substitute|p1a: Hades
|-start|p1a: Hades|Substitute
|-damage|p1a: Hades|51/100
|
|-weather|Sandstorm|[upkeep]
|-damage|p1a: Hades|44/100|[from] Sandstorm
|-damage|p2a: Achilles|94/100|[from] Sandstorm
|-heal|p1a: Hades|51/100|[from] item: Leftovers
|upkeep
|turn|12
|c| AKzerobsx|wow
|
|t:|1668005410
|move|p1a: Hades|Nasty Plot|p1a: Hades
|-boost|p1a: Hades|spa|2
|move|p2a: Achilles|Hurricane|p1a: Hades
|-end|p1a: Hades|Substitute
|
|-weather|none
|-heal|p1a: Hades|57/100|[from] item: Leftovers
|upkeep
|turn|13
|
|t:|1668005420
|move|p1a: Hades|Dark Pulse|p2a: Achilles
|-damage|p2a: Achilles|13/100
|move|p2a: Achilles|Volt Switch|p1a: Hades
|-resisted|p1a: Hades
|-damage|p1a: Hades|41/100
|
|t:|1668005426
|switch|p2a: Mao|Tyranitar, F|53/100 tox|[from]move: Volt Switch
|-weather|Sandstorm|[from] ability: Sand Stream|[of] p2a: Mao
|
|-weather|Sandstorm|[upkeep]
|-damage|p1a: Hades|35/100|[from] Sandstorm
|-heal|p1a: Hades|41/100|[from] item: Leftovers
|-damage|p2a: Mao|47/100 tox|[from] psn
|upkeep
|turn|14
|
|t:|1668005434
|move|p1a: Hades|Flash Cannon|p2a: Mao
|-supereffective|p2a: Mao
|-damage|p2a: Mao|0 fnt
|faint|p2a: Mao
|
|-weather|Sandstorm|[upkeep]
|-damage|p1a: Hades|35/100|[from] Sandstorm
|-heal|p1a: Hades|41/100|[from] item: Leftovers
|upkeep
|
|t:|1668005444
|switch|p2a: Swagzaer|Dracozolt|100/100
|turn|15
|
|t:|1668005449
|switch|p1a: Abomination|Ferrothorn, M|83/100
|move|p2a: Swagzaer|Fire Blast|p1a: Abomination
|-supereffective|p1a: Abomination
|-damage|p1a: Abomination|0 fnt
|faint|p1a: Abomination
|-damage|p2a: Swagzaer|91/100|[from] item: Life Orb
|
|-weather|Sandstorm|[upkeep]
|upkeep
|
|t:|1668005454
|switch|p1a: Hephaestus|Heatran, M|100/100
|-item|p1a: Hephaestus|Air Balloon
|turn|16
|
|t:|1668005462
|switch|p2a: Achilles|Zapdos|13/100
|move|p1a: Hephaestus|Earth Power|p2a: Achilles
|-immune|p2a: Achilles
|
|-weather|Sandstorm|[upkeep]
|-damage|p2a: Achilles|7/100|[from] Sandstorm
|upkeep
|turn|17
|
|t:|1668005469
|move|p1a: Hephaestus|Eruption|p2a: Achilles
|-damage|p2a: Achilles|0 fnt
|faint|p2a: Achilles
|
|-weather|none
|upkeep
|
|t:|1668005480
|switch|p2a: Foncecar|Slowbro, M|42/100
|turn|18
|
|t:|1668005494
|move|p1a: Hephaestus|Eruption|p2a: Foncecar
|-resisted|p2a: Foncecar
|-damage|p2a: Foncecar|0 fnt
|faint|p2a: Foncecar
|
|upkeep
|
|t:|1668005499
|switch|p2a: Bernard Tapie|Hippowdon, F|100/100
|-weather|Sandstorm|[from] ability: Sand Stream|[of] p2a: Bernard Tapie
|turn|19
|
|t:|1668005504
|move|p1a: Hephaestus|Magma Storm|p2a: Bernard Tapie|[miss]
|-miss|p1a: Hephaestus|p2a: Bernard Tapie
|move|p2a: Bernard Tapie|Ice Fang|p1a: Hephaestus
|-resisted|p1a: Hephaestus
|-damage|p1a: Hephaestus|96/100
|-enditem|p1a: Hephaestus|Air Balloon
|
|-weather|Sandstorm|[upkeep]
|upkeep
|turn|20
|
|t:|1668005513
|move|p1a: Hephaestus|Magma Storm|p2a: Bernard Tapie
|-damage|p2a: Bernard Tapie|35/100
|-activate|p2a: Bernard Tapie|move: Magma Storm|[of] p1a: Hephaestus
|move|p2a: Bernard Tapie|Earthquake|p1a: Hephaestus
|-supereffective|p1a: Hephaestus
|-damage|p1a: Hephaestus|0 fnt
|faint|p1a: Hephaestus
|
|-weather|Sandstorm|[upkeep]
|-end|p2a: Bernard Tapie|Magma Storm|[partiallytrapped]|[silent]
|upkeep
|
|t:|1668005516
|switch|p1a: Hades|Hydreigon, M|41/100
|turn|21
|
|t:|1668005522
|move|p1a: Hades|Dark Pulse|p2a: Bernard Tapie
|-damage|p2a: Bernard Tapie|0 fnt
|faint|p2a: Bernard Tapie
|
|-weather|Sandstorm|[upkeep]
|-damage|p1a: Hades|35/100|[from] Sandstorm
|-heal|p1a: Hades|41/100|[from] item: Leftovers
|upkeep
|l| TouchyFeelie
|
|t:|1668005533
|switch|p2a: Swagzaer|Dracozolt|91/100
|turn|22
|
|t:|1668005543
|move|p2a: Swagzaer|Bolt Beak|p1a: Hades
|-resisted|p1a: Hades
|-damage|p1a: Hades|0 fnt
|faint|p1a: Hades
|-damage|p2a: Swagzaer|81/100|[from] item: Life Orb
|
|-weather|Sandstorm|[upkeep]
|upkeep
|
|t:|1668005547
|switch|p1a: Speedwagon|Weezing-Galar, M|100/100
|turn|23
|
|t:|1668005552
|move|p2a: Swagzaer|Bolt Beak|p1a: Speedwagon
|-damage|p1a: Speedwagon|45/100
|-damage|p2a: Swagzaer|71/100|[from] item: Life Orb
|move|p1a: Speedwagon|Strange Steam|p2a: Swagzaer
|-supereffective|p2a: Swagzaer
|-damage|p2a: Swagzaer|0 fnt
|faint|p2a: Swagzaer
|
|-weather|Sandstorm|[upkeep]
|-damage|p1a: Speedwagon|39/100|[from] Sandstorm
|-heal|p1a: Speedwagon|45/100|[from] item: Black Sludge
|upkeep
|
|t:|1668005562
|switch|p2a: drill|Excadrill, M|100/100
|turn|24
|
|t:|1668005578
|switch|p1a: Bolt|Zapdos|94/100
|move|p2a: drill|Swords Dance|p2a: drill
|-boost|p2a: drill|atk|2
|
|-weather|Sandstorm|[upkeep]
|-damage|p1a: Bolt|88/100|[from] Sandstorm
|upkeep
|turn|25
|j| down it
|
|t:|1668005585
|move|p2a: drill|Rock Slide|p1a: Bolt
|-supereffective|p1a: Bolt
|-damage|p1a: Bolt|0 fnt
|faint|p1a: Bolt
|-damage|p2a: drill|91/100|[from] item: Life Orb
|
|-weather|Sandstorm|[upkeep]
|upkeep
|l| down it
|
|t:|1668005596
|switch|p1a: Speedwagon|Weezing-Galar, M|45/100
|turn|26
|
|t:|1668005599
|move|p2a: drill|Iron Head|p1a: Speedwagon
|-supereffective|p1a: Speedwagon
|-damage|p1a: Speedwagon|0 fnt
|faint|p1a: Speedwagon
|-damage|p2a: drill|81/100|[from] item: Life Orb
|
|-weather|none
|upkeep
|
|t:|1668005605
|switch|p1a: Siren|Primarina, F|100/100
|turn|27
|
|t:|1668005611
|move|p2a: drill|Iron Head|p1a: Siren
|-damage|p1a: Siren|15/100
|-damage|p2a: drill|71/100|[from] item: Life Orb
|move|p1a: Siren|Scald|p2a: drill
|-supereffective|p2a: drill
|-damage|p2a: drill|0 fnt
|faint|p2a: drill
|
|win|Steez Ibanez
|raw|Steez Ibanez's rating: 1835 &rarr; <strong>1856</strong><br />(+21 for winning)
|raw|Mutako Z's rating: 1856 &rarr; <strong>1835</strong><br />(-21 for losing)
|l|☆Steez Ibanez
|l|☆Mutako Z
||Ladder isn't responding, score probably updated but might not have (Request timeout).
