|j|☆Pinkacross
|j|☆me313
|inactive|Battle timer is ON: inactive players will automatically lose when time's up.
|t:|1652641792
|gametype|singles
|player|p1|Pinkacross|artist|
|player|p2|me313|burgh|
|teamsize|p1|6
|teamsize|p2|6
|gen|8
|tier|[Gen 8] OU
|rated|Tournament battle
|rule|Sleep Clause Mod: Limit one foe put to sleep
|rule|Species Clause: Limit one of each Pokémon
|rule|OHKO Clause: OHKO moves are banned
|rule|Evasion Moves Clause: Evasion moves are banned
|rule|Endless Battle Clause: Forcing endless battles is banned
|rule|HP Percentage Mod: HP is shown in percentages
|rule|Dynamax Clause: You cannot dynamax
|clearpoke
|poke|p1|Tyranitar, M|
|poke|p1|Excadrill, M|
|poke|p1|Dracozolt|
|poke|p1|Sandslash, M|
|poke|p1|Rhyperior, F|
|poke|p1|Quagsire, F|
|poke|p2|Melmetal|
|poke|p2|Zapdos|
|poke|p2|Weavile, F|
|poke|p2|Volcarona, F|
|poke|p2|Landorus-Therian, M|
|poke|p2|Blissey, F|
|teampreview
|j| Kwaga
|j| LordXen VII
|j| davis test
|c|☆me313|gl
|c|☆Pinkacross|hf
|j| mrwhy124
|j| RedDiamond1024
|j| TheNewBrends11
|
|t:|1652641821
|start
|switch|p1a: Tyranitar|Tyranitar, M|100/100
|switch|p2a: Weavile|Weavile, F|100/100
|-ability|p2a: Weavile|Pressure
|-weather|Sandstorm|[from] ability: Sand Stream|[of] p1a: Tyranitar
|turn|1
|j|%htcl (>◡<)
|
|t:|1652641829
|move|p2a: Weavile|Low Kick|p1a: Tyranitar
|-supereffective|p1a: Tyranitar
|-damage|p1a: Tyranitar|0 fnt
|faint|p1a: Tyranitar
|
|-weather|Sandstorm|[upkeep]
|-damage|p2a: Weavile|94/100|[from] Sandstorm
|upkeep
|j| psychoshawk
|
|t:|1652641832
|switch|p1a: Excadrill|Excadrill, M|100/100
|turn|2
|
|t:|1652641839
|switch|p2a: Landorus|Landorus-Therian, M|100/100
|-ability|p2a: Landorus|Intimidate|boost
|-unboost|p1a: Excadrill|atk|1
|move|p1a: Excadrill|Earthquake|p2a: Landorus
|-damage|p2a: Landorus|56/100
|
|-weather|Sandstorm|[upkeep]
|upkeep
|turn|3
|
|t:|1652641846
|move|p1a: Excadrill|Iron Head|p2a: Landorus
|-damage|p2a: Landorus|16/100
|cant|p2a: Landorus|flinch
|
|-weather|Sandstorm|[upkeep]
|upkeep
|turn|4
|c|☆me313|oof
|c|☆Pinkacross|aye, srry
|
|t:|1652641870
|move|p1a: Excadrill|Earthquake|p2a: Landorus
|-damage|p2a: Landorus|0 fnt
|faint|p2a: Landorus
|
|-weather|Sandstorm|[upkeep]
|upkeep
|j| SmackPackt
|c| Kwaga|what
|
|t:|1652641879
|switch|p2a: Star Platinum|Melmetal|100/100
|turn|5
|
|t:|1652641885
|switch|p1a: Dracozolt|Dracozolt|100/100
|move|p2a: Star Platinum|Earthquake|p1a: Dracozolt
|-supereffective|p1a: Dracozolt
|-damage|p1a: Dracozolt|24/100
|
|-weather|none
|upkeep
|turn|6
|
|t:|1652641890
|move|p1a: Dracozolt|Bolt Beak|p2a: Star Platinum
|-damage|p2a: Star Platinum|64/100
|move|p2a: Star Platinum|Earthquake|p1a: Dracozolt
|-supereffective|p1a: Dracozolt
|-damage|p1a: Dracozolt|0 fnt
|faint|p1a: Dracozolt
|
|upkeep
|c| psychoshawk|Excadrill used Earthquake!
|c| psychoshawk|(The opposing Landorus lost 44% of its health!)
|c| psychoshawk|im framing this
|j| gotsnsd
|c| Kwaga|lol
|
|t:|1652641901
|switch|p1a: Excadrill|Excadrill, M|100/100
|turn|7
|j| heyitsjinx
|
|t:|1652641905
|move|p1a: Excadrill|Earthquake|p2a: Star Platinum
|-supereffective|p2a: Star Platinum
|-damage|p2a: Star Platinum|11/100
|move|p2a: Star Platinum|Earthquake|p1a: Excadrill
|-supereffective|p1a: Excadrill
|-damage|p1a: Excadrill|8/100
|
|upkeep
|turn|8
|
|t:|1652641912
|move|p1a: Excadrill|Earthquake|p2a: Star Platinum
|-supereffective|p2a: Star Platinum
|-damage|p2a: Star Platinum|0 fnt
|faint|p2a: Star Platinum
|
|upkeep
|
|t:|1652641914
|switch|p2a: Weavile|Weavile, F|94/100
|-ability|p2a: Weavile|Pressure
|turn|9
|c| Kwaga|melmetal is so busted
|
|t:|1652641918
|switch|p1a: Quagsire|Quagsire, F|100/100
|move|p2a: Weavile|Ice Shard|p1a: Quagsire
|-damage|p1a: Quagsire|88/100
|
|upkeep
|turn|10
|c| Kwaga|doesnt die
|
|t:|1652641923
|switch|p2a: Blissey|Blissey, F|100/100
|move|p1a: Quagsire|Toxic|p2a: Blissey
|-status|p2a: Blissey|tox
|
|-damage|p2a: Blissey|94/100 tox|[from] psn
|upkeep
|turn|11
|
|t:|1652641931
|switch|p1a: Rhyperior|Rhyperior, F|100/100
|move|p2a: Blissey|Toxic|p1a: Rhyperior
|-status|p1a: Rhyperior|tox
|
|-damage|p1a: Rhyperior|94/100 tox|[from] psn
|-damage|p2a: Blissey|82/100 tox|[from] psn
|upkeep
|turn|12
|j| Zemmour & Rick
|
|t:|1652641945
|-curestatus|p2a: Blissey|tox|[from] ability: Natural Cure
|switch|p2a: Zapdos|Zapdos|100/100
|move|p1a: Rhyperior|Rock Polish|p1a: Rhyperior
|-boost|p1a: Rhyperior|spe|2
|
|-damage|p1a: Rhyperior|82/100 tox|[from] psn
|upkeep
|turn|13
|
|t:|1652641951
|move|p1a: Rhyperior|Earthquake|p2a: Zapdos
|-supereffective|p2a: Zapdos
|-damage|p2a: Zapdos|0 fnt
|faint|p2a: Zapdos
|
|-damage|p1a: Rhyperior|63/100 tox|[from] psn
|upkeep
|
|t:|1652641962
|switch|p2a: Weavile|Weavile, F|94/100
|-ability|p2a: Weavile|Pressure
|turn|14
|
|t:|1652641966
|move|p2a: Weavile|Low Kick|p1a: Rhyperior
|-supereffective|p1a: Rhyperior
|-damage|p1a: Rhyperior|6/100 tox
|move|p1a: Rhyperior|Earthquake|p2a: Weavile
|-damage|p2a: Weavile|0 fnt
|faint|p2a: Weavile
|
|-damage|p1a: Rhyperior|0 fnt|[from] psn
|faint|p1a: Rhyperior
|upkeep
|
|t:|1652641980
|switch|p2a: Magician's Red|Volcarona, F|100/100
|switch|p1a: Quagsire|Quagsire, F|88/100
|turn|15
|
|t:|1652641984
|switch|p2a: Blissey|Blissey, F|82/100
|move|p1a: Quagsire|Toxic|p2a: Blissey
|-status|p2a: Blissey|tox
|
|-damage|p2a: Blissey|76/100 tox|[from] psn
|upkeep
|turn|16
|
|t:|1652641989
|switch|p1a: Excadrill|Excadrill, M|8/100
|move|p2a: Blissey|Seismic Toss|p1a: Excadrill
|-damage|p1a: Excadrill|0 fnt
|faint|p1a: Excadrill
|
|-damage|p2a: Blissey|64/100 tox|[from] psn
|upkeep
|
|t:|1652641992
|switch|p1a: Sandslash|Sandslash, M|100/100
|turn|17
|
|t:|1652641995
|move|p1a: Sandslash|Swords Dance|p1a: Sandslash
|-boost|p1a: Sandslash|atk|2
|move|p2a: Blissey|Soft-Boiled|p2a: Blissey
|-heal|p2a: Blissey|100/100 tox
|
|-damage|p2a: Blissey|82/100 tox|[from] psn
|upkeep
|turn|18
|
|t:|1652641997
|move|p1a: Sandslash|Rapid Spin|p2a: Blissey
|-damage|p2a: Blissey|53/100 tox
|-boost|p1a: Sandslash|spe|1
|move|p2a: Blissey|Toxic|p1a: Sandslash
|-status|p1a: Sandslash|tox
|
|-damage|p1a: Sandslash|94/100 tox|[from] psn
|-damage|p2a: Blissey|28/100 tox|[from] psn
|upkeep
|turn|19
|
|t:|1652642004
|-curestatus|p2a: Blissey|tox|[from] ability: Natural Cure
|switch|p2a: Magician's Red|Volcarona, F|100/100
|move|p1a: Sandslash|Swords Dance|p1a: Sandslash
|-boost|p1a: Sandslash|atk|2
|
|-damage|p1a: Sandslash|82/100 tox|[from] psn
|upkeep
|turn|20
|
|t:|1652642011
|move|p1a: Sandslash|Earthquake|p2a: Magician's Red
|-damage|p2a: Magician's Red|0 fnt
|faint|p2a: Magician's Red
|
|-damage|p1a: Sandslash|63/100 tox|[from] psn
|upkeep
|
|t:|1652642013
|switch|p2a: Blissey|Blissey, F|28/100
|turn|21
|c|☆Pinkacross|gg
|c|☆me313|gg
|l| gotsnsd
|
|t:|1652642017
|move|p1a: Sandslash|Earthquake|p2a: Blissey
|-damage|p2a: Blissey|0 fnt
|faint|p2a: Blissey
|
|win|Pinkacross
|n|☆Pinkacross|pinkacross
|n|☆me313|me313
|n| Kwaga|kwaga
|n| LordXen VII|lordxenvii
|n| davis test|davistest
|n| mrwhy124|mrwhy124
|n| RedDiamond1024|reddiamond1024
|n| TheNewBrends11|thenewbrends11
|n| htcl (>◡<)|htcl
|n| psychoshawk|psychoshawk
|n| SmackPackt|smackpackt
|n| heyitsjinx|heyitsjinx
|n| Zemmour & Rick|zemmourrick
|l|☆me313
|l| Kwaga
|l| psychoshawk
|l| htcl (>◡<)
|j| LopeLupe
|l| LopeLupe
|l| RedDiamond1024
|l|☆Pinkacross
|l| SmackPackt
