|j|☆LECH24
|j|☆bobert smalls 1
|t:|1655397079
|gametype|singles
|player|p1|LECH24|2|1610
|player|p2|bobert smalls 1|266|1671
|teamsize|p1|6
|teamsize|p2|6
|gen|8
|tier|[Gen 8] OU
|rated|
|rule|Sleep Clause Mod: Limit one foe put to sleep
|rule|Species Clause: Limit one of each Pokémon
|rule|OHKO Clause: OHKO moves are banned
|rule|Evasion Moves Clause: Evasion moves are banned
|rule|Endless Battle Clause: Forcing endless battles is banned
|rule|HP Percentage Mod: HP is shown in percentages
|rule|Dynamax Clause: You cannot dynamax
|clearpoke
|poke|p1|Ninetales-Alola, F|
|poke|p1|Ferrothorn, F|
|poke|p1|Linoone, M|
|poke|p1|Gardevoir, M|
|poke|p1|Swoobat, F|
|poke|p1|Bisharp, F|
|poke|p2|Tapu Fini|
|poke|p2|Tangrowth, F|
|poke|p2|Garchomp, F|
|poke|p2|Weavile, F|
|poke|p2|Zapdos|
|poke|p2|Melmetal|
|teampreview
|
|t:|1655397128
|start
|switch|p1a: Ferrothorn|Ferrothorn, F|100/100
|switch|p2a: Zapdos|Zapdos|100/100
|turn|1
|
|t:|1655397134
|switch|p1a: Ninetales|Ninetales-Alola, F|100/100
|-weather|Hail|[from] ability: Snow Warning|[of] p1a: Ninetales
|move|p2a: Zapdos|Hurricane|p1a: Ninetales
|-damage|p1a: Ninetales|58/100
|
|-weather|Hail|[upkeep]
|-damage|p2a: Zapdos|94/100|[from] Hail
|upkeep
|turn|2
|
|t:|1655397144
|switch|p2a: Melmetal|Melmetal|100/100
|move|p1a: Ninetales|Aurora Veil|p1a: Ninetales
|-sidestart|p1: LECH24|move: Aurora Veil
|
|-weather|Hail|[upkeep]
|-damage|p2a: Melmetal|94/100|[from] Hail
|upkeep
|turn|3
|
|t:|1655397155
|switch|p1a: Ferrothorn|Ferrothorn, F|100/100
|switch|p2a: Zapdos|Zapdos|94/100
|
|-weather|Hail|[upkeep]
|-damage|p2a: Zapdos|88/100|[from] Hail
|-damage|p1a: Ferrothorn|95/100|[from] Hail
|upkeep
|turn|4
|
|t:|1655397164
|switch|p1a: Bisharp|Bisharp, F|100/100
|move|p2a: Zapdos|Defog|p1a: Bisharp
|-unboost|p1a: Bisharp|evasion|1
|-ability|p1a: Bisharp|Defiant
|-boost|p1a: Bisharp|atk|2
|-sideend|p1: LECH24|move: Aurora Veil
|
|-weather|Hail|[upkeep]
|-damage|p2a: Zapdos|82/100|[from] Hail
|-damage|p1a: Bisharp|95/100|[from] Hail
|upkeep
|turn|5
|
|t:|1655397171
|switch|p2a: Tangrowth|Tangrowth, F|100/100
|move|p1a: Bisharp|Knock Off|p2a: Tangrowth
|-crit|p2a: Tangrowth
|-damage|p2a: Tangrowth|0 fnt
|-damage|p1a: Bisharp|78/100|[from] item: Rocky Helmet|[of] p2a: Tangrowth
|-enditem|p2a: Tangrowth|Rocky Helmet|[from] move: Knock Off|[of] p1a: Bisharp
|faint|p2a: Tangrowth
|-damage|p1a: Bisharp|68/100|[from] item: Life Orb
|
|-weather|none
|upkeep
|
|t:|1655397177
|switch|p2a: Garchomp|Garchomp, F|100/100
|turn|6
|
|t:|1655397180
|move|p1a: Bisharp|Sucker Punch||[still]
|-fail|p1a: Bisharp
|move|p2a: Garchomp|Swords Dance|p2a: Garchomp
|-boost|p2a: Garchomp|atk|2
|
|upkeep
|turn|7
|
|t:|1655397183
|move|p1a: Bisharp|Sucker Punch||[still]
|-fail|p1a: Bisharp
|move|p2a: Garchomp|Stealth Rock|p1a: Bisharp
|-sidestart|p1: LECH24|move: Stealth Rock
|
|upkeep
|turn|8
|
|t:|1655397186
|move|p1a: Bisharp|Sucker Punch||[still]
|-fail|p1a: Bisharp
|move|p2a: Garchomp|Swords Dance|p2a: Garchomp
|-boost|p2a: Garchomp|atk|2
|
|upkeep
|turn|9
|
|t:|1655397188
|move|p1a: Bisharp|Sucker Punch|p2a: Garchomp
|-damage|p2a: Garchomp|0 fnt
|-damage|p1a: Bisharp|56/100|[from] ability: Rough Skin|[of] p2a: Garchomp
|faint|p2a: Garchomp
|-damage|p1a: Bisharp|46/100|[from] item: Life Orb
|
|upkeep
|
|t:|1655397194
|switch|p2a: Melmetal|Melmetal|94/100
|turn|10
|
|t:|1655397197
|move|p1a: Bisharp|Knock Off|p2a: Melmetal
|-damage|p2a: Melmetal|15/100
|-enditem|p2a: Melmetal|Assault Vest|[from] move: Knock Off|[of] p1a: Bisharp
|-damage|p1a: Bisharp|36/100|[from] item: Life Orb
|move|p2a: Melmetal|Earthquake|p1a: Bisharp
|-supereffective|p1a: Bisharp
|-damage|p1a: Bisharp|0 fnt
|faint|p1a: Bisharp
|
|upkeep
|
|t:|1655397209
|switch|p1a: Ferrothorn|Ferrothorn, F|95/100
|-damage|p1a: Ferrothorn|89/100|[from] Stealth Rock
|turn|11
|
|t:|1655397214
|move|p2a: Melmetal|Earthquake|p1a: Ferrothorn
|-damage|p1a: Ferrothorn|65/100
|move|p1a: Ferrothorn|Body Press|p2a: Melmetal
|-supereffective|p2a: Melmetal
|-damage|p2a: Melmetal|0 fnt
|faint|p2a: Melmetal
|
|upkeep
|
|t:|1655397219
|switch|p2a: Zapdos|Zapdos|82/100
|turn|12
|
|t:|1655397228
|switch|p1a: Swoobat|Swoobat, F|100/100
|-damage|p1a: Swoobat|76/100|[from] Stealth Rock
|move|p2a: Zapdos|Hurricane|p1a: Swoobat|[miss]
|-miss|p2a: Zapdos|p1a: Swoobat
|
|upkeep
|turn|13
|
|t:|1655397236
|move|p1a: Swoobat|Skill Swap|p2a: Zapdos
|-activate|p1a: Swoobat|move: Skill Swap|Static|Simple|[of] p2a: Zapdos
|move|p2a: Zapdos|Discharge|p1a: Swoobat
|-supereffective|p1a: Swoobat
|-damage|p1a: Swoobat|0 fnt
|faint|p1a: Swoobat
|
|upkeep
|
|t:|1655397239
|switch|p1a: Gardevoir|Gardevoir, M|100/100
|-damage|p1a: Gardevoir|88/100|[from] Stealth Rock
|-ability|p1a: Gardevoir|Simple|[from] ability: Trace|[of] p2a: Zapdos
|turn|14
|
|t:|1655397246
|move|p2a: Zapdos|Discharge|p1a: Gardevoir
|-damage|p1a: Gardevoir|57/100
|move|p1a: Gardevoir|Substitute|p1a: Gardevoir
|-start|p1a: Gardevoir|Substitute
|-damage|p1a: Gardevoir|32/100
|
|upkeep
|turn|15
|
|t:|1655397259
|move|p2a: Zapdos|Discharge|p1a: Gardevoir
|-end|p1a: Gardevoir|Substitute
|move|p1a: Gardevoir|Substitute|p1a: Gardevoir
|-start|p1a: Gardevoir|Substitute
|-damage|p1a: Gardevoir|8/100
|-enditem|p1a: Gardevoir|Salac Berry|[eat]
|-boost|p1a: Gardevoir|spe|2|[from] item: Salac Berry
|
|upkeep
|turn|16
|
|t:|1655397266
|move|p1a: Gardevoir|Calm Mind|p1a: Gardevoir
|-boost|p1a: Gardevoir|spa|2
|-boost|p1a: Gardevoir|spd|2
|move|p2a: Zapdos|Discharge|p1a: Gardevoir
|-activate|p1a: Gardevoir|move: Substitute|[damage]
|
|upkeep
|turn|17
|
|t:|1655397271
|move|p1a: Gardevoir|Stored Power|p2a: Zapdos
|-damage|p2a: Zapdos|0 fnt
|faint|p2a: Zapdos
|
|upkeep
|
|t:|1655397275
|switch|p2a: Weavile|Weavile, F|100/100
|-ability|p2a: Weavile|Pressure
|turn|18
|
|t:|1655397278
|move|p1a: Gardevoir|Draining Kiss|p2a: Weavile
|-supereffective|p2a: Weavile
|-damage|p2a: Weavile|0 fnt
|-heal|p1a: Gardevoir|75/100|[from] drain|[of] p2a: Weavile
|faint|p2a: Weavile
|
|upkeep
|-message|bobert smalls 1 forfeited.
|
|win|LECH24
|raw|LECH24's rating: 1610 &rarr; <strong>1633</strong><br />(+23 for winning)
|raw|bobert smalls 1's rating: 1671 &rarr; <strong>1648</strong><br />(-23 for losing)
|l|☆bobert smalls 1
