|j|☆bilabong
|j|☆cute pink team
|t:|1655023794
|gametype|singles
|player|p1|bilabong|266|1635
|player|p2|cute pink team|2|1716
|teamsize|p1|6
|teamsize|p2|6
|gen|8
|tier|[Gen 8] OU
|rated|
|rule|Sleep Clause Mod: Limit one foe put to sleep
|rule|Species Clause: Limit one of each Pokémon
|rule|OHKO Clause: OHKO moves are banned
|rule|Evasion Moves Clause: Evasion moves are banned
|rule|Endless Battle Clause: Forcing endless battles is banned
|rule|HP Percentage Mod: HP is shown in percentages
|rule|Dynamax Clause: You cannot dynamax
|clearpoke
|poke|p1|Slowbro, F|
|poke|p1|Slowking-Galar, F|
|poke|p1|Melmetal|
|poke|p1|Landorus-Therian, M|
|poke|p1|Rillaboom, M|
|poke|p1|Urshifu-*, M|
|poke|p2|Mamoswine, F|
|poke|p2|Ditto|
|poke|p2|Corviknight, F|
|poke|p2|Volcanion|
|poke|p2|Togekiss, F|
|poke|p2|Zapdos|
|teampreview
|
|t:|1655023810
|start
|switch|p1a: Urshifu|Urshifu-Rapid-Strike, M|100/100
|switch|p2a: Volcanion|Volcanion|100/100
|turn|1
|
|t:|1655023818
|move|p1a: Urshifu|U-turn|p2a: Volcanion
|-resisted|p2a: Volcanion
|-crit|p2a: Volcanion
|-damage|p2a: Volcanion|84/100
|
|t:|1655023822
|switch|p1a: Slowking|Slowking-Galar, F|100/100|[from]move: U-turn
|move|p2a: Volcanion|Steam Eruption|p1a: Slowking
|-damage|p1a: Slowking|57/100
|
|upkeep
|turn|2
|
|t:|1655023829
|move|p2a: Volcanion|Steam Eruption|p1a: Slowking
|-damage|p1a: Slowking|18/100
|move|p1a: Slowking|Sludge Bomb|p2a: Volcanion
|-crit|p2a: Volcanion
|-damage|p2a: Volcanion|15/100
|
|upkeep
|turn|3
|
|t:|1655023838
|switch|p2a: Zapdos|Zapdos|100/100
|switch|p1a: Slowbro|Slowbro, F|100/100
|
|upkeep
|turn|4
|
|t:|1655023845
|switch|p1a: Slowking|Slowking-Galar, F|51/100
|move|p2a: Zapdos|Hurricane|p1a: Slowking|[miss]
|-miss|p2a: Zapdos|p1a: Slowking
|
|upkeep
|turn|5
|
|t:|1655023855
|switch|p1a: Slowbro|Slowbro, F|100/100
|move|p2a: Zapdos|Hurricane|p1a: Slowbro
|-damage|p1a: Slowbro|10/100
|
|upkeep
|turn|6
|
|t:|1655023865
|switch|p1a: Slowking|Slowking-Galar, F|84/100
|move|p2a: Zapdos|Hurricane|p1a: Slowking
|-damage|p1a: Slowking|41/100
|-start|p1a: Slowking|confusion
|
|upkeep
|turn|7
|
|t:|1655023873
|switch|p1a: Melmetal|Melmetal|100/100
|move|p2a: Zapdos|Hurricane|p1a: Melmetal|[miss]
|-miss|p2a: Zapdos|p1a: Melmetal
|
|upkeep
|turn|8
|
|t:|1655023880
|switch|p2a: Corviknight|Corviknight, F|100/100
|-ability|p2a: Corviknight|Pressure
|switch|p1a: Slowking|Slowking-Galar, F|74/100
|
|upkeep
|turn|9
|
|t:|1655023889
|move|p2a: Corviknight|U-turn|p1a: Slowking
|-damage|p1a: Slowking|60/100
|
|t:|1655023891
|switch|p2a: Mamoswine|Mamoswine, F|100/100|[from]move: U-turn
|move|p1a: Slowking|Future Sight|p2a: Mamoswine
|-start|p1a: Slowking|move: Future Sight
|
|upkeep
|turn|10
|
|t:|1655023899
|switch|p1a: Landorus|Landorus-Therian, M|100/100
|-ability|p1a: Landorus|Intimidate|boost
|-unboost|p2a: Mamoswine|atk|1
|move|p2a: Mamoswine|Earthquake|p1a: Landorus
|-immune|p1a: Landorus
|
|upkeep
|turn|11
|j| Cra3k
|
|t:|1655023909
|switch|p1a: Slowbro|Slowbro, F|43/100
|move|p2a: Mamoswine|Earthquake|p1a: Slowbro
|-crit|p1a: Slowbro
|-damage|p1a: Slowbro|0 fnt
|faint|p1a: Slowbro
|
|-end|p2a: Mamoswine|move: Future Sight
|-damage|p2a: Mamoswine|65/100
|upkeep
|
|t:|1655023922
|switch|p1a: Urshifu|Urshifu-Rapid-Strike, M|100/100
|turn|12
|
|t:|1655023929
|switch|p2a: Togekiss|Togekiss, F|100/100
|move|p1a: Urshifu|U-turn|p2a: Togekiss
|-resisted|p2a: Togekiss
|-damage|p2a: Togekiss|94/100
|
|t:|1655023936
|switch|p1a: Melmetal|Melmetal|100/100|[from]move: U-turn
|
|-heal|p2a: Togekiss|99/100|[from] item: Leftovers
|upkeep
|turn|13
|j| Narwhale37
|
|t:|1655023943
|switch|p2a: Zapdos|Zapdos|100/100
|move|p1a: Melmetal|Double Iron Bash|p2a: Zapdos
|-resisted|p2a: Zapdos
|-damage|p2a: Zapdos|79/100
|-resisted|p2a: Zapdos
|-damage|p2a: Zapdos|59/100
|-hitcount|p2a: Zapdos|2
|
|upkeep
|turn|14
|
|t:|1655023953
|switch|p1a: Slowking|Slowking-Galar, F|93/100
|move|p2a: Zapdos|Volt Switch|p1a: Slowking
|-damage|p1a: Slowking|67/100
|
|t:|1655023959
|switch|p2a: Mamoswine|Mamoswine, F|65/100|[from]move: Volt Switch
|
|upkeep
|turn|15
|
|t:|1655023967
|switch|p1a: Urshifu|Urshifu-Rapid-Strike, M|100/100
|move|p2a: Mamoswine|Earthquake|p1a: Urshifu
|-damage|p1a: Urshifu|44/100
|
|upkeep
|turn|16
|
|t:|1655023978
|switch|p2a: Togekiss|Togekiss, F|99/100
|move|p1a: Urshifu|U-turn|p2a: Togekiss
|-resisted|p2a: Togekiss
|-damage|p2a: Togekiss|94/100
|j| Chiefsss
|
|t:|1655023985
|switch|p1a: Melmetal|Melmetal|100/100|[from]move: U-turn
|
|-heal|p2a: Togekiss|99/100|[from] item: Leftovers
|upkeep
|turn|17
|j| clflucker
|
|t:|1655023996
|switch|p2a: Corviknight|Corviknight, F|100/100
|-ability|p2a: Corviknight|Pressure
|switch|p1a: Landorus|Landorus-Therian, M|100/100
|-ability|p1a: Landorus|Intimidate|boost
|-unboost|p2a: Corviknight|atk|1
|
|upkeep
|turn|18
|
|t:|1655024005
|move|p1a: Landorus|Stealth Rock|p2a: Corviknight
|-sidestart|p2: cute pink team|move: Stealth Rock
|move|p2a: Corviknight|Brave Bird|p1a: Landorus
|-damage|p1a: Landorus|81/100
|-damage|p2a: Corviknight|94/100|[from] Recoil
|
|-heal|p1a: Landorus|87/100|[from] item: Leftovers
|-heal|p2a: Corviknight|100/100|[from] item: Leftovers
|upkeep
|turn|19
|l| Chiefsss
|j| Kaatokun
|
|t:|1655024015
|move|p1a: Landorus|U-turn|p2a: Corviknight
|-resisted|p2a: Corviknight
|-damage|p2a: Corviknight|96/100
|
|t:|1655024024
|switch|p1a: Slowking|Slowking-Galar, F|99/100|[from]move: U-turn
|move|p2a: Corviknight|Defog|p1a: Slowking
|-unboost|p1a: Slowking|evasion|1
|-sideend|p2: cute pink team|Stealth Rock|[from] move: Defog|[of] p2a: Corviknight
|
|-heal|p2a: Corviknight|100/100|[from] item: Leftovers
|upkeep
|turn|20
|
|t:|1655024034
|move|p2a: Corviknight|U-turn|p1a: Slowking
|-damage|p1a: Slowking|90/100
|
|t:|1655024036
|switch|p2a: Mamoswine|Mamoswine, F|65/100|[from]move: U-turn
|move|p1a: Slowking|Flamethrower|p2a: Mamoswine
|-supereffective|p2a: Mamoswine
|-damage|p2a: Mamoswine|48/100
|
|upkeep
|turn|21
|
|t:|1655024044
|switch|p1a: Landorus|Landorus-Therian, M|87/100
|-ability|p1a: Landorus|Intimidate|boost
|-unboost|p2a: Mamoswine|atk|1
|move|p2a: Mamoswine|Icicle Crash|p1a: Landorus
|-supereffective|p1a: Landorus
|-damage|p1a: Landorus|0 fnt
|faint|p1a: Landorus
|
|upkeep
|l| Narwhale37
|
|t:|1655024054
|switch|p1a: Melmetal|Melmetal|100/100
|turn|22
|
|t:|1655024057
|switch|p2a: Corviknight|Corviknight, F|100/100
|-ability|p2a: Corviknight|Pressure
|move|p1a: Melmetal|Thunder Punch|p2a: Corviknight
|-supereffective|p2a: Corviknight
|-damage|p2a: Corviknight|54/100
|
|-heal|p2a: Corviknight|60/100|[from] item: Leftovers
|upkeep
|turn|23
|j| Narwhale37
|
|t:|1655024067
|move|p2a: Corviknight|U-turn|p1a: Melmetal
|-resisted|p1a: Melmetal
|-damage|p1a: Melmetal|97/100
|
|t:|1655024069
|switch|p2a: Zapdos|Zapdos|59/100|[from]move: U-turn
|move|p1a: Melmetal|Double Iron Bash|p2a: Zapdos
|-resisted|p2a: Zapdos
|-damage|p2a: Zapdos|36/100
|-status|p1a: Melmetal|par|[from] ability: Static|[of] p2a: Zapdos
|-resisted|p2a: Zapdos
|-damage|p2a: Zapdos|12/100
|-hitcount|p2a: Zapdos|2
|
|upkeep
|turn|24
|
|t:|1655024081
|move|p2a: Zapdos|Volt Switch|p1a: Melmetal
|-crit|p1a: Melmetal
|-damage|p1a: Melmetal|51/100 par
|
|t:|1655024083
|switch|p2a: Corviknight|Corviknight, F|60/100|[from]move: Volt Switch
|-ability|p2a: Corviknight|Pressure
|move|p1a: Melmetal|Ice Punch|p2a: Corviknight
|-damage|p2a: Corviknight|35/100
|
|-heal|p2a: Corviknight|41/100|[from] item: Leftovers
|upkeep
|turn|25
|
|t:|1655024094
|switch|p1a: Rillaboom|Rillaboom, M|100/100
|-fieldstart|move: Grassy Terrain|[from] ability: Grassy Surge|[of] p1a: Rillaboom
|move|p2a: Corviknight|Roost|p2a: Corviknight
|-heal|p2a: Corviknight|91/100
|-singleturn|p2a: Corviknight|move: Roost
|
|-heal|p2a: Corviknight|97/100|[from] Grassy Terrain
|-heal|p2a: Corviknight|100/100|[from] item: Leftovers
|upkeep
|turn|26
|
|t:|1655024108
|move|p1a: Rillaboom|Swords Dance|p1a: Rillaboom
|-boost|p1a: Rillaboom|atk|2
|move|p2a: Corviknight|Brave Bird|p1a: Rillaboom
|-supereffective|p1a: Rillaboom
|-damage|p1a: Rillaboom|18/100
|-damage|p2a: Corviknight|76/100|[from] Recoil
|
|-heal|p1a: Rillaboom|24/100|[from] Grassy Terrain
|-heal|p2a: Corviknight|83/100|[from] item: Leftovers
|upkeep
|turn|27
|
|t:|1655024121
|move|p1a: Rillaboom|Superpower|p2a: Corviknight
|-damage|p2a: Corviknight|0 fnt
|-unboost|p1a: Rillaboom|atk|1
|-unboost|p1a: Rillaboom|def|1
|faint|p2a: Corviknight
|-damage|p1a: Rillaboom|14/100|[from] item: Life Orb
|
|-heal|p1a: Rillaboom|20/100|[from] Grassy Terrain
|upkeep
|
|t:|1655024124
|switch|p2a: Ditto|Ditto|100/100
|-transform|p2a: Ditto|p1a: Rillaboom|[from] ability: Imposter
|turn|28
|
|t:|1655024137
|switch|p1a: Melmetal|Melmetal|51/100 par
|move|p2a: Ditto|Knock Off|p1a: Melmetal
|-damage|p1a: Melmetal|24/100 par
|-enditem|p1a: Melmetal|Assault Vest|[from] move: Knock Off|[of] p2a: Ditto
|
|-heal|p1a: Melmetal|31/100 par|[from] Grassy Terrain
|upkeep
|turn|29
|
|t:|1655024150
|switch|p2a: Volcanion|Volcanion|15/100
|move|p1a: Melmetal|Double Iron Bash|p2a: Volcanion
|-resisted|p2a: Volcanion
|-damage|p2a: Volcanion|6/100
|-resisted|p2a: Volcanion
|-damage|p2a: Volcanion|0 fnt
|faint|p2a: Volcanion
|-hitcount|p2: Volcanion|2
|
|-heal|p1a: Melmetal|37/100 par|[from] Grassy Terrain
|-fieldend|move: Grassy Terrain
|upkeep
|
|t:|1655024152
|switch|p2a: Zapdos|Zapdos|12/100
|turn|30
|
|t:|1655024165
|move|p2a: Zapdos|Volt Switch|p1a: Melmetal
|-damage|p1a: Melmetal|0 fnt
|faint|p1a: Melmetal
|l| Cra3k
|
|t:|1655024170
|switch|p2a: Togekiss|Togekiss, F|99/100|[from]move: Volt Switch
|
|-heal|p2a: Togekiss|100/100|[from] item: Leftovers
|upkeep
|
|t:|1655024178
|switch|p1a: Slowking|Slowking-Galar, F|100/100
|turn|31
|
|t:|1655024181
|switch|p2a: Mamoswine|Mamoswine, F|48/100
|move|p1a: Slowking|Sludge Bomb|p2a: Mamoswine
|-resisted|p2a: Mamoswine
|-damage|p2a: Mamoswine|36/100
|-status|p2a: Mamoswine|psn
|
|-damage|p2a: Mamoswine|24/100 psn|[from] psn
|upkeep
|turn|32
|
|t:|1655024191
|switch|p1a: Rillaboom|Rillaboom, M|20/100
|-fieldstart|move: Grassy Terrain|[from] ability: Grassy Surge|[of] p1a: Rillaboom
|move|p2a: Mamoswine|Earthquake|p1a: Rillaboom
|-resisted|p1a: Rillaboom
|-damage|p1a: Rillaboom|3/100
|
|-heal|p1a: Rillaboom|9/100|[from] Grassy Terrain
|-heal|p2a: Mamoswine|30/100 psn|[from] Grassy Terrain
|-damage|p2a: Mamoswine|17/100 psn|[from] psn
|upkeep
|turn|33
|
|t:|1655024203
|switch|p2a: Togekiss|Togekiss, F|100/100
|move|p1a: Rillaboom|Knock Off|p2a: Togekiss
|-resisted|p2a: Togekiss
|-damage|p2a: Togekiss|78/100
|-enditem|p2a: Togekiss|Leftovers|[from] move: Knock Off|[of] p1a: Rillaboom
|-damage|p1a: Rillaboom|0 fnt|[from] item: Life Orb
|faint|p1a: Rillaboom
|
|upkeep
|
|t:|1655024217
|switch|p1a: Urshifu|Urshifu-Rapid-Strike, M|44/100
|turn|34
|
|t:|1655024224
|move|p1a: Urshifu|U-turn|p2a: Togekiss
|-resisted|p2a: Togekiss
|-damage|p2a: Togekiss|70/100
|
|t:|1655024227
|switch|p1a: Slowking|Slowking-Galar, F|100/100|[from]move: U-turn
|move|p2a: Togekiss|Air Slash|p1a: Slowking
|-damage|p1a: Slowking|82/100
|
|-heal|p1a: Slowking|88/100|[from] Grassy Terrain
|upkeep
|turn|35
|
|t:|1655024237
|switch|p2a: Ditto|Ditto|100/100
|-transform|p2a: Ditto|p1a: Slowking|[from] ability: Imposter
|move|p1a: Slowking|Sludge Bomb|p2a: Ditto
|-resisted|p2a: Ditto
|-damage|p2a: Ditto|85/100
|
|-heal|p2a: Ditto|91/100|[from] Grassy Terrain
|-heal|p1a: Slowking|94/100|[from] Grassy Terrain
|upkeep
|turn|36
|
|t:|1655024248
|move|p2a: Ditto|Future Sight|p1a: Slowking
|-start|p2a: Ditto|move: Future Sight
|move|p1a: Slowking|Sludge Bomb|p2a: Ditto
|-resisted|p2a: Ditto
|-damage|p2a: Ditto|76/100
|
|-heal|p2a: Ditto|82/100|[from] Grassy Terrain
|-heal|p1a: Slowking|100/100|[from] Grassy Terrain
|-fieldend|move: Grassy Terrain
|upkeep
|turn|37
|
|t:|1655024257
|move|p2a: Ditto|Future Sight||[still]
|-fail|p2a: Ditto
|move|p1a: Slowking|Sludge Bomb|p2a: Ditto
|-resisted|p2a: Ditto
|-damage|p2a: Ditto|67/100
|
|upkeep
|turn|38
|
|t:|1655024263
|move|p2a: Ditto|Future Sight||[still]
|-fail|p2a: Ditto
|move|p1a: Slowking|Sludge Bomb|p2a: Ditto
|-resisted|p2a: Ditto
|-damage|p2a: Ditto|50/100
|
|-end|p1a: Slowking|move: Future Sight
|-damage|p1a: Slowking|77/100
|upkeep
|turn|39
|
|t:|1655024272
|move|p2a: Ditto|Future Sight|p1a: Slowking
|-start|p2a: Ditto|move: Future Sight
|move|p1a: Slowking|Sludge Bomb|p2a: Ditto
|-resisted|p2a: Ditto
|-damage|p2a: Ditto|35/100
|
|upkeep
|turn|40
|
|t:|1655024280
|switch|p2a: Zapdos|Zapdos|12/100
|move|p1a: Slowking|Future Sight|p2a: Zapdos
|-start|p1a: Slowking|move: Future Sight
|
|upkeep
|turn|41
|
|t:|1655024287
|move|p2a: Zapdos|Volt Switch|p1a: Slowking
|-damage|p1a: Slowking|53/100
|
|t:|1655024288
|switch|p2a: Ditto|Ditto|69/100|[from]move: Volt Switch
|-transform|p2a: Ditto|p1a: Slowking|[from] ability: Imposter
|move|p1a: Slowking|Sludge Bomb|p2a: Ditto
|-resisted|p2a: Ditto
|-damage|p2a: Ditto|51/100
|
|-end|p1a: Slowking|move: Future Sight
|-damage|p1a: Slowking|31/100
|upkeep
|turn|42
|
|t:|1655024302
|switch|p2a: Zapdos|Zapdos|12/100
|move|p1a: Slowking|Sludge Bomb|p2a: Zapdos
|-damage|p2a: Zapdos|0 fnt
|faint|p2a: Zapdos
|
|-hint|Future Sight did not hit because the target is fainted.
|upkeep
|
|t:|1655024303
|switch|p2a: Mamoswine|Mamoswine, F|17/100 psn
|turn|43
|inactive|Battle timer is ON: inactive players will automatically lose when time's up. (requested by cute pink team)
|
|t:|1655024335
|move|p2a: Mamoswine|Earthquake|p1a: Slowking
|-supereffective|p1a: Slowking
|-damage|p1a: Slowking|0 fnt
|faint|p1a: Slowking
|
|-damage|p2a: Mamoswine|5/100 psn|[from] psn
|upkeep
|
|t:|1655024341
|switch|p1a: Urshifu|Urshifu-Rapid-Strike, M|44/100
|turn|44
|
|t:|1655024343
|move|p1a: Urshifu|Surging Strikes|p2a: Mamoswine
|-supereffective|p2a: Mamoswine
|-crit|p2a: Mamoswine
|-damage|p2a: Mamoswine|0 fnt
|faint|p2a: Mamoswine
|-hitcount|p2: Mamoswine|1
|
|upkeep
|
|t:|1655024346
|switch|p2a: Ditto|Ditto|85/100
|-transform|p2a: Ditto|p1a: Urshifu|[from] ability: Imposter
|turn|45
|
|t:|1655024351
|move|p1a: Urshifu|Surging Strikes|p2a: Ditto
|-resisted|p2a: Ditto
|-crit|p2a: Ditto
|-damage|p2a: Ditto|74/100
|-resisted|p2a: Ditto
|-crit|p2a: Ditto
|-damage|p2a: Ditto|63/100
|-resisted|p2a: Ditto
|-crit|p2a: Ditto
|-damage|p2a: Ditto|52/100
|-hitcount|p2a: Ditto|3
|move|p2a: Ditto|Close Combat|p1a: Urshifu
|-crit|p1a: Urshifu
|-damage|p1a: Urshifu|0 fnt
|-unboost|p2a: Ditto|def|1
|-unboost|p2a: Ditto|spd|1
|faint|p1a: Urshifu
|
|win|cute pink team
|raw|bilabong's rating: 1635 &rarr; <strong>1620</strong><br />(-15 for losing)
|raw|cute pink team's rating: 1716 &rarr; <strong>1731</strong><br />(+15 for winning)
|l|☆cute pink team
|l|☆bilabong
