|j|☆endogreen
|j|☆GaijinEagle
|t:|1596563818
|player|p1|endogreen|pokemonbreeder|1258
|player|p2|GaijinEagle|102|1205
|teamsize|p1|6
|teamsize|p2|6
|gametype|singles
|gen|8
|tier|[Gen 8] OU
|rated|
|html|<div class="broadcast-blue"><strong>OU is currently suspecting Magearna! For information on how to participate check out the <a href="https://www.smogon.com/forums/threads/3667669/">suspect thread</a>.</strong></div>
|clearpoke
|poke|p1|Diggersby, F|
|poke|p1|Hippowdon, F|
|poke|p1|Toxapex, M|
|poke|p1|Corviknight, M|
|poke|p1|Zeraora|
|poke|p1|Hydreigon, F|
|poke|p2|Shuckle, M|
|poke|p2|Urshifu-*, F|
|poke|p2|Weavile, F|
|poke|p2|Alakazam, F|
|poke|p2|Cinderace, M|
|poke|p2|Conkeldurr, M|
|rule|Sleep Clause Mod: Limit one foe put to sleep
|rule|Species Clause: Limit one of each Pokémon
|rule|OHKO Clause: OHKO moves are banned
|rule|Evasion Moves Clause: Evasion moves are banned
|rule|Endless Battle Clause: Forcing endless battles is banned
|rule|HP Percentage Mod: HP is shown in percentages
|rule|Dynamax Clause: You cannot dynamax
|teampreview
|inactive|Battle timer is ON: inactive players will automatically lose when time's up. (requested by GaijinEagle)
|inactive|GaijinEagle has 120 seconds left.
|inactive|GaijinEagle has 90 seconds left.
|inactive|GaijinEagle has 60 seconds left.
|inactive|GaijinEagle has 30 seconds left.
|inactiveoff|Battle timer is now OFF.
|
|t:|1596563943
|start
|switch|p1a: Ruthless|Hydreigon, F|100/100
|switch|p2a: Urshifu|Urshifu, F|100/100
|turn|1
|
|t:|1596563956
|move|p1a: Ruthless|Draco Meteor|p2a: Urshifu
|-damage|p2a: Urshifu|0 fnt
|-unboost|p1a: Ruthless|spa|2
|-damage|p1a: Ruthless|91/100|[from] item: Life Orb
|faint|p2a: Urshifu
|
|upkeep
|
|t:|1596563974
|switch|p2a: Weavile|Weavile, F|100/100
|-ability|p2a: Weavile|Pressure
|turn|2
|
|t:|1596563993
|switch|p1a: Toxapex|Toxapex, M|100/100
|move|p2a: Weavile|Triple Axel|p1a: Toxapex|[miss]
|-miss|p2a: Weavile|p1a: Toxapex
|
|upkeep
|turn|3
|
|t:|1596564006
|move|p2a: Weavile|Knock Off|p1a: Toxapex
|-damage|p1a: Toxapex|64/100
|-damage|p2a: Weavile|84/100|[from] item: Rocky Helmet|[of] p1a: Toxapex
|-enditem|p1a: Toxapex|Rocky Helmet|[from] move: Knock Off|[of] p2a: Weavile
|-damage|p2a: Weavile|74/100|[from] item: Life Orb
|move|p1a: Toxapex|Toxic Spikes|p2a: Weavile
|-sidestart|p2: GaijinEagle|move: Toxic Spikes
|
|upkeep
|turn|4
|inactive|Battle timer is ON: inactive players will automatically lose when time's up. (requested by endogreen)
|inactive|GaijinEagle has 90 seconds left.
|
|t:|1596564030
|switch|p2a: Shuckle|Shuckle, M|100/100
|-status|p2a: Shuckle|psn
|move|p1a: Toxapex|Toxic Spikes|p2a: Shuckle
|-sidestart|p2: GaijinEagle|move: Toxic Spikes
|
|-damage|p2a: Shuckle|88/100 psn|[from] psn
|upkeep
|turn|5
|
|t:|1596564052
|switch|p1a: Ruthless|Hydreigon, F|91/100
|move|p2a: Shuckle|Stealth Rock|p1a: Ruthless
|-sidestart|p1: endogreen|move: Stealth Rock
|
|-damage|p2a: Shuckle|76/100 psn|[from] psn
|upkeep
|turn|6
|
|t:|1596564059
|move|p1a: Ruthless|Flash Cannon|p2a: Shuckle
|-supereffective|p2a: Shuckle
|-crit|p2a: Shuckle
|-damage|p2a: Shuckle|18/100 psn
|-damage|p1a: Ruthless|81/100|[from] item: Life Orb
|move|p2a: Shuckle|Sticky Web|p1a: Ruthless
|-sidestart|p1: endogreen|move: Sticky Web
|
|-damage|p2a: Shuckle|6/100 psn|[from] psn
|upkeep
|turn|7
|
|t:|1596564066
|switch|p1a: Corviknight|Corviknight, M|100/100
|-damage|p1a: Corviknight|88/100|[from] Stealth Rock
|-ability|p1a: Corviknight|Pressure
|move|p2a: Shuckle|Final Gambit|p1a: Corviknight
|-damage|p1a: Corviknight|85/100
|faint|p2a: Shuckle
|
|-heal|p1a: Corviknight|91/100|[from] item: Leftovers
|upkeep
|
|t:|1596564085
|switch|p2a: Cinderace|Cinderace, M|100/100
|turn|8
|inactive|GaijinEagle has 90 seconds left.
|
|t:|1596564101
|switch|p1a: DIRTY Dan|Hippowdon, F|100/100
|-damage|p1a: DIRTY Dan|94/100|[from] Stealth Rock
|-activate|p1a: DIRTY Dan|move: Sticky Web
|-unboost|p1a: DIRTY Dan|spe|1
|-weather|Sandstorm|[from] ability: Sand Stream|[of] p1a: DIRTY Dan
|move|p2a: Cinderace|Pyro Ball|p1a: DIRTY Dan|[miss]
|-miss|p2a: Cinderace|p1a: DIRTY Dan
|
|-weather|Sandstorm|[upkeep]
|-damage|p2a: Cinderace|95/100|[from] Sandstorm
|upkeep
|turn|9
|inactive|GaijinEagle has 90 seconds left.
|
|t:|1596564127
|switch|p2a: Weavile|Weavile, F|74/100
|-status|p2a: Weavile|tox
|-ability|p2a: Weavile|Pressure
|move|p1a: DIRTY Dan|Earthquake|p2a: Weavile
|-damage|p2a: Weavile|9/100 tox
|
|-weather|Sandstorm|[upkeep]
|-damage|p2a: Weavile|3/100 tox|[from] Sandstorm
|-damage|p2a: Weavile|0 fnt|[from] psn
|faint|p2a: Weavile
|upkeep
|
|t:|1596564131
|switch|p2a: Conkeldurr|Conkeldurr, M|100/100
|-status|p2a: Conkeldurr|tox
|turn|10
|
|t:|1596564160
|move|p2a: Conkeldurr|Close Combat|p1a: DIRTY Dan
|-damage|p1a: DIRTY Dan|40/100
|-unboost|p2a: Conkeldurr|def|1
|-unboost|p2a: Conkeldurr|spd|1
|-damage|p2a: Conkeldurr|84/100 tox|[from] item: Rocky Helmet|[of] p1a: DIRTY Dan
|move|p1a: DIRTY Dan|Earthquake|p2a: Conkeldurr
|-damage|p2a: Conkeldurr|31/100 tox
|
|-weather|Sandstorm|[upkeep]
|-damage|p2a: Conkeldurr|25/100 tox|[from] Sandstorm
|-damage|p2a: Conkeldurr|19/100 tox|[from] psn
|upkeep
|turn|11
|
|t:|1596564172
|move|p2a: Conkeldurr|Close Combat|p1a: DIRTY Dan
|-damage|p1a: DIRTY Dan|0 fnt
|-unboost|p2a: Conkeldurr|def|1
|-unboost|p2a: Conkeldurr|spd|1
|-damage|p2a: Conkeldurr|2/100 tox|[from] item: Rocky Helmet|[of] p1a: DIRTY Dan
|faint|p1a: DIRTY Dan
|
|-weather|Sandstorm|[upkeep]
|-damage|p2a: Conkeldurr|0 fnt|[from] Sandstorm
|faint|p2a: Conkeldurr
|upkeep
|
|t:|1596564181
|switch|p2a: Cinderace|Cinderace, M|95/100
|switch|p1a: Speed|Zeraora|100/100
|-activate|p1a: Speed|move: Sticky Web
|-unboost|p1a: Speed|spe|1
|-damage|p1a: Speed|88/100|[from] Stealth Rock
|turn|12
|
|t:|1596564196
|switch|p1a: Toxapex|Toxapex, M|97/100
|-activate|p1a: Toxapex|move: Sticky Web
|-unboost|p1a: Toxapex|spe|1
|-damage|p1a: Toxapex|85/100|[from] Stealth Rock
|move|p2a: Cinderace|Pyro Ball|p1a: Toxapex
|-resisted|p1a: Toxapex
|-damage|p1a: Toxapex|68/100
|-status|p1a: Toxapex|brn
|
|-weather|none
|-damage|p1a: Toxapex|62/100 brn|[from] brn
|upkeep
|turn|13
|inactive|GaijinEagle has 90 seconds left.
|inactive|endogreen has 120 seconds left.
|
|t:|1596564228
|move|p2a: Cinderace|Zen Headbutt|p1a: Toxapex
|-start|p2a: Cinderace|typechange|Psychic|[from] ability: Libero
|-supereffective|p1a: Toxapex
|-damage|p1a: Toxapex|16/100 brn
|move|p1a: Toxapex|Scald|p2a: Cinderace
|-damage|p2a: Cinderace|69/100
|-status|p2a: Cinderace|brn
|
|-damage|p2a: Cinderace|63/100 brn|[from] brn
|-damage|p1a: Toxapex|10/100 brn|[from] brn
|upkeep
|turn|14
|inactive|GaijinEagle has 90 seconds left.
|
|t:|1596564244
|move|p2a: Cinderace|Zen Headbutt|p1a: Toxapex
|-supereffective|p1a: Toxapex
|-damage|p1a: Toxapex|0 fnt
|faint|p1a: Toxapex
|
|-damage|p2a: Cinderace|57/100 brn|[from] brn
|upkeep
|
|t:|1596564250
|switch|p1a: Corviknight|Corviknight, M|91/100
|-damage|p1a: Corviknight|78/100|[from] Stealth Rock
|-ability|p1a: Corviknight|Pressure
|turn|15
|inactive|GaijinEagle has 90 seconds left.
|
|t:|1596564264
|move|p2a: Cinderace|Pyro Ball|p1a: Corviknight
|-start|p2a: Cinderace|typechange|Fire|[from] ability: Libero
|-supereffective|p1a: Corviknight
|-damage|p1a: Corviknight|31/100
|move|p1a: Corviknight|Defog|p2a: Cinderace
|-unboost|p2a: Cinderace|evasion|1
|-sideend|p2: GaijinEagle|Toxic Spikes|[from] move: Defog|[of] p1a: Corviknight
|-sideend|p1: endogreen|Stealth Rock|[from] move: Defog|[of] p1a: Corviknight
|-sideend|p1: endogreen|Sticky Web|[from] move: Defog|[of] p1a: Corviknight
|
|-heal|p1a: Corviknight|37/100|[from] item: Leftovers
|-damage|p2a: Cinderace|51/100 brn|[from] brn
|upkeep
|turn|16
|
|t:|1596564271
|move|p2a: Cinderace|Pyro Ball|p1a: Corviknight
|-supereffective|p1a: Corviknight
|-damage|p1a: Corviknight|0 fnt
|faint|p1a: Corviknight
|
|-damage|p2a: Cinderace|45/100 brn|[from] brn
|upkeep
|
|t:|1596564275
|switch|p1a: the byyyyy|Diggersby, F|100/100
|turn|17
|
|t:|1596564298
|move|p1a: the byyyyy|Earthquake|p2a: Cinderace
|-supereffective|p2a: Cinderace
|-damage|p2a: Cinderace|0 fnt
|faint|p2a: Cinderace
|
|upkeep
|
|t:|1596564308
|switch|p2a: Alakazam|Alakazam, F|100/100
|turn|18
|
|t:|1596564313
|move|p1a: the byyyyy|Earthquake|p2a: Alakazam
|-enditem|p2a: Alakazam|Focus Sash
|-damage|p2a: Alakazam|1/100
|move|p2a: Alakazam|Focus Blast|p1a: the byyyyy
|-supereffective|p1a: the byyyyy
|-damage|p1a: the byyyyy|0 fnt
|faint|p1a: the byyyyy
|
|upkeep
|c|☆endogreen|gg
|
|t:|1596564323
|switch|p1a: Speed|Zeraora|88/100
|turn|19
|
|t:|1596564334
|move|p1a: Speed|Knock Off|p2a: Alakazam
|-supereffective|p2a: Alakazam
|-damage|p2a: Alakazam|0 fnt
|faint|p2a: Alakazam
|
|win|endogreen
|l|☆endogreen
