|j|‽LT82ZW Guatemala
|j|☆early_human
|t:|1634765869
|gametype|singles
|player|p1|LT82ZW Guatemala|265|1867
|player|p2|early_human|dancer|1861
|teamsize|p1|6
|teamsize|p2|6
|gen|8
|tier|[Gen 8] OU
|rated|
|rule|Sleep Clause Mod: Limit one foe put to sleep
|rule|Species Clause: Limit one of each Pokémon
|rule|OHKO Clause: OHKO moves are banned
|rule|Evasion Moves Clause: Evasion moves are banned
|rule|Endless Battle Clause: Forcing endless battles is banned
|rule|HP Percentage Mod: HP is shown in percentages
|rule|Dynamax Clause: You cannot dynamax
|clearpoke
|poke|p1|Blissey, F|
|poke|p1|Kyurem|
|poke|p1|Slowbro, F|
|poke|p1|Tornadus-Therian, M|
|poke|p1|Landorus-Therian, M|
|poke|p1|Tapu Lele|
|poke|p2|Moltres-Galar|
|poke|p2|Aegislash, M|
|poke|p2|Buzzwole|
|poke|p2|Latios, M|
|poke|p2|Landorus-Therian, M|
|poke|p2|Bisharp, M|
|teampreview
|j| I am but a Clown
|inactive|Battle timer is ON: inactive players will automatically lose when time's up. (requested by LT82ZW Guatemala)
|
|t:|1634765880
|start
|switch|p1a: Kyurem|Kyurem|100/100
|switch|p2a: Bisharp|Bisharp, M|100/100
|-ability|p1a: Kyurem|Pressure
|turn|1
|
|t:|1634765886
|switch|p1a: Slowbro|Slowbro, F|100/100
|move|p2a: Bisharp|Iron Head|p1a: Slowbro
|-resisted|p1a: Slowbro
|-damage|p1a: Slowbro|88/100
|
|upkeep
|turn|2
|
|t:|1634765891
|move|p2a: Bisharp|Knock Off|p1a: Slowbro
|-supereffective|p1a: Slowbro
|-enditem|p1a: Slowbro|Colbur Berry|[eat]
|-enditem|p1a: Slowbro|Colbur Berry|[weaken]
|-damage|p1a: Slowbro|55/100
|move|p1a: Slowbro|Body Press|p2a: Bisharp
|-supereffective|p2a: Bisharp
|-damage|p2a: Bisharp|0 fnt
|faint|p2a: Bisharp
|
|upkeep
|
|t:|1634765897
|switch|p2a: Aegislash|Aegislash, M|100/100
|turn|3
|
|t:|1634765907
|switch|p1a: Tornadus|Tornadus-Therian, M|100/100
|-formechange|p2a: Aegislash|Aegislash-Blade||[from] ability: Stance Change
|move|p2a: Aegislash|Shadow Ball|p1a: Tornadus
|-crit|p1a: Tornadus
|-damage|p1a: Tornadus|26/100
|
|upkeep
|turn|4
|
|t:|1634765914
|switch|p1a: Landorus|Landorus-Therian, M|100/100
|-ability|p1a: Landorus|Intimidate|boost
|-unboost|p2a: Aegislash|atk|1
|-formechange|p2a: Aegislash|Aegislash||[from] ability: Stance Change
|move|p2a: Aegislash|King's Shield||[still]
|-fail|p2a: Aegislash
|
|upkeep
|turn|5
|
|t:|1634765922
|switch|p2a: Landorus|Landorus-Therian, M|100/100
|-ability|p2a: Landorus|Intimidate|boost
|-unboost|p1a: Landorus|atk|1
|move|p1a: Landorus|Stealth Rock|p2a: Landorus
|-sidestart|p2: early_human|move: Stealth Rock
|
|upkeep
|turn|6
|j| Naneun Naega
|
|t:|1634765927
|move|p2a: Landorus|Stealth Rock|p1a: Landorus
|-sidestart|p1: LT82ZW Guatemala|move: Stealth Rock
|move|p1a: Landorus|U-turn|p2a: Landorus
|-resisted|p2a: Landorus
|-damage|p2a: Landorus|93/100
|
|t:|1634765932
|switch|p1a: Kyurem|Kyurem|100/100|[from]move: U-turn
|-damage|p1a: Kyurem|75/100|[from] Stealth Rock
|-ability|p1a: Kyurem|Pressure
|
|upkeep
|turn|7
|
|t:|1634765941
|switch|p2a: Aegislash|Aegislash, M|100/100
|-damage|p2a: Aegislash|94/100|[from] Stealth Rock
|move|p1a: Kyurem|Ice Beam|p2a: Aegislash
|-resisted|p2a: Aegislash
|-damage|p2a: Aegislash|68/100
|-status|p2a: Aegislash|frz
|
|upkeep
|turn|8
|j| Evster
|
|t:|1634765946
|switch|p2a: Latios|Latios, M|100/100
|-damage|p2a: Latios|88/100|[from] Stealth Rock
|move|p1a: Kyurem|Earth Power|p2a: Latios
|-immune|p2a: Latios|[from] ability: Levitate
|
|upkeep
|turn|9
|j|+ironwater
|
|t:|1634765951
|switch|p1a: Blissey|Blissey, F|100/100
|-damage|p1a: Blissey|88/100|[from] Stealth Rock
|move|p2a: Latios|Future Sight|p1a: Blissey
|-start|p2a: Latios|move: Future Sight
|
|upkeep
|turn|10
|
|t:|1634765960
|switch|p2a: Aegislash|Aegislash, M|68/100 frz
|-damage|p2a: Aegislash|62/100 frz|[from] Stealth Rock
|move|p1a: Blissey|Teleport|p1a: Blissey
|
|t:|1634765962
|switch|p1a: Kyurem|Kyurem|75/100|[from]move: Teleport
|-damage|p1a: Kyurem|50/100|[from] Stealth Rock
|-ability|p1a: Kyurem|Pressure
|
|upkeep
|turn|11
|
|t:|1634765968
|cant|p2a: Aegislash|frz
|move|p1a: Kyurem|Roost|p1a: Kyurem
|-heal|p1a: Kyurem|100/100
|-singleturn|p1a: Kyurem|move: Roost
|
|-end|p1a: Kyurem|move: Future Sight
|-damage|p1a: Kyurem|39/100
|upkeep
|turn|12
|
|t:|1634765973
|switch|p2a: Latios|Latios, M|88/100
|-damage|p2a: Latios|76/100|[from] Stealth Rock
|move|p1a: Kyurem|Roost|p1a: Kyurem
|-heal|p1a: Kyurem|89/100
|-singleturn|p1a: Kyurem|move: Roost
|
|upkeep
|turn|13
|
|t:|1634765977
|switch|p1a: Blissey|Blissey, F|88/100
|-damage|p1a: Blissey|76/100|[from] Stealth Rock
|move|p2a: Latios|Draco Meteor|p1a: Blissey
|-damage|p1a: Blissey|46/100
|-unboost|p2a: Latios|spa|2
|
|upkeep
|turn|14
|
|t:|1634765983
|move|p2a: Latios|Future Sight|p1a: Blissey
|-start|p2a: Latios|move: Future Sight
|move|p1a: Blissey|Soft-Boiled|p1a: Blissey
|-heal|p1a: Blissey|96/100
|
|upkeep
|turn|15
|
|t:|1634765990
|switch|p2a: Aegislash|Aegislash, M|62/100 frz
|-damage|p2a: Aegislash|56/100 frz|[from] Stealth Rock
|move|p1a: Blissey|Teleport|p1a: Blissey
|
|t:|1634765997
|switch|p1a: Tornadus|Tornadus-Therian, M|60/100|[from]move: Teleport
|
|upkeep
|turn|16
|
|t:|1634766001
|move|p1a: Tornadus|U-turn|p2a: Aegislash
|-resisted|p2a: Aegislash
|-damage|p2a: Aegislash|53/100 frz
|
|t:|1634766006
|switch|p1a: Slowbro|Slowbro, F|89/100|[from]move: U-turn
|-damage|p1a: Slowbro|76/100|[from] Stealth Rock
|-curestatus|p2a: Aegislash|frz|[msg]
|-formechange|p2a: Aegislash|Aegislash-Blade||[from] ability: Stance Change
|move|p2a: Aegislash|Shadow Ball|p1a: Slowbro
|-supereffective|p1a: Slowbro
|-damage|p1a: Slowbro|0 fnt
|faint|p1a: Slowbro
|
|-hint|Future Sight did not hit because the target is fainted.
|upkeep
|
|t:|1634766010
|switch|p1a: Landorus|Landorus-Therian, M|100/100
|-damage|p1a: Landorus|88/100|[from] Stealth Rock
|-ability|p1a: Landorus|Intimidate|boost
|-unboost|p2a: Aegislash|atk|1
|turn|17
|
|t:|1634766021
|switch|p2a: Buzzwole|Buzzwole|100/100
|-damage|p2a: Buzzwole|88/100|[from] Stealth Rock
|move|p1a: Landorus|U-turn|p2a: Buzzwole
|-resisted|p2a: Buzzwole
|-damage|p2a: Buzzwole|80/100
|
|t:|1634766025
|switch|p1a: Tapu Lele|Tapu Lele|100/100|[from]move: U-turn
|-damage|p1a: Tapu Lele|88/100|[from] Stealth Rock
|-fieldstart|move: Psychic Terrain|[from] ability: Psychic Surge|[of] p1a: Tapu Lele
|
|upkeep
|turn|18
|
|t:|1634766035
|switch|p2a: Moltres|Moltres-Galar|100/100
|move|p1a: Tapu Lele|Moonblast|p2a: Moltres
|-supereffective|p2a: Moltres
|-damage|p2a: Moltres|12/100
|-ability|p2a: Moltres|Berserk|boost
|-boost|p2a: Moltres|spa|1
|
|upkeep
|turn|19
|
|t:|1634766038
|move|p1a: Tapu Lele|Moonblast|p2a: Moltres
|-supereffective|p2a: Moltres
|-damage|p2a: Moltres|0 fnt
|faint|p2a: Moltres
|
|upkeep
|
|t:|1634766039
|switch|p2a: Aegislash|Aegislash, M|53/100
|-damage|p2a: Aegislash|47/100|[from] Stealth Rock
|turn|20
|
|t:|1634766043
|switch|p1a: Landorus|Landorus-Therian, M|88/100
|-damage|p1a: Landorus|76/100|[from] Stealth Rock
|-ability|p1a: Landorus|Intimidate|boost
|-unboost|p2a: Aegislash|atk|1
|-formechange|p2a: Aegislash|Aegislash-Blade||[from] ability: Stance Change
|move|p2a: Aegislash|Shadow Ball|p1a: Landorus
|-damage|p1a: Landorus|42/100
|
|-heal|p1a: Landorus|49/100|[from] item: Leftovers
|upkeep
|turn|21
|
|t:|1634766046
|-formechange|p2a: Aegislash|Aegislash||[from] ability: Stance Change
|move|p2a: Aegislash|King's Shield|p2a: Aegislash
|-singleturn|p2a: Aegislash|Protect
|move|p1a: Landorus|U-turn|p2a: Aegislash
|-activate|p2a: Aegislash|move: Protect
|-unboost|p1a: Landorus|atk|1
|
|-heal|p1a: Landorus|55/100|[from] item: Leftovers
|-fieldend|move: Psychic Terrain
|upkeep
|turn|22
|
|t:|1634766054
|switch|p2a: Landorus|Landorus-Therian, M|93/100
|-damage|p2a: Landorus|80/100|[from] Stealth Rock
|-ability|p2a: Landorus|Intimidate|boost
|-unboost|p1a: Landorus|atk|1
|move|p1a: Landorus|Knock Off|p2a: Landorus
|-damage|p2a: Landorus|64/100
|-enditem|p2a: Landorus|Focus Sash|[from] move: Knock Off|[of] p1a: Landorus
|
|-heal|p1a: Landorus|61/100|[from] item: Leftovers
|upkeep
|turn|23
|
|t:|1634766058
|move|p2a: Landorus|Rock Tomb|p1a: Landorus
|-damage|p1a: Landorus|36/100
|-unboost|p1a: Landorus|spe|1
|move|p1a: Landorus|U-turn|p2a: Landorus
|-resisted|p2a: Landorus
|-damage|p2a: Landorus|57/100
|j| Eljow1
|
|t:|1634766062
|switch|p1a: Kyurem|Kyurem|89/100|[from]move: U-turn
|-damage|p1a: Kyurem|64/100|[from] Stealth Rock
|-ability|p1a: Kyurem|Pressure
|
|upkeep
|turn|24
|
|t:|1634766073
|move|p2a: Landorus|Explosion|p1a: Kyurem
|-damage|p1a: Kyurem|0 fnt
|faint|p2a: Landorus
|faint|p1a: Kyurem
|
|upkeep
|
|t:|1634766083
|switch|p2a: Aegislash|Aegislash, M|47/100
|switch|p1a: Tornadus|Tornadus-Therian, M|93/100
|-damage|p2a: Aegislash|41/100|[from] Stealth Rock
|turn|25
|
|t:|1634766090
|move|p2a: Aegislash|King's Shield|p2a: Aegislash
|-singleturn|p2a: Aegislash|Protect
|move|p1a: Tornadus|Heat Wave|p2a: Aegislash
|-activate|p2a: Aegislash|move: Protect
|
|upkeep
|turn|26
|
|t:|1634766094
|switch|p2a: Buzzwole|Buzzwole|80/100
|-damage|p2a: Buzzwole|68/100|[from] Stealth Rock
|move|p1a: Tornadus|Heat Wave|p2a: Buzzwole
|-supereffective|p2a: Buzzwole
|-damage|p2a: Buzzwole|0 fnt
|faint|p2a: Buzzwole
|
|upkeep
|
|t:|1634766095
|switch|p2a: Latios|Latios, M|76/100
|-damage|p2a: Latios|64/100|[from] Stealth Rock
|turn|27
|
|t:|1634766102
|move|p1a: Tornadus|Knock Off|p2a: Latios
|-supereffective|p2a: Latios
|-damage|p2a: Latios|9/100
|-enditem|p2a: Latios|Soul Dew|[from] move: Knock Off|[of] p1a: Tornadus
|move|p2a: Latios|Future Sight|p1a: Tornadus
|-start|p2a: Latios|move: Future Sight
|
|upkeep
|turn|28
|
|t:|1634766110
|move|p1a: Tornadus|U-turn|p2a: Latios
|-supereffective|p2a: Latios
|-damage|p2a: Latios|0 fnt
|faint|p2a: Latios
|
|t:|1634766113
|switch|p1a: Tapu Lele|Tapu Lele|88/100|[from]move: U-turn
|-damage|p1a: Tapu Lele|76/100|[from] Stealth Rock
|-fieldstart|move: Psychic Terrain|[from] ability: Psychic Surge|[of] p1a: Tapu Lele
|
|upkeep
|
|t:|1634766115
|switch|p2a: Aegislash|Aegislash, M|41/100
|-damage|p2a: Aegislash|34/100|[from] Stealth Rock
|turn|29
|
|t:|1634766119
|move|p1a: Tapu Lele|Psyshock|p2a: Aegislash
|-resisted|p2a: Aegislash
|-damage|p2a: Aegislash|12/100
|-formechange|p2a: Aegislash|Aegislash-Blade||[from] ability: Stance Change
|move|p2a: Aegislash|Shadow Ball|p1a: Tapu Lele
|-supereffective|p1a: Tapu Lele
|-damage|p1a: Tapu Lele|0 fnt
|faint|p1a: Tapu Lele
|
|-hint|Future Sight did not hit because the target is fainted.
|upkeep
|
|t:|1634766122
|switch|p1a: Tornadus|Tornadus-Therian, M|100/100
|turn|30
|-message|early_human forfeited.
|
|win|LT82ZW Guatemala
|raw|LT82ZW Guatemala's rating: 1867 &rarr; <strong>1887</strong><br />(+20 for winning)
|raw|early_human's rating: 1861 &rarr; <strong>1841</strong><br />(-20 for losing)
|l|☆early_human
||Ladder isn't responding, score probably updated but might not have (Request timeout).
