|raw|<div class="broadcast-blue"><strong>This battle is required to be public due to a player having a name starting with 'lt93oq'.</div>
|j|‽kinetic chain
|j|☆lt93oq myuu to top
|t:|1660732383
|gametype|singles
|player|p1|kinetic chain|silver-gen2|1941
|player|p2|lt93oq myuu to top|leon-masters|1766
|teamsize|p1|6
|teamsize|p2|6
|gen|8
|tier|[Gen 8] OU
|rated|
|rule|Sleep Clause Mod: Limit one foe put to sleep
|rule|Species Clause: Limit one of each Pokémon
|rule|OHKO Clause: OHKO moves are banned
|rule|Evasion Items Clause: Evasion items are banned
|rule|Evasion Moves Clause: Evasion moves are banned
|rule|Endless Battle Clause: Forcing endless battles is banned
|rule|HP Percentage Mod: HP is shown in percentages
|rule|Dynamax Clause: You cannot dynamax
|clearpoke
|poke|p1|Dragapult, F|
|poke|p1|Toxapex, M|
|poke|p1|Weavile, F|
|poke|p1|Heatran, F|
|poke|p1|Landorus-Therian, M|
|poke|p1|Zapdos|
|poke|p2|Nihilego|
|poke|p2|Zapdos-Galar|
|poke|p2|Kartana|
|poke|p2|Celesteela|
|poke|p2|Garchomp, F|
|poke|p2|Tapu Fini|
|teampreview
|inactive|Battle timer is ON: inactive players will automatically lose when time's up. (requested by lt93oq myuu to top)
|inactive|kinetic chain also wants the timer to be on.
|
|t:|1660732408
|start
|switch|p1a: Landorus|Landorus-Therian, M|100/100
|switch|p2a: Zapdos|Zapdos-Galar|100/100
|-ability|p1a: Landorus|Intimidate|boost
|-unboost|p2a: Zapdos|atk|1
|-ability|p2a: Zapdos|Defiant
|-boost|p2a: Zapdos|atk|2
|turn|1
|j| ACII
|
|t:|1660732417
|switch|p1a: Toxapex|Toxapex, M|100/100
|move|p2a: Zapdos|Brave Bird|p1a: Toxapex
|-damage|p1a: Toxapex|13/100
|-damage|p2a: Zapdos|84/100|[from] item: Rocky Helmet|[of] p1a: Toxapex
|-damage|p2a: Zapdos|57/100|[from] Recoil
|
|upkeep
|turn|2
|j| ivehadenoughshit
|j| filon
|
|t:|1660732446
|switch|p1a: Heatran|Heatran, F|100/100
|move|p2a: Zapdos|Brave Bird|p1a: Heatran
|-resisted|p1a: Heatran
|-damage|p1a: Heatran|43/100
|-damage|p2a: Zapdos|34/100|[from] Recoil
|
|-heal|p1a: Heatran|49/100|[from] item: Leftovers
|upkeep
|turn|3
|j| Zoilo_y_Aitana
|j| Mimikyu Stardust
|
|t:|1660732457
|switch|p1a: Zapdos|Zapdos|100/100
|move|p2a: Zapdos|Brave Bird|p1a: Zapdos
|-resisted|p1a: Zapdos
|-damage|p1a: Zapdos|12/100
|-status|p2a: Zapdos|par|[from] ability: Static|[of] p1a: Zapdos
|-damage|p2a: Zapdos|5/100 par|[from] Recoil
|
|upkeep
|turn|4
|j| Peter's Aviation
|j| Bushido Black
|j| prof darkness
|
|t:|1660732474
|switch|p2a: Garchomp|Garchomp, F|100/100
|move|p1a: Zapdos|Hurricane|p2a: Garchomp
|-damage|p2a: Garchomp|47/100
|
|upkeep
|turn|5
|j| Chiharu haru
|
|t:|1660732484
|switch|p1a: Landorus|Landorus-Therian, M|100/100
|-ability|p1a: Landorus|Intimidate|boost
|-unboost|p2a: Garchomp|atk|1
|move|p2a: Garchomp|Fire Blast|p1a: Landorus
|-damage|p1a: Landorus|85/100
|
|-heal|p1a: Landorus|91/100|[from] item: Leftovers
|upkeep
|turn|6
|l| Mimikyu Stardust
|l| ACII
|
|t:|1660732494
|move|p2a: Garchomp|Stealth Rock|p1a: Landorus
|-sidestart|p1: kinetic chain|move: Stealth Rock
|move|p1a: Landorus|Stealth Rock|p2a: Garchomp
|-sidestart|p2: lt93oq myuu to top|move: Stealth Rock
|
|-heal|p1a: Landorus|97/100|[from] item: Leftovers
|upkeep
|turn|7
|
|t:|1660732498
|switch|p2a: Zapdos|Zapdos-Galar|5/100 par
|-damage|p2a: Zapdos|0 fnt|[from] Stealth Rock
|faint|p2a: Zapdos
|move|p1a: Landorus|Earthquake|p2: Zapdos|[notarget]
|-fail|p1a: Landorus
|
|-heal|p1a: Landorus|100/100|[from] item: Leftovers
|upkeep
|l| Chiharu haru
|j| Mimikyu Stardust
|j| Wish i was gud
|inactive|lt93oq myuu to top has 120 seconds left.
|j| dasgas
|
|t:|1660732538
|switch|p2a: Celesteela|Celesteela|100/100
|-damage|p2a: Celesteela|88/100|[from] Stealth Rock
|turn|8
|
|t:|1660732550
|move|p1a: Landorus|U-turn|p2a: Celesteela
|-resisted|p2a: Celesteela
|-damage|p2a: Celesteela|83/100
|
|t:|1660732559
|switch|p1a: Dragapult|Dragapult, F|100/100|[from]move: U-turn
|-damage|p1a: Dragapult|88/100|[from] Stealth Rock
|move|p2a: Celesteela|Autotomize|p2a: Celesteela
|-boost|p2a: Celesteela|spe|2
|-start|p2a: Celesteela|Autotomize
|
|upkeep
|turn|9
|inactive|lt93oq myuu to top has 120 seconds left.
|
|t:|1660732587
|move|p2a: Celesteela|Meteor Beam||[still]
|-prepare|p2a: Celesteela|Meteor Beam
|-boost|p2a: Celesteela|spa|1
|-enditem|p2a: Celesteela|Power Herb
|-anim|p2a: Celesteela|Meteor Beam|p1a: Dragapult
|-damage|p1a: Dragapult|7/100
|move|p1a: Dragapult|Flamethrower|p2a: Celesteela
|-supereffective|p2a: Celesteela
|-damage|p2a: Celesteela|10/100
|
|upkeep
|turn|10
|inactive|lt93oq myuu to top has 120 seconds left.
|
|t:|1660732601
|move|p2a: Celesteela|Air Slash|p1a: Dragapult
|-damage|p1a: Dragapult|0 fnt
|faint|p1a: Dragapult
|-ability|p2a: Celesteela|Beast Boost|boost
|-boost|p2a: Celesteela|spa|1
|
|upkeep
|
|t:|1660732604
|switch|p1a: Weavile|Weavile, F|100/100
|turn|11
|inactive|lt93oq myuu to top has 120 seconds left.
|inactive|lt93oq myuu to top has 90 seconds left.
|
|t:|1660732656
|move|p1a: Weavile|Ice Shard|p2a: Celesteela
|-damage|p2a: Celesteela|0 fnt
|faint|p2a: Celesteela
|
|upkeep
|
|t:|1660732658
|switch|p2a: Tapu Fini|Tapu Fini|100/100
|-damage|p2a: Tapu Fini|88/100|[from] Stealth Rock
|-fieldstart|move: Misty Terrain|[from] ability: Misty Surge|[of] p2a: Tapu Fini
|turn|12
|inactive|kinetic chain has 120 seconds left.
|l| Mimikyu Stardust
|
|t:|1660732715
|switch|p1a: Toxapex|Toxapex, M|47/100
|-damage|p1a: Toxapex|34/100|[from] Stealth Rock
|move|p2a: Tapu Fini|Calm Mind|p2a: Tapu Fini
|-boost|p2a: Tapu Fini|spa|1
|-boost|p2a: Tapu Fini|spd|1
|
|-heal|p2a: Tapu Fini|94/100|[from] item: Leftovers
|upkeep
|turn|13
|
|t:|1660732725
|move|p2a: Tapu Fini|Taunt|p1a: Toxapex
|-start|p1a: Toxapex|move: Taunt
|cant|p1a: Toxapex|move: Taunt|Recover
|
|-heal|p2a: Tapu Fini|100/100|[from] item: Leftovers
|upkeep
|turn|14
|
|t:|1660732728
|move|p2a: Tapu Fini|Calm Mind|p2a: Tapu Fini
|-boost|p2a: Tapu Fini|spa|1
|-boost|p2a: Tapu Fini|spd|1
|move|p1a: Toxapex|Knock Off|p2a: Tapu Fini
|-resisted|p2a: Tapu Fini
|-damage|p2a: Tapu Fini|95/100
|-enditem|p2a: Tapu Fini|Leftovers|[from] move: Knock Off|[of] p1a: Toxapex
|
|upkeep
|turn|15
|
|t:|1660732733
|switch|p1a: Zapdos|Zapdos|12/100
|move|p2a: Tapu Fini|Scald|p1a: Zapdos
|-damage|p1a: Zapdos|0 fnt
|faint|p1a: Zapdos
|
|upkeep
|
|t:|1660732739
|switch|p1a: Landorus|Landorus-Therian, M|100/100
|-damage|p1a: Landorus|88/100|[from] Stealth Rock
|-ability|p1a: Landorus|Intimidate|boost
|-unboost|p2a: Tapu Fini|atk|1
|turn|16
|
|t:|1660732743
|move|p2a: Tapu Fini|Scald|p1a: Landorus
|-supereffective|p1a: Landorus
|-damage|p1a: Landorus|3/100
|-status|p1a: Landorus|brn
|move|p1a: Landorus|Earthquake|p2a: Tapu Fini
|-damage|p2a: Tapu Fini|77/100
|
|-heal|p1a: Landorus|9/100 brn|[from] item: Leftovers
|-damage|p1a: Landorus|3/100 brn|[from] brn
|-fieldend|Misty Terrain
|upkeep
|turn|17
|inactive|kinetic chain has 120 seconds left.
|-message|kinetic chain forfeited.
|
|win|lt93oq myuu to top
|raw|kinetic chain's rating: 1941 &rarr; <strong>1911</strong><br />(-30 for losing)
|raw|lt93oq myuu to top's rating: 1743 &rarr; <strong>1773</strong><br />(+30 for winning)
|l|‽kinetic chain
|l| Wish i was gud
|l| dasgas
|l| prof darkness
|j|‽kinetic chain
|player|p1|kinetic chain|silver-gen2
|l|‽kinetic chain
|player|p1|
|l| Bushido Black
