|j|☆Pyos
|j|☆stopthreat
|t:|1664239805
|gametype|singles
|player|p1|Pyos|caitlin|1707
|player|p2|stopthreat|gentleman-gen4|1807
|teamsize|p1|6
|teamsize|p2|6
|gen|8
|tier|[Gen 8] OU
|rated|
|rule|Sleep Clause Mod: Limit one foe put to sleep
|rule|Species Clause: Limit one of each Pokémon
|rule|OHKO Clause: OHKO moves are banned
|rule|Evasion Items Clause: Evasion items are banned
|rule|Evasion Moves Clause: Evasion moves are banned
|rule|Endless Battle Clause: Forcing endless battles is banned
|rule|HP Percentage Mod: HP is shown in percentages
|rule|Dynamax Clause: You cannot dynamax
|clearpoke
|poke|p1|Hatterene, F|
|poke|p1|Melmetal|
|poke|p1|Garchomp, F|
|poke|p1|Skarmory, M|
|poke|p1|Porygon2|
|poke|p1|Primarina, F|
|poke|p2|Landorus-Therian, M|
|poke|p2|Weavile, M|
|poke|p2|Kartana|
|poke|p2|Volcanion|
|poke|p2|Melmetal|
|poke|p2|Zapdos|
|teampreview
|inactive|Battle timer is ON: inactive players will automatically lose when time's up. (requested by stopthreat)
|
|t:|1664239819
|start
|switch|p1a: the devil's after|Garchomp, F|100/100
|switch|p2a: Weavile|Weavile, M|100/100
|-ability|p2a: Weavile|Pressure
|turn|1
|
|t:|1664239829
|switch|p1a: both of us|Skarmory, M|100/100
|move|p2a: Weavile|Beat Up|p1a: both of us
|-damage|p1a: both of us|92/100
|-damage|p1a: both of us|83/100
|-damage|p1a: both of us|72/100
|-damage|p1a: both of us|64/100
|-damage|p1a: both of us|55/100
|-damage|p1a: both of us|48/100
|-hitcount|p1a: both of us|6
|
|upkeep
|turn|2
|j| Rubiaa
|inactive|Pyos has 120 seconds left.
|c| Rubiaa|Beat up Weavile is so broken wtf
|
|t:|1664239861
|switch|p1a: all to rest|Primarina, F|100/100
|move|p2a: Weavile|Beat Up|p1a: all to rest
|-resisted|p1a: all to rest
|-damage|p1a: all to rest|92/100
|-resisted|p1a: all to rest
|-damage|p1a: all to rest|83/100
|-resisted|p1a: all to rest
|-damage|p1a: all to rest|72/100
|-resisted|p1a: all to rest
|-damage|p1a: all to rest|65/100
|-resisted|p1a: all to rest
|-damage|p1a: all to rest|57/100
|-resisted|p1a: all to rest
|-damage|p1a: all to rest|50/100
|-hitcount|p1a: all to rest|6
|
|upkeep
|turn|3
|c|☆Pyos|just a little
|inactive|Pyos has 120 seconds left.
|
|t:|1664239878
|move|p2a: Weavile|Beat Up|p1a: all to rest
|-resisted|p1a: all to rest
|-damage|p1a: all to rest|42/100
|-resisted|p1a: all to rest
|-damage|p1a: all to rest|33/100
|-resisted|p1a: all to rest
|-damage|p1a: all to rest|22/100
|-resisted|p1a: all to rest
|-damage|p1a: all to rest|15/100
|-resisted|p1a: all to rest
|-damage|p1a: all to rest|6/100
|-resisted|p1a: all to rest
|-damage|p1a: all to rest|0 fnt
|faint|p1a: all to rest
|-hitcount|p1: all to rest|6
|
|upkeep
|c| Rubiaa|LOL
|j| Kyurem
|c|☆Pyos|i'm at a loss
|
|t:|1664239894
|switch|p1a: dust to dust|Melmetal|100/100
|turn|4
|c| Rubiaa|yep
|c| Rubiaa|this is beat up weavile for u
|
|t:|1664239902
|switch|p2a: Landorus|Landorus-Therian, M|100/100
|-ability|p2a: Landorus|Intimidate|boost
|-unboost|p1a: dust to dust|atk|1
|move|p1a: dust to dust|Double Iron Bash|p2a: Landorus
|-damage|p2a: Landorus|74/100
|-damage|p2a: Landorus|48/100
|-hitcount|p2a: Landorus|2
|
|-heal|p2a: Landorus|54/100|[from] item: Leftovers
|upkeep
|turn|5
|c|☆Pyos|time to give primarina 8 more defense ivs
|
|t:|1664239923
|switch|p1a: both of us|Skarmory, M|48/100
|move|p2a: Landorus|Earthquake|p1a: both of us
|-immune|p1a: both of us
|
|-heal|p2a: Landorus|60/100|[from] item: Leftovers
|upkeep
|turn|6
|
|t:|1664239929
|move|p2a: Landorus|U-turn|p1a: both of us
|-resisted|p1a: both of us
|-damage|p1a: both of us|45/100
|-damage|p2a: Landorus|44/100|[from] item: Rocky Helmet|[of] p1a: both of us
|inactive|stopthreat has 120 seconds left.
|inactive|stopthreat has 90 seconds left.
|
|t:|1664239986
|switch|p2a: Zapdos|Zapdos|100/100|[from]move: U-turn
|move|p1a: both of us|Roost|p1a: both of us
|-heal|p1a: both of us|95/100
|-singleturn|p1a: both of us|move: Roost
|
|upkeep
|turn|7
|inactive|Pyos has 120 seconds left.
|
|t:|1664240002
|switch|p1a: oh lay my curses|Porygon2|100/100
|-ability|p1a: oh lay my curses|Static|[from] ability: Trace|[of] p2a: Zapdos
|move|p2a: Zapdos|Hurricane|p1a: oh lay my curses
|-damage|p1a: oh lay my curses|72/100
|
|upkeep
|turn|8
|j| Slaneesh
|inactive|Pyos has 120 seconds left.
|inactive|stopthreat has 90 seconds left.
|
|t:|1664240028
|move|p2a: Zapdos|Volt Switch|p1a: oh lay my curses
|-damage|p1a: oh lay my curses|56/100
|
|t:|1664240030
|switch|p2a: Melmetal|Melmetal|100/100|[from]move: Volt Switch
|move|p1a: oh lay my curses|Trick Room|p1a: oh lay my curses
|-fieldstart|move: Trick Room|[of] p1a: oh lay my curses
|
|upkeep
|turn|9
|
|t:|1664240039
|switch|p1a: both of us|Skarmory, M|95/100
|move|p2a: Melmetal|Superpower|p1a: both of us
|-damage|p1a: both of us|51/100
|-unboost|p2a: Melmetal|atk|1
|-unboost|p2a: Melmetal|def|1
|-damage|p2a: Melmetal|84/100|[from] item: Rocky Helmet|[of] p1a: both of us
|
|upkeep
|turn|10
|
|t:|1664240048
|switch|p2a: Zapdos|Zapdos|100/100
|move|p1a: both of us|Toxic|p2a: Zapdos
|-status|p2a: Zapdos|tox
|
|-damage|p2a: Zapdos|94/100 tox|[from] psn
|upkeep
|turn|11
|inactive|stopthreat has 90 seconds left.
|
|t:|1664240087
|switch|p1a: oh lay my curses|Porygon2|56/100
|-ability|p1a: oh lay my curses|Static|[from] ability: Trace|[of] p2a: Zapdos
|move|p2a: Zapdos|Heat Wave|p1a: oh lay my curses|[miss]
|-miss|p2a: Zapdos|p1a: oh lay my curses
|
|-damage|p2a: Zapdos|82/100 tox|[from] psn
|upkeep
|turn|12
|
|t:|1664240095
|move|p1a: oh lay my curses|Recover|p1a: oh lay my curses
|-heal|p1a: oh lay my curses|100/100
|move|p2a: Zapdos|Volt Switch|p1a: oh lay my curses
|-crit|p1a: oh lay my curses
|-damage|p1a: oh lay my curses|74/100
|inactive|stopthreat has 90 seconds left.
|
|t:|1664240101
|switch|p2a: Weavile|Weavile, M|100/100|[from]move: Volt Switch
|-ability|p2a: Weavile|Pressure
|
|-fieldend|move: Trick Room
|upkeep
|turn|13
|c|☆Pyos|this
|c|☆Pyos|thing
|c|☆Pyos|of whom i have no clue how to deal with
|
|t:|1664240127
|move|p2a: Weavile|Beat Up|p1a: oh lay my curses
|-crit|p1a: oh lay my curses
|-damage|p1a: oh lay my curses|62/100
|-damage|p1a: oh lay my curses|51/100
|-crit|p1a: oh lay my curses
|-damage|p1a: oh lay my curses|40/100
|-damage|p1a: oh lay my curses|31/100
|-damage|p1a: oh lay my curses|21/100
|-hitcount|p1a: oh lay my curses|5
|move|p1a: oh lay my curses|Trick Room|p1a: oh lay my curses
|-fieldstart|move: Trick Room|[of] p1a: oh lay my curses
|
|upkeep
|turn|14
|
|t:|1664240139
|switch|p1a: dust to dust|Melmetal|100/100
|move|p2a: Weavile|Beat Up|p1a: dust to dust
|-crit|p1a: dust to dust
|-damage|p1a: dust to dust|89/100
|-damage|p1a: dust to dust|78/100
|-damage|p1a: dust to dust|69/100
|-damage|p1a: dust to dust|60/100
|-damage|p1a: dust to dust|51/100
|-hitcount|p1a: dust to dust|5
|
|upkeep
|turn|15
|inactive|Pyos has 120 seconds left.
|j| I'M AT MY LIMIT!
|
|t:|1664240161
|switch|p2a: Landorus|Landorus-Therian, M|44/100
|-ability|p2a: Landorus|Intimidate|boost
|-unboost|p1a: dust to dust|atk|1
|move|p1a: dust to dust|Ice Punch|p2a: Landorus
|-supereffective|p2a: Landorus
|-damage|p2a: Landorus|0 fnt
|faint|p2a: Landorus
|
|upkeep
|
|t:|1664240168
|switch|p2a: Volcanion|Volcanion|100/100
|turn|16
|
|t:|1664240171
|switch|p1a: oh lay my curses|Porygon2|21/100
|-ability|p1a: oh lay my curses|Water Absorb|[from] ability: Trace|[of] p2a: Volcanion
|move|p2a: Volcanion|Steam Eruption|p1a: oh lay my curses
|-heal|p1a: oh lay my curses|46/100|[from] ability: Water Absorb|[of] p2a: Volcanion
|
|upkeep
|turn|17
|
|t:|1664240179
|switch|p2a: Melmetal|Melmetal|84/100
|move|p1a: oh lay my curses|Recover|p1a: oh lay my curses
|-heal|p1a: oh lay my curses|96/100
|
|-fieldend|move: Trick Room
|upkeep
|turn|18
|
|t:|1664240185
|switch|p1a: both of us|Skarmory, M|51/100
|move|p2a: Melmetal|Double Iron Bash|p1a: both of us
|-resisted|p1a: both of us
|-damage|p1a: both of us|31/100
|-damage|p2a: Melmetal|67/100|[from] item: Rocky Helmet|[of] p1a: both of us
|-resisted|p1a: both of us
|-damage|p1a: both of us|10/100
|-damage|p2a: Melmetal|51/100|[from] item: Rocky Helmet|[of] p1a: both of us
|-hitcount|p1a: both of us|2
|
|upkeep
|turn|19
|
|t:|1664240194
|move|p1a: both of us|Roost|p1a: both of us
|-heal|p1a: both of us|60/100
|-singleturn|p1a: both of us|move: Roost
|move|p2a: Melmetal|Double Iron Bash|p1a: both of us
|-resisted|p1a: both of us
|-damage|p1a: both of us|42/100
|-damage|p2a: Melmetal|34/100|[from] item: Rocky Helmet|[of] p1a: both of us
|-resisted|p1a: both of us
|-damage|p1a: both of us|22/100
|-damage|p2a: Melmetal|18/100|[from] item: Rocky Helmet|[of] p1a: both of us
|-hitcount|p1a: both of us|2
|
|upkeep
|turn|20
|
|t:|1664240208
|switch|p2a: Volcanion|Volcanion|100/100
|move|p1a: both of us|Roost|p1a: both of us
|-heal|p1a: both of us|72/100
|-singleturn|p1a: both of us|move: Roost
|
|upkeep
|turn|21
|
|t:|1664240215
|switch|p1a: oh lay my curses|Porygon2|96/100
|-ability|p1a: oh lay my curses|Water Absorb|[from] ability: Trace|[of] p2a: Volcanion
|move|p2a: Volcanion|Steam Eruption|p1a: oh lay my curses
|-heal|p1a: oh lay my curses|100/100|[from] ability: Water Absorb|[of] p2a: Volcanion
|
|upkeep
|turn|22
|
|t:|1664240222
|switch|p2a: Melmetal|Melmetal|18/100
|move|p1a: oh lay my curses|Trick Room|p1a: oh lay my curses
|-fieldstart|move: Trick Room|[of] p1a: oh lay my curses
|
|upkeep
|turn|23
|
|t:|1664240226
|switch|p1a: both of us|Skarmory, M|72/100
|move|p2a: Melmetal|Thunder Punch|p1a: both of us
|-supereffective|p1a: both of us
|-damage|p1a: both of us|5/100
|-damage|p2a: Melmetal|1/100|[from] item: Rocky Helmet|[of] p1a: both of us
|
|upkeep
|turn|24
|
|t:|1664240234
|switch|p2a: Volcanion|Volcanion|100/100
|switch|p1a: the devil's after|Garchomp, F|100/100
|
|upkeep
|turn|25
|l| Rubiaa
|
|t:|1664240242
|switch|p1a: oh lay my curses|Porygon2|100/100
|-ability|p1a: oh lay my curses|Water Absorb|[from] ability: Trace|[of] p2a: Volcanion
|move|p2a: Volcanion|Steam Eruption|p1a: oh lay my curses
|-immune|p1a: oh lay my curses|[from] ability: Water Absorb
|
|upkeep
|turn|26
|
|t:|1664240256
|switch|p2a: Weavile|Weavile, M|100/100
|-ability|p2a: Weavile|Pressure
|move|p1a: oh lay my curses|Recover||[still]
|-fail|p1a: oh lay my curses|heal
|
|-fieldend|move: Trick Room
|upkeep
|turn|27
|
|t:|1664240266
|move|p2a: Weavile|Knock Off|p1a: oh lay my curses
|-damage|p1a: oh lay my curses|56/100
|-enditem|p1a: oh lay my curses|Eviolite|[from] move: Knock Off|[of] p2a: Weavile
|move|p1a: oh lay my curses|Trick Room|p1a: oh lay my curses
|-fieldstart|move: Trick Room|[of] p1a: oh lay my curses
|
|upkeep
|turn|28
|
|t:|1664240282
|switch|p1a: the devil's after|Garchomp, F|100/100
|move|p2a: Weavile|Knock Off|p1a: the devil's after
|-damage|p1a: the devil's after|21/100
|-damage|p2a: Weavile|88/100|[from] ability: Rough Skin|[of] p1a: the devil's after
|-enditem|p1a: the devil's after|Lum Berry|[from] move: Knock Off|[of] p2a: Weavile
|
|upkeep
|turn|29
|
|t:|1664240298
|switch|p2a: Kartana|Kartana|100/100
|move|p1a: the devil's after|Earthquake|p2a: Kartana
|-damage|p2a: Kartana|46/100
|
|upkeep
|turn|30
|
|t:|1664240308
|switch|p2a: Zapdos|Zapdos|82/100 tox
|move|p1a: the devil's after|Earthquake|p2a: Zapdos
|-immune|p2a: Zapdos
|
|-damage|p2a: Zapdos|76/100 tox|[from] psn
|upkeep
|turn|31
|
|t:|1664240315
|move|p2a: Zapdos|Hurricane|p1a: the devil's after
|-damage|p1a: the devil's after|0 fnt
|faint|p1a: the devil's after
|
|-damage|p2a: Zapdos|63/100 tox|[from] psn
|-fieldend|move: Trick Room
|upkeep
|j| pikachupija
|
|t:|1664240323
|switch|p1a: oh lay my curses|Porygon2|56/100
|-ability|p1a: oh lay my curses|Static|[from] ability: Trace|[of] p2a: Zapdos
|turn|32
|
|t:|1664240328
|move|p2a: Zapdos|Volt Switch|p1a: oh lay my curses
|-damage|p1a: oh lay my curses|28/100
|
|t:|1664240332
|switch|p2a: Melmetal|Melmetal|1/100|[from]move: Volt Switch
|move|p1a: oh lay my curses|Trick Room|p1a: oh lay my curses
|-fieldstart|move: Trick Room|[of] p1a: oh lay my curses
|
|upkeep
|turn|33
|
|t:|1664240338
|switch|p1a: both of us|Skarmory, M|5/100
|move|p2a: Melmetal|Double Iron Bash|p1a: both of us
|-resisted|p1a: both of us
|-damage|p1a: both of us|0 fnt
|-damage|p2a: Melmetal|0 fnt|[from] item: Rocky Helmet|[of] p1a: both of us
|faint|p1a: both of us
|faint|p2a: Melmetal
|-hitcount|p1: both of us|1
|
|upkeep
|
|t:|1664240346
|switch|p2a: Zapdos|Zapdos|63/100 tox
|switch|p1a: dust to dust|Melmetal|51/100
|turn|34
|
|t:|1664240352
|move|p1a: dust to dust|Ice Punch|p2a: Zapdos
|-supereffective|p2a: Zapdos
|-damage|p2a: Zapdos|0 fnt
|faint|p2a: Zapdos
|
|upkeep
|
|t:|1664240355
|switch|p2a: Volcanion|Volcanion|100/100
|turn|35
|
|t:|1664240360
|move|p1a: dust to dust|Earthquake|p2a: Volcanion
|-supereffective|p2a: Volcanion
|-damage|p2a: Volcanion|25/100
|move|p2a: Volcanion|Flamethrower|p1a: dust to dust
|-supereffective|p1a: dust to dust
|-damage|p1a: dust to dust|0 fnt
|faint|p1a: dust to dust
|
|upkeep
|
|t:|1664240370
|switch|p1a: oh lay my curses|Porygon2|28/100
|-ability|p1a: oh lay my curses|Water Absorb|[from] ability: Trace|[of] p2a: Volcanion
|turn|36
|
|t:|1664240376
|move|p1a: oh lay my curses|Ice Beam|p2a: Volcanion
|-resisted|p2a: Volcanion
|-damage|p2a: Volcanion|18/100
|move|p2a: Volcanion|Flamethrower|p1a: oh lay my curses
|-damage|p1a: oh lay my curses|0 fnt
|faint|p1a: oh lay my curses
|
|-fieldend|move: Trick Room
|upkeep
|c|☆stopthreat|gg
|
|t:|1664240383
|switch|p1a: oh ashes ashes|Hatterene, F|100/100
|turn|37
|
|t:|1664240386
|move|p2a: Volcanion|Flamethrower|p1a: oh ashes ashes
|-damage|p1a: oh ashes ashes|32/100
|move|p1a: oh ashes ashes|Trick Room|p1a: oh ashes ashes
|-fieldstart|move: Trick Room|[of] p1a: oh ashes ashes
|
|upkeep
|turn|38
|
|t:|1664240390
|move|p1a: oh ashes ashes|Dazzling Gleam|p2a: Volcanion
|-resisted|p2a: Volcanion
|-damage|p2a: Volcanion|0 fnt
|faint|p2a: Volcanion
|
|upkeep
|c|☆Pyos|i don't think so actually
|
|t:|1664240401
|switch|p2a: Weavile|Weavile, M|88/100
|-ability|p2a: Weavile|Pressure
|turn|39
|
|t:|1664240405
|move|p2a: Weavile|Ice Shard|p1a: oh ashes ashes
|-damage|p1a: oh ashes ashes|5/100
|move|p1a: oh ashes ashes|Dazzling Gleam|p2a: Weavile
|-supereffective|p2a: Weavile
|-damage|p2a: Weavile|0 fnt
|faint|p2a: Weavile
|
|upkeep
|
|t:|1664240407
|switch|p2a: Kartana|Kartana|46/100
|turn|40
|c|☆stopthreat|dam
|c|☆stopthreat|gg
|c|☆Pyos|gg lol
|
|t:|1664240415
|move|p1a: oh ashes ashes|Mystical Fire|p2a: Kartana
|-supereffective|p2a: Kartana
|-damage|p2a: Kartana|0 fnt
|faint|p2a: Kartana
|
|win|Pyos
|raw|Pyos's rating: 1707 &rarr; <strong>1733</strong><br />(+26 for winning)
|raw|stopthreat's rating: 1820 &rarr; <strong>1794</strong><br />(-26 for losing)
|l|☆stopthreat
||Ladder isn't responding, score probably updated but might not have (Request timeout).
