|raw|<div class="broadcast-blue"><strong>This battle is required to be public due to a player having a name starting with 'lt91bb'.</div>
|j|☆xasah❤bae
|j|☆LT91BBe
|t:|1659015447
|gametype|singles
|player|p1|xasah❤bae|clerkf|1627
|player|p2|LT91BBe|twins|1668
|teamsize|p1|6
|teamsize|p2|6
|gen|8
|tier|[Gen 8] OU
|rated|
|rule|Sleep Clause Mod: Limit one foe put to sleep
|rule|Species Clause: Limit one of each Pokémon
|rule|OHKO Clause: OHKO moves are banned
|rule|Evasion Moves Clause: Evasion moves are banned
|rule|Endless Battle Clause: Forcing endless battles is banned
|rule|HP Percentage Mod: HP is shown in percentages
|rule|Dynamax Clause: You cannot dynamax
|clearpoke
|poke|p1|Aegislash, M|
|poke|p1|Tapu Lele|
|poke|p1|Tornadus-Therian, M|
|poke|p1|Hippowdon, M|
|poke|p1|Buzzwole|
|poke|p1|Toxapex, F|
|poke|p2|Blacephalon|
|poke|p2|Clefable, F|
|poke|p2|Excadrill, M|
|poke|p2|Hippowdon, F|
|poke|p2|Skarmory, M|
|poke|p2|Toxapex, F|
|teampreview
|inactive|Battle timer is ON: inactive players will automatically lose when time's up. (requested by LT91BBe)
|
|t:|1659015470
|start
|switch|p1a: Tapu Lele|Tapu Lele|100/100
|switch|p2a: Blacephalon|Blacephalon|100/100
|-fieldstart|move: Psychic Terrain|[from] ability: Psychic Surge|[of] p1a: Tapu Lele
|turn|1
|
|t:|1659015486
|switch|p1a: Hippowdon|Hippowdon, M, shiny|100/100
|move|p2a: Blacephalon|Shadow Ball|p1a: Hippowdon
|-damage|p1a: Hippowdon|48/100
|
|-heal|p1a: Hippowdon|55/100|[from] item: Leftovers
|upkeep
|turn|2
|j| amxox
|
|t:|1659015498
|switch|p2a: Skarmory|Skarmory, M|100/100
|move|p1a: Hippowdon|Slack Off|p1a: Hippowdon
|-heal|p1a: Hippowdon|100/100
|
|upkeep
|turn|3
|
|t:|1659015508
|switch|p1a: Tornadus|Tornadus-Therian, M|100/100
|move|p2a: Skarmory|Spikes|p1a: Tornadus
|-sidestart|p1: xasah❤bae|Spikes
|
|upkeep
|turn|4
|
|t:|1659015518
|switch|p2a: Toxapex|Toxapex, F|100/100
|move|p1a: Tornadus|Knock Off|p2a: Toxapex
|-damage|p2a: Toxapex|85/100
|-damage|p1a: Tornadus|84/100|[from] item: Rocky Helmet|[of] p2a: Toxapex
|-enditem|p2a: Toxapex|Rocky Helmet|[from] move: Knock Off|[of] p1a: Tornadus
|
|upkeep
|turn|5
|
|t:|1659015522
|move|p1a: Tornadus|Defog|p2a: Toxapex
|-unboost|p2a: Toxapex|evasion|1
|-sideend|p1: xasah❤bae|Spikes|[from] move: Defog|[of] p1a: Tornadus
|-fieldend|move: Psychic Terrain
|move|p2a: Toxapex|Toxic|p1a: Tornadus
|-status|p1a: Tornadus|tox
|
|-damage|p1a: Tornadus|78/100 tox|[from] psn
|upkeep
|turn|6
|
|t:|1659015523
|move|p1a: Tornadus|U-turn|p2a: Toxapex
|-resisted|p2a: Toxapex
|-damage|p2a: Toxapex|79/100
|
|t:|1659015530
|switch|p1a: Toxapex|Toxapex, F|100/100|[from]move: U-turn
|move|p2a: Toxapex|Knock Off|p1a: Toxapex
|-damage|p1a: Toxapex|91/100
|-enditem|p1a: Toxapex|Shed Shell|[from] move: Knock Off|[of] p2a: Toxapex
|
|upkeep
|turn|7
|
|t:|1659015534
|switch|p1a: Tapu Lele|Tapu Lele|100/100
|-fieldstart|move: Psychic Terrain|[from] ability: Psychic Surge|[of] p1a: Tapu Lele
|switch|p2a: Skarmory|Skarmory, M|100/100
|
|upkeep
|turn|8
|
|t:|1659015540
|move|p1a: Tapu Lele|Psychic|p2a: Skarmory
|-resisted|p2a: Skarmory
|-damage|p2a: Skarmory|36/100
|move|p2a: Skarmory|Spikes|p1a: Tapu Lele
|-sidestart|p1: xasah❤bae|Spikes
|
|upkeep
|turn|9
|
|t:|1659015546
|move|p1a: Tapu Lele|Psychic|p2a: Skarmory
|-resisted|p2a: Skarmory
|-damage|p2a: Skarmory|0 fnt
|faint|p2a: Skarmory
|
|upkeep
|
|t:|1659015547
|switch|p2a: Blacephalon|Blacephalon|100/100
|turn|10
|inactive|xasah❤bae has 120 seconds left.
|inactive|xasah❤bae has 90 seconds left.
|
|t:|1659015634
|switch|p1a: Tornadus|Tornadus-Therian, M|100/100 tox
|move|p2a: Blacephalon|Shadow Ball|p1a: Tornadus
|-damage|p1a: Tornadus|35/100 tox
|
|-damage|p1a: Tornadus|29/100 tox|[from] psn
|upkeep
|turn|11
|
|t:|1659015639
|move|p1a: Tornadus|Knock Off|p2a: Blacephalon
|-supereffective|p2a: Blacephalon
|-damage|p2a: Blacephalon|11/100
|-enditem|p2a: Blacephalon|Choice Specs|[from] move: Knock Off|[of] p1a: Tornadus
|move|p2a: Blacephalon|Shadow Ball|p1a: Tornadus
|-damage|p1a: Tornadus|0 fnt
|faint|p1a: Tornadus
|-ability|p2a: Blacephalon|Beast Boost|boost
|-boost|p2a: Blacephalon|spa|1
|
|-fieldend|move: Psychic Terrain
|upkeep
|
|t:|1659015651
|switch|p1a: Hippowdon|Hippowdon, M, shiny|100/100
|-damage|p1a: Hippowdon|88/100|[from] Spikes
|turn|12
|
|t:|1659015654
|move|p2a: Blacephalon|Overheat|p1a: Hippowdon
|-damage|p1a: Hippowdon|11/100
|-unboost|p2a: Blacephalon|spa|2
|move|p1a: Hippowdon|Earthquake|p2a: Blacephalon
|-supereffective|p2a: Blacephalon
|-damage|p2a: Blacephalon|0 fnt
|faint|p2a: Blacephalon
|
|-heal|p1a: Hippowdon|17/100|[from] item: Leftovers
|upkeep
|
|t:|1659015657
|switch|p2a: Excadrill|Excadrill, M, shiny|100/100
|turn|13
|
|t:|1659015659
|switch|p1a: Buzzwole|Buzzwole|100/100
|move|p2a: Excadrill|Iron Head|p1a: Buzzwole
|-damage|p1a: Buzzwole|77/100
|
|upkeep
|turn|14
|
|t:|1659015668
|switch|p2a: Hippowdon|Hippowdon, F|100/100
|-weather|Sandstorm|[from] ability: Sand Stream|[of] p2a: Hippowdon
|move|p1a: Buzzwole|Earthquake|p2a: Hippowdon
|-damage|p2a: Hippowdon|81/100
|
|-weather|Sandstorm|[upkeep]
|-damage|p1a: Buzzwole|71/100|[from] Sandstorm
|-heal|p2a: Hippowdon|87/100|[from] item: Leftovers
|upkeep
|turn|15
|
|t:|1659015673
|switch|p1a: Toxapex|Toxapex, F|100/100
|-damage|p1a: Toxapex|88/100|[from] Spikes
|move|p2a: Hippowdon|Stealth Rock|p1a: Toxapex
|-sidestart|p1: xasah❤bae|move: Stealth Rock
|
|-weather|Sandstorm|[upkeep]
|-damage|p1a: Toxapex|82/100|[from] Sandstorm
|-heal|p2a: Hippowdon|93/100|[from] item: Leftovers
|upkeep
|turn|16
|
|t:|1659015680
|move|p2a: Hippowdon|Earthquake|p1a: Toxapex
|-supereffective|p1a: Toxapex
|-damage|p1a: Toxapex|38/100
|move|p1a: Toxapex|Recover|p1a: Toxapex
|-heal|p1a: Toxapex|88/100
|
|-weather|Sandstorm|[upkeep]
|-damage|p1a: Toxapex|82/100|[from] Sandstorm
|-heal|p2a: Hippowdon|99/100|[from] item: Leftovers
|upkeep
|turn|17
|
|t:|1659015683
|switch|p2a: Excadrill|Excadrill, M, shiny|100/100
|move|p1a: Toxapex|Scald|p2a: Excadrill
|-supereffective|p2a: Excadrill
|-damage|p2a: Excadrill|61/100
|
|-weather|Sandstorm|[upkeep]
|-damage|p1a: Toxapex|76/100|[from] Sandstorm
|-heal|p2a: Excadrill|67/100|[from] item: Leftovers
|upkeep
|turn|18
|inactive|xasah❤bae has 120 seconds left.
|
|t:|1659015689
|switch|p1a: Buzzwole|Buzzwole|71/100
|move|p2a: Excadrill|Earthquake|p1a: Buzzwole
|-resisted|p1a: Buzzwole
|-damage|p1a: Buzzwole|57/100
|
|-weather|none
|-heal|p2a: Excadrill|73/100|[from] item: Leftovers
|upkeep
|turn|19
|
|t:|1659015691
|switch|p2a: Clefable|Clefable, F|100/100
|move|p1a: Buzzwole|Roost|p1a: Buzzwole
|-heal|p1a: Buzzwole|100/100
|-singleturn|p1a: Buzzwole|move: Roost
|
|upkeep
|turn|20
|
|t:|1659015693
|switch|p1a: Aegislash|Aegislash, M|100/100
|-damage|p1a: Aegislash|88/100|[from] Spikes
|-damage|p1a: Aegislash|82/100|[from] Stealth Rock
|move|p2a: Clefable|Calm Mind|p2a: Clefable
|-boost|p2a: Clefable|spa|1
|-boost|p2a: Clefable|spd|1
|
|-heal|p1a: Aegislash|88/100|[from] item: Leftovers
|upkeep
|turn|21
|
|t:|1659015699
|move|p2a: Clefable|Flamethrower|p1a: Aegislash
|-supereffective|p1a: Aegislash
|-damage|p1a: Aegislash|53/100
|move|p1a: Aegislash|Toxic|p2a: Clefable
|-status|p2a: Clefable|tox
|
|-heal|p1a: Aegislash|59/100|[from] item: Leftovers
|upkeep
|turn|22
|
|t:|1659015703
|switch|p1a: Toxapex|Toxapex, F|100/100
|-damage|p1a: Toxapex|88/100|[from] Spikes
|-damage|p1a: Toxapex|76/100|[from] Stealth Rock
|move|p2a: Clefable|Calm Mind|p2a: Clefable
|-boost|p2a: Clefable|spa|1
|-boost|p2a: Clefable|spd|1
|
|upkeep
|turn|23
|
|t:|1659015707
|switch|p2a: Excadrill|Excadrill, M, shiny|73/100
|move|p1a: Toxapex|Haze|p1a: Toxapex
|-clearallboost
|
|-heal|p2a: Excadrill|79/100|[from] item: Leftovers
|upkeep
|turn|24
|
|t:|1659015711
|move|p2a: Excadrill|Swords Dance|p2a: Excadrill
|-boost|p2a: Excadrill|atk|2
|move|p1a: Toxapex|Scald|p2a: Excadrill
|-supereffective|p2a: Excadrill
|-damage|p2a: Excadrill|40/100
|
|-heal|p2a: Excadrill|46/100|[from] item: Leftovers
|upkeep
|turn|25
|
|t:|1659015715
|switch|p1a: Buzzwole|Buzzwole|100/100
|move|p2a: Excadrill|Iron Head|p1a: Buzzwole
|-damage|p1a: Buzzwole|51/100
|
|-heal|p2a: Excadrill|52/100|[from] item: Leftovers
|upkeep
|turn|26
|
|t:|1659015719
|move|p2a: Excadrill|Iron Head|p1a: Buzzwole
|-damage|p1a: Buzzwole|1/100
|move|p1a: Buzzwole|Earthquake|p2a: Excadrill
|-supereffective|p2a: Excadrill
|-damage|p2a: Excadrill|0 fnt
|faint|p2a: Excadrill
|-ability|p1a: Buzzwole|Beast Boost|boost
|-boost|p1a: Buzzwole|def|1
|
|upkeep
|
|t:|1659015722
|switch|p2a: Clefable|Clefable, F|100/100 tox
|turn|27
|
|t:|1659015731
|switch|p1a: Toxapex|Toxapex, F|100/100
|-damage|p1a: Toxapex|88/100|[from] Spikes
|-damage|p1a: Toxapex|76/100|[from] Stealth Rock
|move|p2a: Clefable|Moonblast|p1a: Toxapex
|-resisted|p1a: Toxapex
|-damage|p1a: Toxapex|62/100
|-unboost|p1a: Toxapex|spa|1
|
|upkeep
|turn|28
|
|t:|1659015733
|move|p2a: Clefable|Calm Mind|p2a: Clefable
|-boost|p2a: Clefable|spa|1
|-boost|p2a: Clefable|spd|1
|move|p1a: Toxapex|Recover|p1a: Toxapex
|-heal|p1a: Toxapex|100/100
|
|upkeep
|turn|29
|
|t:|1659015737
|switch|p2a: Toxapex|Toxapex, F|100/100
|move|p1a: Toxapex|Haze|p1a: Toxapex
|-clearallboost
|
|upkeep
|turn|30
|
|t:|1659015741
|move|p1a: Toxapex|Scald|p2a: Toxapex
|-resisted|p2a: Toxapex
|-damage|p2a: Toxapex|96/100
|-status|p2a: Toxapex|brn
|move|p2a: Toxapex|Knock Off|p1a: Toxapex
|-damage|p1a: Toxapex|98/100
|
|-damage|p2a: Toxapex|90/100 brn|[from] brn
|upkeep
|turn|31
|
|t:|1659015746
|switch|p1a: Hippowdon|Hippowdon, M, shiny|17/100
|-damage|p1a: Hippowdon|5/100|[from] Spikes
|-damage|p1a: Hippowdon|0 fnt|[from] Stealth Rock
|faint|p1a: Hippowdon
|move|p2a: Toxapex|Knock Off|p1: Hippowdon|[notarget]
|-fail|p2a: Toxapex
|
|-damage|p2a: Toxapex|84/100 brn|[from] brn
|upkeep
|
|t:|1659015747
|switch|p1a: Tapu Lele|Tapu Lele|100/100
|-damage|p1a: Tapu Lele|88/100|[from] Spikes
|-damage|p1a: Tapu Lele|76/100|[from] Stealth Rock
|-fieldstart|move: Psychic Terrain|[from] ability: Psychic Surge|[of] p1a: Tapu Lele
|turn|32
|
|t:|1659015750
|switch|p2a: Hippowdon|Hippowdon, F|99/100
|-weather|Sandstorm|[from] ability: Sand Stream|[of] p2a: Hippowdon
|move|p1a: Tapu Lele|Psychic|p2a: Hippowdon
|-damage|p2a: Hippowdon|26/100
|
|-weather|Sandstorm|[upkeep]
|-damage|p1a: Tapu Lele|70/100|[from] Sandstorm
|-heal|p2a: Hippowdon|33/100|[from] item: Leftovers
|upkeep
|turn|33
|
|t:|1659015753
|move|p1a: Tapu Lele|Psychic|p2a: Hippowdon
|-damage|p2a: Hippowdon|0 fnt
|faint|p2a: Hippowdon
|
|-weather|Sandstorm|[upkeep]
|-damage|p1a: Tapu Lele|63/100|[from] Sandstorm
|upkeep
|
|t:|1659015754
|switch|p2a: Clefable|Clefable, F|100/100 tox
|turn|34
|
|t:|1659015755
|move|p1a: Tapu Lele|Psychic|p2a: Clefable
|-damage|p2a: Clefable|18/100 tox
|move|p2a: Clefable|Moonblast|p1a: Tapu Lele
|-damage|p1a: Tapu Lele|33/100
|
|-weather|Sandstorm|[upkeep]
|-damage|p1a: Tapu Lele|26/100|[from] Sandstorm
|-heal|p2a: Clefable|24/100 tox|[from] item: Leftovers
|upkeep
|turn|35
|-message|LT91BBe forfeited.
|
|win|xasah❤bae
|raw|xasah❤bae's rating: 1627 &rarr; <strong>1649</strong><br />(+22 for winning)
|raw|LT91BBe's rating: 1668 &rarr; <strong>1646</strong><br />(-22 for losing)
|l|☆LT91BBe
