|j|☆gotsnsd
|j|☆princeglalie5
|inactive|Battle timer is ON: inactive players will automatically lose when time's up.
|t:|1664393524
|gametype|singles
|player|p1|gotsnsd|beauty-gen2jp|
|player|p2|princeglalie5|anabel|
|teamsize|p1|6
|teamsize|p2|6
|gen|8
|tier|[Gen 8] OU
|rated|Tournament battle
|rule|Sleep Clause Mod: Limit one foe put to sleep
|rule|Species Clause: Limit one of each Pokémon
|rule|OHKO Clause: OHKO moves are banned
|rule|Evasion Items Clause: Evasion items are banned
|rule|Evasion Moves Clause: Evasion moves are banned
|rule|Endless Battle Clause: Forcing endless battles is banned
|rule|HP Percentage Mod: HP is shown in percentages
|rule|Dynamax Clause: You cannot dynamax
|clearpoke
|poke|p1|Rillaboom, M|
|poke|p1|Nidoking, M|
|poke|p1|Slowking, F|
|poke|p1|Clefable, F|
|poke|p1|Rotom-Heat|
|poke|p1|Corviknight, M|
|poke|p2|Zeraora|
|poke|p2|Toxapex, M|
|poke|p2|Corviknight, F|
|poke|p2|Landorus-Therian, M|
|poke|p2|Urshifu-*, F|
|poke|p2|Volcarona, F|
|teampreview
|j| Thetoastedrebirth
|inactive|princeglalie5 has 120 seconds left.
|
|t:|1664393570
|start
|switch|p1a: Clefable|Clefable, F|100/100
|switch|p2a: Volcarona|Volcarona, F|100/100
|turn|1
|inactive|gotsnsd has 120 seconds left.
|inactive|gotsnsd has 90 seconds left.
|j|#ironwater
|
|t:|1664393649
|switch|p1a: Corviknight|Corviknight, M|100/100
|-ability|p1a: Corviknight|Pressure
|move|p2a: Volcarona|Quiver Dance|p2a: Volcarona
|-boost|p2a: Volcarona|spa|1
|-boost|p2a: Volcarona|spd|1
|-boost|p2a: Volcarona|spe|1
|
|upkeep
|turn|2
|
|t:|1664393656
|move|p2a: Volcarona|Fiery Dance|p1a: Corviknight
|-supereffective|p1a: Corviknight
|-damage|p1a: Corviknight|17/100
|-boost|p2a: Volcarona|spa|1
|move|p1a: Corviknight|Brave Bird|p2a: Volcarona
|-supereffective|p2a: Volcarona
|-crit|p2a: Volcarona
|-damage|p2a: Volcarona|0 fnt
|faint|p2a: Volcarona
|-damage|p1a: Corviknight|0 fnt|[from] Recoil
|faint|p1a: Corviknight
|
|upkeep
|inactive|gotsnsd has 90 seconds left.
|
|t:|1664393674
|switch|p2a: Urshifu|Urshifu-Rapid-Strike, F|100/100
|switch|p1a: Clefable|Clefable, F|100/100
|turn|3
|
|t:|1664393678
|move|p2a: Urshifu|Close Combat|p1a: Clefable
|-resisted|p1a: Clefable
|-damage|p1a: Clefable|60/100
|-unboost|p2a: Urshifu|def|1
|-unboost|p2a: Urshifu|spd|1
|move|p1a: Clefable|Moonblast|p2a: Urshifu
|-supereffective|p2a: Urshifu
|-damage|p2a: Urshifu|0 fnt
|faint|p2a: Urshifu
|
|-heal|p1a: Clefable|66/100|[from] item: Leftovers
|upkeep
|
|t:|1664393695
|switch|p2a: Zeraora|Zeraora|100/100
|turn|4
|inactive|gotsnsd has 90 seconds left.
|
|t:|1664393725
|move|p2a: Zeraora|Bulk Up|p2a: Zeraora
|-boost|p2a: Zeraora|atk|1
|-boost|p2a: Zeraora|def|1
|move|p1a: Clefable|Moonblast|p2a: Zeraora
|-damage|p2a: Zeraora|61/100
|-unboost|p2a: Zeraora|spa|1
|
|-heal|p1a: Clefable|73/100|[from] item: Leftovers
|upkeep
|turn|5
|
|t:|1664393737
|move|p2a: Zeraora|Plasma Fists|p1a: Clefable
|-damage|p1a: Clefable|10/100
|-fieldactivate|move: Ion Deluge
|-hint|Normal-type moves become Electric-type after using Plasma Fists.
|move|p1a: Clefable|Moonblast|p2a: Zeraora
|-damage|p2a: Zeraora|23/100
|
|-heal|p1a: Clefable|16/100|[from] item: Leftovers
|upkeep
|turn|6
|
|t:|1664393760
|switch|p1a: Rotom|Rotom-Heat|100/100
|move|p2a: Zeraora|Plasma Fists|p1a: Rotom
|-resisted|p1a: Rotom
|-crit|p1a: Rotom
|-damage|p1a: Rotom|42/100
|-fieldactivate|move: Ion Deluge
|-hint|Normal-type moves become Electric-type after using Plasma Fists.
|
|upkeep
|turn|7
|
|t:|1664393768
|move|p2a: Zeraora|Drain Punch|p1a: Rotom
|-damage|p1a: Rotom|7/100
|-heal|p2a: Zeraora|39/100|[from] drain|[of] p1a: Rotom
|move|p1a: Rotom|Overheat|p2a: Zeraora
|-damage|p2a: Zeraora|0 fnt
|-unboost|p1a: Rotom|spa|2
|faint|p2a: Zeraora
|
|upkeep
|
|t:|1664393776
|switch|p2a: Landorus|Landorus-Therian, M|100/100
|-ability|p2a: Landorus|Intimidate|boost
|-unboost|p1a: Rotom|atk|1
|turn|8
|inactive|gotsnsd has 60 seconds left.
|
|t:|1664393803
|move|p1a: Rotom|Nasty Plot|p1a: Rotom
|-boost|p1a: Rotom|spa|2
|move|p2a: Landorus|Knock Off|p1a: Rotom
|-damage|p1a: Rotom|0 fnt
|-enditem|p1a: Rotom|Heavy-Duty Boots|[from] move: Knock Off|[of] p2a: Landorus
|faint|p1a: Rotom
|
|upkeep
|inactive|gotsnsd has 60 seconds left.
|
|t:|1664393817
|switch|p1a: Nidoking|Nidoking, M|100/100
|turn|9
|
|t:|1664393820
|move|p1a: Nidoking|Ice Beam|p2a: Landorus
|-supereffective|p2a: Landorus
|-damage|p2a: Landorus|0 fnt
|faint|p2a: Landorus
|
|upkeep
|
|t:|1664393824
|switch|p2a: Toxapex|Toxapex, M|100/100
|turn|10
|
|t:|1664393828
|switch|p1a: Slowking|Slowking, F|100/100
|move|p2a: Toxapex|Scald|p1a: Slowking
|-resisted|p1a: Slowking
|-damage|p1a: Slowking|96/100
|-status|p1a: Slowking|brn
|
|-damage|p1a: Slowking|89/100 brn|[from] brn
|upkeep
|turn|11
|-message|princeglalie5 forfeited.
|
|win|gotsnsd
|n|☆gotsnsd|gotsnsd
|n|☆princeglalie5|princeglalie5
|n| Thetoastedrebirth|thetoastedrebirth
|n|@ironwater|ironwater
|l|☆princeglalie5
