|j|☆Lazy#4341 on cord
|j|☆Redflix
|t:|1667552145
|gametype|singles
|player|p1|Lazy#4341 on cord|backers|1602
|player|p2|Redflix|erika|1582
|teamsize|p1|6
|teamsize|p2|6
|gen|8
|tier|[Gen 8] OU
|rated|
|rule|Sleep Clause Mod: Limit one foe put to sleep
|rule|Species Clause: Limit one of each Pokémon
|rule|OHKO Clause: OHKO moves are banned
|rule|Evasion Items Clause: Evasion items are banned
|rule|Evasion Moves Clause: Evasion moves are banned
|rule|Endless Battle Clause: Forcing endless battles is banned
|rule|HP Percentage Mod: HP is shown in percentages
|rule|Dynamax Clause: You cannot dynamax
|clearpoke
|poke|p1|Landorus-Therian, M|
|poke|p1|Dragapult, M|
|poke|p1|Aegislash, M|
|poke|p1|Melmetal|
|poke|p1|Volcarona, M|
|poke|p1|Dragonite, M|
|poke|p2|Weavile, F|
|poke|p2|Rillaboom, F|
|poke|p2|Dragapult, M|
|poke|p2|Blaziken, M|
|poke|p2|Heatran, F|
|poke|p2|Garchomp, M|
|teampreview
|inactive|Battle timer is ON: inactive players will automatically lose when time's up. (requested by Redflix)
|
|t:|1667552168
|start
|switch|p1a: Enten|Landorus-Therian, M, shiny|100/100
|switch|p2a: Heatran|Heatran, F|100/100
|-ability|p1a: Enten|Intimidate|boost
|-unboost|p2a: Heatran|atk|1
|-item|p2a: Heatran|Air Balloon
|turn|1
|
|t:|1667552171
|move|p1a: Enten|U-turn|p2a: Heatran
|-resisted|p2a: Heatran
|-damage|p2a: Heatran|94/100
|-enditem|p2a: Heatran|Air Balloon
|
|t:|1667552180
|switch|p1a: Leviathan|Dragonite, M, shiny|100/100|[from]move: U-turn
|move|p2a: Heatran|Stealth Rock|p1a: Leviathan
|-sidestart|p1: Lazy#4341 on cord|move: Stealth Rock
|
|upkeep
|turn|2
|
|t:|1667552185
|move|p1a: Leviathan|Earthquake|p2a: Heatran
|-supereffective|p2a: Heatran
|-damage|p2a: Heatran|0 fnt
|faint|p2a: Heatran
|
|upkeep
|
|t:|1667552191
|switch|p2a: Weavile|Weavile, F|100/100
|-ability|p2a: Weavile|Pressure
|turn|3
|
|t:|1667552202
|switch|p1a: Amaterasu|Volcarona, M, shiny|100/100
|move|p2a: Weavile|Swords Dance|p2a: Weavile
|-boost|p2a: Weavile|atk|2
|
|upkeep
|turn|4
|
|t:|1667552204
|move|p2a: Weavile|Knock Off|p1a: Amaterasu
|-damage|p1a: Amaterasu|0 fnt
|-enditem|p1a: Amaterasu|Heavy-Duty Boots|[from] move: Knock Off|[of] p2a: Weavile
|faint|p1a: Amaterasu
|
|upkeep
|
|t:|1667552209
|switch|p1a: Fate|Melmetal, shiny|100/100
|-damage|p1a: Fate|94/100|[from] Stealth Rock
|turn|5
|
|t:|1667552211
|move|p2a: Weavile|Knock Off|p1a: Fate
|-damage|p1a: Fate|47/100
|-enditem|p1a: Fate|Choice Band|[from] move: Knock Off|[of] p2a: Weavile
|move|p1a: Fate|Double Iron Bash|p2a: Weavile
|-supereffective|p2a: Weavile
|-damage|p2a: Weavile|0 fnt
|faint|p2a: Weavile
|-hitcount|p2: Weavile|1
|
|upkeep
|
|t:|1667552214
|switch|p2a: Garchomp|Garchomp, M|100/100
|turn|6
|
|t:|1667552215
|move|p2a: Garchomp|Swords Dance|p2a: Garchomp
|-boost|p2a: Garchomp|atk|2
|move|p1a: Fate|Double Iron Bash|p2a: Garchomp
|-damage|p2a: Garchomp|55/100
|-damage|p1a: Fate|34/100|[from] ability: Rough Skin|[of] p2a: Garchomp
|-damage|p2a: Garchomp|9/100
|-damage|p1a: Fate|22/100|[from] ability: Rough Skin|[of] p2a: Garchomp
|-hitcount|p2a: Garchomp|2
|
|-heal|p2a: Garchomp|15/100|[from] item: Leftovers
|upkeep
|turn|7
|
|t:|1667552220
|move|p2a: Garchomp|Scale Shot|p1a: Fate
|-resisted|p1a: Fate
|-crit|p1a: Fate
|-damage|p1a: Fate|12/100
|-resisted|p1a: Fate
|-damage|p1a: Fate|5/100
|-hitcount|p1a: Fate|2
|-unboost|p2a: Garchomp|def|1
|-boost|p2a: Garchomp|spe|1
|move|p1a: Fate|Double Iron Bash|p2a: Garchomp
|-damage|p2a: Garchomp|0 fnt
|-damage|p1a: Fate|0 fnt|[from] ability: Rough Skin|[of] p2a: Garchomp
|faint|p2a: Garchomp
|faint|p1a: Fate
|-hitcount|p2: Garchomp|1
|
|upkeep
|j| Fantominus83
|c|☆Redflix|damn
|
|t:|1667552242
|switch|p2a: Dragapult|Dragapult, M|100/100
|switch|p1a: Leviathan|Dragonite, M, shiny|100/100
|turn|8
|
|t:|1667552250
|move|p2a: Dragapult|Draco Meteor|p1a: Leviathan
|-supereffective|p1a: Leviathan
|-damage|p1a: Leviathan|12/100
|-unboost|p2a: Dragapult|spa|2
|move|p1a: Leviathan|Ice Punch|p2a: Dragapult
|-supereffective|p2a: Dragapult
|-damage|p2a: Dragapult|33/100
|
|upkeep
|turn|9
|
|t:|1667552259
|move|p2a: Dragapult|Draco Meteor|p1a: Leviathan
|-supereffective|p1a: Leviathan
|-damage|p1a: Leviathan|0 fnt
|-unboost|p2a: Dragapult|spa|2
|faint|p1a: Leviathan
|
|upkeep
|
|t:|1667552269
|switch|p1a: Serpentine|Dragapult, M, shiny|100/100
|-damage|p1a: Serpentine|88/100|[from] Stealth Rock
|turn|10
|
|t:|1667552273
|move|p1a: Serpentine|Shadow Ball|p2a: Dragapult
|-supereffective|p2a: Dragapult
|-damage|p2a: Dragapult|0 fnt
|faint|p2a: Dragapult
|
|upkeep
|
|t:|1667552275
|switch|p2a: Rillaboom|Rillaboom, F|100/100
|-fieldstart|move: Grassy Terrain|[from] ability: Grassy Surge|[of] p2a: Rillaboom
|turn|11
|
|t:|1667552278
|move|p1a: Serpentine|Shadow Ball|p2a: Rillaboom
|-damage|p2a: Rillaboom|25/100
|move|p2a: Rillaboom|Swords Dance|p2a: Rillaboom
|-boost|p2a: Rillaboom|atk|2
|
|-heal|p1a: Serpentine|94/100|[from] Grassy Terrain
|-heal|p2a: Rillaboom|32/100|[from] Grassy Terrain
|upkeep
|turn|12
|
|t:|1667552281
|move|p2a: Rillaboom|Grassy Glide|p1a: Serpentine
|-resisted|p1a: Serpentine
|-damage|p1a: Serpentine|3/100
|-damage|p2a: Rillaboom|22/100|[from] item: Life Orb
|move|p1a: Serpentine|Shadow Ball|p2a: Rillaboom
|-damage|p2a: Rillaboom|0 fnt
|faint|p2a: Rillaboom
|
|-heal|p1a: Serpentine|9/100|[from] Grassy Terrain
|upkeep
|
|t:|1667552283
|switch|p2a: Blaziken|Blaziken, M|100/100
|turn|13
|
|t:|1667552285
|move|p1a: Serpentine|Shadow Ball|p2a: Blaziken
|-damage|p2a: Blaziken|14/100
|move|p2a: Blaziken|Swords Dance|p2a: Blaziken
|-boost|p2a: Blaziken|atk|2
|
|-heal|p1a: Serpentine|15/100|[from] Grassy Terrain
|-heal|p2a: Blaziken|20/100|[from] Grassy Terrain
|-heal|p2a: Blaziken|26/100|[from] item: Leftovers
|-ability|p2a: Blaziken|Speed Boost|boost
|-boost|p2a: Blaziken|spe|1
|upkeep
|turn|14
|
|t:|1667552289
|move|p2a: Blaziken|Protect|p2a: Blaziken
|-singleturn|p2a: Blaziken|Protect
|move|p1a: Serpentine|Shadow Ball|p2a: Blaziken
|-activate|p2a: Blaziken|move: Protect
|
|-heal|p1a: Serpentine|21/100|[from] Grassy Terrain
|-heal|p2a: Blaziken|32/100|[from] Grassy Terrain
|-heal|p2a: Blaziken|38/100|[from] item: Leftovers
|-ability|p2a: Blaziken|Speed Boost|boost
|-boost|p2a: Blaziken|spe|1
|upkeep
|turn|15
|
|t:|1667552291
|move|p2a: Blaziken|Flare Blitz|p1a: Serpentine
|-resisted|p1a: Serpentine
|-damage|p1a: Serpentine|0 fnt
|faint|p1a: Serpentine
|-damage|p2a: Blaziken|31/100|[from] Recoil
|
|-heal|p2a: Blaziken|37/100|[from] Grassy Terrain
|-heal|p2a: Blaziken|43/100|[from] item: Leftovers
|-fieldend|move: Grassy Terrain
|-ability|p2a: Blaziken|Speed Boost|boost
|-boost|p2a: Blaziken|spe|1
|upkeep
|
|t:|1667552297
|switch|p1a: Enten|Landorus-Therian, M, shiny|100/100
|-damage|p1a: Enten|88/100|[from] Stealth Rock
|-ability|p1a: Enten|Intimidate|boost
|-unboost|p2a: Blaziken|atk|1
|turn|16
|
|t:|1667552303
|move|p2a: Blaziken|Flare Blitz|p1a: Enten
|-damage|p1a: Enten|0 fnt
|faint|p1a: Enten
|-damage|p2a: Blaziken|13/100|[from] Recoil
|
|-heal|p2a: Blaziken|19/100|[from] item: Leftovers
|-ability|p2a: Blaziken|Speed Boost|boost
|-boost|p2a: Blaziken|spe|1
|upkeep
|
|t:|1667552306
|switch|p1a: Achilles|Aegislash, M, shiny|100/100
|-damage|p1a: Achilles|94/100|[from] Stealth Rock
|turn|17
|
|t:|1667552308
|move|p2a: Blaziken|Protect|p2a: Blaziken
|-singleturn|p2a: Blaziken|Protect
|-formechange|p1a: Achilles|Aegislash-Blade||[from] ability: Stance Change
|move|p1a: Achilles|Shadow Sneak|p2a: Blaziken
|-activate|p2a: Blaziken|move: Protect
|
|-heal|p2a: Blaziken|25/100|[from] item: Leftovers
|-ability|p2a: Blaziken|Speed Boost|boost
|-boost|p2a: Blaziken|spe|1
|upkeep
|turn|18
|
|t:|1667552310
|move|p1a: Achilles|Shadow Sneak|p2a: Blaziken
|-damage|p2a: Blaziken|1/100
|move|p2a: Blaziken|Flare Blitz|p1a: Achilles
|-supereffective|p1a: Achilles
|-damage|p1a: Achilles|0 fnt
|faint|p1a: Achilles
|-damage|p2a: Blaziken|0 fnt|[from] Recoil
|faint|p2a: Blaziken
|
|win|Redflix
|raw|Lazy#4341 on cord's rating: 1602 &rarr; <strong>1581</strong><br />(-21 for losing)
|raw|Redflix's rating: 1582 &rarr; <strong>1603</strong><br />(+21 for winning)
|l|☆Lazy#4341 on cord
|l| Fantominus83
