|j|☆TheQzertz
|j|☆Bloody Busybody
|t:|1658404029
|gametype|singles
|player|p1|TheQzertz|1|1704
|player|p2|Bloody Busybody|bugcatcher|1714
|teamsize|p1|6
|teamsize|p2|6
|gen|8
|tier|[Gen 8] OU
|rated|
|rule|Sleep Clause Mod: Limit one foe put to sleep
|rule|Species Clause: Limit one of each Pokémon
|rule|OHKO Clause: OHKO moves are banned
|rule|Evasion Moves Clause: Evasion moves are banned
|rule|Endless Battle Clause: Forcing endless battles is banned
|rule|HP Percentage Mod: HP is shown in percentages
|rule|Dynamax Clause: You cannot dynamax
|clearpoke
|poke|p1|Tornadus-Therian, M|
|poke|p1|Zeraora|
|poke|p1|Urshifu-*, F|
|poke|p1|Slowking-Galar, F|
|poke|p1|Clefable, M|
|poke|p1|Ferrothorn, F|
|poke|p2|Volcanion|
|poke|p2|Corviknight, M|
|poke|p2|Mamoswine, M|
|poke|p2|Blissey, F|
|poke|p2|Rillaboom, M|
|poke|p2|Hydreigon, M|
|teampreview
|inactive|Battle timer is ON: inactive players will automatically lose when time's up. (requested by Bloody Busybody)
|inactive|TheQzertz has 120 seconds left.
|
|t:|1658404065
|start
|switch|p1a: Urshifu|Urshifu-Rapid-Strike, F|100/100
|switch|p2a: Volcanion|Volcanion|100/100
|turn|1
|
|t:|1658404069
|move|p1a: Urshifu|Close Combat|p2a: Volcanion
|-damage|p2a: Volcanion|30/100
|-unboost|p1a: Urshifu|def|1
|-unboost|p1a: Urshifu|spd|1
|move|p2a: Volcanion|Steam Eruption|p1a: Urshifu
|-resisted|p1a: Urshifu
|-damage|p1a: Urshifu|0 fnt
|faint|p1a: Urshifu
|
|upkeep
|j| Mushaarna
|j| huihuibaobao
|
|t:|1658404097
|switch|p1a: Zeraora|Zeraora|100/100
|turn|2
|
|t:|1658404101
|switch|p2a: Rillaboom|Rillaboom, M|100/100
|-fieldstart|move: Grassy Terrain|[from] ability: Grassy Surge|[of] p2a: Rillaboom
|move|p1a: Zeraora|Knock Off|p2a: Rillaboom
|-damage|p2a: Rillaboom|70/100
|-enditem|p2a: Rillaboom|Choice Band|[from] move: Knock Off|[of] p1a: Zeraora
|
|-heal|p2a: Rillaboom|76/100|[from] Grassy Terrain
|upkeep
|turn|3
|
|t:|1658404107
|switch|p1a: Ferrothorn|Ferrothorn, F|100/100
|switch|p2a: Volcanion|Volcanion|30/100
|
|-heal|p2a: Volcanion|36/100|[from] Grassy Terrain
|upkeep
|turn|4
|
|t:|1658404113
|switch|p1a: Slowking|Slowking-Galar, F|100/100
|move|p2a: Volcanion|Fire Blast|p1a: Slowking
|-damage|p1a: Slowking|53/100
|
|-heal|p2a: Volcanion|42/100|[from] Grassy Terrain
|-heal|p1a: Slowking|59/100|[from] Grassy Terrain
|upkeep
|turn|5
|
|t:|1658404117
|move|p2a: Volcanion|Fire Blast|p1a: Slowking
|-damage|p1a: Slowking|8/100
|move|p1a: Slowking|Future Sight|p2a: Volcanion
|-start|p1a: Slowking|move: Future Sight
|
|-heal|p2a: Volcanion|48/100|[from] Grassy Terrain
|-heal|p1a: Slowking|14/100|[from] Grassy Terrain
|upkeep
|turn|6
|l| Mushaarna
|
|t:|1658404138
|move|p2a: Volcanion|Fire Blast|p1a: Slowking
|-damage|p1a: Slowking|0 fnt
|faint|p1a: Slowking
|
|-heal|p2a: Volcanion|54/100|[from] Grassy Terrain
|-fieldend|move: Grassy Terrain
|upkeep
|
|t:|1658404147
|switch|p1a: Zeraora|Zeraora|100/100
|turn|7
|
|t:|1658404157
|switch|p2a: Hydreigon|Hydreigon, M|100/100
|move|p1a: Zeraora|Plasma Fists|p2a: Hydreigon
|-resisted|p2a: Hydreigon
|-damage|p2a: Hydreigon|73/100
|-fieldactivate|move: Ion Deluge
|-hint|Normal-type moves become Electric-type after using Plasma Fists.
|
|-end|p2a: Hydreigon|move: Future Sight
|-immune|p2a: Hydreigon
|upkeep
|turn|8
|
|t:|1658404162
|switch|p2a: Rillaboom|Rillaboom, M|76/100
|-fieldstart|move: Grassy Terrain|[from] ability: Grassy Surge|[of] p2a: Rillaboom
|move|p1a: Zeraora|Play Rough|p2a: Rillaboom
|-damage|p2a: Rillaboom|47/100
|
|-heal|p2a: Rillaboom|53/100|[from] Grassy Terrain
|upkeep
|turn|9
|
|t:|1658404172
|switch|p1a: Tornadus|Tornadus-Therian, M|100/100
|move|p2a: Rillaboom|U-turn|p1a: Tornadus
|-resisted|p1a: Tornadus
|-damage|p1a: Tornadus|82/100
|
|t:|1658404180
|switch|p2a: Blissey|Blissey, F|100/100|[from]move: U-turn
|
|upkeep
|turn|10
|
|t:|1658404183
|switch|p1a: Ferrothorn|Ferrothorn, F|100/100
|move|p2a: Blissey|Toxic|p1a: Ferrothorn
|-immune|p1a: Ferrothorn
|
|upkeep
|turn|11
|
|t:|1658404190
|move|p1a: Ferrothorn|Knock Off|p2a: Blissey
|-damage|p2a: Blissey|82/100
|-enditem|p2a: Blissey|Heavy-Duty Boots|[from] move: Knock Off|[of] p1a: Ferrothorn
|move|p2a: Blissey|Teleport|p2a: Blissey
|
|t:|1658404192
|switch|p2a: Volcanion|Volcanion|54/100|[from]move: Teleport
|
|-heal|p2a: Volcanion|60/100|[from] Grassy Terrain
|upkeep
|turn|12
|j| Mushaarna
|l| Mushaarna
|
|t:|1658404211
|move|p2a: Volcanion|Fire Blast|p1a: Ferrothorn
|-supereffective|p1a: Ferrothorn
|-damage|p1a: Ferrothorn|0 fnt
|faint|p1a: Ferrothorn
|
|-heal|p2a: Volcanion|66/100|[from] Grassy Terrain
|-fieldend|move: Grassy Terrain
|upkeep
|
|t:|1658404216
|switch|p1a: Zeraora|Zeraora|100/100
|turn|13
|
|t:|1658404220
|move|p1a: Zeraora|Plasma Fists|p2a: Volcanion
|-supereffective|p2a: Volcanion
|-damage|p2a: Volcanion|0 fnt
|-fieldactivate|move: Ion Deluge
|-hint|Normal-type moves become Electric-type after using Plasma Fists.
|faint|p2a: Volcanion
|
|upkeep
|
|t:|1658404223
|switch|p2a: Mamoswine|Mamoswine, M|100/100
|turn|14
|
|t:|1658404225
|move|p1a: Zeraora|Close Combat|p2a: Mamoswine
|-supereffective|p2a: Mamoswine
|-damage|p2a: Mamoswine|16/100
|-unboost|p1a: Zeraora|def|1
|-unboost|p1a: Zeraora|spd|1
|move|p2a: Mamoswine|High Horsepower|p1a: Zeraora
|-supereffective|p1a: Zeraora
|-damage|p1a: Zeraora|0 fnt
|faint|p1a: Zeraora
|
|upkeep
|
|t:|1658404228
|switch|p1a: Clefable|Clefable, M|100/100
|turn|15
|
|t:|1658404230
|move|p2a: Mamoswine|Stealth Rock|p1a: Clefable
|-sidestart|p1: TheQzertz|move: Stealth Rock
|move|p1a: Clefable|Stealth Rock|p2a: Mamoswine
|-sidestart|p2: Bloody Busybody|move: Stealth Rock
|
|upkeep
|turn|16
|
|t:|1658404233
|switch|p2a: Blissey|Blissey, F|82/100
|-damage|p2a: Blissey|69/100|[from] Stealth Rock
|move|p1a: Clefable|Knock Off|p2a: Blissey
|-damage|p2a: Blissey|60/100
|
|upkeep
|turn|17
|
|t:|1658404238
|move|p1a: Clefable|Moonblast|p2a: Blissey
|-damage|p2a: Blissey|48/100
|-unboost|p2a: Blissey|spa|1
|move|p2a: Blissey|Soft-Boiled|p2a: Blissey
|-heal|p2a: Blissey|98/100
|
|upkeep
|turn|18
|
|t:|1658404244
|move|p1a: Clefable|Moonblast|p2a: Blissey
|-damage|p2a: Blissey|86/100
|move|p2a: Blissey|Teleport|p2a: Blissey
|
|t:|1658404247
|switch|p2a: Rillaboom|Rillaboom, M|53/100|[from]move: Teleport
|-damage|p2a: Rillaboom|40/100|[from] Stealth Rock
|-fieldstart|move: Grassy Terrain|[from] ability: Grassy Surge|[of] p2a: Rillaboom
|
|-heal|p2a: Rillaboom|47/100|[from] Grassy Terrain
|upkeep
|turn|19
|
|t:|1658404251
|move|p2a: Rillaboom|Knock Off|p1a: Clefable
|-resisted|p1a: Clefable
|-damage|p1a: Clefable|87/100
|-enditem|p1a: Clefable|Leftovers|[from] move: Knock Off|[of] p2a: Rillaboom
|move|p1a: Clefable|Moonblast|p2a: Rillaboom
|-damage|p2a: Rillaboom|3/100
|
|-heal|p2a: Rillaboom|9/100|[from] Grassy Terrain
|-heal|p1a: Clefable|93/100|[from] Grassy Terrain
|upkeep
|turn|20
|
|t:|1658404261
|switch|p2a: Corviknight|Corviknight, M|100/100
|-damage|p2a: Corviknight|88/100|[from] Stealth Rock
|-ability|p2a: Corviknight|Pressure
|switch|p1a: Tornadus|Tornadus-Therian, M|100/100
|
|upkeep
|turn|21
|
|t:|1658404263
|move|p1a: Tornadus|Nasty Plot|p1a: Tornadus
|-boost|p1a: Tornadus|spa|2
|move|p2a: Corviknight|Defog|p1a: Tornadus
|-unboost|p1a: Tornadus|evasion|1
|-sideend|p1: TheQzertz|Stealth Rock|[from] move: Defog|[of] p2a: Corviknight
|-sideend|p2: Bloody Busybody|Stealth Rock|[from] move: Defog|[of] p2a: Corviknight
|-fieldend|move: Grassy Terrain
|
|upkeep
|turn|22
|
|t:|1658404269
|move|p1a: Tornadus|Heat Wave|p2a: Corviknight
|-supereffective|p2a: Corviknight
|-damage|p2a: Corviknight|0 fnt
|faint|p2a: Corviknight
|
|upkeep
|
|t:|1658404271
|switch|p2a: Blissey|Blissey, F|86/100
|turn|23
|
|t:|1658404273
|move|p1a: Tornadus|Focus Blast|p2a: Blissey
|-supereffective|p2a: Blissey
|-damage|p2a: Blissey|29/100
|move|p2a: Blissey|Toxic|p1a: Tornadus
|-status|p1a: Tornadus|tox
|
|-damage|p1a: Tornadus|94/100 tox|[from] psn
|upkeep
|turn|24
|inactive|TheQzertz has 120 seconds left.
|
|t:|1658404303
|move|p1a: Tornadus|Focus Blast|p2a: Blissey|[miss]
|-miss|p1a: Tornadus|p2a: Blissey
|move|p2a: Blissey|Soft-Boiled|p2a: Blissey
|-heal|p2a: Blissey|79/100
|
|-damage|p1a: Tornadus|82/100 tox|[from] psn
|upkeep
|turn|25
|
|t:|1658404306
|move|p1a: Tornadus|Nasty Plot|p1a: Tornadus
|-boost|p1a: Tornadus|spa|2
|move|p2a: Blissey|Soft-Boiled|p2a: Blissey
|-heal|p2a: Blissey|100/100
|
|-damage|p1a: Tornadus|64/100 tox|[from] psn
|upkeep
|turn|26
|j| JEANSENSAO
|
|t:|1658404309
|move|p1a: Tornadus|Focus Blast|p2a: Blissey|[miss]
|-miss|p1a: Tornadus|p2a: Blissey
|move|p2a: Blissey|Soft-Boiled||[still]
|-fail|p2a: Blissey|heal
|
|-damage|p1a: Tornadus|40/100 tox|[from] psn
|upkeep
|turn|27
|
|t:|1658404312
|move|p1a: Tornadus|Focus Blast|p2a: Blissey
|-supereffective|p2a: Blissey
|-damage|p2a: Blissey|25/100
|move|p2a: Blissey|Soft-Boiled|p2a: Blissey
|-heal|p2a: Blissey|75/100
|
|-damage|p1a: Tornadus|10/100 tox|[from] psn
|upkeep
|turn|28
|
|t:|1658404315
|move|p1a: Tornadus|Focus Blast|p2a: Blissey
|-supereffective|p2a: Blissey
|-damage|p2a: Blissey|0 fnt
|faint|p2a: Blissey
|
|-damage|p1a: Tornadus|0 fnt|[from] psn
|faint|p1a: Tornadus
|upkeep
|
|t:|1658404321
|switch|p1a: Clefable|Clefable, M|93/100
|switch|p2a: Mamoswine|Mamoswine, M|16/100
|turn|29
|
|t:|1658404325
|move|p2a: Mamoswine|Icicle Crash|p1a: Clefable
|-damage|p1a: Clefable|61/100
|move|p1a: Clefable|Moonblast|p2a: Mamoswine
|-damage|p2a: Mamoswine|0 fnt
|faint|p2a: Mamoswine
|
|upkeep
|
|t:|1658404328
|switch|p2a: Rillaboom|Rillaboom, M|9/100
|-fieldstart|move: Grassy Terrain|[from] ability: Grassy Surge|[of] p2a: Rillaboom
|turn|30
|
|t:|1658404331
|move|p2a: Rillaboom|Grassy Glide|p1a: Clefable
|-damage|p1a: Clefable|20/100
|move|p1a: Clefable|Soft-Boiled|p1a: Clefable
|-heal|p1a: Clefable|70/100
|
|-heal|p2a: Rillaboom|15/100|[from] Grassy Terrain
|-heal|p1a: Clefable|76/100|[from] Grassy Terrain
|upkeep
|turn|31
|
|t:|1658404334
|move|p2a: Rillaboom|Grassy Glide|p1a: Clefable
|-damage|p1a: Clefable|41/100
|move|p1a: Clefable|Soft-Boiled|p1a: Clefable
|-heal|p1a: Clefable|91/100
|
|-heal|p2a: Rillaboom|22/100|[from] Grassy Terrain
|-heal|p1a: Clefable|97/100|[from] Grassy Terrain
|upkeep
|turn|32
|
|t:|1658404337
|move|p2a: Rillaboom|Grassy Glide|p1a: Clefable
|-damage|p1a: Clefable|62/100
|move|p1a: Clefable|Moonblast|p2a: Rillaboom
|-damage|p2a: Rillaboom|0 fnt
|faint|p2a: Rillaboom
|
|-heal|p1a: Clefable|68/100|[from] Grassy Terrain
|upkeep
|
|t:|1658404340
|switch|p2a: Hydreigon|Hydreigon, M|73/100
|turn|33
|
|t:|1658404343
|move|p2a: Hydreigon|Dark Pulse|p1a: Clefable
|-resisted|p1a: Clefable
|-damage|p1a: Clefable|43/100
|-damage|p2a: Hydreigon|63/100|[from] item: Life Orb
|move|p1a: Clefable|Moonblast|p2a: Hydreigon
|-supereffective|p2a: Hydreigon
|-damage|p2a: Hydreigon|0 fnt
|faint|p2a: Hydreigon
|
|win|TheQzertz
|raw|TheQzertz's rating: 1704 &rarr; <strong>1725</strong><br />(+21 for winning)
|raw|Bloody Busybody's rating: 1714 &rarr; <strong>1693</strong><br />(-21 for losing)
|l|☆Bloody Busybody
||Ladder isn't responding, score probably updated but might not have (Request timeout).
