|html|<div class="broadcast-blue"><strong>[Gen 8] OU is currently suspecting Melmetal! For information on how to participate check out the <a href="https://www.smogon.com/forums/threads/np-ss-ou-suspect-process-round-12-monster-mash.3709234/">suspect thread</a>.</strong></div>
|j|☆30orless
|j|☆Steez Ibanez
|t:|1665837258
|gametype|singles
|player|p1|30orless|1|1712
|player|p2|Steez Ibanez|acetrainer-gen7|1646
|teamsize|p1|6
|teamsize|p2|6
|gen|8
|tier|[Gen 8] OU
|rated|
|rule|Sleep Clause Mod: Limit one foe put to sleep
|rule|Species Clause: Limit one of each Pokémon
|rule|OHKO Clause: OHKO moves are banned
|rule|Evasion Items Clause: Evasion items are banned
|rule|Evasion Moves Clause: Evasion moves are banned
|rule|Endless Battle Clause: Forcing endless battles is banned
|rule|HP Percentage Mod: HP is shown in percentages
|rule|Dynamax Clause: You cannot dynamax
|clearpoke
|poke|p1|Moltres|
|poke|p1|Hydreigon, F|
|poke|p1|Blaziken, F|
|poke|p1|Volcanion|
|poke|p1|Zapdos|
|poke|p1|Mamoswine, F|
|poke|p2|Clefable, M|
|poke|p2|Zapdos-Galar|
|poke|p2|Tapu Koko|
|poke|p2|Melmetal|
|poke|p2|Garchomp, M|
|poke|p2|Ferrothorn, M|
|teampreview
|inactive|Battle timer is ON: inactive players will automatically lose when time's up. (requested by 30orless)
|
|t:|1665837265
|start
|switch|p1a: Moltres|Moltres|100/100
|switch|p2a: Birdman|Tapu Koko|100/100
|-fieldstart|move: Electric Terrain|[from] ability: Electric Surge|[of] p2a: Birdman
|turn|1
|
|t:|1665837271
|move|p2a: Birdman|Thunderbolt|p1a: Moltres
|-supereffective|p1a: Moltres
|-damage|p1a: Moltres|0 fnt
|faint|p1a: Moltres
|
|upkeep
|
|t:|1665837273
|switch|p1a: Mamoswine|Mamoswine, F|100/100
|turn|2
|-activate|p1a: Mamoswine|item: Quick Claw
|
|t:|1665837276
|switch|p2a: Abomination|Ferrothorn, M|100/100
|move|p1a: Mamoswine|Stealth Rock|p2a: Abomination
|-sidestart|p2: Steez Ibanez|move: Stealth Rock
|
|upkeep
|turn|3
|
|t:|1665837280
|switch|p1a: Blaziken|Blaziken, F|100/100
|move|p2a: Abomination|Gyro Ball|p1a: Blaziken
|-resisted|p1a: Blaziken
|-damage|p1a: Blaziken|62/100
|
|upkeep
|turn|4
|
|t:|1665837282
|switch|p2a: Samehada|Garchomp, M|100/100
|-damage|p2a: Samehada|94/100|[from] Stealth Rock
|move|p1a: Blaziken|Overheat|p2a: Samehada
|-resisted|p2a: Samehada
|-damage|p2a: Samehada|64/100
|-unboost|p1a: Blaziken|spa|2
|-damage|p1a: Blaziken|52/100|[from] item: Life Orb
|
|-heal|p2a: Samehada|70/100|[from] item: Leftovers
|-ability|p1a: Blaziken|Speed Boost|boost
|-boost|p1a: Blaziken|spe|1
|upkeep
|turn|5
|
|t:|1665837285
|switch|p1a: Mamoswine|Mamoswine, F|100/100
|move|p2a: Samehada|Stealth Rock|p1a: Mamoswine
|-sidestart|p1: 30orless|move: Stealth Rock
|
|-heal|p2a: Samehada|76/100|[from] item: Leftovers
|-fieldend|move: Electric Terrain
|upkeep
|turn|6
|
|t:|1665837288
|switch|p2a: Abomination|Ferrothorn, M|100/100
|-damage|p2a: Abomination|95/100|[from] Stealth Rock
|move|p1a: Mamoswine|Icicle Crash|p2a: Abomination|[miss]
|-miss|p1a: Mamoswine|p2a: Abomination
|
|upkeep
|turn|7
|
|t:|1665837293
|switch|p1a: Volcanion|Volcanion|100/100
|move|p2a: Abomination|Leech Seed|p1a: Volcanion
|-start|p1a: Volcanion|move: Leech Seed
|
|-damage|p1a: Volcanion|88/100|[from] Leech Seed|[of] p2a: Abomination
|-heal|p2a: Abomination|100/100|[silent]
|upkeep
|turn|8
|
|t:|1665837296
|switch|p2a: Samehada|Garchomp, M|76/100
|-damage|p2a: Samehada|70/100|[from] Stealth Rock
|move|p1a: Volcanion|Steam Eruption|p2a: Samehada
|-damage|p2a: Samehada|18/100
|
|-heal|p2a: Samehada|24/100|[from] item: Leftovers
|-damage|p1a: Volcanion|76/100|[from] Leech Seed|[of] p2a: Samehada
|-heal|p2a: Samehada|34/100|[silent]
|upkeep
|turn|9
|
|t:|1665837301
|move|p2a: Samehada|Toxic|p1a: Volcanion
|-status|p1a: Volcanion|tox
|move|p1a: Volcanion|Steam Eruption|p2a: Samehada
|-damage|p2a: Samehada|0 fnt
|faint|p2a: Samehada
|
|-damage|p1a: Volcanion|70/100 tox|[from] psn
|upkeep
|
|t:|1665837304
|switch|p2a: Birdman|Tapu Koko|100/100
|-damage|p2a: Birdman|88/100|[from] Stealth Rock
|-fieldstart|move: Electric Terrain|[from] ability: Electric Surge|[of] p2a: Birdman
|turn|10
|
|t:|1665837308
|move|p2a: Birdman|Volt Switch|p1a: Volcanion
|-supereffective|p1a: Volcanion
|-damage|p1a: Volcanion|0 fnt
|faint|p1a: Volcanion
|
|t:|1665837312
|switch|p2a: Majinn|Clefable, M|100/100|[from]move: Volt Switch
|
|upkeep
|
|t:|1665837314
|switch|p1a: Mamoswine|Mamoswine, F|100/100
|-damage|p1a: Mamoswine|88/100|[from] Stealth Rock
|turn|11
|
|t:|1665837322
|move|p1a: Mamoswine|Icicle Crash|p2a: Majinn
|-damage|p2a: Majinn|60/100
|move|p2a: Majinn|Moonblast|p1a: Mamoswine
|-damage|p1a: Mamoswine|46/100
|
|upkeep
|turn|12
|
|t:|1665837326
|move|p1a: Mamoswine|Icicle Crash|p2a: Majinn
|-damage|p2a: Majinn|14/100
|cant|p2a: Majinn|flinch
|
|upkeep
|turn|13
|
|t:|1665837330
|move|p1a: Mamoswine|Earthquake|p2a: Majinn
|-damage|p2a: Majinn|0 fnt
|faint|p2a: Majinn
|
|upkeep
|
|t:|1665837334
|switch|p2a: Abomination|Ferrothorn, M|100/100
|-damage|p2a: Abomination|95/100|[from] Stealth Rock
|turn|14
|
|t:|1665837337
|switch|p1a: Blaziken|Blaziken, F|52/100
|-damage|p1a: Blaziken|39/100|[from] Stealth Rock
|move|p2a: Abomination|Knock Off|p1a: Blaziken
|-resisted|p1a: Blaziken
|-damage|p1a: Blaziken|24/100
|-enditem|p1a: Blaziken|Life Orb|[from] move: Knock Off|[of] p2a: Abomination
|
|-fieldend|move: Electric Terrain
|upkeep
|turn|15
|
|t:|1665837342
|switch|p2a: Kenny Omega|Zapdos-Galar|100/100
|-damage|p2a: Kenny Omega|88/100|[from] Stealth Rock
|move|p1a: Blaziken|Overheat|p2a: Kenny Omega|[miss]
|-miss|p1a: Blaziken|p2a: Kenny Omega
|
|-ability|p1a: Blaziken|Speed Boost|boost
|-boost|p1a: Blaziken|spe|1
|upkeep
|turn|16
|
|t:|1665837347
|switch|p1a: Zapdos|Zapdos|100/100
|move|p2a: Kenny Omega|Close Combat|p1a: Zapdos
|-resisted|p1a: Zapdos
|-damage|p1a: Zapdos|51/100
|-unboost|p2a: Kenny Omega|def|1
|-unboost|p2a: Kenny Omega|spd|1
|-status|p2a: Kenny Omega|par|[from] ability: Static|[of] p1a: Zapdos
|
|upkeep
|turn|17
|
|t:|1665837351
|move|p1a: Zapdos|Defog|p2a: Kenny Omega
|-unboost|p2a: Kenny Omega|evasion|1
|-ability|p2a: Kenny Omega|Defiant|boost
|-boost|p2a: Kenny Omega|atk|2
|-sideend|p2: Steez Ibanez|Stealth Rock|[from] move: Defog|[of] p1a: Zapdos
|-sideend|p1: 30orless|Stealth Rock|[from] move: Defog|[of] p1a: Zapdos
|move|p2a: Kenny Omega|Close Combat|p1a: Zapdos
|-resisted|p1a: Zapdos
|-damage|p1a: Zapdos|0 fnt
|-unboost|p2a: Kenny Omega|def|1
|-unboost|p2a: Kenny Omega|spd|1
|faint|p1a: Zapdos
|
|upkeep
|
|t:|1665837354
|switch|p1a: Mamoswine|Mamoswine, F|46/100
|turn|18
|
|t:|1665837356
|move|p1a: Mamoswine|Icicle Crash|p2a: Kenny Omega
|-supereffective|p2a: Kenny Omega
|-damage|p2a: Kenny Omega|0 fnt
|faint|p2a: Kenny Omega
|
|upkeep
|
|t:|1665837359
|switch|p2a: Luke Cage|Melmetal|100/100
|turn|19
|
|t:|1665837361
|move|p1a: Mamoswine|Earthquake|p2a: Luke Cage
|-supereffective|p2a: Luke Cage
|-damage|p2a: Luke Cage|29/100
|move|p2a: Luke Cage|Double Iron Bash|p1a: Mamoswine
|-supereffective|p1a: Mamoswine
|-damage|p1a: Mamoswine|0 fnt
|faint|p1a: Mamoswine
|-hitcount|p1: Mamoswine|1
|
|upkeep
|
|t:|1665837369
|switch|p1a: Hydreigon|Hydreigon, F|100/100
|turn|20
|
|t:|1665837371
|move|p1a: Hydreigon|Earth Power|p2a: Luke Cage
|-supereffective|p2a: Luke Cage
|-damage|p2a: Luke Cage|0 fnt
|faint|p2a: Luke Cage
|
|upkeep
|
|t:|1665837372
|switch|p2a: Birdman|Tapu Koko|88/100
|-fieldstart|move: Electric Terrain|[from] ability: Electric Surge|[of] p2a: Birdman
|turn|21
|
|t:|1665837374
|move|p1a: Hydreigon|Earth Power|p2a: Birdman
|-supereffective|p2a: Birdman
|-damage|p2a: Birdman|0 fnt
|faint|p2a: Birdman
|
|upkeep
|-message|Steez Ibanez forfeited.
|
|win|30orless
|raw|30orless's rating: 1712 &rarr; <strong>1728</strong><br />(+16 for winning)
|raw|Steez Ibanez's rating: 1646 &rarr; <strong>1630</strong><br />(-16 for losing)
|l|☆Steez Ibanez
