|j|☆wsdfg
|j|☆M0nk3
|inactive|Battle timer is ON: inactive players will automatically lose when time's up.
|t:|1613079077
|player|p1|wsdfg|burglar|
|player|p2|M0nk3|pokefan|
|teamsize|p1|6
|teamsize|p2|6
|gametype|singles
|gen|8
|tier|[Gen 8] OU
|rated|Tournament battle
|clearpoke
|poke|p1|Cinderace, M|
|poke|p1|Volcarona, F|
|poke|p1|Swampert, M|
|poke|p1|Rillaboom, M|
|poke|p1|Dragapult, F|
|poke|p1|Kartana|
|poke|p2|Hawlucha, F|
|poke|p2|Rillaboom, M|
|poke|p2|Magearna|
|poke|p2|Cinderace, F|
|poke|p2|Mew|
|poke|p2|Noivern, M|
|rule|Sleep Clause Mod: Limit one foe put to sleep
|rule|Species Clause: Limit one of each Pokémon
|rule|OHKO Clause: OHKO moves are banned
|rule|Evasion Moves Clause: Evasion moves are banned
|rule|Endless Battle Clause: Forcing endless battles is banned
|rule|HP Percentage Mod: HP is shown in percentages
|rule|Dynamax Clause: You cannot dynamax
|teampreview
|inactive|M0nk3 has 120 seconds left.
|
|t:|1613079110
|start
|switch|p1a: Volcarona|Volcarona, F|100/100
|switch|p2a: Billaroom|Rillaboom, M, shiny|100/100
|-fieldstart|move: Grassy Terrain|[from] ability: Grassy Surge|[of] p2a: Billaroom
|turn|1
|
|t:|1613079117
|switch|p2a: Hawk|Hawlucha, F, shiny|100/100
|-enditem|p2a: Hawk|Grassy Seed
|-boost|p2a: Hawk|def|1|[from] item: Grassy Seed
|move|p1a: Volcarona|Quiver Dance|p1a: Volcarona
|-boost|p1a: Volcarona|spa|1
|-boost|p1a: Volcarona|spd|1
|-boost|p1a: Volcarona|spe|1
|
|upkeep
|turn|2
|
|t:|1613079135
|switch|p1a: Swampert|Swampert, M|100/100
|move|p2a: Hawk|Acrobatics|p1a: Swampert
|-damage|p1a: Swampert|56/100
|
|-heal|p1a: Swampert|62/100|[from] Grassy Terrain
|-heal|p1a: Swampert|68/100|[from] item: Leftovers
|upkeep
|turn|3
|
|t:|1613079144
|move|p2a: Hawk|Acrobatics|p1a: Swampert
|-damage|p1a: Swampert|19/100
|move|p1a: Swampert|Toxic|p2a: Hawk
|-status|p2a: Hawk|tox
|
|-heal|p1a: Swampert|25/100|[from] Grassy Terrain
|-heal|p1a: Swampert|31/100|[from] item: Leftovers
|-damage|p2a: Hawk|94/100 tox|[from] psn
|upkeep
|turn|4
|
|t:|1613079160
|switch|p1a: Kartana|Kartana|100/100
|move|p2a: Hawk|Acrobatics|p1a: Kartana
|-damage|p1a: Kartana|47/100
|
|-heal|p1a: Kartana|53/100|[from] Grassy Terrain
|-damage|p2a: Hawk|82/100 tox|[from] psn
|upkeep
|turn|5
|
|t:|1613079168
|switch|p1a: Volcarona|Volcarona, F|100/100
|move|p2a: Hawk|Close Combat|p1a: Volcarona
|-resisted|p1a: Volcarona
|-damage|p1a: Volcarona|57/100
|-unboost|p2a: Hawk|def|1
|-unboost|p2a: Hawk|spd|1
|
|-heal|p1a: Volcarona|63/100|[from] Grassy Terrain
|-fieldend|move: Grassy Terrain
|-damage|p2a: Hawk|64/100 tox|[from] psn
|upkeep
|turn|6
|
|t:|1613079191
|switch|p1a: Kartana|Kartana|53/100
|move|p2a: Hawk|Acrobatics|p1a: Kartana
|-damage|p1a: Kartana|1/100
|
|-damage|p2a: Hawk|40/100 tox|[from] psn
|upkeep
|turn|7
|
|t:|1613079205
|move|p2a: Hawk|Acrobatics|p1a: Kartana
|-damage|p1a: Kartana|0 fnt
|faint|p1a: Kartana
|
|-damage|p2a: Hawk|10/100 tox|[from] psn
|upkeep
|
|t:|1613079216
|switch|p1a: Rillaboom|Rillaboom, M|100/100
|-fieldstart|move: Grassy Terrain|[from] ability: Grassy Surge|[of] p1a: Rillaboom
|turn|8
|
|t:|1613079221
|move|p1a: Rillaboom|Grassy Glide|p2a: Hawk
|-resisted|p2a: Hawk
|-damage|p2a: Hawk|0 fnt
|faint|p2a: Hawk
|
|upkeep
|
|t:|1613079235
|switch|p2a: Noivern|Noivern, M|100/100
|turn|9
|
|t:|1613079239
|switch|p1a: Swampert|Swampert, M|31/100
|move|p2a: Noivern|Air Slash|p1a: Swampert
|-damage|p1a: Swampert|0 fnt
|faint|p1a: Swampert
|
|upkeep
|
|t:|1613079241
|switch|p1a: Dragapult|Dragapult, F|100/100
|turn|10
|
|t:|1613079251
|move|p1a: Dragapult|U-turn|p2a: Noivern
|-resisted|p2a: Noivern
|-damage|p2a: Noivern|89/100
|
|t:|1613079254
|switch|p1a: Cinderace|Cinderace, M|100/100|[from]move: U-turn
|move|p2a: Noivern|Air Slash|p1a: Cinderace
|-damage|p1a: Cinderace|31/100
|
|-heal|p1a: Cinderace|37/100|[from] Grassy Terrain
|upkeep
|turn|11
|
|t:|1613079263
|switch|p1a: Dragapult|Dragapult, F|100/100
|move|p2a: Noivern|Air Slash|p1a: Dragapult
|-damage|p1a: Dragapult|31/100
|
|-heal|p1a: Dragapult|37/100|[from] Grassy Terrain
|upkeep
|turn|12
|
|t:|1613079273
|move|p1a: Dragapult|Draco Meteor|p2a: Noivern
|-supereffective|p2a: Noivern
|-damage|p2a: Noivern|0 fnt
|-unboost|p1a: Dragapult|spa|2
|faint|p2a: Noivern
|
|-heal|p1a: Dragapult|43/100|[from] Grassy Terrain
|-fieldend|move: Grassy Terrain
|upkeep
|inactive|M0nk3 has 120 seconds left.
|
|t:|1613079303
|switch|p2a: Bae|Magearna|100/100
|turn|13
|
|t:|1613079306
|move|p1a: Dragapult|Thunder Wave|p2a: Bae
|-status|p2a: Bae|par
|move|p2a: Bae|Shift Gear|p2a: Bae
|-boost|p2a: Bae|spe|2
|-boost|p2a: Bae|atk|1
|
|upkeep
|turn|14
|
|t:|1613079312
|move|p1a: Dragapult|U-turn|p2a: Bae
|-resisted|p2a: Bae
|-damage|p2a: Bae|97/100 par
|
|t:|1613079314
|switch|p1a: Volcarona|Volcarona, F|63/100|[from]move: U-turn
|move|p2a: Bae|Shift Gear|p2a: Bae
|-boost|p2a: Bae|spe|2
|-boost|p2a: Bae|atk|1
|
|upkeep
|turn|15
|
|t:|1613079332
|move|p2a: Bae|Electro Ball|p1a: Volcarona
|-damage|p1a: Volcarona|28/100
|-damage|p2a: Bae|87/100 par|[from] item: Life Orb
|move|p1a: Volcarona|Quiver Dance|p1a: Volcarona
|-boost|p1a: Volcarona|spa|1
|-boost|p1a: Volcarona|spd|1
|-boost|p1a: Volcarona|spe|1
|
|upkeep
|turn|16
|
|t:|1613079343
|move|p1a: Volcarona|Fiery Dance|p2a: Bae
|-supereffective|p2a: Bae
|-damage|p2a: Bae|0 fnt
|faint|p2a: Bae
|
|upkeep
|
|t:|1613079362
|switch|p2a: Billaroom|Rillaboom, M, shiny|100/100
|-fieldstart|move: Grassy Terrain|[from] ability: Grassy Surge|[of] p2a: Billaroom
|turn|17
|
|t:|1613079367
|move|p2a: Billaroom|Grassy Glide|p1a: Volcarona
|-resisted|p1a: Volcarona
|-damage|p1a: Volcarona|5/100
|-damage|p2a: Billaroom|91/100|[from] item: Life Orb
|move|p1a: Volcarona|Fiery Dance|p2a: Billaroom
|-supereffective|p2a: Billaroom
|-damage|p2a: Billaroom|0 fnt
|faint|p2a: Billaroom
|
|-heal|p1a: Volcarona|11/100|[from] Grassy Terrain
|upkeep
|
|t:|1613079376
|switch|p2a: Bringer of Rain|Cinderace, F, shiny|100/100
|turn|18
|
|t:|1613079379
|move|p2a: Bringer of Rain|Sucker Punch|p1a: Volcarona
|-start|p2a: Bringer of Rain|typechange|Dark|[from] ability: Libero
|-damage|p1a: Volcarona|0 fnt
|-damage|p2a: Bringer of Rain|91/100|[from] item: Life Orb
|faint|p1a: Volcarona
|
|-heal|p2a: Bringer of Rain|97/100|[from] Grassy Terrain
|upkeep
|
|t:|1613079384
|switch|p1a: Rillaboom|Rillaboom, M|100/100
|turn|19
|
|t:|1613079390
|move|p1a: Rillaboom|Grassy Glide|p2a: Bringer of Rain
|-damage|p2a: Bringer of Rain|0 fnt
|faint|p2a: Bringer of Rain
|
|upkeep
|
|t:|1613079394
|switch|p2a: meuw|Mew, shiny|100/100
|turn|20
|
|t:|1613079397
|move|p1a: Rillaboom|Grassy Glide|p2a: meuw
|-damage|p2a: meuw|49/100
|move|p2a: meuw|Cosmic Power|p2a: meuw
|-boost|p2a: meuw|def|1
|-boost|p2a: meuw|spd|1
|
|-heal|p2a: meuw|55/100|[from] Grassy Terrain
|-heal|p2a: meuw|62/100|[from] item: Leftovers
|upkeep
|turn|21
|
|t:|1613079407
|switch|p1a: Dragapult|Dragapult, F|43/100
|move|p2a: meuw|Cosmic Power|p2a: meuw
|-boost|p2a: meuw|def|1
|-boost|p2a: meuw|spd|1
|
|-heal|p1a: Dragapult|49/100|[from] Grassy Terrain
|-heal|p2a: meuw|68/100|[from] Grassy Terrain
|-heal|p2a: meuw|74/100|[from] item: Leftovers
|-fieldend|move: Grassy Terrain
|upkeep
|turn|22
|
|t:|1613079418
|move|p1a: Dragapult|Thunder Wave|p2a: meuw
|-status|p2a: meuw|par
|-activate|p2a: meuw|ability: Synchronize
|-status|p1a: Dragapult|par
|move|p2a: meuw|Stored Power|p1a: Dragapult
|-damage|p1a: Dragapult|4/100 par
|
|-heal|p2a: meuw|80/100 par|[from] item: Leftovers
|upkeep
|turn|23
|
|t:|1613079428
|move|p1a: Dragapult|U-turn|p2a: meuw
|-supereffective|p2a: meuw
|-damage|p2a: meuw|69/100 par
|
|t:|1613079431
|switch|p1a: Rillaboom|Rillaboom, M|100/100|[from]move: U-turn
|-fieldstart|move: Grassy Terrain|[from] ability: Grassy Surge|[of] p1a: Rillaboom
|move|p2a: meuw|Stored Power|p1a: Rillaboom
|-damage|p1a: Rillaboom|51/100
|
|-heal|p1a: Rillaboom|57/100|[from] Grassy Terrain
|-heal|p2a: meuw|75/100 par|[from] Grassy Terrain
|-heal|p2a: meuw|82/100 par|[from] item: Leftovers
|upkeep
|turn|24
|
|t:|1613079442
|move|p1a: Rillaboom|Knock Off|p2a: meuw
|-supereffective|p2a: meuw
|-damage|p2a: meuw|47/100 par
|-enditem|p2a: meuw|Leftovers|[from] move: Knock Off|[of] p1a: Rillaboom
|move|p2a: meuw|Stored Power|p1a: Rillaboom
|-damage|p1a: Rillaboom|10/100
|
|-heal|p1a: Rillaboom|16/100|[from] Grassy Terrain
|-heal|p2a: meuw|53/100 par|[from] Grassy Terrain
|upkeep
|turn|25
|
|t:|1613079452
|switch|p1a: Dragapult|Dragapult, F|4/100 par
|move|p2a: meuw|Stored Power|p1a: Dragapult
|-damage|p1a: Dragapult|0 fnt
|faint|p1a: Dragapult
|
|-heal|p2a: meuw|59/100 par|[from] Grassy Terrain
|upkeep
|
|t:|1613079455
|switch|p1a: Rillaboom|Rillaboom, M|16/100
|turn|26
|
|t:|1613079462
|move|p1a: Rillaboom|Wood Hammer|p2a: meuw
|-damage|p2a: meuw|19/100 par
|-damage|p1a: Rillaboom|0 fnt|[from] Recoil
|faint|p1a: Rillaboom
|cant|p2a: meuw|par
|
|-heal|p2a: meuw|25/100 par|[from] Grassy Terrain
|upkeep
|
|t:|1613079466
|switch|p1a: Cinderace|Cinderace, M|37/100
|turn|27
|
|t:|1613079490
|move|p1a: Cinderace|U-turn|p2a: meuw
|-start|p1a: Cinderace|typechange|Bug|[from] ability: Libero
|-supereffective|p2a: meuw
|-damage|p2a: meuw|3/100 par
|cant|p2a: meuw|par
|
|-heal|p1a: Cinderace|43/100|[from] Grassy Terrain
|-heal|p2a: meuw|9/100 par|[from] Grassy Terrain
|-fieldend|move: Grassy Terrain
|upkeep
|turn|28
|
|t:|1613079502
|move|p1a: Cinderace|U-turn|p2a: meuw
|-supereffective|p2a: meuw
|-damage|p2a: meuw|0 fnt
|faint|p2a: meuw
|
|win|wsdfg
|n|☆wsdfg|wsdfg
|n|☆M0nk3|m0nk3
|l|☆wsdfg
