|raw|<div class="broadcast-blue"><strong>This battle is required to be public due to a player having a name prefixed by 'LT73IU'.</div>
|j|☆relic stone
|j|☆lt73iu Serg
|t:|1598066254
|player|p1|relic stone|lusamine-nihilego|1889
|player|p2|lt73iu Serg|hiker-gen4|1779
|teamsize|p1|6
|teamsize|p2|6
|gametype|singles
|gen|8
|tier|[Gen 8] OU
|rated|
|clearpoke
|poke|p1|Rillaboom, M|
|poke|p1|Dragapult, M|
|poke|p1|Rotom-Heat|
|poke|p1|Azumarill, M|
|poke|p1|Crawdaunt, M|
|poke|p1|Excadrill, M|
|poke|p2|Volcarona, M|
|poke|p2|Hawlucha, M|
|poke|p2|Mew|
|poke|p2|Rillaboom, M|
|poke|p2|Azumarill, M|
|poke|p2|Dragapult, M|
|rule|Sleep Clause Mod: Limit one foe put to sleep
|rule|Species Clause: Limit one of each Pokémon
|rule|OHKO Clause: OHKO moves are banned
|rule|Evasion Moves Clause: Evasion moves are banned
|rule|Endless Battle Clause: Forcing endless battles is banned
|rule|HP Percentage Mod: HP is shown in percentages
|rule|Dynamax Clause: You cannot dynamax
|teampreview
|j| weirdthings·com
|
|t:|1598066259
|start
|switch|p1a: Serpentine|Dragapult, M|100/100
|switch|p2a: Biyomon|Mew|100/100
|turn|1
|j| lt73iu vert
|
|t:|1598066262
|move|p1a: Serpentine|Shadow Ball|p2a: Biyomon
|-supereffective|p2a: Biyomon
|-damage|p2a: Biyomon|16/100
|move|p2a: Biyomon|Stealth Rock|p1a: Serpentine
|-sidestart|p1: relic stone|move: Stealth Rock
|
|upkeep
|turn|2
|
|t:|1598066265
|move|p1a: Serpentine|Shadow Ball|p2a: Biyomon
|-supereffective|p2a: Biyomon
|-damage|p2a: Biyomon|0 fnt
|faint|p2a: Biyomon
|
|upkeep
|
|t:|1598066270
|switch|p2a: Palmon|Dragapult, M|100/100
|turn|3
|j| LT73IU Motita
|
|t:|1598066278
|switch|p2a: Agumon|Rillaboom, M|100/100
|-fieldstart|move: Grassy Terrain|[from] ability: Grassy Surge|[of] p2a: Agumon
|move|p1a: Serpentine|Shadow Ball|p2a: Agumon
|-damage|p2a: Agumon|36/100
|
|-heal|p2a: Agumon|42/100|[from] Grassy Terrain
|upkeep
|turn|4
|j| whiteegg
|j| lt73iu fortnitegod
|j| LT73IU NTAIZAI
|
|t:|1598066290
|move|p2a: Agumon|Grassy Glide|p1a: Serpentine
|-resisted|p1a: Serpentine
|-damage|p1a: Serpentine|50/100
|-damage|p2a: Agumon|32/100|[from] item: Life Orb
|move|p1a: Serpentine|Shadow Ball|p2a: Agumon
|-damage|p2a: Agumon|0 fnt
|faint|p2a: Agumon
|
|-heal|p1a: Serpentine|56/100|[from] Grassy Terrain
|upkeep
|j|@Eo
|
|t:|1598066294
|switch|p2a: Gabumon|Hawlucha, M|100/100
|-enditem|p2a: Gabumon|Grassy Seed
|-boost|p2a: Gabumon|def|1|[from] item: Grassy Seed
|turn|5
|
|t:|1598066298
|move|p2a: Gabumon|Swords Dance|p2a: Gabumon
|-boost|p2a: Gabumon|atk|2
|move|p1a: Serpentine|Shadow Ball|p2a: Gabumon
|-damage|p2a: Gabumon|16/100
|-unboost|p2a: Gabumon|spd|1
|
|-heal|p1a: Serpentine|62/100|[from] Grassy Terrain
|upkeep
|turn|6
|j| d555y6
|
|t:|1598066309
|move|p2a: Gabumon|Acrobatics|p1a: Serpentine
|-damage|p1a: Serpentine|0 fnt
|faint|p1a: Serpentine
|
|upkeep
|j| Pinkacross
|
|t:|1598066311
|switch|p1a: Predator|Crawdaunt, M|100/100
|-damage|p1a: Predator|88/100|[from] Stealth Rock
|turn|7
|
|t:|1598066315
|switch|p2a: Palmon|Dragapult, M|100/100
|move|p1a: Predator|Aqua Jet|p2a: Palmon
|-resisted|p2a: Palmon
|-damage|p2a: Palmon|73/100
|-damage|p1a: Predator|78/100|[from] item: Life Orb
|
|-heal|p2a: Palmon|79/100|[from] Grassy Terrain
|-heal|p1a: Predator|84/100|[from] Grassy Terrain
|-fieldend|move: Grassy Terrain
|upkeep
|turn|8
|j| Lt73iu chapo
|
|t:|1598066323
|move|p2a: Palmon|Steel Wing|p1a: Predator
|-resisted|p1a: Predator
|-damage|p1a: Predator|64/100
|-damage|p2a: Palmon|70/100|[from] item: Life Orb
|move|p1a: Predator|Knock Off|p2a: Palmon
|-supereffective|p2a: Palmon
|-damage|p2a: Palmon|0 fnt
|-enditem|p2a: Palmon|Life Orb|[from] move: Knock Off|[of] p1a: Predator
|-damage|p1a: Predator|54/100|[from] item: Life Orb
|faint|p2a: Palmon
|
|upkeep
|
|t:|1598066331
|switch|p2a: tentomon|Azumarill, M|100/100
|turn|9
|
|t:|1598066335
|move|p1a: Predator|Knock Off|p2a: tentomon
|-resisted|p2a: tentomon
|-damage|p2a: tentomon|41/100
|-enditem|p2a: tentomon|Sitrus Berry|[from] move: Knock Off|[of] p1a: Predator
|-damage|p1a: Predator|44/100|[from] item: Life Orb
|move|p2a: tentomon|Play Rough|p1a: Predator
|-supereffective|p1a: Predator
|-damage|p1a: Predator|0 fnt
|faint|p1a: Predator
|
|upkeep
|
|t:|1598066339
|switch|p1a: Impaler|Excadrill, M, shiny|100/100
|-damage|p1a: Impaler|97/100|[from] Stealth Rock
|-ability|p1a: Impaler|Mold Breaker
|turn|10
|
|t:|1598066341
|move|p2a: tentomon|Aqua Jet|p1a: Impaler
|-supereffective|p1a: Impaler
|-damage|p1a: Impaler|34/100
|move|p1a: Impaler|Earthquake|p2a: tentomon
|-damage|p2a: tentomon|0 fnt
|faint|p2a: tentomon
|
|-heal|p1a: Impaler|40/100|[from] item: Leftovers
|upkeep
|
|t:|1598066345
|switch|p2a: Gabumon|Hawlucha, M|16/100
|turn|11
|
|t:|1598066359
|move|p2a: Gabumon|Close Combat|p1a: Impaler
|-supereffective|p1a: Impaler
|-damage|p1a: Impaler|0 fnt
|-unboost|p2a: Gabumon|def|1
|-unboost|p2a: Gabumon|spd|1
|faint|p1a: Impaler
|
|upkeep
|
|t:|1598066363
|switch|p1a: Phantom|Rotom-Heat, shiny|100/100
|turn|12
|
|t:|1598066366
|move|p2a: Gabumon|Close Combat|p1a: Phantom
|-damage|p1a: Phantom|40/100
|-unboost|p2a: Gabumon|def|1
|-unboost|p2a: Gabumon|spd|1
|move|p1a: Phantom|Discharge|p2a: Gabumon
|-supereffective|p2a: Gabumon
|-damage|p2a: Gabumon|0 fnt
|faint|p2a: Gabumon
|
|upkeep
|
|t:|1598066370
|switch|p2a: Koromon|Volcarona, M|100/100
|turn|13
|
|t:|1598066378
|switch|p1a: Torrent|Azumarill, M|100/100
|-damage|p1a: Torrent|88/100|[from] Stealth Rock
|move|p2a: Koromon|Quiver Dance|p2a: Koromon
|-boost|p2a: Koromon|spa|1
|-boost|p2a: Koromon|spd|1
|-boost|p2a: Koromon|spe|1
|
|-heal|p1a: Torrent|94/100|[from] item: Leftovers
|upkeep
|turn|14
|
|t:|1598066381
|move|p2a: Koromon|Giga Drain|p1a: Torrent
|-ability|p1a: Torrent|Sap Sipper|boost
|-boost|p1a: Torrent|atk|1
|move|p1a: Torrent|Perish Song|p1a: Torrent
|-start|p1a: Torrent|perish3|[silent]
|-start|p2a: Koromon|perish3|[silent]
|-fieldactivate|move: Perish Song
|
|-heal|p1a: Torrent|100/100|[from] item: Leftovers
|-start|p2a: Koromon|perish3
|-start|p1a: Torrent|perish3
|upkeep
|turn|15
|
|t:|1598066387
|move|p2a: Koromon|Psychic|p1a: Torrent
|-damage|p1a: Torrent|49/100
|move|p1a: Torrent|Toxic|p2a: Koromon
|-status|p2a: Koromon|tox
|
|-heal|p1a: Torrent|55/100|[from] item: Leftovers
|-damage|p2a: Koromon|94/100 tox|[from] psn
|-start|p2a: Koromon|perish2
|-start|p1a: Torrent|perish2
|upkeep
|turn|16
|j| Jira¢hiC
|c|☆relic stone|gg
|l| LT73IU Motita
|-message|lt73iu Serg forfeited.
|
|win|relic stone
|l|☆lt73iu Serg
|l| weirdthings·com
|raw|relic stone's rating: 1889 &rarr; <strong>1903</strong><br />(+14 for winning)
|raw|lt73iu Serg's rating: 1779 &rarr; <strong>1765</strong><br />(-14 for losing)
