|j|☆ssg117
|j|‽not mb
|t:|1624501237
|gametype|singles
|player|p1|ssg117|170|1923
|player|p2|not mb|#ssdbushmasters|1982
|teamsize|p1|6
|teamsize|p2|6
|gen|8
|tier|[Gen 8] OU
|rated|
|rule|Sleep Clause Mod: Limit one foe put to sleep
|rule|Species Clause: Limit one of each Pokémon
|rule|OHKO Clause: OHKO moves are banned
|rule|Evasion Moves Clause: Evasion moves are banned
|rule|Endless Battle Clause: Forcing endless battles is banned
|rule|HP Percentage Mod: HP is shown in percentages
|rule|Dynamax Clause: You cannot dynamax
|clearpoke
|poke|p1|Tapu Lele|
|poke|p1|Garchomp, F|
|poke|p1|Volcarona, M|
|poke|p1|Weavile, M|
|poke|p1|Dragapult, F|
|poke|p1|Kartana|
|poke|p2|Tapu Lele|
|poke|p2|Landorus-Therian, M|
|poke|p2|Zapdos|
|poke|p2|Volcanion|
|poke|p2|Dragapult, M|
|poke|p2|Melmetal|
|teampreview
|j| westcottike
|j| hiye
|inactive|Battle timer is ON: inactive players will automatically lose when time's up. (requested by ssg117)
|
|t:|1624501271
|start
|switch|p1a: Weavile|Weavile, M|100/100
|switch|p2a: Dragapult|Dragapult, M|100/100
|-ability|p1a: Weavile|Pressure
|turn|1
|j| Rias
|
|t:|1624501288
|move|p2a: Dragapult|Dragon Darts|p1a: Weavile
|-damage|p1a: Weavile|33/100
|-anim|p2a: Dragapult|Dragon Darts|p1a: Weavile
|-damage|p1a: Weavile|0 fnt
|faint|p1a: Weavile
|
|upkeep
|j| Charl Dunois
|
|t:|1624501293
|switch|p1a: Tapu Lele|Tapu Lele, shiny|100/100
|-fieldstart|move: Psychic Terrain|[from] ability: Psychic Surge|[of] p1a: Tapu Lele
|-enditem|p1a: Tapu Lele|Psychic Seed
|-boost|p1a: Tapu Lele|spd|1|[from] item: Psychic Seed
|turn|2
|
|t:|1624501314
|switch|p2a: Landorus|Landorus-Therian, M|100/100
|-ability|p2a: Landorus|Intimidate|boost
|-unboost|p1a: Tapu Lele|atk|1
|move|p1a: Tapu Lele|Calm Mind|p1a: Tapu Lele
|-boost|p1a: Tapu Lele|spa|1
|-boost|p1a: Tapu Lele|spd|1
|
|upkeep
|turn|3
|j| fbhgdfhfghdgdfd
|inactive|not mb has 120 seconds left.
|j| Maclura
|
|t:|1624501350
|move|p2a: Landorus|Stealth Rock|p1a: Tapu Lele
|-sidestart|p1: ssg117|move: Stealth Rock
|move|p1a: Tapu Lele|Calm Mind|p1a: Tapu Lele
|-boost|p1a: Tapu Lele|spa|1
|-boost|p1a: Tapu Lele|spd|1
|
|upkeep
|turn|4
|n| bunny girl mai|hiye
|inactive|not mb has 90 seconds left.
|
|t:|1624501393
|move|p2a: Landorus|Earthquake|p1a: Tapu Lele
|-damage|p1a: Tapu Lele|57/100
|move|p1a: Tapu Lele|Draining Kiss|p2a: Landorus
|-damage|p2a: Landorus|66/100
|-heal|p1a: Tapu Lele|86/100|[from] drain|[of] p2a: Landorus
|
|-heal|p2a: Landorus|72/100|[from] item: Leftovers
|upkeep
|turn|5
|
|t:|1624501403
|move|p2a: Landorus|U-turn|p1a: Tapu Lele
|-damage|p1a: Tapu Lele|67/100
|
|t:|1624501405
|switch|p2a: Melmetal|Melmetal|100/100|[from]move: U-turn
|move|p1a: Tapu Lele|Draining Kiss|p2a: Melmetal
|-resisted|p2a: Melmetal
|-damage|p2a: Melmetal|81/100
|-heal|p1a: Tapu Lele|85/100|[from] drain|[of] p2a: Melmetal
|
|-heal|p2a: Melmetal|87/100|[from] item: Leftovers
|upkeep
|turn|6
|
|t:|1624501410
|move|p2a: Melmetal|Protect|p2a: Melmetal
|-singleturn|p2a: Melmetal|Protect
|move|p1a: Tapu Lele|Focus Blast|p2a: Melmetal
|-activate|p2a: Melmetal|move: Protect
|
|-heal|p2a: Melmetal|93/100|[from] item: Leftovers
|-fieldend|move: Psychic Terrain
|upkeep
|turn|7
|j| Shgo Haizaki
|
|t:|1624501420
|move|p1a: Tapu Lele|Focus Blast|p2a: Melmetal|[miss]
|-miss|p1a: Tapu Lele|p2a: Melmetal
|move|p2a: Melmetal|Double Iron Bash|p1a: Tapu Lele
|-supereffective|p1a: Tapu Lele
|-damage|p1a: Tapu Lele|5/100
|-supereffective|p1a: Tapu Lele
|-damage|p1a: Tapu Lele|0 fnt
|faint|p1a: Tapu Lele
|-hitcount|p1: Tapu Lele|2
|
|-heal|p2a: Melmetal|99/100|[from] item: Leftovers
|upkeep
|
|t:|1624501428
|switch|p1a: Volcarona|Volcarona, M, shiny|100/100
|-damage|p1a: Volcarona|51/100|[from] Stealth Rock
|turn|8
|l| Maclura
|j| Maclura
|
|t:|1624501434
|move|p1a: Volcarona|Quiver Dance|p1a: Volcarona
|-boost|p1a: Volcarona|spa|1
|-boost|p1a: Volcarona|spd|1
|-boost|p1a: Volcarona|spe|1
|move|p2a: Melmetal|Toxic|p1a: Volcarona|[miss]
|-miss|p2a: Melmetal|p1a: Volcarona
|
|-heal|p2a: Melmetal|100/100|[from] item: Leftovers
|upkeep
|turn|9
|c| Rias|justice
|
|t:|1624501447
|move|p1a: Volcarona|Fiery Dance|p2a: Melmetal
|-supereffective|p2a: Melmetal
|-damage|p2a: Melmetal|0 fnt
|faint|p2a: Melmetal
|-damage|p1a: Volcarona|41/100|[from] item: Life Orb
|
|upkeep
|c| bunny girl mai|justice
|c| bunny girl mai|no spatk drop
|
|t:|1624501454
|switch|p2a: Volcanion|Volcanion|100/100
|turn|10
|c| bunny girl mai|alas
|c| bunny girl mai|raise
|
|t:|1624501459
|move|p1a: Volcarona|Giga Drain|p2a: Volcanion
|-damage|p2a: Volcanion|38/100
|-heal|p1a: Volcarona|71/100|[from] drain|[of] p2a: Volcanion
|-damage|p1a: Volcarona|61/100|[from] item: Life Orb
|move|p2a: Volcanion|Steam Eruption|p1a: Volcarona
|-supereffective|p1a: Volcarona
|-damage|p1a: Volcarona|0 fnt
|faint|p1a: Volcarona
|
|upkeep
|
|t:|1624501471
|switch|p1a: Garchomp|Garchomp, F|100/100
|-damage|p1a: Garchomp|94/100|[from] Stealth Rock
|turn|11
|inactive|not mb has 120 seconds left.
|
|t:|1624501500
|move|p1a: Garchomp|Scale Shot|p2a: Volcanion
|-damage|p2a: Volcanion|21/100
|-damage|p2a: Volcanion|4/100
|-damage|p2a: Volcanion|0 fnt
|faint|p2a: Volcanion
|-hitcount|p2: Volcanion|3
|-unboost|p1a: Garchomp|def|1
|-boost|p1a: Garchomp|spe|1
|-damage|p1a: Garchomp|85/100|[from] item: Life Orb
|
|upkeep
|
|t:|1624501504
|switch|p2a: Landorus|Landorus-Therian, M|72/100
|-ability|p2a: Landorus|Intimidate|boost
|-unboost|p1a: Garchomp|atk|1
|turn|12
|
|t:|1624501511
|move|p1a: Garchomp|Swords Dance|p1a: Garchomp
|-boost|p1a: Garchomp|atk|2
|move|p2a: Landorus|Earthquake|p1a: Garchomp
|-damage|p1a: Garchomp|17/100
|
|-heal|p2a: Landorus|78/100|[from] item: Leftovers
|upkeep
|turn|13
|inactive|not mb has 120 seconds left.
|l| Maclura
|
|t:|1624501537
|move|p1a: Garchomp|Scale Shot|p2a: Landorus
|-damage|p2a: Landorus|54/100
|-damage|p2a: Landorus|29/100
|-damage|p2a: Landorus|7/100
|-damage|p2a: Landorus|0 fnt
|faint|p2a: Landorus
|-hitcount|p2: Landorus|4
|-unboost|p1a: Garchomp|def|1
|-boost|p1a: Garchomp|spe|1
|-damage|p1a: Garchomp|7/100|[from] item: Life Orb
|
|upkeep
|
|t:|1624501545
|switch|p2a: Dragapult|Dragapult, M|100/100
|turn|14
|
|t:|1624501550
|move|p1a: Garchomp|Scale Shot|p2a: Dragapult
|-supereffective|p2a: Dragapult
|-damage|p2a: Dragapult|36/100
|-supereffective|p2a: Dragapult
|-damage|p2a: Dragapult|0 fnt
|faint|p2a: Dragapult
|-hitcount|p2: Dragapult|2
|-unboost|p1a: Garchomp|def|1
|-boost|p1a: Garchomp|spe|1
|-damage|p1a: Garchomp|0 fnt|[from] item: Life Orb
|faint|p1a: Garchomp
|
|upkeep
|inactive|not mb has 120 seconds left.
|inactive|not mb has 90 seconds left.
|l| Shgo Haizaki
|
|t:|1624501588
|switch|p2a: Tapu Lele|Tapu Lele|100/100
|switch|p1a: Dragapult|Dragapult, F, shiny|100/100
|-fieldstart|move: Psychic Terrain|[from] ability: Psychic Surge|[of] p2a: Tapu Lele
|-damage|p1a: Dragapult|88/100|[from] Stealth Rock
|turn|15
|j| Shgo Haizaki
|
|t:|1624501592
|move|p2a: Tapu Lele|Moonblast|p1a: Dragapult
|-supereffective|p1a: Dragapult
|-damage|p1a: Dragapult|0 fnt
|faint|p1a: Dragapult
|
|upkeep
|
|t:|1624501595
|switch|p1a: Kartana|Kartana, shiny|100/100
|-damage|p1a: Kartana|94/100|[from] Stealth Rock
|turn|16
|c|☆ssg117|gg
|c| Rias|haizaki shougo
|c| Rias|:o
|
|t:|1624501619
|switch|p2a: Zapdos|Zapdos|100/100
|move|p1a: Kartana|Knock Off|p2a: Zapdos
|-damage|p2a: Zapdos|68/100
|-enditem|p2a: Zapdos|Heavy-Duty Boots|[from] move: Knock Off|[of] p1a: Kartana
|
|upkeep
|turn|17
|
|t:|1624501625
|move|p1a: Kartana|Swords Dance|p1a: Kartana
|-boost|p1a: Kartana|atk|2
|move|p2a: Zapdos|Roost|p2a: Zapdos
|-heal|p2a: Zapdos|100/100
|-singleturn|p2a: Zapdos|move: Roost
|
|upkeep
|turn|18
|
|t:|1624501630
|move|p1a: Kartana|Swords Dance|p1a: Kartana
|-boost|p1a: Kartana|atk|2
|move|p2a: Zapdos|Volt Switch|p1a: Kartana
|-resisted|p1a: Kartana
|-damage|p1a: Kartana|45/100
|
|t:|1624501632
|switch|p2a: Tapu Lele|Tapu Lele|100/100|[from]move: Volt Switch
|
|upkeep
|turn|19
|
|t:|1624501636
|move|p2a: Tapu Lele|Psychic|p1a: Kartana
|-resisted|p1a: Kartana
|-damage|p1a: Kartana|0 fnt
|faint|p1a: Kartana
|
|win|not mb
|raw|ssg117's rating: 1923 &rarr; <strong>1906</strong><br />(-17 for losing)
|raw|not mb's rating: 1982 &rarr; <strong>1999</strong><br />(+17 for winning)
|l| Rias
