|raw|<div class="broadcast-blue"><strong>This battle is required to be public due to a player having a name prefixed by 'LT71LX'.</div>
|j|☆LT71LX Chai
|j|☆Q114
|t:|1596697477
|player|p1|LT71LX Chai|veteran|1678
|player|p2|Q114|266|1723
|teamsize|p1|6
|teamsize|p2|6
|gametype|singles
|gen|8
|tier|[Gen 8] OU
|rated|
|clearpoke
|poke|p1|Venusaur, M|
|poke|p1|Clefable, F|
|poke|p1|Torkoal, M|
|poke|p1|Charizard, M|
|poke|p1|Xatu, M|
|poke|p1|Darmanitan, F|
|poke|p2|Chansey, F|
|poke|p2|Toxapex, M|
|poke|p2|Clefable, F|
|poke|p2|Skarmory, F|
|poke|p2|Zeraora|
|poke|p2|Mandibuzz, F|
|rule|Sleep Clause Mod: Limit one foe put to sleep
|rule|Species Clause: Limit one of each Pokémon
|rule|OHKO Clause: OHKO moves are banned
|rule|Evasion Moves Clause: Evasion moves are banned
|rule|Endless Battle Clause: Forcing endless battles is banned
|rule|HP Percentage Mod: HP is shown in percentages
|rule|Dynamax Clause: You cannot dynamax
|teampreview
|
|t:|1596697482
|start
|switch|p1a: Xatu|Xatu, M|100/100
|switch|p2a: Toxapex|Toxapex, M, shiny|100/100
|turn|1
|
|t:|1596697484
|move|p1a: Xatu|Trick|p2a: Toxapex
|-activate|p1a: Xatu|move: Trick|[of] p2a: Toxapex
|-item|p2a: Toxapex|Choice Scarf|[from] move: Trick
|-item|p1a: Xatu|Black Sludge|[from] move: Trick
|move|p2a: Toxapex|Knock Off|p1a: Xatu
|-supereffective|p1a: Xatu
|-damage|p1a: Xatu|50/100
|-enditem|p1a: Xatu|Black Sludge|[from] move: Knock Off|[of] p2a: Toxapex
|
|upkeep
|turn|2
|
|t:|1596697488
|move|p1a: Xatu|Psychic|p2a: Toxapex
|-supereffective|p2a: Toxapex
|-damage|p2a: Toxapex|34/100
|move|p2a: Toxapex|Knock Off|p1a: Xatu
|-supereffective|p1a: Xatu
|-damage|p1a: Xatu|14/100
|
|upkeep
|turn|3
|
|t:|1596697498
|switch|p2a: Mandibuzz|Mandibuzz, F, shiny|100/100
|move|p1a: Xatu|Psychic|p2a: Mandibuzz
|-immune|p2a: Mandibuzz
|
|upkeep
|turn|4
|
|t:|1596697502
|move|p1a: Xatu|Dazzling Gleam|p2a: Mandibuzz
|-supereffective|p2a: Mandibuzz
|-damage|p2a: Mandibuzz|64/100
|move|p2a: Mandibuzz|Knock Off|p1a: Xatu
|-supereffective|p1a: Xatu
|-damage|p1a: Xatu|0 fnt
|faint|p1a: Xatu
|
|upkeep
|
|t:|1596697505
|switch|p1a: Torkoal|Torkoal, M|100/100
|-weather|SunnyDay|[from] ability: Drought|[of] p1a: Torkoal
|turn|5
|
|t:|1596697509
|move|p2a: Mandibuzz|Knock Off|p1a: Torkoal
|-damage|p1a: Torkoal|86/100
|-enditem|p1a: Torkoal|Heat Rock|[from] move: Knock Off|[of] p2a: Mandibuzz
|move|p1a: Torkoal|Stealth Rock|p2a: Mandibuzz
|-sidestart|p2: Q114|move: Stealth Rock
|
|-weather|SunnyDay|[upkeep]
|upkeep
|turn|6
|
|t:|1596697513
|switch|p1a: Charizard|Charizard, M|100/100
|move|p2a: Mandibuzz|Defog|p1a: Charizard
|-unboost|p1a: Charizard|evasion|1
|-sideend|p2: Q114|Stealth Rock|[from] move: Defog|[of] p2a: Mandibuzz
|
|-weather|SunnyDay|[upkeep]
|-damage|p1a: Charizard|88/100|[from] ability: Solar Power|[of] p1a: Charizard
|upkeep
|turn|7
|
|t:|1596697516
|switch|p2a: Chansey|Chansey, F|100/100
|move|p1a: Charizard|Weather Ball|p2a: Chansey
|-damage|p2a: Chansey|51/100
|
|-weather|SunnyDay|[upkeep]
|-damage|p1a: Charizard|76/100|[from] ability: Solar Power|[of] p1a: Charizard
|upkeep
|turn|8
|
|t:|1596697524
|move|p1a: Charizard|Weather Ball|p2a: Chansey
|-damage|p2a: Chansey|0 fnt
|faint|p2a: Chansey
|
|-weather|SunnyDay|[upkeep]
|-damage|p1a: Charizard|63/100|[from] ability: Solar Power|[of] p1a: Charizard
|upkeep
|
|t:|1596697531
|switch|p2a: Zeraora|Zeraora|100/100
|turn|9
|
|t:|1596697536
|switch|p1a: Venusaur|Venusaur, M|100/100
|move|p2a: Zeraora|Thunderbolt|p1a: Venusaur
|-resisted|p1a: Venusaur
|-damage|p1a: Venusaur|83/100
|
|-weather|SunnyDay|[upkeep]
|upkeep
|turn|10
|
|t:|1596697542
|move|p1a: Venusaur|Growth|p1a: Venusaur
|-boost|p1a: Venusaur|atk|2
|-boost|p1a: Venusaur|spa|2
|move|p2a: Zeraora|Blaze Kick|p1a: Venusaur
|-supereffective|p1a: Venusaur
|-damage|p1a: Venusaur|10/100
|
|-weather|SunnyDay|[upkeep]
|upkeep
|turn|11
|
|t:|1596697550
|move|p1a: Venusaur|Giga Drain|p2a: Zeraora
|-damage|p2a: Zeraora|55/100
|-heal|p1a: Venusaur|38/100|[from] drain|[of] p2a: Zeraora
|-damage|p1a: Venusaur|28/100|[from] item: Life Orb
|move|p2a: Zeraora|Blaze Kick|p1a: Venusaur
|-supereffective|p1a: Venusaur
|-crit|p1a: Venusaur
|-damage|p1a: Venusaur|0 fnt
|faint|p1a: Venusaur
|
|-weather|SunnyDay|[upkeep]
|upkeep
|
|t:|1596697554
|switch|p1a: Darmanitan|Darmanitan, F|100/100
|turn|12
|
|t:|1596697566
|switch|p2a: Mandibuzz|Mandibuzz, F, shiny|64/100
|move|p1a: Darmanitan|Flare Blitz|p2a: Mandibuzz
|-damage|p2a: Mandibuzz|0 fnt
|-damage|p1a: Darmanitan|75/100|[from] Recoil
|faint|p2a: Mandibuzz
|
|-weather|none
|upkeep
|
|t:|1596697574
|switch|p2a: Toxapex|Toxapex, M, shiny|68/100
|turn|13
|
|t:|1596697578
|switch|p1a: Torkoal|Torkoal, M|86/100
|-weather|SunnyDay|[from] ability: Drought|[of] p1a: Torkoal
|move|p2a: Toxapex|Recover|p2a: Toxapex
|-heal|p2a: Toxapex|100/100
|
|-weather|SunnyDay|[upkeep]
|upkeep
|turn|14
|
|t:|1596697593
|switch|p2a: Zeraora|Zeraora|55/100
|switch|p1a: Darmanitan|Darmanitan, F|75/100
|
|-weather|SunnyDay|[upkeep]
|upkeep
|turn|15
|
|t:|1596697603
|switch|p2a: Toxapex|Toxapex, M, shiny|100/100
|move|p1a: Darmanitan|Fire Punch|p2a: Toxapex
|-resisted|p2a: Toxapex
|-damage|p2a: Toxapex|74/100
|
|-weather|SunnyDay|[upkeep]
|upkeep
|turn|16
|
|t:|1596697611
|move|p1a: Darmanitan|Fire Punch|p2a: Toxapex
|-resisted|p2a: Toxapex
|-damage|p2a: Toxapex|51/100
|move|p2a: Toxapex|Scald|p1a: Darmanitan
|-supereffective|p1a: Darmanitan
|-crit|p1a: Darmanitan
|-damage|p1a: Darmanitan|38/100
|
|-weather|SunnyDay|[upkeep]
|upkeep
|turn|17
|
|t:|1596697614
|switch|p1a: Clefable|Clefable, F|100/100
|move|p2a: Toxapex|Scald|p1a: Clefable
|-damage|p1a: Clefable|93/100
|
|-weather|none
|-heal|p1a: Clefable|99/100|[from] item: Leftovers
|upkeep
|turn|18
|
|t:|1596697627
|switch|p2a: Skarmory|Skarmory, F|100/100
|move|p1a: Clefable|Teleport|p1a: Clefable
|
|t:|1596697629
|switch|p1a: Charizard|Charizard, M|63/100|[from]move: Teleport
|
|upkeep
|turn|19
|
|t:|1596697632
|switch|p2a: Toxapex|Toxapex, M, shiny|84/100
|move|p1a: Charizard|Flamethrower|p2a: Toxapex
|-resisted|p2a: Toxapex
|-damage|p2a: Toxapex|60/100
|
|upkeep
|turn|20
|
|t:|1596697636
|switch|p1a: Clefable|Clefable, F|99/100
|move|p2a: Toxapex|Scald|p1a: Clefable
|-damage|p1a: Clefable|85/100
|
|-heal|p1a: Clefable|91/100|[from] item: Leftovers
|upkeep
|turn|21
|
|t:|1596697640
|switch|p2a: Skarmory|Skarmory, F|100/100
|move|p1a: Clefable|Teleport|p1a: Clefable
|
|t:|1596697645
|switch|p1a: Torkoal|Torkoal, M|86/100|[from]move: Teleport
|-weather|SunnyDay|[from] ability: Drought|[of] p1a: Torkoal
|
|-weather|SunnyDay|[upkeep]
|upkeep
|turn|22
|
|t:|1596697652
|switch|p2a: Toxapex|Toxapex, M, shiny|93/100
|move|p1a: Torkoal|Stealth Rock|p2a: Toxapex
|-sidestart|p2: Q114|move: Stealth Rock
|
|-weather|SunnyDay|[upkeep]
|upkeep
|turn|23
|
|t:|1596697659
|move|p2a: Toxapex|Scald|p1a: Torkoal
|-supereffective|p1a: Torkoal
|-damage|p1a: Torkoal|68/100
|move|p1a: Torkoal|Lava Plume|p2a: Toxapex
|-resisted|p2a: Toxapex
|-damage|p2a: Toxapex|80/100
|
|-weather|SunnyDay|[upkeep]
|upkeep
|turn|24
|
|t:|1596697664
|move|p2a: Toxapex|Scald|p1a: Torkoal
|-supereffective|p1a: Torkoal
|-damage|p1a: Torkoal|51/100
|move|p1a: Torkoal|Lava Plume|p2a: Toxapex
|-resisted|p2a: Toxapex
|-damage|p2a: Toxapex|66/100
|
|-weather|SunnyDay|[upkeep]
|upkeep
|turn|25
|
|t:|1596697667
|switch|p1a: Clefable|Clefable, F|91/100
|move|p2a: Toxapex|Scald|p1a: Clefable
|-damage|p1a: Clefable|84/100
|-status|p1a: Clefable|brn
|
|-weather|none
|-heal|p1a: Clefable|90/100 brn|[from] item: Leftovers
|upkeep
|turn|26
|
|t:|1596697693
|switch|p2a: Clefable|Clefable, F|100/100
|-damage|p2a: Clefable|88/100|[from] Stealth Rock
|move|p1a: Clefable|Teleport|p1a: Clefable
|
|t:|1596697700
|switch|p1a: Charizard|Charizard, M|63/100|[from]move: Teleport
|
|-heal|p2a: Clefable|94/100|[from] item: Leftovers
|upkeep
|turn|27
|
|t:|1596697703
|move|p2a: Clefable|Protect|p2a: Clefable
|-singleturn|p2a: Clefable|Protect
|move|p1a: Charizard|Overheat|p2a: Clefable
|-activate|p2a: Clefable|move: Protect
|
|-heal|p2a: Clefable|99/100|[from] item: Leftovers
|upkeep
|turn|28
|
|t:|1596697709
|switch|p1a: Torkoal|Torkoal, M|51/100
|-weather|SunnyDay|[from] ability: Drought|[of] p1a: Torkoal
|switch|p2a: Toxapex|Toxapex, M, shiny|99/100
|-damage|p2a: Toxapex|87/100|[from] Stealth Rock
|
|-weather|SunnyDay|[upkeep]
|upkeep
|turn|29
|
|t:|1596697713
|move|p2a: Toxapex|Toxic Spikes|p1a: Torkoal
|-sidestart|p1: LT71LX Chai|move: Toxic Spikes
|move|p1a: Torkoal|Lava Plume|p2a: Toxapex
|-resisted|p2a: Toxapex
|-damage|p2a: Toxapex|72/100
|
|-weather|SunnyDay|[upkeep]
|upkeep
|turn|30
|
|t:|1596697719
|move|p2a: Toxapex|Toxic Spikes|p1a: Torkoal
|-sidestart|p1: LT71LX Chai|move: Toxic Spikes
|move|p1a: Torkoal|Rapid Spin|p2a: Toxapex
|-damage|p2a: Toxapex|67/100
|-boost|p1a: Torkoal|spe|1
|-sideend|p1: LT71LX Chai|Toxic Spikes|[from] move: Rapid Spin|[of] p1a: Torkoal
|
|-weather|SunnyDay|[upkeep]
|upkeep
|turn|31
|
|t:|1596697724
|move|p2a: Toxapex|Toxic Spikes|p1a: Torkoal
|-sidestart|p1: LT71LX Chai|move: Toxic Spikes
|move|p1a: Torkoal|Lava Plume|p2a: Toxapex
|-resisted|p2a: Toxapex
|-crit|p2a: Toxapex
|-damage|p2a: Toxapex|47/100
|
|-weather|SunnyDay|[upkeep]
|upkeep
|turn|32
|
|t:|1596697736
|switch|p2a: Zeraora|Zeraora|55/100
|-damage|p2a: Zeraora|43/100|[from] Stealth Rock
|move|p1a: Torkoal|Lava Plume|p2a: Zeraora
|-damage|p2a: Zeraora|25/100
|
|-weather|none
|upkeep
|turn|33
|
|t:|1596697743
|switch|p1a: Clefable|Clefable, F|90/100 brn
|move|p2a: Zeraora|Thunderbolt|p1a: Clefable
|-damage|p1a: Clefable|65/100 brn
|
|-heal|p1a: Clefable|71/100 brn|[from] item: Leftovers
|upkeep
|turn|34
|
|t:|1596697750
|move|p2a: Zeraora|Knock Off|p1a: Clefable
|-resisted|p1a: Clefable
|-damage|p1a: Clefable|62/100 brn
|-enditem|p1a: Clefable|Leftovers|[from] move: Knock Off|[of] p2a: Zeraora
|move|p1a: Clefable|Moonlight|p1a: Clefable
|-heal|p1a: Clefable|100/100 brn
|
|upkeep
|turn|35
|
|t:|1596697767
|switch|p2a: Clefable|Clefable, F|99/100
|-damage|p2a: Clefable|88/100|[from] Stealth Rock
|move|p1a: Clefable|Moonblast|p2a: Clefable
|-damage|p2a: Clefable|58/100
|
|-heal|p2a: Clefable|64/100|[from] item: Leftovers
|upkeep
|turn|36
|
|t:|1596697772
|move|p2a: Clefable|Wish|p2a: Clefable
|move|p1a: Clefable|Teleport|p1a: Clefable
|
|t:|1596697775
|switch|p1a: Torkoal|Torkoal, M|51/100|[from]move: Teleport
|-status|p1a: Torkoal|psn
|-weather|SunnyDay|[from] ability: Drought|[of] p1a: Torkoal
|
|-weather|SunnyDay|[upkeep]
|-heal|p2a: Clefable|70/100|[from] item: Leftovers
|-damage|p1a: Torkoal|38/100 psn|[from] psn
|upkeep
|turn|37
|
|t:|1596697787
|switch|p2a: Toxapex|Toxapex, M, shiny|80/100
|-damage|p2a: Toxapex|68/100|[from] Stealth Rock
|move|p1a: Torkoal|Rest|p1a: Torkoal
|-status|p1a: Torkoal|slp|[from] move: Rest
|-heal|p1a: Torkoal|100/100 slp|[silent]
|
|-weather|SunnyDay|[upkeep]
|-heal|p2a: Toxapex|100/100|[from] move: Wish|[wisher] Clefable
|upkeep
|turn|38
|
|t:|1596697797
|switch|p2a: Clefable|Clefable, F|70/100
|-damage|p2a: Clefable|58/100|[from] Stealth Rock
|cant|p1a: Torkoal|slp
|
|-weather|SunnyDay|[upkeep]
|-heal|p2a: Clefable|64/100|[from] item: Leftovers
|upkeep
|turn|39
|
|t:|1596697801
|move|p2a: Clefable|Wish|p2a: Clefable
|cant|p1a: Torkoal|slp
|
|-weather|SunnyDay|[upkeep]
|-heal|p2a: Clefable|70/100|[from] item: Leftovers
|upkeep
|turn|40
|
|t:|1596697809
|move|p2a: Clefable|Protect|p2a: Clefable
|-singleturn|p2a: Clefable|Protect
|-curestatus|p1a: Torkoal|slp|[msg]
|move|p1a: Torkoal|Lava Plume|p2a: Clefable
|-activate|p2a: Clefable|move: Protect
|
|-weather|none
|-heal|p2a: Clefable|100/100|[from] move: Wish|[wisher] Clefable
|upkeep
|turn|41
|
|t:|1596697822
|switch|p2a: Toxapex|Toxapex, M, shiny|100/100
|-damage|p2a: Toxapex|88/100|[from] Stealth Rock
|move|p1a: Torkoal|Rapid Spin|p2a: Toxapex
|-damage|p2a: Toxapex|83/100
|-boost|p1a: Torkoal|spe|1
|-sideend|p1: LT71LX Chai|Toxic Spikes|[from] move: Rapid Spin|[of] p1a: Torkoal
|
|upkeep
|turn|42
|
|t:|1596697825
|move|p2a: Toxapex|Scald|p1a: Torkoal
|-supereffective|p1a: Torkoal
|-damage|p1a: Torkoal|69/100
|move|p1a: Torkoal|Lava Plume|p2a: Toxapex
|-resisted|p2a: Toxapex
|-damage|p2a: Toxapex|73/100
|
|upkeep
|turn|43
|
|t:|1596697831
|switch|p1a: Clefable|Clefable, F|100/100 brn
|move|p2a: Toxapex|Scald|p1a: Clefable
|-damage|p1a: Clefable|86/100 brn
|
|upkeep
|turn|44
|
|t:|1596697834
|switch|p2a: Clefable|Clefable, F|100/100
|-damage|p2a: Clefable|88/100|[from] Stealth Rock
|move|p1a: Clefable|Teleport|p1a: Clefable
|
|t:|1596697837
|switch|p1a: Torkoal|Torkoal, M|69/100|[from]move: Teleport
|-weather|SunnyDay|[from] ability: Drought|[of] p1a: Torkoal
|
|-weather|SunnyDay|[upkeep]
|-heal|p2a: Clefable|94/100|[from] item: Leftovers
|upkeep
|turn|45
|
|t:|1596697844
|move|p2a: Clefable|Protect|p2a: Clefable
|-singleturn|p2a: Clefable|Protect
|move|p1a: Torkoal|Lava Plume|p2a: Clefable
|-activate|p2a: Clefable|move: Protect
|
|-weather|SunnyDay|[upkeep]
|-heal|p2a: Clefable|99/100|[from] item: Leftovers
|upkeep
|turn|46
|
|t:|1596697882
|switch|p2a: Toxapex|Toxapex, M, shiny|100/100
|-damage|p2a: Toxapex|88/100|[from] Stealth Rock
|move|p1a: Torkoal|Lava Plume|p2a: Toxapex
|-resisted|p2a: Toxapex
|-damage|p2a: Toxapex|73/100
|
|-weather|SunnyDay|[upkeep]
|upkeep
|turn|47
|j| GOATDON
|
|t:|1596697890
|move|p2a: Toxapex|Scald|p1a: Torkoal
|-supereffective|p1a: Torkoal
|-damage|p1a: Torkoal|52/100
|move|p1a: Torkoal|Lava Plume|p2a: Toxapex
|-resisted|p2a: Toxapex
|-damage|p2a: Toxapex|60/100
|
|-weather|SunnyDay|[upkeep]
|upkeep
|turn|48
|
|t:|1596697895
|move|p2a: Toxapex|Scald|p1a: Torkoal
|-supereffective|p1a: Torkoal
|-damage|p1a: Torkoal|36/100
|move|p1a: Torkoal|Lava Plume|p2a: Toxapex
|-resisted|p2a: Toxapex
|-damage|p2a: Toxapex|46/100
|
|-weather|none
|upkeep
|turn|49
|
|t:|1596697899
|switch|p1a: Clefable|Clefable, F|86/100 brn
|move|p2a: Toxapex|Scald|p1a: Clefable
|-damage|p1a: Clefable|70/100 brn
|
|upkeep
|turn|50
|
|t:|1596697907
|switch|p2a: Clefable|Clefable, F|99/100
|-damage|p2a: Clefable|88/100|[from] Stealth Rock
|move|p1a: Clefable|Teleport|p1a: Clefable
|
|t:|1596697909
|switch|p1a: Torkoal|Torkoal, M|36/100|[from]move: Teleport
|-weather|SunnyDay|[from] ability: Drought|[of] p1a: Torkoal
|
|-weather|SunnyDay|[upkeep]
|-heal|p2a: Clefable|94/100|[from] item: Leftovers
|upkeep
|turn|51
|
|t:|1596697912
|move|p2a: Clefable|Wish|p2a: Clefable
|move|p1a: Torkoal|Rest|p1a: Torkoal
|-status|p1a: Torkoal|slp|[from] move: Rest
|-heal|p1a: Torkoal|100/100 slp|[silent]
|
|-weather|SunnyDay|[upkeep]
|-heal|p2a: Clefable|99/100|[from] item: Leftovers
|upkeep
|turn|52
|
|t:|1596697916
|switch|p2a: Zeraora|Zeraora|25/100
|-damage|p2a: Zeraora|13/100|[from] Stealth Rock
|switch|p1a: Clefable|Clefable, F|70/100 brn
|
|-weather|SunnyDay|[upkeep]
|-heal|p2a: Zeraora|65/100|[from] move: Wish|[wisher] Clefable
|upkeep
|turn|53
|
|t:|1596697927
|move|p2a: Zeraora|Blaze Kick|p1a: Clefable
|-damage|p1a: Clefable|47/100 brn
|move|p1a: Clefable|Moonlight|p1a: Clefable
|-heal|p1a: Clefable|100/100 brn
|
|-weather|SunnyDay|[upkeep]
|upkeep
|turn|54
|
|t:|1596697951
|switch|p2a: Skarmory|Skarmory, F|100/100
|-damage|p2a: Skarmory|88/100|[from] Stealth Rock
|move|p1a: Clefable|Moonblast|p2a: Skarmory
|-resisted|p2a: Skarmory
|-damage|p2a: Skarmory|66/100
|
|-weather|none
|upkeep
|turn|55
|
|t:|1596697955
|move|p2a: Skarmory|Defog|p1a: Clefable
|-unboost|p1a: Clefable|evasion|1
|-sideend|p2: Q114|Stealth Rock|[from] move: Defog|[of] p2a: Skarmory
|move|p1a: Clefable|Teleport|p1a: Clefable
|
|t:|1596697957
|switch|p1a: Charizard|Charizard, M|63/100|[from]move: Teleport
|
|upkeep
|turn|56
|
|t:|1596697973
|switch|p2a: Toxapex|Toxapex, M, shiny|79/100
|move|p1a: Charizard|Flamethrower|p2a: Toxapex
|-resisted|p2a: Toxapex
|-damage|p2a: Toxapex|56/100
|
|upkeep
|turn|57
|j| Tace
|
|t:|1596697982
|switch|p2a: Zeraora|Zeraora|65/100
|move|p1a: Charizard|Flamethrower|p2a: Zeraora
|-damage|p2a: Zeraora|32/100
|
|upkeep
|turn|58
|
|t:|1596697986
|switch|p1a: Clefable|Clefable, F|100/100 brn
|move|p2a: Zeraora|Thunderbolt|p1a: Clefable
|-damage|p1a: Clefable|75/100 brn
|
|upkeep
|turn|59
|
|t:|1596697995
|switch|p2a: Skarmory|Skarmory, F|66/100
|move|p1a: Clefable|Teleport|p1a: Clefable
|
|t:|1596697999
|switch|p1a: Charizard|Charizard, M|63/100|[from]move: Teleport
|
|upkeep
|turn|60
|
|t:|1596698008
|switch|p1a: Torkoal|Torkoal, M|100/100 slp
|-weather|SunnyDay|[from] ability: Drought|[of] p1a: Torkoal
|switch|p2a: Toxapex|Toxapex, M, shiny|89/100
|
|-weather|SunnyDay|[upkeep]
|upkeep
|turn|61
|
|t:|1596698019
|switch|p2a: Zeraora|Zeraora|32/100
|cant|p1a: Torkoal|slp
|
|-weather|SunnyDay|[upkeep]
|upkeep
|turn|62
|
|t:|1596698022
|move|p2a: Zeraora|Thunderbolt|p1a: Torkoal
|-damage|p1a: Torkoal|68/100 slp
|cant|p1a: Torkoal|slp
|
|-weather|SunnyDay|[upkeep]
|upkeep
|turn|63
|j| wyn
|
|t:|1596698032
|move|p2a: Zeraora|Thunderbolt|p1a: Torkoal
|-damage|p1a: Torkoal|35/100 slp
|-curestatus|p1a: Torkoal|slp|[msg]
|move|p1a: Torkoal|Stealth Rock|p2a: Zeraora
|-sidestart|p2: Q114|move: Stealth Rock
|
|-weather|SunnyDay|[upkeep]
|upkeep
|turn|64
|
|t:|1596698037
|switch|p1a: Clefable|Clefable, F|75/100 brn
|move|p2a: Zeraora|Thunderbolt|p1a: Clefable
|-damage|p1a: Clefable|47/100 brn
|
|-weather|none
|upkeep
|turn|65
|
|t:|1596698040
|move|p2a: Zeraora|Thunderbolt|p1a: Clefable
|-damage|p1a: Clefable|21/100 brn
|move|p1a: Clefable|Moonlight|p1a: Clefable
|-heal|p1a: Clefable|71/100 brn
|
|upkeep
|turn|66
|
|t:|1596698045
|switch|p2a: Skarmory|Skarmory, F|66/100
|-damage|p2a: Skarmory|53/100|[from] Stealth Rock
|move|p1a: Clefable|Teleport|p1a: Clefable
|
|t:|1596698050
|switch|p1a: Charizard|Charizard, M|63/100|[from]move: Teleport
|
|upkeep
|turn|67
|l| Tace
|
|t:|1596698057
|switch|p1a: Clefable|Clefable, F|71/100 brn
|switch|p2a: Toxapex|Toxapex, M, shiny|100/100
|-damage|p2a: Toxapex|88/100|[from] Stealth Rock
|
|upkeep
|turn|68
|
|t:|1596698059
|move|p2a: Toxapex|Toxic Spikes|p1a: Clefable
|-sidestart|p1: LT71LX Chai|move: Toxic Spikes
|move|p1a: Clefable|Teleport|p1a: Clefable
|
|t:|1596698063
|switch|p1a: Charizard|Charizard, M|63/100|[from]move: Teleport
|
|upkeep
|turn|69
|
|t:|1596698065
|move|p1a: Charizard|Flamethrower|p2a: Toxapex
|-resisted|p2a: Toxapex
|-damage|p2a: Toxapex|65/100
|move|p2a: Toxapex|Toxic Spikes|p1a: Charizard
|-sidestart|p1: LT71LX Chai|move: Toxic Spikes
|
|upkeep
|turn|70
|j| Splash
|
|t:|1596698068
|move|p1a: Charizard|Flamethrower|p2a: Toxapex
|-resisted|p2a: Toxapex
|-damage|p2a: Toxapex|40/100
|move|p2a: Toxapex|Toxic Spikes||[still]
|-fail|p2a: Toxapex
|
|upkeep
|turn|71
|
|t:|1596698074
|switch|p2a: Clefable|Clefable, F|99/100
|-damage|p2a: Clefable|88/100|[from] Stealth Rock
|move|p1a: Charizard|Flamethrower|p2a: Clefable
|-damage|p2a: Clefable|28/100
|
|-heal|p2a: Clefable|34/100|[from] item: Leftovers
|upkeep
|turn|72
|
|t:|1596698076
|move|p2a: Clefable|Protect|p2a: Clefable
|-singleturn|p2a: Clefable|Protect
|move|p1a: Charizard|Flamethrower|p2a: Clefable
|-activate|p2a: Clefable|move: Protect
|
|-heal|p2a: Clefable|40/100|[from] item: Leftovers
|upkeep
|turn|73
|j| TheThorn
|
|t:|1596698081
|switch|p2a: Toxapex|Toxapex, M, shiny|73/100
|-damage|p2a: Toxapex|61/100|[from] Stealth Rock
|move|p1a: Charizard|Flamethrower|p2a: Toxapex
|-resisted|p2a: Toxapex
|-damage|p2a: Toxapex|36/100
|
|upkeep
|turn|74
|
|t:|1596698087
|switch|p1a: Clefable|Clefable, F|71/100 brn
|move|p2a: Toxapex|Recover|p2a: Toxapex
|-heal|p2a: Toxapex|87/100
|
|upkeep
|turn|75
|
|t:|1596698090
|move|p2a: Toxapex|Recover|p2a: Toxapex
|-heal|p2a: Toxapex|100/100
|move|p1a: Clefable|Teleport|p1a: Clefable
|
|t:|1596698093
|switch|p1a: Charizard|Charizard, M|63/100|[from]move: Teleport
|
|upkeep
|turn|76
|
|t:|1596698099
|move|p1a: Charizard|Flamethrower|p2a: Toxapex
|-resisted|p2a: Toxapex
|-damage|p2a: Toxapex|76/100
|move|p2a: Toxapex|Recover|p2a: Toxapex
|-heal|p2a: Toxapex|100/100
|
|upkeep
|turn|77
|
|t:|1596698101
|move|p1a: Charizard|Flamethrower|p2a: Toxapex
|-resisted|p2a: Toxapex
|-damage|p2a: Toxapex|73/100
|move|p2a: Toxapex|Recover|p2a: Toxapex
|-heal|p2a: Toxapex|100/100
|
|upkeep
|turn|78
|
|t:|1596698103
|move|p1a: Charizard|Flamethrower|p2a: Toxapex
|-resisted|p2a: Toxapex
|-damage|p2a: Toxapex|73/100
|move|p2a: Toxapex|Recover|p2a: Toxapex
|-heal|p2a: Toxapex|100/100
|
|upkeep
|turn|79
|
|t:|1596698108
|move|p1a: Charizard|Flamethrower|p2a: Toxapex
|-resisted|p2a: Toxapex
|-damage|p2a: Toxapex|73/100
|move|p2a: Toxapex|Recover|p2a: Toxapex
|-heal|p2a: Toxapex|100/100
|
|upkeep
|turn|80
|
|t:|1596698110
|switch|p1a: Clefable|Clefable, F|71/100 brn
|move|p2a: Toxapex|Recover||[still]
|-fail|p2a: Toxapex|heal
|
|upkeep
|turn|81
|
|t:|1596698112
|switch|p2a: Clefable|Clefable, F|40/100
|-damage|p2a: Clefable|27/100|[from] Stealth Rock
|move|p1a: Clefable|Teleport|p1a: Clefable
|
|t:|1596698116
|switch|p1a: Charizard|Charizard, M|63/100|[from]move: Teleport
|
|-heal|p2a: Clefable|34/100|[from] item: Leftovers
|upkeep
|turn|82
|
|t:|1596698118
|move|p2a: Clefable|Protect|p2a: Clefable
|-singleturn|p2a: Clefable|Protect
|move|p1a: Charizard|Flamethrower|p2a: Clefable
|-activate|p2a: Clefable|move: Protect
|
|-heal|p2a: Clefable|40/100|[from] item: Leftovers
|upkeep
|turn|83
|
|t:|1596698121
|switch|p2a: Toxapex|Toxapex, M, shiny|100/100
|-damage|p2a: Toxapex|88/100|[from] Stealth Rock
|move|p1a: Charizard|Flamethrower|p2a: Toxapex
|-resisted|p2a: Toxapex
|-damage|p2a: Toxapex|64/100
|
|upkeep
|turn|84
|
|t:|1596698127
|switch|p1a: Clefable|Clefable, F|71/100 brn
|move|p2a: Toxapex|Scald|p1a: Clefable
|-damage|p1a: Clefable|57/100 brn
|
|upkeep
|turn|85
|
|t:|1596698132
|switch|p2a: Clefable|Clefable, F|40/100
|-damage|p2a: Clefable|27/100|[from] Stealth Rock
|move|p1a: Clefable|Moonblast|p2a: Clefable
|-damage|p2a: Clefable|0 fnt
|faint|p2a: Clefable
|
|upkeep
|inactive|Battle timer is ON: inactive players will automatically lose when time's up. (requested by LT71LX Chai)
|inactive|Q114 has 120 seconds left.
|inactive|Q114 has 90 seconds left.
|inactive|Q114 has 60 seconds left.
|inactive|Q114 has 30 seconds left.
|inactive|Q114 has 20 seconds left.
|inactive|Q114 has 15 seconds left.
|inactive|Q114 has 10 seconds left.
|inactive|Q114 has 5 seconds left.
|l| Splash
|-message|Q114 lost due to inactivity.
|
|win|LT71LX Chai
|raw|LT71LX Chai's rating: 1678 &rarr; <strong>1701</strong><br />(+23 for winning)
|raw|Q114's rating: 1725 &rarr; <strong>1703</strong><br />(-22 for losing)
|l| wyn
|l|☆LT71LX Chai
