|j|☆hifbi66
|j|☆crescendoww
|t:|1667672119
|gametype|singles
|player|p1|hifbi66|brock-gen2|1454
|player|p2|crescendoww|falkner|1534
|teamsize|p1|6
|teamsize|p2|6
|gen|8
|tier|[Gen 8] OU
|rated|
|rule|Sleep Clause Mod: Limit one foe put to sleep
|rule|Species Clause: Limit one of each Pokémon
|rule|OHKO Clause: OHKO moves are banned
|rule|Evasion Items Clause: Evasion items are banned
|rule|Evasion Moves Clause: Evasion moves are banned
|rule|Endless Battle Clause: Forcing endless battles is banned
|rule|HP Percentage Mod: HP is shown in percentages
|rule|Dynamax Clause: You cannot dynamax
|clearpoke
|poke|p1|Tornadus-Therian, M|
|poke|p1|Tyranitar, F|
|poke|p1|Buzzwole|
|poke|p1|Slowking, F|
|poke|p1|Excadrill, F|
|poke|p1|Clefable, M|
|poke|p2|Volcarona, M|
|poke|p2|Zygarde-10%|
|poke|p2|Jirachi|
|poke|p2|Rillaboom, F|
|poke|p2|Mamoswine, M|
|poke|p2|Tornadus-Therian, M|
|teampreview
|inactive|Battle timer is ON: inactive players will automatically lose when time's up. (requested by hifbi66)
|
|t:|1667672161
|start
|switch|p1a: Tyranitar|Tyranitar, F|100/100
|switch|p2a: Mamoswine|Mamoswine, M|100/100
|-weather|Sandstorm|[from] ability: Sand Stream|[of] p1a: Tyranitar
|turn|1
|inactive|hifbi66 has 120 seconds left.
|
|t:|1667672197
|move|p2a: Mamoswine|Stealth Rock|p1a: Tyranitar
|-sidestart|p1: hifbi66|move: Stealth Rock
|move|p1a: Tyranitar|Superpower|p2a: Mamoswine
|-supereffective|p2a: Mamoswine
|-damage|p2a: Mamoswine|0 fnt
|-unboost|p1a: Tyranitar|atk|1
|-unboost|p1a: Tyranitar|def|1
|faint|p2a: Mamoswine
|
|-weather|Sandstorm|[upkeep]
|upkeep
|
|t:|1667672206
|switch|p2a: Zygarde|Zygarde-10%|100/100
|-ability|p2a: Zygarde|Aura Break
|turn|2
|
|t:|1667672212
|switch|p1a: Buzzwole|Buzzwole|100/100
|-damage|p1a: Buzzwole|88/100|[from] Stealth Rock
|move|p2a: Zygarde|Glare|p1a: Buzzwole
|-status|p1a: Buzzwole|par
|
|-weather|Sandstorm|[upkeep]
|-damage|p1a: Buzzwole|82/100 par|[from] Sandstorm
|upkeep
|turn|3
|inactive|hifbi66 has 120 seconds left.
|
|t:|1667672229
|switch|p2a: Volcarona|Volcarona, M|100/100
|switch|p1a: Tornadus|Tornadus-Therian, M|100/100
|
|-weather|Sandstorm|[upkeep]
|-damage|p1a: Tornadus|94/100|[from] Sandstorm
|-damage|p2a: Volcarona|94/100|[from] Sandstorm
|upkeep
|turn|4
|
|t:|1667672240
|switch|p2a: Tornadus|Tornadus-Therian, M|100/100
|move|p1a: Tornadus|Hurricane|p2a: Tornadus
|-damage|p2a: Tornadus|71/100
|-start|p2a: Tornadus|confusion
|
|-weather|Sandstorm|[upkeep]
|-damage|p2a: Tornadus|65/100|[from] Sandstorm
|-damage|p1a: Tornadus|88/100|[from] Sandstorm
|upkeep
|turn|5
|
|t:|1667672246
|-activate|p2a: Tornadus|confusion
|-damage|p2a: Tornadus|56/100|[from] confusion
|move|p1a: Tornadus|U-turn|p2a: Tornadus
|-resisted|p2a: Tornadus
|-damage|p2a: Tornadus|48/100
|
|t:|1667672248
|switch|p1a: Clefable|Clefable, M|100/100|[from]move: U-turn
|-damage|p1a: Clefable|88/100|[from] Stealth Rock
|
|-weather|none
|-heal|p1a: Clefable|94/100|[from] item: Leftovers
|upkeep
|turn|6
|
|t:|1667672254
|-end|p2a: Tornadus|confusion
|move|p2a: Tornadus|Knock Off|p1a: Clefable
|-resisted|p1a: Clefable
|-damage|p1a: Clefable|86/100
|-enditem|p1a: Clefable|Leftovers|[from] move: Knock Off|[of] p2a: Tornadus
|move|p1a: Clefable|Stealth Rock|p2a: Tornadus
|-sidestart|p2: crescendoww|move: Stealth Rock
|
|upkeep
|turn|7
|
|t:|1667672270
|move|p2a: Tornadus|U-turn|p1a: Clefable
|-resisted|p1a: Clefable
|-damage|p1a: Clefable|80/100
|
|t:|1667672280
|switch|p2a: Volcarona|Volcarona, M|94/100|[from]move: U-turn
|move|p1a: Clefable|Flamethrower|p2a: Volcarona
|-damage|p2a: Volcarona|76/100
|
|upkeep
|turn|8
|
|t:|1667672284
|switch|p1a: Tornadus|Tornadus-Therian, M|100/100
|move|p2a: Volcarona|Will-O-Wisp|p1a: Tornadus
|-status|p1a: Tornadus|brn
|
|-damage|p1a: Tornadus|94/100 brn|[from] brn
|upkeep
|turn|9
|
|t:|1667672289
|switch|p2a: Tornadus|Tornadus-Therian, M|81/100
|-damage|p2a: Tornadus|56/100|[from] Stealth Rock
|move|p1a: Tornadus|Hurricane|p2a: Tornadus
|-damage|p2a: Tornadus|28/100
|-start|p2a: Tornadus|confusion
|
|-damage|p1a: Tornadus|88/100 brn|[from] brn
|upkeep
|turn|10
|
|t:|1667672307
|switch|p2a: Jirachi|Jirachi|100/100
|-damage|p2a: Jirachi|94/100|[from] Stealth Rock
|switch|p1a: Slowking|Slowking, F|100/100
|
|-heal|p2a: Jirachi|100/100|[from] item: Leftovers
|upkeep
|turn|11
|
|t:|1667672318
|switch|p2a: Rillaboom|Rillaboom, F|100/100
|-damage|p2a: Rillaboom|88/100|[from] Stealth Rock
|-fieldstart|move: Grassy Terrain|[from] ability: Grassy Surge|[of] p2a: Rillaboom
|move|p1a: Slowking|Teleport|p1a: Slowking
|
|t:|1667672325
|switch|p1a: Buzzwole|Buzzwole|82/100 par|[from]move: Teleport
|-damage|p1a: Buzzwole|69/100 par|[from] Stealth Rock
|
|-heal|p2a: Rillaboom|94/100|[from] Grassy Terrain
|-heal|p2a: Rillaboom|100/100|[from] item: Leftovers
|-heal|p1a: Buzzwole|76/100 par|[from] Grassy Terrain
|upkeep
|turn|12
|
|t:|1667672332
|move|p2a: Rillaboom|Knock Off|p1a: Buzzwole
|-resisted|p1a: Buzzwole
|-damage|p1a: Buzzwole|69/100 par
|-damage|p2a: Rillaboom|84/100|[from] item: Rocky Helmet|[of] p1a: Buzzwole
|-enditem|p1a: Buzzwole|Rocky Helmet|[from] move: Knock Off|[of] p2a: Rillaboom
|move|p1a: Buzzwole|Earthquake|p2a: Rillaboom
|-resisted|p2a: Rillaboom
|-damage|p2a: Rillaboom|79/100
|
|-heal|p2a: Rillaboom|85/100|[from] Grassy Terrain
|-heal|p2a: Rillaboom|92/100|[from] item: Leftovers
|-heal|p1a: Buzzwole|75/100 par|[from] Grassy Terrain
|upkeep
|turn|13
|
|t:|1667672343
|move|p2a: Rillaboom|U-turn|p1a: Buzzwole
|-resisted|p1a: Buzzwole
|-damage|p1a: Buzzwole|71/100 par
|
|t:|1667672348
|switch|p2a: Jirachi|Jirachi|100/100|[from]move: U-turn
|-damage|p2a: Jirachi|94/100|[from] Stealth Rock
|move|p1a: Buzzwole|Ice Punch|p2a: Jirachi
|-resisted|p2a: Jirachi
|-damage|p2a: Jirachi|84/100
|
|-heal|p2a: Jirachi|90/100|[from] Grassy Terrain
|-heal|p2a: Jirachi|97/100|[from] item: Leftovers
|-heal|p1a: Buzzwole|77/100 par|[from] Grassy Terrain
|upkeep
|turn|14
|
|t:|1667672355
|switch|p1a: Tyranitar|Tyranitar, F|100/100
|-damage|p1a: Tyranitar|88/100|[from] Stealth Rock
|-weather|Sandstorm|[from] ability: Sand Stream|[of] p1a: Tyranitar
|move|p2a: Jirachi|Calm Mind|p2a: Jirachi
|-boost|p2a: Jirachi|spa|1
|-boost|p2a: Jirachi|spd|1
|
|-weather|Sandstorm|[upkeep]
|-heal|p2a: Jirachi|100/100|[from] Grassy Terrain
|-heal|p1a: Tyranitar|94/100|[from] Grassy Terrain
|upkeep
|turn|15
|
|t:|1667672363
|move|p2a: Jirachi|Aura Sphere|p1a: Tyranitar
|-supereffective|p1a: Tyranitar
|-damage|p1a: Tyranitar|13/100
|move|p1a: Tyranitar|Crunch|p2a: Jirachi
|-supereffective|p2a: Jirachi
|-damage|p2a: Jirachi|0 fnt
|faint|p2a: Jirachi
|
|-weather|Sandstorm|[upkeep]
|-heal|p1a: Tyranitar|20/100|[from] Grassy Terrain
|-fieldend|move: Grassy Terrain
|upkeep
|
|t:|1667672377
|switch|p2a: Rillaboom|Rillaboom, F|92/100
|-damage|p2a: Rillaboom|79/100|[from] Stealth Rock
|-fieldstart|move: Grassy Terrain|[from] ability: Grassy Surge|[of] p2a: Rillaboom
|turn|16
|
|t:|1667672395
|switch|p1a: Tornadus|Tornadus-Therian, M|100/100 brn
|move|p2a: Rillaboom|Knock Off|p1a: Tornadus
|-damage|p1a: Tornadus|69/100 brn
|-enditem|p1a: Tornadus|Heavy-Duty Boots|[from] move: Knock Off|[of] p2a: Rillaboom
|
|-weather|Sandstorm|[upkeep]
|-damage|p1a: Tornadus|63/100 brn|[from] Sandstorm
|-damage|p2a: Rillaboom|73/100|[from] Sandstorm
|-heal|p2a: Rillaboom|79/100|[from] Grassy Terrain
|-heal|p2a: Rillaboom|85/100|[from] item: Leftovers
|-damage|p1a: Tornadus|57/100 brn|[from] brn
|upkeep
|turn|17
|
|t:|1667672404
|switch|p1a: Buzzwole|Buzzwole|77/100 par
|-damage|p1a: Buzzwole|64/100 par|[from] Stealth Rock
|move|p2a: Rillaboom|Protect||[still]
|-fail|p2a: Rillaboom
|
|-weather|Sandstorm|[upkeep]
|-damage|p2a: Rillaboom|79/100|[from] Sandstorm
|-damage|p1a: Buzzwole|58/100 par|[from] Sandstorm
|-heal|p2a: Rillaboom|85/100|[from] Grassy Terrain
|-heal|p2a: Rillaboom|92/100|[from] item: Leftovers
|-heal|p1a: Buzzwole|64/100 par|[from] Grassy Terrain
|upkeep
|turn|18
|
|t:|1667672413
|move|p2a: Rillaboom|U-turn|p1a: Buzzwole
|-resisted|p1a: Buzzwole
|-damage|p1a: Buzzwole|60/100 par
|
|t:|1667672415
|switch|p2a: Volcarona|Volcarona, M|76/100|[from]move: U-turn
|cant|p1a: Buzzwole|par
|
|-weather|none
|-heal|p2a: Volcarona|82/100|[from] Grassy Terrain
|-heal|p1a: Buzzwole|66/100 par|[from] Grassy Terrain
|upkeep
|turn|19
|
|t:|1667672424
|switch|p1a: Tyranitar|Tyranitar, F|20/100
|-damage|p1a: Tyranitar|7/100|[from] Stealth Rock
|-weather|Sandstorm|[from] ability: Sand Stream|[of] p1a: Tyranitar
|move|p2a: Volcarona|Quiver Dance|p2a: Volcarona
|-boost|p2a: Volcarona|spa|1
|-boost|p2a: Volcarona|spd|1
|-boost|p2a: Volcarona|spe|1
|
|-weather|Sandstorm|[upkeep]
|-damage|p2a: Volcarona|76/100|[from] Sandstorm
|-heal|p2a: Volcarona|82/100|[from] Grassy Terrain
|-heal|p1a: Tyranitar|13/100|[from] Grassy Terrain
|upkeep
|turn|20
|
|t:|1667672429
|move|p2a: Volcarona|Fiery Dance|p1a: Tyranitar
|-resisted|p1a: Tyranitar
|-damage|p1a: Tyranitar|0 fnt
|-boost|p2a: Volcarona|spa|1
|faint|p1a: Tyranitar
|
|-weather|Sandstorm|[upkeep]
|-damage|p2a: Volcarona|76/100|[from] Sandstorm
|-heal|p2a: Volcarona|82/100|[from] Grassy Terrain
|-fieldend|move: Grassy Terrain
|upkeep
|
|t:|1667672433
|switch|p1a: Excadrill|Excadrill, F|100/100
|-damage|p1a: Excadrill|97/100|[from] Stealth Rock
|-item|p1a: Excadrill|Air Balloon
|turn|21
|
|t:|1667672448
|switch|p2a: Tornadus|Tornadus-Therian, M|61/100
|-damage|p2a: Tornadus|36/100|[from] Stealth Rock
|move|p1a: Excadrill|Earthquake|p2a: Tornadus
|-immune|p2a: Tornadus
|
|-weather|Sandstorm|[upkeep]
|-damage|p2a: Tornadus|30/100|[from] Sandstorm
|upkeep
|turn|22
|
|t:|1667672453
|move|p1a: Excadrill|Iron Head|p2a: Tornadus
|-damage|p2a: Tornadus|0 fnt
|faint|p2a: Tornadus
|
|-weather|Sandstorm|[upkeep]
|upkeep
|
|t:|1667672456
|switch|p2a: Rillaboom|Rillaboom, F|92/100
|-damage|p2a: Rillaboom|79/100|[from] Stealth Rock
|-fieldstart|move: Grassy Terrain|[from] ability: Grassy Surge|[of] p2a: Rillaboom
|turn|23
|
|t:|1667672470
|move|p2a: Rillaboom|Grassy Glide|p1a: Excadrill
|-damage|p1a: Excadrill|41/100
|-enditem|p1a: Excadrill|Air Balloon
|move|p1a: Excadrill|Iron Head|p2a: Rillaboom
|-damage|p2a: Rillaboom|49/100
|
|-weather|none
|-heal|p1a: Excadrill|48/100|[from] Grassy Terrain
|-heal|p2a: Rillaboom|55/100|[from] Grassy Terrain
|-heal|p2a: Rillaboom|62/100|[from] item: Leftovers
|upkeep
|turn|24
|
|t:|1667672478
|switch|p1a: Buzzwole|Buzzwole|66/100 par
|-damage|p1a: Buzzwole|53/100 par|[from] Stealth Rock
|move|p2a: Rillaboom|Grassy Glide|p1a: Buzzwole
|-resisted|p1a: Buzzwole
|-damage|p1a: Buzzwole|44/100 par
|
|-heal|p2a: Rillaboom|68/100|[from] Grassy Terrain
|-heal|p2a: Rillaboom|74/100|[from] item: Leftovers
|-heal|p1a: Buzzwole|50/100 par|[from] Grassy Terrain
|upkeep
|turn|25
|
|t:|1667672483
|switch|p1a: Clefable|Clefable, M|80/100
|-damage|p1a: Clefable|68/100|[from] Stealth Rock
|move|p2a: Rillaboom|Protect||[still]
|-fail|p2a: Rillaboom
|
|-heal|p2a: Rillaboom|80/100|[from] Grassy Terrain
|-heal|p2a: Rillaboom|86/100|[from] item: Leftovers
|-heal|p1a: Clefable|74/100|[from] Grassy Terrain
|upkeep
|turn|26
|
|t:|1667672496
|move|p2a: Rillaboom|U-turn|p1a: Clefable
|-resisted|p1a: Clefable
|-damage|p1a: Clefable|66/100
|
|t:|1667672499
|switch|p2a: Volcarona|Volcarona, M|82/100|[from]move: U-turn
|move|p1a: Clefable|Soft-Boiled|p1a: Clefable
|-heal|p1a: Clefable|100/100
|
|-heal|p2a: Volcarona|88/100|[from] Grassy Terrain
|upkeep
|turn|27
|
|t:|1667672503
|switch|p1a: Tornadus|Tornadus-Therian, M|91/100 brn
|-damage|p1a: Tornadus|66/100 brn|[from] Stealth Rock
|move|p2a: Volcarona|Quiver Dance|p2a: Volcarona
|-boost|p2a: Volcarona|spa|1
|-boost|p2a: Volcarona|spd|1
|-boost|p2a: Volcarona|spe|1
|
|-heal|p2a: Volcarona|94/100|[from] Grassy Terrain
|-damage|p1a: Tornadus|60/100 brn|[from] brn
|-fieldend|move: Grassy Terrain
|upkeep
|turn|28
|
|t:|1667672508
|move|p2a: Volcarona|Quiver Dance|p2a: Volcarona
|-boost|p2a: Volcarona|spa|1
|-boost|p2a: Volcarona|spd|1
|-boost|p2a: Volcarona|spe|1
|move|p1a: Tornadus|Hurricane|p2a: Volcarona|[miss]
|-miss|p1a: Tornadus|p2a: Volcarona
|
|-damage|p1a: Tornadus|53/100 brn|[from] brn
|upkeep
|turn|29
|
|t:|1667672514
|move|p2a: Volcarona|Fiery Dance|p1a: Tornadus
|-damage|p1a: Tornadus|0 fnt
|faint|p1a: Tornadus
|
|upkeep
|
|t:|1667672520
|switch|p1a: Clefable|Clefable, M|100/100
|-damage|p1a: Clefable|88/100|[from] Stealth Rock
|turn|30
|
|t:|1667672523
|move|p2a: Volcarona|Will-O-Wisp|p1a: Clefable|[miss]
|-miss|p2a: Volcarona|p1a: Clefable
|move|p1a: Clefable|Moonblast|p2a: Volcarona
|-resisted|p2a: Volcarona
|-damage|p2a: Volcarona|80/100
|-unboost|p2a: Volcarona|spa|1
|
|upkeep
|turn|31
|
|t:|1667672530
|move|p2a: Volcarona|Will-O-Wisp|p1a: Clefable
|-status|p1a: Clefable|brn
|move|p1a: Clefable|Moonblast|p2a: Volcarona
|-resisted|p2a: Volcarona
|-damage|p2a: Volcarona|66/100
|
|-damage|p1a: Clefable|82/100 brn|[from] brn
|upkeep
|turn|32
|
|t:|1667672538
|move|p2a: Volcarona|Fiery Dance|p1a: Clefable
|-damage|p1a: Clefable|52/100 brn
|-boost|p2a: Volcarona|spa|1
|move|p1a: Clefable|Moonblast|p2a: Volcarona
|-resisted|p2a: Volcarona
|-damage|p2a: Volcarona|53/100
|
|-damage|p1a: Clefable|46/100 brn|[from] brn
|upkeep
|turn|33
|
|t:|1667672541
|move|p2a: Volcarona|Quiver Dance|p2a: Volcarona
|-boost|p2a: Volcarona|spa|1
|-boost|p2a: Volcarona|spd|1
|-boost|p2a: Volcarona|spe|1
|move|p1a: Clefable|Soft-Boiled|p1a: Clefable
|-heal|p1a: Clefable|96/100 brn
|
|-damage|p1a: Clefable|90/100 brn|[from] brn
|upkeep
|turn|34
|
|t:|1667672544
|move|p2a: Volcarona|Quiver Dance|p2a: Volcarona
|-boost|p2a: Volcarona|spa|1
|-boost|p2a: Volcarona|spd|1
|-boost|p2a: Volcarona|spe|1
|move|p1a: Clefable|Moonblast|p2a: Volcarona
|-resisted|p2a: Volcarona
|-damage|p2a: Volcarona|39/100
|
|-damage|p1a: Clefable|84/100 brn|[from] brn
|upkeep
|turn|35
|
|t:|1667672548
|move|p2a: Volcarona|Fiery Dance|p1a: Clefable
|-damage|p1a: Clefable|54/100 brn
|-boost|p2a: Volcarona|spa|1
|move|p1a: Clefable|Moonblast|p2a: Volcarona
|-resisted|p2a: Volcarona
|-damage|p2a: Volcarona|25/100
|
|-damage|p1a: Clefable|48/100 brn|[from] brn
|upkeep
|turn|36
|
|t:|1667672555
|move|p2a: Volcarona|Roost|p2a: Volcarona
|-heal|p2a: Volcarona|75/100
|-singleturn|p2a: Volcarona|move: Roost
|move|p1a: Clefable|Soft-Boiled|p1a: Clefable
|-heal|p1a: Clefable|98/100 brn
|
|-damage|p1a: Clefable|92/100 brn|[from] brn
|upkeep
|turn|37
|
|t:|1667672559
|move|p2a: Volcarona|Fiery Dance|p1a: Clefable
|-crit|p1a: Clefable
|-damage|p1a: Clefable|48/100 brn
|-boost|p2a: Volcarona|spa|1
|move|p1a: Clefable|Moonblast|p2a: Volcarona
|-resisted|p2a: Volcarona
|-damage|p2a: Volcarona|60/100
|
|-damage|p1a: Clefable|42/100 brn|[from] brn
|upkeep
|turn|38
|
|t:|1667672566
|move|p2a: Volcarona|Quiver Dance|p2a: Volcarona
|-boost|p2a: Volcarona|spa|0
|-boost|p2a: Volcarona|spd|1
|-boost|p2a: Volcarona|spe|1
|move|p1a: Clefable|Soft-Boiled|p1a: Clefable
|-heal|p1a: Clefable|92/100 brn
|
|-damage|p1a: Clefable|86/100 brn|[from] brn
|upkeep
|turn|39
|
|t:|1667672573
|move|p2a: Volcarona|Quiver Dance|p2a: Volcarona
|-boost|p2a: Volcarona|spa|0
|-boost|p2a: Volcarona|spd|1
|-boost|p2a: Volcarona|spe|1
|move|p1a: Clefable|Moonblast|p2a: Volcarona
|-resisted|p2a: Volcarona
|-damage|p2a: Volcarona|46/100
|-unboost|p2a: Volcarona|spa|1
|
|-damage|p1a: Clefable|80/100 brn|[from] brn
|upkeep
|turn|40
|
|t:|1667672581
|move|p2a: Volcarona|Roost|p2a: Volcarona
|-heal|p2a: Volcarona|96/100
|-singleturn|p2a: Volcarona|move: Roost
|move|p1a: Clefable|Moonblast|p2a: Volcarona
|-resisted|p2a: Volcarona
|-damage|p2a: Volcarona|82/100
|-unboost|p2a: Volcarona|spa|1
|
|-damage|p1a: Clefable|74/100 brn|[from] brn
|upkeep
|turn|41
|
|t:|1667672588
|move|p2a: Volcarona|Quiver Dance|p2a: Volcarona
|-boost|p2a: Volcarona|spa|1
|-boost|p2a: Volcarona|spd|0
|-boost|p2a: Volcarona|spe|0
|move|p1a: Clefable|Moonblast|p2a: Volcarona
|-resisted|p2a: Volcarona
|-damage|p2a: Volcarona|68/100
|-unboost|p2a: Volcarona|spa|1
|
|-damage|p1a: Clefable|68/100 brn|[from] brn
|upkeep
|turn|42
|
|t:|1667672602
|move|p2a: Volcarona|Quiver Dance|p2a: Volcarona
|-boost|p2a: Volcarona|spa|1
|-boost|p2a: Volcarona|spd|0
|-boost|p2a: Volcarona|spe|0
|move|p1a: Clefable|Moonblast|p2a: Volcarona
|-resisted|p2a: Volcarona
|-damage|p2a: Volcarona|54/100
|
|-damage|p1a: Clefable|61/100 brn|[from] brn
|upkeep
|turn|43
|
|t:|1667672606
|move|p2a: Volcarona|Quiver Dance|p2a: Volcarona
|-boost|p2a: Volcarona|spa|1
|-boost|p2a: Volcarona|spd|0
|-boost|p2a: Volcarona|spe|0
|move|p1a: Clefable|Moonblast|p2a: Volcarona
|-resisted|p2a: Volcarona
|-damage|p2a: Volcarona|40/100
|-unboost|p2a: Volcarona|spa|1
|
|-damage|p1a: Clefable|55/100 brn|[from] brn
|upkeep
|turn|44
|
|t:|1667672612
|move|p2a: Volcarona|Roost|p2a: Volcarona
|-heal|p2a: Volcarona|90/100
|-singleturn|p2a: Volcarona|move: Roost
|move|p1a: Clefable|Soft-Boiled|p1a: Clefable
|-heal|p1a: Clefable|100/100 brn
|
|-damage|p1a: Clefable|94/100 brn|[from] brn
|upkeep
|turn|45
|
|t:|1667672623
|move|p2a: Volcarona|Will-O-Wisp|p1a: Clefable|[miss]
|-miss|p2a: Volcarona|p1a: Clefable
|move|p1a: Clefable|Moonblast|p2a: Volcarona
|-resisted|p2a: Volcarona
|-damage|p2a: Volcarona|76/100
|-unboost|p2a: Volcarona|spa|1
|
|-damage|p1a: Clefable|88/100 brn|[from] brn
|upkeep
|turn|46
|
|t:|1667672630
|move|p2a: Volcarona|Will-O-Wisp|p1a: Clefable
|-fail|p1a: Clefable|brn
|move|p1a: Clefable|Flamethrower|p2a: Volcarona
|-damage|p2a: Volcarona|59/100
|
|-damage|p1a: Clefable|82/100 brn|[from] brn
|upkeep
|turn|47
|
|t:|1667672637
|move|p2a: Volcarona|Will-O-Wisp|p1a: Clefable
|-fail|p1a: Clefable|brn
|move|p1a: Clefable|Flamethrower|p2a: Volcarona
|-damage|p2a: Volcarona|43/100
|
|-damage|p1a: Clefable|76/100 brn|[from] brn
|upkeep
|turn|48
|
|t:|1667672644
|move|p2a: Volcarona|Roost|p2a: Volcarona
|-heal|p2a: Volcarona|93/100
|-singleturn|p2a: Volcarona|move: Roost
|move|p1a: Clefable|Flamethrower|p2a: Volcarona
|-damage|p2a: Volcarona|75/100
|
|-damage|p1a: Clefable|70/100 brn|[from] brn
|upkeep
|turn|49
|
|t:|1667672650
|move|p2a: Volcarona|Will-O-Wisp|p1a: Clefable
|-fail|p1a: Clefable|brn
|move|p1a: Clefable|Stealth Rock||[still]
|-fail|p1a: Clefable
|
|-damage|p1a: Clefable|64/100 brn|[from] brn
|upkeep
|turn|50
|
|t:|1667672653
|move|p2a: Volcarona|Quiver Dance|p2a: Volcarona
|-boost|p2a: Volcarona|spa|1
|-boost|p2a: Volcarona|spd|0
|-boost|p2a: Volcarona|spe|0
|move|p1a: Clefable|Stealth Rock||[still]
|-fail|p1a: Clefable
|
|-damage|p1a: Clefable|58/100 brn|[from] brn
|upkeep
|turn|51
|
|t:|1667672657
|move|p2a: Volcarona|Fiery Dance|p1a: Clefable
|-damage|p1a: Clefable|24/100 brn
|move|p1a: Clefable|Stealth Rock||[still]
|-fail|p1a: Clefable
|
|-damage|p1a: Clefable|18/100 brn|[from] brn
|upkeep
|turn|52
|
|t:|1667672663
|move|p2a: Volcarona|Fiery Dance|p1a: Clefable
|-crit|p1a: Clefable
|-damage|p1a: Clefable|0 fnt
|faint|p1a: Clefable
|
|upkeep
|
|t:|1667672668
|switch|p1a: Slowking|Slowking, F|100/100
|turn|53
|
|t:|1667672675
|move|p2a: Volcarona|Fiery Dance|p1a: Slowking
|-resisted|p1a: Slowking
|-damage|p1a: Slowking|66/100
|move|p1a: Slowking|Scald|p2a: Volcarona
|-supereffective|p2a: Volcarona
|-crit|p2a: Volcarona
|-damage|p2a: Volcarona|1/100
|
|upkeep
|turn|54
|
|t:|1667672682
|move|p2a: Volcarona|Roost|p2a: Volcarona
|-heal|p2a: Volcarona|51/100
|-singleturn|p2a: Volcarona|move: Roost
|move|p1a: Slowking|Scald|p2a: Volcarona
|-supereffective|p2a: Volcarona
|-damage|p2a: Volcarona|38/100
|
|upkeep
|turn|55
|
|t:|1667672688
|move|p2a: Volcarona|Roost|p2a: Volcarona
|-heal|p2a: Volcarona|88/100
|-singleturn|p2a: Volcarona|move: Roost
|move|p1a: Slowking|Scald|p2a: Volcarona
|-supereffective|p2a: Volcarona
|-damage|p2a: Volcarona|75/100
|
|upkeep
|turn|56
|
|t:|1667672695
|move|p2a: Volcarona|Roost|p2a: Volcarona
|-heal|p2a: Volcarona|100/100
|-singleturn|p2a: Volcarona|move: Roost
|move|p1a: Slowking|Scald|p2a: Volcarona
|-supereffective|p2a: Volcarona
|-damage|p2a: Volcarona|88/100
|
|upkeep
|turn|57
|
|t:|1667672700
|move|p2a: Volcarona|Fiery Dance|p1a: Slowking
|-resisted|p1a: Slowking
|-damage|p1a: Slowking|31/100
|move|p1a: Slowking|Future Sight|p2a: Volcarona
|-start|p1a: Slowking|move: Future Sight
|
|upkeep
|turn|58
|
|t:|1667672706
|move|p2a: Volcarona|Fiery Dance|p1a: Slowking
|-resisted|p1a: Slowking
|-damage|p1a: Slowking|0 fnt
|faint|p1a: Slowking
|
|upkeep
|-message|hifbi66 forfeited.
|
|win|crescendoww
|raw|hifbi66's rating: 1454 &rarr; <strong>1439</strong><br />(-15 for losing)
|raw|crescendoww's rating: 1534 &rarr; <strong>1549</strong><br />(+15 for winning)
|l|☆hifbi66
