|raw|<div class="broadcast-blue"><strong>This battle is required to be public due to a player having a name starting with 'lt94je'.</div>
|j|‽LT94JE Liou
|j|☆wish kisser
|t:|1661559984
|gametype|singles
|player|p1|LT94JE Liou|lance-masters|1901
|player|p2|wish kisser|ethan|1944
|teamsize|p1|6
|teamsize|p2|6
|gen|8
|tier|[Gen 8] OU
|rated|
|rule|Sleep Clause Mod: Limit one foe put to sleep
|rule|Species Clause: Limit one of each Pokémon
|rule|OHKO Clause: OHKO moves are banned
|rule|Evasion Items Clause: Evasion items are banned
|rule|Evasion Moves Clause: Evasion moves are banned
|rule|Endless Battle Clause: Forcing endless battles is banned
|rule|HP Percentage Mod: HP is shown in percentages
|rule|Dynamax Clause: You cannot dynamax
|clearpoke
|poke|p1|Slowking, M|
|poke|p1|Buzzwole|
|poke|p1|Garchomp, M|
|poke|p1|Tornadus-Therian, M|
|poke|p1|Melmetal|
|poke|p1|Tapu Koko|
|poke|p2|Urshifu-*, F|
|poke|p2|Tyranitar, F|
|poke|p2|Excadrill, F|
|poke|p2|Zapdos|
|poke|p2|Ferrothorn, M|
|poke|p2|Tapu Lele|
|teampreview
|inactive|Battle timer is ON: inactive players will automatically lose when time's up. (requested by LT94JE Liou)
|c|☆wish kisser|hf
|inactive|LT94JE Liou has 120 seconds left.
|inactive|wish kisser has 120 seconds left.
|
|t:|1661560032
|start
|switch|p1a: Garchomp|Garchomp, M|100/100
|switch|p2a: Tapu Lele|Tapu Lele, shiny|100/100
|-fieldstart|move: Psychic Terrain|[from] ability: Psychic Surge|[of] p2a: Tapu Lele
|turn|1
|
|t:|1661560048
|switch|p1a: Slowking|Slowking, M|100/100
|move|p2a: Tapu Lele|Moonblast|p1a: Slowking
|-damage|p1a: Slowking|69/100
|
|upkeep
|turn|2
|
|t:|1661560059
|switch|p2a: Tyranitar|Tyranitar, F|100/100
|-weather|Sandstorm|[from] ability: Sand Stream|[of] p2a: Tyranitar
|move|p1a: Slowking|Future Sight|p2a: Tyranitar
|-start|p1a: Slowking|move: Future Sight
|
|-weather|Sandstorm|[upkeep]
|-damage|p1a: Slowking|63/100|[from] Sandstorm
|upkeep
|turn|3
|
|t:|1661560063
|switch|p1a: Buzzwole|Buzzwole|100/100
|move|p2a: Tyranitar|Crunch|p1a: Buzzwole
|-resisted|p1a: Buzzwole
|-damage|p1a: Buzzwole|76/100
|
|-weather|Sandstorm|[upkeep]
|-damage|p1a: Buzzwole|70/100|[from] Sandstorm
|upkeep
|turn|4
|j| Kenoken
|
|t:|1661560090
|switch|p2a: Zapdos|Zapdos|100/100
|move|p1a: Buzzwole|Close Combat|p2a: Zapdos
|-resisted|p2a: Zapdos
|-damage|p2a: Zapdos|61/100
|-unboost|p1a: Buzzwole|def|1
|-unboost|p1a: Buzzwole|spd|1
|
|-weather|Sandstorm|[upkeep]
|-damage|p2a: Zapdos|55/100|[from] Sandstorm
|-damage|p1a: Buzzwole|64/100|[from] Sandstorm
|-end|p2a: Zapdos|move: Future Sight
|-damage|p2a: Zapdos|0 fnt
|faint|p2a: Zapdos
|upkeep
|j| leona misa
|j| LT94JE Tace
|j| Kvn Mirit
|
|t:|1661560097
|switch|p2a: Tapu Lele|Tapu Lele, shiny|100/100
|turn|5
|inactive|LT94JE Liou has 120 seconds left.
|j| cocoon333
|
|t:|1661560128
|switch|p1a: Slowking|Slowking, M|96/100
|move|p2a: Tapu Lele|Moonblast|p1a: Slowking
|-damage|p1a: Slowking|63/100
|-unboost|p1a: Slowking|spa|1
|
|-weather|Sandstorm|[upkeep]
|-damage|p2a: Tapu Lele|94/100|[from] Sandstorm
|-damage|p1a: Slowking|57/100|[from] Sandstorm
|-fieldend|move: Psychic Terrain
|upkeep
|turn|6
|j| cawrson
|l| cawrson
|
|t:|1661560141
|switch|p2a: Ferrothorn|Ferrothorn, M|100/100
|move|p1a: Slowking|Teleport|p1a: Slowking
|
|t:|1661560146
|switch|p1a: Buzzwole|Buzzwole|64/100|[from]move: Teleport
|
|-weather|none
|upkeep
|turn|7
|inactive|LT94JE Liou has 120 seconds left.
|
|t:|1661560156
|switch|p2a: Tapu Lele|Tapu Lele, shiny|94/100
|-fieldstart|move: Psychic Terrain|[from] ability: Psychic Surge|[of] p2a: Tapu Lele
|move|p1a: Buzzwole|Leech Life|p2a: Tapu Lele
|-damage|p2a: Tapu Lele|0 fnt
|-heal|p1a: Buzzwole|99/100|[from] drain|[of] p2a: Tapu Lele
|faint|p2a: Tapu Lele
|-ability|p1a: Buzzwole|Beast Boost|boost
|-boost|p1a: Buzzwole|atk|1
|
|upkeep
|c|☆wish kisser|omg
|c|☆wish kisser|gg
|-message|wish kisser forfeited.
|
|win|LT94JE Liou
|raw|LT94JE Liou's rating: 1901 &rarr; <strong>1923</strong><br />(+22 for winning)
|raw|wish kisser's rating: 1944 &rarr; <strong>1922</strong><br />(-22 for losing)
|l| leona misa
|l|☆wish kisser
|l| LT94JE Tace
|l|‽LT94JE Liou
|l| Kvn Mirit
||Ladder isn't responding, score probably updated but might not have (Request timeout).
|l| cocoon333
|j| LT94JE wafflesurf
|l| LT94JE wafflesurf
