|j|☆minimax_ai
|j|☆Suricata2000
|t:|1662008847
|gametype|singles
|player|p1|minimax_ai|lusamine-nihilego|1656
|player|p2|Suricata2000|cynthia|1710
|teamsize|p1|6
|teamsize|p2|6
|gen|8
|tier|[Gen 8] OU
|rated|
|rule|Sleep Clause Mod: Limit one foe put to sleep
|rule|Species Clause: Limit one of each Pokémon
|rule|OHKO Clause: OHKO moves are banned
|rule|Evasion Items Clause: Evasion items are banned
|rule|Evasion Moves Clause: Evasion moves are banned
|rule|Endless Battle Clause: Forcing endless battles is banned
|rule|HP Percentage Mod: HP is shown in percentages
|rule|Dynamax Clause: You cannot dynamax
|clearpoke
|poke|p1|Rotom-Wash|
|poke|p1|Weavile, M|
|poke|p1|Landorus-Therian, M|
|poke|p1|Heatran, M|
|poke|p1|Tangrowth, F|
|poke|p1|Melmetal|
|poke|p2|Zapdos|
|poke|p2|Ferrothorn, M|
|poke|p2|Tyranitar, F|
|poke|p2|Excadrill, M|
|poke|p2|Tapu Lele|
|poke|p2|Urshifu-*, M|
|teampreview
|c|☆minimax_ai|hf
|inactive|Battle timer is ON: inactive players will automatically lose when time's up. (requested by minimax_ai)
|j| Lucky34444
|
|t:|1662008874
|start
|switch|p1a: landorustherian|Landorus-Therian, M|100/100
|switch|p2a: Ferrothorn|Ferrothorn, M|100/100
|-ability|p1a: landorustherian|Intimidate|boost
|-unboost|p2a: Ferrothorn|atk|1
|turn|1
|j| Jongruenwald
|
|t:|1662008896
|move|p1a: landorustherian|Earthquake|p2a: Ferrothorn
|-damage|p2a: Ferrothorn|64/100
|move|p2a: Ferrothorn|Stealth Rock|p1a: landorustherian
|-sidestart|p1: minimax_ai|move: Stealth Rock
|
|-heal|p2a: Ferrothorn|70/100|[from] item: Leftovers
|upkeep
|turn|2
|
|t:|1662008903
|move|p1a: landorustherian|Defog|p2a: Ferrothorn
|-unboost|p2a: Ferrothorn|evasion|1
|-sideend|p1: minimax_ai|Stealth Rock|[from] move: Defog|[of] p1a: landorustherian
|move|p2a: Ferrothorn|Leech Seed|p1a: landorustherian
|-start|p1a: landorustherian|move: Leech Seed
|
|-heal|p2a: Ferrothorn|76/100|[from] item: Leftovers
|-damage|p1a: landorustherian|88/100|[from] Leech Seed|[of] p2a: Ferrothorn
|-heal|p2a: Ferrothorn|89/100|[silent]
|upkeep
|turn|3
|
|t:|1662008913
|switch|p1a: Heatran|Heatran, M|100/100
|-item|p1a: Heatran|Air Balloon
|move|p2a: Ferrothorn|Knock Off|p1a: Heatran
|-damage|p1a: Heatran|86/100
|-enditem|p1a: Heatran|Air Balloon
|
|-heal|p2a: Ferrothorn|95/100|[from] item: Leftovers
|upkeep
|turn|4
|
|t:|1662008926
|switch|p2a: Tyranitar|Tyranitar, F|100/100
|-weather|Sandstorm|[from] ability: Sand Stream|[of] p2a: Tyranitar
|move|p1a: Heatran|Stealth Rock|p2a: Tyranitar
|-sidestart|p2: Suricata2000|move: Stealth Rock
|
|-weather|Sandstorm|[upkeep]
|upkeep
|turn|5
|
|t:|1662008943
|switch|p1a: Tangrowth|Tangrowth, F|100/100
|move|p2a: Tyranitar|Ice Punch|p1a: Tangrowth
|-supereffective|p1a: Tangrowth
|-damage|p1a: Tangrowth|58/100
|-damage|p2a: Tyranitar|84/100|[from] item: Rocky Helmet|[of] p1a: Tangrowth
|
|-weather|Sandstorm|[upkeep]
|-damage|p1a: Tangrowth|52/100|[from] Sandstorm
|upkeep
|turn|6
|
|t:|1662008961
|switch|p2a: Zapdos|Zapdos|100/100
|switch|p1a: Melmetal|Melmetal|100/100
|
|-weather|Sandstorm|[upkeep]
|-damage|p2a: Zapdos|94/100|[from] Sandstorm
|upkeep
|turn|7
|
|t:|1662008970
|move|p2a: Zapdos|Heat Wave|p1a: Melmetal
|-supereffective|p1a: Melmetal
|-damage|p1a: Melmetal|72/100
|move|p1a: Melmetal|Thunder Punch|p2a: Zapdos
|-damage|p2a: Zapdos|67/100
|
|-weather|Sandstorm|[upkeep]
|-damage|p2a: Zapdos|61/100|[from] Sandstorm
|upkeep
|turn|8
|
|t:|1662008980
|move|p2a: Zapdos|Volt Switch|p1a: Melmetal
|-damage|p1a: Melmetal|56/100
|
|t:|1662008987
|switch|p2a: Ferrothorn|Ferrothorn, M|95/100|[from]move: Volt Switch
|-damage|p2a: Ferrothorn|89/100|[from] Stealth Rock
|move|p1a: Melmetal|Ice Punch|p2a: Ferrothorn
|-damage|p2a: Ferrothorn|66/100
|-damage|p1a: Melmetal|44/100|[from] ability: Iron Barbs|[of] p2a: Ferrothorn
|
|-weather|none
|-heal|p2a: Ferrothorn|72/100|[from] item: Leftovers
|upkeep
|turn|9
|
|t:|1662009000
|switch|p2a: Zapdos|Zapdos|61/100
|move|p1a: Melmetal|Ice Punch|p2a: Zapdos
|-supereffective|p2a: Zapdos
|-damage|p2a: Zapdos|8/100
|
|upkeep
|turn|10
|
|t:|1662009009
|move|p2a: Zapdos|Roost|p2a: Zapdos
|-heal|p2a: Zapdos|58/100
|-singleturn|p2a: Zapdos|move: Roost
|move|p1a: Melmetal|Ice Punch|p2a: Zapdos
|-damage|p2a: Zapdos|30/100
|
|upkeep
|turn|11
|
|t:|1662009016
|move|p2a: Zapdos|Roost|p2a: Zapdos
|-heal|p2a: Zapdos|80/100
|-singleturn|p2a: Zapdos|move: Roost
|move|p1a: Melmetal|Ice Punch|p2a: Zapdos
|-damage|p2a: Zapdos|52/100
|-status|p1a: Melmetal|par|[from] ability: Static|[of] p2a: Zapdos
|
|upkeep
|turn|12
|
|t:|1662009026
|move|p2a: Zapdos|Roost|p2a: Zapdos
|-heal|p2a: Zapdos|100/100
|-singleturn|p2a: Zapdos|move: Roost
|move|p1a: Melmetal|Ice Punch|p2a: Zapdos
|-damage|p2a: Zapdos|72/100
|
|upkeep
|turn|13
|
|t:|1662009036
|move|p2a: Zapdos|Heat Wave|p1a: Melmetal
|-supereffective|p1a: Melmetal
|-damage|p1a: Melmetal|17/100 par
|move|p1a: Melmetal|Ice Punch|p2a: Zapdos
|-supereffective|p2a: Zapdos
|-damage|p2a: Zapdos|18/100
|
|upkeep
|turn|14
|
|t:|1662009044
|move|p2a: Zapdos|Roost|p2a: Zapdos
|-heal|p2a: Zapdos|68/100
|-singleturn|p2a: Zapdos|move: Roost
|move|p1a: Melmetal|Ice Punch|p2a: Zapdos
|-damage|p2a: Zapdos|40/100
|
|upkeep
|turn|15
|
|t:|1662009053
|move|p2a: Zapdos|Roost|p2a: Zapdos
|-heal|p2a: Zapdos|90/100
|-singleturn|p2a: Zapdos|move: Roost
|move|p1a: Melmetal|Ice Punch|p2a: Zapdos
|-damage|p2a: Zapdos|64/100
|
|upkeep
|turn|16
|
|t:|1662009061
|move|p2a: Zapdos|Volt Switch|p1a: Melmetal
|-damage|p1a: Melmetal|2/100 par
|
|t:|1662009068
|switch|p2a: Urshifu|Urshifu-Rapid-Strike, M|100/100|[from]move: Volt Switch
|-damage|p2a: Urshifu|94/100|[from] Stealth Rock
|move|p1a: Melmetal|Ice Punch|p2a: Urshifu
|-resisted|p2a: Urshifu
|-crit|p2a: Urshifu
|-damage|p2a: Urshifu|67/100
|
|upkeep
|turn|17
|
|t:|1662009081
|switch|p1a: Tangrowth|Tangrowth, F|85/100
|move|p2a: Urshifu|U-turn|p1a: Tangrowth
|-supereffective|p1a: Tangrowth
|-damage|p1a: Tangrowth|60/100
|
|t:|1662009097
|switch|p2a: Tapu Lele|Tapu Lele|100/100|[from]move: U-turn
|-damage|p2a: Tapu Lele|88/100|[from] Stealth Rock
|-fieldstart|move: Psychic Terrain|[from] ability: Psychic Surge|[of] p2a: Tapu Lele
|
|upkeep
|turn|18
|
|t:|1662009108
|switch|p1a: Melmetal|Melmetal|2/100 par
|move|p2a: Tapu Lele|Psyshock|p1a: Melmetal
|-resisted|p1a: Melmetal
|-damage|p1a: Melmetal|0 fnt
|faint|p1a: Melmetal
|
|upkeep
|
|t:|1662009108
|switch|p1a: Weavile|Weavile, M|100/100
|-ability|p1a: Weavile|Pressure
|turn|19
|
|t:|1662009131
|switch|p2a: Urshifu|Urshifu-Rapid-Strike, M|67/100
|-damage|p2a: Urshifu|61/100|[from] Stealth Rock
|move|p1a: Weavile|Triple Axel|p2a: Urshifu
|-resisted|p2a: Urshifu
|-damage|p2a: Urshifu|53/100
|-resisted|p2a: Urshifu
|-damage|p2a: Urshifu|38/100
|-resisted|p2a: Urshifu
|-damage|p2a: Urshifu|17/100
|-hitcount|p2a: Urshifu|3
|
|upkeep
|turn|20
|
|t:|1662009143
|move|p1a: Weavile|Triple Axel|p2a: Urshifu
|-resisted|p2a: Urshifu
|-damage|p2a: Urshifu|9/100
|-resisted|p2a: Urshifu
|-damage|p2a: Urshifu|0 fnt
|faint|p2a: Urshifu
|-hitcount|p2: Urshifu|2
|
|upkeep
|inactive|Suricata2000 has 120 seconds left.
|
|t:|1662009160
|switch|p2a: Tapu Lele|Tapu Lele|88/100
|-damage|p2a: Tapu Lele|76/100|[from] Stealth Rock
|turn|21
|inactive|Suricata2000 has 120 seconds left.
|
|t:|1662009166
|move|p2a: Tapu Lele|Focus Blast|p1a: Weavile
|-supereffective|p1a: Weavile
|-damage|p1a: Weavile|0 fnt
|faint|p1a: Weavile
|
|-fieldend|move: Psychic Terrain
|upkeep
|
|t:|1662009167
|switch|p1a: landorustherian|Landorus-Therian, M|88/100
|-ability|p1a: landorustherian|Intimidate|boost
|-unboost|p2a: Tapu Lele|atk|1
|turn|22
|
|t:|1662009178
|switch|p2a: Zapdos|Zapdos|64/100
|move|p1a: landorustherian|Earthquake|p2a: Zapdos
|-immune|p2a: Zapdos
|
|-heal|p1a: landorustherian|94/100|[from] item: Leftovers
|upkeep
|turn|23
|
|t:|1662009188
|move|p2a: Zapdos|Toxic|p1a: landorustherian|[miss]
|-miss|p2a: Zapdos|p1a: landorustherian
|move|p1a: landorustherian|Toxic|p2a: Zapdos
|-status|p2a: Zapdos|tox
|
|-heal|p1a: landorustherian|99/100|[from] item: Leftovers
|-damage|p2a: Zapdos|58/100 tox|[from] psn
|upkeep
|turn|24
|
|t:|1662009200
|move|p2a: Zapdos|Roost|p2a: Zapdos
|-heal|p2a: Zapdos|100/100 tox
|-singleturn|p2a: Zapdos|move: Roost
|move|p1a: landorustherian|U-turn|p2a: Zapdos
|-damage|p2a: Zapdos|84/100 tox
|-status|p1a: landorustherian|par|[from] ability: Static|[of] p2a: Zapdos
|
|t:|1662009200
|switch|p1a: Heatran|Heatran, M|86/100|[from]move: U-turn
|
|-damage|p2a: Zapdos|72/100 tox|[from] psn
|upkeep
|turn|25
|
|t:|1662009218
|switch|p2a: Tyranitar|Tyranitar, F|84/100
|-damage|p2a: Tyranitar|72/100|[from] Stealth Rock
|-weather|Sandstorm|[from] ability: Sand Stream|[of] p2a: Tyranitar
|move|p1a: Heatran|Eruption|p2a: Tyranitar
|-resisted|p2a: Tyranitar
|-damage|p2a: Tyranitar|54/100
|
|-weather|Sandstorm|[upkeep]
|upkeep
|turn|26
|
|t:|1662009230
|switch|p1a: Tangrowth|Tangrowth, F|93/100
|move|p2a: Tyranitar|Stone Edge|p1a: Tangrowth|[miss]
|-miss|p2a: Tyranitar|p1a: Tangrowth
|
|-weather|Sandstorm|[upkeep]
|-damage|p1a: Tangrowth|87/100|[from] Sandstorm
|upkeep
|turn|27
|inactive|Suricata2000 has 120 seconds left.
|
|t:|1662009247
|switch|p2a: Ferrothorn|Ferrothorn, M|72/100
|-damage|p2a: Ferrothorn|66/100|[from] Stealth Rock
|move|p1a: Tangrowth|Knock Off|p2a: Ferrothorn
|-damage|p2a: Ferrothorn|50/100
|-damage|p1a: Tangrowth|74/100|[from] ability: Iron Barbs|[of] p2a: Ferrothorn
|-enditem|p2a: Ferrothorn|Leftovers|[from] move: Knock Off|[of] p1a: Tangrowth
|
|-weather|Sandstorm|[upkeep]
|-damage|p1a: Tangrowth|68/100|[from] Sandstorm
|upkeep
|turn|28
|j| Ctannn
|inactive|Suricata2000 has 120 seconds left.
|
|t:|1662009259
|switch|p1a: landorustherian|Landorus-Therian, M|99/100 par
|-ability|p1a: landorustherian|Intimidate|boost
|-unboost|p2a: Ferrothorn|atk|1
|move|p2a: Ferrothorn|Stealth Rock|p1a: landorustherian
|-sidestart|p1: minimax_ai|move: Stealth Rock
|
|-weather|Sandstorm|[upkeep]
|-heal|p1a: landorustherian|100/100 par|[from] item: Leftovers
|upkeep
|turn|29
|l| Jongruenwald
|inactive|Suricata2000 has 120 seconds left.
|
|t:|1662009269
|move|p1a: landorustherian|Earthquake|p2a: Ferrothorn
|-damage|p2a: Ferrothorn|12/100
|move|p2a: Ferrothorn|Leech Seed|p1a: landorustherian
|-start|p1a: landorustherian|move: Leech Seed
|
|-weather|none
|-damage|p1a: landorustherian|88/100 par|[from] Leech Seed|[of] p2a: Ferrothorn
|-heal|p2a: Ferrothorn|26/100|[silent]
|upkeep
|turn|30
|j| Jongruenwald
|
|t:|1662009279
|switch|p2a: Zapdos|Zapdos|72/100 tox
|move|p1a: landorustherian|Earthquake|p2a: Zapdos
|-immune|p2a: Zapdos
|
|-heal|p1a: landorustherian|94/100 par|[from] item: Leftovers
|-damage|p1a: landorustherian|82/100 par|[from] Leech Seed|[of] p2a: Zapdos
|-heal|p2a: Zapdos|84/100 tox|[silent]
|-damage|p2a: Zapdos|78/100 tox|[from] psn
|upkeep
|turn|31
|
|t:|1662009291
|move|p2a: Zapdos|Heat Wave|p1a: landorustherian
|-damage|p1a: landorustherian|62/100 par
|cant|p1a: landorustherian|par
|
|-heal|p1a: landorustherian|68/100 par|[from] item: Leftovers
|-damage|p1a: landorustherian|56/100 par|[from] Leech Seed|[of] p2a: Zapdos
|-heal|p2a: Zapdos|90/100 tox|[silent]
|-damage|p2a: Zapdos|78/100 tox|[from] psn
|upkeep
|turn|32
|j| Irene Belserion
|
|t:|1662009302
|move|p2a: Zapdos|Heat Wave|p1a: landorustherian
|-damage|p1a: landorustherian|38/100 par
|move|p1a: landorustherian|Earthquake|p2a: Zapdos
|-immune|p2a: Zapdos
|
|-heal|p1a: landorustherian|44/100 par|[from] item: Leftovers
|-damage|p1a: landorustherian|31/100 par|[from] Leech Seed|[of] p2a: Zapdos
|-heal|p2a: Zapdos|90/100 tox|[silent]
|-damage|p2a: Zapdos|72/100 tox|[from] psn
|upkeep
|turn|33
|
|t:|1662009316
|move|p2a: Zapdos|Heat Wave|p1a: landorustherian
|-damage|p1a: landorustherian|12/100 par
|move|p1a: landorustherian|Earthquake|p2a: Zapdos
|-immune|p2a: Zapdos
|
|-heal|p1a: landorustherian|18/100 par|[from] item: Leftovers
|-damage|p1a: landorustherian|6/100 par|[from] Leech Seed|[of] p2a: Zapdos
|-heal|p2a: Zapdos|85/100 tox|[silent]
|-damage|p2a: Zapdos|61/100 tox|[from] psn
|upkeep
|turn|34
|inactive|Suricata2000 has 120 seconds left.
|
|t:|1662009332
|move|p2a: Zapdos|Volt Switch|p1a: landorustherian
|-immune|p1a: landorustherian
|move|p1a: landorustherian|Earthquake|p2a: Zapdos
|-immune|p2a: Zapdos
|
|-heal|p1a: landorustherian|12/100 par|[from] item: Leftovers
|-damage|p1a: landorustherian|0 fnt|[from] Leech Seed|[of] p2a: Zapdos
|-heal|p2a: Zapdos|72/100 tox|[silent]
|faint|p1a: landorustherian
|-damage|p2a: Zapdos|42/100 tox|[from] psn
|upkeep
|
|t:|1662009332
|switch|p1a: Heatran|Heatran, M|86/100
|-damage|p1a: Heatran|74/100|[from] Stealth Rock
|turn|35
|inactive|Suricata2000 has 120 seconds left.
|
|t:|1662009347
|move|p1a: Heatran|Eruption|p2a: Zapdos
|-damage|p2a: Zapdos|0 fnt
|faint|p2a: Zapdos
|
|upkeep
|inactive|Suricata2000 has 120 seconds left.
|
|t:|1662009355
|switch|p2a: Excadrill|Excadrill, M|100/100
|-damage|p2a: Excadrill|97/100|[from] Stealth Rock
|turn|36
|
|t:|1662009361
|switch|p1a: Tangrowth|Tangrowth, F|100/100
|-damage|p1a: Tangrowth|88/100|[from] Stealth Rock
|move|p2a: Excadrill|Rapid Spin|p1a: Tangrowth
|-damage|p1a: Tangrowth|78/100
|-boost|p2a: Excadrill|spe|1
|-damage|p2a: Excadrill|81/100|[from] item: Rocky Helmet|[of] p1a: Tangrowth
|-sideend|p2: Suricata2000|Stealth Rock|[from] move: Rapid Spin|[of] p2a: Excadrill
|
|-heal|p2a: Excadrill|87/100|[from] item: Leftovers
|upkeep
|turn|37
|
|t:|1662009373
|move|p2a: Excadrill|Toxic|p1a: Tangrowth
|-status|p1a: Tangrowth|tox
|move|p1a: Tangrowth|Sleep Powder|p2a: Excadrill
|-status|p2a: Excadrill|slp|[from] move: Sleep Powder
|
|-heal|p2a: Excadrill|93/100 slp|[from] item: Leftovers
|-damage|p1a: Tangrowth|72/100 tox|[from] psn
|upkeep
|turn|38
|j| tonyrick
|
|t:|1662009387
|switch|p2a: Ferrothorn|Ferrothorn, M|26/100
|move|p1a: Tangrowth|Knock Off|p2a: Ferrothorn
|-damage|p2a: Ferrothorn|14/100
|-damage|p1a: Tangrowth|60/100 tox|[from] ability: Iron Barbs|[of] p2a: Ferrothorn
|
|-damage|p1a: Tangrowth|47/100 tox|[from] psn
|upkeep
|turn|39
|l| tonyrick
|
|t:|1662009398
|move|p1a: Tangrowth|Knock Off|p2a: Ferrothorn
|-damage|p2a: Ferrothorn|4/100
|-damage|p1a: Tangrowth|35/100 tox|[from] ability: Iron Barbs|[of] p2a: Ferrothorn
|move|p2a: Ferrothorn|Knock Off|p1a: Tangrowth
|-damage|p1a: Tangrowth|24/100 tox
|-damage|p2a: Ferrothorn|0 fnt|[from] item: Rocky Helmet|[of] p1a: Tangrowth
|faint|p2a: Ferrothorn
|
|-damage|p1a: Tangrowth|5/100 tox|[from] psn
|upkeep
|inactive|Suricata2000 has 120 seconds left.
|
|t:|1662009410
|switch|p2a: Tyranitar|Tyranitar, F|54/100
|-weather|Sandstorm|[from] ability: Sand Stream|[of] p2a: Tyranitar
|turn|40
|
|t:|1662009414
|move|p2a: Tyranitar|Crunch|p1a: Tangrowth
|-crit|p1a: Tangrowth
|-damage|p1a: Tangrowth|0 fnt
|-damage|p2a: Tyranitar|37/100|[from] item: Rocky Helmet|[of] p1a: Tangrowth
|faint|p1a: Tangrowth
|
|-weather|Sandstorm|[upkeep]
|upkeep
|
|t:|1662009414
|switch|p1a: Heatran|Heatran, M|74/100
|-damage|p1a: Heatran|61/100|[from] Stealth Rock
|turn|41
|
|t:|1662009429
|move|p1a: Heatran|Earth Power|p2a: Tyranitar
|-supereffective|p2a: Tyranitar
|-damage|p2a: Tyranitar|0 fnt
|faint|p2a: Tyranitar
|
|-weather|Sandstorm|[upkeep]
|upkeep
|
|t:|1662009436
|switch|p2a: Tapu Lele|Tapu Lele|76/100
|-fieldstart|move: Psychic Terrain|[from] ability: Psychic Surge|[of] p2a: Tapu Lele
|turn|42
|
|t:|1662009442
|move|p2a: Tapu Lele|Psyshock|p1a: Heatran
|-resisted|p1a: Heatran
|-damage|p1a: Heatran|33/100
|move|p1a: Heatran|Magma Storm|p2a: Tapu Lele
|-damage|p2a: Tapu Lele|16/100
|-activate|p2a: Tapu Lele|move: Magma Storm|[of] p1a: Heatran
|
|-weather|Sandstorm|[upkeep]
|-damage|p2a: Tapu Lele|10/100|[from] Sandstorm
|-damage|p2a: Tapu Lele|0 fnt|[from] move: Magma Storm|[partiallytrapped]
|faint|p2a: Tapu Lele
|upkeep
|
|t:|1662009453
|switch|p2a: Excadrill|Excadrill, M|93/100 slp
|turn|43
|
|t:|1662009458
|cant|p2a: Excadrill|slp
|move|p1a: Heatran|Magma Storm|p2a: Excadrill
|-supereffective|p2a: Excadrill
|-damage|p2a: Excadrill|0 fnt
|faint|p2a: Excadrill
|
|win|minimax_ai
|raw|minimax_ai's rating: 1656 &rarr; <strong>1679</strong><br />(+23 for winning)
|raw|Suricata2000's rating: 1710 &rarr; <strong>1687</strong><br />(-23 for losing)
|c|☆minimax_ai|gg
