|j|☆isheavydead
|j|☆lolshh
|inactive|Battle timer is ON: inactive players will automatically lose when time's up.
|t:|1610649724
|player|p1|isheavydead|101|
|player|p2|lolshh|1|
|teamsize|p1|6
|teamsize|p2|6
|gametype|singles
|gen|8
|tier|[Gen 8] OU
|rated|Tournament battle
|clearpoke
|poke|p1|Tornadus-Therian, M|
|poke|p1|Pelipper, M|
|poke|p1|Ferrothorn, F|
|poke|p1|Crawdaunt, M|
|poke|p1|Magearna|
|poke|p1|Seismitoad, F|
|poke|p2|Tornadus-Therian, M|
|poke|p2|Sharpedo, F|
|poke|p2|Hippowdon, M|
|poke|p2|Mandibuzz, F|
|poke|p2|Rotom-Heat|
|poke|p2|Tapu Lele|
|rule|Sleep Clause Mod: Limit one foe put to sleep
|rule|Species Clause: Limit one of each Pokémon
|rule|OHKO Clause: OHKO moves are banned
|rule|Evasion Moves Clause: Evasion moves are banned
|rule|Endless Battle Clause: Forcing endless battles is banned
|rule|HP Percentage Mod: HP is shown in percentages
|rule|Dynamax Clause: You cannot dynamax
|teampreview
|
|t:|1610649728
|start
|switch|p1a: Magearna|Magearna|100/100
|switch|p2a: Tornadus|Tornadus-Therian, M|100/100
|turn|1
|
|t:|1610649732
|switch|p2a: Rotom|Rotom-Heat|100/100
|move|p1a: Magearna|Fleur Cannon|p2a: Rotom
|-resisted|p2a: Rotom
|-damage|p2a: Rotom|48/100
|-unboost|p1a: Magearna|spa|2
|
|upkeep
|turn|2
|j| znpp
|
|t:|1610649736
|switch|p1a: Pelipper|Pelipper, M|100/100
|-weather|RainDance|[from] ability: Drizzle|[of] p1a: Pelipper
|move|p2a: Rotom|Pain Split|p1a: Pelipper
|-sethp|p1a: Pelipper|73/100|[from] move: Pain Split|[silent]
|-sethp|p2a: Rotom|77/100|[from] move: Pain Split
|
|-weather|RainDance|[upkeep]
|upkeep
|turn|3
|j| NeoNaruto®++
|
|t:|1610649739
|switch|p1a: Seismitoad|Seismitoad, F|100/100
|move|p2a: Rotom|Toxic|p1a: Seismitoad
|-status|p1a: Seismitoad|tox
|
|-weather|RainDance|[upkeep]
|-damage|p1a: Seismitoad|95/100 tox|[from] psn
|upkeep
|turn|4
|
|t:|1610649742
|switch|p2a: Mandibuzz|Mandibuzz, F|100/100
|move|p1a: Seismitoad|Scald|p2a: Mandibuzz
|-damage|p2a: Mandibuzz|47/100
|
|-weather|RainDance|[upkeep]
|-damage|p1a: Seismitoad|83/100 tox|[from] psn
|upkeep
|turn|5
|
|t:|1610649751
|move|p1a: Seismitoad|Scald|p2a: Mandibuzz
|-damage|p2a: Mandibuzz|0 fnt
|faint|p2a: Mandibuzz
|
|-weather|RainDance|[upkeep]
|-damage|p1a: Seismitoad|65/100 tox|[from] psn
|upkeep
|
|t:|1610649758
|switch|p2a: Tornadus|Tornadus-Therian, M|100/100
|turn|6
|
|t:|1610649761
|move|p1a: Seismitoad|Scald|p2a: Tornadus
|-damage|p2a: Tornadus|11/100
|move|p2a: Tornadus|Nasty Plot|p2a: Tornadus
|-boost|p2a: Tornadus|spa|2
|
|-weather|RainDance|[upkeep]
|-damage|p1a: Seismitoad|41/100 tox|[from] psn
|upkeep
|turn|7
|l| znpp
|
|t:|1610649777
|switch|p2a: Sharpedo|Sharpedo, F|100/100
|move|p1a: Seismitoad|Scald|p2a: Sharpedo
|-resisted|p2a: Sharpedo
|-damage|p2a: Sharpedo|10/100
|
|-weather|RainDance|[upkeep]
|-damage|p1a: Seismitoad|11/100 tox|[from] psn
|upkeep
|turn|8
|j| Super Gewaldro
|
|t:|1610649785
|switch|p2a: Tapu Lele|Tapu Lele|100/100
|-fieldstart|move: Psychic Terrain|[from] ability: Psychic Surge|[of] p2a: Tapu Lele
|move|p1a: Seismitoad|Scald|p2a: Tapu Lele
|-damage|p2a: Tapu Lele|15/100
|
|-weather|RainDance|[upkeep]
|-damage|p1a: Seismitoad|0 fnt|[from] psn
|faint|p1a: Seismitoad
|upkeep
|j| Mega Garbo
|
|t:|1610649792
|switch|p1a: Tornadus|Tornadus-Therian, M|100/100
|turn|9
|
|t:|1610649796
|switch|p2a: Rotom|Rotom-Heat|77/100
|move|p1a: Tornadus|Hurricane|p2a: Rotom
|-resisted|p2a: Rotom
|-damage|p2a: Rotom|55/100
|
|-weather|none
|upkeep
|turn|10
|
|t:|1610649800
|switch|p1a: Pelipper|Pelipper, M|73/100
|-weather|RainDance|[from] ability: Drizzle|[of] p1a: Pelipper
|move|p2a: Rotom|Volt Switch|p1a: Pelipper
|-supereffective|p1a: Pelipper
|-damage|p1a: Pelipper|0 fnt
|faint|p1a: Pelipper
|
|t:|1610649805
|switch|p2a: Tornadus|Tornadus-Therian, M|44/100|[from]move: Volt Switch
|
|-weather|RainDance|[upkeep]
|upkeep
|
|t:|1610649815
|switch|p1a: Tornadus|Tornadus-Therian, M|100/100
|turn|11
|
|t:|1610649818
|switch|p2a: Rotom|Rotom-Heat|55/100
|move|p1a: Tornadus|Hurricane|p2a: Rotom
|-resisted|p2a: Rotom
|-crit|p2a: Rotom
|-damage|p2a: Rotom|23/100
|
|-weather|RainDance|[upkeep]
|upkeep
|turn|12
|
|t:|1610649826
|move|p1a: Tornadus|Weather Ball|p2a: Rotom
|-supereffective|p2a: Rotom
|-damage|p2a: Rotom|0 fnt
|faint|p2a: Rotom
|
|-weather|RainDance|[upkeep]
|-fieldend|move: Psychic Terrain
|upkeep
|
|t:|1610649833
|switch|p2a: Tornadus|Tornadus-Therian, M|77/100
|turn|13
|
|t:|1610649835
|switch|p1a: Magearna|Magearna|100/100
|move|p2a: Tornadus|Hurricane|p1a: Magearna
|-resisted|p1a: Magearna
|-damage|p1a: Magearna|78/100
|
|-weather|RainDance|[upkeep]
|upkeep
|turn|14
|
|t:|1610649841
|switch|p2a: Hippowdon|Hippowdon, M|100/100
|-weather|Sandstorm|[from] ability: Sand Stream|[of] p2a: Hippowdon
|move|p1a: Magearna|Fleur Cannon|p2a: Hippowdon
|-damage|p2a: Hippowdon|0 fnt
|-unboost|p1a: Magearna|spa|2
|faint|p2a: Hippowdon
|-ability|p1a: Magearna|Soul-Heart|boost
|-boost|p1a: Magearna|spa|1
|
|-weather|Sandstorm|[upkeep]
|upkeep
|
|t:|1610649843
|switch|p2a: Sharpedo|Sharpedo, F|10/100
|turn|15
|
|t:|1610649848
|switch|p2a: Tornadus|Tornadus-Therian, M|100/100
|switch|p1a: Ferrothorn|Ferrothorn, F|100/100
|
|-weather|Sandstorm|[upkeep]
|-damage|p2a: Tornadus|94/100|[from] Sandstorm
|upkeep
|turn|16
|
|t:|1610649852
|switch|p1a: Magearna|Magearna|78/100
|move|p2a: Tornadus|Nasty Plot|p2a: Tornadus
|-boost|p2a: Tornadus|spa|2
|
|-weather|Sandstorm|[upkeep]
|-damage|p2a: Tornadus|88/100|[from] Sandstorm
|upkeep
|turn|17
|
|t:|1610649855
|move|p2a: Tornadus|Focus Blast|p1a: Magearna
|-crit|p1a: Magearna
|-damage|p1a: Magearna|0 fnt
|faint|p1a: Magearna
|
|-weather|Sandstorm|[upkeep]
|-damage|p2a: Tornadus|82/100|[from] Sandstorm
|upkeep
|l| Mega Garbo
|
|t:|1610649861
|switch|p1a: Tornadus|Tornadus-Therian, M|100/100
|turn|18
|
|t:|1610649863
|move|p1a: Tornadus|Weather Ball|p2a: Tornadus
|-supereffective|p2a: Tornadus
|-damage|p2a: Tornadus|2/100
|move|p2a: Tornadus|Hurricane|p1a: Tornadus
|-damage|p1a: Tornadus|0 fnt
|faint|p1a: Tornadus
|
|-weather|none
|upkeep
|
|t:|1610649866
|switch|p1a: Crawdaunt|Crawdaunt, M|100/100
|turn|19
|
|t:|1610649874
|switch|p2a: Tapu Lele|Tapu Lele|15/100
|-fieldstart|move: Psychic Terrain|[from] ability: Psychic Surge|[of] p2a: Tapu Lele
|move|p1a: Crawdaunt|Knock Off|p2a: Tapu Lele
|-damage|p2a: Tapu Lele|0 fnt
|-enditem|p2a: Tapu Lele|Choice Specs|[from] move: Knock Off|[of] p1a: Crawdaunt
|-damage|p1a: Crawdaunt|91/100|[from] item: Life Orb
|faint|p2a: Tapu Lele
|
|upkeep
|
|t:|1610649878
|switch|p2a: Tornadus|Tornadus-Therian, M|35/100
|turn|20
|
|t:|1610649882
|switch|p1a: Ferrothorn|Ferrothorn, F|100/100
|move|p2a: Tornadus|Focus Blast|p1a: Ferrothorn|[miss]
|-miss|p2a: Tornadus|p1a: Ferrothorn
|
|upkeep
|turn|21
|
|t:|1610649885
|move|p2a: Tornadus|Focus Blast|p1a: Ferrothorn
|-supereffective|p1a: Ferrothorn
|-damage|p1a: Ferrothorn|41/100
|-unboost|p1a: Ferrothorn|spd|1
|move|p1a: Ferrothorn|Leech Seed|p2a: Tornadus
|-start|p2a: Tornadus|move: Leech Seed
|
|-heal|p1a: Ferrothorn|47/100|[from] item: Leftovers
|-damage|p2a: Tornadus|23/100|[from] Leech Seed|[of] p1a: Ferrothorn
|-heal|p1a: Ferrothorn|58/100|[silent]
|upkeep
|turn|22
|
|t:|1610649890
|move|p2a: Tornadus|Focus Blast|p1a: Ferrothorn|[miss]
|-miss|p2a: Tornadus|p1a: Ferrothorn
|move|p1a: Ferrothorn|Stealth Rock|p2a: Tornadus
|-sidestart|p2: lolshh|move: Stealth Rock
|
|-heal|p1a: Ferrothorn|64/100|[from] item: Leftovers
|-damage|p2a: Tornadus|11/100|[from] Leech Seed|[of] p1a: Ferrothorn
|-heal|p1a: Ferrothorn|74/100|[silent]
|upkeep
|turn|23
|
|t:|1610649893
|move|p2a: Tornadus|Focus Blast|p1a: Ferrothorn|[miss]
|-miss|p2a: Tornadus|p1a: Ferrothorn
|move|p1a: Ferrothorn|Body Press|p2a: Tornadus
|-resisted|p2a: Tornadus
|-damage|p2a: Tornadus|0 fnt
|faint|p2a: Tornadus
|
|-heal|p1a: Ferrothorn|81/100|[from] item: Leftovers
|-fieldend|move: Psychic Terrain
|upkeep
|c|☆isheavydead|gg
|
|t:|1610649898
|switch|p2a: Sharpedo|Sharpedo, F|10/100
|-damage|p2a: Sharpedo|0 fnt|[from] Stealth Rock
|faint|p2a: Sharpedo
|
|win|isheavydead
|n|☆isheavydead|isheavydead
|n|☆lolshh|lolshh
|n| NeoNaruto®++|neonaruto
|n| Super Gewaldro|supergewaldro
|l|☆lolshh
|l|☆isheavydead
|l| Super Gewaldro
|j|☆lolshh
|player|p2|lolshh|1
