|raw|<div class="broadcast-blue"><strong>This battle is required to be public due to a player having a name starting with 'lt94je'.</div>
|j|☆wish kisser
|j|☆LT94JE tj
|t:|1661571618
|gametype|singles
|player|p1|wish kisser|ethan|1841
|player|p2|LT94JE tj|skyla-masters2|1901
|teamsize|p1|6
|teamsize|p2|6
|gen|8
|tier|[Gen 8] OU
|rated|
|rule|Sleep Clause Mod: Limit one foe put to sleep
|rule|Species Clause: Limit one of each Pokémon
|rule|OHKO Clause: OHKO moves are banned
|rule|Evasion Items Clause: Evasion items are banned
|rule|Evasion Moves Clause: Evasion moves are banned
|rule|Endless Battle Clause: Forcing endless battles is banned
|rule|HP Percentage Mod: HP is shown in percentages
|rule|Dynamax Clause: You cannot dynamax
|clearpoke
|poke|p1|Volcarona, M|
|poke|p1|Heatran, M|
|poke|p1|Kartana|
|poke|p1|Rillaboom, M|
|poke|p1|Zapdos|
|poke|p1|Zeraora|
|poke|p2|Tapu Lele|
|poke|p2|Tyranitar, F|
|poke|p2|Excadrill, M|
|poke|p2|Ferrothorn, F|
|poke|p2|Zapdos|
|poke|p2|Urshifu-*, F|
|teampreview
|inactive|Battle timer is ON: inactive players will automatically lose when time's up. (requested by LT94JE tj)
|c|☆wish kisser|hf
|j| Jongruenwald
|c|☆LT94JE tj|hf
|inactive|LT94JE tj has 120 seconds left.
|j| Randbats enjoyer
|
|t:|1661571653
|start
|switch|p1a: Chaos|Heatran, M, shiny|100/100
|switch|p2a: Zapdos|Zapdos|100/100
|turn|1
|
|t:|1661571658
|move|p2a: Zapdos|Volt Switch|p1a: Chaos
|-damage|p1a: Chaos|75/100
|j| Z the Lord
|
|t:|1661571662
|switch|p2a: Tyranitar|Tyranitar, F|100/100|[from]move: Volt Switch
|-weather|Sandstorm|[from] ability: Sand Stream|[of] p2a: Tyranitar
|move|p1a: Chaos|Stealth Rock|p2a: Tyranitar
|-sidestart|p2: LT94JE tj|move: Stealth Rock
|
|-weather|Sandstorm|[upkeep]
|-heal|p1a: Chaos|82/100|[from] item: Leftovers
|upkeep
|turn|2
|
|t:|1661571664
|move|p1a: Chaos|Protect|p1a: Chaos
|-singleturn|p1a: Chaos|Protect
|move|p2a: Tyranitar|Stone Edge|p1a: Chaos
|-activate|p1a: Chaos|move: Protect
|
|-weather|Sandstorm|[upkeep]
|-heal|p1a: Chaos|88/100|[from] item: Leftovers
|upkeep
|turn|3
|j| Lokkking87
|
|t:|1661571668
|switch|p1a: Deathstroke|Kartana, shiny|100/100
|move|p2a: Tyranitar|Stone Edge|p1a: Deathstroke|[miss]
|-miss|p2a: Tyranitar|p1a: Deathstroke
|
|-weather|Sandstorm|[upkeep]
|upkeep
|turn|4
|
|t:|1661571673
|switch|p2a: Ferrothorn|Ferrothorn, F|100/100
|-damage|p2a: Ferrothorn|94/100|[from] Stealth Rock
|move|p1a: Deathstroke|Sacred Sword|p2a: Ferrothorn
|-supereffective|p2a: Ferrothorn
|-damage|p2a: Ferrothorn|38/100
|-damage|p1a: Deathstroke|88/100|[from] ability: Iron Barbs|[of] p2a: Ferrothorn
|
|-weather|Sandstorm|[upkeep]
|-heal|p2a: Ferrothorn|44/100|[from] item: Leftovers
|upkeep
|turn|5
|j| HOV DID
|
|t:|1661571678
|switch|p1a: Chaos|Heatran, M, shiny|88/100
|switch|p2a: Zapdos|Zapdos|100/100
|
|-weather|none
|-heal|p1a: Chaos|94/100|[from] item: Leftovers
|upkeep
|turn|6
|
|t:|1661571682
|switch|p1a: Zephyr|Zeraora, shiny|100/100
|move|p2a: Zapdos|Volt Switch|p1a: Zephyr
|-immune|p1a: Zephyr|[from] ability: Volt Absorb
|
|upkeep
|turn|7
|
|t:|1661571689
|switch|p2a: Tyranitar|Tyranitar, F|100/100
|-damage|p2a: Tyranitar|88/100|[from] Stealth Rock
|-weather|Sandstorm|[from] ability: Sand Stream|[of] p2a: Tyranitar
|move|p1a: Zephyr|Knock Off|p2a: Tyranitar
|-resisted|p2a: Tyranitar
|-damage|p2a: Tyranitar|75/100
|-enditem|p2a: Tyranitar|Choice Band|[from] move: Knock Off|[of] p1a: Zephyr
|
|-weather|Sandstorm|[upkeep]
|-damage|p1a: Zephyr|95/100|[from] Sandstorm
|upkeep
|turn|8
|
|t:|1661571695
|move|p1a: Zephyr|Plasma Fists|p2a: Tyranitar
|-damage|p2a: Tyranitar|35/100
|-fieldactivate|move: Ion Deluge
|-hint|Normal-type moves become Electric-type after using Plasma Fists.
|move|p2a: Tyranitar|Stone Edge|p1a: Zephyr
|-damage|p1a: Zephyr|8/100
|
|-weather|Sandstorm|[upkeep]
|-damage|p1a: Zephyr|2/100|[from] Sandstorm
|upkeep
|turn|9
|
|t:|1661571703
|switch|p1a: Chaos|Heatran, M, shiny|94/100
|switch|p2a: Excadrill|Excadrill, M|100/100
|-damage|p2a: Excadrill|97/100|[from] Stealth Rock
|
|-weather|Sandstorm|[upkeep]
|-heal|p1a: Chaos|99/100|[from] item: Leftovers
|upkeep
|turn|10
|
|t:|1661571708
|move|p1a: Chaos|Protect|p1a: Chaos
|-singleturn|p1a: Chaos|Protect
|move|p2a: Excadrill|Rapid Spin|p1a: Chaos
|-activate|p1a: Chaos|move: Protect
|
|-weather|Sandstorm|[upkeep]
|-heal|p1a: Chaos|100/100|[from] item: Leftovers
|upkeep
|turn|11
|j|+starmaster
|j|+STEELS kitty??!!
|j| LT94JE PC
|
|t:|1661571714
|move|p2a: Excadrill|Rapid Spin|p1a: Chaos
|-resisted|p1a: Chaos
|-damage|p1a: Chaos|91/100
|-boost|p2a: Excadrill|spe|1
|-status|p2a: Excadrill|brn|[from] ability: Flame Body|[of] p1a: Chaos
|-sideend|p2: LT94JE tj|Stealth Rock|[from] move: Rapid Spin|[of] p2a: Excadrill
|move|p1a: Chaos|Lava Plume|p2a: Excadrill
|-supereffective|p2a: Excadrill
|-damage|p2a: Excadrill|4/100 brn
|
|-weather|none
|-heal|p1a: Chaos|97/100|[from] item: Leftovers
|-damage|p2a: Excadrill|0 fnt|[from] brn
|faint|p2a: Excadrill
|upkeep
|
|t:|1661571717
|switch|p2a: Urshifu|Urshifu-Rapid-Strike, F|100/100
|turn|12
|
|t:|1661571720
|switch|p1a: Byakko|Zapdos, shiny|100/100
|move|p2a: Urshifu|Surging Strikes|p1a: Byakko
|-crit|p1a: Byakko
|-damage|p1a: Byakko|77/100
|-crit|p1a: Byakko
|-damage|p1a: Byakko|53/100
|-crit|p1a: Byakko
|-damage|p1a: Byakko|28/100
|-hitcount|p1a: Byakko|3
|
|upkeep
|turn|13
|
|t:|1661571730
|switch|p1a: Kong|Rillaboom, M, shiny|100/100
|-fieldstart|move: Grassy Terrain|[from] ability: Grassy Surge|[of] p1a: Kong
|switch|p2a: Zapdos|Zapdos|100/100
|
|upkeep
|turn|14
|
|t:|1661571735
|switch|p1a: Chaos|Heatran, M, shiny|97/100
|move|p2a: Zapdos|Volt Switch|p1a: Chaos
|-damage|p1a: Chaos|73/100
|
|t:|1661571737
|switch|p2a: Urshifu|Urshifu-Rapid-Strike, F|100/100|[from]move: Volt Switch
|
|-heal|p1a: Chaos|79/100|[from] Grassy Terrain
|-heal|p1a: Chaos|86/100|[from] item: Leftovers
|upkeep
|turn|15
|j| Nature_K
|
|t:|1661571741
|switch|p1a: Zephyr|Zeraora, shiny|2/100
|move|p2a: Urshifu|Close Combat|p1a: Zephyr
|-damage|p1a: Zephyr|0 fnt
|-unboost|p2a: Urshifu|def|1
|-unboost|p2a: Urshifu|spd|1
|faint|p1a: Zephyr
|
|upkeep
|
|t:|1661571743
|switch|p1a: Byakko|Zapdos, shiny|28/100
|turn|16
|j| LT94JE hyoga
|j| LT94JE PalletHero
|
|t:|1661571749
|switch|p2a: Zapdos|Zapdos|100/100
|move|p1a: Byakko|Volt Switch|p2a: Zapdos
|-damage|p2a: Zapdos|65/100
|
|t:|1661571752
|switch|p1a: Chaos|Heatran, M, shiny|86/100|[from]move: Volt Switch
|
|-heal|p1a: Chaos|92/100|[from] Grassy Terrain
|-heal|p1a: Chaos|98/100|[from] item: Leftovers
|upkeep
|turn|17
|j| LT94JE PZZ
|
|t:|1661571755
|move|p2a: Zapdos|Volt Switch|p1a: Chaos
|-damage|p1a: Chaos|73/100
|
|t:|1661571757
|switch|p2a: Urshifu|Urshifu-Rapid-Strike, F|100/100|[from]move: Volt Switch
|move|p1a: Chaos|Stealth Rock|p2a: Urshifu
|-sidestart|p2: LT94JE tj|move: Stealth Rock
|
|-heal|p1a: Chaos|79/100|[from] Grassy Terrain
|-heal|p1a: Chaos|86/100|[from] item: Leftovers
|-fieldend|move: Grassy Terrain
|upkeep
|turn|18
|
|t:|1661571761
|switch|p1a: Byakko|Zapdos, shiny|28/100
|move|p2a: Urshifu|Close Combat|p1a: Byakko
|-resisted|p1a: Byakko
|-damage|p1a: Byakko|0 fnt
|-unboost|p2a: Urshifu|def|1
|-unboost|p2a: Urshifu|spd|1
|faint|p1a: Byakko
|
|upkeep
|
|t:|1661571763
|switch|p1a: Deathstroke|Kartana, shiny|88/100
|turn|19
|
|t:|1661571766
|switch|p2a: Ferrothorn|Ferrothorn, F|44/100
|-damage|p2a: Ferrothorn|38/100|[from] Stealth Rock
|move|p1a: Deathstroke|Knock Off|p2a: Ferrothorn
|-crit|p2a: Ferrothorn
|-damage|p2a: Ferrothorn|0 fnt
|-damage|p1a: Deathstroke|76/100|[from] ability: Iron Barbs|[of] p2a: Ferrothorn
|-enditem|p2a: Ferrothorn|Leftovers|[from] move: Knock Off|[of] p1a: Deathstroke
|faint|p2a: Ferrothorn
|-ability|p1a: Deathstroke|Beast Boost|boost
|-boost|p1a: Deathstroke|atk|1
|
|upkeep
|
|t:|1661571769
|switch|p2a: Urshifu|Urshifu-Rapid-Strike, F|100/100
|-damage|p2a: Urshifu|94/100|[from] Stealth Rock
|turn|20
|
|t:|1661571774
|switch|p1a: Kong|Rillaboom, M, shiny|100/100
|-fieldstart|move: Grassy Terrain|[from] ability: Grassy Surge|[of] p1a: Kong
|move|p2a: Urshifu|Close Combat|p1a: Kong
|-damage|p1a: Kong|45/100
|-unboost|p2a: Urshifu|def|1
|-unboost|p2a: Urshifu|spd|1
|
|-heal|p2a: Urshifu|100/100|[from] Grassy Terrain
|-heal|p1a: Kong|51/100|[from] Grassy Terrain
|-heal|p1a: Kong|57/100|[from] item: Leftovers
|upkeep
|turn|21
|
|t:|1661571779
|switch|p2a: Zapdos|Zapdos|65/100
|move|p1a: Kong|Grassy Glide|p2a: Zapdos
|-resisted|p2a: Zapdos
|-damage|p2a: Zapdos|45/100
|-status|p1a: Kong|par|[from] ability: Static|[of] p2a: Zapdos
|
|-heal|p1a: Kong|63/100 par|[from] Grassy Terrain
|-heal|p1a: Kong|69/100 par|[from] item: Leftovers
|upkeep
|turn|22
|j| LT94JE Tace
|
|t:|1661571783
|move|p2a: Zapdos|Roost|p2a: Zapdos
|-heal|p2a: Zapdos|95/100
|-singleturn|p2a: Zapdos|move: Roost
|cant|p1a: Kong|par
|
|-heal|p2a: Zapdos|100/100|[from] Grassy Terrain
|-heal|p1a: Kong|76/100 par|[from] Grassy Terrain
|-heal|p1a: Kong|82/100 par|[from] item: Leftovers
|upkeep
|turn|23
|j| zeno420
|
|t:|1661571791
|switch|p1a: Chaos|Heatran, M, shiny|86/100
|move|p2a: Zapdos|Volt Switch|p1a: Chaos
|-damage|p1a: Chaos|63/100
|
|t:|1661571795
|switch|p2a: Urshifu|Urshifu-Rapid-Strike, F|100/100|[from]move: Volt Switch
|-damage|p2a: Urshifu|94/100|[from] Stealth Rock
|
|-heal|p2a: Urshifu|100/100|[from] Grassy Terrain
|-heal|p1a: Chaos|69/100|[from] Grassy Terrain
|-heal|p1a: Chaos|76/100|[from] item: Leftovers
|upkeep
|turn|24
|c|☆wish kisser|this para
|
|t:|1661571799
|move|p2a: Urshifu|Close Combat|p1a: Chaos
|-supereffective|p1a: Chaos
|-damage|p1a: Chaos|0 fnt
|-unboost|p2a: Urshifu|def|1
|-unboost|p2a: Urshifu|spd|1
|faint|p1a: Chaos
|
|-fieldend|move: Grassy Terrain
|upkeep
|
|t:|1661571801
|switch|p1a: Deathstroke|Kartana, shiny|76/100
|turn|25
|j| CJQ1990
|
|t:|1661571809
|switch|p2a: Zapdos|Zapdos|100/100
|move|p1a: Deathstroke|Leaf Blade|p2a: Zapdos
|-resisted|p2a: Zapdos
|-damage|p2a: Zapdos|78/100
|-status|p1a: Deathstroke|par|[from] ability: Static|[of] p2a: Zapdos
|
|upkeep
|turn|26
|j| Rubiaa
|c|☆wish kisser|damn
|
|t:|1661571816
|move|p2a: Zapdos|Heat Wave|p1a: Deathstroke
|-supereffective|p1a: Deathstroke
|-damage|p1a: Deathstroke|0 fnt
|faint|p1a: Deathstroke
|
|upkeep
|j| Miyan
|
|t:|1661571818
|switch|p1a: Amaterasu|Volcarona, M, shiny|100/100
|turn|27
|c| LT94JE PZZ|outplayed.
|
|t:|1661571821
|move|p1a: Amaterasu|Quiver Dance|p1a: Amaterasu
|-boost|p1a: Amaterasu|spa|1
|-boost|p1a: Amaterasu|spd|1
|-boost|p1a: Amaterasu|spe|1
|move|p2a: Zapdos|Volt Switch|p1a: Amaterasu
|-crit|p1a: Amaterasu
|-damage|p1a: Amaterasu|54/100
|j| KFC Chizza
|c|☆wish kisser|?
|
|t:|1661571824
|switch|p2a: Tyranitar|Tyranitar, F|35/100|[from]move: Volt Switch
|-damage|p2a: Tyranitar|23/100|[from] Stealth Rock
|-weather|Sandstorm|[from] ability: Sand Stream|[of] p2a: Tyranitar
|
|-weather|Sandstorm|[upkeep]
|-damage|p1a: Amaterasu|48/100|[from] Sandstorm
|upkeep
|turn|28
|j| totem beancount
|
|t:|1661571828
|move|p1a: Amaterasu|Bug Buzz|p2a: Tyranitar
|-supereffective|p2a: Tyranitar
|-damage|p2a: Tyranitar|0 fnt
|faint|p2a: Tyranitar
|
|-weather|Sandstorm|[upkeep]
|-damage|p1a: Amaterasu|42/100|[from] Sandstorm
|upkeep
|j| Momentary Life
|
|t:|1661571830
|switch|p2a: Urshifu|Urshifu-Rapid-Strike, F|100/100
|-damage|p2a: Urshifu|94/100|[from] Stealth Rock
|turn|29
|
|t:|1661571832
|switch|p1a: Kong|Rillaboom, M, shiny|82/100 par
|-fieldstart|move: Grassy Terrain|[from] ability: Grassy Surge|[of] p1a: Kong
|move|p2a: Urshifu|Surging Strikes|p1a: Kong
|-resisted|p1a: Kong
|-crit|p1a: Kong
|-damage|p1a: Kong|72/100 par
|-resisted|p1a: Kong
|-crit|p1a: Kong
|-damage|p1a: Kong|62/100 par
|-resisted|p1a: Kong
|-crit|p1a: Kong
|-damage|p1a: Kong|54/100 par
|-hitcount|p1a: Kong|3
|
|-weather|Sandstorm|[upkeep]
|-damage|p2a: Urshifu|88/100|[from] Sandstorm
|-damage|p1a: Kong|47/100 par|[from] Sandstorm
|-heal|p2a: Urshifu|94/100|[from] Grassy Terrain
|-heal|p1a: Kong|54/100 par|[from] Grassy Terrain
|-heal|p1a: Kong|60/100 par|[from] item: Leftovers
|upkeep
|turn|30
|c| LT94JE PZZ|it's a well trained Zapdos
|
|t:|1661571840
|switch|p2a: Zapdos|Zapdos|78/100
|switch|p1a: Amaterasu|Volcarona, M, shiny|42/100
|
|-weather|Sandstorm|[upkeep]
|-damage|p1a: Amaterasu|36/100|[from] Sandstorm
|-damage|p2a: Zapdos|72/100|[from] Sandstorm
|-heal|p1a: Amaterasu|42/100|[from] Grassy Terrain
|upkeep
|turn|31
|
|t:|1661571843
|move|p1a: Amaterasu|Quiver Dance|p1a: Amaterasu
|-boost|p1a: Amaterasu|spa|1
|-boost|p1a: Amaterasu|spd|1
|-boost|p1a: Amaterasu|spe|1
|move|p2a: Zapdos|Volt Switch|p1a: Amaterasu
|-damage|p1a: Amaterasu|20/100
|
|t:|1661571844
|switch|p2a: Urshifu|Urshifu-Rapid-Strike, F|94/100|[from]move: Volt Switch
|-damage|p2a: Urshifu|88/100|[from] Stealth Rock
|
|-weather|none
|-heal|p1a: Amaterasu|27/100|[from] Grassy Terrain
|-heal|p2a: Urshifu|94/100|[from] Grassy Terrain
|upkeep
|turn|32
|
|t:|1661571849
|move|p1a: Amaterasu|Bug Buzz|p2a: Urshifu
|-resisted|p2a: Urshifu
|-damage|p2a: Urshifu|0 fnt
|faint|p2a: Urshifu
|
|-heal|p1a: Amaterasu|33/100|[from] Grassy Terrain
|upkeep
|c| Rubiaa|LOL
|c| LT94JE PalletHero|lol
|c| zeno420|dayum
|c| LT94JE PZZ|gn
|c| totem beancount|wait
|c|☆wish kisser|yes
|c|☆wish kisser|well trained zapdos
|c|☆LT94JE tj|gone
|
|t:|1661571863
|switch|p2a: Zapdos|Zapdos|72/100
|turn|33
|
|t:|1661571866
|move|p1a: Amaterasu|Flamethrower|p2a: Zapdos
|-damage|p2a: Zapdos|0 fnt
|faint|p2a: Zapdos
|
|-heal|p1a: Amaterasu|39/100|[from] Grassy Terrain
|-fieldend|move: Grassy Terrain
|upkeep
|c|+STEELS kitty??!!|swarm is THAT strong?
|c| HOV DID|swarm is goated
|c| HOV DID|god damn
|
|t:|1661571871
|switch|p2a: Tapu Lele|Tapu Lele|100/100
|-damage|p2a: Tapu Lele|88/100|[from] Stealth Rock
|-fieldstart|move: Psychic Terrain|[from] ability: Psychic Surge|[of] p2a: Tapu Lele
|turn|34
|c| Rubiaa|yep
|c|☆wish kisser|yep
|c|☆wish kisser|g
|c|☆wish kisser|g
|c| KFC Chizza|Swarm ohkes keldeo at +2
|c|+STEELS kitty??!!|this mons unfair
|c| HOV DID|this is why i tell people to use swarm
|c| HOV DID|and notbooboo flame body
|j| adam1818
|
|t:|1661571886
|move|p1a: Amaterasu|Flamethrower|p2a: Tapu Lele
|-damage|p2a: Tapu Lele|3/100
|move|p2a: Tapu Lele|Psychic|p1a: Amaterasu
|-damage|p1a: Amaterasu|0 fnt
|faint|p1a: Amaterasu
|
|upkeep
|c| LT94JE PZZ|well Keldeo sucks.
|c| LT94JE PZZ|o
|
|t:|1661571890
|switch|p1a: Kong|Rillaboom, M, shiny|60/100 par
|-fieldstart|move: Grassy Terrain|[from] ability: Grassy Surge|[of] p1a: Kong
|turn|35
|c| LT94JE PZZ|wincon
|c| HOV DID|chance
|j| omicorio
|c|☆wish kisser|wait
|c| zeno420|ayo
|c| HOV DID|damn
|
|t:|1661571894
|cant|p1a: Kong|par
|move|p2a: Tapu Lele|Psychic|p1a: Kong
|-damage|p1a: Kong|0 fnt
|faint|p1a: Kong
|
|win|LT94JE tj
|raw|wish kisser's rating: 1841 &rarr; <strong>1824</strong><br />(-17 for losing)
|raw|LT94JE tj's rating: 1901 &rarr; <strong>1918</strong><br />(+17 for winning)
|c|+starmaster|wasnt it sub lmao
|j| Platum
|c| LT94JE PZZ|LOL
|c| Rubiaa|wow
|c| HOV DID|LOL
|c|☆wish kisser|LOL
|c| zeno420|LOLL
|c|☆LT94JE tj|g
|c| LT94JE PalletHero|LOL
|c| totem beancount|blim, volc still loses to tran
|c| Rubiaa|LLOL bailed
|l| LT94JE PZZ
|c| HOV DID|deserved
|l| omicorio
|l|☆LT94JE tj
|l| Jongruenwald
|l| KFC Chizza
|l| HOV DID
|c|☆wish kisser|when
|c|☆wish kisser|wher
|l| LT94JE Tace
|c|☆wish kisser|deserved
|l| Miyan
|c|☆wish kisser|lool
|l| LT94JE PalletHero
|l| Rubiaa
|l|+STEELS kitty??!!
|c|☆wish kisser|he literally let me a occasion
|c|☆wish kisser|to w
||Ladder isn't responding, score probably updated but might not have (Request timeout).
|l|☆wish kisser
|l| Momentary Life
|l| zeno420
|l| LT94JE hyoga
|l| Z the Lord
|l| totem beancount
|l| Lokkking87
|l| Randbats enjoyer
|l| Platum
|l| adam1818
|l| CJQ1990
