|j|☆will-i-am2
|j|☆cute pink team
|t:|1657115604
|gametype|singles
|player|p1|will-i-am2|101|1916
|player|p2|cute pink team|misty-gen1|1904
|teamsize|p1|6
|teamsize|p2|6
|gen|8
|tier|[Gen 8] OU
|rated|
|rule|Sleep Clause Mod: Limit one foe put to sleep
|rule|Species Clause: Limit one of each Pokémon
|rule|OHKO Clause: OHKO moves are banned
|rule|Evasion Moves Clause: Evasion moves are banned
|rule|Endless Battle Clause: Forcing endless battles is banned
|rule|HP Percentage Mod: HP is shown in percentages
|rule|Dynamax Clause: You cannot dynamax
|clearpoke
|poke|p1|Registeel|
|poke|p1|Hydreigon, F|
|poke|p1|Slowbro, F|
|poke|p1|Mandibuzz, F|
|poke|p1|Mamoswine, F|
|poke|p1|Clefable, M|
|poke|p2|Mamoswine, M|
|poke|p2|Ditto|
|poke|p2|Corviknight, F|
|poke|p2|Volcanion|
|poke|p2|Zapdos|
|poke|p2|Victini|
|teampreview
|j| xiao123
|inactive|Battle timer is ON: inactive players will automatically lose when time's up. (requested by cute pink team)
|inactive|will-i-am2 also wants the timer to be on.
|
|t:|1657115654
|start
|switch|p1a: Mamoswine|Mamoswine, F|100/100
|switch|p2a: Victini|Victini|100/100
|turn|1
|
|t:|1657115659
|switch|p1a: Mandibuzz|Mandibuzz, F|100/100
|move|p2a: Victini|V-create|p1a: Mandibuzz
|-damage|p1a: Mandibuzz|30/100
|-unboost|p2a: Victini|spe|1
|-unboost|p2a: Victini|def|1
|-unboost|p2a: Victini|spd|1
|-damage|p2a: Victini|84/100|[from] item: Rocky Helmet|[of] p1a: Mandibuzz
|
|upkeep
|turn|2
|
|t:|1657115667
|switch|p1a: Slowbro|Slowbro, F|100/100
|switch|p2a: Zapdos|Zapdos|100/100
|
|upkeep
|turn|3
|
|t:|1657115671
|move|p2a: Zapdos|Hurricane|p1a: Slowbro
|-damage|p1a: Slowbro|4/100
|-start|p1a: Slowbro|confusion
|-activate|p1a: Slowbro|confusion
|move|p1a: Slowbro|Scald|p2a: Zapdos
|-damage|p2a: Zapdos|54/100
|
|-heal|p1a: Slowbro|10/100|[from] item: Leftovers
|upkeep
|turn|4
|
|t:|1657115679
|switch|p2a: Victini|Victini|84/100
|switch|p1a: Registeel|Registeel|100/100
|
|upkeep
|turn|5
|
|t:|1657115683
|switch|p1a: Hydreigon|Hydreigon, F|100/100
|move|p2a: Victini|V-create|p1a: Hydreigon
|-resisted|p1a: Hydreigon
|-damage|p1a: Hydreigon|29/100
|-unboost|p2a: Victini|spe|1
|-unboost|p2a: Victini|def|1
|-unboost|p2a: Victini|spd|1
|
|upkeep
|turn|6
|
|t:|1657115691
|switch|p2a: Mamoswine|Mamoswine, M|100/100
|move|p1a: Hydreigon|Nasty Plot|p1a: Hydreigon
|-boost|p1a: Hydreigon|spa|2
|
|upkeep
|turn|7
|
|t:|1657115707
|move|p1a: Hydreigon|Dark Pulse|p2a: Mamoswine
|-damage|p2a: Mamoswine|40/100
|cant|p2a: Mamoswine|flinch
|
|upkeep
|turn|8
|
|t:|1657115714
|move|p2a: Mamoswine|Ice Shard|p1a: Hydreigon
|-supereffective|p1a: Hydreigon
|-damage|p1a: Hydreigon|0 fnt
|faint|p1a: Hydreigon
|
|upkeep
|
|t:|1657115722
|switch|p1a: Mamoswine|Mamoswine, F|100/100
|turn|9
|
|t:|1657115725
|switch|p2a: Corviknight|Corviknight, F|100/100
|-ability|p2a: Corviknight|Pressure
|move|p1a: Mamoswine|Knock Off|p2a: Corviknight
|-damage|p2a: Corviknight|59/100
|-enditem|p2a: Corviknight|Leftovers|[from] move: Knock Off|[of] p1a: Mamoswine
|
|upkeep
|turn|10
|
|t:|1657115732
|switch|p1a: Mandibuzz|Mandibuzz, F|30/100
|move|p2a: Corviknight|U-turn|p1a: Mandibuzz
|-crit|p1a: Mandibuzz
|-damage|p1a: Mandibuzz|17/100
|-damage|p2a: Corviknight|43/100|[from] item: Rocky Helmet|[of] p1a: Mandibuzz
|
|t:|1657115735
|switch|p2a: Victini|Victini|84/100|[from]move: U-turn
|
|upkeep
|turn|11
|
|t:|1657115740
|move|p2a: Victini|V-create|p1a: Mandibuzz
|-damage|p1a: Mandibuzz|0 fnt
|-unboost|p2a: Victini|spe|1
|-unboost|p2a: Victini|def|1
|-unboost|p2a: Victini|spd|1
|-damage|p2a: Victini|67/100|[from] item: Rocky Helmet|[of] p1a: Mandibuzz
|faint|p1a: Mandibuzz
|
|upkeep
|
|t:|1657115742
|switch|p1a: Mamoswine|Mamoswine, F|100/100
|turn|12
|
|t:|1657115747
|switch|p2a: Ditto|Ditto|100/100
|-transform|p2a: Ditto|p1a: Mamoswine|[from] ability: Imposter
|move|p1a: Mamoswine|Icicle Crash|p2a: Ditto
|-damage|p2a: Ditto|56/100
|
|upkeep
|turn|13
|
|t:|1657115755
|move|p2a: Ditto|Earthquake|p1a: Mamoswine
|-damage|p1a: Mamoswine|37/100
|move|p1a: Mamoswine|Icicle Crash|p2a: Ditto
|-damage|p2a: Ditto|11/100
|
|upkeep
|turn|14
|j| eren yerge
|
|t:|1657115776
|switch|p1a: Clefable|Clefable, M|100/100
|move|p2a: Ditto|Earthquake|p1a: Clefable
|-damage|p1a: Clefable|54/100
|
|-heal|p1a: Clefable|60/100|[from] item: Leftovers
|upkeep
|turn|15
|j| Zubitop
|
|t:|1657115782
|switch|p2a: Volcanion|Volcanion|100/100
|move|p1a: Clefable|Soft-Boiled|p1a: Clefable
|-heal|p1a: Clefable|100/100
|
|upkeep
|turn|16
|
|t:|1657115787
|switch|p1a: Slowbro|Slowbro, F|43/100
|move|p2a: Volcanion|Steam Eruption|p1a: Slowbro
|-resisted|p1a: Slowbro
|-damage|p1a: Slowbro|0 fnt
|faint|p1a: Slowbro
|
|upkeep
|
|t:|1657115792
|switch|p1a: Mamoswine|Mamoswine, F|37/100
|turn|17
|
|t:|1657115797
|switch|p2a: Corviknight|Corviknight, F|43/100
|-ability|p2a: Corviknight|Pressure
|move|p1a: Mamoswine|Earthquake|p2a: Corviknight
|-immune|p2a: Corviknight
|
|upkeep
|turn|18
|
|t:|1657115800
|switch|p1a: Registeel|Registeel|100/100
|move|p2a: Corviknight|Roost|p2a: Corviknight
|-heal|p2a: Corviknight|93/100
|-singleturn|p2a: Corviknight|move: Roost
|
|upkeep
|turn|19
|
|t:|1657115803
|switch|p2a: Volcanion|Volcanion|100/100
|move|p1a: Registeel|Stealth Rock|p2a: Volcanion
|-sidestart|p2: cute pink team|move: Stealth Rock
|
|upkeep
|turn|20
|
|t:|1657115806
|move|p2a: Volcanion|Overheat|p1a: Registeel
|-supereffective|p1a: Registeel
|-damage|p1a: Registeel|0 fnt
|-unboost|p2a: Volcanion|spa|2
|faint|p1a: Registeel
|
|upkeep
|
|t:|1657115808
|switch|p1a: Mamoswine|Mamoswine, F|37/100
|turn|21
|j| Ragnnis
|j| tapu moxo
|
|t:|1657115822
|switch|p2a: Ditto|Ditto|11/100
|-damage|p2a: Ditto|0 fnt|[from] Stealth Rock
|faint|p2a: Ditto
|move|p1a: Mamoswine|Icicle Crash|p2: Ditto|[notarget]
|-fail|p1a: Mamoswine
|
|upkeep
|
|t:|1657115824
|switch|p2a: Volcanion|Volcanion|100/100
|-damage|p2a: Volcanion|76/100|[from] Stealth Rock
|turn|22
|j| Xfctb
|
|t:|1657115830
|move|p1a: Mamoswine|Icicle Crash|p2a: Volcanion
|-resisted|p2a: Volcanion
|-damage|p2a: Volcanion|60/100
|move|p2a: Volcanion|Sludge Wave|p1a: Mamoswine
|-resisted|p1a: Mamoswine
|-damage|p1a: Mamoswine|0 fnt
|faint|p1a: Mamoswine
|
|upkeep
|j| lizzo cabellos 2
|
|t:|1657115833
|switch|p1a: Clefable|Clefable, M|100/100
|turn|23
|
|t:|1657115835
|move|p2a: Volcanion|Sludge Wave|p1a: Clefable
|-supereffective|p1a: Clefable
|-damage|p1a: Clefable|18/100
|move|p1a: Clefable|Calm Mind|p1a: Clefable
|-boost|p1a: Clefable|spa|1
|-boost|p1a: Clefable|spd|1
|
|-heal|p1a: Clefable|24/100|[from] item: Leftovers
|upkeep
|turn|24
|l|☆will-i-am2
|inactive|will-i-am2 disconnected and has a minute to reconnect!
|player|p1|
|j| killallliving
|l| killallliving
|inactive|will-i-am2 has 30 seconds to reconnect!
|j| Mobius119
|l| Xfctb
|inactive|will-i-am2 has 20 seconds to reconnect!
|inactive|will-i-am2 has 15 seconds to reconnect!
|inactive|will-i-am2 has 10 seconds to reconnect!
|inactive|will-i-am2 has 5 seconds to reconnect!
|-message|will-i-am2 lost due to inactivity.
|
|win|cute pink team
|raw|will-i-am2's rating: 1916 &rarr; <strong>1895</strong><br />(-21 for losing)
|raw|cute pink team's rating: 1904 &rarr; <strong>1925</strong><br />(+21 for winning)
|j| Hmmmmm um um um um
||Ladder isn't responding, score probably updated but might not have (Request timeout).
|j| Boom bursttt
|j| Frost Mourn
|l| Boom bursttt
|l| lizzo cabellos 2
|j| Down$hift
|j| HEATproof111
|l| HEATproof111
|l| Frost Mourn
|j| The 8 Regions
|l| Mobius119
|j| Pok3mon
|l| Pok3mon
|j| test my tickles
|l| The 8 Regions
|l| test my tickles
|l| Hmmmmm um um um um
|l| Ragnnis
|j| Begin Testing
|j| bodki✿くコ彡
|j| amstan
|l| amstan
|j| YanDog
|l| YanDog
|l| bodki✿くコ彡
|j| retry quietly bru
|l| Begin Testing
|j| zapthotz
|j| o7 CloudyEJ
|j| clapfest
|j| gei
|l| tapu moxo
|l| gei
