|raw|<div class="broadcast-blue"><strong>This battle is required to be public due to a player having a name starting with 'lt84jm'.</div>
|j|☆Coach Jones 6fifth
|j|☆LT84JM Dasmer
|t:|1627823283
|gametype|singles
|player|p1|Coach Jones 6fifth|lusamine-nihilego|1972
|player|p2|LT84JM Dasmer|lance-gen2|1914
|teamsize|p1|6
|teamsize|p2|6
|gen|8
|tier|[Gen 8] OU
|rated|
|rule|Sleep Clause Mod: Limit one foe put to sleep
|rule|Species Clause: Limit one of each Pokémon
|rule|OHKO Clause: OHKO moves are banned
|rule|Evasion Moves Clause: Evasion moves are banned
|rule|Endless Battle Clause: Forcing endless battles is banned
|rule|HP Percentage Mod: HP is shown in percentages
|rule|Dynamax Clause: You cannot dynamax
|clearpoke
|poke|p1|Heatran, F|
|poke|p1|Rillaboom, M|
|poke|p1|Zapdos|
|poke|p1|Slowbro, M|
|poke|p1|Landorus-Therian, M|
|poke|p1|Dragapult, F|
|poke|p2|Melmetal|
|poke|p2|Magnezone|
|poke|p2|Weavile, F|
|poke|p2|Gastrodon, F|
|poke|p2|Dragonite, F|
|poke|p2|Clefable, M|
|teampreview
|j| Zephyr2007
|j| esg5vw45b4w
|j| AHS3 Coven
|
|t:|1627823331
|start
|switch|p1a: Rillaboom|Rillaboom, M|100/100
|switch|p2a: Clefable|Clefable, M|100/100
|-fieldstart|move: Grassy Terrain|[from] ability: Grassy Surge|[of] p1a: Rillaboom
|turn|1
|j| helpinghansVIB
|
|t:|1627823344
|switch|p1a: Slowbro|Slowbro, M|100/100
|switch|p2a: Dragonite|Dragonite, F|100/100
|
|upkeep
|turn|2
|j| LT84JM Stall
|j| Bloody alfa
|j| baldur77
|
|t:|1627823386
|switch|p2a: Clefable|Clefable, M|100/100
|move|p1a: Slowbro|Scald|p2a: Clefable
|-crit|p2a: Clefable
|-damage|p2a: Clefable|66/100
|
|-heal|p2a: Clefable|72/100|[from] Grassy Terrain
|upkeep
|turn|3
|inactive|Battle timer is ON: inactive players will automatically lose when time's up. (requested by LT84JM Dasmer)
|
|t:|1627823391
|move|p2a: Clefable|Trick|p1a: Slowbro
|-activate|p2a: Clefable|move: Trick|[of] p1a: Slowbro
|-item|p1a: Slowbro|Choice Scarf|[from] move: Trick
|-item|p2a: Clefable|Heavy-Duty Boots|[from] move: Trick
|move|p1a: Slowbro|Teleport|p1a: Slowbro
|j| LT84JM Black Lotus
|
|t:|1627823396
|switch|p1a: Rillaboom|Rillaboom, M|100/100|[from]move: Teleport
|
|-heal|p2a: Clefable|78/100|[from] Grassy Terrain
|upkeep
|turn|4
|j| LT84JM Lorenz
|j| uto Ray
|
|t:|1627823411
|switch|p2a: Dragonite|Dragonite, F|100/100
|move|p1a: Rillaboom|Wood Hammer|p2a: Dragonite
|-resisted|p2a: Dragonite
|-damage|p2a: Dragonite|90/100
|-damage|p1a: Rillaboom|97/100|[from] Recoil
|
|-heal|p1a: Rillaboom|100/100|[from] Grassy Terrain
|upkeep
|turn|5
|j| lt84jm cryinghard
|
|t:|1627823419
|switch|p1a: Landorus|Landorus-Therian, M|100/100
|-ability|p1a: Landorus|Intimidate|boost
|-unboost|p2a: Dragonite|atk|1
|move|p2a: Dragonite|Roost|p2a: Dragonite
|-heal|p2a: Dragonite|100/100
|-singleturn|p2a: Dragonite|move: Roost
|
|-fieldend|move: Grassy Terrain
|upkeep
|turn|6
|j| TRG PokeSol
|j| Flex OKLM
|j| skyspine
|inactive|Coach Jones 6fifth has 120 seconds left.
|j| 55th doge
|
|t:|1627823463
|move|p1a: Landorus|Stealth Rock|p2a: Dragonite
|-sidestart|p2: LT84JM Dasmer|move: Stealth Rock
|move|p2a: Dragonite|Ice Beam|p1a: Landorus
|-supereffective|p1a: Landorus
|-damage|p1a: Landorus|43/100
|
|-heal|p1a: Landorus|49/100|[from] item: Leftovers
|upkeep
|turn|7
|
|t:|1627823467
|switch|p1a: Slowbro|Slowbro, M|100/100
|move|p2a: Dragonite|Ice Beam|p1a: Slowbro
|-resisted|p1a: Slowbro
|-damage|p1a: Slowbro|90/100
|
|upkeep
|turn|8
|
|t:|1627823470
|move|p2a: Dragonite|Defog|p1a: Slowbro
|-unboost|p1a: Slowbro|evasion|1
|-sideend|p2: LT84JM Dasmer|Stealth Rock|[from] move: Defog|[of] p2a: Dragonite
|move|p1a: Slowbro|Teleport|p1a: Slowbro
|l| LT84JM Black Lotus
|
|t:|1627823473
|switch|p1a: Landorus|Landorus-Therian, M|49/100|[from]move: Teleport
|-ability|p1a: Landorus|Intimidate|boost
|-unboost|p2a: Dragonite|atk|1
|
|-heal|p1a: Landorus|55/100|[from] item: Leftovers
|upkeep
|turn|9
|
|t:|1627823475
|switch|p1a: Slowbro|Slowbro, M|100/100
|move|p2a: Dragonite|Ice Beam|p1a: Slowbro
|-resisted|p1a: Slowbro
|-damage|p1a: Slowbro|89/100
|
|upkeep
|turn|10
|l| lt84jm cryinghard
|l| Zephyr2007
|inactive|Coach Jones 6fifth has 120 seconds left.
|j| LT84JM Atsumu
|inactive|Coach Jones 6fifth has 90 seconds left.
|j| jose mourinho-o
|
|t:|1627823540
|switch|p2a: Clefable|Clefable, M|78/100
|move|p1a: Slowbro|Teleport|p1a: Slowbro
|
|t:|1627823542
|switch|p1a: Heatran|Heatran, F|100/100|[from]move: Teleport
|
|upkeep
|turn|11
|j| Cosinandolagrasi
|
|t:|1627823549
|switch|p2a: Gastrodon|Gastrodon, F|100/100
|move|p1a: Heatran|Heavy Slam|p2a: Gastrodon
|-resisted|p2a: Gastrodon
|-damage|p2a: Gastrodon|80/100
|
|-heal|p2a: Gastrodon|86/100|[from] item: Leftovers
|upkeep
|turn|12
|j| Arnav_73
|inactive|Coach Jones 6fifth has 90 seconds left.
|
|t:|1627823588
|switch|p1a: Slowbro|Slowbro, M|100/100
|move|p2a: Gastrodon|Scald|p1a: Slowbro
|-resisted|p1a: Slowbro
|-damage|p1a: Slowbro|88/100
|-status|p1a: Slowbro|brn
|
|-heal|p2a: Gastrodon|93/100|[from] item: Leftovers
|-damage|p1a: Slowbro|82/100 brn|[from] brn
|upkeep
|turn|13
|
|t:|1627823595
|switch|p2a: Melmetal|Melmetal|100/100
|move|p1a: Slowbro|Teleport|p1a: Slowbro
|
|t:|1627823597
|switch|p1a: Landorus|Landorus-Therian, M|55/100|[from]move: Teleport
|-ability|p1a: Landorus|Intimidate|boost
|-unboost|p2a: Melmetal|atk|1
|
|-heal|p1a: Landorus|61/100|[from] item: Leftovers
|upkeep
|turn|14
|
|t:|1627823600
|switch|p1a: Slowbro|Slowbro, M|100/100 brn
|move|p2a: Melmetal|Double Iron Bash|p1a: Slowbro
|-resisted|p1a: Slowbro
|-damage|p1a: Slowbro|92/100 brn
|-resisted|p1a: Slowbro
|-damage|p1a: Slowbro|83/100 brn
|-hitcount|p1a: Slowbro|2
|
|-damage|p1a: Slowbro|77/100 brn|[from] brn
|upkeep
|turn|15
|
|t:|1627823607
|switch|p2a: Gastrodon|Gastrodon, F|93/100
|move|p1a: Slowbro|Teleport|p1a: Slowbro
|
|t:|1627823618
|switch|p1a: Rillaboom|Rillaboom, M|100/100|[from]move: Teleport
|-fieldstart|move: Grassy Terrain|[from] ability: Grassy Surge|[of] p1a: Rillaboom
|
|-heal|p2a: Gastrodon|99/100|[from] Grassy Terrain
|-heal|p2a: Gastrodon|100/100|[from] item: Leftovers
|upkeep
|turn|16
|
|t:|1627823626
|switch|p2a: Clefable|Clefable, M|78/100
|move|p1a: Rillaboom|U-turn|p2a: Clefable
|-resisted|p2a: Clefable
|-damage|p2a: Clefable|62/100
|
|t:|1627823629
|switch|p1a: Heatran|Heatran, F|100/100|[from]move: U-turn
|
|-heal|p2a: Clefable|68/100|[from] Grassy Terrain
|upkeep
|turn|17
|
|t:|1627823632
|switch|p1a: Rillaboom|Rillaboom, M|100/100
|switch|p2a: Gastrodon|Gastrodon, F|100/100
|
|upkeep
|turn|18
|
|t:|1627823635
|switch|p2a: Dragonite|Dragonite, F|100/100
|move|p1a: Rillaboom|U-turn|p2a: Dragonite
|-resisted|p2a: Dragonite
|-damage|p2a: Dragonite|94/100
|
|t:|1627823637
|switch|p1a: Dragapult|Dragapult, F, shiny|100/100|[from]move: U-turn
|
|upkeep
|turn|19
|
|t:|1627823643
|switch|p2a: Gastrodon|Gastrodon, F|100/100
|move|p1a: Dragapult|U-turn|p2a: Gastrodon
|-damage|p2a: Gastrodon|81/100
|
|t:|1627823648
|switch|p1a: Rillaboom|Rillaboom, M|100/100|[from]move: U-turn
|
|-heal|p2a: Gastrodon|87/100|[from] Grassy Terrain
|-heal|p2a: Gastrodon|93/100|[from] item: Leftovers
|-fieldend|move: Grassy Terrain
|upkeep
|turn|20
|
|t:|1627823658
|switch|p2a: Dragonite|Dragonite, F|94/100
|move|p1a: Rillaboom|U-turn|p2a: Dragonite
|-resisted|p2a: Dragonite
|-damage|p2a: Dragonite|83/100
|
|t:|1627823667
|switch|p1a: Dragapult|Dragapult, F, shiny|100/100|[from]move: U-turn
|
|upkeep
|turn|21
|
|t:|1627823671
|switch|p2a: Gastrodon|Gastrodon, F|93/100
|move|p1a: Dragapult|U-turn|p2a: Gastrodon
|-damage|p2a: Gastrodon|74/100
|
|t:|1627823673
|switch|p1a: Rillaboom|Rillaboom, M|100/100|[from]move: U-turn
|-fieldstart|move: Grassy Terrain|[from] ability: Grassy Surge|[of] p1a: Rillaboom
|
|-heal|p2a: Gastrodon|80/100|[from] Grassy Terrain
|-heal|p2a: Gastrodon|86/100|[from] item: Leftovers
|upkeep
|turn|22
|
|t:|1627823680
|switch|p2a: Melmetal|Melmetal|100/100
|move|p1a: Rillaboom|U-turn|p2a: Melmetal
|-resisted|p2a: Melmetal
|-crit|p2a: Melmetal
|-damage|p2a: Melmetal|85/100
|
|t:|1627823683
|switch|p1a: Zapdos|Zapdos|100/100|[from]move: U-turn
|
|-heal|p2a: Melmetal|91/100|[from] Grassy Terrain
|-heal|p2a: Melmetal|97/100|[from] item: Leftovers
|upkeep
|turn|23
|
|t:|1627823693
|switch|p2a: Gastrodon|Gastrodon, F|86/100
|move|p1a: Zapdos|Volt Switch|p2a: Gastrodon
|-immune|p2a: Gastrodon
|
|-heal|p2a: Gastrodon|93/100|[from] Grassy Terrain
|-heal|p2a: Gastrodon|99/100|[from] item: Leftovers
|upkeep
|turn|24
|
|t:|1627823699
|switch|p1a: Slowbro|Slowbro, M|100/100 brn
|move|p2a: Gastrodon|Toxic||[still]
|-fail|p2a: Gastrodon
|
|-heal|p2a: Gastrodon|100/100|[from] Grassy Terrain
|-damage|p1a: Slowbro|94/100 brn|[from] brn
|upkeep
|turn|25
|
|t:|1627823708
|move|p2a: Gastrodon|Scald|p1a: Slowbro
|-resisted|p1a: Slowbro
|-damage|p1a: Slowbro|81/100 brn
|move|p1a: Slowbro|Teleport|p1a: Slowbro
|l| baldur77
|inactive|Coach Jones 6fifth has 120 seconds left.
|l| jose mourinho-o
|
|t:|1627823758
|switch|p1a: Rillaboom|Rillaboom, M|100/100|[from]move: Teleport
|
|-fieldend|move: Grassy Terrain
|upkeep
|turn|26
|
|t:|1627823767
|switch|p2a: Dragonite|Dragonite, F|83/100
|move|p1a: Rillaboom|U-turn|p2a: Dragonite
|-resisted|p2a: Dragonite
|-damage|p2a: Dragonite|72/100
|
|t:|1627823770
|switch|p1a: Dragapult|Dragapult, F, shiny|100/100|[from]move: U-turn
|
|upkeep
|turn|27
|inactive|Coach Jones 6fifth has 120 seconds left.
|l| TRG PokeSol
|
|t:|1627823779
|switch|p2a: Gastrodon|Gastrodon, F|100/100
|move|p1a: Dragapult|U-turn|p2a: Gastrodon
|-damage|p2a: Gastrodon|81/100
|
|t:|1627823781
|switch|p1a: Rillaboom|Rillaboom, M|100/100|[from]move: U-turn
|-fieldstart|move: Grassy Terrain|[from] ability: Grassy Surge|[of] p1a: Rillaboom
|
|-heal|p2a: Gastrodon|87/100|[from] Grassy Terrain
|-heal|p2a: Gastrodon|93/100|[from] item: Leftovers
|upkeep
|turn|28
|
|t:|1627823784
|switch|p2a: Dragonite|Dragonite, F|72/100
|move|p1a: Rillaboom|U-turn|p2a: Dragonite
|-resisted|p2a: Dragonite
|-damage|p2a: Dragonite|61/100
|
|t:|1627823787
|switch|p1a: Dragapult|Dragapult, F, shiny|100/100|[from]move: U-turn
|
|upkeep
|turn|29
|
|t:|1627823793
|switch|p2a: Clefable|Clefable, M|68/100
|move|p1a: Dragapult|Draco Meteor|p2a: Clefable
|-immune|p2a: Clefable
|
|-heal|p2a: Clefable|74/100|[from] Grassy Terrain
|upkeep
|turn|30
|n| Sword n shields|cosinandolagrasi
|
|t:|1627823804
|switch|p1a: Heatran|Heatran, F|100/100
|move|p2a: Clefable|Stealth Rock|p1a: Heatran
|-sidestart|p1: Coach Jones 6fifth|move: Stealth Rock
|
|-heal|p2a: Clefable|80/100|[from] Grassy Terrain
|upkeep
|turn|31
|
|t:|1627823808
|switch|p2a: Gastrodon|Gastrodon, F|93/100
|move|p1a: Heatran|Taunt|p2a: Gastrodon
|-start|p2a: Gastrodon|move: Taunt
|
|-heal|p2a: Gastrodon|99/100|[from] Grassy Terrain
|-heal|p2a: Gastrodon|100/100|[from] item: Leftovers
|-fieldend|move: Grassy Terrain
|upkeep
|turn|32
|
|t:|1627823816
|switch|p1a: Zapdos|Zapdos|100/100
|move|p2a: Gastrodon|Earthquake|p1a: Zapdos
|-immune|p1a: Zapdos
|
|upkeep
|turn|33
|n| Sword n shields|swordnshields
|
|t:|1627823819
|move|p1a: Zapdos|Defog|p2a: Gastrodon
|-unboost|p2a: Gastrodon|evasion|1
|-sideend|p1: Coach Jones 6fifth|Stealth Rock|[from] move: Defog|[of] p1a: Zapdos
|move|p2a: Gastrodon|Scald|p1a: Zapdos
|-damage|p1a: Zapdos|75/100
|-status|p1a: Zapdos|brn
|
|-damage|p1a: Zapdos|69/100 brn|[from] brn
|-end|p2a: Gastrodon|move: Taunt
|upkeep
|turn|34
|l| Sword n shields
|
|t:|1627823823
|move|p1a: Zapdos|Roost|p1a: Zapdos
|-heal|p1a: Zapdos|100/100 brn
|-singleturn|p1a: Zapdos|move: Roost
|move|p2a: Gastrodon|Earthquake|p1a: Zapdos
|-supereffective|p1a: Zapdos
|-damage|p1a: Zapdos|55/100 brn
|
|-damage|p1a: Zapdos|49/100 brn|[from] brn
|upkeep
|turn|35
|
|t:|1627823827
|move|p1a: Zapdos|Roost|p1a: Zapdos
|-heal|p1a: Zapdos|99/100 brn
|-singleturn|p1a: Zapdos|move: Roost
|move|p2a: Gastrodon|Scald|p1a: Zapdos
|-damage|p1a: Zapdos|75/100 brn
|
|-damage|p1a: Zapdos|69/100 brn|[from] brn
|upkeep
|turn|36
|
|t:|1627823829
|switch|p1a: Slowbro|Slowbro, M|100/100 brn
|move|p2a: Gastrodon|Scald|p1a: Slowbro
|-resisted|p1a: Slowbro
|-damage|p1a: Slowbro|88/100 brn
|
|-damage|p1a: Slowbro|82/100 brn|[from] brn
|upkeep
|turn|37
|
|t:|1627823840
|move|p2a: Gastrodon|Earthquake|p1a: Slowbro
|-damage|p1a: Slowbro|66/100 brn
|move|p1a: Slowbro|Teleport|p1a: Slowbro
|
|t:|1627823843
|switch|p1a: Rillaboom|Rillaboom, M|100/100|[from]move: Teleport
|-fieldstart|move: Grassy Terrain|[from] ability: Grassy Surge|[of] p1a: Rillaboom
|
|upkeep
|turn|38
|
|t:|1627823849
|switch|p2a: Melmetal|Melmetal|97/100
|move|p1a: Rillaboom|U-turn|p2a: Melmetal
|-resisted|p2a: Melmetal
|-damage|p2a: Melmetal|86/100
|
|t:|1627823853
|switch|p1a: Landorus|Landorus-Therian, M|61/100|[from]move: U-turn
|-ability|p1a: Landorus|Intimidate|boost
|-unboost|p2a: Melmetal|atk|1
|
|-heal|p1a: Landorus|67/100|[from] item: Leftovers
|-heal|p2a: Melmetal|92/100|[from] Grassy Terrain
|-heal|p2a: Melmetal|98/100|[from] item: Leftovers
|upkeep
|turn|39
|
|t:|1627823856
|move|p1a: Landorus|Knock Off|p2a: Melmetal
|-damage|p2a: Melmetal|80/100
|-enditem|p2a: Melmetal|Leftovers|[from] move: Knock Off|[of] p1a: Landorus
|move|p2a: Melmetal|Toxic|p1a: Landorus
|-status|p1a: Landorus|tox
|
|-heal|p1a: Landorus|73/100 tox|[from] item: Leftovers
|-heal|p2a: Melmetal|86/100|[from] Grassy Terrain
|-damage|p1a: Landorus|67/100 tox|[from] psn
|upkeep
|turn|40
|
|t:|1627823861
|switch|p1a: Slowbro|Slowbro, M|99/100 brn
|move|p2a: Melmetal|Double Iron Bash|p1a: Slowbro
|-resisted|p1a: Slowbro
|-damage|p1a: Slowbro|91/100 brn
|-resisted|p1a: Slowbro
|-damage|p1a: Slowbro|81/100 brn
|-hitcount|p1a: Slowbro|2
|
|-heal|p1a: Slowbro|87/100 brn|[from] Grassy Terrain
|-heal|p2a: Melmetal|92/100|[from] Grassy Terrain
|-damage|p1a: Slowbro|81/100 brn|[from] brn
|upkeep
|turn|41
|
|t:|1627823866
|move|p2a: Melmetal|Earthquake|p1a: Slowbro
|-damage|p1a: Slowbro|74/100 brn
|move|p1a: Slowbro|Teleport|p1a: Slowbro
|
|t:|1627823869
|switch|p1a: Landorus|Landorus-Therian, M|67/100 tox|[from]move: Teleport
|-ability|p1a: Landorus|Intimidate|boost
|-unboost|p2a: Melmetal|atk|1
|
|-heal|p1a: Landorus|73/100 tox|[from] item: Leftovers
|-heal|p2a: Melmetal|99/100|[from] Grassy Terrain
|-damage|p1a: Landorus|67/100 tox|[from] psn
|-fieldend|move: Grassy Terrain
|upkeep
|turn|42
|
|t:|1627823875
|switch|p1a: Slowbro|Slowbro, M|100/100 brn
|switch|p2a: Dragonite|Dragonite, F|61/100
|
|-damage|p1a: Slowbro|94/100 brn|[from] brn
|upkeep
|turn|43
|
|t:|1627823877
|move|p2a: Dragonite|Roost|p2a: Dragonite
|-heal|p2a: Dragonite|100/100
|-singleturn|p2a: Dragonite|move: Roost
|move|p1a: Slowbro|Ice Beam|p2a: Dragonite
|-supereffective|p2a: Dragonite
|-damage|p2a: Dragonite|81/100
|
|-damage|p1a: Slowbro|88/100 brn|[from] brn
|upkeep
|turn|44
|
|t:|1627823891
|switch|p2a: Weavile|Weavile, F|100/100
|-ability|p2a: Weavile|Pressure
|switch|p1a: Dragapult|Dragapult, F, shiny|100/100
|
|upkeep
|turn|45
|
|t:|1627823894
|switch|p2a: Gastrodon|Gastrodon, F|100/100
|move|p1a: Dragapult|Flamethrower|p2a: Gastrodon
|-resisted|p2a: Gastrodon
|-damage|p2a: Gastrodon|89/100
|
|-heal|p2a: Gastrodon|95/100|[from] item: Leftovers
|upkeep
|turn|46
|
|t:|1627823900
|switch|p1a: Slowbro|Slowbro, M|100/100 brn
|switch|p2a: Weavile|Weavile, F|100/100
|-ability|p2a: Weavile|Pressure
|
|-damage|p1a: Slowbro|94/100 brn|[from] brn
|upkeep
|turn|47
|
|t:|1627823905
|switch|p2a: Gastrodon|Gastrodon, F|95/100
|move|p1a: Slowbro|Teleport|p1a: Slowbro
|
|t:|1627823907
|switch|p1a: Rillaboom|Rillaboom, M|100/100|[from]move: Teleport
|-fieldstart|move: Grassy Terrain|[from] ability: Grassy Surge|[of] p1a: Rillaboom
|
|-heal|p2a: Gastrodon|100/100|[from] Grassy Terrain
|upkeep
|turn|48
|
|t:|1627823914
|switch|p2a: Melmetal|Melmetal|99/100
|move|p1a: Rillaboom|U-turn|p2a: Melmetal
|-resisted|p2a: Melmetal
|-damage|p2a: Melmetal|88/100
|
|t:|1627823921
|switch|p1a: Slowbro|Slowbro, M|100/100 brn|[from]move: U-turn
|
|-heal|p2a: Melmetal|94/100|[from] Grassy Terrain
|-damage|p1a: Slowbro|94/100 brn|[from] brn
|upkeep
|turn|49
|
|t:|1627823926
|switch|p2a: Gastrodon|Gastrodon, F|100/100
|move|p1a: Slowbro|Teleport|p1a: Slowbro
|
|t:|1627823928
|switch|p1a: Rillaboom|Rillaboom, M|100/100|[from]move: Teleport
|
|upkeep
|turn|50
|
|t:|1627823934
|switch|p2a: Dragonite|Dragonite, F|81/100
|move|p1a: Rillaboom|Superpower|p2a: Dragonite
|-resisted|p2a: Dragonite
|-damage|p2a: Dragonite|62/100
|-unboost|p1a: Rillaboom|atk|1
|-unboost|p1a: Rillaboom|def|1
|
|upkeep
|turn|51
|
|t:|1627823938
|switch|p1a: Slowbro|Slowbro, M|100/100 brn
|move|p2a: Dragonite|Roost|p2a: Dragonite
|-heal|p2a: Dragonite|100/100
|-singleturn|p2a: Dragonite|move: Roost
|
|-damage|p1a: Slowbro|94/100 brn|[from] brn
|-fieldend|move: Grassy Terrain
|upkeep
|turn|52
|
|t:|1627823944
|switch|p2a: Gastrodon|Gastrodon, F|100/100
|move|p1a: Slowbro|Teleport|p1a: Slowbro
|
|t:|1627823946
|switch|p1a: Rillaboom|Rillaboom, M|100/100|[from]move: Teleport
|-fieldstart|move: Grassy Terrain|[from] ability: Grassy Surge|[of] p1a: Rillaboom
|
|upkeep
|turn|53
|j| Buko2k
|
|t:|1627823954
|switch|p2a: Dragonite|Dragonite, F|100/100
|move|p1a: Rillaboom|U-turn|p2a: Dragonite
|-resisted|p2a: Dragonite
|-damage|p2a: Dragonite|94/100
|
|t:|1627823956
|switch|p1a: Dragapult|Dragapult, F, shiny|100/100|[from]move: U-turn
|
|upkeep
|turn|54
|
|t:|1627823961
|switch|p2a: Gastrodon|Gastrodon, F|100/100
|move|p1a: Dragapult|U-turn|p2a: Gastrodon
|-damage|p2a: Gastrodon|83/100
|
|t:|1627823963
|switch|p1a: Rillaboom|Rillaboom, M|100/100|[from]move: U-turn
|
|-heal|p2a: Gastrodon|89/100|[from] Grassy Terrain
|-heal|p2a: Gastrodon|96/100|[from] item: Leftovers
|upkeep
|turn|55
|
|t:|1627823973
|switch|p2a: Clefable|Clefable, M|80/100
|move|p1a: Rillaboom|U-turn|p2a: Clefable
|-resisted|p2a: Clefable
|-damage|p2a: Clefable|65/100
|
|t:|1627823980
|switch|p1a: Heatran|Heatran, F|100/100|[from]move: U-turn
|
|-heal|p2a: Clefable|72/100|[from] Grassy Terrain
|upkeep
|turn|56
|
|t:|1627823984
|switch|p1a: Rillaboom|Rillaboom, M|100/100
|switch|p2a: Gastrodon|Gastrodon, F|96/100
|
|-heal|p2a: Gastrodon|100/100|[from] Grassy Terrain
|-fieldend|move: Grassy Terrain
|upkeep
|turn|57
|
|t:|1627823993
|switch|p2a: Dragonite|Dragonite, F|94/100
|move|p1a: Rillaboom|U-turn|p2a: Dragonite
|-resisted|p2a: Dragonite
|-damage|p2a: Dragonite|82/100
|
|t:|1627823995
|switch|p1a: Dragapult|Dragapult, F, shiny|100/100|[from]move: U-turn
|
|upkeep
|turn|58
|
|t:|1627824000
|switch|p2a: Gastrodon|Gastrodon, F|100/100
|move|p1a: Dragapult|U-turn|p2a: Gastrodon
|-damage|p2a: Gastrodon|82/100
|
|t:|1627824003
|switch|p1a: Rillaboom|Rillaboom, M|100/100|[from]move: U-turn
|-fieldstart|move: Grassy Terrain|[from] ability: Grassy Surge|[of] p1a: Rillaboom
|
|-heal|p2a: Gastrodon|88/100|[from] Grassy Terrain
|-heal|p2a: Gastrodon|94/100|[from] item: Leftovers
|upkeep
|turn|59
|
|t:|1627824006
|switch|p2a: Dragonite|Dragonite, F|82/100
|move|p1a: Rillaboom|U-turn|p2a: Dragonite
|-resisted|p2a: Dragonite
|-crit|p2a: Dragonite
|-damage|p2a: Dragonite|66/100
|
|t:|1627824007
|switch|p1a: Dragapult|Dragapult, F, shiny|100/100|[from]move: U-turn
|
|upkeep
|turn|60
|
|t:|1627824011
|switch|p2a: Gastrodon|Gastrodon, F|94/100
|move|p1a: Dragapult|U-turn|p2a: Gastrodon
|-damage|p2a: Gastrodon|77/100
|
|t:|1627824013
|switch|p1a: Rillaboom|Rillaboom, M|100/100|[from]move: U-turn
|
|-heal|p2a: Gastrodon|83/100|[from] Grassy Terrain
|-heal|p2a: Gastrodon|89/100|[from] item: Leftovers
|upkeep
|turn|61
|
|t:|1627824016
|move|p1a: Rillaboom|U-turn|p2a: Gastrodon
|-damage|p2a: Gastrodon|49/100
|
|t:|1627824019
|switch|p1a: Slowbro|Slowbro, M|100/100 brn|[from]move: U-turn
|move|p2a: Gastrodon|Scald|p1a: Slowbro
|-resisted|p1a: Slowbro
|-damage|p1a: Slowbro|86/100 brn
|
|-heal|p1a: Slowbro|92/100 brn|[from] Grassy Terrain
|-heal|p2a: Gastrodon|55/100|[from] Grassy Terrain
|-heal|p2a: Gastrodon|61/100|[from] item: Leftovers
|-damage|p1a: Slowbro|86/100 brn|[from] brn
|upkeep
|turn|62
|
|t:|1627824024
|move|p2a: Gastrodon|Recover|p2a: Gastrodon
|-heal|p2a: Gastrodon|100/100
|move|p1a: Slowbro|Teleport|p1a: Slowbro
|
|t:|1627824046
|switch|p1a: Rillaboom|Rillaboom, M|100/100|[from]move: Teleport
|
|-fieldend|move: Grassy Terrain
|upkeep
|turn|63
|
|t:|1627824058
|move|p1a: Rillaboom|U-turn|p2a: Gastrodon
|-damage|p2a: Gastrodon|61/100
|inactive|Coach Jones 6fifth has 120 seconds left.
|
|t:|1627824084
|switch|p1a: Slowbro|Slowbro, M|100/100 brn|[from]move: U-turn
|move|p2a: Gastrodon|Recover|p2a: Gastrodon
|-heal|p2a: Gastrodon|100/100
|
|-damage|p1a: Slowbro|94/100 brn|[from] brn
|upkeep
|turn|64
|
|t:|1627824093
|switch|p2a: Dragonite|Dragonite, F|66/100
|move|p1a: Slowbro|Teleport|p1a: Slowbro
|
|t:|1627824096
|switch|p1a: Dragapult|Dragapult, F, shiny|100/100|[from]move: Teleport
|
|upkeep
|turn|65
|
|t:|1627824100
|switch|p2a: Gastrodon|Gastrodon, F|100/100
|move|p1a: Dragapult|U-turn|p2a: Gastrodon
|-damage|p2a: Gastrodon|82/100
|
|t:|1627824101
|switch|p1a: Rillaboom|Rillaboom, M|100/100|[from]move: U-turn
|-fieldstart|move: Grassy Terrain|[from] ability: Grassy Surge|[of] p1a: Rillaboom
|
|-heal|p2a: Gastrodon|88/100|[from] Grassy Terrain
|-heal|p2a: Gastrodon|94/100|[from] item: Leftovers
|upkeep
|turn|66
|
|t:|1627824110
|switch|p2a: Melmetal|Melmetal|94/100
|move|p1a: Rillaboom|U-turn|p2a: Melmetal
|-resisted|p2a: Melmetal
|-damage|p2a: Melmetal|82/100
|
|t:|1627824112
|switch|p1a: Dragapult|Dragapult, F, shiny|100/100|[from]move: U-turn
|
|-heal|p2a: Melmetal|89/100|[from] Grassy Terrain
|upkeep
|turn|67
|
|t:|1627824116
|move|p2a: Melmetal|Protect|p2a: Melmetal
|-singleturn|p2a: Melmetal|Protect
|move|p1a: Dragapult|U-turn|p2a: Melmetal
|-activate|p2a: Melmetal|move: Protect
|
|-heal|p2a: Melmetal|95/100|[from] Grassy Terrain
|upkeep
|turn|68
|
|t:|1627824124
|switch|p2a: Dragonite|Dragonite, F|66/100
|move|p1a: Dragapult|U-turn|p2a: Dragonite
|-resisted|p2a: Dragonite
|-damage|p2a: Dragonite|60/100
|
|t:|1627824129
|switch|p1a: Landorus|Landorus-Therian, M|67/100 tox|[from]move: U-turn
|-ability|p1a: Landorus|Intimidate|boost
|-unboost|p2a: Dragonite|atk|1
|
|-heal|p1a: Landorus|73/100 tox|[from] item: Leftovers
|-damage|p1a: Landorus|67/100 tox|[from] psn
|upkeep
|turn|69
|
|t:|1627824137
|move|p1a: Landorus|Toxic|p2a: Dragonite
|-status|p2a: Dragonite|tox
|move|p2a: Dragonite|Ice Beam|p1a: Landorus
|-supereffective|p1a: Landorus
|-damage|p1a: Landorus|3/100 tox
|
|-heal|p1a: Landorus|9/100 tox|[from] item: Leftovers
|-damage|p1a: Landorus|0 fnt|[from] psn
|faint|p1a: Landorus
|-damage|p2a: Dragonite|54/100 tox|[from] psn
|-fieldend|move: Grassy Terrain
|upkeep
|
|t:|1627824142
|switch|p1a: Dragapult|Dragapult, F, shiny|100/100
|turn|70
|
|t:|1627824148
|switch|p2a: Gastrodon|Gastrodon, F|94/100
|move|p1a: Dragapult|U-turn|p2a: Gastrodon
|-damage|p2a: Gastrodon|77/100
|
|t:|1627824149
|switch|p1a: Rillaboom|Rillaboom, M|100/100|[from]move: U-turn
|-fieldstart|move: Grassy Terrain|[from] ability: Grassy Surge|[of] p1a: Rillaboom
|
|-heal|p2a: Gastrodon|83/100|[from] Grassy Terrain
|-heal|p2a: Gastrodon|89/100|[from] item: Leftovers
|upkeep
|turn|71
|
|t:|1627824157
|switch|p2a: Magnezone|Magnezone|100/100
|move|p1a: Rillaboom|U-turn|p2a: Magnezone
|-resisted|p2a: Magnezone
|-damage|p2a: Magnezone|85/100
|
|t:|1627824179
|switch|p1a: Dragapult|Dragapult, F, shiny|100/100|[from]move: U-turn
|
|-heal|p2a: Magnezone|91/100|[from] Grassy Terrain
|-heal|p2a: Magnezone|97/100|[from] item: Leftovers
|upkeep
|turn|72
|j| WildZacian
|inactive|LT84JM Dasmer has 120 seconds left.
|
|t:|1627824212
|switch|p2a: Gastrodon|Gastrodon, F|89/100
|move|p1a: Dragapult|Shadow Ball|p2a: Gastrodon
|-damage|p2a: Gastrodon|53/100
|
|-heal|p2a: Gastrodon|59/100|[from] Grassy Terrain
|-heal|p2a: Gastrodon|65/100|[from] item: Leftovers
|upkeep
|turn|73
|inactive|LT84JM Dasmer has 120 seconds left.
|
|t:|1627824220
|switch|p1a: Slowbro|Slowbro, M|100/100 brn
|move|p2a: Gastrodon|Toxic||[still]
|-fail|p2a: Gastrodon
|
|-heal|p2a: Gastrodon|71/100|[from] Grassy Terrain
|-heal|p2a: Gastrodon|77/100|[from] item: Leftovers
|-damage|p1a: Slowbro|94/100 brn|[from] brn
|upkeep
|turn|74
|j| LT84JM womenfist
|inactive|LT84JM Dasmer has 120 seconds left.
|
|t:|1627824226
|move|p2a: Gastrodon|Earthquake|p1a: Slowbro
|-damage|p1a: Slowbro|86/100 brn
|move|p1a: Slowbro|Teleport|p1a: Slowbro
|
|t:|1627824229
|switch|p1a: Rillaboom|Rillaboom, M|100/100|[from]move: Teleport
|
|-heal|p2a: Gastrodon|83/100|[from] Grassy Terrain
|-heal|p2a: Gastrodon|89/100|[from] item: Leftovers
|-fieldend|move: Grassy Terrain
|upkeep
|turn|75
|j| Ayouko
|
|t:|1627824238
|switch|p2a: Dragonite|Dragonite, F|54/100 tox
|move|p1a: Rillaboom|U-turn|p2a: Dragonite
|-resisted|p2a: Dragonite
|-damage|p2a: Dragonite|42/100 tox
|
|t:|1627824240
|switch|p1a: Dragapult|Dragapult, F, shiny|100/100|[from]move: U-turn
|
|-damage|p2a: Dragonite|35/100 tox|[from] psn
|upkeep
|turn|76
|
|t:|1627824245
|switch|p2a: Gastrodon|Gastrodon, F|89/100
|move|p1a: Dragapult|U-turn|p2a: Gastrodon
|-damage|p2a: Gastrodon|71/100
|
|t:|1627824246
|switch|p1a: Rillaboom|Rillaboom, M|100/100|[from]move: U-turn
|-fieldstart|move: Grassy Terrain|[from] ability: Grassy Surge|[of] p1a: Rillaboom
|
|-heal|p2a: Gastrodon|77/100|[from] Grassy Terrain
|-heal|p2a: Gastrodon|83/100|[from] item: Leftovers
|upkeep
|turn|77
|
|t:|1627824251
|switch|p2a: Melmetal|Melmetal|95/100
|move|p1a: Rillaboom|Wood Hammer|p2a: Melmetal
|-resisted|p2a: Melmetal
|-damage|p2a: Melmetal|57/100
|-damage|p1a: Rillaboom|86/100|[from] Recoil
|
|-heal|p1a: Rillaboom|92/100|[from] Grassy Terrain
|-heal|p2a: Melmetal|63/100|[from] Grassy Terrain
|upkeep
|turn|78
|
|t:|1627824257
|switch|p1a: Heatran|Heatran, F|100/100
|move|p2a: Melmetal|Double Iron Bash|p1a: Heatran
|-resisted|p1a: Heatran
|-damage|p1a: Heatran|92/100
|-resisted|p1a: Heatran
|-damage|p1a: Heatran|83/100
|-hitcount|p1a: Heatran|2
|
|-heal|p1a: Heatran|90/100|[from] Grassy Terrain
|-heal|p1a: Heatran|96/100|[from] item: Leftovers
|-heal|p2a: Melmetal|69/100|[from] Grassy Terrain
|upkeep
|turn|79
|
|t:|1627824260
|move|p2a: Melmetal|Protect|p2a: Melmetal
|-singleturn|p2a: Melmetal|Protect
|move|p1a: Heatran|Magma Storm|p2a: Melmetal
|-activate|p2a: Melmetal|move: Protect
|
|-heal|p1a: Heatran|100/100|[from] Grassy Terrain
|-heal|p2a: Melmetal|75/100|[from] Grassy Terrain
|upkeep
|turn|80
|
|t:|1627824264
|switch|p2a: Gastrodon|Gastrodon, F|83/100
|move|p1a: Heatran|Magma Storm|p2a: Gastrodon
|-resisted|p2a: Gastrodon
|-damage|p2a: Gastrodon|68/100
|-activate|p2a: Gastrodon|move: Magma Storm|[of] p1a: Heatran
|
|-heal|p2a: Gastrodon|74/100|[from] Grassy Terrain
|-heal|p2a: Gastrodon|81/100|[from] item: Leftovers
|-damage|p2a: Gastrodon|68/100|[from] move: Magma Storm|[partiallytrapped]
|-fieldend|move: Grassy Terrain
|upkeep
|turn|81
|
|t:|1627824267
|switch|p1a: Slowbro|Slowbro, M|100/100 brn
|move|p2a: Gastrodon|Earthquake|p1a: Slowbro
|-damage|p1a: Slowbro|82/100 brn
|
|-heal|p2a: Gastrodon|74/100|[from] item: Leftovers
|-damage|p1a: Slowbro|76/100 brn|[from] brn
|-end|p2a: Gastrodon|Magma Storm|[partiallytrapped]|[silent]
|upkeep
|turn|82
|
|t:|1627824271
|switch|p2a: Melmetal|Melmetal|75/100
|move|p1a: Slowbro|Teleport|p1a: Slowbro
|
|t:|1627824274
|switch|p1a: Dragapult|Dragapult, F, shiny|100/100|[from]move: Teleport
|
|upkeep
|turn|83
|
|t:|1627824276
|move|p2a: Melmetal|Protect|p2a: Melmetal
|-singleturn|p2a: Melmetal|Protect
|move|p1a: Dragapult|U-turn|p2a: Melmetal
|-activate|p2a: Melmetal|move: Protect
|
|upkeep
|turn|84
|
|t:|1627824284
|switch|p2a: Clefable|Clefable, M|72/100
|move|p1a: Dragapult|U-turn|p2a: Clefable
|-resisted|p2a: Clefable
|-damage|p2a: Clefable|65/100
|
|t:|1627824285
|switch|p1a: Rillaboom|Rillaboom, M|92/100|[from]move: U-turn
|-fieldstart|move: Grassy Terrain|[from] ability: Grassy Surge|[of] p1a: Rillaboom
|
|-heal|p1a: Rillaboom|98/100|[from] Grassy Terrain
|-heal|p2a: Clefable|71/100|[from] Grassy Terrain
|upkeep
|turn|85
|
|t:|1627824293
|switch|p2a: Magnezone|Magnezone|97/100
|move|p1a: Rillaboom|Wood Hammer|p2a: Magnezone
|-resisted|p2a: Magnezone
|-damage|p2a: Magnezone|46/100
|-damage|p1a: Rillaboom|83/100|[from] Recoil
|
|-heal|p1a: Rillaboom|90/100|[from] Grassy Terrain
|-heal|p2a: Magnezone|53/100|[from] Grassy Terrain
|-heal|p2a: Magnezone|59/100|[from] item: Leftovers
|upkeep
|turn|86
|c| 55th doge|51
|
|t:|1627824303
|switch|p1a: Dragapult|Dragapult, F, shiny|100/100
|move|p2a: Magnezone|Body Press|p1a: Dragapult
|-immune|p1a: Dragapult
|
|-heal|p2a: Magnezone|65/100|[from] Grassy Terrain
|-heal|p2a: Magnezone|71/100|[from] item: Leftovers
|upkeep
|turn|87
|c| 55th doge|Holy
|
|t:|1627824310
|switch|p2a: Gastrodon|Gastrodon, F|74/100
|move|p1a: Dragapult|U-turn|p2a: Gastrodon
|-damage|p2a: Gastrodon|54/100
|
|t:|1627824311
|switch|p1a: Rillaboom|Rillaboom, M|90/100|[from]move: U-turn
|
|-heal|p1a: Rillaboom|96/100|[from] Grassy Terrain
|-heal|p2a: Gastrodon|60/100|[from] Grassy Terrain
|-heal|p2a: Gastrodon|66/100|[from] item: Leftovers
|upkeep
|turn|88
|
|t:|1627824319
|switch|p2a: Magnezone|Magnezone|71/100
|move|p1a: Rillaboom|Wood Hammer|p2a: Magnezone
|-resisted|p2a: Magnezone
|-crit|p2a: Magnezone
|-damage|p2a: Magnezone|0 fnt
|faint|p2a: Magnezone
|-damage|p1a: Rillaboom|76/100|[from] Recoil
|
|-heal|p1a: Rillaboom|82/100|[from] Grassy Terrain
|-fieldend|move: Grassy Terrain
|upkeep
|
|t:|1627824329
|switch|p2a: Weavile|Weavile, F|100/100
|-ability|p2a: Weavile|Pressure
|turn|89
|
|t:|1627824332
|switch|p1a: Heatran|Heatran, F|100/100
|move|p2a: Weavile|Knock Off|p1a: Heatran
|-damage|p1a: Heatran|59/100
|-enditem|p1a: Heatran|Leftovers|[from] move: Knock Off|[of] p2a: Weavile
|
|upkeep
|turn|90
|
|t:|1627824339
|switch|p2a: Gastrodon|Gastrodon, F|66/100
|switch|p1a: Rillaboom|Rillaboom, M|82/100
|-fieldstart|move: Grassy Terrain|[from] ability: Grassy Surge|[of] p1a: Rillaboom
|
|-heal|p1a: Rillaboom|88/100|[from] Grassy Terrain
|-heal|p2a: Gastrodon|72/100|[from] Grassy Terrain
|-heal|p2a: Gastrodon|78/100|[from] item: Leftovers
|upkeep
|turn|91
|
|t:|1627824346
|switch|p2a: Dragonite|Dragonite, F|35/100 tox
|move|p1a: Rillaboom|Superpower|p2a: Dragonite
|-resisted|p2a: Dragonite
|-damage|p2a: Dragonite|16/100 tox
|-unboost|p1a: Rillaboom|atk|1
|-unboost|p1a: Rillaboom|def|1
|
|-heal|p1a: Rillaboom|94/100|[from] Grassy Terrain
|-damage|p2a: Dragonite|10/100 tox|[from] psn
|upkeep
|turn|92
|
|t:|1627824349
|switch|p2a: Clefable|Clefable, M|71/100
|move|p1a: Rillaboom|Superpower|p2a: Clefable
|-resisted|p2a: Clefable
|-damage|p2a: Clefable|53/100
|-unboost|p1a: Rillaboom|atk|1
|-unboost|p1a: Rillaboom|def|1
|
|-heal|p1a: Rillaboom|99/100|[from] Grassy Terrain
|-heal|p2a: Clefable|59/100|[from] Grassy Terrain
|upkeep
|turn|93
|
|t:|1627824352
|switch|p1a: Heatran|Heatran, F|59/100
|move|p2a: Clefable|Stealth Rock|p1a: Heatran
|-sidestart|p1: Coach Jones 6fifth|move: Stealth Rock
|
|-heal|p1a: Heatran|65/100|[from] Grassy Terrain
|-heal|p2a: Clefable|65/100|[from] Grassy Terrain
|upkeep
|turn|94
|
|t:|1627824355
|switch|p2a: Gastrodon|Gastrodon, F|78/100
|move|p1a: Heatran|Magma Storm|p2a: Gastrodon
|-resisted|p2a: Gastrodon
|-damage|p2a: Gastrodon|63/100
|-activate|p2a: Gastrodon|move: Magma Storm|[of] p1a: Heatran
|
|-heal|p1a: Heatran|71/100|[from] Grassy Terrain
|-heal|p2a: Gastrodon|70/100|[from] Grassy Terrain
|-heal|p2a: Gastrodon|76/100|[from] item: Leftovers
|-damage|p2a: Gastrodon|63/100|[from] move: Magma Storm|[partiallytrapped]
|-fieldend|move: Grassy Terrain
|upkeep
|turn|95
|
|t:|1627824359
|switch|p1a: Zapdos|Zapdos|69/100 brn
|move|p2a: Gastrodon|Scald|p1a: Zapdos
|-damage|p1a: Zapdos|43/100 brn
|
|-heal|p2a: Gastrodon|69/100|[from] item: Leftovers
|-damage|p1a: Zapdos|37/100 brn|[from] brn
|-end|p2a: Gastrodon|Magma Storm|[partiallytrapped]|[silent]
|upkeep
|turn|96
|
|t:|1627824363
|move|p1a: Zapdos|Defog|p2a: Gastrodon
|-unboost|p2a: Gastrodon|evasion|1
|-sideend|p1: Coach Jones 6fifth|Stealth Rock|[from] move: Defog|[of] p1a: Zapdos
|move|p2a: Gastrodon|Earthquake|p1a: Zapdos
|-immune|p1a: Zapdos
|
|-heal|p2a: Gastrodon|75/100|[from] item: Leftovers
|-damage|p1a: Zapdos|31/100 brn|[from] brn
|upkeep
|turn|97
|
|t:|1627824367
|switch|p1a: Rillaboom|Rillaboom, M|99/100
|-fieldstart|move: Grassy Terrain|[from] ability: Grassy Surge|[of] p1a: Rillaboom
|move|p2a: Gastrodon|Earthquake|p1a: Rillaboom
|-resisted|p1a: Rillaboom
|-damage|p1a: Rillaboom|92/100
|
|-heal|p1a: Rillaboom|98/100|[from] Grassy Terrain
|-heal|p2a: Gastrodon|81/100|[from] Grassy Terrain
|-heal|p2a: Gastrodon|88/100|[from] item: Leftovers
|upkeep
|turn|98
|
|t:|1627824371
|switch|p2a: Melmetal|Melmetal|75/100
|move|p1a: Rillaboom|Wood Hammer|p2a: Melmetal
|-resisted|p2a: Melmetal
|-damage|p2a: Melmetal|40/100
|-damage|p1a: Rillaboom|84/100|[from] Recoil
|
|-heal|p1a: Rillaboom|90/100|[from] Grassy Terrain
|-heal|p2a: Melmetal|46/100|[from] Grassy Terrain
|upkeep
|turn|99
|
|t:|1627824375
|switch|p1a: Slowbro|Slowbro, M|100/100 brn
|switch|p2a: Clefable|Clefable, M|65/100
|
|-heal|p2a: Clefable|71/100|[from] Grassy Terrain
|-damage|p1a: Slowbro|94/100 brn|[from] brn
|upkeep
|turn|100
|
|t:|1627824386
|switch|p1a: Rillaboom|Rillaboom, M|90/100
|move|p2a: Clefable|Stealth Rock|p1a: Rillaboom
|-sidestart|p1: Coach Jones 6fifth|move: Stealth Rock
|
|-heal|p1a: Rillaboom|96/100|[from] Grassy Terrain
|-heal|p2a: Clefable|77/100|[from] Grassy Terrain
|upkeep
|turn|101
|
|t:|1627824392
|switch|p2a: Dragonite|Dragonite, F|10/100 tox
|move|p1a: Rillaboom|Wood Hammer|p2a: Dragonite
|-resisted|p2a: Dragonite
|-damage|p2a: Dragonite|0 fnt
|faint|p2a: Dragonite
|-damage|p1a: Rillaboom|93/100|[from] Recoil
|
|-heal|p1a: Rillaboom|99/100|[from] Grassy Terrain
|-fieldend|move: Grassy Terrain
|upkeep
|
|t:|1627824397
|switch|p2a: Melmetal|Melmetal|46/100
|turn|102
|
|t:|1627824401
|switch|p1a: Slowbro|Slowbro, M|100/100 brn
|-damage|p1a: Slowbro|88/100 brn|[from] Stealth Rock
|switch|p2a: Weavile|Weavile, F|100/100
|-ability|p2a: Weavile|Pressure
|
|-damage|p1a: Slowbro|82/100 brn|[from] brn
|upkeep
|turn|103
|
|t:|1627824403
|move|p2a: Weavile|Swords Dance|p2a: Weavile
|-boost|p2a: Weavile|atk|2
|move|p1a: Slowbro|Teleport|p1a: Slowbro
|
|t:|1627824405
|switch|p1a: Rillaboom|Rillaboom, M|99/100|[from]move: Teleport
|-damage|p1a: Rillaboom|87/100|[from] Stealth Rock
|-fieldstart|move: Grassy Terrain|[from] ability: Grassy Surge|[of] p1a: Rillaboom
|
|-heal|p1a: Rillaboom|93/100|[from] Grassy Terrain
|upkeep
|turn|104
|inactive|LT84JM Dasmer has 120 seconds left.
|inactive|Coach Jones 6fifth has 120 seconds left.
|l| Bloody alfa
|
|t:|1627824457
|switch|p2a: Melmetal|Melmetal|46/100
|move|p1a: Rillaboom|Grassy Glide|p2a: Melmetal
|-resisted|p2a: Melmetal
|-damage|p2a: Melmetal|27/100
|
|-heal|p1a: Rillaboom|99/100|[from] Grassy Terrain
|-heal|p2a: Melmetal|33/100|[from] Grassy Terrain
|upkeep
|turn|105
|c| 55th doge|No shard
|
|t:|1627824464
|switch|p1a: Slowbro|Slowbro, M|100/100 brn
|-damage|p1a: Slowbro|88/100 brn|[from] Stealth Rock
|move|p2a: Melmetal|Double Iron Bash|p1a: Slowbro
|-resisted|p1a: Slowbro
|-damage|p1a: Slowbro|75/100 brn
|-resisted|p1a: Slowbro
|-damage|p1a: Slowbro|62/100 brn
|-hitcount|p1a: Slowbro|2
|
|-heal|p1a: Slowbro|68/100 brn|[from] Grassy Terrain
|-heal|p2a: Melmetal|39/100|[from] Grassy Terrain
|-damage|p1a: Slowbro|62/100 brn|[from] brn
|upkeep
|turn|106
|c| 55th doge|Sad
|l| LT84JM Lorenz
|c|☆Coach Jones 6fifth|he has shard
|
|t:|1627824476
|move|p2a: Melmetal|Double Iron Bash|p1a: Slowbro
|-resisted|p1a: Slowbro
|-damage|p1a: Slowbro|48/100 brn
|-resisted|p1a: Slowbro
|-damage|p1a: Slowbro|36/100 brn
|-hitcount|p1a: Slowbro|2
|cant|p1a: Slowbro|flinch
|
|-heal|p1a: Slowbro|42/100 brn|[from] Grassy Terrain
|-heal|p2a: Melmetal|45/100|[from] Grassy Terrain
|-damage|p1a: Slowbro|36/100 brn|[from] brn
|upkeep
|turn|107
|
|t:|1627824481
|move|p2a: Melmetal|Double Iron Bash|p1a: Slowbro
|-resisted|p1a: Slowbro
|-damage|p1a: Slowbro|23/100 brn
|-resisted|p1a: Slowbro
|-damage|p1a: Slowbro|10/100 brn
|-hitcount|p1a: Slowbro|2
|move|p1a: Slowbro|Teleport|p1a: Slowbro
|c| 55th doge|So i doesnt ohko
|
|t:|1627824488
|switch|p1a: Zapdos|Zapdos|31/100 brn|[from]move: Teleport
|
|-heal|p2a: Melmetal|51/100|[from] Grassy Terrain
|-damage|p1a: Zapdos|25/100 brn|[from] brn
|-fieldend|move: Grassy Terrain
|upkeep
|turn|108
|c| 55th doge|I thought it would
|l| AHS3 Coven
|
|t:|1627824493
|move|p1a: Zapdos|Defog|p2a: Melmetal
|-unboost|p2a: Melmetal|evasion|1
|-sideend|p1: Coach Jones 6fifth|Stealth Rock|[from] move: Defog|[of] p1a: Zapdos
|move|p2a: Melmetal|Earthquake|p1a: Zapdos
|-immune|p1a: Zapdos
|
|-damage|p1a: Zapdos|19/100 brn|[from] brn
|upkeep
|turn|109
|
|t:|1627824496
|move|p1a: Zapdos|Heat Wave|p2a: Melmetal
|-supereffective|p2a: Melmetal
|-damage|p2a: Melmetal|3/100
|move|p2a: Melmetal|Earthquake|p1a: Zapdos
|-immune|p1a: Zapdos
|
|-damage|p1a: Zapdos|13/100 brn|[from] brn
|upkeep
|turn|110
|
|t:|1627824499
|move|p1a: Zapdos|Roost|p1a: Zapdos
|-heal|p1a: Zapdos|63/100 brn
|-singleturn|p1a: Zapdos|move: Roost
|move|p2a: Melmetal|Earthquake|p1a: Zapdos
|-supereffective|p1a: Zapdos
|-damage|p1a: Zapdos|2/100 brn
|
|-damage|p1a: Zapdos|0 fnt|[from] brn
|faint|p1a: Zapdos
|upkeep
|
|t:|1627824501
|switch|p1a: Rillaboom|Rillaboom, M|99/100
|-fieldstart|move: Grassy Terrain|[from] ability: Grassy Surge|[of] p1a: Rillaboom
|turn|111
|
|t:|1627824505
|move|p2a: Melmetal|Protect|p2a: Melmetal
|-singleturn|p2a: Melmetal|Protect
|move|p1a: Rillaboom|Wood Hammer|p2a: Melmetal
|-activate|p2a: Melmetal|move: Protect
|
|-heal|p1a: Rillaboom|100/100|[from] Grassy Terrain
|-heal|p2a: Melmetal|10/100|[from] Grassy Terrain
|upkeep
|turn|112
|
|t:|1627824519
|move|p2a: Melmetal|Protect|p2a: Melmetal
|-singleturn|p2a: Melmetal|Protect
|move|p1a: Rillaboom|Wood Hammer|p2a: Melmetal
|-activate|p2a: Melmetal|move: Protect
|
|-heal|p2a: Melmetal|16/100|[from] Grassy Terrain
|upkeep
|turn|113
|j| lol fren
|
|t:|1627824527
|move|p1a: Rillaboom|Wood Hammer|p2a: Melmetal
|-resisted|p2a: Melmetal
|-damage|p2a: Melmetal|0 fnt
|faint|p2a: Melmetal
|-damage|p1a: Rillaboom|95/100|[from] Recoil
|
|-heal|p1a: Rillaboom|100/100|[from] Grassy Terrain
|upkeep
|
|t:|1627824529
|switch|p2a: Weavile|Weavile, F|100/100
|-ability|p2a: Weavile|Pressure
|turn|114
|
|t:|1627824532
|switch|p1a: Heatran|Heatran, F|71/100
|move|p2a: Weavile|Icicle Crash|p1a: Heatran
|-resisted|p1a: Heatran
|-damage|p1a: Heatran|63/100
|
|-heal|p1a: Heatran|69/100|[from] Grassy Terrain
|upkeep
|turn|115
|
|t:|1627824536
|switch|p2a: Gastrodon|Gastrodon, F|88/100
|move|p1a: Heatran|Heavy Slam|p2a: Gastrodon
|-resisted|p2a: Gastrodon
|-damage|p2a: Gastrodon|69/100
|
|-heal|p1a: Heatran|75/100|[from] Grassy Terrain
|-heal|p2a: Gastrodon|75/100|[from] Grassy Terrain
|-heal|p2a: Gastrodon|81/100|[from] item: Leftovers
|-fieldend|move: Grassy Terrain
|upkeep
|turn|116
|
|t:|1627824542
|switch|p1a: Dragapult|Dragapult, F, shiny|100/100
|switch|p2a: Weavile|Weavile, F|100/100
|-ability|p2a: Weavile|Pressure
|
|upkeep
|turn|117
|j| Bbeeaa
|
|t:|1627824546
|switch|p2a: Clefable|Clefable, M|77/100
|move|p1a: Dragapult|U-turn|p2a: Clefable
|-resisted|p2a: Clefable
|-crit|p2a: Clefable
|-damage|p2a: Clefable|66/100
|
|t:|1627824548
|switch|p1a: Rillaboom|Rillaboom, M|100/100|[from]move: U-turn
|-fieldstart|move: Grassy Terrain|[from] ability: Grassy Surge|[of] p1a: Rillaboom
|
|-heal|p2a: Clefable|72/100|[from] Grassy Terrain
|upkeep
|turn|118
|
|t:|1627824552
|move|p1a: Rillaboom|Wood Hammer|p2a: Clefable
|-crit|p2a: Clefable
|-damage|p2a: Clefable|0 fnt
|faint|p2a: Clefable
|-damage|p1a: Rillaboom|73/100|[from] Recoil
|
|-heal|p1a: Rillaboom|79/100|[from] Grassy Terrain
|upkeep
|
|t:|1627824557
|switch|p2a: Gastrodon|Gastrodon, F|81/100
|turn|119
|
|t:|1627824559
|move|p1a: Rillaboom|Wood Hammer|p2a: Gastrodon
|-supereffective|p2a: Gastrodon
|-damage|p2a: Gastrodon|0 fnt
|faint|p2a: Gastrodon
|-damage|p1a: Rillaboom|46/100|[from] Recoil
|
|-heal|p1a: Rillaboom|52/100|[from] Grassy Terrain
|upkeep
|
|t:|1627824561
|switch|p2a: Weavile|Weavile, F|100/100
|-ability|p2a: Weavile|Pressure
|turn|120
|j| tigers jaw
|
|t:|1627824564
|move|p2a: Weavile|Ice Shard|p1a: Rillaboom
|-supereffective|p1a: Rillaboom
|-damage|p1a: Rillaboom|6/100
|move|p1a: Rillaboom|Wood Hammer|p2a: Weavile
|-damage|p2a: Weavile|0 fnt
|faint|p2a: Weavile
|-damage|p1a: Rillaboom|0 fnt|[from] Recoil
|faint|p1a: Rillaboom
|
|win|Coach Jones 6fifth
|raw|Coach Jones 6fifth's rating: 1972 &rarr; <strong>1989</strong><br />(+17 for winning)
|raw|LT84JM Dasmer's rating: 1914 &rarr; <strong>1897</strong><br />(-17 for losing)
|l|☆LT84JM Dasmer
|l| 55th doge
|l| Buko2k
|l|☆Coach Jones 6fifth
|l| tigers jaw
|l| LT84JM Stall
|l| Ayouko
|l| Flex OKLM
