|j|☆Dragonzord 6
|j|☆Mamaw31180
|player|p1|Dragonzord 6|lucas|1350
|player|p2|Mamaw31180|101|1398
|teamsize|p1|6
|teamsize|p2|6
|gametype|singles
|gen|8
|tier|[Gen 8] OU
|rated|
|html|<div class="broadcast-blue"><strong>OU is currently suspecting Dracovish! For information on how to participate check out the <a href="https://www.smogon.com/forums/threads/3664521/">suspect thread</a>.</strong></div>
|clearpoke
|poke|p1|Meowstic, M|
|poke|p1|Barbaracle, F|
|poke|p1|Hawlucha, M|
|poke|p1|Slurpuff, F|
|poke|p1|Kommo-o, M|
|poke|p1|Bisharp, M|
|poke|p2|Crawdaunt, M|
|poke|p2|Terrakion|
|poke|p2|Aegislash, F|
|poke|p2|Zeraora|
|poke|p2|Kyurem|
|poke|p2|Togekiss, F|
|rule|Sleep Clause Mod: Limit one foe put to sleep
|rule|Species Clause: Limit one of each Pokémon
|rule|OHKO Clause: OHKO moves are banned
|rule|Evasion Moves Clause: Evasion moves are banned
|rule|Endless Battle Clause: Forcing endless battles is banned
|rule|HP Percentage Mod: HP is shown in percentages
|rule|Dynamax Clause: You cannot dynamax
|teampreview
|
|start
|switch|p1a: Meowstic|Meowstic, M, shiny|100/100
|switch|p2a: Terrakion|Terrakion|100/100
|turn|1
|inactive|Battle timer is ON: inactive players will automatically lose when time's up. (requested by Mamaw31180)
|
|move|p1a: Meowstic|Reflect|p1a: Meowstic
|-sidestart|p1: Dragonzord 6|Reflect
|move|p2a: Terrakion|Taunt|p1a: Meowstic
|-start|p1a: Meowstic|move: Taunt
|
|upkeep
|turn|2
|
|switch|p1a: Kommo-o|Kommo-o, M, shiny|100/100
|move|p2a: Terrakion|Stealth Rock|p1a: Kommo-o
|-sidestart|p1: Dragonzord 6|move: Stealth Rock
|
|upkeep
|turn|3
|
|move|p2a: Terrakion|Taunt|p1a: Kommo-o
|-start|p1a: Kommo-o|move: Taunt
|cant|p1a: Kommo-o|move: Taunt|Dragon Dance
|
|upkeep
|turn|4
|
|move|p2a: Terrakion|Close Combat|p1a: Kommo-o
|-damage|p1a: Kommo-o|70/100
|-unboost|p2a: Terrakion|def|1
|-unboost|p2a: Terrakion|spd|1
|move|p1a: Kommo-o|Close Combat|p2a: Terrakion
|-supereffective|p2a: Terrakion
|-enditem|p2a: Terrakion|Focus Sash
|-damage|p2a: Terrakion|1/100
|-unboost|p1a: Kommo-o|def|1
|-unboost|p1a: Kommo-o|spd|1
|-damage|p1a: Kommo-o|60/100|[from] item: Life Orb
|
|upkeep
|turn|5
|
|move|p2a: Terrakion|Close Combat|p1a: Kommo-o
|-damage|p1a: Kommo-o|11/100
|-unboost|p2a: Terrakion|def|1
|-unboost|p2a: Terrakion|spd|1
|move|p1a: Kommo-o|Iron Head|p2a: Terrakion
|-supereffective|p2a: Terrakion
|-damage|p2a: Terrakion|0 fnt
|-damage|p1a: Kommo-o|1/100|[from] item: Life Orb
|faint|p2a: Terrakion
|
|-end|p1a: Kommo-o|move: Taunt
|upkeep
|
|switch|p2a: Zeraora|Zeraora|100/100
|turn|6
|inactive|Dragonzord 6 has 120 seconds left.
|
|move|p2a: Zeraora|Plasma Fists|p1a: Kommo-o
|-resisted|p1a: Kommo-o
|-damage|p1a: Kommo-o|0 fnt
|-fieldactivate|move: Ion Deluge
|faint|p1a: Kommo-o
|
|upkeep
|inactive|Dragonzord 6 has 90 seconds left.
|
|switch|p1a: Meowstic|Meowstic, M, shiny|100/100
|-damage|p1a: Meowstic|88/100|[from] Stealth Rock
|turn|7
|
|move|p1a: Meowstic|Yawn|p2a: Zeraora
|-start|p2a: Zeraora|move: Yawn|[of] p1a: Meowstic
|move|p2a: Zeraora|Bulk Up|p2a: Zeraora
|-boost|p2a: Zeraora|atk|1
|-boost|p2a: Zeraora|def|1
|
|upkeep
|turn|8
|
|switch|p2a: Kyurem|Kyurem|100/100
|-ability|p2a: Kyurem|Pressure
|move|p1a: Meowstic|Mean Look|p2a: Kyurem
|-activate|p2a: Kyurem|trapped
|
|-sideend|p1: Dragonzord 6|Reflect
|upkeep
|turn|9
|inactive|Dragonzord 6 has 90 seconds left.
|
|move|p1a: Meowstic|Light Screen|p1a: Meowstic
|-sidestart|p1: Dragonzord 6|move: Light Screen
|move|p2a: Kyurem|Ice Beam|p1a: Meowstic
|-damage|p1a: Meowstic|50/100
|
|upkeep
|turn|10
|
|move|p1a: Meowstic|Yawn|p2a: Kyurem
|-start|p2a: Kyurem|move: Yawn|[of] p1a: Meowstic
|move|p2a: Kyurem|Ice Beam|p1a: Meowstic
|-damage|p1a: Meowstic|8/100
|
|upkeep
|turn|11
|inactive|Dragonzord 6 has 90 seconds left.
|
|move|p1a: Meowstic|Reflect|p1a: Meowstic
|-sidestart|p1: Dragonzord 6|Reflect
|move|p2a: Kyurem|Ice Beam|p1a: Meowstic
|-damage|p1a: Meowstic|0 fnt
|faint|p1a: Meowstic
|
|-end|p2a: Kyurem|move: Yawn|[silent]
|-status|p2a: Kyurem|slp
|upkeep
|inactive|Dragonzord 6 has 60 seconds left.
|
|switch|p1a: Barbaracle|Barbaracle, F, shiny|100/100
|-damage|p1a: Barbaracle|88/100|[from] Stealth Rock
|turn|12
|
|switch|p2a: Crawdaunt|Crawdaunt, M|100/100
|move|p1a: Barbaracle|Shell Smash|p1a: Barbaracle
|-unboost|p1a: Barbaracle|def|1
|-unboost|p1a: Barbaracle|spd|1
|-boost|p1a: Barbaracle|atk|2
|-boost|p1a: Barbaracle|spa|2
|-boost|p1a: Barbaracle|spe|2
|-enditem|p1a: Barbaracle|White Herb
|-clearnegativeboost|p1a: Barbaracle|[silent]
|
|upkeep
|turn|13
|inactive|Dragonzord 6 has 60 seconds left.
|
|move|p2a: Crawdaunt|Aqua Jet|p1a: Barbaracle
|-crit|p1a: Barbaracle
|-damage|p1a: Barbaracle|36/100
|-damage|p2a: Crawdaunt|91/100|[from] item: Life Orb
|move|p1a: Barbaracle|Cross Chop|p2a: Crawdaunt|[miss]
|-miss|p1a: Barbaracle|p2a: Crawdaunt
|
|upkeep
|turn|14
|
|move|p2a: Crawdaunt|Aqua Jet|p1a: Barbaracle
|-damage|p1a: Barbaracle|17/100
|-damage|p2a: Crawdaunt|81/100|[from] item: Life Orb
|move|p1a: Barbaracle|Cross Chop|p2a: Crawdaunt
|-supereffective|p2a: Crawdaunt
|-damage|p2a: Crawdaunt|0 fnt
|faint|p2a: Crawdaunt
|
|upkeep
|
|switch|p2a: Aegislash|Aegislash, F|100/100
|-item|p2a: Aegislash|Air Balloon
|turn|15
|inactive|Mamaw31180 has 120 seconds left.
|inactive|Mamaw31180 has 90 seconds left.
|
|-formechange|p2a: Aegislash|Aegislash-Blade||[from] ability: Stance Change
|move|p2a: Aegislash|Shadow Sneak|p1a: Barbaracle
|-damage|p1a: Barbaracle|3/100
|move|p1a: Barbaracle|Liquidation|p2a: Aegislash
|-damage|p2a: Aegislash|0 fnt
|-enditem|p2a: Aegislash|Air Balloon
|faint|p2a: Aegislash
|
|upkeep
|
|switch|p2a: Togekiss|Togekiss, F|100/100
|turn|16
|
|move|p1a: Barbaracle|Liquidation|p2a: Togekiss
|-damage|p2a: Togekiss|0 fnt
|faint|p2a: Togekiss
|
|-sideend|p1: Dragonzord 6|move: Light Screen
|upkeep
|
|switch|p2a: Zeraora|Zeraora|100/100
|turn|17
|
|move|p1a: Barbaracle|Liquidation|p2a: Zeraora
|-damage|p2a: Zeraora|0 fnt
|faint|p2a: Zeraora
|
|upkeep
|
|switch|p2a: Kyurem|Kyurem|100/100 slp
|-ability|p2a: Kyurem|Pressure
|turn|18
|inactive|Dragonzord 6 has 90 seconds left.
|
|move|p1a: Barbaracle|Cross Chop|p2a: Kyurem
|-supereffective|p2a: Kyurem
|-damage|p2a: Kyurem|0 fnt
|faint|p2a: Kyurem
|
|win|Dragonzord 6
|l|☆Mamaw31180
