|j|☆Mamaw31180
|j|☆pokemonkorea co kr
|t:|1609017757
|player|p1|Mamaw31180|102|1574
|player|p2|pokemonkorea co kr|blue|1542
|teamsize|p1|6
|teamsize|p2|6
|gametype|singles
|gen|8
|tier|[Gen 8] OU
|rated|
|clearpoke
|poke|p1|Tapu Lele|
|poke|p1|Spectrier|
|poke|p1|Melmetal|
|poke|p1|Hydreigon, M|
|poke|p1|Gastrodon, M|
|poke|p1|Clefable, M|
|poke|p2|Zoroark, F|
|poke|p2|Mantine, F|
|poke|p2|Rhyperior, M|
|poke|p2|Buzzwole|
|poke|p2|Cinderace, M|
|poke|p2|Regieleki|
|rule|Sleep Clause Mod: Limit one foe put to sleep
|rule|Species Clause: Limit one of each Pokémon
|rule|OHKO Clause: OHKO moves are banned
|rule|Evasion Moves Clause: Evasion moves are banned
|rule|Endless Battle Clause: Forcing endless battles is banned
|rule|HP Percentage Mod: HP is shown in percentages
|rule|Dynamax Clause: You cannot dynamax
|teampreview
|
|t:|1609017786
|start
|switch|p1a: Tapu Lele|Tapu Lele|100/100
|switch|p2a: Regieleki|Regieleki|100/100
|-fieldstart|move: Psychic Terrain|[from] ability: Psychic Surge|[of] p1a: Tapu Lele
|turn|1
|inactive|Battle timer is ON: inactive players will automatically lose when time's up. (requested by Mamaw31180)
|
|t:|1609017795
|switch|p1a: Gastrodon|Gastrodon, M|100/100
|move|p2a: Regieleki|Trick|p1a: Gastrodon
|-activate|p2a: Regieleki|move: Trick|[of] p1a: Gastrodon
|-item|p1a: Gastrodon|Ring Target|[from] move: Trick
|-item|p2a: Regieleki|Leftovers|[from] move: Trick
|
|upkeep
|turn|2
|
|t:|1609017811
|move|p2a: Regieleki|Night Daze|p1a: Gastrodon
|-crit|p1a: Gastrodon
|-damage|p1a: Gastrodon|45/100
|-unboost|p1a: Gastrodon|accuracy|1
|move|p1a: Gastrodon|Earth Power|p2a: Regieleki
|-damage|p2a: Regieleki|38/100
|replace|p2a: Zoroark|Zoroark, F
|-end|p2a: Zoroark|Illusion
|
|-heal|p2a: Zoroark|44/100|[from] item: Leftovers
|upkeep
|turn|3
|
|t:|1609017823
|move|p2a: Zoroark|Night Daze|p1a: Gastrodon
|-damage|p1a: Gastrodon|7/100
|-unboost|p1a: Gastrodon|accuracy|1
|move|p1a: Gastrodon|Recover|p1a: Gastrodon
|-heal|p1a: Gastrodon|57/100
|
|-heal|p2a: Zoroark|50/100|[from] item: Leftovers
|upkeep
|turn|4
|
|t:|1609017831
|move|p2a: Zoroark|Night Daze|p1a: Gastrodon
|-damage|p1a: Gastrodon|17/100
|-unboost|p1a: Gastrodon|accuracy|1
|move|p1a: Gastrodon|Recover|p1a: Gastrodon
|-heal|p1a: Gastrodon|67/100
|
|-heal|p2a: Zoroark|56/100|[from] item: Leftovers
|upkeep
|turn|5
|
|t:|1609017837
|move|p2a: Zoroark|Night Daze|p1a: Gastrodon
|-damage|p1a: Gastrodon|27/100
|move|p1a: Gastrodon|Recover|p1a: Gastrodon
|-heal|p1a: Gastrodon|77/100
|
|-heal|p2a: Zoroark|63/100|[from] item: Leftovers
|-fieldend|move: Psychic Terrain
|upkeep
|turn|6
|
|t:|1609017866
|move|p2a: Zoroark|Night Daze|p1a: Gastrodon
|-damage|p1a: Gastrodon|39/100
|move|p1a: Gastrodon|Recover|p1a: Gastrodon
|-heal|p1a: Gastrodon|89/100
|
|-heal|p2a: Zoroark|69/100|[from] item: Leftovers
|upkeep
|turn|7
|
|t:|1609017872
|switch|p1a: Clefable|Clefable, M|100/100
|move|p2a: Zoroark|Night Daze|p1a: Clefable
|-resisted|p1a: Clefable
|-damage|p1a: Clefable|81/100
|-unboost|p1a: Clefable|accuracy|1
|
|-heal|p2a: Zoroark|75/100|[from] item: Leftovers
|-heal|p1a: Clefable|87/100|[from] item: Leftovers
|upkeep
|turn|8
|
|t:|1609017878
|move|p2a: Zoroark|Sludge Bomb|p1a: Clefable
|-supereffective|p1a: Clefable
|-damage|p1a: Clefable|31/100
|move|p1a: Clefable|Moonblast|p2a: Zoroark|[miss]
|-miss|p1a: Clefable|p2a: Zoroark
|
|-heal|p2a: Zoroark|81/100|[from] item: Leftovers
|-heal|p1a: Clefable|38/100|[from] item: Leftovers
|upkeep
|turn|9
|
|t:|1609017887
|switch|p1a: Gastrodon|Gastrodon, M|89/100
|move|p2a: Zoroark|Sludge Bomb|p1a: Gastrodon
|-resisted|p1a: Gastrodon
|-damage|p1a: Gastrodon|74/100
|
|-heal|p2a: Zoroark|87/100|[from] item: Leftovers
|upkeep
|turn|10
|
|t:|1609017893
|move|p2a: Zoroark|Night Daze|p1a: Gastrodon
|-damage|p1a: Gastrodon|35/100
|-unboost|p1a: Gastrodon|accuracy|1
|move|p1a: Gastrodon|Recover|p1a: Gastrodon
|-heal|p1a: Gastrodon|85/100
|
|-heal|p2a: Zoroark|93/100|[from] item: Leftovers
|upkeep
|turn|11
|
|t:|1609017899
|move|p2a: Zoroark|Night Daze|p1a: Gastrodon
|-damage|p1a: Gastrodon|46/100
|move|p1a: Gastrodon|Recover|p1a: Gastrodon
|-heal|p1a: Gastrodon|96/100
|
|-heal|p2a: Zoroark|99/100|[from] item: Leftovers
|upkeep
|turn|12
|
|t:|1609017904
|switch|p1a: Clefable|Clefable, M|38/100
|move|p2a: Zoroark|Night Daze|p1a: Clefable
|-resisted|p1a: Clefable
|-damage|p1a: Clefable|16/100
|
|-heal|p2a: Zoroark|100/100|[from] item: Leftovers
|-heal|p1a: Clefable|23/100|[from] item: Leftovers
|upkeep
|turn|13
|
|t:|1609017912
|switch|p1a: Melmetal|Melmetal|100/100
|move|p2a: Zoroark|Sludge Bomb|p1a: Melmetal
|-immune|p1a: Melmetal
|
|upkeep
|turn|14
|
|t:|1609017923
|switch|p2a: Buzzwole|Buzzwole|100/100
|move|p1a: Melmetal|Double Iron Bash|p2a: Buzzwole
|-damage|p2a: Buzzwole|81/100
|-damage|p1a: Melmetal|84/100|[from] item: Rocky Helmet|[of] p2a: Buzzwole
|-damage|p2a: Buzzwole|62/100
|-damage|p1a: Melmetal|68/100|[from] item: Rocky Helmet|[of] p2a: Buzzwole
|-hitcount|p2a: Buzzwole|2
|
|upkeep
|turn|15
|
|t:|1609017935
|switch|p1a: Clefable|Clefable, M|23/100
|move|p2a: Buzzwole|Roost|p2a: Buzzwole
|-heal|p2a: Buzzwole|100/100
|-singleturn|p2a: Buzzwole|move: Roost
|
|-heal|p1a: Clefable|29/100|[from] item: Leftovers
|upkeep
|turn|16
|
|t:|1609017941
|switch|p2a: Regieleki|Regieleki|100/100
|move|p1a: Clefable|Soft-Boiled|p1a: Clefable
|-heal|p1a: Clefable|79/100
|
|-heal|p1a: Clefable|85/100|[from] item: Leftovers
|upkeep
|turn|17
|
|t:|1609017954
|switch|p1a: Melmetal|Melmetal|68/100
|move|p2a: Regieleki|Thunderbolt|p1a: Melmetal
|-damage|p1a: Melmetal|23/100
|
|upkeep
|turn|18
|
|t:|1609017962
|move|p2a: Regieleki|Thunderbolt|p1a: Melmetal
|-damage|p1a: Melmetal|0 fnt
|faint|p1a: Melmetal
|
|upkeep
|
|t:|1609017966
|switch|p1a: Hydreigon|Hydreigon, M|100/100
|turn|19
|
|t:|1609017993
|switch|p2a: Mantine|Mantine, F|100/100
|move|p1a: Hydreigon|Earth Power|p2a: Mantine
|-immune|p2a: Mantine
|
|upkeep
|turn|20
|inactive|pokemonkorea co kr has 120 seconds left.
|
|t:|1609018008
|switch|p1a: Tapu Lele|Tapu Lele|100/100
|-fieldstart|move: Psychic Terrain|[from] ability: Psychic Surge|[of] p1a: Tapu Lele
|switch|p2a: Buzzwole|Buzzwole|100/100
|
|upkeep
|turn|21
|inactive|pokemonkorea co kr has 120 seconds left.
|
|t:|1609018023
|move|p1a: Tapu Lele|Moonblast|p2a: Buzzwole
|-supereffective|p2a: Buzzwole
|-damage|p2a: Buzzwole|0 fnt
|faint|p2a: Buzzwole
|
|upkeep
|
|t:|1609018026
|switch|p2a: Regieleki|Regieleki|100/100
|turn|22
|
|t:|1609018044
|switch|p1a: Clefable|Clefable, M|85/100
|move|p2a: Regieleki|Thunderbolt|p1a: Clefable
|-damage|p1a: Clefable|0 fnt
|faint|p1a: Clefable
|
|upkeep
|
|t:|1609018056
|switch|p1a: Hydreigon|Hydreigon, M|100/100
|turn|23
|
|t:|1609018063
|switch|p2a: Mantine|Mantine, F|100/100
|move|p1a: Hydreigon|Earth Power|p2a: Mantine
|-immune|p2a: Mantine
|
|upkeep
|turn|24
|
|t:|1609018077
|switch|p1a: Tapu Lele|Tapu Lele|100/100
|move|p2a: Mantine|Scald|p1a: Tapu Lele
|-damage|p1a: Tapu Lele|73/100
|
|-fieldend|move: Psychic Terrain
|upkeep
|turn|25
|
|t:|1609018085
|move|p1a: Tapu Lele|Moonblast|p2a: Mantine
|-damage|p2a: Mantine|51/100
|-unboost|p2a: Mantine|spa|1
|move|p2a: Mantine|Roost|p2a: Mantine
|-heal|p2a: Mantine|100/100
|-singleturn|p2a: Mantine|move: Roost
|
|upkeep
|turn|26
|
|t:|1609018098
|move|p1a: Tapu Lele|Moonblast|p2a: Mantine
|-damage|p2a: Mantine|52/100
|-unboost|p2a: Mantine|spa|1
|move|p2a: Mantine|Scald|p1a: Tapu Lele
|-damage|p1a: Tapu Lele|62/100
|
|upkeep
|turn|27
|
|t:|1609018103
|move|p1a: Tapu Lele|Moonblast|p2a: Mantine
|-damage|p2a: Mantine|0 fnt
|faint|p2a: Mantine
|
|upkeep
|
|t:|1609018108
|switch|p2a: Regieleki|Regieleki|100/100
|turn|28
|
|t:|1609018115
|switch|p1a: Spectrier|Spectrier|100/100
|move|p2a: Regieleki|Thunderbolt|p1a: Spectrier
|-damage|p1a: Spectrier|0 fnt
|faint|p1a: Spectrier
|
|upkeep
|
|t:|1609018126
|switch|p1a: Hydreigon|Hydreigon, M|100/100
|turn|29
|
|t:|1609018137
|switch|p2a: Cinderace|Cinderace, M|100/100
|move|p1a: Hydreigon|Earth Power|p2a: Cinderace
|-damage|p2a: Cinderace|42/100
|replace|p2a: Zoroark|Zoroark, F
|-end|p2a: Zoroark|Illusion
|
|-heal|p2a: Zoroark|48/100|[from] item: Leftovers
|upkeep
|turn|30
|
|t:|1609018151
|move|p2a: Zoroark|Sludge Bomb|p1a: Hydreigon
|-damage|p1a: Hydreigon|69/100
|move|p1a: Hydreigon|Earth Power|p2a: Zoroark
|-damage|p2a: Zoroark|0 fnt
|faint|p2a: Zoroark
|
|upkeep
|
|t:|1609018159
|switch|p2a: Cinderace|Cinderace, M|100/100
|turn|31
|
|t:|1609018164
|switch|p1a: Gastrodon|Gastrodon, M|96/100
|move|p2a: Cinderace|High Jump Kick|p1a: Gastrodon
|-start|p2a: Cinderace|typechange|Fighting|[from] ability: Libero
|-damage|p1a: Gastrodon|34/100
|-damage|p2a: Cinderace|91/100|[from] item: Life Orb
|
|upkeep
|turn|32
|
|t:|1609018172
|move|p2a: Cinderace|High Jump Kick|p1a: Gastrodon
|-damage|p1a: Gastrodon|0 fnt
|-damage|p2a: Cinderace|81/100|[from] item: Life Orb
|faint|p1a: Gastrodon
|
|upkeep
|
|t:|1609018177
|switch|p1a: Tapu Lele|Tapu Lele|62/100
|-fieldstart|move: Psychic Terrain|[from] ability: Psychic Surge|[of] p1a: Tapu Lele
|turn|33
|
|t:|1609018185
|move|p2a: Cinderace|Pyro Ball|p1a: Tapu Lele
|-start|p2a: Cinderace|typechange|Fire|[from] ability: Libero
|-damage|p1a: Tapu Lele|0 fnt
|-damage|p2a: Cinderace|71/100|[from] item: Life Orb
|faint|p1a: Tapu Lele
|
|upkeep
|
|t:|1609018190
|switch|p1a: Hydreigon|Hydreigon, M|69/100
|turn|34
|
|t:|1609018196
|move|p2a: Cinderace|High Jump Kick|p1a: Hydreigon
|-start|p2a: Cinderace|typechange|Fighting|[from] ability: Libero
|-supereffective|p1a: Hydreigon
|-damage|p1a: Hydreigon|0 fnt
|-damage|p2a: Cinderace|61/100|[from] item: Life Orb
|faint|p1a: Hydreigon
|
|win|pokemonkorea co kr
|l|☆Mamaw31180
