|j|☆Kazt_5
|j|☆Feesh&Chips
|inactive|Battle timer is ON: inactive players will automatically lose when time's up.
|t:|1611062218
|player|p1|Kazt_5|dawn|
|player|p2|Feesh&Chips|101|
|teamsize|p1|6
|teamsize|p2|6
|gametype|singles
|gen|8
|tier|[Gen 8] OU
|rated|Tournament battle
|clearpoke
|poke|p1|Cinderace, M|
|poke|p1|Dragapult, M|
|poke|p1|Tapu Lele|
|poke|p1|Swampert, M|
|poke|p1|Mandibuzz, F|
|poke|p1|Melmetal|
|poke|p2|Slowking-Galar, M|
|poke|p2|Mandibuzz, F|
|poke|p2|Slowbro, F|
|poke|p2|Cinderace, M|
|poke|p2|Ferrothorn, F|
|poke|p2|Landorus-Therian, M|
|rule|Sleep Clause Mod: Limit one foe put to sleep
|rule|Species Clause: Limit one of each Pokémon
|rule|OHKO Clause: OHKO moves are banned
|rule|Evasion Moves Clause: Evasion moves are banned
|rule|Endless Battle Clause: Forcing endless battles is banned
|rule|HP Percentage Mod: HP is shown in percentages
|rule|Dynamax Clause: You cannot dynamax
|teampreview
|c|☆Kazt_5|hf!
|c|☆Feesh&Chips|glhf
|
|t:|1611062247
|start
|switch|p1a: Cinderace|Cinderace, M|100/100
|switch|p2a: Landorus|Landorus-Therian, M|100/100
|-ability|p2a: Landorus|Intimidate|boost
|-unboost|p1a: Cinderace|atk|1
|turn|1
|
|t:|1611062256
|switch|p1a: Mandibuzz|Mandibuzz, F|100/100
|move|p2a: Landorus|Stealth Rock|p1a: Mandibuzz
|-sidestart|p1: Kazt_5|move: Stealth Rock
|
|upkeep
|turn|2
|
|t:|1611062268
|switch|p2a: Ferrothorn|Ferrothorn, F|100/100
|move|p1a: Mandibuzz|Defog|p2a: Ferrothorn
|-unboost|p2a: Ferrothorn|evasion|1
|-sideend|p1: Kazt_5|Stealth Rock|[from] move: Defog|[of] p1a: Mandibuzz
|
|upkeep
|turn|3
|
|t:|1611062274
|switch|p1a: Cinderace|Cinderace, M|100/100
|move|p2a: Ferrothorn|Knock Off|p1a: Cinderace
|-damage|p1a: Cinderace|70/100
|-enditem|p1a: Cinderace|Heavy-Duty Boots|[from] move: Knock Off|[of] p2a: Ferrothorn
|
|upkeep
|turn|4
|
|t:|1611062282
|switch|p2a: Slowbro|Slowbro, F|100/100
|move|p1a: Cinderace|U-turn|p2a: Slowbro
|-start|p1a: Cinderace|typechange|Bug|[from] ability: Libero
|-supereffective|p2a: Slowbro
|-damage|p2a: Slowbro|62/100
|-damage|p1a: Cinderace|53/100|[from] item: Rocky Helmet|[of] p2a: Slowbro
|
|t:|1611062286
|switch|p1a: Dragapult|Dragapult, M|100/100|[from]move: U-turn
|
|upkeep
|turn|5
|
|t:|1611062294
|switch|p2a: Slowking|Slowking-Galar, M|100/100
|move|p1a: Dragapult|Thunder Wave|p2a: Slowking
|-status|p2a: Slowking|par
|
|upkeep
|turn|6
|
|t:|1611062301
|move|p1a: Dragapult|U-turn|p2a: Slowking
|-damage|p2a: Slowking|78/100 par
|
|t:|1611062307
|switch|p1a: Melmetal|Melmetal|100/100|[from]move: U-turn
|move|p2a: Slowking|Future Sight|p1a: Melmetal
|-start|p2a: Slowking|move: Future Sight
|
|upkeep
|turn|7
|
|t:|1611062314
|switch|p2a: Ferrothorn|Ferrothorn, F|100/100
|move|p1a: Melmetal|Thunder Punch|p2a: Ferrothorn
|-resisted|p2a: Ferrothorn
|-damage|p2a: Ferrothorn|81/100
|-damage|p1a: Melmetal|88/100|[from] ability: Iron Barbs|[of] p2a: Ferrothorn
|
|-heal|p2a: Ferrothorn|87/100|[from] item: Leftovers
|upkeep
|turn|8
|
|t:|1611062327
|switch|p1a: Mandibuzz|Mandibuzz, F|100/100
|move|p2a: Ferrothorn|Leech Seed|p1a: Mandibuzz
|-start|p1a: Mandibuzz|move: Leech Seed
|
|-end|p1a: Mandibuzz|move: Future Sight
|-immune|p1a: Mandibuzz
|-heal|p2a: Ferrothorn|93/100|[from] item: Leftovers
|-damage|p1a: Mandibuzz|88/100|[from] Leech Seed|[of] p2a: Ferrothorn
|-heal|p2a: Ferrothorn|100/100|[silent]
|upkeep
|turn|9
|j| king sbeve
|
|t:|1611062339
|switch|p1a: Cinderace|Cinderace, M|53/100
|move|p2a: Ferrothorn|Knock Off|p1a: Cinderace
|-damage|p1a: Cinderace|31/100
|
|upkeep
|turn|10
|
|t:|1611062347
|switch|p2a: Slowbro|Slowbro, F|95/100
|move|p1a: Cinderace|Pyro Ball|p2a: Slowbro|[miss]
|-miss|p1a: Cinderace|p2a: Slowbro
|
|upkeep
|turn|11
|
|t:|1611062354
|switch|p1a: Dragapult|Dragapult, M|100/100
|move|p2a: Slowbro|Future Sight|p1a: Dragapult
|-start|p2a: Slowbro|move: Future Sight
|
|upkeep
|turn|12
|
|t:|1611062360
|switch|p2a: Slowking|Slowking-Galar, M|100/100 par
|move|p1a: Dragapult|Thunder Wave|p2a: Slowking
|-fail|p2a: Slowking|par
|
|upkeep
|turn|13
|c|☆Kazt_5|double sight
|c|☆Kazt_5|yikes
|
|t:|1611062381
|move|p1a: Dragapult|U-turn|p2a: Slowking
|-damage|p2a: Slowking|76/100 par
|
|t:|1611062384
|switch|p1a: Melmetal|Melmetal|88/100|[from]move: U-turn
|cant|p2a: Slowking|par
|
|-end|p1a: Melmetal|move: Future Sight
|-resisted|p1a: Melmetal
|-damage|p1a: Melmetal|70/100
|upkeep
|turn|14
|c|☆Feesh&Chips|sorry haha
|
|t:|1611062396
|switch|p2a: Ferrothorn|Ferrothorn, F|100/100
|move|p1a: Melmetal|Earthquake|p2a: Ferrothorn
|-damage|p2a: Ferrothorn|56/100
|
|-heal|p2a: Ferrothorn|62/100|[from] item: Leftovers
|upkeep
|turn|15
|
|t:|1611062407
|move|p1a: Melmetal|Earthquake|p2a: Ferrothorn
|-damage|p2a: Ferrothorn|15/100
|move|p2a: Ferrothorn|Leech Seed|p1a: Melmetal
|-start|p1a: Melmetal|move: Leech Seed
|
|-heal|p2a: Ferrothorn|21/100|[from] item: Leftovers
|-damage|p1a: Melmetal|57/100|[from] Leech Seed|[of] p2a: Ferrothorn
|-heal|p2a: Ferrothorn|36/100|[silent]
|upkeep
|turn|16
|
|t:|1611062416
|switch|p2a: Mandibuzz|Mandibuzz, F|100/100
|move|p1a: Melmetal|Earthquake|p2a: Mandibuzz
|-immune|p2a: Mandibuzz
|
|-damage|p1a: Melmetal|45/100|[from] Leech Seed|[of] p2a: Mandibuzz
|upkeep
|turn|17
|
|t:|1611062426
|switch|p1a: Mandibuzz|Mandibuzz, F|88/100
|move|p2a: Mandibuzz|Knock Off|p1a: Mandibuzz
|-resisted|p1a: Mandibuzz
|-damage|p1a: Mandibuzz|82/100
|-enditem|p1a: Mandibuzz|Heavy-Duty Boots|[from] move: Knock Off|[of] p2a: Mandibuzz
|
|upkeep
|turn|18
|l| king sbeve
|
|t:|1611062441
|switch|p2a: Landorus|Landorus-Therian, M|100/100
|-ability|p2a: Landorus|Intimidate|boost
|-unboost|p1a: Mandibuzz|atk|1
|move|p1a: Mandibuzz|U-turn|p2a: Landorus
|-resisted|p2a: Landorus
|-damage|p2a: Landorus|96/100
|
|t:|1611062446
|switch|p1a: Swampert|Swampert, M|100/100|[from]move: U-turn
|
|upkeep
|turn|19
|
|t:|1611062457
|move|p2a: Landorus|Stealth Rock|p1a: Swampert
|-sidestart|p1: Kazt_5|move: Stealth Rock
|move|p1a: Swampert|Flip Turn|p2a: Landorus
|-supereffective|p2a: Landorus
|-damage|p2a: Landorus|40/100
|
|t:|1611062464
|switch|p1a: Tapu Lele|Tapu Lele|100/100|[from]move: Flip Turn
|-damage|p1a: Tapu Lele|88/100|[from] Stealth Rock
|-fieldstart|move: Psychic Terrain|[from] ability: Psychic Surge|[of] p1a: Tapu Lele
|
|upkeep
|turn|20
|
|t:|1611062473
|switch|p2a: Slowking|Slowking-Galar, M|100/100 par
|move|p1a: Tapu Lele|Moonblast|p2a: Slowking
|-resisted|p2a: Slowking
|-damage|p2a: Slowking|85/100 par
|
|upkeep
|turn|21
|
|t:|1611062482
|switch|p1a: Melmetal|Melmetal|45/100
|-damage|p1a: Melmetal|39/100|[from] Stealth Rock
|move|p2a: Slowking|Scald|p1a: Melmetal
|-damage|p1a: Melmetal|18/100
|
|upkeep
|turn|22
|
|t:|1611062494
|switch|p2a: Slowbro|Slowbro, F|100/100
|move|p1a: Melmetal|Thunder Punch|p2a: Slowbro
|-supereffective|p2a: Slowbro
|-damage|p2a: Slowbro|40/100
|-damage|p1a: Melmetal|1/100|[from] item: Rocky Helmet|[of] p2a: Slowbro
|
|upkeep
|turn|23
|
|t:|1611062502
|switch|p2a: Landorus|Landorus-Therian, M|40/100
|-ability|p2a: Landorus|Intimidate|boost
|-unboost|p1a: Melmetal|atk|1
|move|p1a: Melmetal|Thunder Punch|p2a: Landorus
|-immune|p2a: Landorus
|
|-fieldend|move: Psychic Terrain
|upkeep
|turn|24
|
|t:|1611062510
|move|p2a: Landorus|U-turn|p1a: Melmetal
|-resisted|p1a: Melmetal
|-damage|p1a: Melmetal|0 fnt
|faint|p1a: Melmetal
|
|t:|1611062517
|switch|p2a: Ferrothorn|Ferrothorn, F|36/100|[from]move: U-turn
|
|-heal|p2a: Ferrothorn|42/100|[from] item: Leftovers
|upkeep
|
|t:|1611062525
|switch|p1a: Cinderace|Cinderace, M|31/100
|-damage|p1a: Cinderace|6/100|[from] Stealth Rock
|turn|25
|c|☆Kazt_5|i forgot about that
|
|t:|1611062537
|switch|p2a: Slowbro|Slowbro, F|73/100
|move|p1a: Cinderace|Pyro Ball|p2a: Slowbro
|-resisted|p2a: Slowbro
|-damage|p2a: Slowbro|55/100
|
|upkeep
|turn|26
|
|t:|1611062546
|switch|p1a: Mandibuzz|Mandibuzz, F|82/100
|-damage|p1a: Mandibuzz|57/100|[from] Stealth Rock
|move|p2a: Slowbro|Future Sight|p1a: Mandibuzz
|-start|p2a: Slowbro|move: Future Sight
|
|upkeep
|turn|27
|
|t:|1611062563
|switch|p2a: Ferrothorn|Ferrothorn, F|42/100
|move|p1a: Mandibuzz|Defog|p2a: Ferrothorn
|-unboost|p2a: Ferrothorn|evasion|1
|-sideend|p1: Kazt_5|Stealth Rock|[from] move: Defog|[of] p1a: Mandibuzz
|
|-heal|p2a: Ferrothorn|48/100|[from] item: Leftovers
|upkeep
|turn|28
|
|t:|1611062572
|move|p1a: Mandibuzz|Roost|p1a: Mandibuzz
|-heal|p1a: Mandibuzz|100/100
|-singleturn|p1a: Mandibuzz|move: Roost
|move|p2a: Ferrothorn|Leech Seed|p1a: Mandibuzz
|-start|p1a: Mandibuzz|move: Leech Seed
|
|-end|p1a: Mandibuzz|move: Future Sight
|-immune|p1a: Mandibuzz
|-heal|p2a: Ferrothorn|54/100|[from] item: Leftovers
|-damage|p1a: Mandibuzz|88/100|[from] Leech Seed|[of] p2a: Ferrothorn
|-heal|p2a: Ferrothorn|70/100|[silent]
|upkeep
|turn|29
|j| iifreshy
|
|t:|1611062585
|switch|p1a: Dragapult|Dragapult, M|100/100
|move|p2a: Ferrothorn|Knock Off|p1a: Dragapult
|-supereffective|p1a: Dragapult
|-damage|p1a: Dragapult|46/100
|-enditem|p1a: Dragapult|Leftovers|[from] move: Knock Off|[of] p2a: Ferrothorn
|
|-heal|p2a: Ferrothorn|76/100|[from] item: Leftovers
|upkeep
|turn|30
|
|t:|1611062596
|switch|p2a: Slowking|Slowking-Galar, M|100/100 par
|move|p1a: Dragapult|Hex|p2a: Slowking
|-supereffective|p2a: Slowking
|-damage|p2a: Slowking|52/100 par
|
|upkeep
|turn|31
|
|t:|1611062608
|move|p1a: Dragapult|Dragon Darts|p2a: Slowking
|-crit|p2a: Slowking
|-damage|p2a: Slowking|11/100 par
|-anim|p1a: Dragapult|Dragon Darts|p2a: Slowking
|-crit|p2a: Slowking
|-damage|p2a: Slowking|0 fnt
|faint|p2a: Slowking
|
|upkeep
|
|t:|1611062625
|switch|p2a: Landorus|Landorus-Therian, M|40/100
|-ability|p2a: Landorus|Intimidate|boost
|-unboost|p1a: Dragapult|atk|1
|turn|32
|
|t:|1611062631
|switch|p1a: Mandibuzz|Mandibuzz, F|88/100
|move|p2a: Landorus|Stealth Rock|p1a: Mandibuzz
|-sidestart|p1: Kazt_5|move: Stealth Rock
|
|upkeep
|turn|33
|
|t:|1611062637
|switch|p2a: Ferrothorn|Ferrothorn, F|76/100
|move|p1a: Mandibuzz|Defog|p2a: Ferrothorn
|-unboost|p2a: Ferrothorn|evasion|1
|-sideend|p1: Kazt_5|Stealth Rock|[from] move: Defog|[of] p1a: Mandibuzz
|
|-heal|p2a: Ferrothorn|82/100|[from] item: Leftovers
|upkeep
|turn|34
|
|t:|1611062648
|switch|p1a: Cinderace|Cinderace, M|6/100
|move|p2a: Ferrothorn|Leech Seed|p1a: Cinderace
|-start|p1a: Cinderace|move: Leech Seed
|
|-heal|p2a: Ferrothorn|88/100|[from] item: Leftovers
|-damage|p1a: Cinderace|0 fnt|[from] Leech Seed|[of] p2a: Ferrothorn
|-heal|p2a: Ferrothorn|93/100|[silent]
|faint|p1a: Cinderace
|upkeep
|
|t:|1611062651
|switch|p1a: Tapu Lele|Tapu Lele|88/100
|-fieldstart|move: Psychic Terrain|[from] ability: Psychic Surge|[of] p1a: Tapu Lele
|turn|35
|
|t:|1611062667
|switch|p2a: Mandibuzz|Mandibuzz, F|100/100
|move|p1a: Tapu Lele|Focus Blast|p2a: Mandibuzz|[miss]
|-miss|p1a: Tapu Lele|p2a: Mandibuzz
|
|upkeep
|turn|36
|
|t:|1611062679
|switch|p1a: Mandibuzz|Mandibuzz, F|88/100
|switch|p2a: Slowbro|Slowbro, F|88/100
|
|upkeep
|turn|37
|
|t:|1611062689
|switch|p2a: Ferrothorn|Ferrothorn, F|93/100
|move|p1a: Mandibuzz|U-turn|p2a: Ferrothorn
|-damage|p2a: Ferrothorn|85/100
|-damage|p1a: Mandibuzz|75/100|[from] ability: Iron Barbs|[of] p2a: Ferrothorn
|
|t:|1611062694
|switch|p1a: Dragapult|Dragapult, M|46/100|[from]move: U-turn
|
|-heal|p2a: Ferrothorn|91/100|[from] item: Leftovers
|upkeep
|turn|38
|
|t:|1611062701
|move|p1a: Dragapult|Thunder Wave|p2a: Ferrothorn
|-status|p2a: Ferrothorn|par
|move|p2a: Ferrothorn|Knock Off|p1a: Dragapult
|-supereffective|p1a: Dragapult
|-damage|p1a: Dragapult|7/100
|
|-heal|p2a: Ferrothorn|98/100 par|[from] item: Leftovers
|upkeep
|turn|39
|j| risman
|
|t:|1611062709
|move|p1a: Dragapult|Hex|p2a: Ferrothorn
|-damage|p2a: Ferrothorn|64/100 par
|move|p2a: Ferrothorn|Leech Seed|p1a: Dragapult|[miss]
|-miss|p2a: Ferrothorn|p1a: Dragapult
|
|-heal|p2a: Ferrothorn|71/100 par|[from] item: Leftovers
|-fieldend|move: Psychic Terrain
|upkeep
|turn|40
|
|t:|1611062717
|move|p1a: Dragapult|Hex|p2a: Ferrothorn
|-damage|p2a: Ferrothorn|41/100 par
|move|p2a: Ferrothorn|Knock Off|p1a: Dragapult
|-supereffective|p1a: Dragapult
|-damage|p1a: Dragapult|0 fnt
|faint|p1a: Dragapult
|
|-heal|p2a: Ferrothorn|47/100 par|[from] item: Leftovers
|upkeep
|
|t:|1611062723
|switch|p1a: Tapu Lele|Tapu Lele|88/100
|-fieldstart|move: Psychic Terrain|[from] ability: Psychic Surge|[of] p1a: Tapu Lele
|turn|41
|
|t:|1611062741
|switch|p2a: Slowbro|Slowbro, F|100/100
|move|p1a: Tapu Lele|Focus Blast|p2a: Slowbro
|-resisted|p2a: Slowbro
|-damage|p2a: Slowbro|68/100
|
|upkeep
|turn|42
|
|t:|1611062750
|move|p1a: Tapu Lele|Focus Blast|p2a: Slowbro
|-resisted|p2a: Slowbro
|-damage|p2a: Slowbro|36/100
|move|p2a: Slowbro|Scald|p1a: Tapu Lele
|-damage|p1a: Tapu Lele|58/100
|
|upkeep
|turn|43
|
|t:|1611062762
|switch|p1a: Swampert|Swampert, M|100/100
|switch|p2a: Mandibuzz|Mandibuzz, F|100/100
|
|upkeep
|turn|44
|
|t:|1611062771
|move|p2a: Mandibuzz|Knock Off|p1a: Swampert
|-damage|p1a: Swampert|77/100
|-enditem|p1a: Swampert|Leftovers|[from] move: Knock Off|[of] p2a: Mandibuzz
|move|p1a: Swampert|Flip Turn|p2a: Mandibuzz
|-damage|p2a: Mandibuzz|85/100
|
|t:|1611062775
|switch|p1a: Tapu Lele|Tapu Lele|58/100|[from]move: Flip Turn
|
|upkeep
|turn|45
|
|t:|1611062783
|switch|p2a: Slowbro|Slowbro, F|69/100
|move|p1a: Tapu Lele|Moonblast|p2a: Slowbro
|-damage|p2a: Slowbro|0 fnt
|faint|p2a: Slowbro
|
|-fieldend|move: Psychic Terrain
|upkeep
|
|t:|1611062801
|switch|p2a: Landorus|Landorus-Therian, M|40/100
|-ability|p2a: Landorus|Intimidate|boost
|-unboost|p1a: Tapu Lele|atk|1
|turn|46
|
|t:|1611062807
|switch|p1a: Mandibuzz|Mandibuzz, F|75/100
|move|p2a: Landorus|U-turn|p1a: Mandibuzz
|-crit|p1a: Mandibuzz
|-damage|p1a: Mandibuzz|53/100
|
|t:|1611062813
|switch|p2a: Ferrothorn|Ferrothorn, F|47/100 par|[from]move: U-turn
|
|-heal|p2a: Ferrothorn|53/100 par|[from] item: Leftovers
|upkeep
|turn|47
|
|t:|1611062818
|move|p1a: Mandibuzz|Roost|p1a: Mandibuzz
|-heal|p1a: Mandibuzz|100/100
|-singleturn|p1a: Mandibuzz|move: Roost
|cant|p2a: Ferrothorn|par
|
|-heal|p2a: Ferrothorn|59/100 par|[from] item: Leftovers
|upkeep
|turn|48
|c|☆Kazt_5|this damn ferro is such a pain
|
|t:|1611062832
|switch|p1a: Tapu Lele|Tapu Lele|58/100
|-fieldstart|move: Psychic Terrain|[from] ability: Psychic Surge|[of] p1a: Tapu Lele
|move|p2a: Ferrothorn|Leech Seed|p1a: Tapu Lele
|-start|p1a: Tapu Lele|move: Leech Seed
|
|-heal|p2a: Ferrothorn|66/100 par|[from] item: Leftovers
|-damage|p1a: Tapu Lele|46/100|[from] Leech Seed|[of] p2a: Ferrothorn
|-heal|p2a: Ferrothorn|75/100 par|[silent]
|upkeep
|turn|49
|
|t:|1611062843
|switch|p1a: Swampert|Swampert, M|77/100
|switch|p2a: Mandibuzz|Mandibuzz, F|85/100
|
|upkeep
|turn|50
|l| iifreshy
|
|t:|1611062854
|move|p2a: Mandibuzz|Foul Play|p1a: Swampert
|-damage|p1a: Swampert|46/100
|move|p1a: Swampert|Flip Turn|p2a: Mandibuzz
|-damage|p2a: Mandibuzz|69/100
|
|t:|1611062857
|switch|p1a: Tapu Lele|Tapu Lele|46/100|[from]move: Flip Turn
|
|upkeep
|turn|51
|
|t:|1611062867
|switch|p2a: Ferrothorn|Ferrothorn, F|75/100 par
|move|p1a: Tapu Lele|Moonblast|p2a: Ferrothorn
|-resisted|p2a: Ferrothorn
|-damage|p2a: Ferrothorn|49/100 par
|
|-heal|p2a: Ferrothorn|55/100 par|[from] item: Leftovers
|upkeep
|turn|52
|
|t:|1611062876
|switch|p1a: Swampert|Swampert, M|46/100
|move|p2a: Ferrothorn|Leech Seed|p1a: Swampert
|-start|p1a: Swampert|move: Leech Seed
|
|-heal|p2a: Ferrothorn|62/100 par|[from] item: Leftovers
|-damage|p1a: Swampert|34/100|[from] Leech Seed|[of] p2a: Ferrothorn
|-heal|p2a: Ferrothorn|76/100 par|[silent]
|-fieldend|move: Psychic Terrain
|upkeep
|turn|53
|
|t:|1611062886
|move|p1a: Swampert|Stealth Rock|p2a: Ferrothorn
|-sidestart|p2: Feesh&Chips|move: Stealth Rock
|cant|p2a: Ferrothorn|par
|
|-heal|p2a: Ferrothorn|82/100 par|[from] item: Leftovers
|-damage|p1a: Swampert|22/100|[from] Leech Seed|[of] p2a: Ferrothorn
|-heal|p2a: Ferrothorn|96/100 par|[silent]
|upkeep
|turn|54
|
|t:|1611062891
|move|p1a: Swampert|Earthquake|p2a: Ferrothorn
|-damage|p2a: Ferrothorn|72/100 par
|move|p2a: Ferrothorn|Power Whip|p1a: Swampert
|-supereffective|p1a: Swampert
|-damage|p1a: Swampert|0 fnt
|faint|p1a: Swampert
|
|-heal|p2a: Ferrothorn|78/100 par|[from] item: Leftovers
|upkeep
|
|t:|1611062895
|switch|p1a: Tapu Lele|Tapu Lele|46/100
|-fieldstart|move: Psychic Terrain|[from] ability: Psychic Surge|[of] p1a: Tapu Lele
|turn|55
|
|t:|1611062904
|switch|p2a: Mandibuzz|Mandibuzz, F|69/100
|move|p1a: Tapu Lele|Focus Blast|p2a: Mandibuzz|[miss]
|-miss|p1a: Tapu Lele|p2a: Mandibuzz
|
|upkeep
|turn|56
|
|t:|1611062912
|move|p1a: Tapu Lele|Focus Blast|p2a: Mandibuzz|[miss]
|-miss|p1a: Tapu Lele|p2a: Mandibuzz
|move|p2a: Mandibuzz|Defog|p1a: Tapu Lele
|-unboost|p1a: Tapu Lele|evasion|1
|-sideend|p2: Feesh&Chips|Stealth Rock|[from] move: Defog|[of] p2a: Mandibuzz
|-fieldend|move: Psychic Terrain
|
|upkeep
|turn|57
|
|t:|1611062921
|move|p1a: Tapu Lele|Focus Blast|p2a: Mandibuzz
|-damage|p2a: Mandibuzz|25/100
|move|p2a: Mandibuzz|Roost|p2a: Mandibuzz
|-heal|p2a: Mandibuzz|75/100
|-singleturn|p2a: Mandibuzz|move: Roost
|
|upkeep
|turn|58
|c|☆Kazt_5|gg
|c|☆Feesh&Chips|gg
|c|☆Kazt_5|wp
|c|☆Feesh&Chips|you too
|c|☆Kazt_5|i tried everything but couldnt break that ferro xd
|l| risman
|inactive|Kazt_5 has 120 seconds left.
|c|☆Feesh&Chips|haha no choice
|-message|Kazt_5 forfeited.
|
|win|Feesh&Chips
|n|☆Kazt_5|kazt5
|n|☆Feesh&Chips|feeshchips
