|j|☆lizzyPark
|j|☆AnnaLaBoss
|t:|1612971691
|player|p1|lizzyPark|doctor|1320
|player|p2|AnnaLaBoss|argenta|1305
|teamsize|p1|6
|teamsize|p2|6
|gametype|singles
|gen|8
|tier|[Gen 8] OU
|rated|
|clearpoke
|poke|p1|Regieleki|
|poke|p1|Urshifu-*, M|
|poke|p1|Tornadus-Therian, M|
|poke|p1|Kartana|
|poke|p1|Landorus-Therian, M|
|poke|p1|Cinderace, F|
|poke|p2|Cinderace, F|
|poke|p2|Landorus-Therian, M|
|poke|p2|Tapu Koko|
|poke|p2|Hawlucha, M|
|poke|p2|Magearna|
|poke|p2|Polteageist|
|rule|Sleep Clause Mod: Limit one foe put to sleep
|rule|Species Clause: Limit one of each Pokémon
|rule|OHKO Clause: OHKO moves are banned
|rule|Evasion Moves Clause: Evasion moves are banned
|rule|Endless Battle Clause: Forcing endless battles is banned
|rule|HP Percentage Mod: HP is shown in percentages
|rule|Dynamax Clause: You cannot dynamax
|teampreview
|inactive|Battle timer is ON: inactive players will automatically lose when time's up. (requested by lizzyPark)
|
|t:|1612971727
|start
|switch|p1a: Urshifu|Urshifu-Rapid-Strike, M|100/100
|switch|p2a: Landorus|Landorus-Therian, M|100/100
|-ability|p2a: Landorus|Intimidate|boost
|-unboost|p1a: Urshifu|atk|1
|turn|1
|inactive|lizzyPark has 120 seconds left.
|inactive|AnnaLaBoss has 120 seconds left.
|inactive|lizzyPark has 90 seconds left.
|
|t:|1612971810
|switch|p2a: Tapu Koko|Tapu Koko|100/100
|-fieldstart|move: Electric Terrain|[from] ability: Electric Surge|[of] p2a: Tapu Koko
|move|p1a: Urshifu|Surging Strikes|p2a: Tapu Koko
|-crit|p2a: Tapu Koko
|-damage|p2a: Tapu Koko|70/100
|-crit|p2a: Tapu Koko
|-damage|p2a: Tapu Koko|35/100
|-crit|p2a: Tapu Koko
|-damage|p2a: Tapu Koko|0 fnt
|-hitcount|p2a: Tapu Koko|3
|faint|p2a: Tapu Koko
|
|upkeep
|inactive|AnnaLaBoss has 120 seconds left.
|inactive|AnnaLaBoss has 90 seconds left.
|
|t:|1612971865
|switch|p2a: Hawlucha|Hawlucha, M|100/100
|-enditem|p2a: Hawlucha|Electric Seed
|-boost|p2a: Hawlucha|def|1|[from] item: Electric Seed
|turn|2
|inactive|lizzyPark has 60 seconds left.
|
|t:|1612971893
|move|p2a: Hawlucha|Acrobatics|p1a: Urshifu
|-supereffective|p1a: Urshifu
|-damage|p1a: Urshifu|0 fnt
|faint|p1a: Urshifu
|
|upkeep
|inactive|lizzyPark has 60 seconds left.
|
|t:|1612971898
|switch|p1a: Landorus|Landorus-Therian, M|100/100
|-ability|p1a: Landorus|Intimidate|boost
|-unboost|p2a: Hawlucha|atk|1
|turn|3
|
|t:|1612971901
|move|p2a: Hawlucha|Swords Dance|p2a: Hawlucha
|-boost|p2a: Hawlucha|atk|2
|move|p1a: Landorus|U-turn|p2a: Hawlucha
|-resisted|p2a: Hawlucha
|-damage|p2a: Hawlucha|95/100
|
|t:|1612971906
|switch|p1a: Tornadus|Tornadus-Therian, M|100/100|[from]move: U-turn
|
|upkeep
|turn|4
|
|t:|1612971908
|move|p2a: Hawlucha|Acrobatics|p1a: Tornadus
|-damage|p1a: Tornadus|0 fnt
|faint|p1a: Tornadus
|
|upkeep
|
|t:|1612971916
|switch|p1a: Regieleki|Regieleki|100/100
|turn|5
|inactive|AnnaLaBoss has 120 seconds left.
|
|t:|1612971922
|move|p2a: Hawlucha|Close Combat|p1a: Regieleki
|-damage|p1a: Regieleki|0 fnt
|-unboost|p2a: Hawlucha|def|1
|-unboost|p2a: Hawlucha|spd|1
|faint|p1a: Regieleki
|
|-fieldend|move: Electric Terrain
|upkeep
|-message|lizzyPark forfeited.
|
|win|AnnaLaBoss
|l|☆lizzyPark
||Ladder (probably) updated, but score could not be retrieved (Request timeout).
