|j|☆kenshirouye
|j|☆Mimikyu Stardust
|t:|1660633148
|gametype|singles
|player|p1|kenshirouye|265|1599
|player|p2|Mimikyu Stardust|#wcop2022asia|1673
|teamsize|p1|6
|teamsize|p2|6
|gen|8
|tier|[Gen 8] OU
|rated|
|rule|Sleep Clause Mod: Limit one foe put to sleep
|rule|Species Clause: Limit one of each Pokémon
|rule|OHKO Clause: OHKO moves are banned
|rule|Evasion Items Clause: Evasion items are banned
|rule|Evasion Moves Clause: Evasion moves are banned
|rule|Endless Battle Clause: Forcing endless battles is banned
|rule|HP Percentage Mod: HP is shown in percentages
|rule|Dynamax Clause: You cannot dynamax
|clearpoke
|poke|p1|Blacephalon|
|poke|p1|Mamoswine, F|
|poke|p1|Urshifu-*, F|
|poke|p1|Hydreigon, M|
|poke|p1|Tapu Bulu|
|poke|p1|Zapdos|
|poke|p2|Mew|
|poke|p2|Weavile, M|
|poke|p2|Celesteela|
|poke|p2|Garchomp, M|
|poke|p2|Blacephalon|
|poke|p2|Crawdaunt, F|
|teampreview
|inactive|Battle timer is ON: inactive players will automatically lose when time's up. (requested by kenshirouye)
|
|t:|1660633161
|start
|switch|p1a: Blacephalon|Blacephalon|100/100
|switch|p2a: Mew|Mew, shiny|100/100
|turn|1
|
|t:|1660633163
|move|p1a: Blacephalon|Shadow Ball|p2a: Mew
|-supereffective|p2a: Mew
|-damage|p2a: Mew|11/100
|move|p2a: Mew|Thunder Wave|p1a: Blacephalon
|-status|p1a: Blacephalon|par
|
|upkeep
|turn|2
|
|t:|1660633167
|move|p2a: Mew|Stealth Rock|p1a: Blacephalon
|-sidestart|p1: kenshirouye|move: Stealth Rock
|move|p1a: Blacephalon|Shadow Ball|p2a: Mew
|-supereffective|p2a: Mew
|-damage|p2a: Mew|0 fnt
|faint|p2a: Mew
|-ability|p1a: Blacephalon|Beast Boost|boost
|-boost|p1a: Blacephalon|spa|1
|
|upkeep
|l|☆Mimikyu Stardust
|inactive|Mimikyu Stardust disconnected and has a minute to reconnect!
|player|p2|
|j|☆Mimikyu Stardust
|inactive|Mimikyu Stardust reconnected and has 125 seconds left.
|player|p2|Mimikyu Stardust|#wcop2022asia
|inactive|Mimikyu Stardust has 120 seconds left.
|
|t:|1660633210
|switch|p2a: Weavile|Weavile, M, shiny|100/100
|-ability|p2a: Weavile|Pressure
|turn|3
|
|t:|1660633217
|move|p2a: Weavile|Knock Off|p1a: Blacephalon
|-supereffective|p1a: Blacephalon
|-damage|p1a: Blacephalon|0 fnt
|-enditem|p1a: Blacephalon|Choice Scarf|[from] move: Knock Off|[of] p2a: Weavile
|faint|p1a: Blacephalon
|-damage|p2a: Weavile|91/100|[from] item: Life Orb
|
|upkeep
|
|t:|1660633222
|switch|p1a: Urshifu|Urshifu-Rapid-Strike, F|100/100
|-damage|p1a: Urshifu|94/100|[from] Stealth Rock
|turn|4
|
|t:|1660633228
|switch|p2a: Garchomp|Garchomp, M, shiny|100/100
|move|p1a: Urshifu|Bulk Up|p1a: Urshifu
|-boost|p1a: Urshifu|atk|1
|-boost|p1a: Urshifu|def|1
|
|upkeep
|turn|5
|
|t:|1660633239
|move|p2a: Garchomp|Earthquake|p1a: Urshifu
|-damage|p1a: Urshifu|62/100
|move|p1a: Urshifu|Surging Strikes|p2a: Garchomp
|-crit|p2a: Garchomp
|-damage|p2a: Garchomp|70/100
|-activate|p2a: Garchomp|ability: Rough Skin
|-activate|p1a: Urshifu|item: Protective Pads
|-crit|p2a: Garchomp
|-damage|p2a: Garchomp|37/100
|-activate|p2a: Garchomp|ability: Rough Skin
|-activate|p1a: Urshifu|item: Protective Pads
|-crit|p2a: Garchomp
|-damage|p2a: Garchomp|7/100
|-activate|p2a: Garchomp|ability: Rough Skin
|-activate|p1a: Urshifu|item: Protective Pads
|-hitcount|p2a: Garchomp|3
|
|upkeep
|turn|6
|
|t:|1660633250
|move|p1a: Urshifu|Aqua Jet|p2a: Garchomp
|-damage|p2a: Garchomp|0 fnt
|-activate|p2a: Garchomp|ability: Rough Skin
|-activate|p1a: Urshifu|item: Protective Pads
|faint|p2a: Garchomp
|
|upkeep
|
|t:|1660633257
|switch|p2a: Celesteela|Celesteela, shiny|100/100
|turn|7
|
|t:|1660633268
|move|p1a: Urshifu|Surging Strikes|p2a: Celesteela
|-crit|p2a: Celesteela
|-damage|p2a: Celesteela|70/100
|-crit|p2a: Celesteela
|-damage|p2a: Celesteela|40/100
|-crit|p2a: Celesteela
|-damage|p2a: Celesteela|9/100
|-hitcount|p2a: Celesteela|3
|move|p2a: Celesteela|Air Slash|p1a: Urshifu
|-supereffective|p1a: Urshifu
|-damage|p1a: Urshifu|0 fnt
|faint|p1a: Urshifu
|-ability|p2a: Celesteela|Beast Boost|boost
|-boost|p2a: Celesteela|spa|1
|
|upkeep
|
|t:|1660633276
|switch|p1a: Mamoswine|Mamoswine, F|100/100
|-damage|p1a: Mamoswine|88/100|[from] Stealth Rock
|turn|8
|
|t:|1660633293
|move|p1a: Mamoswine|Ice Shard|p2a: Celesteela
|-damage|p2a: Celesteela|0 fnt
|faint|p2a: Celesteela
|
|upkeep
|inactive|Mimikyu Stardust has 120 seconds left.
|inactive|Mimikyu Stardust has 90 seconds left.
|
|t:|1660633348
|switch|p2a: Crawdaunt|Crawdaunt, F, shiny|100/100
|turn|9
|inactive|Mimikyu Stardust has 90 seconds left.
|j| supermikimiki
|
|t:|1660633369
|switch|p1a: Tapu Bulu|Tapu Bulu|100/100
|-damage|p1a: Tapu Bulu|88/100|[from] Stealth Rock
|-fieldstart|move: Grassy Terrain|[from] ability: Grassy Surge|[of] p1a: Tapu Bulu
|move|p2a: Crawdaunt|Aqua Jet|p1a: Tapu Bulu
|-resisted|p1a: Tapu Bulu
|-damage|p1a: Tapu Bulu|71/100
|-damage|p2a: Crawdaunt|91/100|[from] item: Life Orb
|
|-heal|p2a: Crawdaunt|97/100|[from] Grassy Terrain
|-heal|p1a: Tapu Bulu|77/100|[from] Grassy Terrain
|upkeep
|turn|10
|inactive|Mimikyu Stardust has 60 seconds left.
|
|t:|1660633400
|switch|p2a: Blacephalon|Blacephalon, shiny|100/100
|move|p1a: Tapu Bulu|Horn Leech|p2a: Blacephalon
|-resisted|p2a: Blacephalon
|-damage|p2a: Blacephalon|40/100
|-heal|p1a: Tapu Bulu|99/100|[from] drain|[of] p2a: Blacephalon
|
|-heal|p2a: Blacephalon|46/100|[from] Grassy Terrain
|-heal|p1a: Tapu Bulu|100/100|[from] Grassy Terrain
|upkeep
|turn|11
|
|t:|1660633406
|move|p2a: Blacephalon|Flamethrower|p1a: Tapu Bulu
|-supereffective|p1a: Tapu Bulu
|-damage|p1a: Tapu Bulu|23/100
|move|p1a: Tapu Bulu|Horn Leech|p2a: Blacephalon
|-resisted|p2a: Blacephalon
|-damage|p2a: Blacephalon|0 fnt
|-heal|p1a: Tapu Bulu|39/100|[from] drain|[of] p2a: Blacephalon
|faint|p2a: Blacephalon
|
|-heal|p1a: Tapu Bulu|45/100|[from] Grassy Terrain
|upkeep
|
|t:|1660633410
|switch|p2a: Weavile|Weavile, M, shiny|91/100
|-ability|p2a: Weavile|Pressure
|turn|12
|
|t:|1660633427
|move|p2a: Weavile|Ice Shard|p1a: Tapu Bulu
|-supereffective|p1a: Tapu Bulu
|-damage|p1a: Tapu Bulu|0 fnt
|faint|p1a: Tapu Bulu
|-damage|p2a: Weavile|81/100|[from] item: Life Orb
|
|-heal|p2a: Weavile|87/100|[from] Grassy Terrain
|upkeep
|
|t:|1660633434
|switch|p1a: Zapdos|Zapdos|100/100
|turn|13
|inactive|Mimikyu Stardust has 90 seconds left.
|
|t:|1660633463
|move|p2a: Weavile|Triple Axel|p1a: Zapdos
|-supereffective|p1a: Zapdos
|-damage|p1a: Zapdos|80/100
|-supereffective|p1a: Zapdos
|-damage|p1a: Zapdos|43/100
|-supereffective|p1a: Zapdos
|-crit|p1a: Zapdos
|-damage|p1a: Zapdos|0 fnt
|-status|p2a: Weavile|par|[from] ability: Static|[of] p1a: Zapdos
|faint|p1a: Zapdos
|-hitcount|p1: Zapdos|3
|-damage|p2a: Weavile|77/100 par|[from] item: Life Orb
|
|-heal|p2a: Weavile|83/100 par|[from] Grassy Terrain
|-fieldend|move: Grassy Terrain
|upkeep
|
|t:|1660633474
|switch|p1a: Mamoswine|Mamoswine, F|88/100
|-damage|p1a: Mamoswine|76/100|[from] Stealth Rock
|turn|14
|
|t:|1660633486
|switch|p2a: Crawdaunt|Crawdaunt, F, shiny|97/100
|move|p1a: Mamoswine|Earthquake|p2a: Crawdaunt
|-damage|p2a: Crawdaunt|15/100
|
|upkeep
|turn|15
|
|t:|1660633497
|move|p2a: Crawdaunt|Aqua Jet|p1a: Mamoswine
|-supereffective|p1a: Mamoswine
|-damage|p1a: Mamoswine|0 fnt
|faint|p1a: Mamoswine
|-damage|p2a: Crawdaunt|6/100|[from] item: Life Orb
|
|upkeep
|
|t:|1660633501
|switch|p1a: Hydreigon|Hydreigon, M|100/100
|-damage|p1a: Hydreigon|88/100|[from] Stealth Rock
|turn|16
|inactive|Mimikyu Stardust has 90 seconds left.
|
|t:|1660633516
|move|p2a: Crawdaunt|Aqua Jet|p1a: Hydreigon
|-resisted|p1a: Hydreigon
|-damage|p1a: Hydreigon|64/100
|-damage|p2a: Crawdaunt|0 fnt|[from] item: Life Orb
|faint|p2a: Crawdaunt
|move|p1a: Hydreigon|Dark Pulse|p2: Crawdaunt|[notarget]
|-fail|p1a: Hydreigon
|
|upkeep
|
|t:|1660633518
|switch|p2a: Weavile|Weavile, M, shiny|83/100 par
|-ability|p2a: Weavile|Pressure
|turn|17
|
|t:|1660633534
|move|p2a: Weavile|Ice Shard|p1a: Hydreigon
|-supereffective|p1a: Hydreigon
|-damage|p1a: Hydreigon|4/100
|-damage|p2a: Weavile|73/100 par|[from] item: Life Orb
|move|p1a: Hydreigon|Draco Meteor|p2a: Weavile|[miss]
|-miss|p1a: Hydreigon|p2a: Weavile
|
|upkeep
|turn|18
|
|t:|1660633552
|move|p2a: Weavile|Ice Shard|p1a: Hydreigon
|-supereffective|p1a: Hydreigon
|-damage|p1a: Hydreigon|0 fnt
|faint|p1a: Hydreigon
|-damage|p2a: Weavile|63/100 par|[from] item: Life Orb
|
|win|Mimikyu Stardust
|raw|kenshirouye's rating: 1599 &rarr; <strong>1582</strong><br />(-17 for losing)
|raw|Mimikyu Stardust's rating: 1654 &rarr; <strong>1671</strong><br />(+17 for winning)
|l|☆Mimikyu Stardust
|l|☆kenshirouye
