|raw|<div class="broadcast-blue"><strong>This battle is required to be public due to a player having a name prefixed by 'LT72MS'.</div>
|j|☆LT72MS Chait
|j|☆roboPOKE
|t:|1597582497
|player|p1|LT72MS Chait|veteran|1884
|player|p2|roboPOKE|266|1891
|teamsize|p1|6
|teamsize|p2|6
|gametype|singles
|gen|8
|tier|[Gen 8] OU
|rated|
|clearpoke
|poke|p1|Zeraora|
|poke|p1|Skarmory, F|
|poke|p1|Blissey, F|
|poke|p1|Clefable, F|
|poke|p1|Toxapex, F|
|poke|p1|Volcarona, M|
|poke|p2|Rillaboom, F|
|poke|p2|Lucario, F|
|poke|p2|Sandaconda, F|
|poke|p2|Excadrill, M|
|poke|p2|Hatterene, F|
|poke|p2|Flygon, F|
|rule|Sleep Clause Mod: Limit one foe put to sleep
|rule|Species Clause: Limit one of each Pokémon
|rule|OHKO Clause: OHKO moves are banned
|rule|Evasion Moves Clause: Evasion moves are banned
|rule|Endless Battle Clause: Forcing endless battles is banned
|rule|HP Percentage Mod: HP is shown in percentages
|rule|Dynamax Clause: You cannot dynamax
|teampreview
|inactive|Battle timer is ON: inactive players will automatically lose when time's up. (requested by LT72MS Chait)
|j| AlexLeafGreen
|inactive|LT72MS Chait has 120 seconds left.
|l| AlexLeafGreen
|
|t:|1597582529
|start
|switch|p1a: Skarmory|Skarmory, F|100/100
|switch|p2a: Sandaconda|Sandaconda, F|100/100
|turn|1
|
|t:|1597582534
|move|p2a: Sandaconda|Glare|p1a: Skarmory
|-status|p1a: Skarmory|par
|move|p1a: Skarmory|Toxic|p2a: Sandaconda|[miss]
|-miss|p1a: Skarmory|p2a: Sandaconda
|
|upkeep
|turn|2
|j| Uyin
|
|t:|1597582538
|switch|p2a: Hatterene|Hatterene, F|100/100
|move|p1a: Skarmory|Toxic|p2a: Hatterene
|move|p2a: Hatterene|Toxic||[from]Magic Bounce|[still]
|-fail|p2a: Hatterene
|
|upkeep
|turn|3
|
|t:|1597582543
|switch|p1a: Blissey|Blissey, F|100/100
|move|p2a: Hatterene|Calm Mind|p2a: Hatterene
|-boost|p2a: Hatterene|spa|1
|-boost|p2a: Hatterene|spd|1
|
|upkeep
|turn|4
|
|t:|1597582549
|move|p1a: Blissey|Seismic Toss|p2a: Hatterene
|-damage|p2a: Hatterene|69/100
|move|p2a: Hatterene|Calm Mind|p2a: Hatterene
|-boost|p2a: Hatterene|spa|1
|-boost|p2a: Hatterene|spd|1
|
|upkeep
|turn|5
|inactive|roboPOKE has 120 seconds left.
|
|t:|1597582590
|move|p2a: Hatterene|Draining Kiss|p1a: Blissey
|-damage|p1a: Blissey|83/100
|-heal|p2a: Hatterene|97/100|[from] drain|[of] p1a: Blissey
|move|p1a: Blissey|Teleport|p1a: Blissey
|j| capayen
|
|t:|1597582594
|switch|p1a: Clefable|Clefable, F|100/100|[from]move: Teleport
|
|upkeep
|turn|6
|
|t:|1597582597
|move|p1a: Clefable|Calm Mind|p1a: Clefable
|-boost|p1a: Clefable|spa|1
|-boost|p1a: Clefable|spd|1
|move|p2a: Hatterene|Mystical Fire|p1a: Clefable
|-damage|p1a: Clefable|85/100
|-unboost|p1a: Clefable|spa|1
|
|upkeep
|turn|7
|
|t:|1597582599
|move|p1a: Clefable|Calm Mind|p1a: Clefable
|-boost|p1a: Clefable|spa|1
|-boost|p1a: Clefable|spd|1
|move|p2a: Hatterene|Mystical Fire|p1a: Clefable
|-damage|p1a: Clefable|72/100
|-unboost|p1a: Clefable|spa|1
|
|upkeep
|turn|8
|j| cute pink team
|
|t:|1597582602
|move|p1a: Clefable|Calm Mind|p1a: Clefable
|-boost|p1a: Clefable|spa|1
|-boost|p1a: Clefable|spd|1
|move|p2a: Hatterene|Mystical Fire|p1a: Clefable
|-damage|p1a: Clefable|62/100
|-unboost|p1a: Clefable|spa|1
|
|upkeep
|turn|9
|
|t:|1597582604
|move|p1a: Clefable|Calm Mind|p1a: Clefable
|-boost|p1a: Clefable|spa|1
|-boost|p1a: Clefable|spd|1
|move|p2a: Hatterene|Mystical Fire|p1a: Clefable
|-damage|p1a: Clefable|53/100
|-unboost|p1a: Clefable|spa|1
|
|upkeep
|turn|10
|j| kickb0t
|
|t:|1597582608
|move|p1a: Clefable|Moonblast|p2a: Hatterene
|-damage|p2a: Hatterene|65/100
|move|p2a: Hatterene|Mystical Fire|p1a: Clefable
|-damage|p1a: Clefable|44/100
|-unboost|p1a: Clefable|spa|1
|
|upkeep
|turn|11
|
|t:|1597582612
|move|p1a: Clefable|Moonlight|p1a: Clefable
|-heal|p1a: Clefable|94/100
|move|p2a: Hatterene|Draining Kiss|p1a: Clefable
|-damage|p1a: Clefable|86/100
|-heal|p2a: Hatterene|72/100|[from] drain|[of] p1a: Clefable
|
|upkeep
|turn|12
|
|t:|1597582616
|move|p1a: Clefable|Calm Mind|p1a: Clefable
|-boost|p1a: Clefable|spa|1
|-boost|p1a: Clefable|spd|1
|move|p2a: Hatterene|Mystical Fire|p1a: Clefable
|-damage|p1a: Clefable|79/100
|-unboost|p1a: Clefable|spa|1
|
|upkeep
|turn|13
|l| Uyin
|
|t:|1597582618
|move|p1a: Clefable|Moonblast|p2a: Hatterene
|-damage|p2a: Hatterene|49/100
|move|p2a: Hatterene|Mystical Fire|p1a: Clefable
|-damage|p1a: Clefable|73/100
|-unboost|p1a: Clefable|spa|1
|
|upkeep
|turn|14
|j| Titan Toxik
|
|t:|1597582622
|move|p1a: Clefable|Moonblast|p2a: Hatterene
|-damage|p2a: Hatterene|33/100
|-unboost|p2a: Hatterene|spa|1
|move|p2a: Hatterene|Mystical Fire|p1a: Clefable
|-damage|p1a: Clefable|65/100
|-unboost|p1a: Clefable|spa|1
|
|upkeep
|turn|15
|j| Monotypewhat
|
|t:|1597582634
|switch|p2a: Sandaconda|Sandaconda, F|100/100
|move|p1a: Clefable|Moonblast|p2a: Sandaconda
|-damage|p2a: Sandaconda|88/100
|-weather|Sandstorm|[from] ability: Sand Spit|[of] p2a: Sandaconda
|
|-weather|Sandstorm|[upkeep]
|-damage|p1a: Clefable|59/100|[from] Sandstorm
|upkeep
|turn|16
|j| Edwinvf
|
|t:|1597582639
|switch|p1a: Skarmory|Skarmory, F|100/100 par
|move|p2a: Sandaconda|Stealth Rock|p1a: Skarmory
|-sidestart|p1: LT72MS Chait|move: Stealth Rock
|
|-weather|Sandstorm|[upkeep]
|upkeep
|turn|17
|
|t:|1597582653
|switch|p2a: Lucario|Lucario, F|100/100
|switch|p1a: Clefable|Clefable, F|59/100
|
|-weather|Sandstorm|[upkeep]
|-damage|p1a: Clefable|53/100|[from] Sandstorm
|upkeep
|turn|18
|
|t:|1597582658
|switch|p1a: Skarmory|Skarmory, F|100/100 par
|-damage|p1a: Skarmory|88/100 par|[from] Stealth Rock
|move|p2a: Lucario|Final Gambit|p1a: Skarmory
|-damage|p1a: Skarmory|0 fnt
|faint|p2a: Lucario
|faint|p1a: Skarmory
|
|-weather|Sandstorm|[upkeep]
|upkeep
|j| Uyin
|
|t:|1597582665
|switch|p2a: Excadrill|Excadrill, M|100/100
|switch|p1a: Volcarona|Volcarona, M|100/100
|turn|19
|
|t:|1597582667
|move|p2a: Excadrill|Rock Slide|p1a: Volcarona
|-supereffective|p1a: Volcarona
|-damage|p1a: Volcarona|0 fnt
|-damage|p2a: Excadrill|91/100|[from] item: Life Orb
|faint|p1a: Volcarona
|
|-weather|Sandstorm|[upkeep]
|upkeep
|l| capayen
|
|t:|1597582681
|switch|p1a: Blissey|Blissey, F|83/100
|turn|20
|
|t:|1597582683
|move|p2a: Excadrill|Swords Dance|p2a: Excadrill
|-boost|p2a: Excadrill|atk|2
|move|p1a: Blissey|Soft-Boiled|p1a: Blissey
|-heal|p1a: Blissey|100/100
|
|-weather|Sandstorm|[upkeep]
|-damage|p1a: Blissey|94/100|[from] Sandstorm
|upkeep
|turn|21
|
|t:|1597582685
|move|p2a: Excadrill|Earthquake|p1a: Blissey
|-crit|p1a: Blissey
|-damage|p1a: Blissey|0 fnt
|-damage|p2a: Excadrill|81/100|[from] item: Life Orb
|faint|p1a: Blissey
|
|-weather|Sandstorm|[upkeep]
|upkeep
|
|t:|1597582688
|switch|p1a: Clefable|Clefable, F|53/100
|turn|22
|
|t:|1597582691
|switch|p1a: Zeraora|Zeraora|100/100
|-damage|p1a: Zeraora|88/100|[from] Stealth Rock
|move|p2a: Excadrill|Earthquake|p1a: Zeraora
|-supereffective|p1a: Zeraora
|-crit|p1a: Zeraora
|-damage|p1a: Zeraora|0 fnt
|-damage|p2a: Excadrill|71/100|[from] item: Life Orb
|faint|p1a: Zeraora
|
|-weather|none
|upkeep
|-message|LT72MS Chait forfeited.
|
|win|roboPOKE
|l|☆LT72MS Chait
|raw|LT72MS Chait's rating: 1884 &rarr; <strong>1864</strong><br />(-20 for losing)
|raw|roboPOKE's rating: 1891 &rarr; <strong>1911</strong><br />(+20 for winning)
