|j|☆X-Wing Fighter
|j|‽yortbruz
|inactive|Battle timer is ON: inactive players will automatically lose when time's up.
|t:|1615259165
|player|p1|X-Wing Fighter|hilbert-dueldisk|
|player|p2|yortbruz|burglar-gen1|
|teamsize|p1|6
|teamsize|p2|6
|gametype|singles
|gen|8
|tier|[Gen 8] OU
|rated|Tournament battle
|clearpoke
|poke|p1|Ninetales-Alola, F|
|poke|p1|Heatran, F|
|poke|p1|Zapdos-Galar|
|poke|p1|Bisharp, M|
|poke|p1|Dragapult, M|
|poke|p1|Garchomp, F|
|poke|p2|Dragapult, F|
|poke|p2|Slowking, F|
|poke|p2|Rillaboom, M|
|poke|p2|Landorus-Therian, M|
|poke|p2|Ferrothorn, M|
|poke|p2|Regieleki|
|rule|Sleep Clause Mod: Limit one foe put to sleep
|rule|Species Clause: Limit one of each Pokémon
|rule|OHKO Clause: OHKO moves are banned
|rule|Evasion Moves Clause: Evasion moves are banned
|rule|Endless Battle Clause: Forcing endless battles is banned
|rule|HP Percentage Mod: HP is shown in percentages
|rule|Dynamax Clause: You cannot dynamax
|teampreview
|j| redblueplays
|l| redblueplays
|j| redblueplays
|l| redblueplays
|inactive|X-Wing Fighter has 120 seconds left.
|
|t:|1615259210
|start
|switch|p1a: Zapdos|Zapdos-Galar|100/100
|switch|p2a: Ferrothorn|Ferrothorn, M|100/100
|turn|1
|
|t:|1615259219
|move|p1a: Zapdos|Close Combat|p2a: Ferrothorn
|-supereffective|p2a: Ferrothorn
|-damage|p2a: Ferrothorn|0 fnt
|-unboost|p1a: Zapdos|def|1
|-unboost|p1a: Zapdos|spd|1
|-damage|p1a: Zapdos|88/100|[from] ability: Iron Barbs|[of] p2a: Ferrothorn
|faint|p2a: Ferrothorn
|
|upkeep
|
|t:|1615259223
|switch|p2a: Landorus|Landorus-Therian, M|100/100
|-ability|p2a: Landorus|Intimidate|boost
|-unboost|p1a: Zapdos|atk|1
|-ability|p1a: Zapdos|Defiant
|-boost|p1a: Zapdos|atk|2
|turn|2
|
|t:|1615259228
|switch|p1a: Ninetales|Ninetales-Alola, F|100/100
|-weather|Hail|[from] ability: Snow Warning|[of] p1a: Ninetales
|move|p2a: Landorus|Stealth Rock|p1a: Ninetales
|-sidestart|p1: X-Wing Fighter|move: Stealth Rock
|
|-weather|Hail|[upkeep]
|-damage|p2a: Landorus|94/100|[from] Hail
|-heal|p2a: Landorus|100/100|[from] item: Leftovers
|upkeep
|turn|3
|
|t:|1615259231
|move|p1a: Ninetales|Aurora Veil|p1a: Ninetales
|-sidestart|p1: X-Wing Fighter|move: Aurora Veil
|move|p2a: Landorus|U-turn|p1a: Ninetales
|-resisted|p1a: Ninetales
|-damage|p1a: Ninetales|94/100
|
|t:|1615259237
|switch|p2a: Regieleki|Regieleki|100/100|[from]move: U-turn
|
|-weather|Hail|[upkeep]
|-damage|p2a: Regieleki|95/100|[from] Hail
|upkeep
|turn|4
|
|t:|1615259240
|switch|p2a: Landorus|Landorus-Therian, M|100/100
|-ability|p2a: Landorus|Intimidate|boost
|-unboost|p1a: Ninetales|atk|1
|switch|p1a: Garchomp|Garchomp, F|100/100
|-damage|p1a: Garchomp|94/100|[from] Stealth Rock
|
|-weather|Hail|[upkeep]
|-damage|p1a: Garchomp|88/100|[from] Hail
|-damage|p2a: Landorus|94/100|[from] Hail
|-heal|p2a: Landorus|100/100|[from] item: Leftovers
|upkeep
|turn|5
|j| redblueplays
|
|t:|1615259251
|move|p1a: Garchomp|Swords Dance|p1a: Garchomp
|-boost|p1a: Garchomp|atk|2
|move|p2a: Landorus|Earthquake|p1a: Garchomp
|-damage|p1a: Garchomp|63/100
|
|-weather|Hail|[upkeep]
|-damage|p1a: Garchomp|57/100|[from] Hail
|-damage|p2a: Landorus|94/100|[from] Hail
|-heal|p2a: Landorus|100/100|[from] item: Leftovers
|upkeep
|turn|6
|
|t:|1615259253
|move|p1a: Garchomp|Scale Shot|p2a: Landorus
|-damage|p2a: Landorus|74/100
|-damage|p2a: Landorus|49/100
|-damage|p2a: Landorus|25/100
|-hitcount|p2a: Landorus|3
|-unboost|p1a: Garchomp|def|1
|-boost|p1a: Garchomp|spe|1
|-damage|p1a: Garchomp|47/100|[from] item: Life Orb
|move|p2a: Landorus|Earthquake|p1a: Garchomp
|-damage|p1a: Garchomp|15/100
|
|-weather|none
|-heal|p2a: Landorus|31/100|[from] item: Leftovers
|upkeep
|turn|7
|
|t:|1615259261
|move|p1a: Garchomp|Scale Shot|p2a: Landorus|[miss]
|-miss|p1a: Garchomp|p2a: Landorus
|move|p2a: Landorus|Earthquake|p1a: Garchomp
|-damage|p1a: Garchomp|0 fnt
|faint|p1a: Garchomp
|
|-heal|p2a: Landorus|37/100|[from] item: Leftovers
|upkeep
|
|t:|1615259275
|switch|p1a: Zapdos|Zapdos-Galar|88/100
|-damage|p1a: Zapdos|76/100|[from] Stealth Rock
|turn|8
|
|t:|1615259279
|move|p1a: Zapdos|Brave Bird|p2a: Landorus
|-damage|p2a: Landorus|0 fnt
|-damage|p1a: Zapdos|61/100|[from] Recoil
|faint|p2a: Landorus
|
|upkeep
|
|t:|1615259281
|switch|p2a: Regieleki|Regieleki|95/100
|turn|9
|
|t:|1615259286
|switch|p1a: Heatran|Heatran, F|100/100
|-damage|p1a: Heatran|88/100|[from] Stealth Rock
|-item|p1a: Heatran|Air Balloon
|move|p2a: Regieleki|Volt Switch|p1a: Heatran
|-damage|p1a: Heatran|65/100
|-enditem|p1a: Heatran|Air Balloon
|
|t:|1615259288
|switch|p2a: Slowking|Slowking, F|100/100|[from]move: Volt Switch
|
|upkeep
|turn|10
|
|t:|1615259297
|switch|p1a: Ninetales|Ninetales-Alola, F|94/100
|-damage|p1a: Ninetales|69/100|[from] Stealth Rock
|-weather|Hail|[from] ability: Snow Warning|[of] p1a: Ninetales
|move|p2a: Slowking|Scald|p1a: Ninetales
|-damage|p1a: Ninetales|56/100
|
|-weather|Hail|[upkeep]
|-damage|p2a: Slowking|94/100|[from] Hail
|-sideend|p1: X-Wing Fighter|move: Aurora Veil
|upkeep
|turn|11
|j| ProphecyD
|
|t:|1615259305
|move|p1a: Ninetales|Aurora Veil|p1a: Ninetales
|-sidestart|p1: X-Wing Fighter|move: Aurora Veil
|move|p2a: Slowking|Future Sight|p1a: Ninetales
|-start|p2a: Slowking|move: Future Sight
|
|-weather|Hail|[upkeep]
|-damage|p2a: Slowking|88/100|[from] Hail
|upkeep
|turn|12
|l| redblueplays
|l| ProphecyD
|
|t:|1615259313
|move|p1a: Ninetales|Freeze-Dry|p2a: Slowking
|-supereffective|p2a: Slowking
|-damage|p2a: Slowking|62/100
|move|p2a: Slowking|Teleport|p2a: Slowking
|
|t:|1615259318
|switch|p2a: Regieleki|Regieleki|95/100|[from]move: Teleport
|
|-weather|Hail|[upkeep]
|-damage|p2a: Regieleki|89/100|[from] Hail
|upkeep
|turn|13
|
|t:|1615259324
|move|p2a: Regieleki|Volt Switch|p1a: Ninetales
|-damage|p1a: Ninetales|33/100
|
|t:|1615259326
|switch|p2a: Slowking|Slowking, F|95/100|[from]move: Volt Switch
|move|p1a: Ninetales|Freeze-Dry|p2a: Slowking
|-supereffective|p2a: Slowking
|-damage|p2a: Slowking|72/100
|
|-weather|Hail|[upkeep]
|-damage|p2a: Slowking|66/100|[from] Hail
|-end|p1a: Ninetales|move: Future Sight
|-damage|p1a: Ninetales|12/100
|upkeep
|turn|14
|
|t:|1615259333
|move|p1a: Ninetales|Hypnosis|p2a: Slowking
|-status|p2a: Slowking|slp|[from] move: Hypnosis
|cant|p2a: Slowking|slp
|
|-weather|none
|upkeep
|turn|15
|
|t:|1615259339
|switch|p1a: Dragapult|Dragapult, M|100/100
|-damage|p1a: Dragapult|88/100|[from] Stealth Rock
|switch|p2a: Regieleki|Regieleki|89/100
|
|upkeep
|turn|16
|
|t:|1615259342
|move|p2a: Regieleki|Thunder Wave|p1a: Dragapult
|-status|p1a: Dragapult|par
|move|p1a: Dragapult|Dragon Darts|p2a: Regieleki
|-damage|p2a: Regieleki|32/100
|-anim|p1a: Dragapult|Dragon Darts|p2a: Regieleki
|-crit|p2a: Regieleki
|-damage|p2a: Regieleki|0 fnt
|faint|p2a: Regieleki
|
|upkeep
|
|t:|1615259348
|switch|p2a: Rillaboom|Rillaboom, M|100/100
|-fieldstart|move: Grassy Terrain|[from] ability: Grassy Surge|[of] p2a: Rillaboom
|turn|17
|
|t:|1615259353
|move|p2a: Rillaboom|Grassy Glide|p1a: Dragapult
|-resisted|p1a: Dragapult
|-damage|p1a: Dragapult|66/100 par
|move|p1a: Dragapult|Dragon Darts|p2a: Rillaboom
|-damage|p2a: Rillaboom|69/100
|-anim|p1a: Dragapult|Dragon Darts|p2a: Rillaboom
|-damage|p2a: Rillaboom|39/100
|
|-heal|p2a: Rillaboom|45/100|[from] Grassy Terrain
|-heal|p1a: Dragapult|73/100 par|[from] Grassy Terrain
|upkeep
|turn|18
|
|t:|1615259358
|move|p2a: Rillaboom|Grassy Glide|p1a: Dragapult
|-resisted|p1a: Dragapult
|-damage|p1a: Dragapult|47/100 par
|move|p1a: Dragapult|Dragon Darts|p2a: Rillaboom
|-crit|p2a: Rillaboom
|-damage|p2a: Rillaboom|2/100
|-anim|p1a: Dragapult|Dragon Darts|p2a: Rillaboom
|-damage|p2a: Rillaboom|0 fnt
|faint|p2a: Rillaboom
|
|-heal|p1a: Dragapult|53/100 par|[from] Grassy Terrain
|-sideend|p1: X-Wing Fighter|move: Aurora Veil
|upkeep
|
|t:|1615259360
|switch|p2a: Dragapult|Dragapult, F|100/100
|turn|19
|
|t:|1615259364
|move|p2a: Dragapult|Substitute|p2a: Dragapult
|-start|p2a: Dragapult|Substitute
|-damage|p2a: Dragapult|76/100
|move|p1a: Dragapult|Dragon Darts|p2a: Dragapult
|-supereffective|p2a: Dragapult
|-end|p2a: Dragapult|Substitute
|-anim|p1a: Dragapult|Dragon Darts|p2a: Dragapult
|-supereffective|p2a: Dragapult
|-damage|p2a: Dragapult|5/100
|
|-heal|p2a: Dragapult|11/100|[from] Grassy Terrain
|-heal|p2a: Dragapult|17/100|[from] item: Leftovers
|-heal|p1a: Dragapult|59/100 par|[from] Grassy Terrain
|upkeep
|turn|20
|-message|yortbruz forfeited.
|
|win|X-Wing Fighter
|n|☆X-Wing Fighter|xwingfighter
|n|‽yortbruz|yortbruz
|l|‽yortbruz
|l|☆X-Wing Fighter
|j|☆X-Wing Fighter
|player|p1|X-Wing Fighter|hilbert-dueldisk
|j|‽yortbruz
|player|p2|yortbruz|burglar-gen1
|l|‽yortbruz
|player|p2|
