|html|<div class="broadcast-blue"><strong>[Gen 8] OU is currently suspecting Melmetal! For information on how to participate check out the <a href="https://www.smogon.com/forums/threads/np-ss-ou-suspect-process-round-12-monster-mash.3709234/">suspect thread</a>.</strong></div>
|j|☆Trogba Trogba
|j|☆Schizo Shroomz
|inactive|Battle timer is ON: inactive players will automatically lose when time's up.
|t:|1666452587
|gametype|singles
|player|p1|Trogba Trogba|265|
|player|p2|Schizo Shroomz|beauty-gen2|
|teamsize|p1|6
|teamsize|p2|6
|gen|8
|tier|[Gen 8] OU
|rated|Tournament battle
|rule|Sleep Clause Mod: Limit one foe put to sleep
|rule|Species Clause: Limit one of each Pokémon
|rule|OHKO Clause: OHKO moves are banned
|rule|Evasion Items Clause: Evasion items are banned
|rule|Evasion Moves Clause: Evasion moves are banned
|rule|Endless Battle Clause: Forcing endless battles is banned
|rule|HP Percentage Mod: HP is shown in percentages
|rule|Dynamax Clause: You cannot dynamax
|clearpoke
|poke|p1|Dragapult, M|
|poke|p1|Landorus-Therian, M|
|poke|p1|Weavile, F|
|poke|p1|Ferrothorn, M|
|poke|p1|Blaziken, F|
|poke|p1|Tapu Lele|
|poke|p2|Garchomp, M|
|poke|p2|Buzzwole|
|poke|p2|Magnezone|
|poke|p2|Dragonite, M|
|poke|p2|Slowking, F|
|poke|p2|Excadrill, M|
|teampreview
|j| svenno
|j|@Mimikyu Stardust
|j|@Sww-Suwa
|c|☆Trogba Trogba|glhf
|j| Reeynee
|j| sufy512
|j| blooclipsesucks
|j| Down$pook
|c|☆Schizo Shroomz|U2
|j| Faceblue
|j| 6yrOldBongWater
|l| blooclipsesucks
|j| SlothsWrath
|j| GoatNoir
|
|t:|1666452610
|start
|switch|p1a: Dragapult|Dragapult, M|100/100
|switch|p2a: Excadrill|Excadrill, M|100/100
|-ability|p2a: Excadrill|Mold Breaker
|turn|1
|j| SOSSWORLD
|c| GoatNoir|Lele kinda looks scary
|inactive|Trogba Trogba has 120 seconds left.
|j| X-Wing Fighter
|
|t:|1666452652
|move|p2a: Excadrill|Earthquake|p1a: Dragapult
|-damage|p1a: Dragapult|27/100
|move|p1a: Dragapult|Fire Blast|p2a: Excadrill
|-supereffective|p2a: Excadrill
|-damage|p2a: Excadrill|0 fnt
|faint|p2a: Excadrill
|
|upkeep
|c| Faceblue|No u
|
|t:|1666452658
|switch|p2a: DRACARYS|Garchomp, M|100/100
|turn|2
|l| X-Wing Fighter
|inactive|Trogba Trogba has 120 seconds left.
|
|t:|1666452668
|switch|p1a: Landorus|Landorus-Therian, M|100/100
|-ability|p1a: Landorus|Intimidate|boost
|-unboost|p2a: DRACARYS|atk|1
|move|p2a: DRACARYS|Stealth Rock|p1a: Landorus
|-sidestart|p1: Trogba Trogba|move: Stealth Rock
|
|upkeep
|turn|3
|
|t:|1666452675
|switch|p2a: JON SNOW|Slowking, F|100/100
|move|p1a: Landorus|Defog|p2a: JON SNOW
|-unboost|p2a: JON SNOW|evasion|1
|-sideend|p1: Trogba Trogba|Stealth Rock|[from] move: Defog|[of] p1a: Landorus
|
|upkeep
|turn|4
|
|t:|1666452680
|move|p1a: Landorus|Stealth Rock|p2a: JON SNOW
|-sidestart|p2: Schizo Shroomz|move: Stealth Rock
|move|p2a: JON SNOW|Scald|p1a: Landorus
|-supereffective|p1a: Landorus
|-damage|p1a: Landorus|60/100
|-enditem|p1a: Landorus|Eject Button
|
|t:|1666452684
|switch|p1a: Weavile|Weavile, F|100/100
|-ability|p1a: Weavile|Pressure
|
|upkeep
|turn|5
|
|t:|1666452686
|switch|p2a: MOUNTAIN|Buzzwole|100/100
|-damage|p2a: MOUNTAIN|88/100|[from] Stealth Rock
|move|p1a: Weavile|Knock Off|p2a: MOUNTAIN
|-resisted|p2a: MOUNTAIN
|-damage|p2a: MOUNTAIN|67/100
|-damage|p1a: Weavile|84/100|[from] item: Rocky Helmet|[of] p2a: MOUNTAIN
|-enditem|p2a: MOUNTAIN|Rocky Helmet|[from] move: Knock Off|[of] p1a: Weavile
|
|upkeep
|turn|6
|
|t:|1666452705
|switch|p1a: Blaziken|Blaziken, F|100/100
|move|p2a: MOUNTAIN|Roost|p2a: MOUNTAIN
|-heal|p2a: MOUNTAIN|100/100
|-singleturn|p2a: MOUNTAIN|move: Roost
|
|upkeep
|turn|7
|c| SOSSWORLD|Wat a play
|
|t:|1666452713
|switch|p1a: Landorus|Landorus-Therian, M|60/100
|-ability|p1a: Landorus|Intimidate|boost
|-unboost|p2a: MOUNTAIN|atk|1
|switch|p2a: VISERYS|Dragonite, M|100/100
|
|upkeep
|turn|8
|
|t:|1666452736
|switch|p1a: Ferrothorn|Ferrothorn, M|100/100
|move|p2a: VISERYS|Dual Wingbeat|p1a: Ferrothorn|[miss]
|-miss|p2a: VISERYS|p1a: Ferrothorn
|
|upkeep
|turn|9
|c|☆Trogba Trogba|ffs
|l| SOSSWORLD
|
|t:|1666452744
|switch|p2a: Magnezone|Magnezone|100/100
|-damage|p2a: Magnezone|94/100|[from] Stealth Rock
|move|p1a: Ferrothorn|Leech Seed|p2a: Magnezone
|-start|p2a: Magnezone|move: Leech Seed
|
|-heal|p2a: Magnezone|100/100|[from] item: Leftovers
|-damage|p2a: Magnezone|88/100|[from] Leech Seed|[of] p1a: Ferrothorn
|upkeep
|turn|10
|
|t:|1666452752
|move|p2a: Magnezone|Iron Defense|p2a: Magnezone
|-boost|p2a: Magnezone|def|2
|move|p1a: Ferrothorn|Knock Off|p2a: Magnezone
|-damage|p2a: Magnezone|80/100
|-enditem|p2a: Magnezone|Leftovers|[from] move: Knock Off|[of] p1a: Ferrothorn
|
|-damage|p2a: Magnezone|67/100|[from] Leech Seed|[of] p1a: Ferrothorn
|upkeep
|turn|11
|
|t:|1666452754
|move|p2a: Magnezone|Iron Defense|p2a: Magnezone
|-boost|p2a: Magnezone|def|2
|move|p1a: Ferrothorn|Spikes|p2a: Magnezone
|-sidestart|p2: Schizo Shroomz|Spikes
|
|-damage|p2a: Magnezone|55/100|[from] Leech Seed|[of] p1a: Ferrothorn
|upkeep
|turn|12
|
|t:|1666452756
|move|p2a: Magnezone|Body Press|p1a: Ferrothorn
|-supereffective|p1a: Ferrothorn
|-damage|p1a: Ferrothorn|11/100
|-damage|p2a: Magnezone|43/100|[from] ability: Iron Barbs|[of] p1a: Ferrothorn
|-damage|p2a: Magnezone|26/100|[from] item: Rocky Helmet|[of] p1a: Ferrothorn
|move|p1a: Ferrothorn|Spikes|p2a: Magnezone
|-sidestart|p2: Schizo Shroomz|Spikes
|
|-damage|p2a: Magnezone|14/100|[from] Leech Seed|[of] p1a: Ferrothorn
|-heal|p1a: Ferrothorn|22/100|[silent]
|upkeep
|turn|13
|
|t:|1666452764
|move|p2a: Magnezone|Body Press|p1a: Ferrothorn
|-supereffective|p1a: Ferrothorn
|-damage|p1a: Ferrothorn|0 fnt
|-damage|p2a: Magnezone|1/100|[from] ability: Iron Barbs|[of] p1a: Ferrothorn
|-damage|p2a: Magnezone|0 fnt|[from] item: Rocky Helmet|[of] p1a: Ferrothorn
|faint|p1a: Ferrothorn
|faint|p2a: Magnezone
|
|upkeep
|j| SOSSWORLD
|
|t:|1666452775
|switch|p2a: MOUNTAIN|Buzzwole|100/100
|switch|p1a: Weavile|Weavile, F|84/100
|-ability|p1a: Weavile|Pressure
|-damage|p2a: MOUNTAIN|88/100|[from] Stealth Rock
|-damage|p2a: MOUNTAIN|71/100|[from] Spikes
|turn|14
|j| Paltham
|
|t:|1666452785
|switch|p1a: Dragapult|Dragapult, M|27/100
|move|p2a: MOUNTAIN|Leech Life|p1a: Dragapult
|-resisted|p1a: Dragapult
|-damage|p1a: Dragapult|0 fnt
|-heal|p2a: MOUNTAIN|82/100|[from] drain|[of] p1a: Dragapult
|faint|p1a: Dragapult
|-ability|p2a: MOUNTAIN|Beast Boost|boost
|-boost|p2a: MOUNTAIN|def|1
|
|upkeep
|
|t:|1666452788
|switch|p1a: Tapu Lele|Tapu Lele|100/100
|-fieldstart|move: Psychic Terrain|[from] ability: Psychic Surge|[of] p1a: Tapu Lele
|turn|15
|
|t:|1666452793
|switch|p2a: JON SNOW|Slowking, F|100/100
|move|p1a: Tapu Lele|Moonblast|p2a: JON SNOW
|-damage|p2a: JON SNOW|72/100
|
|upkeep
|turn|16
|c| 6yrOldBongWater|we wuz playin tag
|
|t:|1666452799
|move|p1a: Tapu Lele|Moonblast|p2a: JON SNOW
|-damage|p2a: JON SNOW|41/100
|move|p2a: JON SNOW|Teleport|p2a: JON SNOW
|
|t:|1666452805
|switch|p2a: VISERYS|Dragonite, M|100/100|[from]move: Teleport
|
|upkeep
|turn|17
|
|t:|1666452825
|switch|p2a: JON SNOW|Slowking, F|74/100
|move|p1a: Tapu Lele|Moonblast|p2a: JON SNOW
|-damage|p2a: JON SNOW|46/100
|
|upkeep
|turn|18
|
|t:|1666452831
|switch|p1a: Weavile|Weavile, F|84/100
|-ability|p1a: Weavile|Pressure
|move|p2a: JON SNOW|Slack Off|p2a: JON SNOW
|-heal|p2a: JON SNOW|96/100
|
|upkeep
|turn|19
|
|t:|1666452838
|move|p1a: Weavile|Triple Axel|p2a: JON SNOW|[miss]
|-miss|p1a: Weavile|p2a: JON SNOW
|move|p2a: JON SNOW|Scald|p1a: Weavile
|-damage|p1a: Weavile|43/100
|
|-fieldend|move: Psychic Terrain
|upkeep
|turn|20
|c| GoatNoir|lele is insane now
|c|☆Trogba Trogba|that mattered
|c| GoatNoir|there is really nothing against it
|inactive|Trogba Trogba has 120 seconds left.
|c|☆Trogba Trogba|except king with boots
|c|☆Schizo Shroomz|did melm get banned
|l| SOSSWORLD
|c|☆Trogba Trogba|still getting tested
|j| SOSSWORLD
|c|☆Trogba Trogba|I'm voting no
|inactive|Trogba Trogba has 90 seconds left.
|c|☆Trogba Trogba|I think most others are too
|
|t:|1666452909
|switch|p1a: Tapu Lele|Tapu Lele|100/100
|-fieldstart|move: Psychic Terrain|[from] ability: Psychic Surge|[of] p1a: Tapu Lele
|switch|p2a: MOUNTAIN|Buzzwole|82/100
|-damage|p2a: MOUNTAIN|69/100|[from] Stealth Rock
|-damage|p2a: MOUNTAIN|53/100|[from] Spikes
|
|upkeep
|turn|21
|c| SOSSWORLD|I’m voting yes
|
|t:|1666452914
|switch|p2a: JON SNOW|Slowking, F|100/100
|move|p1a: Tapu Lele|Future Sight|p2a: JON SNOW
|-start|p1a: Tapu Lele|move: Future Sight
|
|upkeep
|turn|22
|inactive|Trogba Trogba has 90 seconds left.
|c| Paltham|why sus melm in the first place
|c| SOSSWORLD|So are my 50 alt accounts
|
|t:|1666452928
|switch|p1a: Landorus|Landorus-Therian, M|60/100
|-ability|p1a: Landorus|Intimidate|boost
|-unboost|p2a: JON SNOW|atk|1
|move|p2a: JON SNOW|Scald|p1a: Landorus
|-supereffective|p1a: Landorus
|-damage|p1a: Landorus|15/100
|-status|p1a: Landorus|brn
|
|-damage|p1a: Landorus|9/100 brn|[from] brn
|upkeep
|turn|23
|inactive|Trogba Trogba has 90 seconds left.
|c| sufy512|SOSSWORLD have u even got reqs
|c| 6yrOldBongWater|ouuu
|c| SOSSWORLD|Maybe
|c| Paltham|surprised they didnt suspect lando-t
|
|t:|1666452948
|switch|p1a: Tapu Lele|Tapu Lele|100/100
|move|p2a: JON SNOW|Scald|p1a: Tapu Lele
|-damage|p1a: Tapu Lele|70/100
|
|-end|p2a: JON SNOW|move: Future Sight
|-resisted|p2a: JON SNOW
|-damage|p2a: JON SNOW|74/100
|upkeep
|turn|24
|c| sufy512|i 'll take that as a no, lmao.
|
|t:|1666452963
|move|p1a: Tapu Lele|Future Sight|p2a: JON SNOW
|-start|p1a: Tapu Lele|move: Future Sight
|move|p2a: JON SNOW|Teleport|p2a: JON SNOW
|
|t:|1666452965
|switch|p2a: DRACARYS|Garchomp, M|100/100|[from]move: Teleport
|-damage|p2a: DRACARYS|94/100|[from] Stealth Rock
|-damage|p2a: DRACARYS|78/100|[from] Spikes
|
|-fieldend|move: Psychic Terrain
|upkeep
|turn|25
|c| sufy512|Paltham why would lando ever be suspected
|
|t:|1666452970
|switch|p1a: Landorus|Landorus-Therian, M|9/100 brn
|-ability|p1a: Landorus|Intimidate|boost
|-unboost|p2a: DRACARYS|atk|1
|move|p2a: DRACARYS|Stealth Rock|p1a: Landorus
|-sidestart|p1: Trogba Trogba|move: Stealth Rock
|
|-damage|p1a: Landorus|3/100 brn|[from] brn
|upkeep
|turn|26
|
|t:|1666452981
|switch|p2a: JON SNOW|Slowking, F|100/100
|move|p1a: Landorus|Defog|p2a: JON SNOW
|-unboost|p2a: JON SNOW|evasion|1
|-sideend|p2: Schizo Shroomz|Spikes|[from] move: Defog|[of] p1a: Landorus
|-sideend|p2: Schizo Shroomz|Stealth Rock|[from] move: Defog|[of] p1a: Landorus
|-sideend|p1: Trogba Trogba|Stealth Rock|[from] move: Defog|[of] p1a: Landorus
|
|-end|p2a: JON SNOW|move: Future Sight
|-resisted|p2a: JON SNOW
|-damage|p2a: JON SNOW|80/100
|-damage|p1a: Landorus|0 fnt|[from] brn
|faint|p1a: Landorus
|upkeep
|
|t:|1666452985
|switch|p1a: Weavile|Weavile, F|43/100
|-ability|p1a: Weavile|Pressure
|turn|27
|
|t:|1666452992
|switch|p2a: MOUNTAIN|Buzzwole|53/100
|move|p1a: Weavile|Triple Axel|p2a: MOUNTAIN
|-damage|p2a: MOUNTAIN|43/100
|-damage|p2a: MOUNTAIN|24/100
|-hitcount|p2a: MOUNTAIN|2
|
|upkeep
|turn|28
|c| Faceblue|Im voting ban and i have reqs 😏
|c| Paltham|just seems like something they would do lmao
|c|☆Trogba Trogba|cmon dude
|
|t:|1666453006
|switch|p2a: JON SNOW|Slowking, F|100/100
|move|p1a: Weavile|Triple Axel|p2a: JON SNOW
|-resisted|p2a: JON SNOW
|-crit|p2a: JON SNOW
|-damage|p2a: JON SNOW|87/100
|-resisted|p2a: JON SNOW
|-damage|p2a: JON SNOW|72/100
|-resisted|p2a: JON SNOW
|-damage|p2a: JON SNOW|46/100
|-hitcount|p2a: JON SNOW|3
|
|upkeep
|turn|29
|c| 6yrOldBongWater|lucky
|c| SOSSWORLD|Maybe use a move that hits
|
|t:|1666453023
|switch|p2a: MOUNTAIN|Buzzwole|24/100
|move|p1a: Weavile|Triple Axel|p2a: MOUNTAIN|[miss]
|-miss|p1a: Weavile|p2a: MOUNTAIN
|
|upkeep
|turn|30
|c| SOSSWORLD|3 times next time
|
|t:|1666453027
|move|p1a: Weavile|Triple Axel|p2a: MOUNTAIN
|-damage|p2a: MOUNTAIN|15/100
|-damage|p2a: MOUNTAIN|0 fnt
|faint|p2a: MOUNTAIN
|-hitcount|p2: MOUNTAIN|2
|
|upkeep
|c|☆Trogba Trogba|ahahaha
|
|t:|1666453029
|switch|p2a: JON SNOW|Slowking, F|79/100
|turn|31
|
|t:|1666453040
|switch|p1a: Blaziken|Blaziken, F|100/100
|move|p2a: JON SNOW|Scald|p1a: Blaziken
|-supereffective|p1a: Blaziken
|-damage|p1a: Blaziken|24/100
|
|-heal|p1a: Blaziken|30/100|[from] item: Leftovers
|upkeep
|turn|32
|c| Paltham|worlds shortest ou match
|
|t:|1666453051
|switch|p2a: VISERYS|Dragonite, M|100/100
|move|p1a: Blaziken|Flare Blitz|p2a: VISERYS
|-resisted|p2a: VISERYS
|-damage|p2a: VISERYS|88/100
|-damage|p1a: Blaziken|25/100|[from] Recoil
|
|-heal|p1a: Blaziken|31/100|[from] item: Leftovers
|-ability|p1a: Blaziken|Speed Boost|boost
|-boost|p1a: Blaziken|spe|1
|upkeep
|turn|33
|c| GoatNoir|at least now
|c| GoatNoir|its over
|inactive|Trogba Trogba has 120 seconds left.
|
|t:|1666453081
|move|p1a: Blaziken|Swords Dance|p1a: Blaziken
|-boost|p1a: Blaziken|atk|2
|move|p2a: VISERYS|Dragon Dance|p2a: VISERYS
|-boost|p2a: VISERYS|atk|1
|-boost|p2a: VISERYS|spe|1
|
|-heal|p1a: Blaziken|37/100|[from] item: Leftovers
|-ability|p1a: Blaziken|Speed Boost|boost
|-boost|p1a: Blaziken|spe|1
|upkeep
|turn|34
|
|t:|1666453084
|move|p1a: Blaziken|Close Combat|p2a: VISERYS
|-resisted|p2a: VISERYS
|-damage|p2a: VISERYS|35/100
|-unboost|p1a: Blaziken|def|1
|-unboost|p1a: Blaziken|spd|1
|move|p2a: VISERYS|Roost|p2a: VISERYS
|-heal|p2a: VISERYS|85/100
|-singleturn|p2a: VISERYS|move: Roost
|
|-heal|p1a: Blaziken|43/100|[from] item: Leftovers
|-ability|p1a: Blaziken|Speed Boost|boost
|-boost|p1a: Blaziken|spe|1
|upkeep
|turn|35
|c| 6yrOldBongWater|is a good one
|
|t:|1666453090
|move|p1a: Blaziken|Close Combat|p2a: VISERYS
|-resisted|p2a: VISERYS
|-damage|p2a: VISERYS|34/100
|-unboost|p1a: Blaziken|def|1
|-unboost|p1a: Blaziken|spd|1
|move|p2a: VISERYS|Roost|p2a: VISERYS
|-heal|p2a: VISERYS|84/100
|-singleturn|p2a: VISERYS|move: Roost
|
|-heal|p1a: Blaziken|49/100|[from] item: Leftovers
|-ability|p1a: Blaziken|Speed Boost|boost
|-boost|p1a: Blaziken|spe|1
|upkeep
|turn|36
|
|t:|1666453099
|move|p1a: Blaziken|Close Combat|p2a: VISERYS
|-resisted|p2a: VISERYS
|-damage|p2a: VISERYS|29/100
|-unboost|p1a: Blaziken|def|1
|-unboost|p1a: Blaziken|spd|1
|move|p2a: VISERYS|Dual Wingbeat|p1a: Blaziken
|-supereffective|p1a: Blaziken
|-damage|p1a: Blaziken|0 fnt
|faint|p1a: Blaziken
|-hitcount|p1: Blaziken|1
|
|upkeep
|
|t:|1666453108
|switch|p1a: Tapu Lele|Tapu Lele|70/100
|-fieldstart|move: Psychic Terrain|[from] ability: Psychic Surge|[of] p1a: Tapu Lele
|turn|37
|c| GoatNoir|if its scarf lele its over
|
|t:|1666453118
|switch|p2a: JON SNOW|Slowking, F|100/100
|move|p1a: Tapu Lele|Moonblast|p2a: JON SNOW
|-damage|p2a: JON SNOW|71/100
|
|upkeep
|turn|38
|c| sufy512|no
|
|t:|1666453130
|move|p1a: Tapu Lele|Moonblast|p2a: JON SNOW
|-damage|p2a: JON SNOW|39/100
|move|p2a: JON SNOW|Slack Off|p2a: JON SNOW
|-heal|p2a: JON SNOW|89/100
|
|upkeep
|turn|39
|c| GoatNoir|yes
|
|t:|1666453138
|move|p1a: Tapu Lele|Moonblast|p2a: JON SNOW
|-damage|p2a: JON SNOW|56/100
|-unboost|p2a: JON SNOW|spa|1
|move|p2a: JON SNOW|Slack Off|p2a: JON SNOW
|-heal|p2a: JON SNOW|100/100
|
|upkeep
|turn|40
|c| sufy512|no lol the slowking walls
|c| 6yrOldBongWater|slipped
|c| Paltham|THE KING
|
|t:|1666453154
|move|p1a: Tapu Lele|Moonblast|p2a: JON SNOW
|-damage|p2a: JON SNOW|72/100
|move|p2a: JON SNOW|Teleport|p2a: JON SNOW
|c| Paltham|the king has arrived
|c| SOSSWORLD|Erm
|
|t:|1666453162
|switch|p2a: DRACARYS|Garchomp, M|78/100|[from]move: Teleport
|
|upkeep
|turn|41
|j| fork you phil
|c| SOSSWORLD|This better be scarf
|
|t:|1666453172
|switch|p2a: JON SNOW|Slowking, F|100/100
|move|p1a: Tapu Lele|Moonblast|p2a: JON SNOW
|-damage|p2a: JON SNOW|72/100
|
|-fieldend|move: Psychic Terrain
|upkeep
|turn|42
|
|t:|1666453192
|move|p1a: Tapu Lele|Moonblast|p2a: JON SNOW
|-damage|p2a: JON SNOW|42/100
|move|p2a: JON SNOW|Scald|p1a: Tapu Lele
|-damage|p1a: Tapu Lele|42/100
|-status|p1a: Tapu Lele|brn
|
|-damage|p1a: Tapu Lele|36/100 brn|[from] brn
|upkeep
|turn|43
|
|t:|1666453198
|switch|p1a: Weavile|Weavile, F|43/100
|-ability|p1a: Weavile|Pressure
|move|p2a: JON SNOW|Slack Off|p2a: JON SNOW
|-heal|p2a: JON SNOW|92/100
|
|upkeep
|turn|44
|
|t:|1666453203
|switch|p2a: VISERYS|Dragonite, M|29/100
|move|p1a: Weavile|Knock Off|p2a: VISERYS
|-damage|p2a: VISERYS|0 fnt
|-enditem|p2a: VISERYS|Heavy-Duty Boots|[from] move: Knock Off|[of] p1a: Weavile
|faint|p2a: VISERYS
|
|upkeep
|
|t:|1666453205
|switch|p2a: DRACARYS|Garchomp, M|78/100
|turn|45
|j|%moondazing
|c| 6yrOldBongWater|oh shit
|c|☆Trogba Trogba|I hope to sweet jesus that this isn't tank
|
|t:|1666453231
|move|p1a: Weavile|Knock Off|p2a: DRACARYS
|-damage|p2a: DRACARYS|0 fnt
|-damage|p1a: Weavile|31/100|[from] ability: Rough Skin|[of] p2a: DRACARYS
|-enditem|p2a: DRACARYS|Life Orb|[from] move: Knock Off|[of] p1a: Weavile
|faint|p2a: DRACARYS
|
|upkeep
|c|☆Trogba Trogba|gg
|
|t:|1666453235
|switch|p2a: JON SNOW|Slowking, F|100/100
|turn|46
|c| Reeynee|gg
|
|t:|1666453237
|move|p1a: Weavile|Knock Off|p2a: JON SNOW
|-supereffective|p2a: JON SNOW
|-damage|p2a: JON SNOW|0 fnt
|-enditem|p2a: JON SNOW|Heavy-Duty Boots|[from] move: Knock Off|[of] p1a: Weavile
|faint|p2a: JON SNOW
|
|win|Trogba Trogba
|n|☆Trogba Trogba|trogbatrogba
|n|☆Schizo Shroomz|schizoshroomz
|n| svenno|svenno
|n| Mimikyu Stardust|mimikyustardust
|n| Sww-Suwa|swwsuwa
|n| Reeynee|reeynee
|n| sufy512|sufy512
|n| Down$pook|downpook
|n| Faceblue|faceblue
|n| 6yrOldBongWater|6yroldbongwater
|n| SlothsWrath|slothswrath
|n| GoatNoir|goatnoir
|n| Paltham|paltham
|n| SOSSWORLD|sossworld
|n| fork you phil|forkyouphil
|n|+moondazing|moondazing
