|j|☆socaselectah
|j|☆The Teal Scizor
|t:|1667577114
|gametype|singles
|player|p1|socaselectah|265|1685
|player|p2|The Teal Scizor|169|1660
|teamsize|p1|6
|teamsize|p2|6
|gen|8
|tier|[Gen 8] OU
|rated|
|rule|Sleep Clause Mod: Limit one foe put to sleep
|rule|Species Clause: Limit one of each Pokémon
|rule|OHKO Clause: OHKO moves are banned
|rule|Evasion Items Clause: Evasion items are banned
|rule|Evasion Moves Clause: Evasion moves are banned
|rule|Endless Battle Clause: Forcing endless battles is banned
|rule|HP Percentage Mod: HP is shown in percentages
|rule|Dynamax Clause: You cannot dynamax
|clearpoke
|poke|p1|Torkoal, F|
|poke|p1|Clefable, F|
|poke|p1|Rillaboom, M|
|poke|p1|Blacephalon|
|poke|p1|Volcarona, F|
|poke|p1|Mew|
|poke|p2|Urshifu-*, F|
|poke|p2|Tapu Lele|
|poke|p2|Toxapex, M|
|poke|p2|Weavile, F|
|poke|p2|Clefable, F|
|poke|p2|Landorus-Therian, M|
|teampreview
|inactive|Battle timer is ON: inactive players will automatically lose when time's up. (requested by socaselectah)
|inactive|The Teal Scizor has 120 seconds left.
|inactive|The Teal Scizor has 90 seconds left.
|
|t:|1667577179
|start
|switch|p1a: Mew|Mew|100/100
|switch|p2a: Urshifu|Urshifu-Rapid-Strike, F|100/100
|turn|1
|inactive|socaselectah has 120 seconds left.
|inactive|socaselectah has 90 seconds left.
|
|t:|1667577255
|switch|p1a: Volcarona|Volcarona, F|100/100
|move|p2a: Urshifu|U-turn|p1a: Volcarona
|-resisted|p1a: Volcarona
|-damage|p1a: Volcarona|86/100
|
|t:|1667577262
|switch|p2a: Landorus|Landorus-Therian, M|100/100|[from]move: U-turn
|-ability|p2a: Landorus|Intimidate|boost
|-unboost|p1a: Volcarona|atk|1
|
|-heal|p1a: Volcarona|92/100|[from] item: Leftovers
|upkeep
|turn|2
|
|t:|1667577269
|move|p1a: Volcarona|Substitute|p1a: Volcarona
|-start|p1a: Volcarona|Substitute
|-damage|p1a: Volcarona|68/100
|move|p2a: Landorus|Earthquake|p1a: Volcarona
|-end|p1a: Volcarona|Substitute
|
|-heal|p1a: Volcarona|74/100|[from] item: Leftovers
|upkeep
|turn|3
|
|t:|1667577271
|switch|p1a: Rillaboom|Rillaboom, M|100/100
|-fieldstart|move: Grassy Terrain|[from] ability: Grassy Surge|[of] p1a: Rillaboom
|move|p2a: Landorus|Earthquake|p1a: Rillaboom
|-resisted|p1a: Rillaboom
|-crit|p1a: Rillaboom
|-damage|p1a: Rillaboom|77/100
|
|-heal|p1a: Rillaboom|83/100|[from] Grassy Terrain
|upkeep
|turn|4
|
|t:|1667577284
|move|p2a: Landorus|Knock Off|p1a: Rillaboom
|-damage|p1a: Rillaboom|44/100
|-enditem|p1a: Rillaboom|Choice Band|[from] move: Knock Off|[of] p2a: Landorus
|move|p1a: Rillaboom|U-turn|p2a: Landorus
|-resisted|p2a: Landorus
|-damage|p2a: Landorus|86/100
|inactive|socaselectah has 90 seconds left.
|inactive|socaselectah has 60 seconds left.
|
|t:|1667577357
|switch|p1a: Mew|Mew|100/100|[from]move: U-turn
|
|upkeep
|turn|5
|
|t:|1667577372
|switch|p2a: Urshifu|Urshifu-Rapid-Strike, F|100/100
|move|p1a: Mew|Ice Beam|p2a: Urshifu
|-resisted|p2a: Urshifu
|-damage|p2a: Urshifu|81/100
|
|-heal|p2a: Urshifu|87/100|[from] Grassy Terrain
|upkeep
|turn|6
|
|t:|1667577391
|switch|p1a: Torkoal|Torkoal, F|100/100
|-weather|SunnyDay|[from] ability: Drought|[of] p1a: Torkoal
|move|p2a: Urshifu|U-turn|p1a: Torkoal
|-resisted|p1a: Torkoal
|-damage|p1a: Torkoal|94/100
|inactive|The Teal Scizor has 120 seconds left.
|
|t:|1667577433
|switch|p2a: Tapu Lele|Tapu Lele|100/100|[from]move: U-turn
|-fieldstart|move: Psychic Terrain|[from] ability: Psychic Surge|[of] p2a: Tapu Lele
|
|-weather|SunnyDay|[upkeep]
|upkeep
|turn|7
|inactive|socaselectah has 30 seconds left.
|inactive|socaselectah has 20 seconds left.
|
|t:|1667577474
|switch|p1a: Clefable|Clefable, F|100/100
|move|p2a: Tapu Lele|Psychic|p1a: Clefable
|-damage|p1a: Clefable|37/100
|
|-weather|SunnyDay|[upkeep]
|-heal|p1a: Clefable|43/100|[from] item: Leftovers
|upkeep
|turn|8
|inactive|socaselectah has 30 seconds left this turn.
|
|t:|1667577481
|move|p2a: Tapu Lele|Psychic|p1a: Clefable
|-damage|p1a: Clefable|0 fnt
|faint|p1a: Clefable
|
|-weather|SunnyDay|[upkeep]
|upkeep
|inactive|socaselectah has 30 seconds left this turn.
|
|t:|1667577483
|switch|p1a: Rillaboom|Rillaboom, M|44/100
|-fieldstart|move: Grassy Terrain|[from] ability: Grassy Surge|[of] p1a: Rillaboom
|turn|9
|inactive|socaselectah has 30 seconds left.
|inactive|The Teal Scizor has 120 seconds left.
|
|t:|1667577508
|switch|p2a: Clefable|Clefable, F|100/100
|move|p1a: Rillaboom|Grassy Glide|p2a: Clefable
|-damage|p2a: Clefable|48/100
|
|-weather|SunnyDay|[upkeep]
|-heal|p1a: Rillaboom|50/100|[from] Grassy Terrain
|-heal|p2a: Clefable|54/100|[from] Grassy Terrain
|-heal|p2a: Clefable|60/100|[from] item: Leftovers
|upkeep
|turn|10
|inactive|The Teal Scizor has 120 seconds left.
|inactive|The Teal Scizor has 90 seconds left.
|
|t:|1667577575
|switch|p1a: Blacephalon|Blacephalon|100/100
|move|p2a: Clefable|Stealth Rock|p1a: Blacephalon
|-sidestart|p1: socaselectah|move: Stealth Rock
|
|-weather|SunnyDay|[upkeep]
|-heal|p2a: Clefable|66/100|[from] Grassy Terrain
|-heal|p2a: Clefable|72/100|[from] item: Leftovers
|upkeep
|turn|11
|inactive|socaselectah has 30 seconds left.
|inactive|socaselectah has 20 seconds left.
|inactive|socaselectah has 15 seconds left.
|inactive|The Teal Scizor has 60 seconds left.
|
|t:|1667577607
|move|p1a: Blacephalon|Trick|p2a: Clefable
|-activate|p1a: Blacephalon|move: Trick|[of] p2a: Clefable
|-item|p2a: Clefable|Choice Scarf|[from] move: Trick
|-item|p1a: Blacephalon|Leftovers|[from] move: Trick
|move|p2a: Clefable|Soft-Boiled|p2a: Clefable
|-heal|p2a: Clefable|100/100
|
|-weather|SunnyDay|[upkeep]
|upkeep
|turn|12
|inactive|socaselectah has 25 seconds left this turn.
|inactive|socaselectah has 20 seconds left.
|inactive|The Teal Scizor has 60 seconds left.
|inactive|socaselectah has 15 seconds left.
|inactive|The Teal Scizor has 30 seconds left.
|
|t:|1667577653
|switch|p2a: Toxapex|Toxapex, M|100/100
|move|p1a: Blacephalon|Psyshock|p2a: Toxapex
|-supereffective|p2a: Toxapex
|-damage|p2a: Toxapex|60/100
|-enditem|p2a: Toxapex|Eject Button
|inactive|socaselectah has 20 seconds left this turn.
|inactive|The Teal Scizor has 30 seconds left this turn.
|
|t:|1667577655
|switch|p2a: Weavile|Weavile, F|100/100
|-ability|p2a: Weavile|Pressure
|
|-weather|SunnyDay|[upkeep]
|upkeep
|turn|13
|inactive|socaselectah has 30 seconds left this turn.
|inactive|socaselectah has 20 seconds left.
|inactive|socaselectah has 15 seconds left.
|
|t:|1667577674
|switch|p1a: Torkoal|Torkoal, F|94/100
|-damage|p1a: Torkoal|69/100|[from] Stealth Rock
|move|p2a: Weavile|Knock Off|p1a: Torkoal
|-damage|p1a: Torkoal|40/100
|-enditem|p1a: Torkoal|Heat Rock|[from] move: Knock Off|[of] p2a: Weavile
|
|-weather|none
|-heal|p1a: Torkoal|47/100|[from] Grassy Terrain
|-fieldend|move: Grassy Terrain
|upkeep
|turn|14
|inactive|socaselectah has 25 seconds left this turn.
|inactive|The Teal Scizor has 30 seconds left.
|
|t:|1667577700
|switch|p2a: Tapu Lele|Tapu Lele|100/100
|-fieldstart|move: Psychic Terrain|[from] ability: Psychic Surge|[of] p2a: Tapu Lele
|move|p1a: Torkoal|Rapid Spin|p2a: Tapu Lele
|-damage|p2a: Tapu Lele|87/100
|-boost|p1a: Torkoal|spe|1
|-sideend|p1: socaselectah|Stealth Rock|[from] move: Rapid Spin|[of] p1a: Torkoal
|
|upkeep
|turn|15
|inactive|socaselectah has 30 seconds left.
|inactive|The Teal Scizor has 30 seconds left.
|
|t:|1667577713
|switch|p1a: Mew|Mew|100/100
|move|p2a: Tapu Lele|Psychic|p1a: Mew
|-resisted|p1a: Mew
|-damage|p1a: Mew|48/100
|
|upkeep
|turn|16
|
|t:|1667577718
|switch|p1a: Torkoal|Torkoal, F|47/100
|-weather|SunnyDay|[from] ability: Drought|[of] p1a: Torkoal
|move|p2a: Tapu Lele|Psychic|p1a: Torkoal
|-damage|p1a: Torkoal|0 fnt
|faint|p1a: Torkoal
|
|-weather|SunnyDay|[upkeep]
|upkeep
|
|t:|1667577719
|switch|p1a: Volcarona|Volcarona, F|74/100
|turn|17
|
|t:|1667577730
|switch|p2a: Toxapex|Toxapex, M|93/100
|move|p1a: Volcarona|Quiver Dance|p1a: Volcarona
|-boost|p1a: Volcarona|spa|1
|-boost|p1a: Volcarona|spd|1
|-boost|p1a: Volcarona|spe|1
|
|-weather|SunnyDay|[upkeep]
|-heal|p1a: Volcarona|80/100|[from] item: Leftovers
|upkeep
|turn|18
|
|t:|1667577736
|move|p1a: Volcarona|Substitute|p1a: Volcarona
|-start|p1a: Volcarona|Substitute
|-damage|p1a: Volcarona|55/100
|move|p2a: Toxapex|Haze|p2a: Toxapex
|-clearallboost
|
|-weather|SunnyDay|[upkeep]
|-heal|p1a: Volcarona|61/100|[from] item: Leftovers
|-fieldend|move: Psychic Terrain
|upkeep
|turn|19
|
|t:|1667577742
|move|p1a: Volcarona|Fiery Dance|p2a: Toxapex
|-resisted|p2a: Toxapex
|-damage|p2a: Toxapex|69/100
|move|p2a: Toxapex|Knock Off|p1a: Volcarona
|-activate|p1a: Volcarona|move: Substitute|[damage]
|
|-weather|SunnyDay|[upkeep]
|-heal|p1a: Volcarona|67/100|[from] item: Leftovers
|upkeep
|turn|20
|
|t:|1667577746
|move|p1a: Volcarona|Fiery Dance|p2a: Toxapex
|-resisted|p2a: Toxapex
|-damage|p2a: Toxapex|45/100
|move|p2a: Toxapex|Knock Off|p1a: Volcarona
|-crit|p1a: Volcarona
|-end|p1a: Volcarona|Substitute
|
|-weather|none
|-heal|p1a: Volcarona|73/100|[from] item: Leftovers
|upkeep
|turn|21
|
|t:|1667577753
|move|p1a: Volcarona|Substitute|p1a: Volcarona
|-start|p1a: Volcarona|Substitute
|-damage|p1a: Volcarona|49/100
|move|p2a: Toxapex|Recover|p2a: Toxapex
|-heal|p2a: Toxapex|96/100
|
|-heal|p1a: Volcarona|55/100|[from] item: Leftovers
|upkeep
|turn|22
|
|t:|1667577757
|move|p1a: Volcarona|Giga Drain|p2a: Toxapex
|-damage|p2a: Toxapex|75/100
|-heal|p1a: Volcarona|65/100|[from] drain|[of] p2a: Toxapex
|move|p2a: Toxapex|Haze|p2a: Toxapex
|-clearallboost
|
|-heal|p1a: Volcarona|71/100|[from] item: Leftovers
|upkeep
|turn|23
|
|t:|1667577765
|move|p1a: Volcarona|Quiver Dance|p1a: Volcarona
|-boost|p1a: Volcarona|spa|1
|-boost|p1a: Volcarona|spd|1
|-boost|p1a: Volcarona|spe|1
|move|p2a: Toxapex|Knock Off|p1a: Volcarona
|-activate|p1a: Volcarona|move: Substitute|[damage]
|
|-heal|p1a: Volcarona|77/100|[from] item: Leftovers
|upkeep
|turn|24
|
|t:|1667577768
|move|p1a: Volcarona|Giga Drain|p2a: Toxapex
|-damage|p2a: Toxapex|40/100
|-heal|p1a: Volcarona|94/100|[from] drain|[of] p2a: Toxapex
|move|p2a: Toxapex|Recover|p2a: Toxapex
|-heal|p2a: Toxapex|90/100
|
|-heal|p1a: Volcarona|100/100|[from] item: Leftovers
|upkeep
|turn|25
|inactive|socaselectah has 120 seconds left.
|
|t:|1667577783
|switch|p1a: Blacephalon|Blacephalon|100/100
|move|p2a: Toxapex|Haze|p2a: Toxapex
|-clearallboost
|
|upkeep
|turn|26
|
|t:|1667577794
|move|p1a: Blacephalon|Shadow Ball|p2a: Toxapex
|-damage|p2a: Toxapex|45/100
|move|p2a: Toxapex|Recover|p2a: Toxapex
|-heal|p2a: Toxapex|95/100
|
|upkeep
|turn|27
|
|t:|1667577798
|move|p1a: Blacephalon|Psyshock|p2a: Toxapex
|-supereffective|p2a: Toxapex
|-damage|p2a: Toxapex|51/100
|move|p2a: Toxapex|Toxic|p1a: Blacephalon
|-status|p1a: Blacephalon|tox
|
|-damage|p1a: Blacephalon|94/100 tox|[from] psn
|upkeep
|turn|28
|
|t:|1667577803
|move|p1a: Blacephalon|Shadow Ball|p2a: Toxapex
|-damage|p2a: Toxapex|5/100
|move|p2a: Toxapex|Recover|p2a: Toxapex
|-heal|p2a: Toxapex|56/100
|
|-heal|p1a: Blacephalon|100/100 tox|[from] item: Leftovers
|-damage|p1a: Blacephalon|88/100 tox|[from] psn
|upkeep
|turn|29
|
|t:|1667577806
|move|p1a: Blacephalon|Shadow Ball|p2a: Toxapex
|-damage|p2a: Toxapex|12/100
|move|p2a: Toxapex|Recover|p2a: Toxapex
|-heal|p2a: Toxapex|62/100
|
|-heal|p1a: Blacephalon|94/100 tox|[from] item: Leftovers
|-damage|p1a: Blacephalon|76/100 tox|[from] psn
|upkeep
|turn|30
|
|t:|1667577810
|move|p1a: Blacephalon|Shadow Ball|p2a: Toxapex
|-damage|p2a: Toxapex|16/100
|move|p2a: Toxapex|Recover|p2a: Toxapex
|-heal|p2a: Toxapex|66/100
|
|-heal|p1a: Blacephalon|82/100 tox|[from] item: Leftovers
|-damage|p1a: Blacephalon|58/100 tox|[from] psn
|upkeep
|turn|31
|
|t:|1667577813
|switch|p1a: Rillaboom|Rillaboom, M|50/100
|-fieldstart|move: Grassy Terrain|[from] ability: Grassy Surge|[of] p1a: Rillaboom
|switch|p2a: Weavile|Weavile, F|100/100
|-ability|p2a: Weavile|Pressure
|
|-heal|p1a: Rillaboom|56/100|[from] Grassy Terrain
|upkeep
|turn|32
|
|t:|1667577819
|switch|p2a: Clefable|Clefable, F|100/100
|move|p1a: Rillaboom|Grassy Glide|p2a: Clefable
|-damage|p2a: Clefable|40/100
|
|-heal|p2a: Clefable|46/100|[from] Grassy Terrain
|-heal|p1a: Rillaboom|62/100|[from] Grassy Terrain
|upkeep
|turn|33
|
|t:|1667577821
|move|p1a: Rillaboom|Grassy Glide|p2a: Clefable
|-damage|p2a: Clefable|0 fnt
|faint|p2a: Clefable
|
|-heal|p1a: Rillaboom|69/100|[from] Grassy Terrain
|upkeep
|inactive|The Teal Scizor has 120 seconds left.
|inactive|The Teal Scizor has 90 seconds left.
|
|t:|1667577910
|switch|p2a: Tapu Lele|Tapu Lele|87/100
|-fieldstart|move: Psychic Terrain|[from] ability: Psychic Surge|[of] p2a: Tapu Lele
|turn|34
|
|t:|1667577919
|switch|p1a: Blacephalon|Blacephalon|58/100 tox
|move|p2a: Tapu Lele|Psychic|p1a: Blacephalon
|-damage|p1a: Blacephalon|0 fnt
|faint|p1a: Blacephalon
|
|upkeep
|
|t:|1667577924
|switch|p1a: Volcarona|Volcarona, F|100/100
|turn|35
|
|t:|1667577931
|switch|p2a: Toxapex|Toxapex, M|99/100
|switch|p1a: Mew|Mew|48/100
|
|upkeep
|turn|36
|inactive|The Teal Scizor has 90 seconds left.
|inactive|The Teal Scizor has 60 seconds left.
|
|t:|1667577994
|switch|p2a: Tapu Lele|Tapu Lele|87/100
|move|p1a: Mew|Earth Power|p2a: Tapu Lele
|-damage|p2a: Tapu Lele|53/100
|
|upkeep
|turn|37
|
|t:|1667578006
|switch|p1a: Volcarona|Volcarona, F|100/100
|move|p2a: Tapu Lele|Future Sight|p1a: Volcarona
|-start|p2a: Tapu Lele|move: Future Sight
|
|upkeep
|turn|38
|
|t:|1667578011
|switch|p2a: Toxapex|Toxapex, M|100/100
|move|p1a: Volcarona|Quiver Dance|p1a: Volcarona
|-boost|p1a: Volcarona|spa|1
|-boost|p1a: Volcarona|spd|1
|-boost|p1a: Volcarona|spe|1
|
|-fieldend|move: Psychic Terrain
|upkeep
|turn|39
|inactive|The Teal Scizor has 60 seconds left.
|
|t:|1667578019
|move|p1a: Volcarona|Substitute|p1a: Volcarona
|-start|p1a: Volcarona|Substitute
|-damage|p1a: Volcarona|76/100
|move|p2a: Toxapex|Haze|p2a: Toxapex
|-clearallboost
|
|-end|p1a: Volcarona|move: Future Sight
|-end|p1a: Volcarona|Substitute
|-heal|p1a: Volcarona|82/100|[from] item: Leftovers
|upkeep
|turn|40
|inactive|socaselectah has 120 seconds left.
|inactive|socaselectah has 90 seconds left.
|
|t:|1667578107
|switch|p1a: Mew|Mew|48/100
|move|p2a: Toxapex|Knock Off|p1a: Mew
|-supereffective|p1a: Mew
|-damage|p1a: Mew|20/100
|-enditem|p1a: Mew|Expert Belt|[from] move: Knock Off|[of] p2a: Toxapex
|
|upkeep
|turn|41
|c|☆socaselectah|gg
|
|t:|1667578124
|move|p1a: Mew|Earth Power|p2a: Toxapex
|-supereffective|p2a: Toxapex
|-damage|p2a: Toxapex|56/100
|-unboost|p2a: Toxapex|spd|1
|move|p2a: Toxapex|Toxic|p1a: Mew
|-status|p1a: Mew|tox
|-activate|p1a: Mew|ability: Synchronize
|-immune|p2a: Toxapex
|
|-damage|p1a: Mew|14/100 tox|[from] psn
|upkeep
|turn|42
|inactive|The Teal Scizor has 60 seconds left.
|inactive|The Teal Scizor has 30 seconds left.
|inactive|The Teal Scizor has 20 seconds left.
|
|t:|1667578180
|switch|p1a: Rillaboom|Rillaboom, M|69/100
|-fieldstart|move: Grassy Terrain|[from] ability: Grassy Surge|[of] p1a: Rillaboom
|switch|p2a: Urshifu|Urshifu-Rapid-Strike, F|87/100
|
|-heal|p2a: Urshifu|93/100|[from] Grassy Terrain
|-heal|p1a: Rillaboom|75/100|[from] Grassy Terrain
|upkeep
|turn|43
|inactive|The Teal Scizor has 30 seconds left this turn.
|inactive|The Teal Scizor has 20 seconds left.
|inactive|The Teal Scizor has 15 seconds left.
|inactive|socaselectah has 60 seconds left.
|
|t:|1667578207
|switch|p2a: Landorus|Landorus-Therian, M|86/100
|-ability|p2a: Landorus|Intimidate|boost
|-unboost|p1a: Rillaboom|atk|1
|move|p1a: Rillaboom|U-turn|p2a: Landorus
|-resisted|p2a: Landorus
|-damage|p2a: Landorus|76/100
|inactive|The Teal Scizor has 20 seconds left this turn.
|
|t:|1667578209
|switch|p1a: Mew|Mew|14/100 tox|[from]move: U-turn
|
|-heal|p1a: Mew|20/100 tox|[from] Grassy Terrain
|-damage|p1a: Mew|14/100 tox|[from] psn
|upkeep
|turn|44
|inactive|The Teal Scizor has 30 seconds left this turn.
|
|t:|1667578219
|switch|p2a: Weavile|Weavile, F|100/100
|-ability|p2a: Weavile|Pressure
|move|p1a: Mew|Ice Beam|p2a: Weavile
|-resisted|p2a: Weavile
|-damage|p2a: Weavile|81/100
|
|-heal|p2a: Weavile|87/100|[from] Grassy Terrain
|-heal|p1a: Mew|20/100 tox|[from] Grassy Terrain
|-damage|p1a: Mew|8/100 tox|[from] psn
|upkeep
|turn|45
|inactive|The Teal Scizor has 30 seconds left.
|inactive|The Teal Scizor has 20 seconds left.
|
|t:|1667578235
|move|p2a: Weavile|Ice Shard|p1a: Mew
|-damage|p1a: Mew|0 fnt
|faint|p1a: Mew
|
|-heal|p2a: Weavile|93/100|[from] Grassy Terrain
|upkeep
|inactive|The Teal Scizor has 25 seconds left this turn.
|
|t:|1667578238
|switch|p1a: Volcarona|Volcarona, F|82/100
|turn|46
|inactive|The Teal Scizor has 30 seconds left.
|
|t:|1667578245
|move|p2a: Weavile|Knock Off|p1a: Volcarona
|-damage|p1a: Volcarona|23/100
|-enditem|p1a: Volcarona|Leftovers|[from] move: Knock Off|[of] p2a: Weavile
|move|p1a: Volcarona|Quiver Dance|p1a: Volcarona
|-boost|p1a: Volcarona|spa|1
|-boost|p1a: Volcarona|spd|1
|-boost|p1a: Volcarona|spe|1
|
|-heal|p1a: Volcarona|29/100|[from] Grassy Terrain
|-heal|p2a: Weavile|99/100|[from] Grassy Terrain
|-fieldend|move: Grassy Terrain
|upkeep
|turn|47
|inactive|The Teal Scizor has 30 seconds left.
|inactive|The Teal Scizor has 20 seconds left.
|
|t:|1667578268
|move|p1a: Volcarona|Giga Drain|p2a: Weavile
|-damage|p2a: Weavile|42/100
|-heal|p1a: Volcarona|55/100|[from] drain|[of] p2a: Weavile
|move|p2a: Weavile|Knock Off|p1a: Volcarona
|-damage|p1a: Volcarona|20/100
|
|upkeep
|turn|48
|inactive|The Teal Scizor has 30 seconds left this turn.
|inactive|socaselectah has 90 seconds left.
|
|t:|1667578284
|move|p2a: Weavile|Ice Shard|p1a: Volcarona
|-resisted|p1a: Volcarona
|-damage|p1a: Volcarona|8/100
|move|p1a: Volcarona|Giga Drain|p2a: Weavile
|-damage|p2a: Weavile|0 fnt
|-heal|p1a: Volcarona|27/100|[from] drain|[of] p2a: Weavile
|faint|p2a: Weavile
|
|upkeep
|inactive|The Teal Scizor has 30 seconds left this turn.
|inactive|The Teal Scizor has 20 seconds left.
|
|t:|1667578295
|switch|p2a: Urshifu|Urshifu-Rapid-Strike, F|93/100
|turn|49
|inactive|The Teal Scizor has 30 seconds left this turn.
|
|t:|1667578298
|switch|p1a: Rillaboom|Rillaboom, M|75/100
|-fieldstart|move: Grassy Terrain|[from] ability: Grassy Surge|[of] p1a: Rillaboom
|move|p2a: Urshifu|Aqua Jet|p1a: Rillaboom
|-resisted|p1a: Rillaboom
|-damage|p1a: Rillaboom|66/100
|
|-heal|p2a: Urshifu|99/100|[from] Grassy Terrain
|-heal|p1a: Rillaboom|72/100|[from] Grassy Terrain
|upkeep
|turn|50
|
|t:|1667578305
|switch|p2a: Landorus|Landorus-Therian, M|76/100
|-ability|p2a: Landorus|Intimidate|boost
|-unboost|p1a: Rillaboom|atk|1
|move|p1a: Rillaboom|Grassy Glide|p2a: Landorus
|-damage|p2a: Landorus|36/100
|
|-heal|p1a: Rillaboom|78/100|[from] Grassy Terrain
|upkeep
|turn|51
|
|t:|1667578312
|switch|p2a: Toxapex|Toxapex, M|89/100
|move|p1a: Rillaboom|Grassy Glide|p2a: Toxapex
|-damage|p2a: Toxapex|69/100
|
|-heal|p1a: Rillaboom|84/100|[from] Grassy Terrain
|-heal|p2a: Toxapex|75/100|[from] Grassy Terrain
|upkeep
|turn|52
|
|t:|1667578316
|switch|p1a: Volcarona|Volcarona, F|27/100
|move|p2a: Toxapex|Toxic|p1a: Volcarona
|-status|p1a: Volcarona|tox
|
|-heal|p1a: Volcarona|33/100 tox|[from] Grassy Terrain
|-heal|p2a: Toxapex|81/100|[from] Grassy Terrain
|-damage|p1a: Volcarona|27/100 tox|[from] psn
|upkeep
|turn|53
|c|☆socaselectah|gg wp
|
|t:|1667578324
|move|p1a: Volcarona|Giga Drain|p2a: Toxapex
|-crit|p2a: Toxapex
|-damage|p2a: Toxapex|39/100
|-heal|p1a: Volcarona|47/100 tox|[from] drain|[of] p2a: Toxapex
|move|p2a: Toxapex|Recover|p2a: Toxapex
|-heal|p2a: Toxapex|90/100
|
|-heal|p1a: Volcarona|53/100 tox|[from] Grassy Terrain
|-heal|p2a: Toxapex|96/100|[from] Grassy Terrain
|-damage|p1a: Volcarona|41/100 tox|[from] psn
|-fieldend|move: Grassy Terrain
|upkeep
|turn|54
|c|☆The Teal Scizor|thanks
|inactive|The Teal Scizor has 60 seconds left.
|c|☆The Teal Scizor|u2
|
|t:|1667578336
|switch|p1a: Rillaboom|Rillaboom, M|84/100
|-fieldstart|move: Grassy Terrain|[from] ability: Grassy Surge|[of] p1a: Rillaboom
|move|p2a: Toxapex|Knock Off|p1a: Rillaboom
|-damage|p1a: Rillaboom|75/100
|
|-heal|p1a: Rillaboom|81/100|[from] Grassy Terrain
|-heal|p2a: Toxapex|100/100|[from] Grassy Terrain
|upkeep
|turn|55
|
|t:|1667578341
|switch|p1a: Volcarona|Volcarona, F|41/100 tox
|move|p2a: Toxapex|Toxic|p1a: Volcarona
|-fail|p1a: Volcarona|tox
|
|-heal|p1a: Volcarona|47/100 tox|[from] Grassy Terrain
|-damage|p1a: Volcarona|41/100 tox|[from] psn
|upkeep
|turn|56
|
|t:|1667578346
|move|p1a: Volcarona|Quiver Dance|p1a: Volcarona
|-boost|p1a: Volcarona|spa|1
|-boost|p1a: Volcarona|spd|1
|-boost|p1a: Volcarona|spe|1
|move|p2a: Toxapex|Knock Off|p1a: Volcarona
|-damage|p1a: Volcarona|29/100 tox
|
|-heal|p1a: Volcarona|35/100 tox|[from] Grassy Terrain
|-damage|p1a: Volcarona|23/100 tox|[from] psn
|upkeep
|turn|57
|
|t:|1667578350
|move|p1a: Volcarona|Giga Drain|p2a: Toxapex
|-damage|p2a: Toxapex|58/100
|-heal|p1a: Volcarona|44/100 tox|[from] drain|[of] p2a: Toxapex
|move|p2a: Toxapex|Haze|p2a: Toxapex
|-clearallboost
|
|-heal|p1a: Volcarona|50/100 tox|[from] Grassy Terrain
|-heal|p2a: Toxapex|64/100|[from] Grassy Terrain
|-damage|p1a: Volcarona|31/100 tox|[from] psn
|upkeep
|turn|58
|inactive|The Teal Scizor has 90 seconds left.
|
|t:|1667578355
|move|p1a: Volcarona|Giga Drain|p2a: Toxapex
|-damage|p2a: Toxapex|34/100
|-heal|p1a: Volcarona|46/100 tox|[from] drain|[of] p2a: Toxapex
|move|p2a: Toxapex|Recover|p2a: Toxapex
|-heal|p2a: Toxapex|84/100
|
|-heal|p1a: Volcarona|52/100 tox|[from] Grassy Terrain
|-heal|p2a: Toxapex|90/100|[from] Grassy Terrain
|-damage|p1a: Volcarona|28/100 tox|[from] psn
|-fieldend|move: Grassy Terrain
|upkeep
|turn|59
|
|t:|1667578361
|move|p1a: Volcarona|Giga Drain|p2a: Toxapex
|-damage|p2a: Toxapex|67/100
|-heal|p1a: Volcarona|39/100 tox|[from] drain|[of] p2a: Toxapex
|move|p2a: Toxapex|Toxic|p1a: Volcarona
|-fail|p1a: Volcarona|tox
|
|-damage|p1a: Volcarona|9/100 tox|[from] psn
|upkeep
|turn|60
|
|t:|1667578367
|move|p1a: Volcarona|Giga Drain|p2a: Toxapex
|-damage|p2a: Toxapex|45/100
|-heal|p1a: Volcarona|19/100 tox|[from] drain|[of] p2a: Toxapex
|move|p2a: Toxapex|Toxic|p1a: Volcarona
|-fail|p1a: Volcarona|tox
|
|-damage|p1a: Volcarona|0 fnt|[from] psn
|faint|p1a: Volcarona
|upkeep
|
|t:|1667578369
|switch|p1a: Rillaboom|Rillaboom, M|81/100
|-fieldstart|move: Grassy Terrain|[from] ability: Grassy Surge|[of] p1a: Rillaboom
|turn|61
|
|t:|1667578372
|move|p1a: Rillaboom|Grassy Glide|p2a: Toxapex
|-damage|p2a: Toxapex|15/100
|move|p2a: Toxapex|Toxic|p1a: Rillaboom
|-status|p1a: Rillaboom|tox
|
|-heal|p1a: Rillaboom|87/100 tox|[from] Grassy Terrain
|-heal|p2a: Toxapex|21/100|[from] Grassy Terrain
|-damage|p1a: Rillaboom|81/100 tox|[from] psn
|upkeep
|turn|62
|-message|socaselectah forfeited.
|
|win|The Teal Scizor
|raw|socaselectah's rating: 1685 &rarr; <strong>1664</strong><br />(-21 for losing)
|raw|The Teal Scizor's rating: 1660 &rarr; <strong>1681</strong><br />(+21 for winning)
|l|☆socaselectah
||Ladder isn't responding, score probably updated but might not have (Request timeout).
