|raw|<div class="broadcast-blue"><strong>This battle is required to be public due to a player having a name starting with 'LT74PF'.</div>
|j|☆lt74pf dank
|j|☆Ayante
|t:|1598756151
|player|p1|lt74pf dank|iris|1747
|player|p2|Ayante|koga|1659
|teamsize|p1|6
|teamsize|p2|6
|gametype|singles
|gen|8
|tier|[Gen 8] OU
|rated|
|clearpoke
|poke|p1|Torkoal, M|
|poke|p1|Marowak-Alola, M|
|poke|p1|Porygon2|
|poke|p1|Slowbro, F|
|poke|p1|Hatterene, F|
|poke|p1|Conkeldurr, M|
|poke|p2|Clefable, F|
|poke|p2|Ferrothorn, M|
|poke|p2|Togekiss, F|
|poke|p2|Urshifu-*, F|
|poke|p2|Dragapult, F|
|poke|p2|Rotom-Heat|
|rule|Sleep Clause Mod: Limit one foe put to sleep
|rule|Species Clause: Limit one of each Pokémon
|rule|OHKO Clause: OHKO moves are banned
|rule|Evasion Moves Clause: Evasion moves are banned
|rule|Endless Battle Clause: Forcing endless battles is banned
|rule|HP Percentage Mod: HP is shown in percentages
|rule|Dynamax Clause: You cannot dynamax
|teampreview
|inactive|Battle timer is ON: inactive players will automatically lose when time's up. (requested by lt74pf dank)
|
|t:|1598756163
|start
|switch|p1a: Hatterene|Hatterene, F|100/100
|switch|p2a: White VOID|Togekiss, F|100/100
|turn|1
|
|t:|1598756170
|move|p2a: White VOID|Air Slash|p1a: Hatterene
|-damage|p1a: Hatterene|60/100
|move|p1a: Hatterene|Trick Room|p1a: Hatterene
|-fieldstart|move: Trick Room|[of] p1a: Hatterene
|
|upkeep
|turn|2
|
|t:|1598756176
|move|p1a: Hatterene|Misty Explosion|p2a: White VOID
|-damage|p2a: White VOID|23/100
|faint|p1a: Hatterene
|move|p2a: White VOID|Nasty Plot|p2a: White VOID
|-boost|p2a: White VOID|spa|2
|
|-heal|p2a: White VOID|29/100|[from] item: Leftovers
|upkeep
|
|t:|1598756182
|switch|p1a: Marowak|Marowak-Alola, M|100/100
|turn|3
|
|t:|1598756191
|switch|p2a: Rotom|Rotom-Heat|100/100
|move|p1a: Marowak|Flare Blitz|p2a: Rotom
|-resisted|p2a: Rotom
|-damage|p2a: Rotom|53/100
|
|upkeep
|turn|4
|
|t:|1598756202
|move|p1a: Marowak|Flare Blitz|p2a: Rotom
|-resisted|p2a: Rotom
|-damage|p2a: Rotom|5/100
|move|p2a: Rotom|Overheat|p1a: Marowak
|-resisted|p1a: Marowak
|-damage|p1a: Marowak|64/100
|-unboost|p2a: Rotom|spa|2
|
|upkeep
|turn|5
|j| DrPepperDude
|l| DrPepperDude
|
|t:|1598756211
|move|p1a: Marowak|Flare Blitz|p2a: Rotom
|-resisted|p2a: Rotom
|-damage|p2a: Rotom|0 fnt
|faint|p2a: Rotom
|
|-fieldend|move: Trick Room
|upkeep
|
|t:|1598756222
|switch|p2a: Metatron|Urshifu, F|100/100
|turn|6
|
|t:|1598756230
|switch|p1a: Porygon2|Porygon2|100/100
|-ability|p1a: Porygon2|Unseen Fist|[from] ability: Trace|[of] p2a: Metatron
|move|p2a: Metatron|Wicked Blow|p1a: Porygon2
|-crit|p1a: Porygon2
|-damage|p1a: Porygon2|52/100
|
|upkeep
|turn|7
|
|t:|1598756238
|move|p2a: Metatron|Wicked Blow|p1a: Porygon2
|-crit|p1a: Porygon2
|-damage|p1a: Porygon2|4/100
|move|p1a: Porygon2|Trick Room|p1a: Porygon2
|-fieldstart|move: Trick Room|[of] p1a: Porygon2
|
|upkeep
|turn|8
|
|t:|1598756244
|move|p1a: Porygon2|Tri Attack|p2a: Metatron
|-damage|p2a: Metatron|55/100
|move|p2a: Metatron|Wicked Blow|p1a: Porygon2
|-crit|p1a: Porygon2
|-damage|p1a: Porygon2|0 fnt
|faint|p1a: Porygon2
|
|upkeep
|
|t:|1598756250
|switch|p1a: Torkoal|Torkoal, M|100/100
|-weather|SunnyDay|[from] ability: Drought|[of] p1a: Torkoal
|turn|9
|
|t:|1598756262
|switch|p2a: Typhon|Dragapult, F|100/100
|move|p1a: Torkoal|Eruption|p2a: Typhon
|-resisted|p2a: Typhon
|-damage|p2a: Typhon|11/100
|
|-weather|SunnyDay|[upkeep]
|-heal|p2a: Typhon|17/100|[from] item: Leftovers
|upkeep
|turn|10
|inactive|Ayante has 120 seconds left.
|
|t:|1598756296
|move|p1a: Torkoal|Eruption|p2a: Typhon
|-resisted|p2a: Typhon
|-damage|p2a: Typhon|0 fnt
|faint|p2a: Typhon
|
|-weather|SunnyDay|[upkeep]
|upkeep
|inactive|Ayante has 120 seconds left.
|
|t:|1598756326
|switch|p2a: Ferrothorn|Ferrothorn, M|100/100
|turn|11
|
|t:|1598756331
|move|p1a: Torkoal|Eruption|p2a: Ferrothorn
|-supereffective|p2a: Ferrothorn
|-damage|p2a: Ferrothorn|0 fnt
|faint|p2a: Ferrothorn
|
|-weather|SunnyDay|[upkeep]
|-fieldend|move: Trick Room
|upkeep
|
|t:|1598756339
|switch|p2a: White VOID|Togekiss, F|29/100
|turn|12
|
|t:|1598756343
|switch|p1a: Slowbro|Slowbro, F|100/100
|move|p2a: White VOID|Air Slash|p1a: Slowbro
|-damage|p1a: Slowbro|59/100
|
|-weather|SunnyDay|[upkeep]
|-heal|p2a: White VOID|36/100|[from] item: Leftovers
|upkeep
|turn|13
|
|t:|1598756353
|switch|p1a: Marowak|Marowak-Alola, M|64/100
|move|p2a: White VOID|Air Slash|p1a: Marowak
|-damage|p1a: Marowak|16/100
|
|-weather|none
|-heal|p2a: White VOID|42/100|[from] item: Leftovers
|upkeep
|turn|14
|j| LT74PF Tack
|inactive|Ayante has 120 seconds left.
|
|t:|1598756362
|move|p2a: White VOID|Air Slash|p1a: Marowak
|-damage|p1a: Marowak|0 fnt
|faint|p1a: Marowak
|
|-heal|p2a: White VOID|48/100|[from] item: Leftovers
|upkeep
|
|t:|1598756365
|switch|p1a: Slowbro|Slowbro, F|92/100
|turn|15
|inactive|Ayante has 120 seconds left.
|
|t:|1598756384
|move|p2a: White VOID|Air Slash|p1a: Slowbro
|-damage|p1a: Slowbro|53/100
|move|p1a: Slowbro|Trick Room|p1a: Slowbro
|-fieldstart|move: Trick Room|[of] p1a: Slowbro
|
|-heal|p2a: White VOID|54/100|[from] item: Leftovers
|upkeep
|turn|16
|inactive|Ayante has 120 seconds left.
|
|t:|1598756398
|move|p2a: White VOID|Substitute|p2a: White VOID
|-start|p2a: White VOID|Substitute
|-damage|p2a: White VOID|29/100
|move|p1a: Slowbro|Teleport|p1a: Slowbro
|
|t:|1598756401
|switch|p1a: Torkoal|Torkoal, M|100/100|[from]move: Teleport
|-weather|SunnyDay|[from] ability: Drought|[of] p1a: Torkoal
|
|-weather|SunnyDay|[upkeep]
|-heal|p2a: White VOID|35/100|[from] item: Leftovers
|upkeep
|turn|17
|inactive|Ayante has 120 seconds left.
|
|t:|1598756435
|move|p1a: Torkoal|Eruption|p2a: White VOID
|-end|p2a: White VOID|Substitute
|move|p2a: White VOID|Roost|p2a: White VOID
|-heal|p2a: White VOID|85/100
|-singleturn|p2a: White VOID|move: Roost
|
|-weather|SunnyDay|[upkeep]
|-heal|p2a: White VOID|91/100|[from] item: Leftovers
|upkeep
|turn|18
|
|t:|1598756448
|switch|p2a: Metatron|Urshifu, F|55/100
|move|p1a: Torkoal|Eruption|p2a: Metatron
|-damage|p2a: Metatron|0 fnt
|faint|p2a: Metatron
|
|-weather|SunnyDay|[upkeep]
|upkeep
|
|t:|1598756458
|switch|p2a: Bebecitaaa|Clefable, F|100/100
|turn|19
|
|t:|1598756465
|move|p1a: Torkoal|Eruption|p2a: Bebecitaaa
|-damage|p2a: Bebecitaaa|0 fnt
|faint|p2a: Bebecitaaa
|
|-weather|SunnyDay|[upkeep]
|-fieldend|move: Trick Room
|upkeep
|
|t:|1598756472
|switch|p2a: White VOID|Togekiss, F|91/100
|turn|20
|j| Storm Zone
|
|t:|1598756478
|move|p2a: White VOID|Substitute|p2a: White VOID
|-start|p2a: White VOID|Substitute
|-damage|p2a: White VOID|66/100
|move|p1a: Torkoal|Eruption|p2a: White VOID
|-end|p2a: White VOID|Substitute
|
|-weather|none
|-heal|p2a: White VOID|72/100|[from] item: Leftovers
|upkeep
|turn|21
|inactive|Ayante has 120 seconds left.
|
|t:|1598756488
|switch|p1a: Slowbro|Slowbro, F|86/100
|move|p2a: White VOID|Air Slash|p1a: Slowbro
|-damage|p1a: Slowbro|45/100
|
|-heal|p2a: White VOID|78/100|[from] item: Leftovers
|upkeep
|turn|22
|inactive|Ayante has 120 seconds left.
|
|t:|1598756501
|move|p2a: White VOID|Air Slash|p1a: Slowbro
|-damage|p1a: Slowbro|4/100
|cant|p1a: Slowbro|flinch
|
|-heal|p2a: White VOID|84/100|[from] item: Leftovers
|upkeep
|turn|23
|
|t:|1598756509
|move|p2a: White VOID|Air Slash|p1a: Slowbro
|-damage|p1a: Slowbro|0 fnt
|faint|p1a: Slowbro
|
|-heal|p2a: White VOID|90/100|[from] item: Leftovers
|upkeep
|
|t:|1598756512
|switch|p1a: Torkoal|Torkoal, M|100/100
|-weather|SunnyDay|[from] ability: Drought|[of] p1a: Torkoal
|turn|24
|j| 0%SKILL100%RNG
|j| koookie
|
|t:|1598756523
|move|p2a: White VOID|Substitute|p2a: White VOID
|-start|p2a: White VOID|Substitute
|-damage|p2a: White VOID|65/100
|move|p1a: Torkoal|Fire Blast|p2a: White VOID
|-end|p2a: White VOID|Substitute
|
|-weather|SunnyDay|[upkeep]
|-heal|p2a: White VOID|72/100|[from] item: Leftovers
|upkeep
|turn|25
|
|t:|1598756533
|move|p2a: White VOID|Air Slash|p1a: Torkoal
|-damage|p1a: Torkoal|50/100
|cant|p1a: Torkoal|flinch
|
|-weather|SunnyDay|[upkeep]
|-heal|p2a: White VOID|78/100|[from] item: Leftovers
|upkeep
|turn|26
|
|t:|1598756542
|move|p2a: White VOID|Air Slash|p1a: Torkoal
|-crit|p1a: Torkoal
|-damage|p1a: Torkoal|0 fnt
|faint|p1a: Torkoal
|
|-weather|SunnyDay|[upkeep]
|-heal|p2a: White VOID|84/100|[from] item: Leftovers
|upkeep
|j| H347R4N
|inactive|lt74pf dank has 120 seconds left.
|l|☆lt74pf dank
|inactive|lt74pf dank disconnected and has a minute to reconnect!
|player|p1|
|inactive|lt74pf dank has 30 seconds to reconnect!
|c|☆Ayante|He left gg
|inactive|lt74pf dank has 20 seconds to reconnect!
|inactive|lt74pf dank has 15 seconds to reconnect!
|inactive|lt74pf dank has 10 seconds to reconnect!
|inactive|lt74pf dank has 5 seconds to reconnect!
|-message|lt74pf dank lost due to inactivity.
|
|win|Ayante
|raw|lt74pf dank's rating: 1747 &rarr; <strong>1722</strong><br />(-25 for losing)
|raw|Ayante's rating: 1659 &rarr; <strong>1684</strong><br />(+25 for winning)
