|html|<div class="broadcast-blue"><strong>[Gen 8] OU is currently suspecting Melmetal! For information on how to participate check out the <a href="https://www.smogon.com/forums/threads/np-ss-ou-suspect-process-round-12-monster-mash.3709234/">suspect thread</a>.</strong></div>
|j|☆minimax_ai
|j|☆iopkj09
|t:|1665751171
|gametype|singles
|player|p1|minimax_ai|101|1675
|player|p2|iopkj09|nate|1638
|teamsize|p1|6
|teamsize|p2|6
|gen|8
|tier|[Gen 8] OU
|rated|
|rule|Sleep Clause Mod: Limit one foe put to sleep
|rule|Species Clause: Limit one of each Pokémon
|rule|OHKO Clause: OHKO moves are banned
|rule|Evasion Items Clause: Evasion items are banned
|rule|Evasion Moves Clause: Evasion moves are banned
|rule|Endless Battle Clause: Forcing endless battles is banned
|rule|HP Percentage Mod: HP is shown in percentages
|rule|Dynamax Clause: You cannot dynamax
|clearpoke
|poke|p1|Rotom-Wash|
|poke|p1|Weavile, M|
|poke|p1|Landorus-Therian, M|
|poke|p1|Heatran, M|
|poke|p1|Tangrowth, F|
|poke|p1|Melmetal|
|poke|p2|Garchomp, M|
|poke|p2|Zapdos|
|poke|p2|Rillaboom, M|
|poke|p2|Tapu Lele|
|poke|p2|Volcanion|
|poke|p2|Weavile, F|
|teampreview
|inactive|Battle timer is ON: inactive players will automatically lose when time's up. (requested by iopkj09)
|j| Shadow658
|c|☆minimax_ai|hf
|inactive|minimax_ai also wants the timer to be on.
|j| KangkongNation3
|
|t:|1665751191
|start
|switch|p1a: Melmetal|Melmetal|100/100
|switch|p2a: Weavile|Weavile, F|100/100
|-ability|p2a: Weavile|Pressure
|turn|1
|l| KangkongNation3
|
|t:|1665751193
|switch|p2a: Volcanion|Volcanion|100/100
|move|p1a: Melmetal|Double Iron Bash|p2a: Volcanion
|-resisted|p2a: Volcanion
|-damage|p2a: Volcanion|93/100
|-resisted|p2a: Volcanion
|-damage|p2a: Volcanion|86/100
|-hitcount|p2a: Volcanion|2
|
|upkeep
|turn|2
|
|t:|1665751201
|switch|p1a: rotomwash|Rotom-Wash|100/100
|move|p2a: Volcanion|Steam Eruption|p1a: rotomwash
|-resisted|p1a: rotomwash
|-damage|p1a: rotomwash|75/100
|
|-heal|p1a: rotomwash|81/100|[from] item: Leftovers
|upkeep
|turn|3
|
|t:|1665751207
|switch|p2a: Garchomp|Garchomp, M, shiny|100/100
|move|p1a: rotomwash|Thunderbolt|p2a: Garchomp
|-immune|p2a: Garchomp
|
|-heal|p1a: rotomwash|87/100|[from] item: Leftovers
|upkeep
|turn|4
|
|t:|1665751212
|switch|p2a: Volcanion|Volcanion|86/100
|switch|p1a: landorustherian|Landorus-Therian, M|100/100
|-ability|p1a: landorustherian|Intimidate|boost
|-unboost|p2a: Volcanion|atk|1
|
|upkeep
|turn|5
|
|t:|1665751214
|move|p1a: landorustherian|Earthquake|p2a: Volcanion
|-supereffective|p2a: Volcanion
|-damage|p2a: Volcanion|17/100
|move|p2a: Volcanion|Steam Eruption|p1a: landorustherian
|-supereffective|p1a: landorustherian
|-damage|p1a: landorustherian|20/100
|
|-heal|p1a: landorustherian|26/100|[from] item: Leftovers
|upkeep
|turn|6
|
|t:|1665751217
|switch|p2a: Zapdos|Zapdos, shiny|100/100
|move|p1a: landorustherian|U-turn|p2a: Zapdos
|-resisted|p2a: Zapdos
|-damage|p2a: Zapdos|87/100
|-status|p1a: landorustherian|par|[from] ability: Static|[of] p2a: Zapdos
|
|t:|1665751217
|switch|p1a: Weavile|Weavile, M|100/100|[from]move: U-turn
|-ability|p1a: Weavile|Pressure
|
|upkeep
|turn|7
|
|t:|1665751220
|switch|p2a: Volcanion|Volcanion|17/100
|move|p1a: Weavile|Triple Axel|p2a: Volcanion
|-resisted|p2a: Volcanion
|-damage|p2a: Volcanion|15/100
|-resisted|p2a: Volcanion
|-damage|p2a: Volcanion|9/100
|-resisted|p2a: Volcanion
|-damage|p2a: Volcanion|2/100
|-hitcount|p2a: Volcanion|3
|
|upkeep
|turn|8
|
|t:|1665751222
|move|p1a: Weavile|Triple Axel|p2a: Volcanion
|-resisted|p2a: Volcanion
|-damage|p2a: Volcanion|0 fnt
|faint|p2a: Volcanion
|-hitcount|p2: Volcanion|1
|
|upkeep
|
|t:|1665751224
|switch|p2a: Tapu Lele|Tapu Lele|100/100
|-fieldstart|move: Psychic Terrain|[from] ability: Psychic Surge|[of] p2a: Tapu Lele
|turn|9
|
|t:|1665751226
|switch|p1a: Melmetal|Melmetal|100/100
|move|p2a: Tapu Lele|Psychic|p1a: Melmetal
|-resisted|p1a: Melmetal
|-damage|p1a: Melmetal|75/100
|
|upkeep
|turn|10
|
|t:|1665751229
|switch|p2a: Zapdos|Zapdos, shiny|87/100
|move|p1a: Melmetal|Ice Punch|p2a: Zapdos
|-supereffective|p2a: Zapdos
|-damage|p2a: Zapdos|10/100
|
|upkeep
|turn|11
|
|t:|1665751230
|move|p2a: Zapdos|Heat Wave|p1a: Melmetal
|-supereffective|p1a: Melmetal
|-damage|p1a: Melmetal|40/100
|move|p1a: Melmetal|Ice Punch|p2a: Zapdos
|-supereffective|p2a: Zapdos
|-damage|p2a: Zapdos|0 fnt
|faint|p2a: Zapdos
|
|upkeep
|
|t:|1665751233
|switch|p2a: Weavile|Weavile, F|100/100
|-ability|p2a: Weavile|Pressure
|turn|12
|
|t:|1665751236
|switch|p1a: landorustherian|Landorus-Therian, M|26/100 par
|-ability|p1a: landorustherian|Intimidate|boost
|-unboost|p2a: Weavile|atk|1
|move|p2a: Weavile|Swords Dance|p2a: Weavile
|-boost|p2a: Weavile|atk|2
|
|-heal|p1a: landorustherian|32/100 par|[from] item: Leftovers
|upkeep
|turn|13
|
|t:|1665751238
|move|p2a: Weavile|Ice Shard|p1a: landorustherian
|-hint|Psychic Terrain doesn't affect Pokémon immune to Ground.
|-supereffective|p1a: landorustherian
|-damage|p1a: landorustherian|0 fnt
|faint|p1a: landorustherian
|
|-fieldend|move: Psychic Terrain
|upkeep
|
|t:|1665751238
|switch|p1a: Heatran|Heatran, M|100/100
|-item|p1a: Heatran|Air Balloon
|turn|14
|
|t:|1665751240
|move|p2a: Weavile|Low Kick|p1a: Heatran
|-supereffective|p1a: Heatran
|-damage|p1a: Heatran|0 fnt
|-enditem|p1a: Heatran|Air Balloon
|faint|p1a: Heatran
|
|upkeep
|
|t:|1665751240
|switch|p1a: Tangrowth|Tangrowth, F|100/100
|turn|15
|
|t:|1665751243
|move|p2a: Weavile|Ice Shard|p1a: Tangrowth
|-supereffective|p1a: Tangrowth
|-damage|p1a: Tangrowth|69/100
|move|p1a: Tangrowth|Sleep Powder|p2a: Weavile|[miss]
|-miss|p1a: Tangrowth|p2a: Weavile
|
|upkeep
|turn|16
|
|t:|1665751246
|move|p2a: Weavile|Ice Shard|p1a: Tangrowth
|-supereffective|p1a: Tangrowth
|-damage|p1a: Tangrowth|37/100
|move|p1a: Tangrowth|Giga Drain|p2a: Weavile
|-crit|p2a: Weavile
|-damage|p2a: Weavile|38/100
|-heal|p1a: Tangrowth|59/100|[from] drain|[of] p2a: Weavile
|
|upkeep
|turn|17
|
|t:|1665751249
|move|p2a: Weavile|Ice Shard|p1a: Tangrowth
|-supereffective|p1a: Tangrowth
|-damage|p1a: Tangrowth|26/100
|move|p1a: Tangrowth|Giga Drain|p2a: Weavile
|-damage|p2a: Weavile|0 fnt
|-heal|p1a: Tangrowth|39/100|[from] drain|[of] p2a: Weavile
|faint|p2a: Weavile
|
|upkeep
|
|t:|1665751251
|switch|p2a: Tapu Lele|Tapu Lele|100/100
|-fieldstart|move: Psychic Terrain|[from] ability: Psychic Surge|[of] p2a: Tapu Lele
|turn|18
|
|t:|1665751252
|switch|p1a: Melmetal|Melmetal|40/100
|move|p2a: Tapu Lele|Moonblast|p1a: Melmetal
|-resisted|p1a: Melmetal
|-damage|p1a: Melmetal|19/100
|-unboost|p1a: Melmetal|spa|1
|
|upkeep
|turn|19
|
|t:|1665751254
|move|p2a: Tapu Lele|Moonblast|p1a: Melmetal
|-resisted|p1a: Melmetal
|-damage|p1a: Melmetal|0 fnt
|faint|p1a: Melmetal
|
|upkeep
|
|t:|1665751254
|switch|p1a: Weavile|Weavile, M|100/100
|-ability|p1a: Weavile|Pressure
|turn|20
|
|t:|1665751257
|move|p1a: Weavile|Triple Axel|p2a: Tapu Lele
|-damage|p2a: Tapu Lele|79/100
|-damage|p2a: Tapu Lele|31/100
|-damage|p2a: Tapu Lele|0 fnt
|faint|p2a: Tapu Lele
|-hitcount|p2: Tapu Lele|3
|
|upkeep
|
|t:|1665751261
|switch|p2a: Garchomp|Garchomp, M, shiny|100/100
|turn|21
|
|t:|1665751263
|move|p2a: Garchomp|Outrage|p1a: Weavile
|-damage|p1a: Weavile|0 fnt
|faint|p1a: Weavile
|
|upkeep
|
|t:|1665751263
|switch|p1a: Tangrowth|Tangrowth, F|72/100
|turn|22
|
|t:|1665751266
|move|p2a: Garchomp|Outrage|p1a: Tangrowth|[from]lockedmove
|-damage|p1a: Tangrowth|39/100
|-damage|p2a: Garchomp|84/100|[from] item: Rocky Helmet|[of] p1a: Tangrowth
|-start|p2a: Garchomp|confusion|[fatigue]
|move|p1a: Tangrowth|Giga Drain|p2a: Garchomp
|-damage|p2a: Garchomp|51/100
|-heal|p1a: Tangrowth|53/100|[from] drain|[of] p2a: Garchomp
|
|-fieldend|move: Psychic Terrain
|upkeep
|turn|23
|
|t:|1665751268
|-activate|p2a: Garchomp|confusion
|move|p2a: Garchomp|Outrage|p1a: Tangrowth
|-damage|p1a: Tangrowth|21/100
|-damage|p2a: Garchomp|34/100|[from] item: Rocky Helmet|[of] p1a: Tangrowth
|move|p1a: Tangrowth|Giga Drain|p2a: Garchomp
|-damage|p2a: Garchomp|1/100
|-heal|p1a: Tangrowth|35/100|[from] drain|[of] p2a: Garchomp
|
|upkeep
|turn|24
|
|t:|1665751272
|-activate|p2a: Garchomp|confusion
|-damage|p2a: Garchomp|0 fnt|[from] confusion
|faint|p2a: Garchomp
|move|p1a: Tangrowth|Giga Drain|p2: Garchomp|[notarget]
|-fail|p1a: Tangrowth
|
|upkeep
|
|t:|1665751274
|switch|p2a: Rillaboom|Rillaboom, M|100/100
|-fieldstart|move: Grassy Terrain|[from] ability: Grassy Surge|[of] p2a: Rillaboom
|turn|25
|
|t:|1665751275
|move|p2a: Rillaboom|Swords Dance|p2a: Rillaboom
|-boost|p2a: Rillaboom|atk|2
|move|p1a: Tangrowth|Knock Off|p2a: Rillaboom
|-damage|p2a: Rillaboom|77/100
|-enditem|p2a: Rillaboom|Life Orb|[from] move: Knock Off|[of] p1a: Tangrowth
|
|-heal|p2a: Rillaboom|84/100|[from] Grassy Terrain
|-heal|p1a: Tangrowth|42/100|[from] Grassy Terrain
|upkeep
|turn|26
|
|t:|1665751277
|move|p2a: Rillaboom|Superpower|p1a: Tangrowth
|-damage|p1a: Tangrowth|0 fnt
|-unboost|p2a: Rillaboom|atk|1
|-unboost|p2a: Rillaboom|def|1
|-damage|p2a: Rillaboom|67/100|[from] item: Rocky Helmet|[of] p1a: Tangrowth
|faint|p1a: Tangrowth
|
|-heal|p2a: Rillaboom|73/100|[from] Grassy Terrain
|upkeep
|
|t:|1665751277
|switch|p1a: rotomwash|Rotom-Wash|87/100
|turn|27
|
|t:|1665751279
|move|p2a: Rillaboom|Grassy Glide|p1a: rotomwash
|-supereffective|p1a: rotomwash
|-damage|p1a: rotomwash|0 fnt
|faint|p1a: rotomwash
|
|win|iopkj09
|raw|minimax_ai's rating: 1675 &rarr; <strong>1653</strong><br />(-22 for losing)
|raw|iopkj09's rating: 1638 &rarr; <strong>1660</strong><br />(+22 for winning)
|c|☆minimax_ai|gg
