|j|☆crescendoww
|j|☆King Of Peak
|t:|1667755759
|gametype|singles
|player|p1|crescendoww|falkner|1667
|player|p2|King Of Peak|riley|1622
|teamsize|p1|6
|teamsize|p2|6
|gen|8
|tier|[Gen 8] OU
|rated|
|rule|Sleep Clause Mod: Limit one foe put to sleep
|rule|Species Clause: Limit one of each Pokémon
|rule|OHKO Clause: OHKO moves are banned
|rule|Evasion Items Clause: Evasion items are banned
|rule|Evasion Moves Clause: Evasion moves are banned
|rule|Endless Battle Clause: Forcing endless battles is banned
|rule|HP Percentage Mod: HP is shown in percentages
|rule|Dynamax Clause: You cannot dynamax
|clearpoke
|poke|p1|Volcarona, F|
|poke|p1|Zygarde-10%|
|poke|p1|Jirachi|
|poke|p1|Rillaboom, M|
|poke|p1|Tornadus-Therian, M|
|poke|p1|Bisharp, F|
|poke|p2|Slowbro, M|
|poke|p2|Tornadus-Therian, M|
|poke|p2|Clefable, F|
|poke|p2|Hydreigon, F|
|poke|p2|Urshifu-*, F|
|poke|p2|Landorus-Therian, M|
|teampreview
|j| tricks av
|inactive|Battle timer is ON: inactive players will automatically lose when time's up. (requested by King Of Peak)
|j| HQSNonsense
|inactive|crescendoww has 120 seconds left.
|inactive|King Of Peak has 120 seconds left.
|
|t:|1667755809
|start
|switch|p1a: Bisharp|Bisharp, F|100/100
|switch|p2a: Clefable|Clefable, F|100/100
|turn|1
|
|t:|1667755825
|move|p1a: Bisharp|Knock Off|p2a: Clefable
|-resisted|p2a: Clefable
|-damage|p2a: Clefable|83/100
|-enditem|p2a: Clefable|Leftovers|[from] move: Knock Off|[of] p1a: Bisharp
|move|p2a: Clefable|Moonblast|p1a: Bisharp
|-damage|p1a: Bisharp|70/100
|
|-heal|p1a: Bisharp|76/100|[from] item: Leftovers
|upkeep
|turn|2
|
|t:|1667755832
|switch|p2a: Slowbro|Slowbro, M|100/100
|move|p1a: Bisharp|Stealth Rock|p2a: Slowbro
|-sidestart|p2: King Of Peak|move: Stealth Rock
|
|-heal|p1a: Bisharp|82/100|[from] item: Leftovers
|upkeep
|turn|3
|
|t:|1667755838
|move|p1a: Bisharp|Toxic|p2a: Slowbro|[miss]
|-miss|p1a: Bisharp|p2a: Slowbro
|move|p2a: Slowbro|Scald|p1a: Bisharp
|-crit|p1a: Bisharp
|-damage|p1a: Bisharp|45/100
|
|-heal|p1a: Bisharp|51/100|[from] item: Leftovers
|upkeep
|turn|4
|
|t:|1667755843
|move|p1a: Bisharp|Knock Off|p2a: Slowbro
|-supereffective|p2a: Slowbro
|-damage|p2a: Slowbro|53/100
|-damage|p1a: Bisharp|34/100|[from] item: Rocky Helmet|[of] p2a: Slowbro
|-enditem|p2a: Slowbro|Rocky Helmet|[from] move: Knock Off|[of] p1a: Bisharp
|move|p2a: Slowbro|Scald|p1a: Bisharp
|-damage|p1a: Bisharp|8/100
|
|-heal|p1a: Bisharp|14/100|[from] item: Leftovers
|upkeep
|turn|5
|j| carboxide_ever
|
|t:|1667755853
|switch|p1a: Tornadus|Tornadus-Therian, M|100/100
|move|p2a: Slowbro|Scald|p1a: Tornadus
|-crit|p1a: Tornadus
|-damage|p1a: Tornadus|58/100
|
|upkeep
|turn|6
|inactive|King Of Peak has 120 seconds left.
|
|t:|1667755885
|switch|p2a: Clefable|Clefable, F|83/100
|move|p1a: Tornadus|U-turn|p2a: Clefable
|-resisted|p2a: Clefable
|-damage|p2a: Clefable|77/100
|
|t:|1667755893
|switch|p1a: Jirachi|Jirachi|100/100|[from]move: U-turn
|
|upkeep
|turn|7
|inactive|King Of Peak has 120 seconds left.
|
|t:|1667755912
|move|p1a: Jirachi|Calm Mind|p1a: Jirachi
|-boost|p1a: Jirachi|spa|1
|-boost|p1a: Jirachi|spd|1
|move|p2a: Clefable|Stealth Rock|p1a: Jirachi
|-sidestart|p1: crescendoww|move: Stealth Rock
|
|upkeep
|turn|8
|inactive|King Of Peak has 120 seconds left.
|
|t:|1667755926
|switch|p2a: Landorus|Landorus-Therian, M|100/100
|-damage|p2a: Landorus|88/100|[from] Stealth Rock
|-ability|p2a: Landorus|Intimidate|boost
|-unboost|p1a: Jirachi|atk|1
|move|p1a: Jirachi|Cosmic Power|p1a: Jirachi
|-boost|p1a: Jirachi|def|1
|-boost|p1a: Jirachi|spd|1
|
|upkeep
|turn|9
|
|t:|1667755933
|move|p2a: Landorus|Earthquake|p1a: Jirachi
|-supereffective|p1a: Jirachi
|-damage|p1a: Jirachi|38/100
|move|p1a: Jirachi|Stored Power|p2a: Landorus
|-damage|p2a: Landorus|27/100
|
|-heal|p1a: Jirachi|44/100|[from] item: Leftovers
|upkeep
|turn|10
|
|t:|1667755938
|switch|p1a: Tornadus|Tornadus-Therian, M|91/100
|move|p2a: Landorus|Earthquake|p1a: Tornadus
|-immune|p1a: Tornadus
|
|upkeep
|turn|11
|
|t:|1667755945
|switch|p2a: Tornadus|Tornadus-Therian, M|100/100
|move|p1a: Tornadus|Hurricane|p2a: Tornadus
|-crit|p2a: Tornadus
|-damage|p2a: Tornadus|33/100
|
|upkeep
|turn|12
|
|t:|1667755952
|switch|p2a: Clefable|Clefable, F|77/100
|move|p1a: Tornadus|Hurricane|p2a: Clefable
|-damage|p2a: Clefable|39/100
|
|upkeep
|turn|13
|
|t:|1667755957
|move|p1a: Tornadus|Hurricane|p2a: Clefable|[miss]
|-miss|p1a: Tornadus|p2a: Clefable
|move|p2a: Clefable|Soft-Boiled|p2a: Clefable
|-heal|p2a: Clefable|89/100
|
|upkeep
|turn|14
|
|t:|1667755963
|move|p1a: Tornadus|Hurricane|p2a: Clefable|[miss]
|-miss|p1a: Tornadus|p2a: Clefable
|move|p2a: Clefable|Moonblast|p1a: Tornadus
|-damage|p1a: Tornadus|59/100
|-unboost|p1a: Tornadus|spa|1
|
|upkeep
|turn|15
|l| carboxide_ever
|
|t:|1667755969
|move|p1a: Tornadus|U-turn|p2a: Clefable
|-resisted|p2a: Clefable
|-damage|p2a: Clefable|83/100
|
|t:|1667755971
|switch|p1a: Rillaboom|Rillaboom, M|100/100|[from]move: U-turn
|-damage|p1a: Rillaboom|88/100|[from] Stealth Rock
|-fieldstart|move: Grassy Terrain|[from] ability: Grassy Surge|[of] p1a: Rillaboom
|move|p2a: Clefable|Moonblast|p1a: Rillaboom
|-damage|p1a: Rillaboom|54/100
|
|-heal|p1a: Rillaboom|60/100|[from] Grassy Terrain
|-heal|p1a: Rillaboom|66/100|[from] item: Leftovers
|-heal|p2a: Clefable|89/100|[from] Grassy Terrain
|upkeep
|turn|16
|
|t:|1667755988
|move|p1a: Rillaboom|U-turn|p2a: Clefable
|-resisted|p2a: Clefable
|-damage|p2a: Clefable|82/100
|
|t:|1667755991
|switch|p1a: Jirachi|Jirachi|44/100|[from]move: U-turn
|-damage|p1a: Jirachi|38/100|[from] Stealth Rock
|move|p2a: Clefable|Moonblast|p1a: Jirachi
|-resisted|p1a: Jirachi
|-damage|p1a: Jirachi|28/100
|
|-heal|p1a: Jirachi|34/100|[from] Grassy Terrain
|-heal|p1a: Jirachi|40/100|[from] item: Leftovers
|-heal|p2a: Clefable|88/100|[from] Grassy Terrain
|upkeep
|turn|17
|
|t:|1667756007
|switch|p2a: Hydreigon|Hydreigon, F|100/100
|-damage|p2a: Hydreigon|88/100|[from] Stealth Rock
|move|p1a: Jirachi|Calm Mind|p1a: Jirachi
|-boost|p1a: Jirachi|spa|1
|-boost|p1a: Jirachi|spd|1
|
|-heal|p2a: Hydreigon|94/100|[from] item: Leftovers
|-heal|p1a: Jirachi|46/100|[from] Grassy Terrain
|-heal|p1a: Jirachi|52/100|[from] item: Leftovers
|upkeep
|turn|18
|
|t:|1667756017
|switch|p1a: Tornadus|Tornadus-Therian, M|92/100
|move|p2a: Hydreigon|Dark Pulse|p1a: Tornadus
|-damage|p1a: Tornadus|53/100
|
|-heal|p2a: Hydreigon|100/100|[from] item: Leftovers
|upkeep
|turn|19
|
|t:|1667756036
|move|p1a: Tornadus|Hurricane|p2a: Hydreigon
|-damage|p2a: Hydreigon|49/100
|move|p2a: Hydreigon|Dark Pulse|p1a: Tornadus
|-damage|p1a: Tornadus|10/100
|
|-heal|p2a: Hydreigon|55/100|[from] item: Leftovers
|-fieldend|move: Grassy Terrain
|upkeep
|turn|20
|
|t:|1667756049
|move|p1a: Tornadus|U-turn|p2a: Hydreigon
|-supereffective|p2a: Hydreigon
|-damage|p2a: Hydreigon|20/100
|
|t:|1667756053
|switch|p1a: Bisharp|Bisharp, F|14/100|[from]move: U-turn
|-damage|p1a: Bisharp|8/100|[from] Stealth Rock
|move|p2a: Hydreigon|Dark Pulse|p1a: Bisharp
|-resisted|p1a: Bisharp
|-damage|p1a: Bisharp|0 fnt
|faint|p1a: Bisharp
|
|-heal|p2a: Hydreigon|27/100|[from] item: Leftovers
|upkeep
|
|t:|1667756055
|switch|p1a: 孙笑川|Zygarde-10%|100/100
|-damage|p1a: 孙笑川|94/100|[from] Stealth Rock
|-ability|p1a: 孙笑川|Aura Break
|turn|21
|
|t:|1667756060
|switch|p2a: Clefable|Clefable, F|88/100
|move|p1a: 孙笑川|Thousand Arrows|p2a: Clefable
|-damage|p2a: Clefable|37/100
|
|upkeep
|turn|22
|
|t:|1667756088
|switch|p2a: Slowbro|Slowbro, M|86/100
|-damage|p2a: Slowbro|74/100|[from] Stealth Rock
|move|p1a: 孙笑川|Thousand Arrows|p2a: Slowbro
|-damage|p2a: Slowbro|37/100
|
|upkeep
|turn|23
|
|t:|1667756095
|move|p1a: 孙笑川|Thousand Arrows|p2a: Slowbro
|-damage|p2a: Slowbro|2/100
|move|p2a: Slowbro|Slack Off|p2a: Slowbro
|-heal|p2a: Slowbro|52/100
|
|upkeep
|turn|24
|
|t:|1667756102
|switch|p1a: Rillaboom|Rillaboom, M|66/100
|-damage|p1a: Rillaboom|54/100|[from] Stealth Rock
|-fieldstart|move: Grassy Terrain|[from] ability: Grassy Surge|[of] p1a: Rillaboom
|move|p2a: Slowbro|Slack Off|p2a: Slowbro
|-heal|p2a: Slowbro|100/100
|
|-heal|p1a: Rillaboom|60/100|[from] Grassy Terrain
|-heal|p1a: Rillaboom|66/100|[from] item: Leftovers
|upkeep
|turn|25
|
|t:|1667756112
|move|p1a: Rillaboom|Grassy Glide|p2a: Slowbro
|-supereffective|p2a: Slowbro
|-damage|p2a: Slowbro|54/100
|move|p2a: Slowbro|Teleport|p2a: Slowbro
|
|t:|1667756124
|switch|p2a: Tornadus|Tornadus-Therian, M|67/100|[from]move: Teleport
|
|-heal|p1a: Rillaboom|72/100|[from] Grassy Terrain
|-heal|p1a: Rillaboom|78/100|[from] item: Leftovers
|upkeep
|turn|26
|
|t:|1667756131
|move|p1a: Rillaboom|Protect|p1a: Rillaboom
|-singleturn|p1a: Rillaboom|Protect
|move|p2a: Tornadus|Knock Off|p1a: Rillaboom
|-activate|p1a: Rillaboom|move: Protect
|
|-heal|p1a: Rillaboom|85/100|[from] Grassy Terrain
|-heal|p1a: Rillaboom|91/100|[from] item: Leftovers
|upkeep
|turn|27
|
|t:|1667756145
|move|p2a: Tornadus|Hurricane|p1a: Rillaboom
|-supereffective|p1a: Rillaboom
|-damage|p1a: Rillaboom|0 fnt
|faint|p1a: Rillaboom
|
|upkeep
|
|t:|1667756152
|switch|p1a: 孙笑川|Zygarde-10%|94/100
|-damage|p1a: 孙笑川|88/100|[from] Stealth Rock
|-ability|p1a: 孙笑川|Aura Break
|turn|28
|
|t:|1667756160
|move|p2a: Tornadus|U-turn|p1a: 孙笑川
|-damage|p1a: 孙笑川|60/100
|inactive|King Of Peak has 120 seconds left.
|
|t:|1667756193
|switch|p2a: Clefable|Clefable, F|37/100|[from]move: U-turn
|move|p1a: 孙笑川|Thousand Arrows|p2a: Clefable
|-crit|p2a: Clefable
|-damage|p2a: Clefable|0 fnt
|faint|p2a: Clefable
|
|-heal|p1a: 孙笑川|66/100|[from] Grassy Terrain
|-fieldend|move: Grassy Terrain
|upkeep
|inactive|King Of Peak has 120 seconds left.
|
|t:|1667756200
|switch|p2a: Urshifu|Urshifu-Rapid-Strike, F|100/100
|-damage|p2a: Urshifu|94/100|[from] Stealth Rock
|turn|29
|
|t:|1667756208
|switch|p1a: Tornadus|Tornadus-Therian, M|43/100
|move|p2a: Urshifu|Surging Strikes|p1a: Tornadus
|-crit|p1a: Tornadus
|-damage|p1a: Tornadus|10/100
|-crit|p1a: Tornadus
|-damage|p1a: Tornadus|0 fnt
|faint|p1a: Tornadus
|-hitcount|p1: Tornadus|2
|
|upkeep
|
|t:|1667756214
|switch|p1a: Jirachi|Jirachi|52/100
|-damage|p1a: Jirachi|46/100|[from] Stealth Rock
|turn|30
|inactive|King Of Peak has 120 seconds left.
|
|t:|1667756250
|switch|p2a: Hydreigon|Hydreigon, F|27/100
|-damage|p2a: Hydreigon|14/100|[from] Stealth Rock
|move|p1a: Jirachi|Stored Power|p2a: Hydreigon
|-immune|p2a: Hydreigon
|
|-heal|p2a: Hydreigon|20/100|[from] item: Leftovers
|-heal|p1a: Jirachi|52/100|[from] item: Leftovers
|upkeep
|turn|31
|
|t:|1667756256
|switch|p1a: Volcarona|Volcarona, F|100/100
|move|p2a: Hydreigon|Roost|p2a: Hydreigon
|-heal|p2a: Hydreigon|71/100
|-singleturn|p2a: Hydreigon|move: Roost
|
|-heal|p2a: Hydreigon|77/100|[from] item: Leftovers
|upkeep
|turn|32
|
|t:|1667756264
|move|p2a: Hydreigon|Earth Power|p1a: Volcarona
|-damage|p1a: Volcarona|71/100
|move|p1a: Volcarona|Quiver Dance|p1a: Volcarona
|-boost|p1a: Volcarona|spa|1
|-boost|p1a: Volcarona|spd|1
|-boost|p1a: Volcarona|spe|1
|
|-heal|p2a: Hydreigon|83/100|[from] item: Leftovers
|upkeep
|turn|33
|inactive|King Of Peak has 120 seconds left.
|
|t:|1667756269
|move|p1a: Volcarona|Quiver Dance|p1a: Volcarona
|-boost|p1a: Volcarona|spa|1
|-boost|p1a: Volcarona|spd|1
|-boost|p1a: Volcarona|spe|1
|move|p2a: Hydreigon|Dark Pulse|p1a: Volcarona
|-damage|p1a: Volcarona|53/100
|
|-heal|p2a: Hydreigon|89/100|[from] item: Leftovers
|upkeep
|turn|34
|
|t:|1667756272
|move|p1a: Volcarona|Quiver Dance|p1a: Volcarona
|-boost|p1a: Volcarona|spa|1
|-boost|p1a: Volcarona|spd|1
|-boost|p1a: Volcarona|spe|1
|move|p2a: Hydreigon|Dark Pulse|p1a: Volcarona
|-damage|p1a: Volcarona|38/100
|
|-heal|p2a: Hydreigon|95/100|[from] item: Leftovers
|upkeep
|turn|35
|
|t:|1667756275
|move|p1a: Volcarona|Quiver Dance|p1a: Volcarona
|-boost|p1a: Volcarona|spa|1
|-boost|p1a: Volcarona|spd|1
|-boost|p1a: Volcarona|spe|1
|move|p2a: Hydreigon|Dark Pulse|p1a: Volcarona
|-damage|p1a: Volcarona|26/100
|
|-heal|p2a: Hydreigon|100/100|[from] item: Leftovers
|upkeep
|turn|36
|
|t:|1667756278
|move|p1a: Volcarona|Roost|p1a: Volcarona
|-heal|p1a: Volcarona|76/100
|-singleturn|p1a: Volcarona|move: Roost
|move|p2a: Hydreigon|Dark Pulse|p1a: Volcarona
|-damage|p1a: Volcarona|64/100
|
|upkeep
|turn|37
|
|t:|1667756285
|move|p1a: Volcarona|Fiery Dance|p2a: Hydreigon
|-resisted|p2a: Hydreigon
|-damage|p2a: Hydreigon|40/100
|-boost|p1a: Volcarona|spa|1
|move|p2a: Hydreigon|Dark Pulse|p1a: Volcarona
|-damage|p1a: Volcarona|51/100
|
|-heal|p2a: Hydreigon|46/100|[from] item: Leftovers
|upkeep
|turn|38
|j| Itotio
|
|t:|1667756293
|move|p1a: Volcarona|Roost|p1a: Volcarona
|-heal|p1a: Volcarona|100/100
|-singleturn|p1a: Volcarona|move: Roost
|move|p2a: Hydreigon|Dark Pulse|p1a: Volcarona
|-damage|p1a: Volcarona|88/100
|
|-heal|p2a: Hydreigon|52/100|[from] item: Leftovers
|upkeep
|turn|39
|l| Itotio
|
|t:|1667756297
|move|p1a: Volcarona|Quiver Dance|p1a: Volcarona
|-boost|p1a: Volcarona|spa|1
|-boost|p1a: Volcarona|spd|1
|-boost|p1a: Volcarona|spe|1
|move|p2a: Hydreigon|Dark Pulse|p1a: Volcarona
|-damage|p1a: Volcarona|78/100
|
|-heal|p2a: Hydreigon|58/100|[from] item: Leftovers
|upkeep
|turn|40
|
|t:|1667756300
|move|p1a: Volcarona|Quiver Dance|p1a: Volcarona
|-boost|p1a: Volcarona|spa|0
|-boost|p1a: Volcarona|spd|1
|-boost|p1a: Volcarona|spe|1
|move|p2a: Hydreigon|Dark Pulse|p1a: Volcarona
|-damage|p1a: Volcarona|68/100
|
|-heal|p2a: Hydreigon|64/100|[from] item: Leftovers
|upkeep
|turn|41
|
|t:|1667756306
|move|p1a: Volcarona|Roost|p1a: Volcarona
|-heal|p1a: Volcarona|100/100
|-singleturn|p1a: Volcarona|move: Roost
|move|p2a: Hydreigon|Dark Pulse|p1a: Volcarona
|-damage|p1a: Volcarona|92/100
|
|-heal|p2a: Hydreigon|70/100|[from] item: Leftovers
|upkeep
|turn|42
|
|t:|1667756309
|move|p1a: Volcarona|Fiery Dance|p2a: Hydreigon
|-resisted|p2a: Hydreigon
|-damage|p2a: Hydreigon|0 fnt
|faint|p2a: Hydreigon
|
|upkeep
|c|☆King Of Peak|i missplayed
|
|t:|1667756325
|switch|p2a: Urshifu|Urshifu-Rapid-Strike, F|94/100
|-damage|p2a: Urshifu|88/100|[from] Stealth Rock
|turn|43
|
|t:|1667756340
|move|p2a: Urshifu|Aqua Jet|p1a: Volcarona
|-supereffective|p1a: Volcarona
|-damage|p1a: Volcarona|33/100
|move|p1a: Volcarona|Fiery Dance|p2a: Urshifu
|-resisted|p2a: Urshifu
|-damage|p2a: Urshifu|0 fnt
|faint|p2a: Urshifu
|
|upkeep
|
|t:|1667756355
|switch|p2a: Landorus|Landorus-Therian, M|27/100
|-damage|p2a: Landorus|15/100|[from] Stealth Rock
|-ability|p2a: Landorus|Intimidate|boost
|-unboost|p1a: Volcarona|atk|1
|turn|44
|
|t:|1667756359
|move|p1a: Volcarona|Fiery Dance|p2a: Landorus
|-damage|p2a: Landorus|0 fnt
|faint|p2a: Landorus
|
|upkeep
|l| tricks av
|
|t:|1667756369
|switch|p2a: Tornadus|Tornadus-Therian, M|99/100
|turn|45
|
|t:|1667756374
|move|p1a: Volcarona|Fiery Dance|p2a: Tornadus
|-damage|p2a: Tornadus|0 fnt
|faint|p2a: Tornadus
|
|upkeep
|
|t:|1667756376
|switch|p2a: Slowbro|Slowbro, M|88/100
|-damage|p2a: Slowbro|75/100|[from] Stealth Rock
|turn|46
|
|t:|1667756380
|move|p1a: Volcarona|Fiery Dance|p2a: Slowbro
|-resisted|p2a: Slowbro
|-damage|p2a: Slowbro|6/100
|move|p2a: Slowbro|Scald|p1a: Volcarona
|-supereffective|p1a: Volcarona
|-damage|p1a: Volcarona|20/100
|
|upkeep
|turn|47
|c|☆King Of Peak|gg
|
|t:|1667756387
|move|p1a: Volcarona|Will-O-Wisp|p2a: Slowbro
|-status|p2a: Slowbro|brn
|move|p2a: Slowbro|Scald|p1a: Volcarona
|-supereffective|p1a: Volcarona
|-damage|p1a: Volcarona|8/100
|
|-damage|p2a: Slowbro|0 fnt|[from] brn
|faint|p2a: Slowbro
|
|win|crescendoww
|upkeep
|raw|crescendoww's rating: 1667 &rarr; <strong>1684</strong><br />(+17 for winning)
|raw|King Of Peak's rating: 1622 &rarr; <strong>1605</strong><br />(-17 for losing)
|l|☆King Of Peak
