|j|☆A-sepower
|j|☆A3720
|t:|1667178868
|gametype|singles
|player|p1|A-sepower|caitlin|1665
|player|p2|A3720|265|1646
|teamsize|p1|6
|teamsize|p2|6
|gen|8
|tier|[Gen 8] OU
|rated|
|rule|Sleep Clause Mod: Limit one foe put to sleep
|rule|Species Clause: Limit one of each Pokémon
|rule|OHKO Clause: OHKO moves are banned
|rule|Evasion Items Clause: Evasion items are banned
|rule|Evasion Moves Clause: Evasion moves are banned
|rule|Endless Battle Clause: Forcing endless battles is banned
|rule|HP Percentage Mod: HP is shown in percentages
|rule|Dynamax Clause: You cannot dynamax
|clearpoke
|poke|p1|Landorus-Therian, M|
|poke|p1|Weavile, M|
|poke|p1|Heatran, M|
|poke|p1|Zapdos|
|poke|p1|Urshifu-*, M|
|poke|p1|Tapu Bulu|
|poke|p2|Talonflame, M|
|poke|p2|Pelipper, M|
|poke|p2|Xatu, F|
|poke|p2|Seismitoad, M|
|poke|p2|Ferrothorn, M|
|poke|p2|Urshifu-*, F|
|teampreview
|inactive|Battle timer is ON: inactive players will automatically lose when time's up. (requested by A-sepower)
|inactive|A3720 has 120 seconds left.
|
|t:|1667178933
|start
|switch|p1a: Bandit|Weavile, M, shiny|100/100
|switch|p2a: Seismitoad|Seismitoad, M|100/100
|-ability|p1a: Bandit|Pressure
|turn|1
|
|t:|1667178956
|switch|p2a: Ferrothorn|Ferrothorn, M|100/100
|move|p1a: Bandit|Beat Up|p2a: Ferrothorn
|-damage|p2a: Ferrothorn|92/100
|-damage|p2a: Ferrothorn|81/100
|-damage|p2a: Ferrothorn|75/100
|-damage|p2a: Ferrothorn|68/100
|-damage|p2a: Ferrothorn|58/100
|-damage|p2a: Ferrothorn|49/100
|-hitcount|p2a: Ferrothorn|6
|
|upkeep
|turn|2
|
|t:|1667178971
|switch|p2a: Urshifu|Urshifu-Rapid-Strike, F|100/100
|move|p1a: Bandit|Beat Up|p2a: Urshifu
|-resisted|p2a: Urshifu
|-damage|p2a: Urshifu|93/100
|-resisted|p2a: Urshifu
|-damage|p2a: Urshifu|86/100
|-resisted|p2a: Urshifu
|-damage|p2a: Urshifu|80/100
|-resisted|p2a: Urshifu
|-damage|p2a: Urshifu|75/100
|-resisted|p2a: Urshifu
|-damage|p2a: Urshifu|68/100
|-resisted|p2a: Urshifu
|-damage|p2a: Urshifu|61/100
|-hitcount|p2a: Urshifu|6
|
|upkeep
|turn|3
|
|t:|1667178976
|switch|p1a: Monk|Tapu Bulu, shiny|100/100
|-fieldstart|move: Grassy Terrain|[from] ability: Grassy Surge|[of] p1a: Monk
|move|p2a: Urshifu|U-turn|p1a: Monk
|-damage|p1a: Monk|60/100
|c|☆A-sepower|banded
|
|t:|1667178989
|switch|p2a: Pelipper|Pelipper, M|100/100|[from]move: U-turn
|-weather|RainDance|[from] ability: Drizzle|[of] p2a: Pelipper
|
|-weather|RainDance|[upkeep]
|-heal|p1a: Monk|66/100|[from] Grassy Terrain
|upkeep
|turn|4
|
|t:|1667178995
|move|p1a: Monk|Stone Edge|p2a: Pelipper
|-supereffective|p2a: Pelipper
|-damage|p2a: Pelipper|0 fnt
|faint|p2a: Pelipper
|
|-weather|RainDance|[upkeep]
|-heal|p1a: Monk|72/100|[from] Grassy Terrain
|upkeep
|
|t:|1667179019
|switch|p2a: Urshifu|Urshifu-Rapid-Strike, F|61/100
|turn|5
|j| oRinNeGa7V1
|
|t:|1667179031
|move|p2a: Urshifu|Surging Strikes|p1a: Monk
|-resisted|p1a: Monk
|-crit|p1a: Monk
|-damage|p1a: Monk|49/100
|-resisted|p1a: Monk
|-crit|p1a: Monk
|-damage|p1a: Monk|24/100
|-resisted|p1a: Monk
|-crit|p1a: Monk
|-damage|p1a: Monk|3/100
|-hitcount|p1a: Monk|3
|move|p1a: Monk|Stone Edge|p2a: Urshifu
|-resisted|p2a: Urshifu
|-crit|p2a: Urshifu
|-damage|p2a: Urshifu|15/100
|
|-weather|RainDance|[upkeep]
|-heal|p2a: Urshifu|22/100|[from] Grassy Terrain
|-heal|p1a: Monk|9/100|[from] Grassy Terrain
|upkeep
|turn|6
|
|t:|1667179039
|move|p2a: Urshifu|Surging Strikes|p1a: Monk
|-resisted|p1a: Monk
|-crit|p1a: Monk
|-damage|p1a: Monk|0 fnt
|faint|p1a: Monk
|-hitcount|p1: Monk|1
|
|-weather|RainDance|[upkeep]
|-heal|p2a: Urshifu|28/100|[from] Grassy Terrain
|upkeep
|
|t:|1667179043
|switch|p1a: Bandit|Weavile, M, shiny|100/100
|-ability|p1a: Bandit|Pressure
|turn|7
|
|t:|1667179048
|switch|p2a: Ferrothorn|Ferrothorn, M|49/100
|move|p1a: Bandit|Knock Off|p2a: Ferrothorn
|-damage|p2a: Ferrothorn|0 fnt
|-damage|p1a: Bandit|88/100|[from] ability: Iron Barbs|[of] p2a: Ferrothorn
|-damage|p1a: Bandit|71/100|[from] item: Rocky Helmet|[of] p2a: Ferrothorn
|-enditem|p2a: Ferrothorn|Rocky Helmet|[from] move: Knock Off|[of] p1a: Bandit
|faint|p2a: Ferrothorn
|
|-weather|RainDance|[upkeep]
|-heal|p1a: Bandit|77/100|[from] Grassy Terrain
|-fieldend|move: Grassy Terrain
|upkeep
|
|t:|1667179061
|switch|p2a: Seismitoad|Seismitoad, M|100/100
|turn|8
|
|t:|1667179070
|switch|p1a: Poseidon-Blade|Urshifu-Rapid-Strike, M|100/100
|move|p2a: Seismitoad|Weather Ball|p1a: Poseidon-Blade
|-resisted|p1a: Poseidon-Blade
|-crit|p1a: Poseidon-Blade
|-damage|p1a: Poseidon-Blade|8/100
|
|-weather|RainDance|[upkeep]
|upkeep
|turn|9
|
|t:|1667179090
|move|p2a: Seismitoad|Weather Ball|p1a: Poseidon-Blade
|-resisted|p1a: Poseidon-Blade
|-damage|p1a: Poseidon-Blade|0 fnt
|faint|p1a: Poseidon-Blade
|
|-weather|RainDance|[upkeep]
|upkeep
|
|t:|1667179097
|switch|p1a: Byakko|Zapdos, shiny|100/100
|turn|10
|inactive|A3720 has 120 seconds left.
|l| oRinNeGa7V1
|
|t:|1667179139
|move|p2a: Seismitoad|Weather Ball|p1a: Byakko
|-damage|p1a: Byakko|0 fnt
|faint|p1a: Byakko
|
|-weather|none
|upkeep
|
|t:|1667179145
|switch|p1a: Bandit|Weavile, M, shiny|77/100
|-ability|p1a: Bandit|Pressure
|turn|11
|inactive|A3720 has 120 seconds left.
|inactive|A3720 has 90 seconds left.
|
|t:|1667179185
|switch|p2a: Xatu|Xatu, F|100/100
|move|p1a: Bandit|Triple Axel|p2a: Xatu
|-supereffective|p2a: Xatu
|-damage|p2a: Xatu|70/100
|-supereffective|p2a: Xatu
|-damage|p2a: Xatu|4/100
|-supereffective|p2a: Xatu
|-damage|p2a: Xatu|0 fnt
|faint|p2a: Xatu
|-hitcount|p2: Xatu|3
|
|upkeep
|
|t:|1667179209
|switch|p2a: Talonflame|Talonflame, M|100/100
|turn|12
|
|t:|1667179213
|switch|p1a: Enten|Landorus-Therian, M, shiny|100/100
|-ability|p1a: Enten|Intimidate|boost
|-unboost|p2a: Talonflame|atk|1
|move|p2a: Talonflame|Hurricane|p1a: Enten
|-damage|p1a: Enten|48/100
|
|-heal|p1a: Enten|54/100|[from] item: Leftovers
|upkeep
|turn|13
|
|t:|1667179223
|switch|p1a: Chaos|Heatran, M, shiny|100/100
|move|p2a: Talonflame|Hurricane|p1a: Chaos
|-resisted|p1a: Chaos
|-damage|p1a: Chaos|72/100
|
|-heal|p1a: Chaos|79/100|[from] item: Leftovers
|upkeep
|turn|14
|
|t:|1667179229
|switch|p2a: Seismitoad|Seismitoad, M|100/100
|move|p1a: Chaos|Magma Storm|p2a: Seismitoad
|-resisted|p2a: Seismitoad
|-damage|p2a: Seismitoad|76/100
|-activate|p2a: Seismitoad|move: Magma Storm|[of] p1a: Chaos
|
|-heal|p1a: Chaos|85/100|[from] item: Leftovers
|-damage|p2a: Seismitoad|64/100|[from] move: Magma Storm|[partiallytrapped]
|upkeep
|turn|15
|
|t:|1667179232
|switch|p1a: Enten|Landorus-Therian, M, shiny|54/100
|-ability|p1a: Enten|Intimidate|boost
|-unboost|p2a: Seismitoad|atk|1
|move|p2a: Seismitoad|Hydro Pump|p1a: Enten
|-supereffective|p1a: Enten
|-damage|p1a: Enten|0 fnt
|faint|p1a: Enten
|
|-end|p2a: Seismitoad|Magma Storm|[partiallytrapped]|[silent]
|upkeep
|
|t:|1667179239
|switch|p1a: Bandit|Weavile, M, shiny|77/100
|-ability|p1a: Bandit|Pressure
|turn|16
|
|t:|1667179250
|switch|p2a: Urshifu|Urshifu-Rapid-Strike, F|28/100
|move|p1a: Bandit|Triple Axel|p2a: Urshifu
|-resisted|p2a: Urshifu
|-damage|p2a: Urshifu|20/100
|-hitcount|p2a: Urshifu|1
|
|upkeep
|turn|17
|
|t:|1667179266
|move|p2a: Urshifu|Aqua Jet|p1a: Bandit
|-damage|p1a: Bandit|24/100
|move|p1a: Bandit|Triple Axel|p2a: Urshifu
|-resisted|p2a: Urshifu
|-damage|p2a: Urshifu|11/100
|-resisted|p2a: Urshifu
|-damage|p2a: Urshifu|0 fnt
|faint|p2a: Urshifu
|-hitcount|p2: Urshifu|2
|
|upkeep
|
|t:|1667179274
|switch|p2a: Talonflame|Talonflame, M|100/100
|turn|18
|
|t:|1667179279
|switch|p1a: Chaos|Heatran, M, shiny|85/100
|move|p2a: Talonflame|Hurricane|p1a: Chaos
|-resisted|p1a: Chaos
|-damage|p1a: Chaos|60/100
|
|-heal|p1a: Chaos|66/100|[from] item: Leftovers
|upkeep
|turn|19
|inactive|A3720 has 120 seconds left.
|
|t:|1667179286
|switch|p1a: Bandit|Weavile, M, shiny|24/100
|-ability|p1a: Bandit|Pressure
|move|p2a: Talonflame|Hurricane|p1a: Bandit
|-damage|p1a: Bandit|0 fnt
|faint|p1a: Bandit
|
|upkeep
|c|☆A3720|gg
|-message|A-sepower forfeited.
|
|win|A3720
|raw|A-sepower's rating: 1665 &rarr; <strong>1644</strong><br />(-21 for losing)
|raw|A3720's rating: 1646 &rarr; <strong>1667</strong><br />(+21 for winning)
|l|☆A-sepower
||Ladder isn't responding, score probably updated but might not have (Request timeout).
