|j|☆Plasmeek
|j|‽Sieg(test)
|t:|1626882333
|gametype|singles
|player|p1|Plasmeek|youngster-gen4dp|1749
|player|p2|Sieg(test)|101|1798
|teamsize|p1|6
|teamsize|p2|6
|gen|8
|tier|[Gen 8] OU
|rated|
|rule|Sleep Clause Mod: Limit one foe put to sleep
|rule|Species Clause: Limit one of each Pokémon
|rule|OHKO Clause: OHKO moves are banned
|rule|Evasion Moves Clause: Evasion moves are banned
|rule|Endless Battle Clause: Forcing endless battles is banned
|rule|HP Percentage Mod: HP is shown in percentages
|rule|Dynamax Clause: You cannot dynamax
|clearpoke
|poke|p1|Bisharp, M|
|poke|p1|Slowking, F|
|poke|p1|Clefable, M|
|poke|p1|Landorus-Therian, M|
|poke|p1|Dragapult, M|
|poke|p1|Skarmory, M|
|poke|p2|Corviknight, F|
|poke|p2|Toxapex, F|
|poke|p2|Slowking, F|
|poke|p2|Buzzwole|
|poke|p2|Blissey, F|
|poke|p2|Quagsire, M|
|teampreview
|inactive|Battle timer is ON: inactive players will automatically lose when time's up. (requested by Sieg(test))
|
|t:|1626882355
|start
|switch|p1a: Clefable|Clefable, M|100/100
|switch|p2a: Toxapex|Toxapex, F|100/100
|turn|1
|
|t:|1626882361
|switch|p1a: Slowking|Slowking, F|100/100
|switch|p2a: Slowking|Slowking, F|100/100
|
|upkeep
|turn|2
|
|t:|1626882367
|move|p2a: Slowking|Scald|p1a: Slowking
|-resisted|p1a: Slowking
|-damage|p1a: Slowking|93/100
|move|p1a: Slowking|Future Sight|p2a: Slowking
|-start|p1a: Slowking|move: Future Sight
|
|upkeep
|turn|3
|
|t:|1626882374
|move|p1a: Slowking|Teleport|p1a: Slowking
|
|t:|1626882382
|switch|p1a: Landorus|Landorus-Therian, M|100/100|[from]move: Teleport
|-ability|p1a: Landorus|Intimidate|boost
|-unboost|p2a: Slowking|atk|1
|move|p2a: Slowking|Dragon Tail|p1a: Landorus
|-crit|p1a: Landorus
|-damage|p1a: Landorus|80/100
|drag|p1a: Slowking|Slowking, F|100/100
|
|upkeep
|turn|4
|
|t:|1626882390
|switch|p1a: Clefable|Clefable, M|100/100
|move|p2a: Slowking|Protect||[still]
|-fail|p2a: Slowking
|
|-end|p2a: Slowking|move: Future Sight
|-resisted|p2a: Slowking
|-damage|p2a: Slowking|88/100
|upkeep
|turn|5
|
|t:|1626882395
|switch|p2a: Toxapex|Toxapex, F|100/100
|move|p1a: Clefable|Stealth Rock|p2a: Toxapex
|-sidestart|p2: Sieg(test)|move: Stealth Rock
|
|upkeep
|turn|6
|
|t:|1626882399
|switch|p1a: Slowking|Slowking, F|100/100
|move|p2a: Toxapex|Toxic Spikes|p1a: Slowking
|-sidestart|p1: Plasmeek|move: Toxic Spikes
|
|upkeep
|turn|7
|
|t:|1626882404
|switch|p1a: Clefable|Clefable, M|100/100
|-status|p1a: Clefable|psn
|move|p2a: Toxapex|Toxic||[still]
|-fail|p2a: Toxapex
|
|upkeep
|turn|8
|
|t:|1626882413
|move|p1a: Clefable|Moonblast|p2a: Toxapex
|-resisted|p2a: Toxapex
|-damage|p2a: Toxapex|90/100
|-unboost|p2a: Toxapex|spa|1
|move|p2a: Toxapex|Toxic Spikes|p1a: Clefable
|-sidestart|p1: Plasmeek|move: Toxic Spikes
|
|upkeep
|turn|9
|
|t:|1626882419
|move|p1a: Clefable|Thunder Wave|p2a: Toxapex
|-status|p2a: Toxapex|par
|move|p2a: Toxapex|Scald|p1a: Clefable
|-damage|p1a: Clefable|92/100 psn
|
|-heal|p1a: Clefable|98/100 psn|[from] item: Leftovers
|upkeep
|turn|10
|
|t:|1626882433
|switch|p1a: Slowking|Slowking, F|100/100
|move|p2a: Toxapex|Toxic|p1a: Slowking
|-status|p1a: Slowking|tox
|
|-damage|p1a: Slowking|94/100 tox|[from] psn
|upkeep
|turn|11
|
|t:|1626882436
|switch|p2a: Slowking|Slowking, F|100/100
|move|p1a: Slowking|Future Sight|p2a: Slowking
|-start|p1a: Slowking|move: Future Sight
|
|-damage|p1a: Slowking|82/100 tox|[from] psn
|upkeep
|turn|12
|
|t:|1626882441
|move|p2a: Slowking|Scald|p1a: Slowking
|-resisted|p1a: Slowking
|-damage|p1a: Slowking|73/100 tox
|move|p1a: Slowking|Teleport|p1a: Slowking
|
|t:|1626882453
|switch|p1a: Bisharp|Bisharp, M|100/100|[from]move: Teleport
|
|upkeep
|turn|13
|
|t:|1626882456
|move|p2a: Slowking|Protect|p2a: Slowking
|-singleturn|p2a: Slowking|Protect
|move|p1a: Bisharp|Knock Off|p2a: Slowking
|-activate|p2a: Slowking|move: Protect
|
|-end|p2a: Slowking|move: Future Sight
|-resisted|p2a: Slowking
|-damage|p2a: Slowking|87/100
|upkeep
|turn|14
|
|t:|1626882461
|switch|p2a: Buzzwole|Buzzwole|100/100
|-damage|p2a: Buzzwole|88/100|[from] Stealth Rock
|move|p1a: Bisharp|Knock Off|p2a: Buzzwole
|-resisted|p2a: Buzzwole
|-damage|p2a: Buzzwole|65/100
|-damage|p1a: Bisharp|84/100|[from] item: Rocky Helmet|[of] p2a: Buzzwole
|-enditem|p2a: Buzzwole|Rocky Helmet|[from] move: Knock Off|[of] p1a: Bisharp
|
|upkeep
|turn|15
|
|t:|1626882472
|switch|p1a: Clefable|Clefable, M|98/100 psn
|move|p2a: Buzzwole|Roost|p2a: Buzzwole
|-heal|p2a: Buzzwole|100/100
|-singleturn|p2a: Buzzwole|move: Roost
|
|-heal|p1a: Clefable|100/100 psn|[from] item: Leftovers
|upkeep
|turn|16
|
|t:|1626882492
|switch|p2a: Blissey|Blissey, F|100/100
|move|p1a: Clefable|Moonblast|p2a: Blissey
|-damage|p2a: Blissey|91/100
|
|upkeep
|turn|17
|
|t:|1626882497
|switch|p1a: Slowking|Slowking, F|100/100 tox
|move|p2a: Blissey|Stealth Rock|p1a: Slowking
|-sidestart|p1: Plasmeek|move: Stealth Rock
|
|-damage|p1a: Slowking|94/100 tox|[from] psn
|upkeep
|turn|18
|
|t:|1626882503
|move|p2a: Blissey|Seismic Toss|p1a: Slowking
|-damage|p1a: Slowking|69/100 tox
|move|p1a: Slowking|Teleport|p1a: Slowking
|
|t:|1626882506
|switch|p1a: Skarmory|Skarmory, M|100/100|[from]move: Teleport
|-damage|p1a: Skarmory|88/100|[from] Stealth Rock
|
|upkeep
|turn|19
|
|t:|1626882513
|switch|p2a: Toxapex|Toxapex, F|100/100 par
|-damage|p2a: Toxapex|88/100 par|[from] Stealth Rock
|move|p1a: Skarmory|Spikes|p2a: Toxapex
|-sidestart|p2: Sieg(test)|Spikes
|
|upkeep
|turn|20
|
|t:|1626882532
|move|p1a: Skarmory|Spikes|p2a: Toxapex
|-sidestart|p2: Sieg(test)|Spikes
|move|p2a: Toxapex|Scald|p1a: Skarmory
|-damage|p1a: Skarmory|66/100
|
|upkeep
|turn|21
|
|t:|1626882542
|move|p1a: Skarmory|Spikes|p2a: Toxapex
|-sidestart|p2: Sieg(test)|Spikes
|move|p2a: Toxapex|Scald|p1a: Skarmory
|-damage|p1a: Skarmory|44/100
|
|upkeep
|turn|22
|
|t:|1626882544
|switch|p2a: Corviknight|Corviknight, F|100/100
|-damage|p2a: Corviknight|88/100|[from] Stealth Rock
|-ability|p2a: Corviknight|Pressure
|move|p1a: Skarmory|Roost|p1a: Skarmory
|-heal|p1a: Skarmory|94/100
|-singleturn|p1a: Skarmory|move: Roost
|
|-heal|p2a: Corviknight|94/100|[from] item: Leftovers
|upkeep
|turn|23
|
|t:|1626882565
|switch|p1a: Bisharp|Bisharp, M|84/100
|-damage|p1a: Bisharp|78/100|[from] Stealth Rock
|move|p2a: Corviknight|Defog|p1a: Bisharp
|-unboost|p1a: Bisharp|evasion|1
|-ability|p1a: Bisharp|Defiant
|-boost|p1a: Bisharp|atk|2
|-sideend|p1: Plasmeek|Toxic Spikes|[from] move: Defog|[of] p2a: Corviknight
|-sideend|p1: Plasmeek|Stealth Rock|[from] move: Defog|[of] p2a: Corviknight
|-sideend|p2: Sieg(test)|Spikes|[from] move: Defog|[of] p2a: Corviknight
|-sideend|p2: Sieg(test)|Stealth Rock|[from] move: Defog|[of] p2a: Corviknight
|
|-heal|p2a: Corviknight|99/100|[from] item: Leftovers
|upkeep
|turn|24
|
|t:|1626882572
|switch|p2a: Quagsire|Quagsire, M|100/100
|move|p1a: Bisharp|Knock Off|p2a: Quagsire
|-damage|p2a: Quagsire|40/100
|-enditem|p2a: Quagsire|Leftovers|[from] move: Knock Off|[of] p1a: Bisharp
|
|upkeep
|turn|25
|
|t:|1626882578
|move|p1a: Bisharp|Knock Off|p2a: Quagsire
|-damage|p2a: Quagsire|1/100
|move|p2a: Quagsire|Recover|p2a: Quagsire
|-heal|p2a: Quagsire|51/100
|
|upkeep
|turn|26
|
|t:|1626882588
|switch|p1a: Clefable|Clefable, M|100/100 psn
|move|p2a: Quagsire|Recover|p2a: Quagsire
|-heal|p2a: Quagsire|100/100
|
|upkeep
|turn|27
|
|t:|1626882592
|switch|p2a: Blissey|Blissey, F|91/100
|move|p1a: Clefable|Stealth Rock|p2a: Blissey
|-sidestart|p2: Sieg(test)|move: Stealth Rock
|
|upkeep
|turn|28
|
|t:|1626882603
|switch|p1a: Landorus|Landorus-Therian, M|80/100
|-ability|p1a: Landorus|Intimidate|boost
|-unboost|p2a: Blissey|atk|1
|move|p2a: Blissey|Stealth Rock|p1a: Landorus
|-sidestart|p1: Plasmeek|move: Stealth Rock
|
|-heal|p1a: Landorus|86/100|[from] item: Leftovers
|upkeep
|turn|29
|
|t:|1626882610
|move|p1a: Landorus|Substitute|p1a: Landorus
|-start|p1a: Landorus|Substitute
|-damage|p1a: Landorus|62/100
|move|p2a: Blissey|Toxic||[still]
|-fail|p2a: Blissey
|
|-heal|p1a: Landorus|68/100|[from] item: Leftovers
|upkeep
|turn|30
|
|t:|1626882619
|move|p1a: Landorus|Swords Dance|p1a: Landorus
|-boost|p1a: Landorus|atk|2
|move|p2a: Blissey|Seismic Toss|p1a: Landorus
|-end|p1a: Landorus|Substitute
|
|-heal|p1a: Landorus|74/100|[from] item: Leftovers
|upkeep
|turn|31
|
|t:|1626882623
|switch|p2a: Buzzwole|Buzzwole|100/100
|-damage|p2a: Buzzwole|88/100|[from] Stealth Rock
|move|p1a: Landorus|Earthquake|p2a: Buzzwole
|-resisted|p2a: Buzzwole
|-damage|p2a: Buzzwole|52/100
|
|-heal|p1a: Landorus|79/100|[from] item: Leftovers
|upkeep
|turn|32
|
|t:|1626882633
|switch|p1a: Clefable|Clefable, M|100/100 psn
|move|p2a: Buzzwole|Ice Punch|p1a: Clefable
|-damage|p1a: Clefable|71/100 psn
|
|-heal|p1a: Clefable|77/100 psn|[from] item: Leftovers
|upkeep
|turn|33
|
|t:|1626882642
|switch|p2a: Toxapex|Toxapex, F|100/100 par
|-damage|p2a: Toxapex|88/100 par|[from] Stealth Rock
|move|p1a: Clefable|Moonblast|p2a: Toxapex
|-resisted|p2a: Toxapex
|-damage|p2a: Toxapex|78/100 par
|
|-heal|p1a: Clefable|83/100 psn|[from] item: Leftovers
|upkeep
|turn|34
|
|t:|1626882653
|switch|p1a: Slowking|Slowking, F|100/100 tox
|switch|p2a: Blissey|Blissey, F|91/100
|
|-damage|p1a: Slowking|94/100 tox|[from] psn
|upkeep
|turn|35
|
|t:|1626882657
|move|p2a: Blissey|Seismic Toss|p1a: Slowking
|-damage|p1a: Slowking|69/100 tox
|move|p1a: Slowking|Future Sight|p2a: Blissey
|-start|p1a: Slowking|move: Future Sight
|
|-damage|p1a: Slowking|57/100 tox|[from] psn
|upkeep
|turn|36
|
|t:|1626882660
|switch|p2a: Slowking|Slowking, F|100/100
|move|p1a: Slowking|Teleport|p1a: Slowking
|
|t:|1626882674
|switch|p1a: Bisharp|Bisharp, M|78/100|[from]move: Teleport
|-damage|p1a: Bisharp|72/100|[from] Stealth Rock
|
|upkeep
|turn|37
|
|t:|1626882682
|move|p2a: Slowking|Protect|p2a: Slowking
|-singleturn|p2a: Slowking|Protect
|move|p1a: Bisharp|Knock Off|p2a: Slowking
|-activate|p2a: Slowking|move: Protect
|
|-end|p2a: Slowking|move: Future Sight
|-resisted|p2a: Slowking
|-damage|p2a: Slowking|88/100
|upkeep
|turn|38
|
|t:|1626882689
|switch|p2a: Quagsire|Quagsire, M|100/100
|-damage|p2a: Quagsire|94/100|[from] Stealth Rock
|move|p1a: Bisharp|Knock Off|p2a: Quagsire
|-damage|p2a: Quagsire|58/100
|
|upkeep
|turn|39
|
|t:|1626882695
|switch|p1a: Skarmory|Skarmory, M|94/100
|-damage|p1a: Skarmory|82/100|[from] Stealth Rock
|move|p2a: Quagsire|Recover|p2a: Quagsire
|-heal|p2a: Quagsire|100/100
|
|upkeep
|turn|40
|
|t:|1626882703
|move|p1a: Skarmory|Spikes|p2a: Quagsire
|-sidestart|p2: Sieg(test)|Spikes
|move|p2a: Quagsire|Scald|p1a: Skarmory
|-damage|p1a: Skarmory|55/100
|
|upkeep
|turn|41
|
|t:|1626882710
|switch|p2a: Corviknight|Corviknight, F|99/100
|-damage|p2a: Corviknight|88/100|[from] Stealth Rock
|-ability|p2a: Corviknight|Pressure
|move|p1a: Skarmory|Toxic|p2a: Corviknight
|-immune|p2a: Corviknight
|
|-heal|p2a: Corviknight|94/100|[from] item: Leftovers
|upkeep
|turn|42
|
|t:|1626882714
|move|p2a: Corviknight|Defog|p1a: Skarmory
|-unboost|p1a: Skarmory|evasion|1
|-sideend|p1: Plasmeek|Stealth Rock|[from] move: Defog|[of] p2a: Corviknight
|-sideend|p2: Sieg(test)|Spikes|[from] move: Defog|[of] p2a: Corviknight
|-sideend|p2: Sieg(test)|Stealth Rock|[from] move: Defog|[of] p2a: Corviknight
|move|p1a: Skarmory|Roost|p1a: Skarmory
|-heal|p1a: Skarmory|100/100
|-singleturn|p1a: Skarmory|move: Roost
|
|-heal|p2a: Corviknight|99/100|[from] item: Leftovers
|upkeep
|turn|43
|
|t:|1626882719
|switch|p2a: Toxapex|Toxapex, F|100/100 par
|move|p1a: Skarmory|Spikes|p2a: Toxapex
|-sidestart|p2: Sieg(test)|Spikes
|
|upkeep
|turn|44
|
|t:|1626882723
|switch|p1a: Clefable|Clefable, M|83/100 psn
|move|p2a: Toxapex|Scald|p1a: Clefable
|-damage|p1a: Clefable|72/100 psn
|
|-heal|p1a: Clefable|78/100 psn|[from] item: Leftovers
|upkeep
|turn|45
|
|t:|1626882730
|switch|p2a: Corviknight|Corviknight, F|99/100
|-ability|p2a: Corviknight|Pressure
|move|p1a: Clefable|Stealth Rock|p2a: Corviknight
|-sidestart|p2: Sieg(test)|move: Stealth Rock
|
|-heal|p2a: Corviknight|100/100|[from] item: Leftovers
|-heal|p1a: Clefable|84/100 psn|[from] item: Leftovers
|upkeep
|turn|46
|
|t:|1626882733
|move|p2a: Corviknight|Defog|p1a: Clefable
|-unboost|p1a: Clefable|evasion|1
|-sideend|p2: Sieg(test)|Spikes|[from] move: Defog|[of] p2a: Corviknight
|-sideend|p2: Sieg(test)|Stealth Rock|[from] move: Defog|[of] p2a: Corviknight
|move|p1a: Clefable|Thunder Wave|p2a: Corviknight
|-status|p2a: Corviknight|par
|
|-heal|p1a: Clefable|90/100 psn|[from] item: Leftovers
|upkeep
|turn|47
|
|t:|1626882740
|switch|p2a: Blissey|Blissey, F|91/100
|move|p1a: Clefable|Stealth Rock|p2a: Blissey
|-sidestart|p2: Sieg(test)|move: Stealth Rock
|
|-heal|p1a: Clefable|96/100 psn|[from] item: Leftovers
|upkeep
|turn|48
|
|t:|1626882747
|switch|p1a: Skarmory|Skarmory, M|100/100
|move|p2a: Blissey|Stealth Rock|p1a: Skarmory
|-sidestart|p1: Plasmeek|move: Stealth Rock
|
|upkeep
|turn|49
|
|t:|1626882754
|switch|p2a: Toxapex|Toxapex, F|100/100 par
|-damage|p2a: Toxapex|88/100 par|[from] Stealth Rock
|move|p1a: Skarmory|Spikes|p2a: Toxapex
|-sidestart|p2: Sieg(test)|Spikes
|
|upkeep
|turn|50
|
|t:|1626882757
|switch|p1a: Slowking|Slowking, F|90/100 tox
|move|p2a: Toxapex|Scald|p1a: Slowking
|-resisted|p1a: Slowking
|-damage|p1a: Slowking|85/100 tox
|
|-damage|p1a: Slowking|79/100 tox|[from] psn
|upkeep
|turn|51
|
|t:|1626882763
|switch|p2a: Slowking|Slowking, F|100/100
|move|p1a: Slowking|Future Sight|p2a: Slowking
|-start|p1a: Slowking|move: Future Sight
|
|-damage|p1a: Slowking|67/100 tox|[from] psn
|upkeep
|turn|52
|
|t:|1626882768
|move|p1a: Slowking|Teleport|p1a: Slowking
|
|t:|1626882772
|switch|p1a: Clefable|Clefable, M|96/100 psn|[from]move: Teleport
|move|p2a: Slowking|Dragon Tail|p1a: Clefable
|-immune|p1a: Clefable
|
|-heal|p1a: Clefable|100/100 psn|[from] item: Leftovers
|upkeep
|turn|53
|
|t:|1626882785
|move|p2a: Slowking|Protect|p2a: Slowking
|-singleturn|p2a: Slowking|Protect
|move|p1a: Clefable|Moonblast|p2a: Slowking
|-activate|p2a: Slowking|move: Protect
|
|-end|p2a: Slowking|move: Future Sight
|-resisted|p2a: Slowking
|-damage|p2a: Slowking|88/100
|upkeep
|turn|54
|
|t:|1626882796
|switch|p2a: Toxapex|Toxapex, F|100/100 par
|-damage|p2a: Toxapex|88/100 par|[from] Stealth Rock
|-damage|p2a: Toxapex|76/100 par|[from] Spikes
|move|p1a: Clefable|Moonblast|p2a: Toxapex
|-resisted|p2a: Toxapex
|-damage|p2a: Toxapex|64/100 par
|-unboost|p2a: Toxapex|spa|1
|
|upkeep
|turn|55
|
|t:|1626882800
|switch|p1a: Slowking|Slowking, F|99/100 tox
|move|p2a: Toxapex|Scald|p1a: Slowking
|-resisted|p1a: Slowking
|-damage|p1a: Slowking|97/100 tox
|
|-damage|p1a: Slowking|91/100 tox|[from] psn
|upkeep
|turn|56
|
|t:|1626882806
|switch|p2a: Slowking|Slowking, F|100/100
|move|p1a: Slowking|Future Sight|p2a: Slowking
|-start|p1a: Slowking|move: Future Sight
|
|-damage|p1a: Slowking|78/100 tox|[from] psn
|upkeep
|turn|57
|
|t:|1626882810
|move|p1a: Slowking|Teleport|p1a: Slowking
|
|t:|1626882812
|switch|p1a: Clefable|Clefable, M|100/100 psn|[from]move: Teleport
|move|p2a: Slowking|Dragon Tail|p1a: Clefable
|-immune|p1a: Clefable
|
|upkeep
|turn|58
|
|t:|1626882821
|move|p1a: Clefable|Thunder Wave|p2a: Slowking
|-status|p2a: Slowking|par
|move|p2a: Slowking|Scald|p1a: Clefable
|-damage|p1a: Clefable|83/100 psn
|
|-end|p2a: Slowking|move: Future Sight
|-resisted|p2a: Slowking
|-damage|p2a: Slowking|89/100 par
|-heal|p1a: Clefable|89/100 psn|[from] item: Leftovers
|upkeep
|turn|59
|
|t:|1626882835
|switch|p1a: Slowking|Slowking, F|100/100 tox
|move|p2a: Slowking|Dragon Tail|p1a: Slowking
|-damage|p1a: Slowking|88/100 tox
|drag|p1a: Landorus|Landorus-Therian, M|79/100
|-damage|p1a: Landorus|67/100|[from] Stealth Rock
|-ability|p1a: Landorus|Intimidate|boost
|-unboost|p2a: Slowking|atk|1
|
|-heal|p1a: Landorus|73/100|[from] item: Leftovers
|upkeep
|turn|60
|
|t:|1626882843
|switch|p1a: Slowking|Slowking, F|100/100 tox
|move|p2a: Slowking|Scald|p1a: Slowking
|-resisted|p1a: Slowking
|-damage|p1a: Slowking|93/100 tox
|
|-damage|p1a: Slowking|87/100 tox|[from] psn
|upkeep
|turn|61
|
|t:|1626882851
|switch|p2a: Corviknight|Corviknight, F|100/100 par
|-damage|p2a: Corviknight|88/100 par|[from] Stealth Rock
|-ability|p2a: Corviknight|Pressure
|move|p1a: Slowking|Future Sight|p2a: Corviknight
|-start|p1a: Slowking|move: Future Sight
|
|-heal|p2a: Corviknight|94/100 par|[from] item: Leftovers
|-damage|p1a: Slowking|75/100 tox|[from] psn
|upkeep
|turn|62
|
|t:|1626882856
|move|p2a: Corviknight|Defog|p1a: Slowking
|-unboost|p1a: Slowking|evasion|1
|-sideend|p1: Plasmeek|Stealth Rock|[from] move: Defog|[of] p2a: Corviknight
|-sideend|p2: Sieg(test)|Spikes|[from] move: Defog|[of] p2a: Corviknight
|-sideend|p2: Sieg(test)|Stealth Rock|[from] move: Defog|[of] p2a: Corviknight
|move|p1a: Slowking|Teleport|p1a: Slowking
|
|t:|1626882863
|switch|p1a: Bisharp|Bisharp, M|72/100|[from]move: Teleport
|
|-heal|p2a: Corviknight|99/100 par|[from] item: Leftovers
|upkeep
|turn|63
|
|t:|1626882869
|switch|p1a: Clefable|Clefable, M|89/100 psn
|move|p2a: Corviknight|Roost|p2a: Corviknight
|-heal|p2a: Corviknight|100/100 par
|-singleturn|p2a: Corviknight|move: Roost
|
|-end|p2a: Corviknight|move: Future Sight
|-resisted|p2a: Corviknight
|-damage|p2a: Corviknight|78/100 par
|-heal|p1a: Clefable|95/100 psn|[from] item: Leftovers
|-heal|p2a: Corviknight|84/100 par|[from] item: Leftovers
|upkeep
|turn|64
|
|t:|1626882877
|switch|p2a: Blissey|Blissey, F|91/100
|move|p1a: Clefable|Stealth Rock|p2a: Blissey
|-sidestart|p2: Sieg(test)|move: Stealth Rock
|
|-heal|p1a: Clefable|100/100 psn|[from] item: Leftovers
|upkeep
|turn|65
|
|t:|1626882884
|switch|p1a: Slowking|Slowking, F|100/100 tox
|move|p2a: Blissey|Stealth Rock|p1a: Slowking
|-sidestart|p1: Plasmeek|move: Stealth Rock
|
|-damage|p1a: Slowking|94/100 tox|[from] psn
|upkeep
|turn|66
|
|t:|1626882894
|move|p2a: Blissey|Seismic Toss|p1a: Slowking
|-damage|p1a: Slowking|69/100 tox
|move|p1a: Slowking|Future Sight|p2a: Blissey
|-start|p1a: Slowking|move: Future Sight
|
|-damage|p1a: Slowking|57/100 tox|[from] psn
|upkeep
|turn|67
|
|t:|1626882902
|switch|p2a: Slowking|Slowking, F|100/100 par
|move|p1a: Slowking|Teleport|p1a: Slowking
|
|t:|1626882907
|switch|p1a: Bisharp|Bisharp, M|72/100|[from]move: Teleport
|-damage|p1a: Bisharp|66/100|[from] Stealth Rock
|
|upkeep
|turn|68
|
|t:|1626882910
|move|p2a: Slowking|Protect|p2a: Slowking
|-singleturn|p2a: Slowking|Protect
|move|p1a: Bisharp|Knock Off|p2a: Slowking
|-activate|p2a: Slowking|move: Protect
|
|-end|p2a: Slowking|move: Future Sight
|-resisted|p2a: Slowking
|-damage|p2a: Slowking|88/100 par
|upkeep
|turn|69
|
|t:|1626882921
|switch|p1a: Slowking|Slowking, F|90/100 tox
|switch|p2a: Buzzwole|Buzzwole|52/100
|-damage|p2a: Buzzwole|40/100|[from] Stealth Rock
|
|-damage|p1a: Slowking|84/100 tox|[from] psn
|upkeep
|turn|70
|
|t:|1626882926
|move|p2a: Buzzwole|Roost|p2a: Buzzwole
|-heal|p2a: Buzzwole|90/100
|-singleturn|p2a: Buzzwole|move: Roost
|move|p1a: Slowking|Scald|p2a: Buzzwole
|-damage|p2a: Buzzwole|44/100
|
|-damage|p1a: Slowking|72/100 tox|[from] psn
|upkeep
|turn|71
|
|t:|1626882933
|move|p2a: Buzzwole|Roost|p2a: Buzzwole
|-heal|p2a: Buzzwole|94/100
|-singleturn|p2a: Buzzwole|move: Roost
|move|p1a: Slowking|Scald|p2a: Buzzwole
|-damage|p2a: Buzzwole|49/100
|
|-damage|p1a: Slowking|53/100 tox|[from] psn
|upkeep
|turn|72
|
|t:|1626882938
|move|p2a: Buzzwole|Roost|p2a: Buzzwole
|-heal|p2a: Buzzwole|99/100
|-singleturn|p2a: Buzzwole|move: Roost
|move|p1a: Slowking|Scald|p2a: Buzzwole
|-damage|p2a: Buzzwole|57/100
|-status|p2a: Buzzwole|brn
|
|-damage|p1a: Slowking|29/100 tox|[from] psn
|-damage|p2a: Buzzwole|51/100 brn|[from] brn
|upkeep
|turn|73
|
|t:|1626882947
|switch|p1a: Dragapult|Dragapult, M|100/100
|-damage|p1a: Dragapult|88/100|[from] Stealth Rock
|move|p2a: Buzzwole|Roost|p2a: Buzzwole
|-heal|p2a: Buzzwole|100/100 brn
|-singleturn|p2a: Buzzwole|move: Roost
|
|-damage|p2a: Buzzwole|94/100 brn|[from] brn
|upkeep
|turn|74
|
|t:|1626882953
|switch|p2a: Blissey|Blissey, F|91/100
|move|p1a: Dragapult|U-turn|p2a: Blissey
|-damage|p2a: Blissey|76/100
|
|t:|1626882960
|switch|p1a: Skarmory|Skarmory, M|100/100|[from]move: U-turn
|-damage|p1a: Skarmory|88/100|[from] Stealth Rock
|
|upkeep
|turn|75
|
|t:|1626882964
|switch|p2a: Corviknight|Corviknight, F|84/100 par
|-damage|p2a: Corviknight|72/100 par|[from] Stealth Rock
|-ability|p2a: Corviknight|Pressure
|move|p1a: Skarmory|Spikes|p2a: Corviknight
|-sidestart|p2: Sieg(test)|Spikes
|
|-heal|p2a: Corviknight|78/100 par|[from] item: Leftovers
|upkeep
|turn|76
|
|t:|1626882976
|switch|p1a: Clefable|Clefable, M|100/100 psn
|cant|p2a: Corviknight|par
|
|-heal|p2a: Corviknight|84/100 par|[from] item: Leftovers
|upkeep
|turn|77
|
|t:|1626882981
|switch|p1a: Slowking|Slowking, F|62/100 tox
|move|p2a: Corviknight|Brave Bird|p1a: Slowking
|-damage|p1a: Slowking|25/100 tox
|-damage|p2a: Corviknight|71/100 par|[from] Recoil
|
|-heal|p2a: Corviknight|77/100 par|[from] item: Leftovers
|-damage|p1a: Slowking|19/100 tox|[from] psn
|upkeep
|turn|78
|
|t:|1626882991
|switch|p1a: Skarmory|Skarmory, M|88/100
|-damage|p1a: Skarmory|76/100|[from] Stealth Rock
|move|p2a: Corviknight|Defog|p1a: Skarmory
|-unboost|p1a: Skarmory|evasion|1
|-sideend|p1: Plasmeek|Stealth Rock|[from] move: Defog|[of] p2a: Corviknight
|-sideend|p2: Sieg(test)|Spikes|[from] move: Defog|[of] p2a: Corviknight
|-sideend|p2: Sieg(test)|Stealth Rock|[from] move: Defog|[of] p2a: Corviknight
|
|-heal|p2a: Corviknight|83/100 par|[from] item: Leftovers
|upkeep
|turn|79
|
|t:|1626882994
|switch|p2a: Toxapex|Toxapex, F|98/100 par
|move|p1a: Skarmory|Spikes|p2a: Toxapex
|-sidestart|p2: Sieg(test)|Spikes
|
|upkeep
|turn|80
|
|t:|1626882998
|switch|p1a: Slowking|Slowking, F|53/100 tox
|move|p2a: Toxapex|Scald|p1a: Slowking
|-resisted|p1a: Slowking
|-damage|p1a: Slowking|48/100 tox
|
|-damage|p1a: Slowking|42/100 tox|[from] psn
|upkeep
|turn|81
|
|t:|1626883009
|switch|p2a: Slowking|Slowking, F|100/100 par
|move|p1a: Slowking|Slack Off|p1a: Slowking
|-heal|p1a: Slowking|92/100 tox
|
|-damage|p1a: Slowking|80/100 tox|[from] psn
|upkeep
|turn|82
|
|t:|1626883014
|switch|p1a: Clefable|Clefable, M|100/100 psn
|switch|p2a: Corviknight|Corviknight, F|83/100 par
|-ability|p2a: Corviknight|Pressure
|
|-heal|p2a: Corviknight|89/100 par|[from] item: Leftovers
|upkeep
|turn|83
|
|t:|1626883023
|switch|p1a: Landorus|Landorus-Therian, M|73/100
|-ability|p1a: Landorus|Intimidate|boost
|-unboost|p2a: Corviknight|atk|1
|switch|p2a: Blissey|Blissey, F|76/100
|
|-heal|p1a: Landorus|79/100|[from] item: Leftovers
|upkeep
|turn|84
|
|t:|1626883029
|switch|p1a: Skarmory|Skarmory, M|76/100
|move|p2a: Blissey|Stealth Rock|p1a: Skarmory
|-sidestart|p1: Plasmeek|move: Stealth Rock
|
|upkeep
|turn|85
|
|t:|1626883035
|switch|p2a: Toxapex|Toxapex, F|100/100 par
|-damage|p2a: Toxapex|88/100 par|[from] Spikes
|move|p1a: Skarmory|Spikes|p2a: Toxapex
|-sidestart|p2: Sieg(test)|Spikes
|
|upkeep
|turn|86
|
|t:|1626883039
|switch|p1a: Slowking|Slowking, F|100/100 tox
|move|p2a: Toxapex|Scald|p1a: Slowking
|-resisted|p1a: Slowking
|-damage|p1a: Slowking|95/100 tox
|
|-damage|p1a: Slowking|89/100 tox|[from] psn
|upkeep
|turn|87
|
|t:|1626883044
|switch|p2a: Corviknight|Corviknight, F|89/100 par
|-ability|p2a: Corviknight|Pressure
|move|p1a: Slowking|Future Sight|p2a: Corviknight
|-start|p1a: Slowking|move: Future Sight
|
|-heal|p2a: Corviknight|95/100 par|[from] item: Leftovers
|-damage|p1a: Slowking|77/100 tox|[from] psn
|upkeep
|turn|88
|
|t:|1626883047
|cant|p2a: Corviknight|par
|move|p1a: Slowking|Teleport|p1a: Slowking
|
|t:|1626883052
|switch|p1a: Bisharp|Bisharp, M|66/100|[from]move: Teleport
|-damage|p1a: Bisharp|60/100|[from] Stealth Rock
|
|-heal|p2a: Corviknight|100/100 par|[from] item: Leftovers
|upkeep
|turn|89
|
|t:|1626883055
|move|p1a: Bisharp|Knock Off|p2a: Corviknight
|-crit|p2a: Corviknight
|-damage|p2a: Corviknight|16/100 par
|-enditem|p2a: Corviknight|Leftovers|[from] move: Knock Off|[of] p1a: Bisharp
|move|p2a: Corviknight|Roost|p2a: Corviknight
|-heal|p2a: Corviknight|66/100 par
|-singleturn|p2a: Corviknight|move: Roost
|
|-end|p2a: Corviknight|move: Future Sight
|-resisted|p2a: Corviknight
|-damage|p2a: Corviknight|46/100 par
|upkeep
|turn|90
|
|t:|1626883061
|move|p1a: Bisharp|Knock Off|p2a: Corviknight
|-damage|p2a: Corviknight|4/100 par
|move|p2a: Corviknight|Roost|p2a: Corviknight
|-heal|p2a: Corviknight|54/100 par
|-singleturn|p2a: Corviknight|move: Roost
|
|upkeep
|turn|91
|
|t:|1626883064
|switch|p2a: Buzzwole|Buzzwole|94/100 brn
|-damage|p2a: Buzzwole|78/100 brn|[from] Spikes
|move|p1a: Bisharp|Knock Off|p2a: Buzzwole
|-resisted|p2a: Buzzwole
|-damage|p2a: Buzzwole|61/100 brn
|
|-damage|p2a: Buzzwole|55/100 brn|[from] brn
|upkeep
|turn|92
|
|t:|1626883069
|switch|p1a: Slowking|Slowking, F|100/100 tox
|move|p2a: Buzzwole|Roost|p2a: Buzzwole
|-heal|p2a: Buzzwole|100/100 brn
|-singleturn|p2a: Buzzwole|move: Roost
|
|-damage|p1a: Slowking|94/100 tox|[from] psn
|-damage|p2a: Buzzwole|94/100 brn|[from] brn
|upkeep
|turn|93
|
|t:|1626883073
|switch|p2a: Corviknight|Corviknight, F|54/100 par
|-ability|p2a: Corviknight|Pressure
|move|p1a: Slowking|Future Sight|p2a: Corviknight
|-start|p1a: Slowking|move: Future Sight
|
|-damage|p1a: Slowking|82/100 tox|[from] psn
|upkeep
|turn|94
|
|t:|1626883077
|move|p2a: Corviknight|Roost|p2a: Corviknight
|-heal|p2a: Corviknight|100/100 par
|-singleturn|p2a: Corviknight|move: Roost
|move|p1a: Slowking|Teleport|p1a: Slowking
|
|t:|1626883086
|switch|p1a: Bisharp|Bisharp, M|60/100|[from]move: Teleport
|-damage|p1a: Bisharp|54/100|[from] Stealth Rock
|
|upkeep
|turn|95
|
|t:|1626883090
|move|p1a: Bisharp|Knock Off|p2a: Corviknight
|-damage|p2a: Corviknight|63/100 par
|move|p2a: Corviknight|U-turn|p1a: Bisharp
|-damage|p1a: Bisharp|38/100
|
|t:|1626883095
|switch|p2a: Slowking|Slowking, F|100/100 par|[from]move: U-turn
|
|-end|p2a: Slowking|move: Future Sight
|-resisted|p2a: Slowking
|-damage|p2a: Slowking|87/100 par
|upkeep
|turn|96
|
|t:|1626883103
|switch|p2a: Buzzwole|Buzzwole|94/100 brn
|-damage|p2a: Buzzwole|78/100 brn|[from] Spikes
|move|p1a: Bisharp|Knock Off|p2a: Buzzwole
|-resisted|p2a: Buzzwole
|-damage|p2a: Buzzwole|62/100 brn
|
|-damage|p2a: Buzzwole|56/100 brn|[from] brn
|upkeep
|turn|97
|
|t:|1626883107
|switch|p1a: Slowking|Slowking, F|100/100 tox
|move|p2a: Buzzwole|Roost|p2a: Buzzwole
|-heal|p2a: Buzzwole|100/100 brn
|-singleturn|p2a: Buzzwole|move: Roost
|
|-damage|p1a: Slowking|94/100 tox|[from] psn
|-damage|p2a: Buzzwole|94/100 brn|[from] brn
|upkeep
|turn|98
|
|t:|1626883116
|switch|p2a: Slowking|Slowking, F|100/100 par
|move|p1a: Slowking|Teleport|p1a: Slowking
|
|t:|1626883127
|switch|p1a: Dragapult|Dragapult, M|88/100|[from]move: Teleport
|-damage|p1a: Dragapult|76/100|[from] Stealth Rock
|
|upkeep
|turn|99
|
|t:|1626883131
|move|p2a: Slowking|Protect|p2a: Slowking
|-singleturn|p2a: Slowking|Protect
|move|p1a: Dragapult|U-turn|p2a: Slowking
|-activate|p2a: Slowking|move: Protect
|
|upkeep
|turn|100
|
|t:|1626883136
|switch|p2a: Toxapex|Toxapex, F|100/100 par
|-damage|p2a: Toxapex|84/100 par|[from] Spikes
|move|p1a: Dragapult|U-turn|p2a: Toxapex
|-resisted|p2a: Toxapex
|-damage|p2a: Toxapex|78/100 par
|
|t:|1626883141
|switch|p1a: Landorus|Landorus-Therian, M|79/100|[from]move: U-turn
|-damage|p1a: Landorus|67/100|[from] Stealth Rock
|-ability|p1a: Landorus|Intimidate|boost
|-unboost|p2a: Toxapex|atk|1
|
|-heal|p1a: Landorus|73/100|[from] item: Leftovers
|upkeep
|turn|101
|
|t:|1626883149
|move|p1a: Landorus|Substitute|p1a: Landorus
|-start|p1a: Landorus|Substitute
|-damage|p1a: Landorus|48/100
|move|p2a: Toxapex|Toxic||[still]
|-fail|p2a: Toxapex
|
|-heal|p1a: Landorus|54/100|[from] item: Leftovers
|upkeep
|turn|102
|
|t:|1626883162
|switch|p2a: Buzzwole|Buzzwole|94/100 brn
|-damage|p2a: Buzzwole|78/100 brn|[from] Spikes
|move|p1a: Landorus|Swords Dance|p1a: Landorus
|-boost|p1a: Landorus|atk|2
|
|-heal|p1a: Landorus|60/100|[from] item: Leftovers
|-damage|p2a: Buzzwole|72/100 brn|[from] brn
|upkeep
|turn|103
|
|t:|1626883168
|move|p1a: Landorus|Stone Edge|p2a: Buzzwole
|-damage|p2a: Buzzwole|22/100 brn
|move|p2a: Buzzwole|Roost|p2a: Buzzwole
|-heal|p2a: Buzzwole|72/100 brn
|-singleturn|p2a: Buzzwole|move: Roost
|
|-heal|p1a: Landorus|66/100|[from] item: Leftovers
|-damage|p2a: Buzzwole|66/100 brn|[from] brn
|upkeep
|turn|104
|
|t:|1626883177
|switch|p2a: Quagsire|Quagsire, M|100/100
|-damage|p2a: Quagsire|84/100|[from] Spikes
|move|p1a: Landorus|Swords Dance|p1a: Landorus
|-boost|p1a: Landorus|atk|2
|
|-heal|p1a: Landorus|72/100|[from] item: Leftovers
|upkeep
|turn|105
|
|t:|1626883179
|move|p1a: Landorus|Earthquake|p2a: Quagsire
|-damage|p2a: Quagsire|47/100
|move|p2a: Quagsire|Recover|p2a: Quagsire
|-heal|p2a: Quagsire|97/100
|
|-heal|p1a: Landorus|78/100|[from] item: Leftovers
|upkeep
|turn|106
|
|t:|1626883184
|move|p1a: Landorus|Earthquake|p2a: Quagsire
|-damage|p2a: Quagsire|56/100
|move|p2a: Quagsire|Scald|p1a: Landorus
|-supereffective|p1a: Landorus
|-end|p1a: Landorus|Substitute
|
|-heal|p1a: Landorus|84/100|[from] item: Leftovers
|upkeep
|turn|107
|
|t:|1626883189
|move|p1a: Landorus|Earthquake|p2a: Quagsire
|-damage|p2a: Quagsire|16/100
|move|p2a: Quagsire|Recover|p2a: Quagsire
|-heal|p2a: Quagsire|66/100
|
|-heal|p1a: Landorus|90/100|[from] item: Leftovers
|upkeep
|turn|108
|
|t:|1626883192
|move|p1a: Landorus|Earthquake|p2a: Quagsire
|-damage|p2a: Quagsire|27/100
|move|p2a: Quagsire|Recover|p2a: Quagsire
|-heal|p2a: Quagsire|77/100
|
|-heal|p1a: Landorus|96/100|[from] item: Leftovers
|upkeep
|turn|109
|
|t:|1626883197
|move|p1a: Landorus|Earthquake|p2a: Quagsire
|-damage|p2a: Quagsire|40/100
|move|p2a: Quagsire|Recover|p2a: Quagsire
|-heal|p2a: Quagsire|90/100
|
|-heal|p1a: Landorus|100/100|[from] item: Leftovers
|upkeep
|turn|110
|
|t:|1626883203
|switch|p1a: Slowking|Slowking, F|100/100 tox
|move|p2a: Quagsire|Protect||[still]
|-fail|p2a: Quagsire
|
|-damage|p1a: Slowking|94/100 tox|[from] psn
|upkeep
|turn|111
|
|t:|1626883211
|switch|p2a: Corviknight|Corviknight, F|63/100 par
|-ability|p2a: Corviknight|Pressure
|move|p1a: Slowking|Teleport|p1a: Slowking
|
|t:|1626883214
|switch|p1a: Landorus|Landorus-Therian, M|100/100|[from]move: Teleport
|-damage|p1a: Landorus|88/100|[from] Stealth Rock
|-ability|p1a: Landorus|Intimidate|boost
|-unboost|p2a: Corviknight|atk|1
|
|-heal|p1a: Landorus|94/100|[from] item: Leftovers
|upkeep
|turn|112
|
|t:|1626883218
|move|p1a: Landorus|Swords Dance|p1a: Landorus
|-boost|p1a: Landorus|atk|2
|move|p2a: Corviknight|U-turn|p1a: Landorus
|-resisted|p1a: Landorus
|-damage|p1a: Landorus|89/100
|
|t:|1626883220
|switch|p2a: Quagsire|Quagsire, M|90/100|[from]move: U-turn
|-damage|p2a: Quagsire|73/100|[from] Spikes
|
|-heal|p1a: Landorus|95/100|[from] item: Leftovers
|upkeep
|turn|113
|
|t:|1626883225
|move|p1a: Landorus|Earthquake|p2a: Quagsire
|-damage|p2a: Quagsire|36/100
|move|p2a: Quagsire|Recover|p2a: Quagsire
|-heal|p2a: Quagsire|86/100
|
|-heal|p1a: Landorus|100/100|[from] item: Leftovers
|upkeep
|turn|114
|
|t:|1626883232
|switch|p1a: Slowking|Slowking, F|100/100 tox
|move|p2a: Quagsire|Recover|p2a: Quagsire
|-heal|p2a: Quagsire|100/100
|
|-damage|p1a: Slowking|94/100 tox|[from] psn
|upkeep
|turn|115
|
|t:|1626883237
|switch|p2a: Blissey|Blissey, F|76/100
|move|p1a: Slowking|Future Sight|p2a: Blissey
|-start|p1a: Slowking|move: Future Sight
|
|-damage|p1a: Slowking|82/100 tox|[from] psn
|upkeep
|turn|116
|
|t:|1626883246
|switch|p2a: Corviknight|Corviknight, F|63/100 par
|-ability|p2a: Corviknight|Pressure
|move|p1a: Slowking|Teleport|p1a: Slowking
|
|t:|1626883249
|switch|p1a: Landorus|Landorus-Therian, M|100/100|[from]move: Teleport
|-damage|p1a: Landorus|88/100|[from] Stealth Rock
|-ability|p1a: Landorus|Intimidate|boost
|-unboost|p2a: Corviknight|atk|1
|
|-heal|p1a: Landorus|94/100|[from] item: Leftovers
|upkeep
|turn|117
|
|t:|1626883253
|move|p1a: Landorus|Swords Dance|p1a: Landorus
|-boost|p1a: Landorus|atk|2
|move|p2a: Corviknight|Roost|p2a: Corviknight
|-heal|p2a: Corviknight|100/100 par
|-singleturn|p2a: Corviknight|move: Roost
|
|-end|p2a: Corviknight|move: Future Sight
|-resisted|p2a: Corviknight
|-damage|p2a: Corviknight|79/100 par
|-heal|p1a: Landorus|99/100|[from] item: Leftovers
|upkeep
|turn|118
|
|t:|1626883258
|move|p1a: Landorus|Earthquake|p2a: Corviknight
|-immune|p2a: Corviknight
|move|p2a: Corviknight|Roost|p2a: Corviknight
|-heal|p2a: Corviknight|100/100 par
|-singleturn|p2a: Corviknight|move: Roost
|
|-heal|p1a: Landorus|100/100|[from] item: Leftovers
|upkeep
|turn|119
|
|t:|1626883262
|move|p1a: Landorus|Stone Edge|p2a: Corviknight
|-damage|p2a: Corviknight|44/100 par
|move|p2a: Corviknight|U-turn|p1a: Landorus
|-resisted|p1a: Landorus
|-damage|p1a: Landorus|95/100
|
|t:|1626883266
|switch|p2a: Quagsire|Quagsire, M|100/100|[from]move: U-turn
|-damage|p2a: Quagsire|84/100|[from] Spikes
|
|-heal|p1a: Landorus|100/100|[from] item: Leftovers
|upkeep
|turn|120
|
|t:|1626883283
|switch|p1a: Clefable|Clefable, M|100/100 psn
|move|p2a: Quagsire|Scald|p1a: Clefable
|-damage|p1a: Clefable|87/100 psn
|
|-heal|p1a: Clefable|93/100 psn|[from] item: Leftovers
|upkeep
|turn|121
|
|t:|1626883285
|switch|p2a: Corviknight|Corviknight, F|44/100 par
|-ability|p2a: Corviknight|Pressure
|move|p1a: Clefable|Stealth Rock|p2a: Corviknight
|-sidestart|p2: Sieg(test)|move: Stealth Rock
|
|-heal|p1a: Clefable|99/100 psn|[from] item: Leftovers
|upkeep
|turn|122
|
|t:|1626883292
|switch|p1a: Dragapult|Dragapult, M|76/100
|-damage|p1a: Dragapult|64/100|[from] Stealth Rock
|move|p2a: Corviknight|Defog|p1a: Dragapult
|-unboost|p1a: Dragapult|evasion|1
|-sideend|p1: Plasmeek|Stealth Rock|[from] move: Defog|[of] p2a: Corviknight
|-sideend|p2: Sieg(test)|Spikes|[from] move: Defog|[of] p2a: Corviknight
|-sideend|p2: Sieg(test)|Stealth Rock|[from] move: Defog|[of] p2a: Corviknight
|
|upkeep
|turn|123
|
|t:|1626883302
|switch|p2a: Toxapex|Toxapex, F|100/100 par
|move|p1a: Dragapult|U-turn|p2a: Toxapex
|-resisted|p2a: Toxapex
|-damage|p2a: Toxapex|95/100 par
|
|t:|1626883306
|switch|p1a: Slowking|Slowking, F|100/100 tox|[from]move: U-turn
|
|-damage|p1a: Slowking|94/100 tox|[from] psn
|upkeep
|turn|124
|
|t:|1626883321
|switch|p2a: Corviknight|Corviknight, F|44/100 par
|-ability|p2a: Corviknight|Pressure
|move|p1a: Slowking|Future Sight|p2a: Corviknight
|-start|p1a: Slowking|move: Future Sight
|
|-damage|p1a: Slowking|82/100 tox|[from] psn
|upkeep
|turn|125
|
|t:|1626883325
|cant|p2a: Corviknight|par
|move|p1a: Slowking|Teleport|p1a: Slowking
|
|t:|1626883329
|switch|p1a: Bisharp|Bisharp, M|38/100|[from]move: Teleport
|
|upkeep
|turn|126
|
|t:|1626883337
|move|p1a: Bisharp|Knock Off|p2a: Corviknight
|-damage|p2a: Corviknight|1/100 par
|cant|p2a: Corviknight|par
|
|-end|p2a: Corviknight|move: Future Sight
|-resisted|p2a: Corviknight
|-damage|p2a: Corviknight|0 fnt
|faint|p2a: Corviknight
|upkeep
|
|t:|1626883344
|switch|p2a: Buzzwole|Buzzwole|66/100 brn
|turn|127
|
|t:|1626883351
|switch|p1a: Clefable|Clefable, M|99/100 psn
|move|p2a: Buzzwole|Earthquake|p1a: Clefable
|-damage|p1a: Clefable|80/100 psn
|
|-heal|p1a: Clefable|87/100 psn|[from] item: Leftovers
|-damage|p2a: Buzzwole|60/100 brn|[from] brn
|upkeep
|turn|128
|
|t:|1626883354
|switch|p2a: Blissey|Blissey, F|76/100
|move|p1a: Clefable|Stealth Rock|p2a: Blissey
|-sidestart|p2: Sieg(test)|move: Stealth Rock
|
|-heal|p1a: Clefable|93/100 psn|[from] item: Leftovers
|upkeep
|turn|129
|
|t:|1626883358
|switch|p1a: Skarmory|Skarmory, M|76/100
|move|p2a: Blissey|Stealth Rock|p1a: Skarmory
|-sidestart|p1: Plasmeek|move: Stealth Rock
|
|upkeep
|turn|130
|
|t:|1626883361
|switch|p2a: Toxapex|Toxapex, F|100/100 par
|-damage|p2a: Toxapex|88/100 par|[from] Stealth Rock
|move|p1a: Skarmory|Spikes|p2a: Toxapex
|-sidestart|p2: Sieg(test)|Spikes
|
|upkeep
|turn|131
|
|t:|1626883365
|move|p1a: Skarmory|Spikes|p2a: Toxapex
|-sidestart|p2: Sieg(test)|Spikes
|move|p2a: Toxapex|Scald|p1a: Skarmory
|-damage|p1a: Skarmory|51/100
|
|upkeep
|turn|132
|
|t:|1626883368
|move|p1a: Skarmory|Spikes|p2a: Toxapex
|-sidestart|p2: Sieg(test)|Spikes
|move|p2a: Toxapex|Scald|p1a: Skarmory
|-damage|p1a: Skarmory|26/100
|
|upkeep
|turn|133
|
|t:|1626883370
|move|p1a: Skarmory|Roost|p1a: Skarmory
|-heal|p1a: Skarmory|77/100
|-singleturn|p1a: Skarmory|move: Roost
|move|p2a: Toxapex|Scald|p1a: Skarmory
|-damage|p1a: Skarmory|55/100
|
|upkeep
|turn|134
|
|t:|1626883384
|move|p1a: Skarmory|Roost|p1a: Skarmory
|-heal|p1a: Skarmory|100/100
|-singleturn|p1a: Skarmory|move: Roost
|move|p2a: Toxapex|Scald|p1a: Skarmory
|-damage|p1a: Skarmory|79/100
|
|upkeep
|turn|135
|
|t:|1626883391
|switch|p1a: Slowking|Slowking, F|100/100 tox
|move|p2a: Toxapex|Scald|p1a: Slowking
|-resisted|p1a: Slowking
|-damage|p1a: Slowking|96/100 tox
|
|-damage|p1a: Slowking|90/100 tox|[from] psn
|upkeep
|turn|136
|
|t:|1626883396
|switch|p2a: Blissey|Blissey, F|76/100
|move|p1a: Slowking|Teleport|p1a: Slowking
|
|t:|1626883400
|switch|p1a: Bisharp|Bisharp, M|38/100|[from]move: Teleport
|-damage|p1a: Bisharp|32/100|[from] Stealth Rock
|
|upkeep
|turn|137
|
|t:|1626883404
|move|p1a: Bisharp|Knock Off|p2a: Blissey
|-damage|p2a: Blissey|7/100
|-enditem|p2a: Blissey|Heavy-Duty Boots|[from] move: Knock Off|[of] p1a: Bisharp
|move|p2a: Blissey|Seismic Toss|p1a: Bisharp
|-damage|p1a: Bisharp|0 fnt
|faint|p1a: Bisharp
|
|upkeep
|
|t:|1626883414
|switch|p1a: Landorus|Landorus-Therian, M|100/100
|-damage|p1a: Landorus|88/100|[from] Stealth Rock
|-ability|p1a: Landorus|Intimidate|boost
|-unboost|p2a: Blissey|atk|1
|turn|138
|-message|Sieg(test) forfeited.
|
|win|Plasmeek
|l|‽Sieg(test)
|raw|Plasmeek's rating: 1748 &rarr; <strong>1771</strong><br />(+23 for winning)
|raw|Sieg(test)'s rating: 1798 &rarr; <strong>1775</strong><br />(-23 for losing)
||Ladder isn't responding, score probably updated but might not have (Request timeout).
