|j|☆Mutako Z
|j|‽Guest 5890168
|t:|1664811111
|gametype|singles
|player|p1|Mutako Z|unknown|1522
|player|p2|Guest 5890168|170|1459
|teamsize|p1|6
|teamsize|p2|6
|gen|8
|tier|[Gen 8] OU
|rated|
|rule|Sleep Clause Mod: Limit one foe put to sleep
|rule|Species Clause: Limit one of each Pokémon
|rule|OHKO Clause: OHKO moves are banned
|rule|Evasion Items Clause: Evasion items are banned
|rule|Evasion Moves Clause: Evasion moves are banned
|rule|Endless Battle Clause: Forcing endless battles is banned
|rule|HP Percentage Mod: HP is shown in percentages
|rule|Dynamax Clause: You cannot dynamax
|clearpoke
|poke|p1|Tapu Lele|
|poke|p1|Alakazam, M|
|poke|p1|Moltres-Galar|
|poke|p1|Landorus-Therian, M|
|poke|p1|Ferrothorn, M|
|poke|p1|Toxapex, M|
|poke|p2|Rotom-Wash|
|poke|p2|Weavile, F|
|poke|p2|Landorus-Therian, M|
|poke|p2|Heatran, M|
|poke|p2|Tangrowth, F|
|poke|p2|Melmetal|
|teampreview
|inactive|Battle timer is ON: inactive players will automatically lose when time's up. (requested by Guest 5890168)
|
|t:|1664811130
|start
|switch|p1a: Tapu Lele|Tapu Lele|100/100
|switch|p2a: Landorus|Landorus-Therian, M|100/100
|-fieldstart|move: Psychic Terrain|[from] ability: Psychic Surge|[of] p1a: Tapu Lele
|-ability|p2a: Landorus|Intimidate|boost
|-unboost|p1a: Tapu Lele|atk|1
|turn|1
|
|t:|1664811147
|move|p1a: Tapu Lele|Psychic|p2a: Landorus
|-crit|p2a: Landorus
|-damage|p2a: Landorus|7/100
|move|p2a: Landorus|Earthquake|p1a: Tapu Lele
|-damage|p1a: Tapu Lele|33/100
|
|-heal|p2a: Landorus|13/100|[from] item: Leftovers
|upkeep
|turn|2
|
|t:|1664811155
|switch|p1a: Landorus|Landorus-Therian, M|100/100
|-ability|p1a: Landorus|Intimidate|boost
|-unboost|p2a: Landorus|atk|1
|switch|p2a: Heatran|Heatran, M|100/100
|-item|p2a: Heatran|Air Balloon
|
|upkeep
|turn|3
|
|t:|1664811162
|move|p2a: Heatran|Eruption|p1a: Landorus
|-damage|p1a: Landorus|33/100
|move|p1a: Landorus|U-turn|p2a: Heatran
|-resisted|p2a: Heatran
|-damage|p2a: Heatran|96/100
|-enditem|p2a: Heatran|Air Balloon
|
|t:|1664811175
|switch|p1a: Alakazam|Alakazam, M|100/100|[from]move: U-turn
|
|upkeep
|turn|4
|
|t:|1664811179
|switch|p1a: Toxapex|Toxapex, M|100/100
|move|p2a: Heatran|Eruption|p1a: Toxapex
|-resisted|p1a: Toxapex
|-damage|p1a: Toxapex|71/100
|-enditem|p1a: Toxapex|Eject Button
|
|t:|1664811188
|switch|p1a: Landorus|Landorus-Therian, M|33/100
|-ability|p1a: Landorus|Intimidate|boost
|-unboost|p2a: Heatran|atk|1
|
|-heal|p1a: Landorus|39/100|[from] item: Leftovers
|upkeep
|turn|5
|
|t:|1664811195
|switch|p1a: Toxapex|Toxapex, M|100/100
|move|p2a: Heatran|Magma Storm|p1a: Toxapex
|-resisted|p1a: Toxapex
|-damage|p1a: Toxapex|77/100
|-activate|p1a: Toxapex|move: Magma Storm|[of] p2a: Heatran
|
|-damage|p1a: Toxapex|65/100|[from] move: Magma Storm|[partiallytrapped]
|-fieldend|move: Psychic Terrain
|upkeep
|turn|6
|
|t:|1664811203
|move|p2a: Heatran|Stealth Rock|p1a: Toxapex
|-sidestart|p1: Mutako Z|move: Stealth Rock
|move|p1a: Toxapex|Scald|p2a: Heatran
|-supereffective|p2a: Heatran
|-damage|p2a: Heatran|60/100
|
|-damage|p1a: Toxapex|53/100|[from] move: Magma Storm|[partiallytrapped]
|upkeep
|turn|7
|
|t:|1664811211
|move|p2a: Heatran|Magma Storm|p1a: Toxapex|[miss]
|-miss|p2a: Heatran|p1a: Toxapex
|move|p1a: Toxapex|Recover|p1a: Toxapex
|-heal|p1a: Toxapex|100/100
|
|-damage|p1a: Toxapex|88/100|[from] move: Magma Storm|[partiallytrapped]
|upkeep
|turn|8
|
|t:|1664811217
|move|p2a: Heatran|Magma Storm|p1a: Toxapex
|-resisted|p1a: Toxapex
|-damage|p1a: Toxapex|67/100
|move|p1a: Toxapex|Light Screen|p1a: Toxapex
|-sidestart|p1: Mutako Z|move: Light Screen
|
|-damage|p1a: Toxapex|54/100|[from] move: Magma Storm|[partiallytrapped]
|upkeep
|turn|9
|
|t:|1664811224
|move|p2a: Heatran|Magma Storm|p1a: Toxapex
|-resisted|p1a: Toxapex
|-damage|p1a: Toxapex|43/100
|move|p1a: Toxapex|Recover|p1a: Toxapex
|-heal|p1a: Toxapex|93/100
|
|-end|p1a: Toxapex|Magma Storm|[partiallytrapped]
|upkeep
|turn|10
|
|t:|1664811230
|move|p2a: Heatran|Magma Storm|p1a: Toxapex
|-resisted|p1a: Toxapex
|-damage|p1a: Toxapex|83/100
|-activate|p1a: Toxapex|move: Magma Storm|[of] p2a: Heatran
|move|p1a: Toxapex|Scald|p2a: Heatran
|-supereffective|p2a: Heatran
|-damage|p2a: Heatran|24/100
|
|-damage|p1a: Toxapex|70/100|[from] move: Magma Storm|[partiallytrapped]
|upkeep
|turn|11
|
|t:|1664811238
|switch|p2a: Rotom|Rotom-Wash|100/100
|move|p1a: Toxapex|Recover|p1a: Toxapex
|-heal|p1a: Toxapex|100/100
|
|-end|p1a: Toxapex|Magma Storm|[partiallytrapped]|[silent]
|upkeep
|turn|12
|
|t:|1664811244
|move|p2a: Rotom|Nasty Plot|p2a: Rotom
|-boost|p2a: Rotom|spa|2
|move|p1a: Toxapex|Scald|p2a: Rotom
|-resisted|p2a: Rotom
|-damage|p2a: Rotom|91/100
|-status|p2a: Rotom|brn
|
|-heal|p2a: Rotom|97/100 brn|[from] item: Leftovers
|-damage|p2a: Rotom|91/100 brn|[from] brn
|-sideend|p1: Mutako Z|move: Light Screen
|upkeep
|turn|13
|
|t:|1664811255
|move|p2a: Rotom|Thunderbolt|p1a: Toxapex
|-supereffective|p1a: Toxapex
|-damage|p1a: Toxapex|0 fnt
|faint|p1a: Toxapex
|
|-heal|p2a: Rotom|97/100 brn|[from] item: Leftovers
|-damage|p2a: Rotom|91/100 brn|[from] brn
|upkeep
|
|t:|1664811264
|switch|p1a: Tapu Lele|Tapu Lele|33/100
|-damage|p1a: Tapu Lele|21/100|[from] Stealth Rock
|-fieldstart|move: Psychic Terrain|[from] ability: Psychic Surge|[of] p1a: Tapu Lele
|turn|14
|
|t:|1664811269
|switch|p2a: Landorus|Landorus-Therian, M|13/100
|-ability|p2a: Landorus|Intimidate|boost
|-unboost|p1a: Tapu Lele|atk|1
|move|p1a: Tapu Lele|Moonblast|p2a: Landorus
|-damage|p2a: Landorus|0 fnt
|faint|p2a: Landorus
|
|upkeep
|
|t:|1664811269
|switch|p2a: Heatran|Heatran, M|24/100
|turn|15
|
|t:|1664811287
|move|p1a: Tapu Lele|Moonblast|p2a: Heatran
|-resisted|p2a: Heatran
|-crit|p2a: Heatran
|-damage|p2a: Heatran|0 fnt
|faint|p2a: Heatran
|
|upkeep
|
|t:|1664811287
|switch|p2a: Melmetal|Melmetal|100/100
|turn|16
|
|t:|1664811294
|switch|p1a: Ferrothorn|Ferrothorn, M|100/100
|-damage|p1a: Ferrothorn|95/100|[from] Stealth Rock
|move|p2a: Melmetal|Ice Punch|p1a: Ferrothorn
|-damage|p1a: Ferrothorn|69/100
|-damage|p2a: Melmetal|88/100|[from] ability: Iron Barbs|[of] p1a: Ferrothorn
|
|-heal|p1a: Ferrothorn|75/100|[from] item: Leftovers
|upkeep
|turn|17
|
|t:|1664811303
|switch|p2a: Tangrowth|Tangrowth, F|100/100
|move|p1a: Ferrothorn|Knock Off|p2a: Tangrowth
|-damage|p2a: Tangrowth|90/100
|-damage|p1a: Ferrothorn|58/100|[from] item: Rocky Helmet|[of] p2a: Tangrowth
|-enditem|p2a: Tangrowth|Rocky Helmet|[from] move: Knock Off|[of] p1a: Ferrothorn
|
|-heal|p1a: Ferrothorn|64/100|[from] item: Leftovers
|upkeep
|turn|18
|
|t:|1664811312
|move|p2a: Tangrowth|Knock Off|p1a: Ferrothorn
|-damage|p1a: Ferrothorn|46/100
|-damage|p2a: Tangrowth|77/100|[from] ability: Iron Barbs|[of] p1a: Ferrothorn
|-enditem|p1a: Ferrothorn|Leftovers|[from] move: Knock Off|[of] p2a: Tangrowth
|move|p1a: Ferrothorn|Stealth Rock|p2a: Tangrowth
|-sidestart|p2: Guest 5890168|move: Stealth Rock
|
|-fieldend|move: Psychic Terrain
|upkeep
|turn|19
|
|t:|1664811322
|move|p2a: Tangrowth|Giga Drain|p1a: Ferrothorn
|-resisted|p1a: Ferrothorn
|-damage|p1a: Ferrothorn|42/100
|-heal|p2a: Tangrowth|79/100|[from] drain|[of] p1a: Ferrothorn
|move|p1a: Ferrothorn|Knock Off|p2a: Tangrowth
|-damage|p2a: Tangrowth|71/100
|
|upkeep
|turn|20
|
|t:|1664811328
|move|p2a: Tangrowth|Giga Drain|p1a: Ferrothorn
|-resisted|p1a: Ferrothorn
|-damage|p1a: Ferrothorn|37/100
|-heal|p2a: Tangrowth|73/100|[from] drain|[of] p1a: Ferrothorn
|move|p1a: Ferrothorn|Iron Head|p2a: Tangrowth
|-damage|p2a: Tangrowth|59/100
|
|upkeep
|turn|21
|
|t:|1664811337
|switch|p1a: Moltres|Moltres-Galar|100/100
|move|p2a: Tangrowth|Focus Blast|p1a: Moltres
|-damage|p1a: Moltres|76/100
|
|upkeep
|turn|22
|
|t:|1664811346
|switch|p2a: Weavile|Weavile, F|100/100
|-damage|p2a: Weavile|76/100|[from] Stealth Rock
|-ability|p2a: Weavile|Pressure
|move|p1a: Moltres|Agility|p1a: Moltres
|-boost|p1a: Moltres|spe|2
|
|upkeep
|turn|23
|
|t:|1664811354
|move|p1a: Moltres|Hurricane|p2a: Weavile|[miss]
|-miss|p1a: Moltres|p2a: Weavile
|move|p2a: Weavile|Triple Axel|p1a: Moltres|[miss]
|-miss|p2a: Weavile|p1a: Moltres
|
|upkeep
|turn|24
|
|t:|1664811360
|move|p1a: Moltres|Hurricane|p2a: Weavile
|-damage|p2a: Weavile|5/100
|move|p2a: Weavile|Triple Axel|p1a: Moltres
|-supereffective|p1a: Moltres
|-damage|p1a: Moltres|43/100
|-supereffective|p1a: Moltres
|-damage|p1a: Moltres|0 fnt
|faint|p1a: Moltres
|-hitcount|p1: Moltres|2
|
|upkeep
|
|t:|1664811375
|switch|p1a: Ferrothorn|Ferrothorn, M|37/100
|-damage|p1a: Ferrothorn|31/100|[from] Stealth Rock
|turn|25
|
|t:|1664811381
|move|p2a: Weavile|Triple Axel|p1a: Ferrothorn
|-damage|p1a: Ferrothorn|19/100
|-damage|p2a: Weavile|0 fnt|[from] ability: Iron Barbs|[of] p1a: Ferrothorn
|faint|p2a: Weavile
|-hitcount|p1a: Ferrothorn|1
|move|p1a: Ferrothorn|Iron Head|p2: Weavile|[notarget]
|-fail|p1a: Ferrothorn
|
|upkeep
|
|t:|1664811381
|switch|p2a: Melmetal|Melmetal|88/100
|-damage|p2a: Melmetal|82/100|[from] Stealth Rock
|turn|26
|
|t:|1664811392
|move|p2a: Melmetal|Double Iron Bash|p1a: Ferrothorn
|-resisted|p1a: Ferrothorn
|-damage|p1a: Ferrothorn|3/100
|-damage|p2a: Melmetal|69/100|[from] ability: Iron Barbs|[of] p1a: Ferrothorn
|-resisted|p1a: Ferrothorn
|-damage|p1a: Ferrothorn|0 fnt
|-damage|p2a: Melmetal|57/100|[from] ability: Iron Barbs|[of] p1a: Ferrothorn
|faint|p1a: Ferrothorn
|-hitcount|p1: Ferrothorn|2
|
|upkeep
|
|t:|1664811401
|switch|p1a: Tapu Lele|Tapu Lele|21/100
|-damage|p1a: Tapu Lele|8/100|[from] Stealth Rock
|-fieldstart|move: Psychic Terrain|[from] ability: Psychic Surge|[of] p1a: Tapu Lele
|turn|27
|
|t:|1664811410
|move|p1a: Tapu Lele|Psychic|p2a: Melmetal
|-resisted|p2a: Melmetal
|-damage|p2a: Melmetal|31/100
|move|p2a: Melmetal|Double Iron Bash|p1a: Tapu Lele
|-supereffective|p1a: Tapu Lele
|-damage|p1a: Tapu Lele|0 fnt
|faint|p1a: Tapu Lele
|-hitcount|p1: Tapu Lele|1
|
|upkeep
|
|t:|1664811417
|switch|p1a: Landorus|Landorus-Therian, M|39/100
|-damage|p1a: Landorus|27/100|[from] Stealth Rock
|-ability|p1a: Landorus|Intimidate|boost
|-unboost|p2a: Melmetal|atk|1
|turn|28
|
|t:|1664811424
|switch|p2a: Tangrowth|Tangrowth, F|92/100
|-damage|p2a: Tangrowth|80/100|[from] Stealth Rock
|move|p1a: Landorus|Earthquake|p2a: Tangrowth
|-resisted|p2a: Tangrowth
|-damage|p2a: Tangrowth|67/100
|
|-heal|p1a: Landorus|33/100|[from] item: Leftovers
|upkeep
|turn|29
|
|t:|1664811432
|move|p1a: Landorus|Toxic|p2a: Tangrowth
|-status|p2a: Tangrowth|tox
|move|p2a: Tangrowth|Giga Drain|p1a: Landorus
|-damage|p1a: Landorus|9/100
|-heal|p2a: Tangrowth|78/100 tox|[from] drain|[of] p1a: Landorus
|
|-heal|p1a: Landorus|15/100|[from] item: Leftovers
|-damage|p2a: Tangrowth|72/100 tox|[from] psn
|upkeep
|turn|30
|
|t:|1664811447
|move|p1a: Landorus|Toxic|p2a: Tangrowth
|-fail|p2a: Tangrowth|tox
|move|p2a: Tangrowth|Knock Off|p1a: Landorus
|-damage|p1a: Landorus|0 fnt
|-enditem|p1a: Landorus|Leftovers|[from] move: Knock Off|[of] p2a: Tangrowth
|faint|p1a: Landorus
|
|-damage|p2a: Tangrowth|59/100 tox|[from] psn
|upkeep
|
|t:|1664811455
|switch|p1a: Alakazam|Alakazam, M|100/100
|turn|31
|
|t:|1664811460
|move|p1a: Alakazam|Nasty Plot|p1a: Alakazam
|-boost|p1a: Alakazam|spa|2
|move|p2a: Tangrowth|Knock Off|p1a: Alakazam
|-supereffective|p1a: Alakazam
|-enditem|p1a: Alakazam|Focus Sash
|-damage|p1a: Alakazam|1/100
|
|-damage|p2a: Tangrowth|41/100 tox|[from] psn
|-fieldend|move: Psychic Terrain
|upkeep
|turn|32
|
|t:|1664811471
|move|p1a: Alakazam|Expanding Force|p2a: Tangrowth
|-damage|p2a: Tangrowth|0 fnt
|faint|p2a: Tangrowth
|
|upkeep
|
|t:|1664811471
|switch|p2a: Melmetal|Melmetal|31/100
|-damage|p2a: Melmetal|25/100|[from] Stealth Rock
|turn|33
|
|t:|1664811477
|move|p1a: Alakazam|Shadow Ball|p2a: Melmetal
|-damage|p2a: Melmetal|0 fnt
|faint|p2a: Melmetal
|
|upkeep
|
|t:|1664811477
|switch|p2a: Rotom|Rotom-Wash|91/100 brn
|-damage|p2a: Rotom|78/100 brn|[from] Stealth Rock
|turn|34
|
|t:|1664811487
|move|p1a: Alakazam|Expanding Force|p2a: Rotom
|-damage|p2a: Rotom|0 fnt
|faint|p2a: Rotom
|
|win|Mutako Z
|raw|Mutako Z's rating: 1522 &rarr; <strong>1538</strong><br />(+16 for winning)
|raw|Guest 5890168's rating: 1459 &rarr; <strong>1443</strong><br />(-16 for losing)
|l|‽Guest 5890168
||Ladder isn't responding, score probably updated but might not have (Request timeout).
