|j|☆minimax_ai
|j|☆Suricata2000
|t:|1662358422
|gametype|singles
|player|p1|minimax_ai|lusamine-nihilego|1586
|player|p2|Suricata2000|cynthia|1664
|teamsize|p1|6
|teamsize|p2|6
|gen|8
|tier|[Gen 8] OU
|rated|
|rule|Sleep Clause Mod: Limit one foe put to sleep
|rule|Species Clause: Limit one of each Pokémon
|rule|OHKO Clause: OHKO moves are banned
|rule|Evasion Items Clause: Evasion items are banned
|rule|Evasion Moves Clause: Evasion moves are banned
|rule|Endless Battle Clause: Forcing endless battles is banned
|rule|HP Percentage Mod: HP is shown in percentages
|rule|Dynamax Clause: You cannot dynamax
|clearpoke
|poke|p1|Rotom-Wash|
|poke|p1|Weavile, M|
|poke|p1|Landorus-Therian, M|
|poke|p1|Heatran, M|
|poke|p1|Tangrowth, M|
|poke|p1|Melmetal|
|poke|p2|Clefable, M|
|poke|p2|Tornadus-Therian, M|
|poke|p2|Nidoking, M|
|poke|p2|Slowbro, M|
|poke|p2|Urshifu-*, M|
|poke|p2|Ferrothorn, M|
|teampreview
|c|☆minimax_ai|hf
|inactive|Battle timer is ON: inactive players will automatically lose when time's up. (requested by minimax_ai)
|inactive|Suricata2000 has 120 seconds left.
|
|t:|1662358457
|start
|switch|p1a: landorustherian|Landorus-Therian, M|100/100
|switch|p2a: Ferrothorn|Ferrothorn, M|100/100
|-ability|p1a: landorustherian|Intimidate|boost
|-unboost|p2a: Ferrothorn|atk|1
|turn|1
|j| jly8
|j| The Hail Incident
|l| The Hail Incident
|
|t:|1662358465
|move|p1a: landorustherian|Earthquake|p2a: Ferrothorn
|-damage|p2a: Ferrothorn|71/100
|move|p2a: Ferrothorn|Spikes|p1a: landorustherian
|-sidestart|p1: minimax_ai|Spikes
|
|-heal|p2a: Ferrothorn|77/100|[from] item: Leftovers
|upkeep
|turn|2
|
|t:|1662358473
|move|p1a: landorustherian|Defog|p2a: Ferrothorn
|-unboost|p2a: Ferrothorn|evasion|1
|-sideend|p1: minimax_ai|Spikes|[from] move: Defog|[of] p1a: landorustherian
|move|p2a: Ferrothorn|Leech Seed|p1a: landorustherian|[miss]
|-miss|p2a: Ferrothorn|p1a: landorustherian
|
|-heal|p2a: Ferrothorn|83/100|[from] item: Leftovers
|upkeep
|turn|3
|
|t:|1662358482
|move|p1a: landorustherian|Earthquake|p2a: Ferrothorn
|-damage|p2a: Ferrothorn|52/100
|move|p2a: Ferrothorn|Leech Seed|p1a: landorustherian
|-start|p1a: landorustherian|move: Leech Seed
|
|-heal|p2a: Ferrothorn|58/100|[from] item: Leftovers
|-damage|p1a: landorustherian|88/100|[from] Leech Seed|[of] p2a: Ferrothorn
|-heal|p2a: Ferrothorn|72/100|[silent]
|upkeep
|turn|4
|
|t:|1662358492
|move|p1a: landorustherian|U-turn|p2a: Ferrothorn
|-damage|p2a: Ferrothorn|58/100
|-damage|p1a: landorustherian|76/100|[from] ability: Iron Barbs|[of] p2a: Ferrothorn
|
|t:|1662358492
|switch|p1a: Tangrowth|Tangrowth, M|100/100|[from]move: U-turn
|move|p2a: Ferrothorn|Spikes|p1a: Tangrowth
|-sidestart|p1: minimax_ai|Spikes
|
|-heal|p2a: Ferrothorn|64/100|[from] item: Leftovers
|upkeep
|turn|5
|
|t:|1662358512
|switch|p2a: Tornadus|Tornadus-Therian, M, shiny|100/100
|move|p1a: Tangrowth|Focus Blast|p2a: Tornadus
|-resisted|p2a: Tornadus
|-damage|p2a: Tornadus|84/100
|
|upkeep
|turn|6
|
|t:|1662358521
|switch|p1a: landorustherian|Landorus-Therian, M|76/100
|-ability|p1a: landorustherian|Intimidate|boost
|-unboost|p2a: Tornadus|atk|1
|move|p2a: Tornadus|Knock Off|p1a: landorustherian
|-damage|p1a: landorustherian|63/100
|-enditem|p1a: landorustherian|Leftovers|[from] move: Knock Off|[of] p2a: Tornadus
|
|upkeep
|turn|7
|
|t:|1662358529
|move|p2a: Tornadus|Icy Wind|p1a: landorustherian
|-supereffective|p1a: landorustherian
|-damage|p1a: landorustherian|21/100
|-unboost|p1a: landorustherian|spe|1
|move|p1a: landorustherian|Defog|p2a: Tornadus
|-unboost|p2a: Tornadus|evasion|1
|-sideend|p1: minimax_ai|Spikes|[from] move: Defog|[of] p1a: landorustherian
|
|upkeep
|turn|8
|j| Love Is Cruel
|
|t:|1662358539
|switch|p1a: Heatran|Heatran, M|100/100
|-item|p1a: Heatran|Air Balloon
|move|p2a: Tornadus|Knock Off|p1a: Heatran
|-damage|p1a: Heatran|86/100
|-enditem|p1a: Heatran|Air Balloon
|
|upkeep
|turn|9
|
|t:|1662358547
|move|p2a: Tornadus|U-turn|p1a: Heatran
|-resisted|p1a: Heatran
|-damage|p1a: Heatran|84/100
|
|t:|1662358550
|switch|p2a: Slowbro|Slowbro, M|100/100|[from]move: U-turn
|move|p1a: Heatran|Eruption|p2a: Slowbro
|-resisted|p2a: Slowbro
|-damage|p2a: Slowbro|71/100
|
|upkeep
|turn|10
|
|t:|1662358558
|move|p1a: Heatran|Stealth Rock|p2a: Slowbro
|-sidestart|p2: Suricata2000|move: Stealth Rock
|move|p2a: Slowbro|Teleport|p2a: Slowbro
|
|t:|1662358562
|switch|p2a: Nidoking|Nidoking, M|100/100|[from]move: Teleport
|-damage|p2a: Nidoking|95/100|[from] Stealth Rock
|
|upkeep
|turn|11
|
|t:|1662358568
|switch|p1a: landorustherian|Landorus-Therian, M|21/100
|-ability|p1a: landorustherian|Intimidate|boost
|-unboost|p2a: Nidoking|atk|1
|move|p2a: Nidoking|Sludge Wave|p1a: landorustherian
|-resisted|p1a: landorustherian
|-damage|p1a: landorustherian|0 fnt
|faint|p1a: landorustherian
|
|upkeep
|
|t:|1662358568
|switch|p1a: Weavile|Weavile, M|100/100
|-ability|p1a: Weavile|Pressure
|turn|12
|
|t:|1662358584
|switch|p2a: Urshifu|Urshifu-Rapid-Strike, M|100/100
|-damage|p2a: Urshifu|94/100|[from] Stealth Rock
|move|p1a: Weavile|Knock Off|p2a: Urshifu
|-resisted|p2a: Urshifu
|-damage|p2a: Urshifu|56/100
|-enditem|p2a: Urshifu|Choice Scarf|[from] move: Knock Off|[of] p1a: Weavile
|
|upkeep
|turn|13
|
|t:|1662358593
|switch|p1a: Tangrowth|Tangrowth, M|100/100
|switch|p2a: Tornadus|Tornadus-Therian, M, shiny|100/100
|
|upkeep
|turn|14
|
|t:|1662358600
|move|p2a: Tornadus|Hurricane|p1a: Tangrowth|[miss]
|-miss|p2a: Tornadus|p1a: Tangrowth
|move|p1a: Tangrowth|Sleep Powder|p2a: Tornadus|[miss]
|-miss|p1a: Tangrowth|p2a: Tornadus
|
|upkeep
|turn|15
|
|t:|1662358609
|switch|p1a: Weavile|Weavile, M|100/100
|-ability|p1a: Weavile|Pressure
|move|p2a: Tornadus|U-turn|p1a: Weavile
|-supereffective|p1a: Weavile
|-damage|p1a: Weavile|51/100
|
|t:|1662358616
|switch|p2a: Clefable|Clefable, M|100/100|[from]move: U-turn
|
|upkeep
|turn|16
|
|t:|1662358622
|switch|p1a: Heatran|Heatran, M|84/100
|move|p2a: Clefable|Stealth Rock|p1a: Heatran
|-sidestart|p1: minimax_ai|move: Stealth Rock
|
|upkeep
|turn|17
|
|t:|1662358628
|switch|p2a: Slowbro|Slowbro, M|100/100
|move|p1a: Heatran|Eruption|p2a: Slowbro
|-resisted|p2a: Slowbro
|-damage|p2a: Slowbro|68/100
|
|upkeep
|turn|18
|
|t:|1662358636
|move|p1a: Heatran|Magma Storm|p2a: Slowbro
|-resisted|p2a: Slowbro
|-damage|p2a: Slowbro|44/100
|-activate|p2a: Slowbro|move: Magma Storm|[of] p1a: Heatran
|move|p2a: Slowbro|Scald|p1a: Heatran
|-supereffective|p1a: Heatran
|-damage|p1a: Heatran|26/100
|
|-damage|p2a: Slowbro|31/100|[from] move: Magma Storm|[partiallytrapped]
|upkeep
|turn|19
|j| rdieu
|
|t:|1662358646
|move|p1a: Heatran|Earth Power|p2a: Slowbro
|-damage|p2a: Slowbro|3/100
|move|p2a: Slowbro|Scald|p1a: Heatran
|-supereffective|p1a: Heatran
|-damage|p1a: Heatran|0 fnt
|faint|p1a: Heatran
|
|-end|p2a: Slowbro|Magma Storm|[partiallytrapped]|[silent]
|upkeep
|
|t:|1662358646
|switch|p1a: Melmetal|Melmetal|100/100
|-damage|p1a: Melmetal|94/100|[from] Stealth Rock
|turn|20
|
|t:|1662358668
|switch|p2a: Ferrothorn|Ferrothorn, M|64/100
|-damage|p2a: Ferrothorn|58/100|[from] Stealth Rock
|move|p1a: Melmetal|Ice Punch|p2a: Ferrothorn
|-damage|p2a: Ferrothorn|38/100
|-damage|p1a: Melmetal|82/100|[from] ability: Iron Barbs|[of] p2a: Ferrothorn
|
|-heal|p2a: Ferrothorn|44/100|[from] item: Leftovers
|upkeep
|turn|21
|
|t:|1662358686
|move|p1a: Melmetal|Double Iron Bash|p2a: Ferrothorn
|-resisted|p2a: Ferrothorn
|-damage|p2a: Ferrothorn|30/100
|-damage|p1a: Melmetal|69/100|[from] ability: Iron Barbs|[of] p2a: Ferrothorn
|-resisted|p2a: Ferrothorn
|-damage|p2a: Ferrothorn|17/100
|-damage|p1a: Melmetal|57/100|[from] ability: Iron Barbs|[of] p2a: Ferrothorn
|-hitcount|p2a: Ferrothorn|2
|move|p2a: Ferrothorn|Spikes|p1a: Melmetal
|-sidestart|p1: minimax_ai|Spikes
|
|-heal|p2a: Ferrothorn|23/100|[from] item: Leftovers
|upkeep
|turn|22
|inactive|Suricata2000 has 120 seconds left.
|
|t:|1662358701
|move|p1a: Melmetal|Double Iron Bash|p2a: Ferrothorn
|-resisted|p2a: Ferrothorn
|-damage|p2a: Ferrothorn|10/100
|-damage|p1a: Melmetal|44/100|[from] ability: Iron Barbs|[of] p2a: Ferrothorn
|-resisted|p2a: Ferrothorn
|-damage|p2a: Ferrothorn|0 fnt
|-damage|p1a: Melmetal|32/100|[from] ability: Iron Barbs|[of] p2a: Ferrothorn
|faint|p2a: Ferrothorn
|-hitcount|p2: Ferrothorn|2
|
|upkeep
|inactive|Suricata2000 has 120 seconds left.
|
|t:|1662358717
|switch|p2a: Nidoking|Nidoking, M|95/100
|-damage|p2a: Nidoking|89/100|[from] Stealth Rock
|turn|23
|
|t:|1662358724
|move|p2a: Nidoking|Flamethrower|p1a: Melmetal
|-supereffective|p1a: Melmetal
|-damage|p1a: Melmetal|0 fnt
|faint|p1a: Melmetal
|
|upkeep
|
|t:|1662358724
|switch|p1a: rotomwash|Rotom-Wash|100/100
|-damage|p1a: rotomwash|88/100|[from] Stealth Rock
|turn|24
|inactive|Suricata2000 has 120 seconds left.
|
|t:|1662358735
|move|p2a: Nidoking|Sludge Wave|p1a: rotomwash
|-damage|p1a: rotomwash|18/100
|move|p1a: rotomwash|Hydro Pump|p2a: Nidoking
|-supereffective|p2a: Nidoking
|-damage|p2a: Nidoking|0 fnt
|faint|p2a: Nidoking
|
|-heal|p1a: rotomwash|25/100|[from] item: Leftovers
|upkeep
|inactive|Suricata2000 has 120 seconds left.
|
|t:|1662358746
|switch|p2a: Tornadus|Tornadus-Therian, M, shiny|100/100
|turn|25
|
|t:|1662358750
|move|p2a: Tornadus|Knock Off|p1a: rotomwash
|-damage|p1a: rotomwash|5/100
|-enditem|p1a: rotomwash|Leftovers|[from] move: Knock Off|[of] p2a: Tornadus
|move|p1a: rotomwash|Pain Split|p2a: Tornadus
|-sethp|p2a: Tornadus|52/100|[from] move: Pain Split|[silent]
|-sethp|p1a: rotomwash|62/100|[from] move: Pain Split
|
|upkeep
|turn|26
|
|t:|1662358759
|move|p2a: Tornadus|U-turn|p1a: rotomwash
|-damage|p1a: rotomwash|48/100
|
|t:|1662358764
|switch|p2a: Clefable|Clefable, M|100/100|[from]move: U-turn
|move|p1a: rotomwash|Thunderbolt|p2a: Clefable
|-damage|p2a: Clefable|76/100
|
|-heal|p2a: Clefable|82/100|[from] item: Leftovers
|upkeep
|turn|27
|
|t:|1662358773
|move|p1a: rotomwash|Thunderbolt|p2a: Clefable
|-damage|p2a: Clefable|57/100
|move|p2a: Clefable|Moonblast|p1a: rotomwash
|-damage|p1a: rotomwash|13/100
|-unboost|p1a: rotomwash|spa|1
|
|-heal|p2a: Clefable|64/100|[from] item: Leftovers
|upkeep
|turn|28
|
|t:|1662358796
|move|p1a: rotomwash|Pain Split|p2a: Clefable
|-sethp|p2a: Clefable|37/100|[from] move: Pain Split|[silent]
|-sethp|p1a: rotomwash|47/100|[from] move: Pain Split
|move|p2a: Clefable|Soft-Boiled|p2a: Clefable
|-heal|p2a: Clefable|87/100
|
|-heal|p2a: Clefable|93/100|[from] item: Leftovers
|upkeep
|turn|29
|
|t:|1662358806
|move|p1a: rotomwash|Thunderbolt|p2a: Clefable
|-damage|p2a: Clefable|77/100
|move|p2a: Clefable|Moonblast|p1a: rotomwash
|-damage|p1a: rotomwash|12/100
|
|-heal|p2a: Clefable|83/100|[from] item: Leftovers
|upkeep
|turn|30
|
|t:|1662358815
|switch|p2a: Urshifu|Urshifu-Rapid-Strike, M|56/100
|-damage|p2a: Urshifu|49/100|[from] Stealth Rock
|move|p1a: rotomwash|Pain Split|p2a: Urshifu
|-sethp|p2a: Urshifu|30/100|[from] move: Pain Split|[silent]
|-sethp|p1a: rotomwash|33/100|[from] move: Pain Split
|
|upkeep
|turn|31
|
|t:|1662358824
|switch|p1a: Tangrowth|Tangrowth, M|100/100
|-damage|p1a: Tangrowth|88/100|[from] Stealth Rock
|-damage|p1a: Tangrowth|76/100|[from] Spikes
|move|p2a: Urshifu|U-turn|p1a: Tangrowth
|-supereffective|p1a: Tangrowth
|-damage|p1a: Tangrowth|50/100
|-damage|p2a: Urshifu|13/100|[from] item: Rocky Helmet|[of] p1a: Tangrowth
|
|t:|1662358835
|switch|p2a: Tornadus|Tornadus-Therian, M, shiny|86/100|[from]move: U-turn
|
|upkeep
|turn|32
|
|t:|1662358841
|move|p2a: Tornadus|Hurricane|p1a: Tangrowth|[miss]
|-miss|p2a: Tornadus|p1a: Tangrowth
|move|p1a: Tangrowth|Sleep Powder|p2a: Tornadus
|-status|p2a: Tornadus|slp|[from] move: Sleep Powder
|
|upkeep
|turn|33
|
|t:|1662358854
|switch|p2a: Clefable|Clefable, M|83/100
|switch|p1a: rotomwash|Rotom-Wash|33/100
|-damage|p1a: rotomwash|21/100|[from] Stealth Rock
|
|-heal|p2a: Clefable|89/100|[from] item: Leftovers
|upkeep
|turn|34
|
|t:|1662358870
|move|p1a: rotomwash|Pain Split|p2a: Clefable
|-sethp|p2a: Clefable|53/100|[from] move: Pain Split|[silent]
|-sethp|p1a: rotomwash|68/100|[from] move: Pain Split
|move|p2a: Clefable|Moonblast|p1a: rotomwash
|-damage|p1a: rotomwash|36/100
|
|-heal|p2a: Clefable|59/100|[from] item: Leftovers
|upkeep
|turn|35
|
|t:|1662358881
|move|p1a: rotomwash|Nasty Plot|p1a: rotomwash
|-boost|p1a: rotomwash|spa|2
|move|p2a: Clefable|Moonblast|p1a: rotomwash
|-damage|p1a: rotomwash|4/100
|
|-heal|p2a: Clefable|65/100|[from] item: Leftovers
|upkeep
|turn|36
|inactive|Suricata2000 has 120 seconds left.
|
|t:|1662358901
|switch|p2a: Slowbro|Slowbro, M|36/100
|move|p1a: rotomwash|Hydro Pump|p2a: Slowbro|[miss]
|-miss|p1a: rotomwash|p2a: Slowbro
|
|upkeep
|turn|37
|inactive|Suricata2000 has 120 seconds left.
|
|t:|1662358914
|move|p1a: rotomwash|Thunderbolt|p2a: Slowbro
|-supereffective|p2a: Slowbro
|-damage|p2a: Slowbro|0 fnt
|faint|p2a: Slowbro
|
|upkeep
|inactive|Suricata2000 has 120 seconds left.
|
|t:|1662358920
|switch|p2a: Urshifu|Urshifu-Rapid-Strike, M|13/100
|-damage|p2a: Urshifu|7/100|[from] Stealth Rock
|turn|38
|
|t:|1662358926
|switch|p1a: Tangrowth|Tangrowth, M|83/100
|-damage|p1a: Tangrowth|70/100|[from] Stealth Rock
|-damage|p1a: Tangrowth|58/100|[from] Spikes
|move|p2a: Urshifu|Close Combat|p1a: Tangrowth
|-damage|p1a: Tangrowth|25/100
|-unboost|p2a: Urshifu|def|1
|-unboost|p2a: Urshifu|spd|1
|-damage|p2a: Urshifu|0 fnt|[from] item: Rocky Helmet|[of] p1a: Tangrowth
|faint|p2a: Urshifu
|
|upkeep
|inactive|Suricata2000 has 120 seconds left.
|
|t:|1662358940
|switch|p2a: Clefable|Clefable, M|65/100
|turn|39
|
|t:|1662358945
|switch|p1a: rotomwash|Rotom-Wash|4/100
|-damage|p1a: rotomwash|0 fnt|[from] Stealth Rock
|faint|p1a: rotomwash
|move|p2a: Clefable|Moonblast|p1: rotomwash|[notarget]
|-fail|p2a: Clefable
|
|-heal|p2a: Clefable|71/100|[from] item: Leftovers
|upkeep
|
|t:|1662358945
|switch|p1a: Weavile|Weavile, M|51/100
|-damage|p1a: Weavile|26/100|[from] Stealth Rock
|-damage|p1a: Weavile|14/100|[from] Spikes
|-ability|p1a: Weavile|Pressure
|turn|40
|
|t:|1662358960
|move|p1a: Weavile|Triple Axel|p2a: Clefable
|-damage|p2a: Clefable|55/100
|-damage|p2a: Clefable|25/100
|-damage|p2a: Clefable|0 fnt
|faint|p2a: Clefable
|-hitcount|p2: Clefable|3
|
|upkeep
|
|t:|1662358968
|switch|p2a: Tornadus|Tornadus-Therian, M, shiny|100/100 slp
|turn|41
|
|t:|1662358971
|move|p1a: Weavile|Triple Axel|p2a: Tornadus
|-supereffective|p2a: Tornadus
|-damage|p2a: Tornadus|68/100 slp
|-supereffective|p2a: Tornadus
|-damage|p2a: Tornadus|10/100 slp
|-supereffective|p2a: Tornadus
|-damage|p2a: Tornadus|0 fnt
|faint|p2a: Tornadus
|-hitcount|p2: Tornadus|3
|
|win|minimax_ai
|raw|minimax_ai's rating: 1586 &rarr; <strong>1610</strong><br />(+24 for winning)
|raw|Suricata2000's rating: 1664 &rarr; <strong>1640</strong><br />(-24 for losing)
|c|☆minimax_ai|gg
