|j|☆Charmalane
|j|☆CoconutCrabs
|t:|1646605177
|gametype|singles
|player|p1|Charmalane|brawly|1766
|player|p2|CoconutCrabs|chuck|1717
|teamsize|p1|6
|teamsize|p2|6
|gen|8
|tier|[Gen 8] OU
|rated|
|rule|Sleep Clause Mod: Limit one foe put to sleep
|rule|Species Clause: Limit one of each Pokémon
|rule|OHKO Clause: OHKO moves are banned
|rule|Evasion Moves Clause: Evasion moves are banned
|rule|Endless Battle Clause: Forcing endless battles is banned
|rule|HP Percentage Mod: HP is shown in percentages
|rule|Dynamax Clause: You cannot dynamax
|clearpoke
|poke|p1|Dragapult, M|
|poke|p1|Kartana|
|poke|p1|Garchomp, M|
|poke|p1|Clefable, F|
|poke|p1|Reuniclus, M|
|poke|p1|Corviknight, F|
|poke|p2|Tyranitar, M|
|poke|p2|Excadrill, F|
|poke|p2|Tornadus-Therian, M|
|poke|p2|Toxapex, M|
|poke|p2|Heatran, M|
|poke|p2|Tangrowth, M|
|teampreview
|
|t:|1646605194
|start
|switch|p1a: Chomper|Garchomp, M|100/100
|switch|p2a: Paloma|Tornadus-Therian, M|100/100
|turn|1
|
|t:|1646605203
|switch|p1a: Flubber|Reuniclus, M|100/100
|move|p2a: Paloma|Icy Wind|p1a: Flubber
|-damage|p1a: Flubber|89/100
|-unboost|p1a: Flubber|spe|1
|
|upkeep
|turn|2
|
|t:|1646605208
|switch|p2a: Boogers|Tyranitar, M|100/100
|-weather|Sandstorm|[from] ability: Sand Stream|[of] p2a: Boogers
|move|p1a: Flubber|Future Sight|p2a: Boogers
|-start|p1a: Flubber|move: Future Sight
|
|-weather|Sandstorm|[upkeep]
|-damage|p1a: Flubber|83/100|[from] Sandstorm
|upkeep
|turn|3
|
|t:|1646605215
|switch|p1a: Chomper|Garchomp, M|100/100
|move|p2a: Boogers|Stealth Rock|p1a: Chomper
|-sidestart|p1: Charmalane|move: Stealth Rock
|
|-weather|Sandstorm|[upkeep]
|upkeep
|turn|4
|
|t:|1646605227
|switch|p2a: Pretty|Tangrowth, M|100/100
|move|p1a: Chomper|Swords Dance|p1a: Chomper
|-boost|p1a: Chomper|atk|2
|
|-weather|Sandstorm|[upkeep]
|-damage|p2a: Pretty|94/100|[from] Sandstorm
|-end|p2a: Pretty|move: Future Sight
|-damage|p2a: Pretty|10/100
|upkeep
|turn|5
|
|t:|1646605234
|switch|p2a: Mole Man|Excadrill, F|100/100
|move|p1a: Chomper|Earthquake|p2a: Mole Man
|-supereffective|p2a: Mole Man
|-damage|p2a: Mole Man|0 fnt
|faint|p2a: Mole Man
|
|-weather|Sandstorm|[upkeep]
|upkeep
|
|t:|1646605247
|switch|p2a: Paloma|Tornadus-Therian, M|100/100
|turn|6
|j| chance_ggxx
|j| crackek
|
|t:|1646605264
|move|p2a: Paloma|Hurricane|p1a: Chomper
|-damage|p1a: Chomper|15/100
|-start|p1a: Chomper|confusion
|-activate|p1a: Chomper|confusion
|move|p1a: Chomper|Stone Edge|p2a: Paloma
|-supereffective|p2a: Paloma
|-damage|p2a: Paloma|0 fnt
|faint|p2a: Paloma
|
|-weather|none
|-heal|p1a: Chomper|22/100|[from] item: Leftovers
|upkeep
|-message|CoconutCrabs forfeited.
|
|win|Charmalane
|raw|Charmalane's rating: 1766 &rarr; <strong>1783</strong><br />(+17 for winning)
|raw|CoconutCrabs's rating: 1717 &rarr; <strong>1700</strong><br />(-17 for losing)
|l|☆CoconutCrabs
