|html|<div class="broadcast-blue"><strong>[Gen 8] OU is currently suspecting Spectrier! For information on how to participate check out the <a href="https://www.smogon.com/forums/threads/np-ss-ou-suspect-process-round-9-old-town-road.3676744/">suspect thread</a>.</strong></div>
|j|☆IM AT MY LIMIT
|j|☆coachzach
|t:|1611204877
|player|p1|IM AT MY LIMIT|dawn|1864
|player|p2|coachzach|fisherman-gen4|1756
|teamsize|p1|6
|teamsize|p2|6
|gametype|singles
|gen|8
|tier|[Gen 8] OU
|rated|
|clearpoke
|poke|p1|Tyranitar, F|
|poke|p1|Excadrill, M|
|poke|p1|Skarmory, M|
|poke|p1|Reuniclus, F|
|poke|p1|Toxapex, F|
|poke|p1|Blissey, F|
|poke|p2|Cinderace, F|
|poke|p2|Garchomp, F|
|poke|p2|Hydreigon, M|
|poke|p2|Landorus-Therian, M|
|poke|p2|Ferrothorn, F|
|poke|p2|Magearna|
|rule|Sleep Clause Mod: Limit one foe put to sleep
|rule|Species Clause: Limit one of each Pokémon
|rule|OHKO Clause: OHKO moves are banned
|rule|Evasion Moves Clause: Evasion moves are banned
|rule|Endless Battle Clause: Forcing endless battles is banned
|rule|HP Percentage Mod: HP is shown in percentages
|rule|Dynamax Clause: You cannot dynamax
|teampreview
|inactive|Battle timer is ON: inactive players will automatically lose when time's up. (requested by IM AT MY LIMIT)
|j| Shimeon91
|j| outs Elegy
|j| we3ww3w3
|inactive|IM AT MY LIMIT has 120 seconds left.
|j| chonkmoment
|
|t:|1611204921
|start
|switch|p1a: 🛢|Toxapex, F|100/100
|switch|p2a: Cinderace|Cinderace, F|100/100
|turn|1
|
|t:|1611204933
|switch|p2a: Ferrothorn|Ferrothorn, F|100/100
|move|p1a: 🛢|Baneful Bunker||[still]
|-fail|p1a: 🛢
|
|upkeep
|turn|2
|j| BurlyBear_poke
|
|t:|1611204942
|move|p1a: 🛢|Scald|p2a: Ferrothorn
|-resisted|p2a: Ferrothorn
|-damage|p2a: Ferrothorn|93/100
|move|p2a: Ferrothorn|Knock Off|p1a: 🛢
|-damage|p1a: 🛢|88/100
|-damage|p2a: Ferrothorn|77/100|[from] item: Rocky Helmet|[of] p1a: 🛢
|-enditem|p1a: 🛢|Rocky Helmet|[from] move: Knock Off|[of] p2a: Ferrothorn
|
|-heal|p2a: Ferrothorn|83/100|[from] item: Leftovers
|upkeep
|turn|3
|c| BurlyBear_poke|you got it bro
|j| random random alt
|c| BurlyBear_poke|though
|c| BurlyBear_poke|i didn't expect the sand semi stall
|j| Limited_Toolkit
|c| BurlyBear_poke|lol
|j| angrrry
|c| BurlyBear_poke|pretty fresh
|
|t:|1611204963
|move|p1a: 🛢|Scald|p2a: Ferrothorn
|-resisted|p2a: Ferrothorn
|-damage|p2a: Ferrothorn|75/100
|move|p2a: Ferrothorn|Leech Seed|p1a: 🛢
|-start|p1a: 🛢|move: Leech Seed
|
|-heal|p2a: Ferrothorn|82/100|[from] item: Leftovers
|-damage|p1a: 🛢|76/100|[from] Leech Seed|[of] p2a: Ferrothorn
|-heal|p2a: Ferrothorn|92/100|[silent]
|upkeep
|turn|4
|c| we3ww3w3|KEKW
|c|☆coachzach|"semi stall"
|c|☆coachzach|lol
|
|t:|1611204979
|switch|p1a: DaBaby|Reuniclus, F|100/100
|move|p2a: Ferrothorn|Spikes|p1a: DaBaby
|-sidestart|p1: IM AT MY LIMIT|Spikes
|
|-heal|p2a: Ferrothorn|99/100|[from] item: Leftovers
|upkeep
|turn|5
|c| we3ww3w3|i mean with exca and ttar it is not full stall
|c| chonkmoment|Why tf are there 10 people here
|c|☆coachzach|lets goooo
|inactive|coachzach has 120 seconds left.
|c|☆IM AT MY LIMIT|DaBaby concert
|c|☆coachzach|"Dababy voice"
|c| chonkmoment|Lmfao
|
|t:|1611205005
|move|p1a: DaBaby|Calm Mind|p1a: DaBaby
|-boost|p1a: DaBaby|spa|1
|-boost|p1a: DaBaby|spd|1
|move|p2a: Ferrothorn|Knock Off|p1a: DaBaby
|-supereffective|p1a: DaBaby
|-damage|p1a: DaBaby|72/100
|-enditem|p1a: DaBaby|Leftovers|[from] move: Knock Off|[of] p2a: Ferrothorn
|
|-heal|p2a: Ferrothorn|100/100|[from] item: Leftovers
|upkeep
|turn|6
|j| 6df
|
|t:|1611205019
|switch|p2a: Magearna|Magearna|100/100
|move|p1a: DaBaby|Focus Blast|p2a: Magearna|[miss]
|-miss|p1a: DaBaby|p2a: Magearna
|
|upkeep
|turn|7
|c|☆IM AT MY LIMIT|:?
|c| we3ww3w3|KEKW
|c|☆IM AT MY LIMIT|I feel violated
|j| DittoTang
|l| chonkmoment
|inactive|IM AT MY LIMIT has 120 seconds left.
|c|☆coachzach|dababy cant handle the chopper
|c|☆IM AT MY LIMIT|Nooooo
|j| Gumbo the Weeb
|
|t:|1611205060
|switch|p1a: 🛢|Toxapex, F|100/100
|-damage|p1a: 🛢|88/100|[from] Spikes
|move|p2a: Magearna|Volt Switch|p1a: 🛢
|-supereffective|p1a: 🛢
|-damage|p1a: 🛢|19/100
|
|t:|1611205070
|switch|p2a: Hydreigon|Hydreigon, M|100/100|[from]move: Volt Switch
|
|upkeep
|turn|8
|c|☆IM AT MY LIMIT|Specs :(((
|inactive|IM AT MY LIMIT has 120 seconds left.
|
|t:|1611205080
|switch|p1a: HEY WAIT STOP|Blissey, F|100/100
|move|p2a: Hydreigon|Substitute|p2a: Hydreigon
|-start|p2a: Hydreigon|Substitute
|-damage|p2a: Hydreigon|76/100
|
|-heal|p2a: Hydreigon|82/100|[from] item: Leftovers
|upkeep
|turn|9
|inactive|coachzach has 120 seconds left.
|
|t:|1611205089
|move|p2a: Hydreigon|Dark Pulse|p1a: HEY WAIT STOP
|-damage|p1a: HEY WAIT STOP|84/100
|move|p1a: HEY WAIT STOP|Seismic Toss|p2a: Hydreigon
|-end|p2a: Hydreigon|Substitute
|
|-heal|p2a: Hydreigon|88/100|[from] item: Leftovers
|upkeep
|turn|10
|inactive|coachzach has 120 seconds left.
|
|t:|1611205103
|switch|p2a: Ferrothorn|Ferrothorn, F|100/100
|move|p1a: HEY WAIT STOP|Teleport|p1a: HEY WAIT STOP
|
|t:|1611205107
|switch|p1a: 🛢|Toxapex, F|52/100|[from]move: Teleport
|-damage|p1a: 🛢|40/100|[from] Spikes
|
|upkeep
|turn|11
|c| 6df|ttar is defensive af that aint semi stall
|c|☆coachzach|^
|c| we3ww3w3|ttar and exca
|inactive|coachzach has 120 seconds left.
|c| we3ww3w3|is not stall
|c| we3ww3w3|its semi stall
|
|t:|1611205132
|switch|p1a: DaBaby|Reuniclus, F|72/100
|move|p2a: Ferrothorn|Spikes|p1a: DaBaby
|-sidestart|p1: IM AT MY LIMIT|Spikes
|
|upkeep
|turn|12
|c| 6df|bruh
|c| Limited_Toolkit|stall with a win condition
|
|t:|1611205145
|switch|p2a: Landorus|Landorus-Therian, M|100/100
|-ability|p2a: Landorus|Intimidate|boost
|-unboost|p1a: DaBaby|atk|1
|move|p1a: DaBaby|Recover|p1a: DaBaby
|-heal|p1a: DaBaby|100/100
|
|upkeep
|turn|13
|c| we3ww3w3|stall would be msableye and tangrowth or some shit
|l| DittoTang
|
|t:|1611205151
|switch|p1a: SKAWWWW|Skarmory, M|100/100
|move|p2a: Landorus|U-turn|p1a: SKAWWWW
|-resisted|p1a: SKAWWWW
|-damage|p1a: SKAWWWW|96/100
|-damage|p2a: Landorus|84/100|[from] item: Rocky Helmet|[of] p1a: SKAWWWW
|
|t:|1611205159
|switch|p2a: Magearna|Magearna|100/100|[from]move: U-turn
|
|upkeep
|turn|14
|j| AverageJoe326
|
|t:|1611205165
|switch|p1a: The grave digger|Excadrill, M|100/100
|-damage|p1a: The grave digger|84/100|[from] Spikes
|move|p2a: Magearna|Trick|p1a: The grave digger
|-activate|p2a: Magearna|move: Trick|[of] p1a: The grave digger
|-item|p1a: The grave digger|Choice Specs|[from] move: Trick
|-item|p2a: Magearna|Leftovers|[from] move: Trick
|
|upkeep
|turn|15
|j| BruhMonumento
|c| 6df|mega sableye???
|c| we3ww3w3|NOOOOOOOOOOOOOOO
|
|t:|1611205175
|switch|p2a: Landorus|Landorus-Therian, M|84/100
|-ability|p2a: Landorus|Intimidate|boost
|-unboost|p1a: The grave digger|atk|1
|move|p1a: The grave digger|Rapid Spin|p2a: Landorus
|-crit|p2a: Landorus
|-damage|p2a: Landorus|52/100
|-boost|p1a: The grave digger|spe|1
|-sideend|p1: IM AT MY LIMIT|Spikes|[from] move: Rapid Spin|[of] p1a: The grave digger
|
|upkeep
|turn|16
|c| we3ww3w3|U THREW AWAY UR MAG SPECS
|c| Limited_Toolkit|win condition gone
|
|t:|1611205187
|switch|p1a: SKAWWWW|Skarmory, M|96/100
|switch|p2a: Magearna|Magearna|100/100
|
|upkeep
|turn|17
|c|☆IM AT MY LIMIT|Who mine?
|c| Limited_Toolkit|I'm assuming that's setup drill?
|inactive|coachzach has 120 seconds left.
|c|☆coachzach|lol
|j| a gay empoleon
|c|☆IM AT MY LIMIT|There is no swords dance
|
|t:|1611205221
|switch|p1a: HEY WAIT STOP|Blissey, F|84/100
|move|p2a: Magearna|Fleur Cannon|p1a: HEY WAIT STOP
|-damage|p1a: HEY WAIT STOP|55/100
|-unboost|p2a: Magearna|spa|2
|
|upkeep
|turn|18
|c|☆IM AT MY LIMIT|🤗
|
|t:|1611205229
|switch|p2a: Cinderace|Cinderace, F|100/100
|move|p1a: HEY WAIT STOP|Soft-Boiled|p1a: HEY WAIT STOP
|-heal|p1a: HEY WAIT STOP|100/100
|
|upkeep
|turn|19
|c| Limited_Toolkit|oh, never had a win condition to begin with :p
|inactive|coachzach has 120 seconds left.
|c| BurlyBear_poke|oh
|c| BurlyBear_poke|lol
|c| BurlyBear_poke|oh limit
|c|☆IM AT MY LIMIT|Kidding yes its swords dance
|j| JoshIsDeadInside
|
|t:|1611205259
|switch|p1a: 🛢|Toxapex, F|73/100
|move|p2a: Cinderace|Pyro Ball|p1a: 🛢
|-resisted|p1a: 🛢
|-damage|p1a: 🛢|57/100
|
|upkeep
|turn|20
|c|☆coachzach|**ck
|
|t:|1611205276
|move|p2a: Cinderace|U-turn|p1a: 🛢
|-start|p2a: Cinderace|typechange|Bug|[from] ability: Libero
|-resisted|p1a: 🛢
|-damage|p1a: 🛢|48/100
|l| JoshIsDeadInside
|
|t:|1611205282
|switch|p2a: Magearna|Magearna|100/100|[from]move: U-turn
|move|p1a: 🛢|Scald|p2a: Magearna
|-damage|p2a: Magearna|87/100
|-status|p2a: Magearna|brn
|
|-heal|p2a: Magearna|93/100 brn|[from] item: Leftovers
|-damage|p2a: Magearna|87/100 brn|[from] brn
|upkeep
|turn|21
|c| Limited_Toolkit|I guess reuniclus is still a threat
|inactive|coachzach has 90 seconds left.
|
|t:|1611205298
|switch|p1a: HEY WAIT STOP|Blissey, F|100/100
|move|p2a: Magearna|Volt Switch|p1a: HEY WAIT STOP
|-damage|p1a: HEY WAIT STOP|91/100
|inactive|coachzach has 90 seconds left.
|
|t:|1611205308
|switch|p2a: Cinderace|Cinderace, F|100/100|[from]move: Volt Switch
|
|upkeep
|turn|22
|
|t:|1611205312
|switch|p1a: 🛢|Toxapex, F|81/100
|move|p2a: Cinderace|U-turn|p1a: 🛢
|-start|p2a: Cinderace|typechange|Bug|[from] ability: Libero
|-resisted|p1a: 🛢
|-damage|p1a: 🛢|71/100
|j| GAVlN NEWSOM
|
|t:|1611205323
|switch|p2a: Garchomp|Garchomp, F|100/100|[from]move: U-turn
|
|upkeep
|turn|23
|
|t:|1611205327
|switch|p1a: SKAWWWW|Skarmory, M|96/100
|move|p2a: Garchomp|Stealth Rock|p1a: SKAWWWW
|-sidestart|p1: IM AT MY LIMIT|move: Stealth Rock
|
|upkeep
|turn|24
|
|t:|1611205333
|switch|p2a: Ferrothorn|Ferrothorn, F|100/100
|move|p1a: SKAWWWW|Spikes|p2a: Ferrothorn
|-sidestart|p2: coachzach|Spikes
|
|upkeep
|turn|25
|
|t:|1611205339
|move|p2a: Ferrothorn|Knock Off|p1a: SKAWWWW
|-damage|p1a: SKAWWWW|84/100
|-damage|p2a: Ferrothorn|84/100|[from] item: Rocky Helmet|[of] p1a: SKAWWWW
|-enditem|p1a: SKAWWWW|Rocky Helmet|[from] move: Knock Off|[of] p2a: Ferrothorn
|move|p1a: SKAWWWW|Whirlwind|p2a: Ferrothorn
|drag|p2a: Hydreigon|Hydreigon, M|88/100
|
|-heal|p2a: Hydreigon|94/100|[from] item: Leftovers
|upkeep
|turn|26
|
|t:|1611205348
|switch|p1a: HEY WAIT STOP|Blissey, F|91/100
|move|p2a: Hydreigon|Dark Pulse|p1a: HEY WAIT STOP
|-damage|p1a: HEY WAIT STOP|74/100
|
|-heal|p2a: Hydreigon|99/100|[from] item: Leftovers
|upkeep
|turn|27
|
|t:|1611205362
|switch|p2a: Cinderace|Cinderace, F|100/100
|move|p1a: HEY WAIT STOP|Teleport|p1a: HEY WAIT STOP
|
|t:|1611205365
|switch|p1a: 🛢|Toxapex, F|100/100|[from]move: Teleport
|-damage|p1a: 🛢|88/100|[from] Stealth Rock
|
|upkeep
|turn|28
|c|☆coachzach|sEmI
|
|t:|1611205382
|move|p1a: 🛢|Baneful Bunker|p1a: 🛢
|-singleturn|p1a: 🛢|move: Protect
|move|p2a: Cinderace|U-turn|p1a: 🛢
|-start|p2a: Cinderace|typechange|Bug|[from] ability: Libero
|-activate|p1a: 🛢|move: Protect
|-status|p2a: Cinderace|psn
|
|-damage|p2a: Cinderace|88/100 psn|[from] psn
|upkeep
|turn|29
|
|t:|1611205393
|move|p2a: Cinderace|U-turn|p1a: 🛢
|-resisted|p1a: 🛢
|-damage|p1a: 🛢|79/100
|
|t:|1611205400
|switch|p2a: Garchomp|Garchomp, F|100/100|[from]move: U-turn
|-damage|p2a: Garchomp|88/100|[from] Spikes
|move|p1a: 🛢|Scald|p2a: Garchomp
|-damage|p2a: Garchomp|74/100
|
|upkeep
|turn|30
|c| Limited_Toolkit|I've not seen baneful on pex in awhile
|
|t:|1611205407
|move|p1a: 🛢|Scald|p2a: Garchomp
|-damage|p2a: Garchomp|58/100
|-status|p2a: Garchomp|brn
|move|p2a: Garchomp|Dragon Tail|p1a: 🛢
|-crit|p1a: 🛢
|-damage|p1a: 🛢|67/100
|drag|p1a: DaBaby|Reuniclus, F|100/100
|
|-damage|p2a: Garchomp|52/100 brn|[from] brn
|upkeep
|turn|31
|
|t:|1611205420
|move|p1a: DaBaby|Psyshock|p2a: Garchomp
|-damage|p2a: Garchomp|31/100 brn
|move|p2a: Garchomp|Dragon Tail|p1a: DaBaby
|-damage|p1a: DaBaby|90/100
|drag|p1a: The grave digger|Excadrill, M|84/100
|-damage|p1a: The grave digger|81/100|[from] Stealth Rock
|
|-damage|p2a: Garchomp|25/100 brn|[from] brn
|upkeep
|turn|32
|c| BurlyBear_poke|oh
|c| Limited_Toolkit|lot more common last gen
|c| BurlyBear_poke|you running the calm min reuni
|c| 6df|not since low ladder
|
|t:|1611205430
|move|p1a: The grave digger|Earthquake|p2a: Garchomp
|-damage|p2a: Garchomp|0 fnt
|faint|p2a: Garchomp
|
|upkeep
|
|t:|1611205435
|switch|p2a: Hydreigon|Hydreigon, M|99/100
|turn|33
|j| ILikeMudkips4
|
|t:|1611205441
|switch|p2a: Cinderace|Cinderace, F|88/100 psn
|switch|p1a: HEY WAIT STOP|Blissey, F|74/100
|
|-damage|p2a: Cinderace|76/100 psn|[from] psn
|upkeep
|turn|34
|l| Shimeon91
|c| BurlyBear_poke|calm mind reuni is totally another win con
|l| ILikeMudkips4
|c| BurlyBear_poke|i.e defa semi stall
|
|t:|1611205462
|switch|p1a: 🛢|Toxapex, F|99/100
|-damage|p1a: 🛢|88/100|[from] Stealth Rock
|move|p2a: Cinderace|U-turn|p1a: 🛢
|-start|p2a: Cinderace|typechange|Bug|[from] ability: Libero
|-resisted|p1a: 🛢
|-damage|p1a: 🛢|77/100
|
|t:|1611205476
|switch|p2a: Magearna|Magearna|87/100 brn|[from]move: U-turn
|-damage|p2a: Magearna|75/100 brn|[from] Spikes
|
|-heal|p2a: Magearna|81/100 brn|[from] item: Leftovers
|-damage|p2a: Magearna|75/100 brn|[from] brn
|upkeep
|turn|35
|
|t:|1611205489
|switch|p1a: The grave digger|Excadrill, M|81/100
|-damage|p1a: The grave digger|78/100|[from] Stealth Rock
|move|p2a: Magearna|Volt Switch|p1a: The grave digger
|-immune|p1a: The grave digger
|
|-heal|p2a: Magearna|81/100 brn|[from] item: Leftovers
|-damage|p2a: Magearna|75/100 brn|[from] brn
|upkeep
|turn|36
|c| 6df|wtf lmao
|
|t:|1611205502
|switch|p2a: Landorus|Landorus-Therian, M|52/100
|-ability|p2a: Landorus|Intimidate|boost
|-unboost|p1a: The grave digger|atk|1
|move|p1a: The grave digger|Rapid Spin|p2a: Landorus
|-damage|p2a: Landorus|37/100
|-boost|p1a: The grave digger|spe|1
|-sideend|p1: IM AT MY LIMIT|Stealth Rock|[from] move: Rapid Spin|[of] p1a: The grave digger
|
|upkeep
|turn|37
|j| YOungarcinine
|c| 6df|does stall need to not have a win con in order to not be stall
|inactive|coachzach has 120 seconds left.
|
|t:|1611205521
|switch|p1a: SKAWWWW|Skarmory, M|84/100
|switch|p2a: Ferrothorn|Ferrothorn, F|84/100
|-damage|p2a: Ferrothorn|72/100|[from] Spikes
|
|-heal|p2a: Ferrothorn|78/100|[from] item: Leftovers
|upkeep
|turn|38
|
|t:|1611205529
|move|p2a: Ferrothorn|Leech Seed|p1a: SKAWWWW
|-start|p1a: SKAWWWW|move: Leech Seed
|move|p1a: SKAWWWW|Whirlwind|p2a: Ferrothorn
|drag|p2a: Landorus|Landorus-Therian, M|37/100
|-ability|p2a: Landorus|Intimidate|boost
|-unboost|p1a: SKAWWWW|atk|1
|
|-damage|p1a: SKAWWWW|72/100|[from] Leech Seed|[of] p2a: Landorus
|-heal|p2a: Landorus|50/100|[silent]
|upkeep
|turn|39
|c| Limited_Toolkit|their win condition is exclusively status or pp
|j| The412Gang
|
|t:|1611205538
|switch|p1a: 🛢|Toxapex, F|100/100
|move|p2a: Landorus|U-turn|p1a: 🛢
|-resisted|p1a: 🛢
|-crit|p1a: 🛢
|-damage|p1a: 🛢|87/100
|
|t:|1611205544
|switch|p2a: Hydreigon|Hydreigon, M|99/100|[from]move: U-turn
|
|-heal|p2a: Hydreigon|100/100|[from] item: Leftovers
|upkeep
|turn|40
|
|t:|1611205549
|switch|p1a: HEY WAIT STOP|Blissey, F|74/100
|move|p2a: Hydreigon|Substitute|p2a: Hydreigon
|-start|p2a: Hydreigon|Substitute
|-damage|p2a: Hydreigon|76/100
|
|-heal|p2a: Hydreigon|82/100|[from] item: Leftovers
|upkeep
|turn|41
|c| BurlyBear_poke|they can literally win the game with reuni
|
|t:|1611205557
|move|p2a: Hydreigon|Nasty Plot|p2a: Hydreigon
|-boost|p2a: Hydreigon|spa|2
|move|p1a: HEY WAIT STOP|Seismic Toss|p2a: Hydreigon
|-end|p2a: Hydreigon|Substitute
|
|-heal|p2a: Hydreigon|88/100|[from] item: Leftovers
|upkeep
|turn|42
|l| The412Gang
|c| Limited_Toolkit|with hazard control being their main tactic towards that end
|
|t:|1611205566
|move|p2a: Hydreigon|Substitute|p2a: Hydreigon
|-start|p2a: Hydreigon|Substitute
|-damage|p2a: Hydreigon|63/100
|move|p1a: HEY WAIT STOP|Seismic Toss|p2a: Hydreigon
|-end|p2a: Hydreigon|Substitute
|
|-heal|p2a: Hydreigon|69/100|[from] item: Leftovers
|upkeep
|turn|43
|c| BurlyBear_poke|like at this point in time
|j| Momblast
|
|t:|1611205574
|move|p2a: Hydreigon|Nasty Plot|p2a: Hydreigon
|-boost|p2a: Hydreigon|spa|2
|move|p1a: HEY WAIT STOP|Seismic Toss|p2a: Hydreigon
|-damage|p2a: Hydreigon|38/100
|
|-heal|p2a: Hydreigon|44/100|[from] item: Leftovers
|upkeep
|turn|44
|
|t:|1611205581
|move|p2a: Hydreigon|Dark Pulse|p1a: HEY WAIT STOP
|-damage|p1a: HEY WAIT STOP|27/100
|move|p1a: HEY WAIT STOP|Seismic Toss|p2a: Hydreigon
|-damage|p2a: Hydreigon|14/100
|
|-heal|p2a: Hydreigon|20/100|[from] item: Leftovers
|upkeep
|turn|45
|c| 6df|bruh is there a poke dictionary somewhere there is no way the definition of stall is win con is status or pp
|c| BurlyBear_poke|they could cm with reuni to live a hydrei dp and then it has to pray to the lord above that
|c| Limited_Toolkit|yeah reun is definitely a threat
|
|t:|1611205589
|switch|p1a: 💃|Tyranitar, F|100/100
|-weather|Sandstorm|[from] ability: Sand Stream|[of] p1a: 💃
|move|p2a: Hydreigon|Dark Pulse|p1a: 💃
|-resisted|p1a: 💃
|-damage|p1a: 💃|74/100
|
|-weather|Sandstorm|[upkeep]
|-damage|p2a: Hydreigon|14/100|[from] Sandstorm
|-heal|p2a: Hydreigon|20/100|[from] item: Leftovers
|-heal|p1a: 💃|80/100|[from] item: Leftovers
|upkeep
|turn|46
|j| ILikeMudkips4
|l| ILikeMudkips4
|
|t:|1611205600
|move|p2a: Hydreigon|Earth Power|p1a: 💃
|-supereffective|p1a: 💃
|-damage|p1a: 💃|6/100
|move|p1a: 💃|Toxic|p2a: Hydreigon
|-status|p2a: Hydreigon|tox
|
|-weather|Sandstorm|[upkeep]
|-damage|p2a: Hydreigon|14/100 tox|[from] Sandstorm
|-heal|p2a: Hydreigon|20/100 tox|[from] item: Leftovers
|-heal|p1a: 💃|12/100|[from] item: Leftovers
|-damage|p2a: Hydreigon|14/100 tox|[from] psn
|upkeep
|turn|47
|c| 6df|that just would lose to certain pokemon
|c|☆coachzach|damn
|c| Limited_Toolkit|but the stall element alone seems very difficult to deal with
|
|t:|1611205614
|move|p2a: Hydreigon|Dark Pulse|p1a: 💃
|-resisted|p1a: 💃
|-damage|p1a: 💃|0 fnt
|faint|p1a: 💃
|
|-weather|Sandstorm|[upkeep]
|-damage|p2a: Hydreigon|8/100 tox|[from] Sandstorm
|-heal|p2a: Hydreigon|14/100 tox|[from] item: Leftovers
|-damage|p2a: Hydreigon|1/100 tox|[from] psn
|upkeep
|
|t:|1611205616
|switch|p1a: The grave digger|Excadrill, M|78/100
|turn|48
|l| YOungarcinine
|
|t:|1611205626
|move|p1a: The grave digger|Iron Head|p2a: Hydreigon
|-damage|p2a: Hydreigon|0 fnt
|faint|p2a: Hydreigon
|
|-weather|Sandstorm|[upkeep]
|upkeep
|c| Limited_Toolkit|hydreigon was the last breaker he had that isn't on a timer
|
|t:|1611205638
|switch|p2a: Ferrothorn|Ferrothorn, F|78/100
|-damage|p2a: Ferrothorn|65/100|[from] Spikes
|turn|49
|c|☆coachzach|yeah
|j| C0mpy10
|c|☆coachzach|that was the last hope moment
|
|t:|1611205653
|switch|p1a: DaBaby|Reuniclus, F|90/100
|move|p2a: Ferrothorn|Leech Seed|p1a: DaBaby
|-start|p1a: DaBaby|move: Leech Seed
|
|-weather|none
|-heal|p2a: Ferrothorn|72/100|[from] item: Leftovers
|upkeep
|turn|50
|c| 6df|why earth power on hydreigon
|c| we3ww3w3|heatran..
|c| we3ww3w3|pex
|c| Limited_Toolkit|heatran
|c| Limited_Toolkit|that's definitely his magma storm answer
|inactive|coachzach has 120 seconds left.
|c|☆coachzach|heatran gets sent to UU each time
|j| Large_Rodent
|c| Limited_Toolkit|otherwise it would destroy his eam
|
|t:|1611205685
|switch|p2a: Cinderace|Cinderace, F|76/100 psn
|move|p1a: DaBaby|Calm Mind|p1a: DaBaby
|-boost|p1a: DaBaby|spa|1
|-boost|p1a: DaBaby|spd|1
|
|-damage|p2a: Cinderace|64/100 psn|[from] psn
|upkeep
|turn|51
|c| we3ww3w3|imagine if msab was back
|inactive|coachzach has 120 seconds left.
|
|t:|1611205694
|switch|p1a: 🛢|Toxapex, F|100/100
|move|p2a: Cinderace|U-turn|p1a: 🛢
|-start|p2a: Cinderace|typechange|Bug|[from] ability: Libero
|-resisted|p1a: 🛢
|-damage|p1a: 🛢|90/100
|inactive|coachzach has 120 seconds left.
|
|t:|1611205702
|switch|p2a: Landorus|Landorus-Therian, M|50/100|[from]move: U-turn
|-ability|p2a: Landorus|Intimidate|boost
|-unboost|p1a: 🛢|atk|1
|
|upkeep
|turn|52
|c| 6df|EV your hydreigon so defensive heatran doesn't break your sub
|c| 6df|w magma storm
|inactive|coachzach has 120 seconds left.
|
|t:|1611205716
|switch|p1a: SKAWWWW|Skarmory, M|72/100
|move|p2a: Landorus|Earthquake|p1a: SKAWWWW
|-immune|p1a: SKAWWWW
|
|upkeep
|turn|53
|
|t:|1611205722
|switch|p2a: Cinderace|Cinderace, F|64/100 psn
|move|p1a: SKAWWWW|Spikes|p2a: Cinderace
|-sidestart|p2: coachzach|Spikes
|
|-damage|p2a: Cinderace|51/100 psn|[from] psn
|upkeep
|turn|54
|c| 6df|and then run dark pulse flash cannon
|c|☆coachzach|idk
|c| Limited_Toolkit|the earth power lets his hydreigon be a switch in
|inactive|coachzach has 120 seconds left.
|c| Large_Rodent|reveal court change
|c|☆coachzach|lmao
|c|☆IM AT MY LIMIT|Gg 😬
|
|t:|1611205748
|switch|p1a: 🛢|Toxapex, F|100/100
|move|p2a: Cinderace|U-turn|p1a: 🛢
|-start|p2a: Cinderace|typechange|Bug|[from] ability: Libero
|-resisted|p1a: 🛢
|-damage|p1a: 🛢|91/100
|
|t:|1611205755
|switch|p2a: Magearna|Magearna|75/100 brn|[from]move: U-turn
|-damage|p2a: Magearna|58/100 brn|[from] Spikes
|
|-heal|p2a: Magearna|65/100 brn|[from] item: Leftovers
|-damage|p2a: Magearna|58/100 brn|[from] brn
|upkeep
|turn|55
|c| 6df|its still a switch in like heatran cant hit the hydreigon
|
|t:|1611205771
|move|p1a: 🛢|Baneful Bunker|p1a: 🛢
|-singleturn|p1a: 🛢|move: Protect
|move|p2a: Magearna|Fleur Cannon|p1a: 🛢
|-activate|p1a: 🛢|move: Protect
|
|-heal|p2a: Magearna|65/100 brn|[from] item: Leftovers
|-damage|p2a: Magearna|58/100 brn|[from] brn
|upkeep
|turn|56
|
|t:|1611205779
|move|p2a: Magearna|Volt Switch|p1a: 🛢
|-supereffective|p1a: 🛢
|-damage|p1a: 🛢|47/100
|
|t:|1611205784
|switch|p2a: Landorus|Landorus-Therian, M|50/100|[from]move: Volt Switch
|-ability|p2a: Landorus|Intimidate|boost
|-unboost|p1a: 🛢|atk|1
|move|p1a: 🛢|Recover|p1a: 🛢
|-heal|p1a: 🛢|97/100
|
|upkeep
|turn|57
|c| Limited_Toolkit|taunt plus magma storm would beat it if it hit the magma storm on the switch in
|inactive|coachzach has 120 seconds left.
|c|☆coachzach|wp
|c|☆coachzach|gg
|l| ynw
|
|t:|1611205803
|move|p1a: 🛢|Baneful Bunker|p1a: 🛢
|-singleturn|p1a: 🛢|move: Protect
|move|p2a: Landorus|Explosion|p1a: 🛢
|-activate|p1a: 🛢|move: Protect
|faint|p2a: Landorus
|
|upkeep
|c|☆IM AT MY LIMIT|Gg
|-message|coachzach forfeited.
|
|win|IM AT MY LIMIT
|l|☆coachzach
|raw|IM AT MY LIMIT's rating: 1864 &rarr; <strong>1877</strong><br />(+13 for winning)
|raw|coachzach's rating: 1734 &rarr; <strong>1721</strong><br />(-13 for losing)
|l| Limited_Toolkit
|l| Gumbo the Weeb
|c|☆IM AT MY LIMIT|Did my one battle
|c|☆IM AT MY LIMIT|Time to rest
|l| 6df
|l| GAVlN NEWSOM
|l| Momblast
|player|p1|IM AT MY LIMIT|dawn
|inactive|Battle timer is ON: inactive players will automatically lose when time's up. (requested by IM AT MY LIMIT)
|l| a gay empoleon
|l| BruhMonumento
|l| AverageJoe326
|l| Large_Rodent
|l| C0mpy10
|inactiveoff|Battle timer is now OFF.
