|j|☆the sht tester
|j|☆Commando 55
|t:|1603455364
|player|p1|the sht tester|oak-gen1|1858
|player|p2|Commando 55|iris-gen5bw2|1897
|teamsize|p1|6
|teamsize|p2|6
|gametype|singles
|gen|8
|tier|[Gen 8] OU
|rated|
|clearpoke
|poke|p1|Thundurus-Therian, M|
|poke|p1|Tornadus-Therian, M|
|poke|p1|Pelipper, F|
|poke|p1|Barraskewda, F|
|poke|p1|Ferrothorn, M|
|poke|p1|Jynx, F|
|poke|p2|Regieleki|
|poke|p2|Pelipper, F|
|poke|p2|Blissey, F|
|poke|p2|Kingdra, F|
|poke|p2|Urshifu-*, M|
|poke|p2|Ferrothorn, M|
|rule|Sleep Clause Mod: Limit one foe put to sleep
|rule|Species Clause: Limit one of each Pokémon
|rule|OHKO Clause: OHKO moves are banned
|rule|Evasion Moves Clause: Evasion moves are banned
|rule|Endless Battle Clause: Forcing endless battles is banned
|rule|HP Percentage Mod: HP is shown in percentages
|rule|Dynamax Clause: You cannot dynamax
|teampreview
|
|t:|1603455385
|start
|switch|p1a: Pelipper|Pelipper, F|100/100
|switch|p2a: Kingdra|Kingdra, F|100/100
|-weather|RainDance|[from] ability: Drizzle|[of] p1a: Pelipper
|turn|1
|inactive|Battle timer is ON: inactive players will automatically lose when time's up. (requested by Commando 55)
|
|t:|1603455393
|switch|p1a: Ferrothorn|Ferrothorn, M|100/100
|move|p2a: Kingdra|Hurricane|p1a: Ferrothorn
|-damage|p1a: Ferrothorn|61/100
|
|-weather|RainDance|[upkeep]
|upkeep
|turn|2
|
|t:|1603455399
|move|p2a: Kingdra|Hurricane|p1a: Ferrothorn
|-damage|p1a: Ferrothorn|23/100
|move|p1a: Ferrothorn|Stealth Rock|p2a: Kingdra
|-sidestart|p2: Commando 55|move: Stealth Rock
|
|-weather|RainDance|[upkeep]
|upkeep
|turn|3
|j| I'M AT MY LIMIT!
|
|t:|1603455405
|move|p2a: Kingdra|Hurricane|p1a: Ferrothorn
|-damage|p1a: Ferrothorn|0 fnt
|faint|p1a: Ferrothorn
|
|-weather|RainDance|[upkeep]
|upkeep
|j| Jahkxun
|
|t:|1603455407
|switch|p1a: Thundurus|Thundurus-Therian, M|100/100
|turn|4
|
|t:|1603455413
|switch|p2a: Blissey|Blissey, F|100/100
|move|p1a: Thundurus|Nasty Plot|p1a: Thundurus
|-boost|p1a: Thundurus|spa|2
|
|-weather|RainDance|[upkeep]
|upkeep
|turn|5
|
|t:|1603455415
|move|p1a: Thundurus|Thunder|p2a: Blissey
|-damage|p2a: Blissey|52/100
|move|p2a: Blissey|Teleport|p2a: Blissey
|
|t:|1603455418
|switch|p2a: Kingdra|Kingdra, F|100/100|[from]move: Teleport
|-damage|p2a: Kingdra|88/100|[from] Stealth Rock
|
|-weather|RainDance|[upkeep]
|upkeep
|turn|6
|
|t:|1603455421
|move|p2a: Kingdra|Surf|p1a: Thundurus
|-damage|p1a: Thundurus|0 fnt
|faint|p1a: Thundurus
|
|-weather|RainDance|[upkeep]
|upkeep
|
|t:|1603455425
|switch|p1a: Jynx|Jynx, F|100/100
|turn|7
|j| anpawo_test
|c|☆Commando 55|I like the jynx
|c|☆the sht tester|XD
|c|☆Commando 55|no idea what it does
|inactive|Commando 55 has 120 seconds left.
|c|☆the sht tester|i cant live without meme
|
|t:|1603455460
|switch|p2a: Ferrothorn|Ferrothorn, M|100/100
|-damage|p2a: Ferrothorn|94/100|[from] Stealth Rock
|move|p1a: Jynx|Nasty Plot|p1a: Jynx
|-boost|p1a: Jynx|spa|2
|
|-weather|RainDance|[upkeep]
|upkeep
|turn|8
|j| Pissog
|
|t:|1603455465
|move|p1a: Jynx|Lovely Kiss|p2a: Ferrothorn
|-status|p2a: Ferrothorn|slp|[from] move: Lovely Kiss
|cant|p2a: Ferrothorn|slp
|
|-weather|none
|upkeep
|turn|9
|c| Jahkxun|i mean hes the sht tester
|
|t:|1603455474
|move|p1a: Jynx|Focus Blast|p2a: Ferrothorn
|-supereffective|p2a: Ferrothorn
|-damage|p2a: Ferrothorn|0 fnt
|faint|p2a: Ferrothorn
|
|upkeep
|c| Jahkxun|so he tests whats sht
|c| Jahkxun|and tries to make it work
|
|t:|1603455485
|switch|p2a: Regieleki|Regieleki|100/100
|-damage|p2a: Regieleki|88/100|[from] Stealth Rock
|turn|10
|
|t:|1603455488
|move|p2a: Regieleki|Volt Switch|p1a: Jynx
|-enditem|p1a: Jynx|Focus Sash
|-damage|p1a: Jynx|1/100
|
|t:|1603455495
|switch|p2a: Blissey|Blissey, F|52/100|[from]move: Volt Switch
|move|p1a: Jynx|Psychic|p2a: Blissey
|-damage|p2a: Blissey|22/100
|
|upkeep
|turn|11
|
|t:|1603455499
|move|p1a: Jynx|Psychic|p2a: Blissey
|-damage|p2a: Blissey|0 fnt
|faint|p2a: Blissey
|
|upkeep
|
|t:|1603455503
|switch|p2a: Regieleki|Regieleki|88/100
|-damage|p2a: Regieleki|76/100|[from] Stealth Rock
|turn|12
|j| tinagrrrrrrl
|
|t:|1603455512
|switch|p1a: Pelipper|Pelipper, F|100/100
|-weather|RainDance|[from] ability: Drizzle|[of] p1a: Pelipper
|move|p2a: Regieleki|Volt Switch|p1a: Pelipper
|-supereffective|p1a: Pelipper
|-damage|p1a: Pelipper|0 fnt
|faint|p1a: Pelipper
|j| aelfbsdf
|
|t:|1603455520
|switch|p2a: Kingdra|Kingdra, F|88/100|[from]move: Volt Switch
|-damage|p2a: Kingdra|76/100|[from] Stealth Rock
|
|-weather|RainDance|[upkeep]
|upkeep
|l| tinagrrrrrrl
|
|t:|1603455524
|switch|p1a: Barraskewda|Barraskewda, F|100/100
|turn|13
|j| OUTY 3iz
|inactive|Commando 55 has 120 seconds left.
|c| Jahkxun|regieleki's move coverage is ho garbage
|
|t:|1603455570
|switch|p2a: Pelipper|Pelipper, F|100/100
|-damage|p2a: Pelipper|76/100|[from] Stealth Rock
|move|p1a: Barraskewda|Close Combat|p2a: Pelipper
|-resisted|p2a: Pelipper
|-damage|p2a: Pelipper|48/100
|-unboost|p1a: Barraskewda|def|1
|-unboost|p1a: Barraskewda|spd|1
|
|-weather|RainDance|[upkeep]
|upkeep
|turn|14
|c| Jahkxun|hot garbage
|j| Krkeke
|c|☆the sht tester|yeah but when ele immunity goes he wina
|c| Krkeke|It literally has 3 moves lol
|
|t:|1603455588
|switch|p1a: Jynx|Jynx, F|1/100
|move|p2a: Pelipper|Defog|p1a: Jynx
|-unboost|p1a: Jynx|evasion|1
|-sideend|p2: Commando 55|Stealth Rock|[from] move: Defog|[of] p2a: Pelipper
|
|-weather|RainDance|[upkeep]
|-heal|p1a: Jynx|13/100|[from] ability: Dry Skin
|upkeep
|turn|15
|j| TKODATRUTH
|c| Jahkxun|legit
|c| Krkeke|tbolt volt switch and rising
|
|t:|1603455601
|move|p1a: Jynx|Psychic|p2a: Pelipper
|-damage|p2a: Pelipper|0 fnt
|faint|p2a: Pelipper
|
|-weather|RainDance|[upkeep]
|-heal|p1a: Jynx|25/100|[from] ability: Dry Skin
|upkeep
|c| Jahkxun|does it not have 4 moves?
|c| Krkeke|4th move rapid spin ig
|
|t:|1603455614
|switch|p2a: Regieleki|Regieleki|76/100
|turn|16
|
|t:|1603455618
|move|p2a: Regieleki|Volt Switch|p1a: Jynx
|-damage|p1a: Jynx|0 fnt
|faint|p1a: Jynx
|l| I'M AT MY LIMIT!
|
|t:|1603455621
|switch|p2a: Kingdra|Kingdra, F|76/100|[from]move: Volt Switch
|
|-weather|RainDance|[upkeep]
|upkeep
|
|t:|1603455623
|switch|p1a: Barraskewda|Barraskewda, F|100/100
|turn|17
|c| Jahkxun|rapid? rising thunderbolt and volt switch?
|c| Jahkxun|he can spin
|
|t:|1603455636
|switch|p2a: Urshifu|Urshifu-Rapid-Strike, M|100/100
|move|p1a: Barraskewda|Close Combat|p2a: Urshifu
|-damage|p2a: Urshifu|37/100
|-unboost|p1a: Barraskewda|def|1
|-unboost|p1a: Barraskewda|spd|1
|
|-weather|RainDance|[upkeep]
|upkeep
|turn|18
|c| Jahkxun|that i know
|c|☆the sht tester|oh gg eleki
|
|t:|1603455645
|move|p2a: Urshifu|Aqua Jet|p1a: Barraskewda
|-resisted|p1a: Barraskewda
|-damage|p1a: Barraskewda|37/100
|move|p1a: Barraskewda|Close Combat|p2a: Urshifu
|-damage|p2a: Urshifu|0 fnt
|-unboost|p1a: Barraskewda|def|1
|-unboost|p1a: Barraskewda|spd|1
|faint|p2a: Urshifu
|
|-weather|RainDance|[upkeep]
|upkeep
|
|t:|1603455652
|switch|p2a: Kingdra|Kingdra, F|76/100
|turn|19
|
|t:|1603455655
|move|p1a: Barraskewda|Close Combat|p2a: Kingdra
|-damage|p2a: Kingdra|0 fnt
|-unboost|p1a: Barraskewda|def|1
|-unboost|p1a: Barraskewda|spd|1
|faint|p2a: Kingdra
|
|-weather|none
|upkeep
|
|t:|1603455658
|switch|p2a: Regieleki|Regieleki|76/100
|turn|20
|
|t:|1603455661
|switch|p1a: Tornadus|Tornadus-Therian, M|100/100
|move|p2a: Regieleki|Volt Switch|p1a: Tornadus
|-supereffective|p1a: Tornadus
|-damage|p1a: Tornadus|0 fnt
|faint|p1a: Tornadus
|
|upkeep
|
|t:|1603455662
|switch|p1a: Barraskewda|Barraskewda, F|37/100
|turn|21
|
|t:|1603455665
|move|p1a: Barraskewda|Aqua Jet|p2a: Regieleki
|-damage|p2a: Regieleki|22/100
|move|p2a: Regieleki|Volt Switch|p1a: Barraskewda
|-supereffective|p1a: Barraskewda
|-damage|p1a: Barraskewda|0 fnt
|faint|p1a: Barraskewda
|
|win|Commando 55
|j| cage the bird
|l|☆the sht tester
|c|☆Commando 55|Gg
|raw|the sht tester's rating: 1858 &rarr; <strong>1840</strong><br />(-18 for losing)
|raw|Commando 55's rating: 1897 &rarr; <strong>1914</strong><br />(+17 for winning)
|l| Pissog
|c| Jahkxun|is ancient power worht running
|l| Krkeke
|c| Jahkxun|just for the type
|c|☆Commando 55|Not for me
|c|☆Commando 55|it might work
|c|☆Commando 55|to do a little to lando
|l| TKODATRUTH
|l| cage the bird
|l| Jahkxun
|l| anpawo_test
|l| aelfbsdf
