|j|☆Ctannn
|j|☆Geenobe
|t:|1667457666
|gametype|singles
|player|p1|Ctannn|170|1776
|player|p2|Geenobe|266|1730
|teamsize|p1|6
|teamsize|p2|6
|gen|8
|tier|[Gen 8] OU
|rated|
|rule|Sleep Clause Mod: Limit one foe put to sleep
|rule|Species Clause: Limit one of each Pokémon
|rule|OHKO Clause: OHKO moves are banned
|rule|Evasion Items Clause: Evasion items are banned
|rule|Evasion Moves Clause: Evasion moves are banned
|rule|Endless Battle Clause: Forcing endless battles is banned
|rule|HP Percentage Mod: HP is shown in percentages
|rule|Dynamax Clause: You cannot dynamax
|clearpoke
|poke|p1|Pelipper, M|
|poke|p1|Crawdaunt, M|
|poke|p1|Tangrowth, M|
|poke|p1|Aegislash, F|
|poke|p1|Zapdos|
|poke|p1|Nidoking, M|
|poke|p2|Volcanion|
|poke|p2|Landorus-Therian, M|
|poke|p2|Ninetales-Alola, M|
|poke|p2|Corviknight, M|
|poke|p2|Arctozolt|
|poke|p2|Tornadus-Therian, M|
|teampreview
|inactive|Battle timer is ON: inactive players will automatically lose when time's up. (requested by Ctannn)
|
|t:|1667457675
|start
|switch|p1a: Tangrowth|Tangrowth, M|100/100
|switch|p2a: Ninetales|Ninetales-Alola, M|100/100
|-weather|Hail|[from] ability: Snow Warning|[of] p2a: Ninetales
|turn|1
|
|t:|1667457681
|move|p2a: Ninetales|Aurora Veil|p2a: Ninetales
|-sidestart|p2: Geenobe|move: Aurora Veil
|move|p1a: Tangrowth|Sludge Bomb|p2a: Ninetales
|-supereffective|p2a: Ninetales
|-damage|p2a: Ninetales|77/100
|-status|p2a: Ninetales|psn
|
|-weather|Hail|[upkeep]
|-damage|p1a: Tangrowth|94/100|[from] Hail
|-damage|p2a: Ninetales|65/100 psn|[from] psn
|upkeep
|turn|2
|
|t:|1667457690
|switch|p2a: Volcanion|Volcanion|100/100
|move|p1a: Tangrowth|Knock Off|p2a: Volcanion
|-damage|p2a: Volcanion|92/100
|-enditem|p2a: Volcanion|Choice Specs|[from] move: Knock Off|[of] p1a: Tangrowth
|
|-weather|Hail|[upkeep]
|-damage|p2a: Volcanion|86/100|[from] Hail
|-damage|p1a: Tangrowth|88/100|[from] Hail
|upkeep
|turn|3
|
|t:|1667457699
|move|p2a: Volcanion|Steam Eruption|p1a: Tangrowth
|-resisted|p1a: Tangrowth
|-damage|p1a: Tangrowth|69/100
|move|p1a: Tangrowth|Sludge Bomb|p2a: Volcanion
|-damage|p2a: Volcanion|74/100
|
|-weather|Hail|[upkeep]
|-damage|p2a: Volcanion|67/100|[from] Hail
|-damage|p1a: Tangrowth|63/100|[from] Hail
|upkeep
|turn|4
|
|t:|1667457706
|switch|p1a: Nidoking|Nidoking, M|100/100
|move|p2a: Volcanion|Flamethrower|p1a: Nidoking
|-damage|p1a: Nidoking|23/100
|
|-weather|Hail|[upkeep]
|-damage|p1a: Nidoking|17/100|[from] Hail
|-damage|p2a: Volcanion|61/100|[from] Hail
|upkeep
|turn|5
|
|t:|1667457715
|switch|p2a: Corviknight|Corviknight, M|100/100
|-ability|p2a: Corviknight|Pressure
|move|p1a: Nidoking|Stealth Rock|p2a: Corviknight
|-sidestart|p2: Geenobe|move: Stealth Rock
|
|-weather|Hail|[upkeep]
|-damage|p1a: Nidoking|11/100|[from] Hail
|-damage|p2a: Corviknight|94/100|[from] Hail
|-heal|p2a: Corviknight|100/100|[from] item: Leftovers
|-sideend|p2: Geenobe|move: Aurora Veil
|upkeep
|turn|6
|j| PertPertMD
|
|t:|1667457734
|move|p1a: Nidoking|Flamethrower|p2a: Corviknight
|-supereffective|p2a: Corviknight
|-damage|p2a: Corviknight|35/100
|move|p2a: Corviknight|Body Press|p1a: Nidoking
|-resisted|p1a: Nidoking
|-damage|p1a: Nidoking|0 fnt
|faint|p1a: Nidoking
|
|-weather|Hail|[upkeep]
|-damage|p2a: Corviknight|29/100|[from] Hail
|-heal|p2a: Corviknight|35/100|[from] item: Leftovers
|upkeep
|
|t:|1667457745
|switch|p1a: Crawdaunt|Crawdaunt, M|100/100
|turn|7
|
|t:|1667457756
|move|p1a: Crawdaunt|Knock Off|p2a: Corviknight
|-damage|p2a: Corviknight|0 fnt
|-enditem|p2a: Corviknight|Leftovers|[from] move: Knock Off|[of] p1a: Crawdaunt
|faint|p2a: Corviknight
|-damage|p1a: Crawdaunt|91/100|[from] item: Life Orb
|
|-weather|Hail|[upkeep]
|-damage|p1a: Crawdaunt|85/100|[from] Hail
|upkeep
|
|t:|1667457766
|switch|p2a: Tornadus|Tornadus-Therian, M|100/100
|turn|8
|
|t:|1667457769
|switch|p1a: Zapdos|Zapdos|100/100
|move|p2a: Tornadus|Hurricane|p1a: Zapdos
|-resisted|p1a: Zapdos
|-damage|p1a: Zapdos|76/100
|-start|p1a: Zapdos|confusion
|
|-weather|none
|upkeep
|turn|9
|
|t:|1667457774
|move|p2a: Tornadus|Defog|p1a: Zapdos
|-unboost|p1a: Zapdos|evasion|1
|-sideend|p2: Geenobe|Stealth Rock|[from] move: Defog|[of] p2a: Tornadus
|-activate|p1a: Zapdos|confusion
|move|p1a: Zapdos|U-turn|p2a: Tornadus
|-resisted|p2a: Tornadus
|-damage|p2a: Tornadus|93/100
|
|t:|1667457778
|switch|p1a: Pelipper|Pelipper, M|100/100|[from]move: U-turn
|-weather|RainDance|[from] ability: Drizzle|[of] p1a: Pelipper
|
|-weather|RainDance|[upkeep]
|upkeep
|turn|10
|
|t:|1667457785
|move|p2a: Tornadus|U-turn|p1a: Pelipper
|-resisted|p1a: Pelipper
|-damage|p1a: Pelipper|93/100
|
|t:|1667457787
|switch|p2a: Ninetales|Ninetales-Alola, M|65/100 psn|[from]move: U-turn
|-weather|Hail|[from] ability: Snow Warning|[of] p2a: Ninetales
|move|p1a: Pelipper|Knock Off|p2a: Ninetales
|-resisted|p2a: Ninetales
|-damage|p2a: Ninetales|58/100 psn
|-enditem|p2a: Ninetales|Icy Rock|[from] move: Knock Off|[of] p1a: Pelipper
|
|-weather|Hail|[upkeep]
|-damage|p1a: Pelipper|87/100|[from] Hail
|-damage|p2a: Ninetales|45/100 psn|[from] psn
|upkeep
|turn|11
|
|t:|1667457799
|switch|p1a: Tangrowth|Tangrowth, M|97/100
|move|p2a: Ninetales|Aurora Veil|p2a: Ninetales
|-sidestart|p2: Geenobe|move: Aurora Veil
|
|-weather|Hail|[upkeep]
|-damage|p1a: Tangrowth|90/100|[from] Hail
|-damage|p2a: Ninetales|33/100 psn|[from] psn
|upkeep
|turn|12
|
|t:|1667457806
|switch|p1a: Zapdos|Zapdos|76/100
|move|p2a: Ninetales|Pain Split|p1a: Zapdos
|-sethp|p1a: Zapdos|56/100|[from] move: Pain Split|[silent]
|-sethp|p2a: Ninetales|51/100 psn|[from] move: Pain Split
|
|-weather|Hail|[upkeep]
|-damage|p1a: Zapdos|49/100|[from] Hail
|-damage|p2a: Ninetales|39/100 psn|[from] psn
|upkeep
|turn|13
|
|t:|1667457812
|move|p2a: Ninetales|Freeze-Dry|p1a: Zapdos
|-supereffective|p1a: Zapdos
|-damage|p1a: Zapdos|5/100
|move|p1a: Zapdos|Roost|p1a: Zapdos
|-heal|p1a: Zapdos|55/100
|-singleturn|p1a: Zapdos|move: Roost
|
|-weather|Hail|[upkeep]
|-damage|p1a: Zapdos|48/100|[from] Hail
|-damage|p2a: Ninetales|26/100 psn|[from] psn
|upkeep
|turn|14
|
|t:|1667457819
|switch|p2a: Arctozolt|Arctozolt|100/100
|move|p1a: Zapdos|Roost|p1a: Zapdos
|-heal|p1a: Zapdos|99/100
|-singleturn|p1a: Zapdos|move: Roost
|
|-weather|Hail|[upkeep]
|-damage|p1a: Zapdos|92/100|[from] Hail
|upkeep
|turn|15
|
|t:|1667457824
|switch|p1a: Aegislash|Aegislash, F|100/100
|move|p2a: Arctozolt|Blizzard|p1a: Aegislash
|-resisted|p1a: Aegislash
|-damage|p1a: Aegislash|84/100
|
|-weather|Hail|[upkeep]
|-damage|p1a: Aegislash|78/100|[from] Hail
|-heal|p1a: Aegislash|84/100|[from] item: Leftovers
|-sideend|p2: Geenobe|move: Aurora Veil
|upkeep
|turn|16
|
|t:|1667457833
|move|p2a: Arctozolt|Substitute|p2a: Arctozolt
|-start|p2a: Arctozolt|Substitute
|-damage|p2a: Arctozolt|76/100
|-formechange|p1a: Aegislash|Aegislash-Blade||[from] ability: Stance Change
|move|p1a: Aegislash|Shadow Ball|p2a: Arctozolt
|-end|p2a: Arctozolt|Substitute
|
|-weather|Hail|[upkeep]
|-damage|p1a: Aegislash|78/100|[from] Hail
|-heal|p2a: Arctozolt|82/100|[from] item: Leftovers
|-heal|p1a: Aegislash|84/100|[from] item: Leftovers
|upkeep
|turn|17
|j| t-yeu
|
|t:|1667457843
|move|p2a: Arctozolt|Substitute|p2a: Arctozolt
|-start|p2a: Arctozolt|Substitute
|-damage|p2a: Arctozolt|57/100
|move|p1a: Aegislash|Shadow Ball|p2a: Arctozolt
|-end|p2a: Arctozolt|Substitute
|
|-weather|none
|-heal|p2a: Arctozolt|63/100|[from] item: Leftovers
|-heal|p1a: Aegislash|91/100|[from] item: Leftovers
|upkeep
|turn|18
|
|t:|1667457848
|switch|p1a: Tangrowth|Tangrowth, M|100/100
|move|p2a: Arctozolt|Substitute|p2a: Arctozolt
|-start|p2a: Arctozolt|Substitute
|-damage|p2a: Arctozolt|38/100
|
|-heal|p2a: Arctozolt|44/100|[from] item: Leftovers
|upkeep
|turn|19
|
|t:|1667457854
|move|p2a: Arctozolt|Blizzard|p1a: Tangrowth
|-supereffective|p1a: Tangrowth
|-damage|p1a: Tangrowth|56/100
|-status|p1a: Tangrowth|frz
|cant|p1a: Tangrowth|frz
|
|-heal|p2a: Arctozolt|51/100|[from] item: Leftovers
|upkeep
|turn|20
|
|t:|1667457860
|switch|p1a: Aegislash|Aegislash, F|91/100
|move|p2a: Arctozolt|Freeze-Dry|p1a: Aegislash
|-resisted|p1a: Aegislash
|-damage|p1a: Aegislash|81/100
|
|-heal|p2a: Arctozolt|57/100|[from] item: Leftovers
|-heal|p1a: Aegislash|88/100|[from] item: Leftovers
|upkeep
|turn|21
|
|t:|1667457863
|move|p1a: Aegislash|King's Shield|p1a: Aegislash
|-singleturn|p1a: Aegislash|Protect
|move|p2a: Arctozolt|Bolt Beak|p1a: Aegislash
|-activate|p1a: Aegislash|move: Protect
|-unboost|p2a: Arctozolt|atk|1
|
|-heal|p2a: Arctozolt|63/100|[from] item: Leftovers
|-heal|p1a: Aegislash|94/100|[from] item: Leftovers
|upkeep
|turn|22
|
|t:|1667457868
|move|p2a: Arctozolt|Bolt Beak|p1a: Aegislash
|-damage|p1a: Aegislash|59/100
|-formechange|p1a: Aegislash|Aegislash-Blade||[from] ability: Stance Change
|move|p1a: Aegislash|Shadow Ball|p2a: Arctozolt
|-end|p2a: Arctozolt|Substitute
|
|-heal|p2a: Arctozolt|69/100|[from] item: Leftovers
|-heal|p1a: Aegislash|66/100|[from] item: Leftovers
|upkeep
|turn|23
|
|t:|1667457885
|move|p2a: Arctozolt|Bolt Beak|p1a: Aegislash
|-damage|p1a: Aegislash|0 fnt
|faint|p1a: Aegislash
|
|-heal|p2a: Arctozolt|76/100|[from] item: Leftovers
|upkeep
|
|t:|1667457888
|switch|p1a: Crawdaunt|Crawdaunt, M|85/100
|turn|24
|
|t:|1667457897
|move|p2a: Arctozolt|Bolt Beak|p1a: Crawdaunt
|-supereffective|p1a: Crawdaunt
|-damage|p1a: Crawdaunt|0 fnt
|faint|p1a: Crawdaunt
|
|-heal|p2a: Arctozolt|82/100|[from] item: Leftovers
|upkeep
|-message|Ctannn forfeited.
|
|win|Geenobe
|raw|Ctannn's rating: 1776 &rarr; <strong>1753</strong><br />(-23 for losing)
|raw|Geenobe's rating: 1730 &rarr; <strong>1753</strong><br />(+23 for winning)
|l|☆Ctannn
|l|☆Geenobe
