|j|☆Seasons In The Sun
|j|☆Chikami
|t:|1664495264
|gametype|singles
|player|p1|Seasons In The Sun|wally|1628
|player|p2|Chikami|nate|1665
|teamsize|p1|6
|teamsize|p2|6
|gen|8
|tier|[Gen 8] OU
|rated|
|rule|Sleep Clause Mod: Limit one foe put to sleep
|rule|Species Clause: Limit one of each Pokémon
|rule|OHKO Clause: OHKO moves are banned
|rule|Evasion Items Clause: Evasion items are banned
|rule|Evasion Moves Clause: Evasion moves are banned
|rule|Endless Battle Clause: Forcing endless battles is banned
|rule|HP Percentage Mod: HP is shown in percentages
|rule|Dynamax Clause: You cannot dynamax
|clearpoke
|poke|p1|Mew|
|poke|p1|Weavile, F|
|poke|p1|Celesteela|
|poke|p1|Garchomp, M|
|poke|p1|Blacephalon|
|poke|p1|Crawdaunt, F|
|poke|p2|Scolipede, M|
|poke|p2|Heatran, F|
|poke|p2|Ninetales-Alola, F|
|poke|p2|Moltres-Galar|
|poke|p2|Melmetal|
|poke|p2|Dragapult, F|
|teampreview
|j| tenders mfc
|j| RazorForce21
|inactive|Battle timer is ON: inactive players will automatically lose when time's up. (requested by Chikami)
|inactive|Seasons In The Sun has 120 seconds left.
|
|t:|1664495351
|start
|switch|p1a: Mew|Mew, shiny|100/100
|switch|p2a: Dragapult|Dragapult, F|100/100
|turn|1
|
|t:|1664495360
|move|p2a: Dragapult|Dragon Dance|p2a: Dragapult
|-boost|p2a: Dragapult|atk|1
|-boost|p2a: Dragapult|spe|1
|move|p1a: Mew|Thunder Wave|p2a: Dragapult
|-status|p2a: Dragapult|par
|
|upkeep
|turn|2
|
|t:|1664495376
|move|p1a: Mew|Stealth Rock|p2a: Dragapult
|-sidestart|p2: Chikami|move: Stealth Rock
|move|p2a: Dragapult|Dragon Darts|p1a: Mew
|-damage|p1a: Mew|56/100
|-anim|p2a: Dragapult|Dragon Darts|p1a: Mew
|-damage|p1a: Mew|16/100
|-damage|p2a: Dragapult|91/100 par|[from] item: Life Orb
|
|upkeep
|turn|3
|
|t:|1664495396
|move|p1a: Mew|Spikes|p2a: Dragapult
|-sidestart|p2: Chikami|Spikes
|move|p2a: Dragapult|Dragon Darts|p1a: Mew
|-damage|p1a: Mew|0 fnt
|faint|p1a: Mew
|-damage|p2a: Dragapult|81/100 par|[from] item: Life Orb
|
|upkeep
|l| tenders mfc
|inactive|Seasons In The Sun has 120 seconds left.
|
|t:|1664495414
|switch|p1a: Weavile|Weavile, F, shiny|100/100
|-ability|p1a: Weavile|Pressure
|turn|4
|
|t:|1664495426
|move|p1a: Weavile|Knock Off|p2a: Dragapult
|-supereffective|p2a: Dragapult
|-damage|p2a: Dragapult|0 fnt
|-enditem|p2a: Dragapult|Life Orb|[from] move: Knock Off|[of] p1a: Weavile
|faint|p2a: Dragapult
|-damage|p1a: Weavile|91/100|[from] item: Life Orb
|
|upkeep
|
|t:|1664495441
|switch|p2a: Melmetal|Melmetal|100/100
|-damage|p2a: Melmetal|94/100|[from] Stealth Rock
|-damage|p2a: Melmetal|82/100|[from] Spikes
|turn|5
|inactive|Seasons In The Sun has 120 seconds left.
|j| HaxxIsPain
|
|t:|1664495488
|switch|p1a: Celesteela|Celesteela, shiny|100/100
|move|p2a: Melmetal|Double Iron Bash|p1a: Celesteela
|-resisted|p1a: Celesteela
|-damage|p1a: Celesteela|66/100
|-resisted|p1a: Celesteela
|-damage|p1a: Celesteela|32/100
|-hitcount|p1a: Celesteela|2
|
|upkeep
|turn|6
|
|t:|1664495507
|switch|p2a: Heatran|Heatran, F|100/100
|-damage|p2a: Heatran|88/100|[from] Stealth Rock
|-item|p2a: Heatran|Air Balloon
|move|p1a: Celesteela|Flamethrower|p2a: Heatran
|-damage|p2a: Heatran|64/100
|-enditem|p2a: Heatran|Air Balloon
|
|upkeep
|turn|7
|j| tenders mfc
|inactive|Seasons In The Sun has 90 seconds left.
|
|t:|1664495527
|move|p2a: Heatran|Magma Storm|p1a: Celesteela
|-supereffective|p1a: Celesteela
|-damage|p1a: Celesteela|0 fnt
|faint|p1a: Celesteela
|
|upkeep
|inactive|Seasons In The Sun has 90 seconds left.
|
|t:|1664495533
|switch|p1a: Garchomp|Garchomp, M, shiny|100/100
|turn|8
|
|t:|1664495541
|move|p1a: Garchomp|Earthquake|p2a: Heatran
|-supereffective|p2a: Heatran
|-damage|p2a: Heatran|0 fnt
|faint|p2a: Heatran
|
|upkeep
|
|t:|1664495545
|switch|p2a: Ninetales|Ninetales-Alola, F|100/100
|-damage|p2a: Ninetales|76/100|[from] Stealth Rock
|-damage|p2a: Ninetales|63/100|[from] Spikes
|-weather|Hail|[from] ability: Snow Warning|[of] p2a: Ninetales
|turn|9
|inactive|Seasons In The Sun has 90 seconds left.
|
|t:|1664495566
|switch|p1a: Blacephalon|Blacephalon, shiny|100/100
|move|p2a: Ninetales|Aurora Veil|p2a: Ninetales
|-sidestart|p2: Chikami|move: Aurora Veil
|
|-weather|Hail|[upkeep]
|-damage|p1a: Blacephalon|94/100|[from] Hail
|upkeep
|turn|10
|inactive|Seasons In The Sun has 90 seconds left.
|
|t:|1664495586
|move|p1a: Blacephalon|Flamethrower|p2a: Ninetales
|-supereffective|p2a: Ninetales
|-damage|p2a: Ninetales|2/100
|move|p2a: Ninetales|Encore|p1a: Blacephalon
|-start|p1a: Blacephalon|Encore
|
|-weather|Hail|[upkeep]
|-damage|p1a: Blacephalon|88/100|[from] Hail
|upkeep
|turn|11
|inactive|Seasons In The Sun has 90 seconds left.
|
|t:|1664495592
|move|p1a: Blacephalon|Flamethrower|p2a: Ninetales
|-supereffective|p2a: Ninetales
|-damage|p2a: Ninetales|0 fnt
|faint|p2a: Ninetales
|-ability|p1a: Blacephalon|Beast Boost|boost
|-boost|p1a: Blacephalon|spa|1
|
|-weather|Hail|[upkeep]
|-damage|p1a: Blacephalon|82/100|[from] Hail
|upkeep
|
|t:|1664495596
|switch|p2a: Moltres|Moltres-Galar|100/100
|turn|12
|
|t:|1664495605
|move|p1a: Blacephalon|Flamethrower|p2a: Moltres
|-damage|p2a: Moltres|59/100
|move|p2a: Moltres|Agility|p2a: Moltres
|-boost|p2a: Moltres|spe|2
|
|-weather|Hail|[upkeep]
|-damage|p2a: Moltres|53/100|[from] Hail
|-damage|p1a: Blacephalon|76/100|[from] Hail
|upkeep
|turn|13
|
|t:|1664495616
|move|p2a: Moltres|Fiery Wrath|p1a: Blacephalon
|-supereffective|p1a: Blacephalon
|-damage|p1a: Blacephalon|0 fnt
|faint|p1a: Blacephalon
|
|-weather|none
|upkeep
|
|t:|1664495638
|switch|p1a: Crawdaunt|Crawdaunt, F, shiny|100/100
|turn|14
|
|t:|1664495646
|move|p1a: Crawdaunt|Aqua Jet|p2a: Moltres
|-damage|p2a: Moltres|33/100
|-ability|p2a: Moltres|Berserk|boost
|-boost|p2a: Moltres|spa|1
|-damage|p1a: Crawdaunt|91/100|[from] item: Life Orb
|move|p2a: Moltres|Air Slash|p1a: Crawdaunt
|-damage|p1a: Crawdaunt|0 fnt
|faint|p1a: Crawdaunt
|
|upkeep
|
|t:|1664495654
|switch|p1a: Weavile|Weavile, F, shiny|91/100
|-ability|p1a: Weavile|Pressure
|turn|15
|
|t:|1664495661
|move|p1a: Weavile|Ice Shard|p2a: Moltres
|-supereffective|p2a: Moltres
|-damage|p2a: Moltres|0 fnt
|faint|p2a: Moltres
|-damage|p1a: Weavile|81/100|[from] item: Life Orb
|
|upkeep
|
|t:|1664495678
|switch|p2a: Melmetal|Melmetal|82/100
|-damage|p2a: Melmetal|76/100|[from] Stealth Rock
|-damage|p2a: Melmetal|64/100|[from] Spikes
|turn|16
|inactive|Seasons In The Sun has 120 seconds left.
|
|t:|1664495685
|move|p1a: Weavile|Knock Off|p2a: Melmetal
|-damage|p2a: Melmetal|43/100
|-enditem|p2a: Melmetal|Choice Band|[from] move: Knock Off|[of] p1a: Weavile
|-damage|p1a: Weavile|71/100|[from] item: Life Orb
|move|p2a: Melmetal|Double Iron Bash|p1a: Weavile
|-supereffective|p1a: Weavile
|-damage|p1a: Weavile|0 fnt
|faint|p1a: Weavile
|-hitcount|p1: Weavile|1
|
|-sideend|p2: Chikami|move: Aurora Veil
|upkeep
|inactive|Seasons In The Sun has 120 seconds left.
|
|t:|1664495693
|switch|p1a: Garchomp|Garchomp, M, shiny|100/100
|turn|17
|
|t:|1664495695
|move|p1a: Garchomp|Earthquake|p2a: Melmetal
|-supereffective|p2a: Melmetal
|-damage|p2a: Melmetal|0 fnt
|faint|p2a: Melmetal
|
|upkeep
|
|t:|1664495698
|switch|p2a: Scolipede|Scolipede, M|100/100
|turn|18
|
|t:|1664495709
|move|p2a: Scolipede|Swords Dance|p2a: Scolipede
|-boost|p2a: Scolipede|atk|2
|move|p1a: Garchomp|Earthquake|p2a: Scolipede
|-damage|p2a: Scolipede|28/100
|
|-ability|p2a: Scolipede|Speed Boost|boost
|-boost|p2a: Scolipede|spe|1
|upkeep
|turn|19
|
|t:|1664495718
|move|p2a: Scolipede|Megahorn|p1a: Garchomp
|-damage|p1a: Garchomp|2/100
|-damage|p2a: Scolipede|16/100|[from] ability: Rough Skin|[of] p1a: Garchomp
|move|p1a: Garchomp|Earthquake|p2a: Scolipede
|-damage|p2a: Scolipede|0 fnt
|faint|p2a: Scolipede
|
|win|Seasons In The Sun
|raw|Seasons In The Sun's rating: 1628 &rarr; <strong>1650</strong><br />(+22 for winning)
|raw|Chikami's rating: 1665 &rarr; <strong>1643</strong><br />(-22 for losing)
|c|☆Chikami|Gg
|c|☆Seasons In The Sun|gg
|l|☆Chikami
||Ladder isn't responding, score probably updated but might not have (Request timeout).
