|j|☆SetsuStsna
|j|☆ong fr ig
|inactive|Battle timer is ON: inactive players will automatically lose when time's up.
|t:|1650903210
|gametype|singles
|player|p1|SetsuStsna|dawn-gen4pt|
|player|p2|ong fr ig|youngn|
|teamsize|p1|6
|teamsize|p2|6
|gen|8
|tier|[Gen 8] OU
|rated|Tournament battle
|rule|Sleep Clause Mod: Limit one foe put to sleep
|rule|Species Clause: Limit one of each Pokémon
|rule|OHKO Clause: OHKO moves are banned
|rule|Evasion Moves Clause: Evasion moves are banned
|rule|Endless Battle Clause: Forcing endless battles is banned
|rule|HP Percentage Mod: HP is shown in percentages
|rule|Dynamax Clause: You cannot dynamax
|clearpoke
|poke|p1|Mew|
|poke|p1|Ninetales-Alola, M|
|poke|p1|Barbaracle, M|
|poke|p1|Kommo-o, M|
|poke|p1|Polteageist|
|poke|p1|Slowbro-Galar, M|
|poke|p2|Urshifu-*, M|
|poke|p2|Excadrill, F|
|poke|p2|Tyranitar, F|
|poke|p2|Clefable, F|
|poke|p2|Tangrowth, F|
|poke|p2|Zapdos|
|teampreview
|inactive|ong fr ig also wants the timer to be on.
|j| HeatTestSquad55
|j| vkhss
|j| ducky swallows
|c| vkhss|:o
|c| vkhss|The wcop sand
|c| ducky swallows|whos who
|c| ducky swallows|wow insane team
|inactive|SetsuStsna has 120 seconds left.
|inactive|ong fr ig has 120 seconds left.
|c| ducky swallows|polteagist
|c| ducky swallows|frick
|c| ducky swallows|polteagiest
|l| vkhss
|c| ducky swallows|vkhss are u good
|inactive|SetsuStsna has 90 seconds left.
|c| ducky swallows|oh wait no
|j| BadPkmPlayer
|inactive|ong fr ig has 90 seconds left.
|c| ducky swallows|ur not even playing
|c|☆SetsuStsna|oh sorry about that
|c|☆SetsuStsna|hf
|
|t:|1650903297
|start
|switch|p1a: Mew|Mew|100/100
|switch|p2a: Tangrowth|Tangrowth, F, shiny|100/100
|turn|1
|c| ducky swallows|SetsuStsna r u good
|
|t:|1650903303
|move|p1a: Mew|Taunt|p2a: Tangrowth
|-start|p2a: Tangrowth|move: Taunt
|move|p2a: Tangrowth|Knock Off|p1a: Mew
|-supereffective|p1a: Mew
|-enditem|p1a: Mew|Colbur Berry|[eat]
|-enditem|p1a: Mew|Colbur Berry|[weaken]
|-damage|p1a: Mew|82/100
|
|upkeep
|turn|2
|
|t:|1650903305
|move|p1a: Mew|Stealth Rock|p2a: Tangrowth
|-sidestart|p2: ong fr ig|move: Stealth Rock
|move|p2a: Tangrowth|Giga Drain|p1a: Mew
|-damage|p1a: Mew|55/100
|
|upkeep
|turn|3
|c|☆SetsuStsna|wdym?
|
|t:|1650903315
|move|p1a: Mew|Explosion|p2a: Tangrowth
|-damage|p2a: Tangrowth|69/100
|faint|p1a: Mew
|move|p2a: Tangrowth|Giga Drain|p1: Mew|[notarget]
|-fail|p2a: Tangrowth
|
|-end|p2a: Tangrowth|move: Taunt
|upkeep
|c| ducky swallows|r u good at pokemon battles
|c|☆SetsuStsna|i am at school just loaded a random team lol
|c|☆SetsuStsna|nah i suck
|c| ducky swallows|oh
|c| ducky swallows|wow ur trash
|c|☆ong fr ig|same
|c|☆ong fr ig|currently in
|c|☆ong fr ig|psychology
|
|t:|1650903342
|switch|p1a: Ninetales|Ninetales-Alola, M|100/100
|-weather|Hail|[from] ability: Snow Warning|[of] p1a: Ninetales
|turn|4
|c| ducky swallows|we know ur trash ong fr ig
|j| Karl La Hire
|
|t:|1650903347
|switch|p1a: Kommo-o|Kommo-o, M|100/100
|switch|p2a: Tyranitar|Tyranitar, F|100/100
|-damage|p2a: Tyranitar|88/100|[from] Stealth Rock
|-weather|Sandstorm|[from] ability: Sand Stream|[of] p2a: Tyranitar
|
|-weather|Sandstorm|[upkeep]
|-damage|p1a: Kommo-o|94/100|[from] Sandstorm
|upkeep
|turn|5
|
|t:|1650903350
|switch|p2a: Clefable|Clefable, F|100/100
|move|p1a: Kommo-o|Belly Drum|p1a: Kommo-o
|-damage|p1a: Kommo-o|44/100
|-setboost|p1a: Kommo-o|atk|6|[from] move: Belly Drum
|-enditem|p1a: Kommo-o|Sitrus Berry|[eat]
|-heal|p1a: Kommo-o|69/100|[from] item: Sitrus Berry
|
|-weather|Sandstorm|[upkeep]
|-damage|p1a: Kommo-o|63/100|[from] Sandstorm
|upkeep
|turn|6
|
|t:|1650903357
|move|p2a: Clefable|Protect|p2a: Clefable
|-singleturn|p2a: Clefable|Protect
|move|p1a: Kommo-o|Poison Jab|p2a: Clefable
|-activate|p2a: Clefable|move: Protect
|
|-weather|Sandstorm|[upkeep]
|-damage|p1a: Kommo-o|57/100|[from] Sandstorm
|upkeep
|turn|7
|
|t:|1650903361
|move|p1a: Kommo-o|Drain Punch|p2a: Clefable
|-resisted|p2a: Clefable
|-damage|p2a: Clefable|35/100
|-heal|p1a: Kommo-o|100/100|[from] drain|[of] p2a: Clefable
|move|p2a: Clefable|Moonblast|p1a: Kommo-o
|-supereffective|p1a: Kommo-o
|-crit|p1a: Kommo-o
|-damage|p1a: Kommo-o|0 fnt
|faint|p1a: Kommo-o
|
|-weather|Sandstorm|[upkeep]
|-heal|p2a: Clefable|41/100|[from] item: Leftovers
|upkeep
|
|t:|1650903367
|switch|p1a: Slowbro|Slowbro-Galar, M|100/100
|turn|8
|
|t:|1650903376
|switch|p2a: Excadrill|Excadrill, F|100/100
|-damage|p2a: Excadrill|97/100|[from] Stealth Rock
|move|p1a: Slowbro|Belly Drum|p1a: Slowbro
|-damage|p1a: Slowbro|51/100
|-setboost|p1a: Slowbro|atk|6|[from] move: Belly Drum
|
|-weather|none
|upkeep
|turn|9
|-activate|p1a: Slowbro|item: Quick Claw
|
|t:|1650903379
|move|p1a: Slowbro|Drain Punch|p2a: Excadrill
|-supereffective|p2a: Excadrill
|-damage|p2a: Excadrill|0 fnt
|-heal|p1a: Slowbro|97/100|[from] drain|[of] p2a: Excadrill
|faint|p2a: Excadrill
|
|upkeep
|
|t:|1650903383
|switch|p2a: Tyranitar|Tyranitar, F|88/100
|-damage|p2a: Tyranitar|76/100|[from] Stealth Rock
|-weather|Sandstorm|[from] ability: Sand Stream|[of] p2a: Tyranitar
|turn|10
|-activate|p1a: Slowbro|ability: Quick Draw
|
|t:|1650903386
|move|p1a: Slowbro|Drain Punch|p2a: Tyranitar
|-supereffective|p2a: Tyranitar
|-damage|p2a: Tyranitar|0 fnt
|-heal|p1a: Slowbro|100/100|[from] drain|[of] p2a: Tyranitar
|faint|p2a: Tyranitar
|
|-weather|Sandstorm|[upkeep]
|-damage|p1a: Slowbro|94/100|[from] Sandstorm
|upkeep
|
|t:|1650903391
|switch|p2a: Urshifu|Urshifu-Rapid-Strike, M|100/100
|-damage|p2a: Urshifu|94/100|[from] Stealth Rock
|turn|11
|c|☆SetsuStsna|thats my gurl
|c| ducky swallows|wow justinn u suck
|c|☆ong fr ig|ong
|c| ducky swallows|how
|c| ducky swallows|check ability
|c| ducky swallows|help
|c| ducky swallows|//ability quick draw
|inactive|SetsuStsna has 120 seconds left.
|c|☆ong fr ig|30% chance to go first
|c| ducky swallows|whar the heck dude
|c| ducky swallows|oh
|c| ducky swallows|eow
|c|☆ong fr ig|quick claws an item
|c| ducky swallows|wow
|c|☆ong fr ig|same effect
|c|☆ong fr ig|clown
|c| ducky swallows|insna
|c| ducky swallows|i didnt say quick claw
|
|t:|1650903443
|move|p2a: Urshifu|Surging Strikes|p1a: Slowbro
|-crit|p1a: Slowbro
|-damage|p1a: Slowbro|64/100
|-crit|p1a: Slowbro
|-damage|p1a: Slowbro|36/100
|-crit|p1a: Slowbro
|-damage|p1a: Slowbro|11/100
|-hitcount|p1a: Slowbro|3
|move|p1a: Slowbro|Shell Side Arm|p2a: Urshifu|[anim] Shell Side Arm Physical
|-damage|p2a: Urshifu|0 fnt
|-hint|Physical Shell Side Arm
|faint|p2a: Urshifu
|
|-weather|Sandstorm|[upkeep]
|-damage|p1a: Slowbro|4/100|[from] Sandstorm
|upkeep
|
|t:|1650903451
|switch|p2a: Zapdos|Zapdos|100/100
|turn|12
|c| ducky swallows|lol trash
|c| ducky swallows|jostinn ur bad
|c|☆ong fr ig|literally only have to pray they dont get the rolls if ur vs this thing
|inactive|SetsuStsna has 90 seconds left.
|raw|<div class="broadcast-red"><strong>Moderated chat was set to +!</strong><br />Only users of rank + and higher can talk.</div>
|inactive|SetsuStsna has 60 seconds left.
|c|☆SetsuStsna|just reported him
|inactive|SetsuStsna has 30 seconds left.
|
|t:|1650903549
|move|p2a: Zapdos|Volt Switch|p1a: Slowbro
|-damage|p1a: Slowbro|0 fnt
|faint|p1a: Slowbro
|inactive|SetsuStsna has 30 seconds left this turn.
|c|☆ong fr ig|oh
|c|☆ong fr ig|thats
|c|☆ong fr ig|my friend
|c|☆ong fr ig|LMAO
|c|☆SetsuStsna|...
|
|t:|1650903564
|switch|p2a: Clefable|Clefable, F|41/100|[from]move: Volt Switch
|
|-weather|Sandstorm|[upkeep]
|-heal|p2a: Clefable|47/100|[from] item: Leftovers
|upkeep
|inactive|SetsuStsna has 30 seconds left.
|c|☆ong fr ig|appreciate the concern tho
|
|t:|1650903576
|switch|p1a: Ninetales|Ninetales-Alola, M|100/100
|-weather|Hail|[from] ability: Snow Warning|[of] p1a: Ninetales
|turn|13
|
|t:|1650903580
|move|p1a: Ninetales|Aurora Veil|p1a: Ninetales
|-sidestart|p1: SetsuStsna|move: Aurora Veil
|move|p2a: Clefable|Wish|p2a: Clefable
|
|-weather|Hail|[upkeep]
|-heal|p2a: Clefable|54/100|[from] item: Leftovers
|upkeep
|turn|14
|
|t:|1650903586
|move|p2a: Clefable|Protect|p2a: Clefable
|-singleturn|p2a: Clefable|Protect
|move|p1a: Ninetales|Encore|p2a: Clefable
|-activate|p2a: Clefable|move: Protect
|
|-weather|Hail|[upkeep]
|-heal|p2a: Clefable|100/100|[from] move: Wish|[wisher] Clefable
|upkeep
|turn|15
|
|t:|1650903593
|move|p1a: Ninetales|Encore|p2a: Clefable
|-start|p2a: Clefable|Encore
|move|p2a: Clefable|Protect||[still]
|-fail|p2a: Clefable
|
|-weather|Hail|[upkeep]
|upkeep
|turn|16
|
|t:|1650903601
|switch|p2a: Tangrowth|Tangrowth, F, shiny|100/100
|-damage|p2a: Tangrowth|88/100|[from] Stealth Rock
|move|p1a: Ninetales|Freeze-Dry|p2a: Tangrowth
|-supereffective|p2a: Tangrowth
|-damage|p2a: Tangrowth|30/100
|
|-weather|Hail|[upkeep]
|-damage|p2a: Tangrowth|24/100|[from] Hail
|upkeep
|turn|17
|inactive|SetsuStsna has 60 seconds left.
|
|t:|1650903606
|switch|p1a: Polteageist|Polteageist|100/100
|move|p2a: Tangrowth|Giga Drain|p1a: Polteageist
|-damage|p1a: Polteageist|83/100
|-heal|p2a: Tangrowth|30/100|[from] drain|[of] p1a: Polteageist
|
|-weather|none
|upkeep
|turn|18
|-message|ong fr ig forfeited.
|
|win|SetsuStsna
