|raw|<div class="broadcast-blue"><strong>This battle is required to be public due to a player having a name starting with 'lt93oq'.</div>
|j|☆LT93OQ Shurtugal
|j|‽kinetic chain
|t:|1660561695
|gametype|singles
|player|p1|LT93OQ Shurtugal|hilda|1764
|player|p2|kinetic chain|silver-gen2|1768
|teamsize|p1|6
|teamsize|p2|6
|gen|8
|tier|[Gen 8] OU
|rated|
|rule|Sleep Clause Mod: Limit one foe put to sleep
|rule|Species Clause: Limit one of each Pokémon
|rule|OHKO Clause: OHKO moves are banned
|rule|Evasion Items Clause: Evasion items are banned
|rule|Evasion Moves Clause: Evasion moves are banned
|rule|Endless Battle Clause: Forcing endless battles is banned
|rule|HP Percentage Mod: HP is shown in percentages
|rule|Dynamax Clause: You cannot dynamax
|clearpoke
|poke|p1|Shuckle, M|
|poke|p1|Victini|
|poke|p1|Urshifu-*, M|
|poke|p1|Kartana|
|poke|p1|Dragonite, M|
|poke|p1|Zapdos|
|poke|p2|Dragapult, M|
|poke|p2|Toxapex, M|
|poke|p2|Weavile, M|
|poke|p2|Heatran, M|
|poke|p2|Landorus-Therian, M|
|poke|p2|Zapdos|
|teampreview
|inactive|Battle timer is ON: inactive players will automatically lose when time's up. (requested by LT93OQ Shurtugal)
|j| Taktik T-Rex T.T.
|
|t:|1660561711
|start
|switch|p1a: Victini|Victini|100/100
|switch|p2a: Landorus|Landorus-Therian, M|100/100
|-ability|p2a: Landorus|Intimidate|boost
|-unboost|p1a: Victini|atk|1
|turn|1
|j| kevnsanity
|j| Randomuser04
|
|t:|1660561718
|move|p1a: Victini|Final Gambit|p2a: Landorus
|-damage|p2a: Landorus|0 fnt
|faint|p1a: Victini
|faint|p2a: Landorus
|
|upkeep
|
|t:|1660561743
|switch|p1a: Urshifu|Urshifu-Rapid-Strike, M|100/100
|switch|p2a: Heatran|Heatran, M|100/100
|turn|2
|
|t:|1660561745
|switch|p2a: Toxapex|Toxapex, M|100/100
|move|p1a: Urshifu|Surging Strikes|p2a: Toxapex
|-resisted|p2a: Toxapex
|-crit|p2a: Toxapex
|-damage|p2a: Toxapex|95/100
|-resisted|p2a: Toxapex
|-crit|p2a: Toxapex
|-damage|p2a: Toxapex|88/100
|-resisted|p2a: Toxapex
|-crit|p2a: Toxapex
|-damage|p2a: Toxapex|81/100
|-hitcount|p2a: Toxapex|3
|
|upkeep
|turn|3
|
|t:|1660561748
|switch|p1a: Shuckle|Shuckle, M|100/100
|move|p2a: Toxapex|Toxic|p1a: Shuckle
|-status|p1a: Shuckle|tox
|
|-damage|p1a: Shuckle|94/100 tox|[from] psn
|upkeep
|turn|4
|
|t:|1660561760
|switch|p2a: Heatran|Heatran, M|100/100
|move|p1a: Shuckle|Sticky Web|p2a: Heatran
|-sidestart|p2: kinetic chain|move: Sticky Web
|
|-damage|p1a: Shuckle|82/100 tox|[from] psn
|upkeep
|turn|5
|
|t:|1660561767
|move|p2a: Heatran|Taunt|p1a: Shuckle
|-start|p1a: Shuckle|move: Taunt
|cant|p1a: Shuckle|move: Taunt|Stealth Rock
|
|-damage|p1a: Shuckle|64/100 tox|[from] psn
|upkeep
|turn|6
|
|t:|1660561770
|switch|p1a: Urshifu|Urshifu-Rapid-Strike, M|100/100
|move|p2a: Heatran|Magma Storm|p1a: Urshifu
|-resisted|p1a: Urshifu
|-damage|p1a: Urshifu|68/100
|-activate|p1a: Urshifu|move: Magma Storm|[of] p2a: Heatran
|
|-damage|p1a: Urshifu|56/100|[from] move: Magma Storm|[partiallytrapped]
|upkeep
|turn|7
|
|t:|1660561779
|switch|p2a: Toxapex|Toxapex, M|100/100
|-activate|p2a: Toxapex|move: Sticky Web
|-unboost|p2a: Toxapex|spe|1
|move|p1a: Urshifu|Bulk Up|p1a: Urshifu
|-boost|p1a: Urshifu|atk|1
|-boost|p1a: Urshifu|def|1
|
|-end|p1a: Urshifu|Magma Storm|[partiallytrapped]|[silent]
|upkeep
|turn|8
|
|t:|1660561785
|move|p1a: Urshifu|Thunder Punch|p2a: Toxapex
|-supereffective|p2a: Toxapex
|-damage|p2a: Toxapex|46/100
|move|p2a: Toxapex|Toxic|p1a: Urshifu
|-status|p1a: Urshifu|tox
|
|-damage|p1a: Urshifu|49/100 tox|[from] psn
|upkeep
|turn|9
|
|t:|1660561810
|move|p1a: Urshifu|Thunder Punch|p2a: Toxapex
|-supereffective|p2a: Toxapex
|-damage|p2a: Toxapex|0 fnt
|faint|p2a: Toxapex
|
|-damage|p1a: Urshifu|37/100 tox|[from] psn
|upkeep
|
|t:|1660561813
|switch|p2a: Zapdos|Zapdos|100/100
|turn|10
|
|t:|1660561819
|move|p2a: Zapdos|Volt Switch|p1a: Urshifu
|-supereffective|p1a: Urshifu
|-damage|p1a: Urshifu|0 fnt
|faint|p1a: Urshifu
|j| ShowMix
|
|t:|1660561832
|switch|p2a: Dragapult|Dragapult, M|100/100|[from]move: Volt Switch
|-activate|p2a: Dragapult|move: Sticky Web
|-unboost|p2a: Dragapult|spe|1
|
|upkeep
|
|t:|1660561835
|switch|p1a: Kartana|Kartana|100/100
|turn|11
|
|t:|1660561841
|switch|p2a: Zapdos|Zapdos|100/100
|move|p1a: Kartana|Knock Off|p2a: Zapdos
|-damage|p2a: Zapdos|43/100
|-enditem|p2a: Zapdos|Heavy-Duty Boots|[from] move: Knock Off|[of] p1a: Kartana
|
|upkeep
|turn|12
|
|t:|1660561848
|move|p1a: Kartana|Swords Dance|p1a: Kartana
|-boost|p1a: Kartana|atk|2
|move|p2a: Zapdos|Volt Switch|p1a: Kartana
|-resisted|p1a: Kartana
|-damage|p1a: Kartana|48/100
|
|t:|1660561852
|switch|p2a: Weavile|Weavile, M|100/100|[from]move: Volt Switch
|
|upkeep
|turn|13
|
|t:|1660561856
|move|p2a: Weavile|Triple Axel|p1a: Kartana
|-damage|p1a: Kartana|37/100
|-damage|p1a: Kartana|16/100
|-damage|p1a: Kartana|0 fnt
|faint|p1a: Kartana
|-hitcount|p1: Kartana|3
|
|upkeep
|
|t:|1660561861
|switch|p1a: Shuckle|Shuckle, M|64/100 tox
|turn|14
|
|t:|1660561879
|move|p2a: Weavile|Triple Axel|p1a: Shuckle
|-damage|p1a: Shuckle|57/100 tox
|-damage|p1a: Shuckle|46/100 tox
|-hitcount|p1a: Shuckle|2
|move|p1a: Shuckle|Toxic|p2a: Weavile
|-status|p2a: Weavile|tox
|
|-damage|p2a: Weavile|94/100 tox|[from] psn
|-damage|p1a: Shuckle|40/100 tox|[from] psn
|upkeep
|turn|15
|-enditem|p1a: Shuckle|Custap Berry|[eat]
|-activate|p1a: Shuckle|item: Custap Berry|[consumed]
|
|t:|1660561889
|move|p1a: Shuckle|Encore|p2a: Weavile
|-start|p2a: Weavile|Encore
|move|p2a: Weavile|Triple Axel|p1a: Shuckle
|-damage|p1a: Shuckle|35/100 tox
|-hitcount|p1a: Shuckle|1
|
|-damage|p2a: Weavile|82/100 tox|[from] psn
|-damage|p1a: Shuckle|23/100 tox|[from] psn
|upkeep
|turn|16
|
|t:|1660561895
|move|p2a: Weavile|Triple Axel|p1a: Shuckle
|-damage|p1a: Shuckle|17/100 tox
|-damage|p1a: Shuckle|7/100 tox
|-crit|p1a: Shuckle
|-damage|p1a: Shuckle|0 fnt
|faint|p1a: Shuckle
|-hitcount|p1: Shuckle|3
|
|-damage|p2a: Weavile|64/100 tox|[from] psn
|upkeep
|
|t:|1660561903
|switch|p1a: Zapdos|Zapdos|100/100
|turn|17
|
|t:|1660561906
|move|p2a: Weavile|Triple Axel|p1a: Zapdos
|-supereffective|p1a: Zapdos
|-damage|p1a: Zapdos|77/100
|-supereffective|p1a: Zapdos
|-damage|p1a: Zapdos|25/100
|-supereffective|p1a: Zapdos
|-damage|p1a: Zapdos|0 fnt
|faint|p1a: Zapdos
|-hitcount|p1: Zapdos|3
|
|-damage|p2a: Weavile|40/100 tox|[from] psn
|-end|p2a: Weavile|Encore
|upkeep
|-message|LT93OQ Shurtugal forfeited.
|
|win|kinetic chain
|raw|LT93OQ Shurtugal's rating: 1764 &rarr; <strong>1744</strong><br />(-20 for losing)
|raw|kinetic chain's rating: 1768 &rarr; <strong>1788</strong><br />(+20 for winning)
|l|☆LT93OQ Shurtugal
|l|‽kinetic chain
||Ladder isn't responding, score probably updated but might not have (Request timeout).
|l| Randomuser04
|j| Louna
