|raw|<div class="broadcast-blue"><strong>This battle is required to be public due to a player having a name starting with 'lt91bb'.</div>
|j|☆LT91BB Mimi
|j|☆N30N3
|t:|1659360773
|gametype|singles
|player|p1|LT91BB Mimi|#mimikyustardust|1936
|player|p2|N30N3|1|1898
|teamsize|p1|6
|teamsize|p2|6
|gen|8
|tier|[Gen 8] OU
|rated|
|rule|Sleep Clause Mod: Limit one foe put to sleep
|rule|Species Clause: Limit one of each Pokémon
|rule|OHKO Clause: OHKO moves are banned
|rule|Evasion Moves Clause: Evasion moves are banned
|rule|Endless Battle Clause: Forcing endless battles is banned
|rule|HP Percentage Mod: HP is shown in percentages
|rule|Dynamax Clause: You cannot dynamax
|clearpoke
|poke|p1|Mew|
|poke|p1|Weavile, F|
|poke|p1|Celesteela|
|poke|p1|Garchomp, M|
|poke|p1|Blacephalon|
|poke|p1|Crawdaunt, M|
|poke|p2|Garchomp, M|
|poke|p2|Moltres-Galar|
|poke|p2|Melmetal|
|poke|p2|Urshifu-*, F|
|poke|p2|Rillaboom, M|
|poke|p2|Latias, F|
|teampreview
|inactive|Battle timer is ON: inactive players will automatically lose when time's up. (requested by N30N3)
|
|t:|1659360784
|start
|switch|p1a: Mew|Mew, shiny|100/100
|switch|p2a: Moltres|Moltres-Galar|100/100
|turn|1
|
|t:|1659360787
|move|p1a: Mew|Thunder Wave|p2a: Moltres
|-status|p2a: Moltres|par
|cant|p2a: Moltres|par
|
|upkeep
|turn|2
|j| return nirvana
|
|t:|1659360793
|move|p1a: Mew|Stealth Rock|p2a: Moltres
|-sidestart|p2: N30N3|move: Stealth Rock
|move|p2a: Moltres|Fiery Wrath|p1a: Mew
|-supereffective|p1a: Mew
|-damage|p1a: Mew|30/100
|
|upkeep
|turn|3
|
|t:|1659360798
|switch|p2a: Urshifu|Urshifu-Rapid-Strike, F|100/100
|-damage|p2a: Urshifu|94/100|[from] Stealth Rock
|move|p1a: Mew|Spikes|p2a: Urshifu
|-sidestart|p2: N30N3|Spikes
|
|upkeep
|turn|4
|j| ayayalaptop
|
|t:|1659360801
|move|p2a: Urshifu|U-turn|p1a: Mew
|-supereffective|p1a: Mew
|-damage|p1a: Mew|0 fnt
|faint|p1a: Mew
|j| eating stone
|
|t:|1659360810
|switch|p2a: Rillaboom|Rillaboom, M|100/100|[from]move: U-turn
|-damage|p2a: Rillaboom|88/100|[from] Stealth Rock
|-damage|p2a: Rillaboom|76/100|[from] Spikes
|-fieldstart|move: Grassy Terrain|[from] ability: Grassy Surge|[of] p2a: Rillaboom
|
|-heal|p2a: Rillaboom|82/100|[from] Grassy Terrain
|upkeep
|
|t:|1659360815
|switch|p1a: Blacephalon|Blacephalon, shiny|100/100
|turn|5
|
|t:|1659360819
|switch|p2a: Moltres|Moltres-Galar|100/100 par
|-damage|p2a: Moltres|76/100 par|[from] Stealth Rock
|move|p1a: Blacephalon|Flamethrower|p2a: Moltres
|-damage|p2a: Moltres|30/100 par
|-ability|p2a: Moltres|Berserk|boost
|-boost|p2a: Moltres|spa|1
|
|upkeep
|turn|6
|
|t:|1659360821
|switch|p2a: Garchomp|Garchomp, M|100/100
|-damage|p2a: Garchomp|94/100|[from] Stealth Rock
|-damage|p2a: Garchomp|82/100|[from] Spikes
|move|p1a: Blacephalon|Flamethrower|p2a: Garchomp
|-resisted|p2a: Garchomp
|-damage|p2a: Garchomp|55/100
|
|-heal|p2a: Garchomp|61/100|[from] Grassy Terrain
|upkeep
|turn|7
|
|t:|1659360826
|switch|p1a: Weavile|Weavile, F, shiny|100/100
|-ability|p1a: Weavile|Pressure
|move|p2a: Garchomp|Earthquake|p1a: Weavile
|-damage|p1a: Weavile|62/100
|
|-heal|p1a: Weavile|68/100|[from] Grassy Terrain
|-heal|p2a: Garchomp|67/100|[from] Grassy Terrain
|upkeep
|turn|8
|j| Tamagochi azulado
|
|t:|1659360830
|switch|p2a: Urshifu|Urshifu-Rapid-Strike, F|94/100
|-damage|p2a: Urshifu|88/100|[from] Stealth Rock
|-damage|p2a: Urshifu|76/100|[from] Spikes
|move|p1a: Weavile|Triple Axel|p2a: Urshifu
|-resisted|p2a: Urshifu
|-damage|p2a: Urshifu|69/100
|-resisted|p2a: Urshifu
|-damage|p2a: Urshifu|55/100
|-resisted|p2a: Urshifu
|-damage|p2a: Urshifu|34/100
|-hitcount|p2a: Urshifu|3
|-damage|p1a: Weavile|58/100|[from] item: Life Orb
|
|-heal|p2a: Urshifu|40/100|[from] Grassy Terrain
|-heal|p1a: Weavile|64/100|[from] Grassy Terrain
|-fieldend|move: Grassy Terrain
|upkeep
|turn|9
|j| d18l
|
|t:|1659360838
|switch|p1a: Garchomp|Garchomp, M, shiny|100/100
|move|p2a: Urshifu|Surging Strikes|p1a: Garchomp
|-crit|p1a: Garchomp
|-damage|p1a: Garchomp|79/100
|-damage|p2a: Urshifu|28/100|[from] ability: Rough Skin|[of] p1a: Garchomp
|-crit|p1a: Garchomp
|-damage|p1a: Garchomp|57/100
|-damage|p2a: Urshifu|16/100|[from] ability: Rough Skin|[of] p1a: Garchomp
|-crit|p1a: Garchomp
|-damage|p1a: Garchomp|39/100
|-damage|p2a: Urshifu|3/100|[from] ability: Rough Skin|[of] p1a: Garchomp
|-hitcount|p1a: Garchomp|3
|
|upkeep
|turn|10
|
|t:|1659360846
|switch|p2a: Rillaboom|Rillaboom, M|82/100
|-damage|p2a: Rillaboom|70/100|[from] Stealth Rock
|-damage|p2a: Rillaboom|57/100|[from] Spikes
|-fieldstart|move: Grassy Terrain|[from] ability: Grassy Surge|[of] p2a: Rillaboom
|move|p1a: Garchomp|Swords Dance|p1a: Garchomp
|-boost|p1a: Garchomp|atk|2
|
|-heal|p1a: Garchomp|45/100|[from] Grassy Terrain
|-heal|p2a: Rillaboom|64/100|[from] Grassy Terrain
|upkeep
|turn|11
|
|t:|1659360853
|switch|p1a: Celesteela|Celesteela, shiny|100/100
|move|p2a: Rillaboom|Grassy Glide|p1a: Celesteela
|-resisted|p1a: Celesteela
|-damage|p1a: Celesteela|85/100
|
|-heal|p2a: Rillaboom|70/100|[from] Grassy Terrain
|upkeep
|turn|12
|l| eating stone
|j| Luirromen
|
|t:|1659360858
|switch|p2a: Latias|Latias, F|100/100
|-damage|p2a: Latias|88/100|[from] Stealth Rock
|move|p1a: Celesteela|Air Slash|p2a: Latias
|-damage|p2a: Latias|57/100
|
|upkeep
|turn|13
|
|t:|1659360861
|switch|p1a: Garchomp|Garchomp, M, shiny|45/100
|move|p2a: Latias|Trick|p1a: Garchomp
|-activate|p2a: Latias|move: Trick|[of] p1a: Garchomp
|-item|p1a: Garchomp|Choice Scarf|[from] move: Trick
|-item|p2a: Latias|Lum Berry|[from] move: Trick
|
|-heal|p1a: Garchomp|51/100|[from] Grassy Terrain
|upkeep
|turn|14
|
|t:|1659360866
|switch|p2a: Melmetal|Melmetal|100/100
|-damage|p2a: Melmetal|94/100|[from] Stealth Rock
|-damage|p2a: Melmetal|82/100|[from] Spikes
|move|p1a: Garchomp|Scale Shot|p2a: Melmetal
|-resisted|p2a: Melmetal
|-damage|p2a: Melmetal|78/100
|-resisted|p2a: Melmetal
|-damage|p2a: Melmetal|75/100
|-hitcount|p2a: Melmetal|2
|-unboost|p1a: Garchomp|def|1
|-boost|p1a: Garchomp|spe|1
|
|-heal|p1a: Garchomp|57/100|[from] Grassy Terrain
|-heal|p2a: Melmetal|81/100|[from] Grassy Terrain
|-heal|p2a: Melmetal|87/100|[from] item: Leftovers
|-fieldend|move: Grassy Terrain
|upkeep
|turn|15
|j| isabela000◥▶_◀◤
|j| cute pink team
|inactive|LT91BB Mimi has 120 seconds left.
|
|t:|1659360896
|switch|p1a: Blacephalon|Blacephalon, shiny|100/100
|move|p2a: Melmetal|Double Iron Bash|p1a: Blacephalon
|-resisted|p1a: Blacephalon
|-damage|p1a: Blacephalon|65/100
|-resisted|p1a: Blacephalon
|-damage|p1a: Blacephalon|28/100
|-hitcount|p1a: Blacephalon|2
|
|-heal|p2a: Melmetal|93/100|[from] item: Leftovers
|upkeep
|turn|16
|
|t:|1659360907
|switch|p2a: Moltres|Moltres-Galar|30/100 par
|-damage|p2a: Moltres|5/100 par|[from] Stealth Rock
|move|p1a: Blacephalon|Flamethrower|p2a: Moltres
|-damage|p2a: Moltres|0 fnt
|faint|p2a: Moltres
|-ability|p1a: Blacephalon|Beast Boost|boost
|-boost|p1a: Blacephalon|spa|1
|
|upkeep
|l| Tamagochi azulado
|
|t:|1659360911
|switch|p2a: Rillaboom|Rillaboom, M|70/100
|-damage|p2a: Rillaboom|57/100|[from] Stealth Rock
|-damage|p2a: Rillaboom|45/100|[from] Spikes
|-fieldstart|move: Grassy Terrain|[from] ability: Grassy Surge|[of] p2a: Rillaboom
|turn|17
|
|t:|1659360925
|switch|p1a: Garchomp|Garchomp, M, shiny|57/100
|switch|p2a: Melmetal|Melmetal|93/100
|-damage|p2a: Melmetal|87/100|[from] Stealth Rock
|-damage|p2a: Melmetal|75/100|[from] Spikes
|
|-heal|p1a: Garchomp|64/100|[from] Grassy Terrain
|-heal|p2a: Melmetal|81/100|[from] Grassy Terrain
|-heal|p2a: Melmetal|87/100|[from] item: Leftovers
|upkeep
|turn|18
|
|t:|1659360928
|move|p1a: Garchomp|Earthquake|p2a: Melmetal
|-supereffective|p2a: Melmetal
|-damage|p2a: Melmetal|57/100
|move|p2a: Melmetal|Acid Armor|p2a: Melmetal
|-boost|p2a: Melmetal|def|2
|
|-heal|p1a: Garchomp|70/100|[from] Grassy Terrain
|-heal|p2a: Melmetal|63/100|[from] Grassy Terrain
|-heal|p2a: Melmetal|69/100|[from] item: Leftovers
|upkeep
|turn|19
|
|t:|1659360939
|switch|p1a: Celesteela|Celesteela, shiny|85/100
|move|p2a: Melmetal|Acid Armor|p2a: Melmetal
|-boost|p2a: Melmetal|def|2
|
|-heal|p2a: Melmetal|76/100|[from] Grassy Terrain
|-heal|p2a: Melmetal|82/100|[from] item: Leftovers
|upkeep
|turn|20
|
|t:|1659360960
|move|p1a: Celesteela|Flamethrower|p2a: Melmetal
|-supereffective|p2a: Melmetal
|-damage|p2a: Melmetal|42/100
|move|p2a: Melmetal|Body Press|p1a: Celesteela
|-damage|p1a: Celesteela|4/100
|
|-heal|p2a: Melmetal|48/100|[from] Grassy Terrain
|-heal|p2a: Melmetal|54/100|[from] item: Leftovers
|upkeep
|turn|21
|
|t:|1659360969
|move|p1a: Celesteela|Flamethrower|p2a: Melmetal
|-supereffective|p2a: Melmetal
|-damage|p2a: Melmetal|13/100
|move|p2a: Melmetal|Body Press|p1a: Celesteela
|-damage|p1a: Celesteela|0 fnt
|faint|p1a: Celesteela
|
|-heal|p2a: Melmetal|19/100|[from] Grassy Terrain
|-heal|p2a: Melmetal|26/100|[from] item: Leftovers
|-fieldend|move: Grassy Terrain
|upkeep
|
|t:|1659360973
|switch|p1a: Blacephalon|Blacephalon, shiny|28/100
|turn|22
|
|t:|1659360978
|move|p1a: Blacephalon|Shadow Ball|p2a: Melmetal
|-damage|p2a: Melmetal|0 fnt
|faint|p2a: Melmetal
|-ability|p1a: Blacephalon|Beast Boost|boost
|-boost|p1a: Blacephalon|spa|1
|
|upkeep
|j| Cocomelon Esports
|
|t:|1659360980
|switch|p2a: Rillaboom|Rillaboom, M|45/100
|-damage|p2a: Rillaboom|33/100|[from] Stealth Rock
|-damage|p2a: Rillaboom|20/100|[from] Spikes
|-fieldstart|move: Grassy Terrain|[from] ability: Grassy Surge|[of] p2a: Rillaboom
|turn|23
|
|t:|1659360985
|switch|p1a: Garchomp|Garchomp, M, shiny|70/100
|move|p2a: Rillaboom|Grassy Glide|p1a: Garchomp
|-damage|p1a: Garchomp|6/100
|-damage|p2a: Rillaboom|8/100|[from] ability: Rough Skin|[of] p1a: Garchomp
|
|-heal|p1a: Garchomp|12/100|[from] Grassy Terrain
|-heal|p2a: Rillaboom|14/100|[from] Grassy Terrain
|upkeep
|turn|24
|
|t:|1659360990
|move|p2a: Rillaboom|Grassy Glide|p1a: Garchomp
|-crit|p1a: Garchomp
|-damage|p1a: Garchomp|0 fnt
|-damage|p2a: Rillaboom|2/100|[from] ability: Rough Skin|[of] p1a: Garchomp
|faint|p1a: Garchomp
|
|-heal|p2a: Rillaboom|8/100|[from] Grassy Terrain
|upkeep
|
|t:|1659360994
|switch|p1a: Weavile|Weavile, F, shiny|64/100
|-ability|p1a: Weavile|Pressure
|turn|25
|j| De la Bourdonnais
|
|t:|1659360998
|move|p1a: Weavile|Ice Shard|p2a: Rillaboom
|-supereffective|p2a: Rillaboom
|-damage|p2a: Rillaboom|0 fnt
|faint|p2a: Rillaboom
|-damage|p1a: Weavile|54/100|[from] item: Life Orb
|
|-heal|p1a: Weavile|60/100|[from] Grassy Terrain
|upkeep
|
|t:|1659360999
|switch|p2a: Latias|Latias, F|57/100
|-damage|p2a: Latias|45/100|[from] Stealth Rock
|turn|26
|
|t:|1659361004
|move|p1a: Weavile|Ice Shard|p2a: Latias
|-supereffective|p2a: Latias
|-damage|p2a: Latias|0 fnt
|faint|p2a: Latias
|-damage|p1a: Weavile|50/100|[from] item: Life Orb
|
|-heal|p1a: Weavile|56/100|[from] Grassy Terrain
|upkeep
|-message|N30N3 forfeited.
|
|win|LT91BB Mimi
|raw|LT91BB Mimi's rating: 1936 &rarr; <strong>1954</strong><br />(+18 for winning)
|raw|N30N3's rating: 1898 &rarr; <strong>1880</strong><br />(-18 for losing)
|l|☆N30N3
|c|☆LT91BB Mimi|gg
|l| De la Bourdonnais
