|j|☆SleepyNeil
|j|☆vagmak
|t:|1644537059
|gametype|singles
|player|p1|SleepyNeil|lucas|1718
|player|p2|vagmak|brawly|1759
|teamsize|p1|6
|teamsize|p2|6
|gen|8
|tier|[Gen 8] OU
|rated|
|rule|Sleep Clause Mod: Limit one foe put to sleep
|rule|Species Clause: Limit one of each Pokémon
|rule|OHKO Clause: OHKO moves are banned
|rule|Evasion Moves Clause: Evasion moves are banned
|rule|Endless Battle Clause: Forcing endless battles is banned
|rule|HP Percentage Mod: HP is shown in percentages
|rule|Dynamax Clause: You cannot dynamax
|clearpoke
|poke|p1|Corviknight, F|
|poke|p1|Buzzwole|
|poke|p1|Weavile, F|
|poke|p1|Rotom-Wash|
|poke|p1|Garchomp, F|
|poke|p1|Slowking-Galar, M|
|poke|p2|Garchomp, F|
|poke|p2|Melmetal|
|poke|p2|Zapdos|
|poke|p2|Kartana|
|poke|p2|Mamoswine, M|
|poke|p2|Urshifu-*, F|
|teampreview
|inactive|Battle timer is ON: inactive players will automatically lose when time's up. (requested by vagmak)
|
|t:|1644537069
|start
|switch|p1a: Rotom|Rotom-Wash|100/100
|switch|p2a: Kartana|Kartana|100/100
|turn|1
|
|t:|1644537074
|switch|p1a: Buzzwole|Buzzwole|100/100
|move|p2a: Kartana|Swords Dance|p2a: Kartana
|-boost|p2a: Kartana|atk|2
|
|upkeep
|turn|2
|
|t:|1644537079
|move|p2a: Kartana|Knock Off|p1a: Buzzwole
|-resisted|p1a: Buzzwole
|-damage|p1a: Buzzwole|66/100
|-damage|p2a: Kartana|84/100|[from] item: Rocky Helmet|[of] p1a: Buzzwole
|-enditem|p1a: Buzzwole|Rocky Helmet|[from] move: Knock Off|[of] p2a: Kartana
|-damage|p2a: Kartana|74/100|[from] item: Life Orb
|move|p1a: Buzzwole|Close Combat|p2a: Kartana
|-supereffective|p2a: Kartana
|-damage|p2a: Kartana|0 fnt
|-unboost|p1a: Buzzwole|def|1
|-unboost|p1a: Buzzwole|spd|1
|faint|p2a: Kartana
|-ability|p1a: Buzzwole|Beast Boost|boost
|-boost|p1a: Buzzwole|atk|1
|
|upkeep
|
|t:|1644537096
|switch|p2a: Urshifu|Urshifu-Rapid-Strike, F|100/100
|turn|3
|
|t:|1644537105
|switch|p1a: Rotom|Rotom-Wash|100/100
|move|p2a: Urshifu|Surging Strikes|p1a: Rotom
|-resisted|p1a: Rotom
|-crit|p1a: Rotom
|-damage|p1a: Rotom|86/100
|-resisted|p1a: Rotom
|-crit|p1a: Rotom
|-damage|p1a: Rotom|70/100
|-resisted|p1a: Rotom
|-crit|p1a: Rotom
|-damage|p1a: Rotom|55/100
|-hitcount|p1a: Rotom|3
|-damage|p2a: Urshifu|91/100|[from] item: Life Orb
|
|upkeep
|turn|4
|j| hypno#1
|j| LT_Alt1
|
|t:|1644537116
|switch|p1a: Slowking|Slowking-Galar, M|100/100
|move|p2a: Urshifu|Close Combat|p1a: Slowking
|-resisted|p1a: Slowking
|-damage|p1a: Slowking|79/100
|-unboost|p2a: Urshifu|def|1
|-unboost|p2a: Urshifu|spd|1
|-damage|p2a: Urshifu|81/100|[from] item: Life Orb
|
|upkeep
|turn|5
|l| hypno#1
|
|t:|1644537127
|switch|p1a: Garchomp|Garchomp, F|100/100
|move|p2a: Urshifu|Surging Strikes|p1a: Garchomp
|-crit|p1a: Garchomp
|-damage|p1a: Garchomp|73/100
|-damage|p2a: Urshifu|68/100|[from] ability: Rough Skin|[of] p1a: Garchomp
|-crit|p1a: Garchomp
|-damage|p1a: Garchomp|44/100
|-damage|p2a: Urshifu|56/100|[from] ability: Rough Skin|[of] p1a: Garchomp
|-crit|p1a: Garchomp
|-damage|p1a: Garchomp|14/100
|-damage|p2a: Urshifu|44/100|[from] ability: Rough Skin|[of] p1a: Garchomp
|-hitcount|p1a: Garchomp|3
|-damage|p2a: Urshifu|34/100|[from] item: Life Orb
|
|-heal|p1a: Garchomp|20/100|[from] item: Leftovers
|upkeep
|turn|6
|j| Marquesa-10%
|
|t:|1644537142
|move|p2a: Urshifu|Aqua Jet|p1a: Garchomp
|-damage|p1a: Garchomp|0 fnt
|-damage|p2a: Urshifu|21/100|[from] ability: Rough Skin|[of] p1a: Garchomp
|faint|p1a: Garchomp
|-damage|p2a: Urshifu|11/100|[from] item: Life Orb
|
|upkeep
|
|t:|1644537144
|switch|p1a: Weavile|Weavile, F|100/100
|-ability|p1a: Weavile|Pressure
|turn|7
|
|t:|1644537153
|switch|p2a: Melmetal|Melmetal|100/100
|move|p1a: Weavile|Ice Shard|p2a: Melmetal
|-resisted|p2a: Melmetal
|-damage|p2a: Melmetal|94/100
|
|upkeep
|turn|8
|
|t:|1644537162
|switch|p1a: Buzzwole|Buzzwole|66/100
|move|p2a: Melmetal|Double Iron Bash|p1a: Buzzwole
|-damage|p1a: Buzzwole|38/100
|-damage|p1a: Buzzwole|12/100
|-hitcount|p1a: Buzzwole|2
|
|upkeep
|turn|9
|
|t:|1644537174
|switch|p2a: Zapdos|Zapdos|100/100
|move|p1a: Buzzwole|Roost|p1a: Buzzwole
|-heal|p1a: Buzzwole|62/100
|-singleturn|p1a: Buzzwole|move: Roost
|
|upkeep
|turn|10
|
|t:|1644537180
|switch|p1a: Slowking|Slowking-Galar, M|100/100
|move|p2a: Zapdos|Hurricane|p1a: Slowking
|-damage|p1a: Slowking|68/100
|
|upkeep
|turn|11
|
|t:|1644537186
|switch|p2a: Melmetal|Melmetal|94/100
|move|p1a: Slowking|Future Sight|p2a: Melmetal
|-start|p1a: Slowking|move: Future Sight
|
|upkeep
|turn|12
|
|t:|1644537191
|switch|p1a: Corviknight|Corviknight, F|100/100
|-ability|p1a: Corviknight|Pressure
|move|p2a: Melmetal|Double Iron Bash|p1a: Corviknight
|-resisted|p1a: Corviknight
|-damage|p1a: Corviknight|83/100
|-resisted|p1a: Corviknight
|-damage|p1a: Corviknight|67/100
|-hitcount|p1a: Corviknight|2
|
|-heal|p1a: Corviknight|73/100|[from] item: Leftovers
|upkeep
|turn|13
|
|t:|1644537201
|move|p1a: Corviknight|Roost|p1a: Corviknight
|-heal|p1a: Corviknight|100/100
|-singleturn|p1a: Corviknight|move: Roost
|move|p2a: Melmetal|Thunder Punch|p1a: Corviknight
|-damage|p1a: Corviknight|68/100
|
|-end|p2a: Melmetal|move: Future Sight
|-resisted|p2a: Melmetal
|-damage|p2a: Melmetal|78/100
|-heal|p1a: Corviknight|75/100|[from] item: Leftovers
|upkeep
|turn|14
|
|t:|1644537212
|move|p1a: Corviknight|U-turn|p2a: Melmetal
|-resisted|p2a: Melmetal
|-damage|p2a: Melmetal|73/100
|
|t:|1644537214
|switch|p1a: Buzzwole|Buzzwole|62/100|[from]move: U-turn
|move|p2a: Melmetal|Thunder Punch|p1a: Buzzwole
|-damage|p1a: Buzzwole|39/100
|
|upkeep
|turn|15
|j| setsetst
|
|t:|1644537220
|move|p1a: Buzzwole|Roost|p1a: Buzzwole
|-heal|p1a: Buzzwole|89/100
|-singleturn|p1a: Buzzwole|move: Roost
|move|p2a: Melmetal|Double Iron Bash|p1a: Buzzwole
|-damage|p1a: Buzzwole|60/100
|-damage|p1a: Buzzwole|33/100
|-hitcount|p1a: Buzzwole|2
|
|upkeep
|turn|16
|
|t:|1644537235
|switch|p2a: Zapdos|Zapdos|100/100
|move|p1a: Buzzwole|Close Combat|p2a: Zapdos
|-resisted|p2a: Zapdos
|-damage|p2a: Zapdos|60/100
|-unboost|p1a: Buzzwole|def|1
|-unboost|p1a: Buzzwole|spd|1
|
|upkeep
|turn|17
|
|t:|1644537243
|switch|p1a: Slowking|Slowking-Galar, M|100/100
|move|p2a: Zapdos|Roost|p2a: Zapdos
|-heal|p2a: Zapdos|100/100
|-singleturn|p2a: Zapdos|move: Roost
|
|upkeep
|turn|18
|j| Causeitcouldmiss
|
|t:|1644537258
|switch|p2a: Garchomp|Garchomp, F|100/100
|move|p1a: Slowking|Ice Beam|p2a: Garchomp
|-supereffective|p2a: Garchomp
|-damage|p2a: Garchomp|0 fnt
|faint|p2a: Garchomp
|
|upkeep
|
|t:|1644537264
|switch|p2a: Mamoswine|Mamoswine, M|100/100
|turn|19
|j| Hamdidu06
|
|t:|1644537267
|switch|p1a: Corviknight|Corviknight, F|75/100
|-ability|p1a: Corviknight|Pressure
|move|p2a: Mamoswine|Icicle Crash|p1a: Corviknight
|-damage|p1a: Corviknight|36/100
|
|-heal|p1a: Corviknight|42/100|[from] item: Leftovers
|upkeep
|turn|20
|
|t:|1644537276
|move|p2a: Mamoswine|Icicle Crash|p1a: Corviknight
|-damage|p1a: Corviknight|2/100
|move|p1a: Corviknight|Roost|p1a: Corviknight
|-heal|p1a: Corviknight|52/100
|-singleturn|p1a: Corviknight|move: Roost
|
|-heal|p1a: Corviknight|58/100|[from] item: Leftovers
|upkeep
|turn|21
|
|t:|1644537285
|move|p2a: Mamoswine|Icicle Crash|p1a: Corviknight
|-damage|p1a: Corviknight|16/100
|cant|p1a: Corviknight|flinch
|
|-heal|p1a: Corviknight|22/100|[from] item: Leftovers
|upkeep
|turn|22
|
|t:|1644537291
|move|p2a: Mamoswine|Icicle Crash|p1a: Corviknight
|-damage|p1a: Corviknight|0 fnt
|faint|p1a: Corviknight
|
|upkeep
|
|t:|1644537293
|switch|p1a: Rotom|Rotom-Wash|55/100
|turn|23
|
|t:|1644537305
|switch|p2a: Melmetal|Melmetal|73/100
|move|p1a: Rotom|Hydro Pump|p2a: Melmetal
|-damage|p2a: Melmetal|34/100
|
|upkeep
|turn|24
|
|t:|1644537311
|move|p1a: Rotom|Hydro Pump|p2a: Melmetal
|-damage|p2a: Melmetal|0 fnt
|faint|p2a: Melmetal
|
|upkeep
|
|t:|1644537315
|switch|p2a: Urshifu|Urshifu-Rapid-Strike, F|11/100
|turn|25
|l| Hamdidu06
|j| Hamdidu06
|l| Hamdidu06
|
|t:|1644537328
|switch|p1a: Slowking|Slowking-Galar, M|100/100
|move|p2a: Urshifu|Close Combat|p1a: Slowking
|-resisted|p1a: Slowking
|-damage|p1a: Slowking|80/100
|-unboost|p2a: Urshifu|def|1
|-unboost|p2a: Urshifu|spd|1
|-damage|p2a: Urshifu|1/100|[from] item: Life Orb
|
|upkeep
|turn|26
|
|t:|1644537344
|switch|p1a: Buzzwole|Buzzwole|33/100
|move|p2a: Urshifu|Surging Strikes|p1a: Buzzwole
|-crit|p1a: Buzzwole
|-damage|p1a: Buzzwole|15/100
|-crit|p1a: Buzzwole
|-damage|p1a: Buzzwole|0 fnt
|faint|p1a: Buzzwole
|-hitcount|p1: Buzzwole|2
|-damage|p2a: Urshifu|0 fnt|[from] item: Life Orb
|faint|p2a: Urshifu
|
|upkeep
|
|t:|1644537355
|switch|p2a: Zapdos|Zapdos|100/100
|switch|p1a: Weavile|Weavile, F|100/100
|-ability|p1a: Weavile|Pressure
|turn|27
|
|t:|1644537361
|move|p1a: Weavile|Knock Off|p2a: Zapdos
|-damage|p2a: Zapdos|37/100
|-status|p1a: Weavile|par|[from] ability: Static|[of] p2a: Zapdos
|-enditem|p2a: Zapdos|Heavy-Duty Boots|[from] move: Knock Off|[of] p1a: Weavile
|move|p2a: Zapdos|Heat Wave|p1a: Weavile|[miss]
|-miss|p2a: Zapdos|p1a: Weavile
|
|upkeep
|turn|28
|
|t:|1644537369
|switch|p2a: Mamoswine|Mamoswine, M|100/100
|move|p1a: Weavile|Ice Shard|p2a: Mamoswine
|-damage|p2a: Mamoswine|89/100
|
|upkeep
|turn|29
|
|t:|1644537375
|move|p2a: Mamoswine|Icicle Crash|p1a: Weavile
|-resisted|p1a: Weavile
|-damage|p1a: Weavile|60/100 par
|cant|p1a: Weavile|par
|
|upkeep
|turn|30
|
|t:|1644537380
|move|p2a: Mamoswine|Earthquake|p1a: Weavile
|-damage|p1a: Weavile|0 fnt
|faint|p1a: Weavile
|
|upkeep
|
|t:|1644537383
|switch|p1a: Rotom|Rotom-Wash|55/100
|turn|31
|
|t:|1644537389
|move|p2a: Mamoswine|Icicle Crash|p1a: Rotom
|-resisted|p1a: Rotom
|-damage|p1a: Rotom|30/100
|cant|p1a: Rotom|flinch
|
|upkeep
|turn|32
|
|t:|1644537398
|switch|p2a: Zapdos|Zapdos|37/100
|move|p1a: Rotom|Hydro Pump|p2a: Zapdos
|-damage|p2a: Zapdos|0 fnt
|faint|p2a: Zapdos
|
|upkeep
|
|t:|1644537404
|switch|p2a: Mamoswine|Mamoswine, M|89/100
|turn|33
|
|t:|1644537407
|move|p2a: Mamoswine|Icicle Crash|p1a: Rotom|[miss]
|-miss|p2a: Mamoswine|p1a: Rotom
|move|p1a: Rotom|Hydro Pump|p2a: Mamoswine|[miss]
|-miss|p1a: Rotom|p2a: Mamoswine
|
|upkeep
|turn|34
|
|t:|1644537413
|move|p2a: Mamoswine|Icicle Crash|p1a: Rotom
|-resisted|p1a: Rotom
|-damage|p1a: Rotom|3/100
|move|p1a: Rotom|Hydro Pump|p2a: Mamoswine
|-supereffective|p2a: Mamoswine
|-damage|p2a: Mamoswine|0 fnt
|faint|p2a: Mamoswine
|
|win|SleepyNeil
|raw|SleepyNeil's rating: 1718 &rarr; <strong>1740</strong><br />(+22 for winning)
|raw|vagmak's rating: 1759 &rarr; <strong>1737</strong><br />(-22 for losing)
|c|☆SleepyNeil|thank goodness
|l|☆vagmak
|l| setsetst
||Ladder isn't responding, score probably updated but might not have (Request timeout).
|l| Causeitcouldmiss
