|raw|<div class="broadcast-blue"><strong>This battle is required to be public due to a player having a name prefixed by 'LT72MS'.</div>
|j|☆LT72MS TDNT
|j|☆relic stone
|t:|1597967593
|player|p1|LT72MS TDNT|hilbert|1805
|player|p2|relic stone|lusamine-nihilego|1835
|teamsize|p1|6
|teamsize|p2|6
|gametype|singles
|gen|8
|tier|[Gen 8] OU
|rated|
|clearpoke
|poke|p1|Necrozma|
|poke|p1|Scizor, F|
|poke|p1|Rillaboom, F|
|poke|p1|Crawdaunt, M|
|poke|p1|Togekiss, F|
|poke|p1|Zeraora|
|poke|p2|Rotom-Heat|
|poke|p2|Rhyperior, M|
|poke|p2|Weezing-Galar, M|
|poke|p2|Mandibuzz, F|
|poke|p2|Ferrothorn, M|
|poke|p2|Urshifu-*, M|
|rule|Sleep Clause Mod: Limit one foe put to sleep
|rule|Species Clause: Limit one of each Pokémon
|rule|OHKO Clause: OHKO moves are banned
|rule|Evasion Moves Clause: Evasion moves are banned
|rule|Endless Battle Clause: Forcing endless battles is banned
|rule|HP Percentage Mod: HP is shown in percentages
|rule|Dynamax Clause: You cannot dynamax
|teampreview
|c|☆LT72MS TDNT|hf
|c|☆relic stone|hf
|
|t:|1597967606
|start
|switch|p1a: Togekiss|Togekiss, F|100/100
|switch|p2a: Poseidon-Blade|Urshifu-Rapid-Strike, M|100/100
|turn|1
|inactive|Battle timer is ON: inactive players will automatically lose when time's up. (requested by LT72MS TDNT)
|
|t:|1597967609
|move|p2a: Poseidon-Blade|U-turn|p1a: Togekiss
|-resisted|p1a: Togekiss
|-damage|p1a: Togekiss|93/100
|
|t:|1597967611
|switch|p2a: Mortar|Rhyperior, M|100/100|[from]move: U-turn
|move|p1a: Togekiss|Air Slash|p2a: Mortar
|-resisted|p2a: Mortar
|-damage|p2a: Mortar|72/100
|
|-heal|p2a: Mortar|78/100|[from] item: Leftovers
|upkeep
|turn|2
|
|t:|1597967618
|switch|p1a: Necrozma|Necrozma|100/100
|move|p2a: Mortar|Heat Crash|p1a: Necrozma
|-damage|p1a: Necrozma|86/100
|
|-heal|p2a: Mortar|84/100|[from] item: Leftovers
|upkeep
|turn|3
|
|t:|1597967623
|move|p1a: Necrozma|Stealth Rock|p2a: Mortar
|-sidestart|p2: relic stone|move: Stealth Rock
|move|p2a: Mortar|High Horsepower|p1a: Necrozma
|-damage|p1a: Necrozma|30/100
|
|-heal|p2a: Mortar|91/100|[from] item: Leftovers
|upkeep
|turn|4
|
|t:|1597967628
|move|p2a: Mortar|Protect|p2a: Mortar
|-singleturn|p2a: Mortar|Protect
|move|p1a: Necrozma|Meteor Beam||[still]
|-prepare|p1a: Necrozma|Meteor Beam
|-boost|p1a: Necrozma|spa|1
|-enditem|p1a: Necrozma|Power Herb
|-anim|p1a: Necrozma|Meteor Beam|p2a: Mortar
|-activate|p2a: Mortar|move: Protect
|
|-heal|p2a: Mortar|97/100|[from] item: Leftovers
|upkeep
|turn|5
|
|t:|1597967632
|switch|p2a: Yami|Mandibuzz, F, shiny|100/100
|move|p1a: Necrozma|Psyshock|p2a: Yami
|-immune|p2a: Yami
|
|upkeep
|turn|6
|
|t:|1597967638
|move|p1a: Necrozma|Meteor Beam||[still]
|-prepare|p1a: Necrozma|Meteor Beam
|-boost|p1a: Necrozma|spa|1
|move|p2a: Yami|Defog|p1a: Necrozma
|-unboost|p1a: Necrozma|evasion|1
|-sideend|p2: relic stone|Stealth Rock|[from] move: Defog|[of] p2a: Yami
|
|upkeep
|turn|7
|j| Iarimm
|
|t:|1597967641
|switch|p2a: Poseidon-Blade|Urshifu-Rapid-Strike, M|100/100
|move|p1a: Necrozma|Meteor Beam|p2a: Poseidon-Blade|[from]lockedmove
|-resisted|p2a: Poseidon-Blade
|-damage|p2a: Poseidon-Blade|38/100
|
|upkeep
|turn|8
|
|t:|1597967650
|move|p2a: Poseidon-Blade|Surging Strikes|p1a: Necrozma
|-crit|p1a: Necrozma
|-damage|p1a: Necrozma|10/100
|-crit|p1a: Necrozma
|-damage|p1a: Necrozma|0 fnt
|-hitcount|p1a: Necrozma|2
|faint|p1a: Necrozma
|
|upkeep
|
|t:|1597967652
|switch|p1a: Rillaboom|Rillaboom, F|100/100
|-fieldstart|move: Grassy Terrain|[from] ability: Grassy Surge|[of] p1a: Rillaboom
|turn|9
|
|t:|1597967657
|switch|p2a: Sentiments|Weezing-Galar, M|100/100
|-ability|p2a: Sentiments|Neutralizing Gas
|move|p1a: Rillaboom|U-turn|p2a: Sentiments
|-resisted|p2a: Sentiments
|-damage|p2a: Sentiments|95/100
|-damage|p1a: Rillaboom|84/100|[from] item: Rocky Helmet|[of] p2a: Sentiments
|
|t:|1597967674
|switch|p1a: Scizor|Scizor, F|100/100|[from]move: U-turn
|
|-heal|p2a: Sentiments|100/100|[from] Grassy Terrain
|upkeep
|turn|10
|
|t:|1597967678
|move|p1a: Scizor|Knock Off|p2a: Sentiments
|-resisted|p2a: Sentiments
|-damage|p2a: Sentiments|86/100
|-damage|p1a: Scizor|84/100|[from] item: Rocky Helmet|[of] p2a: Sentiments
|-enditem|p2a: Sentiments|Rocky Helmet|[from] move: Knock Off|[of] p1a: Scizor
|-damage|p1a: Scizor|74/100|[from] item: Life Orb
|move|p2a: Sentiments|Will-O-Wisp|p1a: Scizor
|-status|p1a: Scizor|brn
|
|-heal|p1a: Scizor|80/100 brn|[from] Grassy Terrain
|-heal|p2a: Sentiments|92/100|[from] Grassy Terrain
|-damage|p1a: Scizor|74/100 brn|[from] brn
|upkeep
|turn|11
|
|t:|1597967687
|switch|p2a: Temple|Ferrothorn, M|100/100
|move|p1a: Scizor|Knock Off|p2a: Temple
|-damage|p2a: Temple|81/100
|-damage|p1a: Scizor|62/100 brn|[from] ability: Iron Barbs|[of] p2a: Temple
|-enditem|p2a: Temple|Leftovers|[from] move: Knock Off|[of] p1a: Scizor
|-damage|p1a: Scizor|52/100 brn|[from] item: Life Orb
|
|-heal|p1a: Scizor|58/100 brn|[from] Grassy Terrain
|-heal|p2a: Temple|87/100|[from] Grassy Terrain
|-damage|p1a: Scizor|52/100 brn|[from] brn
|upkeep
|turn|12
|
|t:|1597967690
|switch|p1a: Togekiss|Togekiss, F|93/100
|move|p2a: Temple|Stealth Rock|p1a: Togekiss
|-sidestart|p1: LT72MS TDNT|move: Stealth Rock
|
|-heal|p2a: Temple|94/100|[from] Grassy Terrain
|upkeep
|turn|13
|
|t:|1597967695
|move|p1a: Togekiss|Trick|p2a: Temple
|-activate|p1a: Togekiss|move: Trick|[of] p2a: Temple
|-item|p2a: Temple|Choice Scarf|[from] move: Trick
|-enditem|p1a: Togekiss|Choice Scarf|[silent]|[from] move: Trick
|move|p2a: Temple|Gyro Ball|p1a: Togekiss
|-supereffective|p1a: Togekiss
|-damage|p1a: Togekiss|8/100
|
|-heal|p2a: Temple|99/100|[from] Grassy Terrain
|-fieldend|move: Grassy Terrain
|upkeep
|turn|14
|
|t:|1597967701
|move|p1a: Togekiss|Flamethrower|p2a: Temple
|-supereffective|p2a: Temple
|-damage|p2a: Temple|25/100
|move|p2a: Temple|Gyro Ball|p1a: Togekiss
|-supereffective|p1a: Togekiss
|-damage|p1a: Togekiss|0 fnt
|faint|p1a: Togekiss
|
|upkeep
|
|t:|1597967707
|switch|p1a: Crawdaunt|Crawdaunt, M|100/100
|-damage|p1a: Crawdaunt|88/100|[from] Stealth Rock
|turn|15
|
|t:|1597967712
|switch|p2a: Sentiments|Weezing-Galar, M|92/100
|-ability|p2a: Sentiments|Neutralizing Gas
|move|p1a: Crawdaunt|Swords Dance|p1a: Crawdaunt
|-boost|p1a: Crawdaunt|atk|2
|
|upkeep
|turn|16
|
|t:|1597967714
|move|p1a: Crawdaunt|Crabhammer|p2a: Sentiments
|-damage|p2a: Sentiments|4/100
|-damage|p1a: Crawdaunt|78/100|[from] item: Life Orb
|move|p2a: Sentiments|Strange Steam|p1a: Crawdaunt
|-supereffective|p1a: Crawdaunt
|-damage|p1a: Crawdaunt|0 fnt
|faint|p1a: Crawdaunt
|
|upkeep
|
|t:|1597967722
|switch|p1a: Zeraora|Zeraora|100/100
|-damage|p1a: Zeraora|88/100|[from] Stealth Rock
|turn|17
|
|t:|1597967725
|move|p1a: Zeraora|Knock Off|p2a: Sentiments
|-resisted|p2a: Sentiments
|-damage|p2a: Sentiments|0 fnt
|-damage|p1a: Zeraora|78/100|[from] item: Life Orb
|faint|p2a: Sentiments
|
|upkeep
|
|t:|1597967728
|switch|p2a: Poseidon-Blade|Urshifu-Rapid-Strike, M|38/100
|turn|18
|
|t:|1597967732
|switch|p1a: Scizor|Scizor, F|52/100 brn
|-damage|p1a: Scizor|39/100 brn|[from] Stealth Rock
|move|p2a: Poseidon-Blade|Surging Strikes|p1a: Scizor
|-crit|p1a: Scizor
|-damage|p1a: Scizor|15/100 brn
|-crit|p1a: Scizor
|-damage|p1a: Scizor|0 fnt
|-hitcount|p1a: Scizor|2
|faint|p1a: Scizor
|
|upkeep
|
|t:|1597967733
|switch|p1a: Rillaboom|Rillaboom, F|84/100
|-damage|p1a: Rillaboom|72/100|[from] Stealth Rock
|-fieldstart|move: Grassy Terrain|[from] ability: Grassy Surge|[of] p1a: Rillaboom
|turn|19
|
|t:|1597967736
|switch|p2a: Temple|Ferrothorn, M|25/100
|move|p1a: Rillaboom|Wood Hammer|p2a: Temple
|-resisted|p2a: Temple
|-crit|p2a: Temple
|-damage|p2a: Temple|0 fnt
|-damage|p1a: Rillaboom|59/100|[from] ability: Iron Barbs|[of] p2a: Temple
|-damage|p1a: Rillaboom|51/100|[from] Recoil
|faint|p2a: Temple
|
|-heal|p1a: Rillaboom|57/100|[from] Grassy Terrain
|upkeep
|
|t:|1597967740
|switch|p2a: Poseidon-Blade|Urshifu-Rapid-Strike, M|38/100
|turn|20
|
|t:|1597967748
|move|p2a: Poseidon-Blade|U-turn|p1a: Rillaboom
|-supereffective|p1a: Rillaboom
|-damage|p1a: Rillaboom|0 fnt
|faint|p1a: Rillaboom
|
|t:|1597967753
|switch|p2a: Yami|Mandibuzz, F, shiny|100/100|[from]move: U-turn
|
|upkeep
|
|t:|1597967755
|switch|p1a: Zeraora|Zeraora|78/100
|-damage|p1a: Zeraora|66/100|[from] Stealth Rock
|turn|21
|c|☆relic stone|gg
|c|☆LT72MS TDNT|gg
|
|t:|1597967759
|move|p1a: Zeraora|Plasma Fists|p2a: Yami
|-supereffective|p2a: Yami
|-damage|p2a: Yami|15/100
|-fieldactivate|move: Ion Deluge
|-damage|p1a: Zeraora|56/100|[from] item: Life Orb
|move|p2a: Yami|Foul Play|p1a: Zeraora
|-damage|p1a: Zeraora|0 fnt
|faint|p1a: Zeraora
|
|win|relic stone
