|j|☆dddjfdw
|j|☆30orless
|t:|1667270605
|gametype|singles
|player|p1|dddjfdw|169|1632
|player|p2|30orless|2|1565
|teamsize|p1|6
|teamsize|p2|6
|gen|8
|tier|[Gen 8] OU
|rated|
|rule|Sleep Clause Mod: Limit one foe put to sleep
|rule|Species Clause: Limit one of each Pokémon
|rule|OHKO Clause: OHKO moves are banned
|rule|Evasion Items Clause: Evasion items are banned
|rule|Evasion Moves Clause: Evasion moves are banned
|rule|Endless Battle Clause: Forcing endless battles is banned
|rule|HP Percentage Mod: HP is shown in percentages
|rule|Dynamax Clause: You cannot dynamax
|clearpoke
|poke|p1|Landorus-Therian, M|
|poke|p1|Tyranitar, F|
|poke|p1|Ferrothorn, F|
|poke|p1|Excadrill, F|
|poke|p1|Tangrowth, F|
|poke|p1|Volcanion|
|poke|p2|Moltres|
|poke|p2|Hydreigon, M|
|poke|p2|Blaziken, F|
|poke|p2|Volcanion|
|poke|p2|Zapdos|
|poke|p2|Mamoswine, M|
|teampreview
|inactive|Battle timer is ON: inactive players will automatically lose when time's up. (requested by dddjfdw)
|
|t:|1667270622
|start
|switch|p1a: Volcanion|Volcanion|100/100
|switch|p2a: Hydreigon|Hydreigon, M|100/100
|turn|1
|
|t:|1667270633
|switch|p1a: Tyranitar|Tyranitar, F|100/100
|-weather|Sandstorm|[from] ability: Sand Stream|[of] p1a: Tyranitar
|move|p2a: Hydreigon|Dark Pulse|p1a: Tyranitar
|-resisted|p1a: Tyranitar
|-damage|p1a: Tyranitar|91/100
|
|-weather|Sandstorm|[upkeep]
|-damage|p2a: Hydreigon|94/100|[from] Sandstorm
|-heal|p1a: Tyranitar|98/100|[from] item: Leftovers
|upkeep
|turn|2
|
|t:|1667270642
|switch|p2a: Mamoswine|Mamoswine, M|100/100
|move|p1a: Tyranitar|Toxic|p2a: Mamoswine
|-status|p2a: Mamoswine|tox
|
|-weather|Sandstorm|[upkeep]
|-heal|p1a: Tyranitar|100/100|[from] item: Leftovers
|-damage|p2a: Mamoswine|94/100 tox|[from] psn
|upkeep
|turn|3
|
|t:|1667270652
|switch|p1a: Ferrothorn|Ferrothorn, F|100/100
|move|p2a: Mamoswine|Earthquake|p1a: Ferrothorn
|-damage|p1a: Ferrothorn|64/100
|
|-weather|Sandstorm|[upkeep]
|-heal|p1a: Ferrothorn|71/100|[from] item: Leftovers
|-damage|p2a: Mamoswine|82/100 tox|[from] psn
|upkeep
|turn|4
|
|t:|1667270660
|switch|p2a: Moltres|Moltres|100/100
|move|p1a: Ferrothorn|Leech Seed|p2a: Moltres
|-start|p2a: Moltres|move: Leech Seed
|
|-weather|Sandstorm|[upkeep]
|-damage|p2a: Moltres|94/100|[from] Sandstorm
|-heal|p1a: Ferrothorn|77/100|[from] item: Leftovers
|-damage|p2a: Moltres|82/100|[from] Leech Seed|[of] p1a: Ferrothorn
|-heal|p1a: Ferrothorn|90/100|[silent]
|upkeep
|turn|5
|
|t:|1667270673
|switch|p2a: Blaziken|Blaziken, F|100/100
|switch|p1a: Volcanion|Volcanion|100/100
|
|-weather|none
|upkeep
|turn|6
|
|t:|1667270679
|switch|p2a: Hydreigon|Hydreigon, M|94/100
|move|p1a: Volcanion|Steam Eruption|p2a: Hydreigon
|-resisted|p2a: Hydreigon
|-damage|p2a: Hydreigon|57/100
|
|upkeep
|turn|7
|
|t:|1667270687
|switch|p1a: Tyranitar|Tyranitar, F|100/100
|-weather|Sandstorm|[from] ability: Sand Stream|[of] p1a: Tyranitar
|move|p2a: Hydreigon|Superpower|p1a: Tyranitar
|-supereffective|p1a: Tyranitar
|-damage|p1a: Tyranitar|15/100
|-unboost|p2a: Hydreigon|atk|1
|-unboost|p2a: Hydreigon|def|1
|
|-weather|Sandstorm|[upkeep]
|-damage|p2a: Hydreigon|51/100|[from] Sandstorm
|-heal|p1a: Tyranitar|21/100|[from] item: Leftovers
|upkeep
|turn|8
|
|t:|1667270696
|move|p1a: Tyranitar|Protect|p1a: Tyranitar
|-singleturn|p1a: Tyranitar|Protect
|move|p2a: Hydreigon|Superpower|p1a: Tyranitar
|-activate|p1a: Tyranitar|move: Protect
|
|-weather|Sandstorm|[upkeep]
|-damage|p2a: Hydreigon|44/100|[from] Sandstorm
|-heal|p1a: Tyranitar|27/100|[from] item: Leftovers
|upkeep
|turn|9
|
|t:|1667270703
|switch|p1a: Tangrowth|Tangrowth, F|100/100
|move|p2a: Hydreigon|Superpower|p1a: Tangrowth
|-damage|p1a: Tangrowth|91/100
|-unboost|p2a: Hydreigon|atk|1
|-unboost|p2a: Hydreigon|def|1
|-damage|p2a: Hydreigon|28/100|[from] item: Rocky Helmet|[of] p1a: Tangrowth
|
|-weather|Sandstorm|[upkeep]
|-damage|p2a: Hydreigon|22/100|[from] Sandstorm
|-damage|p1a: Tangrowth|85/100|[from] Sandstorm
|upkeep
|turn|10
|
|t:|1667270712
|switch|p2a: Moltres|Moltres|82/100
|move|p1a: Tangrowth|Sleep Powder|p2a: Moltres|[miss]
|-miss|p1a: Tangrowth|p2a: Moltres
|
|-weather|Sandstorm|[upkeep]
|-damage|p2a: Moltres|76/100|[from] Sandstorm
|-damage|p1a: Tangrowth|79/100|[from] Sandstorm
|upkeep
|turn|11
|
|t:|1667270717
|switch|p1a: Tyranitar|Tyranitar, F|27/100
|move|p2a: Moltres|Mystical Fire|p1a: Tyranitar
|-resisted|p1a: Tyranitar
|-damage|p1a: Tyranitar|21/100
|-unboost|p1a: Tyranitar|spa|1
|
|-weather|none
|-heal|p1a: Tyranitar|27/100|[from] item: Leftovers
|upkeep
|turn|12
|
|t:|1667270724
|move|p2a: Moltres|Scorching Sands|p1a: Tyranitar
|-supereffective|p1a: Tyranitar
|-damage|p1a: Tyranitar|2/100
|move|p1a: Tyranitar|Stealth Rock|p2a: Moltres
|-sidestart|p2: 30orless|move: Stealth Rock
|
|-heal|p1a: Tyranitar|8/100|[from] item: Leftovers
|upkeep
|turn|13
|
|t:|1667270727
|move|p1a: Tyranitar|Protect|p1a: Tyranitar
|-singleturn|p1a: Tyranitar|Protect
|move|p2a: Moltres|Brave Bird|p1a: Tyranitar
|-activate|p1a: Tyranitar|move: Protect
|
|-heal|p1a: Tyranitar|14/100|[from] item: Leftovers
|upkeep
|turn|14
|
|t:|1667270736
|switch|p1a: Landorus|Landorus-Therian, M|100/100
|-ability|p1a: Landorus|Intimidate|boost
|-unboost|p2a: Moltres|atk|1
|move|p2a: Moltres|Brave Bird|p1a: Landorus
|-damage|p1a: Landorus|64/100
|-damage|p2a: Moltres|64/100|[from] Recoil
|
|-heal|p1a: Landorus|70/100|[from] item: Leftovers
|upkeep
|turn|15
|
|t:|1667270748
|switch|p2a: Volcanion|Volcanion|100/100
|move|p1a: Landorus|Toxic|p2a: Volcanion
|-status|p2a: Volcanion|tox
|
|-heal|p1a: Landorus|76/100|[from] item: Leftovers
|-damage|p2a: Volcanion|95/100 tox|[from] psn
|upkeep
|turn|16
|
|t:|1667270762
|move|p1a: Landorus|Earthquake|p2a: Volcanion
|-supereffective|p2a: Volcanion
|-damage|p2a: Volcanion|15/100 tox
|move|p2a: Volcanion|Steam Eruption|p1a: Landorus
|-supereffective|p1a: Landorus
|-damage|p1a: Landorus|0 fnt
|faint|p1a: Landorus
|
|-damage|p2a: Volcanion|3/100 tox|[from] psn
|upkeep
|
|t:|1667270768
|switch|p1a: Tyranitar|Tyranitar, F|14/100
|-weather|Sandstorm|[from] ability: Sand Stream|[of] p1a: Tyranitar
|turn|17
|
|t:|1667270771
|move|p1a: Tyranitar|Protect|p1a: Tyranitar
|-singleturn|p1a: Tyranitar|Protect
|move|p2a: Volcanion|Steam Eruption|p1a: Tyranitar
|-activate|p1a: Tyranitar|move: Protect
|
|-weather|Sandstorm|[upkeep]
|-damage|p2a: Volcanion|0 fnt|[from] Sandstorm
|faint|p2a: Volcanion
|-heal|p1a: Tyranitar|21/100|[from] item: Leftovers
|upkeep
|
|t:|1667270779
|switch|p2a: Mamoswine|Mamoswine, M|82/100 tox
|-damage|p2a: Mamoswine|70/100 tox|[from] Stealth Rock
|turn|18
|
|t:|1667270786
|switch|p1a: Ferrothorn|Ferrothorn, F|90/100
|move|p2a: Mamoswine|Icicle Crash|p1a: Ferrothorn
|-damage|p1a: Ferrothorn|62/100
|
|-weather|Sandstorm|[upkeep]
|-heal|p1a: Ferrothorn|68/100|[from] item: Leftovers
|-damage|p2a: Mamoswine|64/100 tox|[from] psn
|upkeep
|turn|19
|-activate|p2a: Mamoswine|item: Quick Claw
|
|t:|1667270794
|move|p2a: Mamoswine|Stealth Rock|p1a: Ferrothorn
|-sidestart|p1: dddjfdw|move: Stealth Rock
|move|p1a: Ferrothorn|Knock Off|p2a: Mamoswine
|-damage|p2a: Mamoswine|39/100 tox
|-enditem|p2a: Mamoswine|Quick Claw|[from] move: Knock Off|[of] p1a: Ferrothorn
|
|-weather|Sandstorm|[upkeep]
|-heal|p1a: Ferrothorn|74/100|[from] item: Leftovers
|-damage|p2a: Mamoswine|27/100 tox|[from] psn
|upkeep
|turn|20
|
|t:|1667270803
|switch|p2a: Moltres|Moltres|64/100
|move|p1a: Ferrothorn|Leech Seed|p2a: Moltres
|-start|p2a: Moltres|move: Leech Seed
|
|-weather|Sandstorm|[upkeep]
|-damage|p2a: Moltres|58/100|[from] Sandstorm
|-heal|p1a: Ferrothorn|81/100|[from] item: Leftovers
|-damage|p2a: Moltres|46/100|[from] Leech Seed|[of] p1a: Ferrothorn
|-heal|p1a: Ferrothorn|94/100|[silent]
|upkeep
|turn|21
|
|t:|1667270817
|move|p2a: Moltres|Roost|p2a: Moltres
|-heal|p2a: Moltres|96/100
|-singleturn|p2a: Moltres|move: Roost
|move|p1a: Ferrothorn|Knock Off|p2a: Moltres
|-damage|p2a: Moltres|75/100
|-enditem|p2a: Moltres|Heavy-Duty Boots|[from] move: Knock Off|[of] p1a: Ferrothorn
|
|-weather|none
|-heal|p1a: Ferrothorn|99/100|[from] item: Leftovers
|-damage|p2a: Moltres|63/100|[from] Leech Seed|[of] p1a: Ferrothorn
|-heal|p1a: Ferrothorn|100/100|[silent]
|upkeep
|turn|22
|
|t:|1667270830
|switch|p1a: Volcanion|Volcanion|100/100
|move|p2a: Moltres|Mystical Fire|p1a: Volcanion
|-resisted|p1a: Volcanion
|-damage|p1a: Volcanion|90/100
|-unboost|p1a: Volcanion|spa|1
|
|-damage|p2a: Moltres|51/100|[from] Leech Seed|[of] p1a: Volcanion
|-heal|p1a: Volcanion|100/100|[silent]
|upkeep
|turn|23
|
|t:|1667270841
|switch|p2a: Zapdos|Zapdos|100/100
|move|p1a: Volcanion|Steam Eruption|p2a: Zapdos
|-damage|p2a: Zapdos|60/100
|-status|p2a: Zapdos|brn
|
|-damage|p2a: Zapdos|54/100 brn|[from] brn
|upkeep
|turn|24
|
|t:|1667270853
|switch|p1a: Tyranitar|Tyranitar, F|21/100
|-damage|p1a: Tyranitar|8/100|[from] Stealth Rock
|-weather|Sandstorm|[from] ability: Sand Stream|[of] p1a: Tyranitar
|move|p2a: Zapdos|Roost|p2a: Zapdos
|-heal|p2a: Zapdos|100/100 brn
|-singleturn|p2a: Zapdos|move: Roost
|
|-weather|Sandstorm|[upkeep]
|-damage|p2a: Zapdos|94/100 brn|[from] Sandstorm
|-heal|p1a: Tyranitar|14/100|[from] item: Leftovers
|-damage|p2a: Zapdos|88/100 brn|[from] brn
|upkeep
|turn|25
|
|t:|1667270865
|move|p1a: Tyranitar|Protect|p1a: Tyranitar
|-singleturn|p1a: Tyranitar|Protect
|move|p2a: Zapdos|Discharge|p1a: Tyranitar
|-activate|p1a: Tyranitar|move: Protect
|
|-weather|Sandstorm|[upkeep]
|-damage|p2a: Zapdos|82/100 brn|[from] Sandstorm
|-heal|p1a: Tyranitar|21/100|[from] item: Leftovers
|-damage|p2a: Zapdos|76/100 brn|[from] brn
|upkeep
|turn|26
|
|t:|1667270885
|switch|p1a: Tangrowth|Tangrowth, F|100/100
|-damage|p1a: Tangrowth|88/100|[from] Stealth Rock
|move|p2a: Zapdos|Defog|p1a: Tangrowth
|-unboost|p1a: Tangrowth|evasion|1
|-sideend|p1: dddjfdw|Stealth Rock|[from] move: Defog|[of] p2a: Zapdos
|-sideend|p2: 30orless|Stealth Rock|[from] move: Defog|[of] p2a: Zapdos
|
|-weather|Sandstorm|[upkeep]
|-damage|p2a: Zapdos|70/100 brn|[from] Sandstorm
|-damage|p1a: Tangrowth|82/100|[from] Sandstorm
|-damage|p2a: Zapdos|64/100 brn|[from] brn
|upkeep
|turn|27
|
|t:|1667270899
|switch|p1a: Tyranitar|Tyranitar, F|21/100
|move|p2a: Zapdos|Hurricane|p1a: Tyranitar
|-resisted|p1a: Tyranitar
|-damage|p1a: Tyranitar|8/100
|
|-weather|Sandstorm|[upkeep]
|-damage|p2a: Zapdos|58/100 brn|[from] Sandstorm
|-heal|p1a: Tyranitar|15/100|[from] item: Leftovers
|-damage|p2a: Zapdos|52/100 brn|[from] brn
|upkeep
|turn|28
|
|t:|1667270913
|switch|p2a: Blaziken|Blaziken, F|100/100
|move|p1a: Tyranitar|Stealth Rock|p2a: Blaziken
|-sidestart|p2: 30orless|move: Stealth Rock
|
|-weather|none
|-heal|p1a: Tyranitar|21/100|[from] item: Leftovers
|upkeep
|turn|29
|
|t:|1667270930
|switch|p1a: Volcanion|Volcanion|100/100
|move|p2a: Blaziken|Close Combat|p1a: Volcanion
|-damage|p1a: Volcanion|29/100
|-unboost|p2a: Blaziken|def|1
|-unboost|p2a: Blaziken|spd|1
|-damage|p2a: Blaziken|91/100|[from] item: Life Orb
|
|-ability|p2a: Blaziken|Speed Boost|boost
|-boost|p2a: Blaziken|spe|1
|upkeep
|turn|30
|
|t:|1667270945
|switch|p1a: Tangrowth|Tangrowth, F|100/100
|move|p2a: Blaziken|Knock Off|p1a: Tangrowth
|-damage|p1a: Tangrowth|82/100
|-damage|p2a: Blaziken|74/100|[from] item: Rocky Helmet|[of] p1a: Tangrowth
|-enditem|p1a: Tangrowth|Rocky Helmet|[from] move: Knock Off|[of] p2a: Blaziken
|-damage|p2a: Blaziken|64/100|[from] item: Life Orb
|
|-ability|p2a: Blaziken|Speed Boost|boost
|-boost|p2a: Blaziken|spe|1
|upkeep
|turn|31
|
|t:|1667270958
|move|p2a: Blaziken|Overheat|p1a: Tangrowth
|-supereffective|p1a: Tangrowth
|-damage|p1a: Tangrowth|0 fnt
|-unboost|p2a: Blaziken|spa|2
|faint|p1a: Tangrowth
|-damage|p2a: Blaziken|54/100|[from] item: Life Orb
|
|-ability|p2a: Blaziken|Speed Boost|boost
|-boost|p2a: Blaziken|spe|1
|upkeep
|
|t:|1667270968
|switch|p1a: Ferrothorn|Ferrothorn, F|100/100
|turn|32
|
|t:|1667270972
|move|p2a: Blaziken|Overheat|p1a: Ferrothorn
|-supereffective|p1a: Ferrothorn
|-damage|p1a: Ferrothorn|0 fnt
|-unboost|p2a: Blaziken|spa|2
|faint|p1a: Ferrothorn
|-damage|p2a: Blaziken|44/100|[from] item: Life Orb
|
|-ability|p2a: Blaziken|Speed Boost|boost
|-boost|p2a: Blaziken|spe|1
|upkeep
|
|t:|1667270981
|switch|p1a: Tyranitar|Tyranitar, F|21/100
|-weather|Sandstorm|[from] ability: Sand Stream|[of] p1a: Tyranitar
|turn|33
|
|t:|1667270985
|move|p2a: Blaziken|Close Combat|p1a: Tyranitar
|-supereffective|p1a: Tyranitar
|-damage|p1a: Tyranitar|0 fnt
|-unboost|p2a: Blaziken|def|1
|-unboost|p2a: Blaziken|spd|1
|faint|p1a: Tyranitar
|-damage|p2a: Blaziken|34/100|[from] item: Life Orb
|
|-weather|Sandstorm|[upkeep]
|-damage|p2a: Blaziken|28/100|[from] Sandstorm
|-ability|p2a: Blaziken|Speed Boost|boost
|-boost|p2a: Blaziken|spe|1
|upkeep
|-message|dddjfdw forfeited.
|
|win|30orless
|raw|dddjfdw's rating: 1632 &rarr; <strong>1608</strong><br />(-24 for losing)
|raw|30orless's rating: 1565 &rarr; <strong>1589</strong><br />(+24 for winning)
|l|☆dddjfdw
|j| samohi0
|l| samohi0
