|raw|<div class="broadcast-blue"><strong>This battle is required to be public due to a player having a name starting with 'lt81yl'.</div>
|j|☆Shootingwolf
|j|☆LT81YL Toshi
|t:|1625345702
|gametype|singles
|player|p1|Shootingwolf|riley|1549
|player|p2|LT81YL Toshi|palmer|1569
|teamsize|p1|6
|teamsize|p2|6
|gen|8
|tier|[Gen 8] OU
|rated|
|rule|Sleep Clause Mod: Limit one foe put to sleep
|rule|Species Clause: Limit one of each Pokémon
|rule|OHKO Clause: OHKO moves are banned
|rule|Evasion Moves Clause: Evasion moves are banned
|rule|Endless Battle Clause: Forcing endless battles is banned
|rule|HP Percentage Mod: HP is shown in percentages
|rule|Dynamax Clause: You cannot dynamax
|clearpoke
|poke|p1|Garchomp, M|
|poke|p1|Buzzwole|
|poke|p1|Landorus-Therian, M|
|poke|p1|Slowking-Galar, F|
|poke|p1|Zeraora|
|poke|p1|Corviknight, M|
|poke|p2|Tapu Fini|
|poke|p2|Buzzwole|
|poke|p2|Melmetal|
|poke|p2|Landorus-Therian, M|
|poke|p2|Dragapult, M|
|poke|p2|Zeraora|
|teampreview
|
|t:|1625345721
|start
|switch|p1a: Buzzwole|Buzzwole|100/100
|switch|p2a: Landorus|Landorus-Therian, M|100/100
|-ability|p2a: Landorus|Intimidate|boost
|-unboost|p1a: Buzzwole|atk|1
|turn|1
|
|t:|1625345745
|switch|p2a: Tapu Fini|Tapu Fini|100/100
|-fieldstart|move: Misty Terrain|[from] ability: Misty Surge|[of] p2a: Tapu Fini
|move|p1a: Buzzwole|Ice Punch|p2a: Tapu Fini
|-resisted|p2a: Tapu Fini
|-damage|p2a: Tapu Fini|94/100
|
|-heal|p2a: Tapu Fini|100/100|[from] item: Leftovers
|upkeep
|turn|2
|
|t:|1625345758
|switch|p2a: Zeraora|Zeraora|100/100
|switch|p1a: Slowking|Slowking-Galar, F, shiny|100/100
|
|upkeep
|turn|3
|
|t:|1625345794
|switch|p1a: Buzzwole|Buzzwole|100/100
|move|p2a: Zeraora|Knock Off|p1a: Buzzwole
|-resisted|p1a: Buzzwole
|-damage|p1a: Buzzwole|94/100
|-damage|p2a: Zeraora|84/100|[from] item: Rocky Helmet|[of] p1a: Buzzwole
|-enditem|p1a: Buzzwole|Rocky Helmet|[from] move: Knock Off|[of] p2a: Zeraora
|
|upkeep
|turn|4
|
|t:|1625345811
|switch|p2a: Buzzwole|Buzzwole|100/100
|switch|p1a: Zeraora|Zeraora|100/100
|
|upkeep
|turn|5
|
|t:|1625345828
|switch|p1a: Buzzwole|Buzzwole|94/100
|switch|p2a: Landorus|Landorus-Therian, M|100/100
|-ability|p2a: Landorus|Intimidate|boost
|-unboost|p1a: Buzzwole|atk|1
|
|-fieldend|Misty Terrain
|upkeep
|turn|6
|
|t:|1625345839
|switch|p2a: Buzzwole|Buzzwole|100/100
|move|p1a: Buzzwole|Ice Punch|p2a: Buzzwole
|-damage|p2a: Buzzwole|92/100
|-damage|p1a: Buzzwole|77/100|[from] item: Rocky Helmet|[of] p2a: Buzzwole
|
|upkeep
|turn|7
|
|t:|1625345844
|switch|p2a: Tapu Fini|Tapu Fini|100/100
|-fieldstart|move: Misty Terrain|[from] ability: Misty Surge|[of] p2a: Tapu Fini
|move|p1a: Buzzwole|Toxic|p2a: Tapu Fini
|-activate|p2a: Tapu Fini|move: Misty Terrain
|
|upkeep
|turn|8
|
|t:|1625345859
|switch|p2a: Zeraora|Zeraora|84/100
|switch|p1a: Slowking|Slowking-Galar, F, shiny|100/100
|
|upkeep
|turn|9
|
|t:|1625345880
|move|p2a: Zeraora|Bulk Up|p2a: Zeraora
|-boost|p2a: Zeraora|atk|1
|-boost|p2a: Zeraora|def|1
|move|p1a: Slowking|Earthquake|p2a: Zeraora
|-supereffective|p2a: Zeraora
|-damage|p2a: Zeraora|54/100
|
|upkeep
|turn|10
|
|t:|1625345888
|switch|p1a: Landorus|Landorus-Therian, M, shiny|100/100
|-ability|p1a: Landorus|Intimidate|boost
|-unboost|p2a: Zeraora|atk|1
|move|p2a: Zeraora|Knock Off|p1a: Landorus
|-crit|p1a: Landorus
|-damage|p1a: Landorus|67/100
|-enditem|p1a: Landorus|Leftovers|[from] move: Knock Off|[of] p2a: Zeraora
|
|upkeep
|turn|11
|
|t:|1625345894
|switch|p2a: Landorus|Landorus-Therian, M|100/100
|-ability|p2a: Landorus|Intimidate|boost
|-unboost|p1a: Landorus|atk|1
|move|p1a: Landorus|Stealth Rock|p2a: Landorus
|-sidestart|p2: LT81YL Toshi|move: Stealth Rock
|
|-fieldend|Misty Terrain
|upkeep
|turn|12
|
|t:|1625345898
|move|p1a: Landorus|Toxic|p2a: Landorus
|-status|p2a: Landorus|tox
|move|p2a: Landorus|Stealth Rock|p1a: Landorus
|-sidestart|p1: Shootingwolf|move: Stealth Rock
|
|-damage|p2a: Landorus|94/100 tox|[from] psn
|upkeep
|turn|13
|
|t:|1625345904
|move|p1a: Landorus|U-turn|p2a: Landorus
|-resisted|p2a: Landorus
|-damage|p2a: Landorus|87/100 tox
|
|t:|1625345914
|switch|p1a: Buzzwole|Buzzwole|77/100|[from]move: U-turn
|-damage|p1a: Buzzwole|65/100|[from] Stealth Rock
|move|p2a: Landorus|U-turn|p1a: Buzzwole
|-resisted|p1a: Buzzwole
|-damage|p1a: Buzzwole|59/100
|
|t:|1625345921
|switch|p2a: Dragapult|Dragapult, M|100/100|[from]move: U-turn
|-damage|p2a: Dragapult|88/100|[from] Stealth Rock
|
|upkeep
|turn|14
|
|t:|1625345941
|switch|p1a: Slowking|Slowking-Galar, F, shiny|100/100
|-damage|p1a: Slowking|88/100|[from] Stealth Rock
|move|p2a: Dragapult|Shadow Ball|p1a: Slowking
|-supereffective|p1a: Slowking
|-damage|p1a: Slowking|42/100
|
|upkeep
|turn|15
|
|t:|1625345949
|switch|p1a: Corviknight|Corviknight, M, shiny|100/100
|-damage|p1a: Corviknight|88/100|[from] Stealth Rock
|move|p2a: Dragapult|Shadow Ball|p1a: Corviknight
|-damage|p1a: Corviknight|50/100
|
|-heal|p1a: Corviknight|56/100|[from] item: Leftovers
|upkeep
|turn|16
|
|t:|1625345957
|move|p2a: Dragapult|Shadow Ball|p1a: Corviknight
|-damage|p1a: Corviknight|22/100
|move|p1a: Corviknight|Roost|p1a: Corviknight
|-heal|p1a: Corviknight|72/100
|-singleturn|p1a: Corviknight|move: Roost
|
|-heal|p1a: Corviknight|78/100|[from] item: Leftovers
|upkeep
|turn|17
|
|t:|1625345967
|move|p2a: Dragapult|Shadow Ball|p1a: Corviknight
|-damage|p1a: Corviknight|42/100
|move|p1a: Corviknight|Roost|p1a: Corviknight
|-heal|p1a: Corviknight|92/100
|-singleturn|p1a: Corviknight|move: Roost
|
|-heal|p1a: Corviknight|98/100|[from] item: Leftovers
|upkeep
|turn|18
|
|t:|1625345977
|move|p2a: Dragapult|Shadow Ball|p1a: Corviknight
|-damage|p1a: Corviknight|59/100
|move|p1a: Corviknight|Roost|p1a: Corviknight
|-heal|p1a: Corviknight|100/100
|-singleturn|p1a: Corviknight|move: Roost
|
|upkeep
|turn|19
|
|t:|1625345989
|move|p2a: Dragapult|Shadow Ball|p1a: Corviknight
|-damage|p1a: Corviknight|61/100
|move|p1a: Corviknight|U-turn|p2a: Dragapult
|-resisted|p2a: Dragapult
|-damage|p2a: Dragapult|78/100
|
|t:|1625346003
|switch|p1a: Zeraora|Zeraora|100/100|[from]move: U-turn
|
|upkeep
|turn|20
|
|t:|1625346009
|switch|p1a: Corviknight|Corviknight, M, shiny|61/100
|-damage|p1a: Corviknight|49/100|[from] Stealth Rock
|switch|p2a: Landorus|Landorus-Therian, M|87/100 tox
|-damage|p2a: Landorus|75/100 tox|[from] Stealth Rock
|-ability|p2a: Landorus|Intimidate|boost
|-ability|p1a: Corviknight|Mirror Armor
|-unboost|p2a: Landorus|atk|1
|
|-heal|p2a: Landorus|81/100 tox|[from] item: Leftovers
|-heal|p1a: Corviknight|55/100|[from] item: Leftovers
|-damage|p2a: Landorus|75/100 tox|[from] psn
|upkeep
|turn|21
|
|t:|1625346026
|switch|p2a: Tapu Fini|Tapu Fini|100/100
|-damage|p2a: Tapu Fini|88/100|[from] Stealth Rock
|-fieldstart|move: Misty Terrain|[from] ability: Misty Surge|[of] p2a: Tapu Fini
|move|p1a: Corviknight|Roost|p1a: Corviknight
|-heal|p1a: Corviknight|100/100
|-singleturn|p1a: Corviknight|move: Roost
|
|-heal|p2a: Tapu Fini|94/100|[from] item: Leftovers
|upkeep
|turn|22
|
|t:|1625346033
|move|p2a: Tapu Fini|Calm Mind|p2a: Tapu Fini
|-boost|p2a: Tapu Fini|spa|1
|-boost|p2a: Tapu Fini|spd|1
|move|p1a: Corviknight|U-turn|p2a: Tapu Fini
|-resisted|p2a: Tapu Fini
|-damage|p2a: Tapu Fini|88/100
|
|t:|1625346038
|switch|p1a: Zeraora|Zeraora|100/100|[from]move: U-turn
|
|-heal|p2a: Tapu Fini|94/100|[from] item: Leftovers
|upkeep
|turn|23
|
|t:|1625346043
|switch|p2a: Landorus|Landorus-Therian, M|75/100 tox
|-damage|p2a: Landorus|63/100 tox|[from] Stealth Rock
|-ability|p2a: Landorus|Intimidate|boost
|-unboost|p1a: Zeraora|atk|1
|move|p1a: Zeraora|Plasma Fists|p2a: Landorus
|-immune|p2a: Landorus
|
|-heal|p2a: Landorus|69/100 tox|[from] item: Leftovers
|-damage|p2a: Landorus|63/100 tox|[from] psn
|upkeep
|turn|24
|
|t:|1625346050
|move|p1a: Zeraora|Knock Off|p2a: Landorus
|-damage|p2a: Landorus|43/100 tox
|-enditem|p2a: Landorus|Leftovers|[from] move: Knock Off|[of] p1a: Zeraora
|move|p2a: Landorus|U-turn|p1a: Zeraora
|-damage|p1a: Zeraora|71/100
|
|t:|1625346063
|switch|p2a: Melmetal|Melmetal|100/100|[from]move: U-turn
|-damage|p2a: Melmetal|94/100|[from] Stealth Rock
|
|upkeep
|turn|25
|
|t:|1625346081
|switch|p1a: Corviknight|Corviknight, M, shiny|100/100
|-damage|p1a: Corviknight|88/100|[from] Stealth Rock
|move|p2a: Melmetal|Superpower|p1a: Corviknight
|-damage|p1a: Corviknight|57/100
|-unboost|p2a: Melmetal|atk|1
|-unboost|p2a: Melmetal|def|1
|
|-heal|p1a: Corviknight|63/100|[from] item: Leftovers
|-fieldend|Misty Terrain
|upkeep
|turn|26
|
|t:|1625346097
|switch|p2a: Tapu Fini|Tapu Fini|94/100
|-damage|p2a: Tapu Fini|82/100|[from] Stealth Rock
|-fieldstart|move: Misty Terrain|[from] ability: Misty Surge|[of] p2a: Tapu Fini
|move|p1a: Corviknight|Roost|p1a: Corviknight
|-heal|p1a: Corviknight|100/100
|-singleturn|p1a: Corviknight|move: Roost
|
|-heal|p2a: Tapu Fini|88/100|[from] item: Leftovers
|upkeep
|turn|27
|
|t:|1625346104
|move|p2a: Tapu Fini|Surf|p1a: Corviknight
|-damage|p1a: Corviknight|79/100
|move|p1a: Corviknight|U-turn|p2a: Tapu Fini
|-resisted|p2a: Tapu Fini
|-damage|p2a: Tapu Fini|82/100
|
|t:|1625346111
|switch|p1a: Zeraora|Zeraora|71/100|[from]move: U-turn
|
|-heal|p2a: Tapu Fini|88/100|[from] item: Leftovers
|upkeep
|turn|28
|
|t:|1625346117
|switch|p2a: Landorus|Landorus-Therian, M|43/100 tox
|-damage|p2a: Landorus|31/100 tox|[from] Stealth Rock
|-ability|p2a: Landorus|Intimidate|boost
|-unboost|p1a: Zeraora|atk|1
|move|p1a: Zeraora|Knock Off|p2a: Landorus
|-damage|p2a: Landorus|17/100 tox
|
|-damage|p2a: Landorus|11/100 tox|[from] psn
|upkeep
|turn|29
|
|t:|1625346126
|switch|p2a: Buzzwole|Buzzwole|92/100
|-damage|p2a: Buzzwole|80/100|[from] Stealth Rock
|move|p1a: Zeraora|Knock Off|p2a: Buzzwole
|-resisted|p2a: Buzzwole
|-damage|p2a: Buzzwole|75/100
|-damage|p1a: Zeraora|54/100|[from] item: Rocky Helmet|[of] p2a: Buzzwole
|-enditem|p2a: Buzzwole|Rocky Helmet|[from] move: Knock Off|[of] p1a: Zeraora
|
|upkeep
|turn|30
|
|t:|1625346137
|switch|p1a: Buzzwole|Buzzwole|59/100
|-damage|p1a: Buzzwole|47/100|[from] Stealth Rock
|move|p2a: Buzzwole|Close Combat|p1a: Buzzwole
|-resisted|p1a: Buzzwole
|-damage|p1a: Buzzwole|35/100
|-unboost|p2a: Buzzwole|def|1
|-unboost|p2a: Buzzwole|spd|1
|
|-fieldend|Misty Terrain
|upkeep
|turn|31
|
|t:|1625346144
|switch|p2a: Tapu Fini|Tapu Fini|88/100
|-damage|p2a: Tapu Fini|75/100|[from] Stealth Rock
|-fieldstart|move: Misty Terrain|[from] ability: Misty Surge|[of] p2a: Tapu Fini
|move|p1a: Buzzwole|Roost|p1a: Buzzwole
|-heal|p1a: Buzzwole|85/100
|-singleturn|p1a: Buzzwole|move: Roost
|
|-heal|p2a: Tapu Fini|82/100|[from] item: Leftovers
|upkeep
|turn|32
|
|t:|1625346154
|switch|p1a: Slowking|Slowking-Galar, F, shiny|75/100
|-damage|p1a: Slowking|63/100|[from] Stealth Rock
|move|p2a: Tapu Fini|Calm Mind|p2a: Tapu Fini
|-boost|p2a: Tapu Fini|spa|1
|-boost|p2a: Tapu Fini|spd|1
|
|-heal|p2a: Tapu Fini|88/100|[from] item: Leftovers
|upkeep
|turn|33
|
|t:|1625346166
|move|p2a: Tapu Fini|Surf|p1a: Slowking
|-damage|p1a: Slowking|41/100
|move|p1a: Slowking|Future Sight|p2a: Tapu Fini
|-start|p1a: Slowking|move: Future Sight
|
|-heal|p2a: Tapu Fini|94/100|[from] item: Leftovers
|upkeep
|turn|34
|
|t:|1625346173
|move|p2a: Tapu Fini|Surf|p1a: Slowking
|-damage|p1a: Slowking|21/100
|move|p1a: Slowking|Sludge Bomb|p2a: Tapu Fini
|-supereffective|p2a: Tapu Fini
|-damage|p2a: Tapu Fini|60/100
|
|-heal|p2a: Tapu Fini|66/100|[from] item: Leftovers
|upkeep
|turn|35
|
|t:|1625346193
|move|p2a: Tapu Fini|Surf|p1a: Slowking
|-damage|p1a: Slowking|3/100
|move|p1a: Slowking|Sludge Bomb|p2a: Tapu Fini
|-supereffective|p2a: Tapu Fini
|-damage|p2a: Tapu Fini|31/100
|
|-end|p2a: Tapu Fini|move: Future Sight
|-damage|p2a: Tapu Fini|9/100
|-heal|p2a: Tapu Fini|15/100|[from] item: Leftovers
|-fieldend|Misty Terrain
|upkeep
|turn|36
|
|t:|1625346211
|switch|p1a: Corviknight|Corviknight, M, shiny|79/100
|-damage|p1a: Corviknight|67/100|[from] Stealth Rock
|move|p2a: Tapu Fini|Moonblast|p1a: Corviknight
|-resisted|p1a: Corviknight
|-damage|p1a: Corviknight|51/100
|
|-heal|p2a: Tapu Fini|21/100|[from] item: Leftovers
|-heal|p1a: Corviknight|57/100|[from] item: Leftovers
|upkeep
|turn|37
|
|t:|1625346219
|move|p2a: Tapu Fini|Surf|p1a: Corviknight
|-damage|p1a: Corviknight|26/100
|move|p1a: Corviknight|Brave Bird|p2a: Tapu Fini
|-damage|p2a: Tapu Fini|0 fnt
|faint|p2a: Tapu Fini
|-damage|p1a: Corviknight|20/100|[from] Recoil
|
|-heal|p1a: Corviknight|26/100|[from] item: Leftovers
|upkeep
|
|t:|1625346228
|switch|p2a: Dragapult|Dragapult, M|78/100
|-damage|p2a: Dragapult|65/100|[from] Stealth Rock
|turn|38
|
|t:|1625346268
|switch|p1a: Landorus|Landorus-Therian, M, shiny|67/100
|-damage|p1a: Landorus|55/100|[from] Stealth Rock
|-ability|p1a: Landorus|Intimidate|boost
|-unboost|p2a: Dragapult|atk|1
|move|p2a: Dragapult|Shadow Ball|p1a: Landorus
|-damage|p1a: Landorus|3/100
|
|upkeep
|turn|39
|
|t:|1625346277
|move|p2a: Dragapult|Shadow Ball|p1a: Landorus
|-damage|p1a: Landorus|0 fnt
|faint|p1a: Landorus
|
|upkeep
|
|t:|1625346285
|switch|p1a: Garchomp|Garchomp, M|100/100
|-damage|p1a: Garchomp|94/100|[from] Stealth Rock
|turn|40
|
|t:|1625346292
|switch|p2a: Landorus|Landorus-Therian, M|11/100 tox
|-damage|p2a: Landorus|0 fnt|[from] Stealth Rock
|faint|p2a: Landorus
|move|p1a: Garchomp|Swords Dance|p1a: Garchomp
|-boost|p1a: Garchomp|atk|2
|
|upkeep
|
|t:|1625346297
|switch|p2a: Dragapult|Dragapult, M|65/100
|-damage|p2a: Dragapult|53/100|[from] Stealth Rock
|turn|41
|
|t:|1625346303
|switch|p1a: Corviknight|Corviknight, M, shiny|26/100
|-damage|p1a: Corviknight|14/100|[from] Stealth Rock
|move|p2a: Dragapult|Draco Meteor|p1a: Corviknight
|-resisted|p1a: Corviknight
|-damage|p1a: Corviknight|0 fnt
|-unboost|p2a: Dragapult|spa|2
|faint|p1a: Corviknight
|
|upkeep
|
|t:|1625346318
|switch|p1a: Zeraora|Zeraora|54/100
|turn|42
|
|t:|1625346322
|switch|p1a: Slowking|Slowking-Galar, F, shiny|36/100
|-damage|p1a: Slowking|24/100|[from] Stealth Rock
|switch|p2a: Buzzwole|Buzzwole|75/100
|-damage|p2a: Buzzwole|63/100|[from] Stealth Rock
|
|upkeep
|turn|43
|
|t:|1625346331
|move|p2a: Buzzwole|Leech Life|p1a: Slowking
|-damage|p1a: Slowking|0 fnt
|-heal|p2a: Buzzwole|74/100|[from] drain|[of] p1a: Slowking
|faint|p1a: Slowking
|-ability|p2a: Buzzwole|Beast Boost|boost
|-boost|p2a: Buzzwole|def|1
|
|upkeep
|
|t:|1625346338
|switch|p1a: Buzzwole|Buzzwole|85/100
|-damage|p1a: Buzzwole|72/100|[from] Stealth Rock
|turn|44
|
|t:|1625346348
|switch|p2a: Melmetal|Melmetal|94/100
|-damage|p2a: Melmetal|88/100|[from] Stealth Rock
|move|p1a: Buzzwole|Toxic|p2a: Melmetal
|-immune|p2a: Melmetal
|
|upkeep
|turn|45
|
|t:|1625346360
|move|p1a: Buzzwole|Roost|p1a: Buzzwole
|-heal|p1a: Buzzwole|100/100
|-singleturn|p1a: Buzzwole|move: Roost
|move|p2a: Melmetal|Double Iron Bash|p1a: Buzzwole
|-damage|p1a: Buzzwole|83/100
|-damage|p1a: Buzzwole|65/100
|-hitcount|p1a: Buzzwole|2
|
|upkeep
|turn|46
|
|t:|1625346368
|move|p1a: Buzzwole|Ice Punch|p2a: Melmetal
|-resisted|p2a: Melmetal
|-damage|p2a: Melmetal|82/100
|move|p2a: Melmetal|Double Iron Bash|p1a: Buzzwole
|-damage|p1a: Buzzwole|48/100
|-damage|p1a: Buzzwole|31/100
|-hitcount|p1a: Buzzwole|2
|
|upkeep
|turn|47
|
|t:|1625346376
|switch|p2a: Dragapult|Dragapult, M|53/100
|-damage|p2a: Dragapult|41/100|[from] Stealth Rock
|move|p1a: Buzzwole|Ice Punch|p2a: Dragapult
|-supereffective|p2a: Dragapult
|-damage|p2a: Dragapult|0 fnt
|faint|p2a: Dragapult
|-ability|p1a: Buzzwole|Beast Boost|boost
|-boost|p1a: Buzzwole|def|1
|
|upkeep
|
|t:|1625346380
|switch|p2a: Zeraora|Zeraora|54/100
|turn|48
|
|t:|1625346385
|move|p2a: Zeraora|Bulk Up|p2a: Zeraora
|-boost|p2a: Zeraora|atk|1
|-boost|p2a: Zeraora|def|1
|move|p1a: Buzzwole|Roost|p1a: Buzzwole
|-heal|p1a: Buzzwole|81/100
|-singleturn|p1a: Buzzwole|move: Roost
|
|upkeep
|turn|49
|
|t:|1625346390
|move|p2a: Zeraora|Bulk Up|p2a: Zeraora
|-boost|p2a: Zeraora|atk|1
|-boost|p2a: Zeraora|def|1
|move|p1a: Buzzwole|Toxic|p2a: Zeraora
|-status|p2a: Zeraora|tox
|
|-damage|p2a: Zeraora|48/100 tox|[from] psn
|upkeep
|turn|50
|
|t:|1625346396
|move|p2a: Zeraora|Close Combat|p1a: Buzzwole
|-resisted|p1a: Buzzwole
|-damage|p1a: Buzzwole|70/100
|-unboost|p2a: Zeraora|def|1
|-unboost|p2a: Zeraora|spd|1
|move|p1a: Buzzwole|Drain Punch|p2a: Zeraora
|-damage|p2a: Zeraora|16/100 tox
|-heal|p1a: Buzzwole|82/100|[from] drain|[of] p2a: Zeraora
|
|-damage|p2a: Zeraora|4/100 tox|[from] psn
|upkeep
|turn|51
|
|t:|1625346407
|move|p2a: Zeraora|Plasma Fists|p1a: Buzzwole
|-damage|p1a: Buzzwole|53/100
|move|p1a: Buzzwole|Roost|p1a: Buzzwole
|-heal|p1a: Buzzwole|100/100
|-singleturn|p1a: Buzzwole|move: Roost
|
|-damage|p2a: Zeraora|0 fnt|[from] psn
|faint|p2a: Zeraora
|upkeep
|c|☆LT81YL Toshi|gg nice predict
|-message|LT81YL Toshi forfeited.
|
|win|Shootingwolf
|raw|Shootingwolf's rating: 1566 &rarr; <strong>1586</strong><br />(+20 for winning)
|raw|LT81YL Toshi's rating: 1569 &rarr; <strong>1549</strong><br />(-20 for losing)
|l|☆LT81YL Toshi
