|j|☆minimax_ai
|j|☆someidiot19
|t:|1665045966
|gametype|singles
|player|p1|minimax_ai|lusamine-nihilego|1519
|player|p2|someidiot19|teacher-gen2|1505
|teamsize|p1|6
|teamsize|p2|6
|gen|8
|tier|[Gen 8] OU
|rated|
|rule|Sleep Clause Mod: Limit one foe put to sleep
|rule|Species Clause: Limit one of each Pokémon
|rule|OHKO Clause: OHKO moves are banned
|rule|Evasion Items Clause: Evasion items are banned
|rule|Evasion Moves Clause: Evasion moves are banned
|rule|Endless Battle Clause: Forcing endless battles is banned
|rule|HP Percentage Mod: HP is shown in percentages
|rule|Dynamax Clause: You cannot dynamax
|clearpoke
|poke|p1|Rotom-Wash|
|poke|p1|Weavile, F|
|poke|p1|Landorus-Therian, M|
|poke|p1|Heatran, M|
|poke|p1|Tangrowth, M|
|poke|p1|Melmetal|
|poke|p2|Ribombee, M|
|poke|p2|Tapu Koko|
|poke|p2|Landorus-Therian, M|
|poke|p2|Regieleki|
|poke|p2|Zapdos-Galar|
|poke|p2|Tyranitar, M|
|teampreview
|inactive|Battle timer is ON: inactive players will automatically lose when time's up. (requested by someidiot19)
|c|☆minimax_ai|hf
|inactive|minimax_ai also wants the timer to be on.
|c|☆someidiot19|u2
|
|t:|1665045976
|start
|switch|p1a: Weavile|Weavile, F|100/100
|switch|p2a: Landorus|Landorus-Therian, M|100/100
|-ability|p1a: Weavile|Pressure
|-ability|p2a: Landorus|Intimidate|boost
|-unboost|p1a: Weavile|atk|1
|turn|1
|
|t:|1665045981
|switch|p2a: Tyranitar|Tyranitar, M, shiny|100/100
|-weather|Sandstorm|[from] ability: Sand Stream|[of] p2a: Tyranitar
|move|p1a: Weavile|Triple Axel|p2a: Tyranitar
|-damage|p2a: Tyranitar|91/100
|-damage|p2a: Tyranitar|72/100
|-damage|p2a: Tyranitar|44/100
|-hitcount|p2a: Tyranitar|3
|
|-weather|Sandstorm|[upkeep]
|-damage|p1a: Weavile|94/100|[from] Sandstorm
|upkeep
|turn|2
|
|t:|1665045993
|switch|p1a: rotomwash|Rotom-Wash|100/100
|move|p2a: Tyranitar|Fire Punch|p1a: rotomwash
|-resisted|p1a: rotomwash
|-damage|p1a: rotomwash|80/100
|
|-weather|Sandstorm|[upkeep]
|-damage|p1a: rotomwash|74/100|[from] Sandstorm
|-heal|p1a: rotomwash|80/100|[from] item: Leftovers
|upkeep
|turn|3
|
|t:|1665046005
|switch|p2a: Ribombeez Nuts|Ribombee, M|100/100
|move|p1a: rotomwash|Thunderbolt|p2a: Ribombeez Nuts
|-damage|p2a: Ribombeez Nuts|51/100
|
|-weather|Sandstorm|[upkeep]
|-damage|p2a: Ribombeez Nuts|45/100|[from] Sandstorm
|-damage|p1a: rotomwash|74/100|[from] Sandstorm
|-heal|p1a: rotomwash|80/100|[from] item: Leftovers
|upkeep
|turn|4
|
|t:|1665046021
|move|p2a: Ribombeez Nuts|U-turn|p1a: rotomwash
|-damage|p1a: rotomwash|63/100
|
|t:|1665046036
|switch|p2a: Tapu Koko|Tapu Koko|100/100|[from]move: U-turn
|-fieldstart|move: Electric Terrain|[from] ability: Electric Surge|[of] p2a: Tapu Koko
|move|p1a: rotomwash|Thunderbolt|p2a: Tapu Koko
|-resisted|p2a: Tapu Koko
|-damage|p2a: Tapu Koko|75/100
|
|-weather|Sandstorm|[upkeep]
|-damage|p2a: Tapu Koko|69/100|[from] Sandstorm
|-damage|p1a: rotomwash|57/100|[from] Sandstorm
|-heal|p1a: rotomwash|63/100|[from] item: Leftovers
|upkeep
|turn|5
|
|t:|1665046046
|move|p2a: Tapu Koko|Volt Switch|p1a: rotomwash
|-damage|p1a: rotomwash|25/100
|
|t:|1665046055
|switch|p2a: Tyranitar|Tyranitar, M, shiny|44/100|[from]move: Volt Switch
|move|p1a: rotomwash|Hydro Pump|p2a: Tyranitar
|-supereffective|p2a: Tyranitar
|-damage|p2a: Tyranitar|0 fnt
|faint|p2a: Tyranitar
|
|-weather|none
|-heal|p1a: rotomwash|32/100|[from] item: Leftovers
|upkeep
|
|t:|1665046064
|switch|p2a: Zapdos|Zapdos-Galar, shiny|100/100
|turn|6
|
|t:|1665046076
|switch|p1a: Tangrowth|Tangrowth, M|100/100
|move|p2a: Zapdos|Close Combat|p1a: Tangrowth
|-damage|p1a: Tangrowth|49/100
|-unboost|p2a: Zapdos|def|1
|-unboost|p2a: Zapdos|spd|1
|-damage|p2a: Zapdos|84/100|[from] item: Rocky Helmet|[of] p1a: Tangrowth
|
|upkeep
|turn|7
|
|t:|1665046085
|move|p2a: Zapdos|Close Combat|p1a: Tangrowth
|-damage|p1a: Tangrowth|0 fnt
|-unboost|p2a: Zapdos|def|1
|-unboost|p2a: Zapdos|spd|1
|-damage|p2a: Zapdos|67/100|[from] item: Rocky Helmet|[of] p1a: Tangrowth
|faint|p1a: Tangrowth
|
|upkeep
|
|t:|1665046085
|switch|p1a: Weavile|Weavile, F|94/100
|-ability|p1a: Weavile|Pressure
|turn|8
|
|t:|1665046111
|switch|p2a: Landorus|Landorus-Therian, M|100/100
|-ability|p2a: Landorus|Intimidate|boost
|-unboost|p1a: Weavile|atk|1
|move|p1a: Weavile|Triple Axel|p2a: Landorus
|-supereffective|p2a: Landorus
|-damage|p2a: Landorus|54/100
|-hitcount|p2a: Landorus|1
|
|-fieldend|move: Electric Terrain
|upkeep
|turn|9
|
|t:|1665046117
|move|p1a: Weavile|Triple Axel|p2a: Landorus
|-supereffective|p2a: Landorus
|-damage|p2a: Landorus|9/100
|-supereffective|p2a: Landorus
|-damage|p2a: Landorus|0 fnt
|faint|p2a: Landorus
|-hitcount|p2: Landorus|2
|
|upkeep
|inactive|someidiot19 has 120 seconds left.
|
|t:|1665046137
|switch|p2a: Tapu Koko|Tapu Koko|69/100
|-fieldstart|move: Electric Terrain|[from] ability: Electric Surge|[of] p2a: Tapu Koko
|turn|10
|
|t:|1665046142
|move|p2a: Tapu Koko|Dazzling Gleam|p1a: Weavile
|-supereffective|p1a: Weavile
|-damage|p1a: Weavile|0 fnt
|faint|p1a: Weavile
|
|upkeep
|
|t:|1665046142
|switch|p1a: Heatran|Heatran, M|100/100
|-item|p1a: Heatran|Air Balloon
|turn|11
|
|t:|1665046149
|move|p2a: Tapu Koko|Volt Switch|p1a: Heatran
|-damage|p1a: Heatran|60/100
|-enditem|p1a: Heatran|Air Balloon
|
|t:|1665046154
|switch|p2a: Zapdos|Zapdos-Galar, shiny|67/100|[from]move: Volt Switch
|move|p1a: Heatran|Magma Storm|p2a: Zapdos
|-damage|p2a: Zapdos|3/100
|-activate|p2a: Zapdos|move: Magma Storm|[of] p1a: Heatran
|
|-damage|p2a: Zapdos|0 fnt|[from] move: Magma Storm|[partiallytrapped]
|faint|p2a: Zapdos
|upkeep
|
|t:|1665046160
|switch|p2a: Regieleki|Regieleki|100/100
|turn|12
|
|t:|1665046163
|switch|p2a: Ribombeez Nuts|Ribombee, M|45/100
|switch|p1a: landorustherian|Landorus-Therian, M|100/100
|-ability|p1a: landorustherian|Intimidate|boost
|-unboost|p2a: Ribombeez Nuts|atk|1
|
|upkeep
|turn|13
|
|t:|1665046167
|move|p2a: Ribombeez Nuts|Switcheroo|p1a: landorustherian
|-activate|p2a: Ribombeez Nuts|move: Trick|[of] p1a: landorustherian
|-item|p1a: landorustherian|Ring Target|[from] move: Switcheroo
|-item|p2a: Ribombeez Nuts|Leftovers|[from] move: Switcheroo
|move|p1a: landorustherian|Earthquake|p2a: Ribombeez Nuts
|-resisted|p2a: Ribombeez Nuts
|-damage|p2a: Ribombeez Nuts|9/100
|
|-heal|p2a: Ribombeez Nuts|16/100|[from] item: Leftovers
|upkeep
|turn|14
|
|t:|1665046171
|move|p2a: Ribombeez Nuts|Sticky Web|p1a: landorustherian
|-sidestart|p1: minimax_ai|move: Sticky Web
|move|p1a: landorustherian|Earthquake|p2a: Ribombeez Nuts
|-resisted|p2a: Ribombeez Nuts
|-damage|p2a: Ribombeez Nuts|0 fnt
|faint|p2a: Ribombeez Nuts
|
|-fieldend|move: Electric Terrain
|upkeep
|
|t:|1665046175
|switch|p2a: Tapu Koko|Tapu Koko|69/100
|-fieldstart|move: Electric Terrain|[from] ability: Electric Surge|[of] p2a: Tapu Koko
|turn|15
|
|t:|1665046179
|move|p2a: Tapu Koko|Thunderbolt|p1a: landorustherian
|-supereffective|p1a: landorustherian
|-damage|p1a: landorustherian|24/100
|move|p1a: landorustherian|Earthquake|p2a: Tapu Koko
|-supereffective|p2a: Tapu Koko
|-damage|p2a: Tapu Koko|0 fnt
|faint|p2a: Tapu Koko
|
|upkeep
|
|t:|1665046182
|switch|p2a: Regieleki|Regieleki|100/100
|turn|16
|
|t:|1665046185
|move|p2a: Regieleki|Rising Voltage|p1a: landorustherian
|-supereffective|p1a: landorustherian
|-damage|p1a: landorustherian|0 fnt
|faint|p1a: landorustherian
|
|upkeep
|
|t:|1665046185
|switch|p1a: Melmetal|Melmetal|100/100
|-activate|p1a: Melmetal|move: Sticky Web
|-unboost|p1a: Melmetal|spe|1
|turn|17
|
|t:|1665046188
|move|p2a: Regieleki|Rising Voltage|p1a: Melmetal
|-hint|Rising Voltage's BP doubled on grounded target.
|-damage|p1a: Melmetal|12/100
|move|p1a: Melmetal|Earthquake|p2a: Regieleki
|-supereffective|p2a: Regieleki
|-damage|p2a: Regieleki|0 fnt
|faint|p2a: Regieleki
|
|win|minimax_ai
|raw|minimax_ai's rating: 1519 &rarr; <strong>1538</strong><br />(+19 for winning)
|raw|someidiot19's rating: 1505 &rarr; <strong>1486</strong><br />(-19 for losing)
|c|☆minimax_ai|gg
