|raw|<div class="broadcast-blue"><strong>This battle is required to be public due to a player having a name starting with 'lt81yl'.</div>
|j|☆4funaccount
|j|☆Lt81YL Isza
|t:|1625510976
|gametype|singles
|player|p1|4funaccount|unknownf|1810
|player|p2|Lt81YL Isza|skierf-gen4dp|1893
|teamsize|p1|6
|teamsize|p2|6
|gen|8
|tier|[Gen 8] OU
|rated|
|rule|Sleep Clause Mod: Limit one foe put to sleep
|rule|Species Clause: Limit one of each Pokémon
|rule|OHKO Clause: OHKO moves are banned
|rule|Evasion Moves Clause: Evasion moves are banned
|rule|Endless Battle Clause: Forcing endless battles is banned
|rule|HP Percentage Mod: HP is shown in percentages
|rule|Dynamax Clause: You cannot dynamax
|clearpoke
|poke|p1|Toxapex, M|
|poke|p1|Garchomp, M|
|poke|p1|Excadrill, F|
|poke|p1|Tyranitar, F|
|poke|p1|Skarmory, M|
|poke|p1|Clefable, F|
|poke|p2|Landorus-Therian, M|
|poke|p2|Toxapex, M|
|poke|p2|Dragonite, F|
|poke|p2|Ferrothorn, M|
|poke|p2|Tornadus-Therian, M|
|poke|p2|Volcarona, F|
|teampreview
|inactive|Battle timer is ON: inactive players will automatically lose when time's up. (requested by 4funaccount)
|
|t:|1625511000
|start
|switch|p1a: Skarmory|Skarmory, M, shiny|100/100
|switch|p2a: Tornadus|Tornadus-Therian, M, shiny|100/100
|turn|1
|
|t:|1625511004
|switch|p1a: Toxapex|Toxapex, M|100/100
|move|p2a: Tornadus|Heat Wave|p1a: Toxapex|[miss]
|-miss|p2a: Tornadus|p1a: Toxapex
|
|upkeep
|turn|2
|
|t:|1625511008
|switch|p2a: Toxapex|Toxapex, M|100/100
|move|p1a: Toxapex|Knock Off|p2a: Toxapex
|-damage|p2a: Toxapex|90/100
|-enditem|p2a: Toxapex|Black Sludge|[from] move: Knock Off|[of] p1a: Toxapex
|
|upkeep
|turn|3
|
|t:|1625511011
|move|p2a: Toxapex|Scald|p1a: Toxapex
|-resisted|p1a: Toxapex
|-damage|p1a: Toxapex|94/100
|move|p1a: Toxapex|Toxic Spikes|p2a: Toxapex
|-sidestart|p2: Lt81YL Isza|move: Toxic Spikes
|
|-heal|p1a: Toxapex|99/100|[from] item: Black Sludge
|upkeep
|turn|4
|
|t:|1625511016
|move|p2a: Toxapex|Scald|p1a: Toxapex
|-resisted|p1a: Toxapex
|-damage|p1a: Toxapex|94/100
|-status|p1a: Toxapex|brn
|move|p1a: Toxapex|Scald|p2a: Toxapex
|-resisted|p2a: Toxapex
|-damage|p2a: Toxapex|83/100
|-status|p2a: Toxapex|brn
|
|-heal|p1a: Toxapex|100/100 brn|[from] item: Black Sludge
|-damage|p2a: Toxapex|77/100 brn|[from] brn
|-damage|p1a: Toxapex|94/100 brn|[from] brn
|upkeep
|turn|5
|
|t:|1625511041
|switch|p2a: Tornadus|Tornadus-Therian, M, shiny|100/100
|move|p1a: Toxapex|Knock Off|p2a: Tornadus
|-crit|p2a: Tornadus
|-damage|p2a: Tornadus|88/100
|-enditem|p2a: Tornadus|Heavy-Duty Boots|[from] move: Knock Off|[of] p1a: Toxapex
|
|-heal|p1a: Toxapex|100/100 brn|[from] item: Black Sludge
|-damage|p1a: Toxapex|94/100 brn|[from] brn
|upkeep
|turn|6
|
|t:|1625511049
|move|p2a: Tornadus|Knock Off|p1a: Toxapex
|-damage|p1a: Toxapex|80/100 brn
|-enditem|p1a: Toxapex|Black Sludge|[from] move: Knock Off|[of] p2a: Tornadus
|move|p1a: Toxapex|Toxic Spikes|p2a: Tornadus
|-sidestart|p2: Lt81YL Isza|move: Toxic Spikes
|
|-damage|p1a: Toxapex|74/100 brn|[from] brn
|upkeep
|turn|7
|
|t:|1625511053
|switch|p2a: Toxapex|Toxapex, M|100/100 brn
|-sideend|p2: Lt81YL Isza|move: Toxic Spikes|[of] p2a: Toxapex
|move|p1a: Toxapex|Recover|p1a: Toxapex
|-heal|p1a: Toxapex|100/100 brn
|
|-damage|p2a: Toxapex|95/100 brn|[from] brn
|-damage|p1a: Toxapex|94/100 brn|[from] brn
|upkeep
|turn|8
|
|t:|1625511059
|move|p2a: Toxapex|Toxic||[still]
|-fail|p2a: Toxapex
|move|p1a: Toxapex|Toxic Spikes|p2a: Toxapex
|-sidestart|p2: Lt81YL Isza|move: Toxic Spikes
|
|-damage|p2a: Toxapex|89/100 brn|[from] brn
|-damage|p1a: Toxapex|88/100 brn|[from] brn
|upkeep
|turn|9
|
|t:|1625511061
|switch|p2a: Tornadus|Tornadus-Therian, M, shiny|100/100
|move|p1a: Toxapex|Scald|p2a: Tornadus
|-damage|p2a: Tornadus|86/100
|-status|p2a: Tornadus|brn
|
|-damage|p2a: Tornadus|79/100 brn|[from] brn
|-damage|p1a: Toxapex|82/100 brn|[from] brn
|upkeep
|turn|10
|
|t:|1625511069
|move|p2a: Tornadus|Knock Off|p1a: Toxapex
|-damage|p1a: Toxapex|77/100 brn
|move|p1a: Toxapex|Knock Off|p2a: Tornadus
|-damage|p2a: Tornadus|74/100 brn
|
|-damage|p2a: Tornadus|68/100 brn|[from] brn
|-damage|p1a: Toxapex|71/100 brn|[from] brn
|upkeep
|turn|11
|
|t:|1625511074
|move|p2a: Tornadus|Knock Off|p1a: Toxapex
|-damage|p1a: Toxapex|67/100 brn
|move|p1a: Toxapex|Knock Off|p2a: Tornadus
|-damage|p2a: Tornadus|62/100 brn
|
|-damage|p2a: Tornadus|56/100 brn|[from] brn
|-damage|p1a: Toxapex|60/100 brn|[from] brn
|upkeep
|turn|12
|
|t:|1625511076
|switch|p2a: Toxapex|Toxapex, M|100/100 brn
|-sideend|p2: Lt81YL Isza|move: Toxic Spikes|[of] p2a: Toxapex
|move|p1a: Toxapex|Recover|p1a: Toxapex
|-heal|p1a: Toxapex|100/100 brn
|
|-damage|p2a: Toxapex|95/100 brn|[from] brn
|-damage|p1a: Toxapex|94/100 brn|[from] brn
|upkeep
|turn|13
|
|t:|1625511082
|switch|p2a: Tornadus|Tornadus-Therian, M, shiny|89/100 brn
|move|p1a: Toxapex|Toxic Spikes|p2a: Tornadus
|-sidestart|p2: Lt81YL Isza|move: Toxic Spikes
|
|-damage|p2a: Tornadus|83/100 brn|[from] brn
|-damage|p1a: Toxapex|88/100 brn|[from] brn
|upkeep
|turn|14
|
|t:|1625511086
|switch|p2a: Toxapex|Toxapex, M|100/100 brn
|-sideend|p2: Lt81YL Isza|move: Toxic Spikes|[of] p2a: Toxapex
|move|p1a: Toxapex|Scald|p2a: Toxapex
|-resisted|p2a: Toxapex
|-damage|p2a: Toxapex|95/100 brn
|
|-damage|p2a: Toxapex|89/100 brn|[from] brn
|-damage|p1a: Toxapex|82/100 brn|[from] brn
|upkeep
|turn|15
|
|t:|1625511092
|switch|p2a: Tornadus|Tornadus-Therian, M, shiny|100/100 brn
|switch|p1a: Clefable|Clefable, F, shiny|100/100
|
|-damage|p2a: Tornadus|94/100 brn|[from] brn
|upkeep
|turn|16
|
|t:|1625511102
|move|p2a: Tornadus|Knock Off|p1a: Clefable
|-resisted|p1a: Clefable
|-damage|p1a: Clefable|96/100
|-enditem|p1a: Clefable|Life Orb|[from] move: Knock Off|[of] p2a: Tornadus
|move|p1a: Clefable|Thunder|p2a: Tornadus|[miss]
|-miss|p1a: Clefable|p2a: Tornadus
|
|-damage|p2a: Tornadus|88/100 brn|[from] brn
|upkeep
|turn|17
|
|t:|1625511110
|switch|p2a: Ferrothorn|Ferrothorn, M|100/100
|switch|p1a: Garchomp|Garchomp, M|100/100
|
|upkeep
|turn|18
|
|t:|1625511116
|switch|p2a: Landorus|Landorus-Therian, M|100/100
|-ability|p2a: Landorus|Intimidate|boost
|-unboost|p1a: Garchomp|atk|1
|move|p1a: Garchomp|Fire Fang|p2a: Landorus
|-damage|p2a: Landorus|90/100
|
|-heal|p2a: Landorus|96/100|[from] item: Leftovers
|upkeep
|turn|19
|
|t:|1625511123
|switch|p1a: Skarmory|Skarmory, M, shiny|100/100
|move|p2a: Landorus|Stealth Rock|p1a: Skarmory
|-sidestart|p1: 4funaccount|move: Stealth Rock
|
|-heal|p2a: Landorus|100/100|[from] item: Leftovers
|upkeep
|turn|20
|
|t:|1625511129
|switch|p2a: Tornadus|Tornadus-Therian, M, shiny|100/100 brn
|move|p1a: Skarmory|Spikes|p2a: Tornadus
|-sidestart|p2: Lt81YL Isza|Spikes
|
|-damage|p2a: Tornadus|94/100 brn|[from] brn
|upkeep
|turn|21
|
|t:|1625511131
|switch|p1a: Toxapex|Toxapex, M|100/100 brn
|-damage|p1a: Toxapex|88/100 brn|[from] Stealth Rock
|move|p2a: Tornadus|Knock Off|p1a: Toxapex
|-damage|p1a: Toxapex|84/100 brn
|
|-damage|p2a: Tornadus|88/100 brn|[from] brn
|-damage|p1a: Toxapex|77/100 brn|[from] brn
|upkeep
|turn|22
|
|t:|1625511136
|switch|p2a: Toxapex|Toxapex, M|100/100 brn
|-damage|p2a: Toxapex|88/100 brn|[from] Spikes
|move|p1a: Toxapex|Toxic Spikes|p2a: Toxapex
|-sidestart|p2: Lt81YL Isza|move: Toxic Spikes
|
|-damage|p2a: Toxapex|82/100 brn|[from] brn
|-damage|p1a: Toxapex|71/100 brn|[from] brn
|upkeep
|turn|23
|
|t:|1625511141
|switch|p1a: Clefable|Clefable, F, shiny|96/100
|move|p2a: Toxapex|Scald|p1a: Clefable
|-damage|p1a: Clefable|80/100
|-status|p1a: Clefable|brn
|
|-damage|p2a: Toxapex|76/100 brn|[from] brn
|upkeep
|turn|24
|
|t:|1625511145
|switch|p2a: Ferrothorn|Ferrothorn, M|100/100
|-damage|p2a: Ferrothorn|88/100|[from] Spikes
|move|p1a: Clefable|Calm Mind|p1a: Clefable
|-boost|p1a: Clefable|spa|1
|-boost|p1a: Clefable|spd|1
|
|-heal|p2a: Ferrothorn|94/100|[from] item: Leftovers
|upkeep
|turn|25
|
|t:|1625511149
|switch|p1a: Toxapex|Toxapex, M|100/100 brn
|-damage|p1a: Toxapex|88/100 brn|[from] Stealth Rock
|move|p2a: Ferrothorn|Iron Head|p1a: Toxapex
|-resisted|p1a: Toxapex
|-damage|p1a: Toxapex|79/100 brn
|
|-heal|p2a: Ferrothorn|99/100|[from] item: Leftovers
|-damage|p1a: Toxapex|73/100 brn|[from] brn
|upkeep
|turn|26
|j| LT81YL ez
|
|t:|1625511158
|switch|p1a: Clefable|Clefable, F, shiny|80/100 brn
|switch|p2a: Toxapex|Toxapex, M|100/100 brn
|-sideend|p2: Lt81YL Isza|move: Toxic Spikes|[of] p2a: Toxapex
|-damage|p2a: Toxapex|88/100 brn|[from] Spikes
|
|-damage|p2a: Toxapex|82/100 brn|[from] brn
|upkeep
|turn|27
|
|t:|1625511162
|switch|p2a: Ferrothorn|Ferrothorn, M|99/100
|-damage|p2a: Ferrothorn|88/100|[from] Spikes
|move|p1a: Clefable|Thunder|p2a: Ferrothorn
|-resisted|p2a: Ferrothorn
|-damage|p2a: Ferrothorn|80/100
|
|-heal|p2a: Ferrothorn|86/100|[from] item: Leftovers
|upkeep
|turn|28
|
|t:|1625511170
|switch|p1a: Toxapex|Toxapex, M|100/100 brn
|-damage|p1a: Toxapex|88/100 brn|[from] Stealth Rock
|move|p2a: Ferrothorn|Spikes|p1a: Toxapex
|-sidestart|p1: 4funaccount|Spikes
|
|-heal|p2a: Ferrothorn|92/100|[from] item: Leftovers
|-damage|p1a: Toxapex|82/100 brn|[from] brn
|upkeep
|turn|29
|
|t:|1625511177
|switch|p2a: Toxapex|Toxapex, M|100/100 brn
|-damage|p2a: Toxapex|88/100 brn|[from] Spikes
|move|p1a: Toxapex|Scald|p2a: Toxapex
|-resisted|p2a: Toxapex
|-damage|p2a: Toxapex|83/100 brn
|
|-damage|p2a: Toxapex|77/100 brn|[from] brn
|-damage|p1a: Toxapex|75/100 brn|[from] brn
|upkeep
|turn|30
|
|t:|1625511180
|switch|p2a: Tornadus|Tornadus-Therian, M, shiny|100/100 brn
|move|p1a: Toxapex|Toxic Spikes|p2a: Tornadus
|-sidestart|p2: Lt81YL Isza|move: Toxic Spikes
|
|-damage|p2a: Tornadus|94/100 brn|[from] brn
|-damage|p1a: Toxapex|69/100 brn|[from] brn
|upkeep
|turn|31
|
|t:|1625511184
|switch|p2a: Toxapex|Toxapex, M|100/100 brn
|-sideend|p2: Lt81YL Isza|move: Toxic Spikes|[of] p2a: Toxapex
|-damage|p2a: Toxapex|88/100 brn|[from] Spikes
|move|p1a: Toxapex|Recover|p1a: Toxapex
|-heal|p1a: Toxapex|100/100 brn
|
|-damage|p2a: Toxapex|82/100 brn|[from] brn
|-damage|p1a: Toxapex|94/100 brn|[from] brn
|upkeep
|turn|32
|
|t:|1625511187
|switch|p2a: Tornadus|Tornadus-Therian, M, shiny|100/100 brn
|switch|p1a: Clefable|Clefable, F, shiny|80/100 brn
|
|-damage|p2a: Tornadus|94/100 brn|[from] brn
|upkeep
|turn|33
|
|t:|1625511195
|switch|p2a: Ferrothorn|Ferrothorn, M|92/100
|-damage|p2a: Ferrothorn|80/100|[from] Spikes
|switch|p1a: Skarmory|Skarmory, M, shiny|100/100
|-damage|p1a: Skarmory|88/100|[from] Stealth Rock
|
|-heal|p2a: Ferrothorn|86/100|[from] item: Leftovers
|upkeep
|turn|34
|
|t:|1625511199
|switch|p2a: Tornadus|Tornadus-Therian, M, shiny|100/100 brn
|move|p1a: Skarmory|Spikes|p2a: Tornadus
|-sidestart|p2: Lt81YL Isza|Spikes
|
|-damage|p2a: Tornadus|94/100 brn|[from] brn
|upkeep
|turn|35
|
|t:|1625511207
|switch|p1a: Toxapex|Toxapex, M|100/100 brn
|-damage|p1a: Toxapex|88/100 brn|[from] Spikes
|-damage|p1a: Toxapex|75/100 brn|[from] Stealth Rock
|move|p2a: Tornadus|Knock Off|p1a: Toxapex
|-damage|p1a: Toxapex|71/100 brn
|
|-damage|p2a: Tornadus|88/100 brn|[from] brn
|-damage|p1a: Toxapex|65/100 brn|[from] brn
|upkeep
|turn|36
|
|t:|1625511211
|move|p2a: Tornadus|Defog|p1a: Toxapex
|-unboost|p1a: Toxapex|evasion|1
|-sideend|p1: 4funaccount|Spikes|[from] move: Defog|[of] p2a: Tornadus
|-sideend|p1: 4funaccount|Stealth Rock|[from] move: Defog|[of] p2a: Tornadus
|-sideend|p2: Lt81YL Isza|Spikes|[from] move: Defog|[of] p2a: Tornadus
|move|p1a: Toxapex|Recover|p1a: Toxapex
|-heal|p1a: Toxapex|100/100 brn
|
|-damage|p2a: Tornadus|82/100 brn|[from] brn
|-damage|p1a: Toxapex|94/100 brn|[from] brn
|upkeep
|turn|37
|
|t:|1625511225
|move|p2a: Tornadus|Knock Off|p1a: Toxapex
|-damage|p1a: Toxapex|90/100 brn
|move|p1a: Toxapex|Knock Off|p2a: Tornadus
|-damage|p2a: Tornadus|76/100 brn
|
|-damage|p2a: Tornadus|70/100 brn|[from] brn
|-damage|p1a: Toxapex|84/100 brn|[from] brn
|upkeep
|turn|38
|
|t:|1625511231
|switch|p2a: Toxapex|Toxapex, M|100/100 brn
|move|p1a: Toxapex|Toxic Spikes|p2a: Toxapex
|-sidestart|p2: Lt81YL Isza|move: Toxic Spikes
|
|-damage|p2a: Toxapex|95/100 brn|[from] brn
|-damage|p1a: Toxapex|77/100 brn|[from] brn
|upkeep
|turn|39
|
|t:|1625511243
|switch|p2a: Tornadus|Tornadus-Therian, M, shiny|100/100 brn
|switch|p1a: Garchomp|Garchomp, M|100/100
|
|-damage|p2a: Tornadus|94/100 brn|[from] brn
|upkeep
|turn|40
|
|t:|1625511246
|move|p2a: Tornadus|Icy Wind|p1a: Garchomp
|-supereffective|p1a: Garchomp
|-crit|p1a: Garchomp
|-damage|p1a: Garchomp|14/100
|-unboost|p1a: Garchomp|spe|1
|move|p1a: Garchomp|Swords Dance|p1a: Garchomp
|-boost|p1a: Garchomp|atk|2
|
|-heal|p1a: Garchomp|20/100|[from] item: Leftovers
|-damage|p2a: Tornadus|88/100 brn|[from] brn
|upkeep
|turn|41
|
|t:|1625511253
|switch|p1a: Toxapex|Toxapex, M|100/100 brn
|move|p2a: Tornadus|Icy Wind|p1a: Toxapex
|-resisted|p1a: Toxapex
|-damage|p1a: Toxapex|95/100 brn
|-unboost|p1a: Toxapex|spe|1
|
|-damage|p2a: Tornadus|82/100 brn|[from] brn
|-damage|p1a: Toxapex|89/100 brn|[from] brn
|upkeep
|turn|42
|
|t:|1625511259
|switch|p2a: Toxapex|Toxapex, M|100/100 brn
|-sideend|p2: Lt81YL Isza|move: Toxic Spikes|[of] p2a: Toxapex
|switch|p1a: Garchomp|Garchomp, M|20/100
|
|-heal|p1a: Garchomp|27/100|[from] item: Leftovers
|-damage|p2a: Toxapex|95/100 brn|[from] brn
|upkeep
|turn|43
|
|t:|1625511265
|switch|p1a: Clefable|Clefable, F, shiny|80/100 brn
|switch|p2a: Tornadus|Tornadus-Therian, M, shiny|100/100 brn
|
|-damage|p2a: Tornadus|94/100 brn|[from] brn
|upkeep
|turn|44
|
|t:|1625511274
|switch|p1a: Skarmory|Skarmory, M, shiny|88/100
|move|p2a: Tornadus|Knock Off|p1a: Skarmory
|-damage|p1a: Skarmory|82/100
|-damage|p2a: Tornadus|78/100 brn|[from] item: Rocky Helmet|[of] p1a: Skarmory
|-enditem|p1a: Skarmory|Rocky Helmet|[from] move: Knock Off|[of] p2a: Tornadus
|
|-damage|p2a: Tornadus|72/100 brn|[from] brn
|upkeep
|turn|45
|
|t:|1625511281
|switch|p1a: Toxapex|Toxapex, M|100/100 brn
|move|p2a: Tornadus|Heat Wave|p1a: Toxapex
|-resisted|p1a: Toxapex
|-damage|p1a: Toxapex|92/100 brn
|
|-damage|p2a: Tornadus|66/100 brn|[from] brn
|-damage|p1a: Toxapex|86/100 brn|[from] brn
|upkeep
|turn|46
|
|t:|1625511285
|switch|p1a: Skarmory|Skarmory, M, shiny|82/100
|move|p2a: Tornadus|Heat Wave|p1a: Skarmory|[miss]
|-miss|p2a: Tornadus|p1a: Skarmory
|
|-damage|p2a: Tornadus|60/100 brn|[from] brn
|upkeep
|turn|47
|
|t:|1625511291
|switch|p2a: Ferrothorn|Ferrothorn, M|86/100
|switch|p1a: Toxapex|Toxapex, M|100/100 brn
|
|-heal|p2a: Ferrothorn|92/100|[from] item: Leftovers
|-damage|p1a: Toxapex|94/100 brn|[from] brn
|upkeep
|turn|48
|
|t:|1625511294
|switch|p2a: Tornadus|Tornadus-Therian, M, shiny|93/100 brn
|move|p1a: Toxapex|Knock Off|p2a: Tornadus
|-damage|p2a: Tornadus|87/100 brn
|
|-damage|p2a: Tornadus|81/100 brn|[from] brn
|-damage|p1a: Toxapex|88/100 brn|[from] brn
|upkeep
|turn|49
|
|t:|1625511297
|switch|p2a: Toxapex|Toxapex, M|100/100 brn
|move|p1a: Toxapex|Toxic Spikes|p2a: Toxapex
|-sidestart|p2: Lt81YL Isza|move: Toxic Spikes
|
|-damage|p2a: Toxapex|95/100 brn|[from] brn
|-damage|p1a: Toxapex|82/100 brn|[from] brn
|upkeep
|turn|50
|
|t:|1625511301
|switch|p1a: Skarmory|Skarmory, M, shiny|82/100
|move|p2a: Toxapex|Scald|p1a: Skarmory
|-damage|p1a: Skarmory|60/100
|-status|p1a: Skarmory|brn
|
|-damage|p1a: Skarmory|54/100 brn|[from] brn
|-damage|p2a: Toxapex|89/100 brn|[from] brn
|upkeep
|turn|51
|
|t:|1625511304
|switch|p2a: Tornadus|Tornadus-Therian, M, shiny|100/100 brn
|move|p1a: Skarmory|Roost|p1a: Skarmory
|-heal|p1a: Skarmory|100/100 brn
|-singleturn|p1a: Skarmory|move: Roost
|
|-damage|p2a: Tornadus|94/100 brn|[from] brn
|-damage|p1a: Skarmory|94/100 brn|[from] brn
|upkeep
|turn|52
|
|t:|1625511309
|switch|p2a: Landorus|Landorus-Therian, M|100/100
|-ability|p2a: Landorus|Intimidate|boost
|-unboost|p1a: Skarmory|atk|1
|switch|p1a: Toxapex|Toxapex, M|100/100 brn
|
|-damage|p1a: Toxapex|94/100 brn|[from] brn
|upkeep
|turn|53
|
|t:|1625511316
|move|p2a: Landorus|U-turn|p1a: Toxapex
|-resisted|p1a: Toxapex
|-damage|p1a: Toxapex|87/100 brn
|
|t:|1625511318
|switch|p2a: Toxapex|Toxapex, M|100/100 brn|[from]move: U-turn
|-sideend|p2: Lt81YL Isza|move: Toxic Spikes|[of] p2a: Toxapex
|move|p1a: Toxapex|Knock Off|p2a: Toxapex
|-damage|p2a: Toxapex|97/100 brn
|
|-damage|p2a: Toxapex|91/100 brn|[from] brn
|-damage|p1a: Toxapex|81/100 brn|[from] brn
|upkeep
|turn|54
|
|t:|1625511324
|switch|p2a: Tornadus|Tornadus-Therian, M, shiny|100/100 brn
|switch|p1a: Clefable|Clefable, F, shiny|80/100 brn
|
|-damage|p2a: Tornadus|94/100 brn|[from] brn
|upkeep
|turn|55
|
|t:|1625511333
|move|p2a: Tornadus|Icy Wind|p1a: Clefable
|-damage|p1a: Clefable|66/100 brn
|-unboost|p1a: Clefable|spe|1
|move|p1a: Clefable|Thunder|p2a: Tornadus
|-supereffective|p2a: Tornadus
|-damage|p2a: Tornadus|45/100 brn
|
|-damage|p2a: Tornadus|39/100 brn|[from] brn
|upkeep
|turn|56
|
|t:|1625511344
|switch|p2a: Landorus|Landorus-Therian, M|100/100
|-ability|p2a: Landorus|Intimidate|boost
|-unboost|p1a: Clefable|atk|1
|switch|p1a: Garchomp|Garchomp, M|27/100
|
|-heal|p1a: Garchomp|33/100|[from] item: Leftovers
|upkeep
|turn|57
|
|t:|1625511350
|switch|p1a: Skarmory|Skarmory, M, shiny|94/100 brn
|move|p2a: Landorus|Earthquake|p1a: Skarmory
|-immune|p1a: Skarmory
|
|-damage|p1a: Skarmory|88/100 brn|[from] brn
|upkeep
|turn|58
|
|t:|1625511353
|move|p2a: Landorus|Stealth Rock|p1a: Skarmory
|-sidestart|p1: 4funaccount|move: Stealth Rock
|move|p1a: Skarmory|Spikes|p2a: Landorus
|-sidestart|p2: Lt81YL Isza|Spikes
|
|-damage|p1a: Skarmory|82/100 brn|[from] brn
|upkeep
|turn|59
|
|t:|1625511361
|move|p2a: Landorus|Knock Off|p1a: Skarmory
|-damage|p1a: Skarmory|70/100 brn
|move|p1a: Skarmory|Spikes|p2a: Landorus
|-sidestart|p2: Lt81YL Isza|Spikes
|
|-damage|p1a: Skarmory|64/100 brn|[from] brn
|upkeep
|turn|60
|
|t:|1625511365
|move|p2a: Landorus|U-turn|p1a: Skarmory
|-resisted|p1a: Skarmory
|-damage|p1a: Skarmory|60/100 brn
|
|t:|1625511368
|switch|p2a: Tornadus|Tornadus-Therian, M, shiny|72/100 brn|[from]move: U-turn
|move|p1a: Skarmory|Roost|p1a: Skarmory
|-heal|p1a: Skarmory|100/100 brn
|-singleturn|p1a: Skarmory|move: Roost
|
|-damage|p2a: Tornadus|66/100 brn|[from] brn
|-damage|p1a: Skarmory|94/100 brn|[from] brn
|upkeep
|turn|61
|
|t:|1625511370
|switch|p1a: Tyranitar|Tyranitar, F, shiny|100/100
|-damage|p1a: Tyranitar|88/100|[from] Stealth Rock
|-weather|Sandstorm|[from] ability: Sand Stream|[of] p1a: Tyranitar
|move|p2a: Tornadus|Defog|p1a: Tyranitar
|-unboost|p1a: Tyranitar|evasion|1
|-sideend|p1: 4funaccount|Stealth Rock|[from] move: Defog|[of] p2a: Tornadus
|-sideend|p2: Lt81YL Isza|Spikes|[from] move: Defog|[of] p2a: Tornadus
|
|-weather|Sandstorm|[upkeep]
|-damage|p2a: Tornadus|60/100 brn|[from] Sandstorm
|-heal|p1a: Tyranitar|94/100|[from] item: Leftovers
|-damage|p2a: Tornadus|54/100 brn|[from] brn
|upkeep
|turn|62
|
|t:|1625511373
|switch|p2a: Landorus|Landorus-Therian, M|100/100
|-ability|p2a: Landorus|Intimidate|boost
|-unboost|p1a: Tyranitar|atk|1
|move|p1a: Tyranitar|Stealth Rock|p2a: Landorus
|-sidestart|p2: Lt81YL Isza|move: Stealth Rock
|
|-weather|Sandstorm|[upkeep]
|-heal|p1a: Tyranitar|100/100|[from] item: Leftovers
|upkeep
|turn|63
|
|t:|1625511379
|switch|p1a: Skarmory|Skarmory, M, shiny|94/100 brn
|move|p2a: Landorus|Earthquake|p1a: Skarmory
|-immune|p1a: Skarmory
|
|-weather|Sandstorm|[upkeep]
|-damage|p1a: Skarmory|88/100 brn|[from] brn
|upkeep
|turn|64
|
|t:|1625511389
|move|p2a: Landorus|Stealth Rock|p1a: Skarmory
|-sidestart|p1: 4funaccount|move: Stealth Rock
|move|p1a: Skarmory|Body Press|p2a: Landorus
|-resisted|p2a: Landorus
|-damage|p2a: Landorus|94/100
|
|-weather|Sandstorm|[upkeep]
|-heal|p2a: Landorus|100/100|[from] item: Leftovers
|-damage|p1a: Skarmory|82/100 brn|[from] brn
|upkeep
|turn|65
|
|t:|1625511395
|move|p2a: Landorus|U-turn|p1a: Skarmory
|-resisted|p1a: Skarmory
|-damage|p1a: Skarmory|79/100 brn
|j| iutzuzzfouzf
|
|t:|1625511411
|switch|p2a: Ferrothorn|Ferrothorn, M|92/100|[from]move: U-turn
|-damage|p2a: Ferrothorn|86/100|[from] Stealth Rock
|move|p1a: Skarmory|Spikes|p2a: Ferrothorn
|-sidestart|p2: Lt81YL Isza|Spikes
|
|-weather|none
|-heal|p2a: Ferrothorn|92/100|[from] item: Leftovers
|-damage|p1a: Skarmory|73/100 brn|[from] brn
|upkeep
|turn|66
|
|t:|1625511424
|move|p1a: Skarmory|Spikes|p2a: Ferrothorn
|-sidestart|p2: Lt81YL Isza|Spikes
|move|p2a: Ferrothorn|Spikes|p1a: Skarmory
|-sidestart|p1: 4funaccount|Spikes
|
|-heal|p2a: Ferrothorn|98/100|[from] item: Leftovers
|-damage|p1a: Skarmory|67/100 brn|[from] brn
|upkeep
|turn|67
|
|t:|1625511426
|move|p1a: Skarmory|Spikes|p2a: Ferrothorn
|-sidestart|p2: Lt81YL Isza|Spikes
|move|p2a: Ferrothorn|Spikes|p1a: Skarmory
|-sidestart|p1: 4funaccount|Spikes
|
|-heal|p2a: Ferrothorn|100/100|[from] item: Leftovers
|-damage|p1a: Skarmory|61/100 brn|[from] brn
|upkeep
|turn|68
|
|t:|1625511431
|move|p1a: Skarmory|Roost|p1a: Skarmory
|-heal|p1a: Skarmory|100/100 brn
|-singleturn|p1a: Skarmory|move: Roost
|move|p2a: Ferrothorn|Spikes|p1a: Skarmory
|-sidestart|p1: 4funaccount|Spikes
|
|-damage|p1a: Skarmory|94/100 brn|[from] brn
|upkeep
|turn|69
|
|t:|1625511434
|switch|p1a: Toxapex|Toxapex, M|100/100 brn
|-damage|p1a: Toxapex|88/100 brn|[from] Stealth Rock
|-damage|p1a: Toxapex|63/100 brn|[from] Spikes
|move|p2a: Ferrothorn|Leech Seed|p1a: Toxapex
|-start|p1a: Toxapex|move: Leech Seed
|
|-damage|p1a: Toxapex|50/100 brn|[from] Leech Seed|[of] p2a: Ferrothorn
|-damage|p1a: Toxapex|44/100 brn|[from] brn
|upkeep
|turn|70
|j|+Drreuniclus3
|
|t:|1625511447
|switch|p1a: Clefable|Clefable, F, shiny|66/100 brn
|switch|p2a: Toxapex|Toxapex, M|100/100 brn
|-damage|p2a: Toxapex|76/100 brn|[from] Spikes
|-damage|p2a: Toxapex|64/100 brn|[from] Stealth Rock
|
|-damage|p2a: Toxapex|58/100 brn|[from] brn
|upkeep
|turn|71
|
|t:|1625511454
|switch|p2a: Volcarona|Volcarona, F, shiny|100/100
|move|p1a: Clefable|Soft-Boiled|p1a: Clefable
|-heal|p1a: Clefable|100/100 brn
|
|upkeep
|turn|72
|
|t:|1625511460
|switch|p1a: Tyranitar|Tyranitar, F, shiny|100/100
|-damage|p1a: Tyranitar|88/100|[from] Stealth Rock
|-damage|p1a: Tyranitar|63/100|[from] Spikes
|-weather|Sandstorm|[from] ability: Sand Stream|[of] p1a: Tyranitar
|move|p2a: Volcarona|Quiver Dance|p2a: Volcarona
|-boost|p2a: Volcarona|spa|1
|-boost|p2a: Volcarona|spd|1
|-boost|p2a: Volcarona|spe|1
|
|-weather|Sandstorm|[upkeep]
|-damage|p2a: Volcarona|94/100|[from] Sandstorm
|-heal|p1a: Tyranitar|69/100|[from] item: Leftovers
|upkeep
|turn|73
|
|t:|1625511465
|switch|p2a: Landorus|Landorus-Therian, M|100/100
|-damage|p2a: Landorus|88/100|[from] Stealth Rock
|-ability|p2a: Landorus|Intimidate|boost
|-unboost|p1a: Tyranitar|atk|1
|move|p1a: Tyranitar|Rock Blast|p2a: Landorus
|-damage|p2a: Landorus|83/100
|-damage|p2a: Landorus|77/100
|-damage|p2a: Landorus|72/100
|-hitcount|p2a: Landorus|3
|
|-weather|Sandstorm|[upkeep]
|-heal|p2a: Landorus|78/100|[from] item: Leftovers
|-heal|p1a: Tyranitar|76/100|[from] item: Leftovers
|upkeep
|turn|74
|
|t:|1625511477
|switch|p1a: Skarmory|Skarmory, M, shiny|94/100 brn
|-damage|p1a: Skarmory|82/100 brn|[from] Stealth Rock
|move|p2a: Landorus|U-turn|p1a: Skarmory
|-resisted|p1a: Skarmory
|-damage|p1a: Skarmory|79/100 brn
|
|t:|1625511480
|switch|p2a: Volcarona|Volcarona, F, shiny|94/100|[from]move: U-turn
|
|-weather|Sandstorm|[upkeep]
|-damage|p2a: Volcarona|88/100|[from] Sandstorm
|-damage|p1a: Skarmory|73/100 brn|[from] brn
|upkeep
|turn|75
|
|t:|1625511485
|switch|p1a: Tyranitar|Tyranitar, F, shiny|76/100
|-damage|p1a: Tyranitar|51/100|[from] Spikes
|-damage|p1a: Tyranitar|38/100|[from] Stealth Rock
|move|p2a: Volcarona|Flamethrower|p1a: Tyranitar
|-resisted|p1a: Tyranitar
|-damage|p1a: Tyranitar|29/100
|
|-weather|Sandstorm|[upkeep]
|-damage|p2a: Volcarona|82/100|[from] Sandstorm
|-heal|p1a: Tyranitar|35/100|[from] item: Leftovers
|upkeep
|turn|76
|
|t:|1625511494
|switch|p2a: Landorus|Landorus-Therian, M|78/100
|-damage|p2a: Landorus|66/100|[from] Stealth Rock
|-ability|p2a: Landorus|Intimidate|boost
|-unboost|p1a: Tyranitar|atk|1
|switch|p1a: Excadrill|Excadrill, F, shiny|100/100
|-damage|p1a: Excadrill|97/100|[from] Stealth Rock
|-damage|p1a: Excadrill|73/100|[from] Spikes
|
|-weather|none
|-heal|p1a: Excadrill|79/100|[from] item: Leftovers
|-heal|p2a: Landorus|72/100|[from] item: Leftovers
|upkeep
|turn|77
|
|t:|1625511502
|move|p1a: Excadrill|Rapid Spin|p2a: Landorus
|-damage|p2a: Landorus|61/100
|-boost|p1a: Excadrill|spe|1
|-sideend|p1: 4funaccount|Spikes|[from] move: Rapid Spin|[of] p1a: Excadrill
|-sideend|p1: 4funaccount|Stealth Rock|[from] move: Rapid Spin|[of] p1a: Excadrill
|move|p2a: Landorus|Earthquake|p1a: Excadrill
|-supereffective|p1a: Excadrill
|-damage|p1a: Excadrill|0 fnt
|faint|p1a: Excadrill
|
|-heal|p2a: Landorus|67/100|[from] item: Leftovers
|upkeep
|
|t:|1625511506
|switch|p1a: Clefable|Clefable, F, shiny|100/100 brn
|turn|78
|
|t:|1625511515
|move|p2a: Landorus|U-turn|p1a: Clefable
|-resisted|p1a: Clefable
|-damage|p1a: Clefable|91/100 brn
|
|t:|1625511516
|switch|p2a: Tornadus|Tornadus-Therian, M, shiny|87/100 brn|[from]move: U-turn
|-damage|p2a: Tornadus|62/100 brn|[from] Stealth Rock
|move|p1a: Clefable|Calm Mind|p1a: Clefable
|-boost|p1a: Clefable|spa|1
|-boost|p1a: Clefable|spd|1
|
|-damage|p2a: Tornadus|56/100 brn|[from] brn
|upkeep
|turn|79
|
|t:|1625511519
|move|p2a: Tornadus|Defog|p1a: Clefable
|-unboost|p1a: Clefable|evasion|1
|-sideend|p2: Lt81YL Isza|Spikes|[from] move: Defog|[of] p2a: Tornadus
|-sideend|p2: Lt81YL Isza|Stealth Rock|[from] move: Defog|[of] p2a: Tornadus
|move|p1a: Clefable|Thunder|p2a: Tornadus|[miss]
|-miss|p1a: Clefable|p2a: Tornadus
|
|-damage|p2a: Tornadus|50/100 brn|[from] brn
|upkeep
|turn|80
|
|t:|1625511523
|switch|p2a: Ferrothorn|Ferrothorn, M|100/100
|move|p1a: Clefable|Calm Mind|p1a: Clefable
|-boost|p1a: Clefable|spa|1
|-boost|p1a: Clefable|spd|1
|
|upkeep
|turn|81
|
|t:|1625511525
|move|p1a: Clefable|Calm Mind|p1a: Clefable
|-boost|p1a: Clefable|spa|1
|-boost|p1a: Clefable|spd|1
|move|p2a: Ferrothorn|Iron Head|p1a: Clefable
|-supereffective|p1a: Clefable
|-damage|p1a: Clefable|50/100 brn
|
|upkeep
|turn|82
|
|t:|1625511527
|move|p1a: Clefable|Soft-Boiled|p1a: Clefable
|-heal|p1a: Clefable|100/100 brn
|move|p2a: Ferrothorn|Iron Head|p1a: Clefable
|-supereffective|p1a: Clefable
|-damage|p1a: Clefable|58/100 brn
|
|upkeep
|turn|83
|
|t:|1625511530
|move|p1a: Clefable|Calm Mind|p1a: Clefable
|-boost|p1a: Clefable|spa|1
|-boost|p1a: Clefable|spd|1
|move|p2a: Ferrothorn|Iron Head|p1a: Clefable
|-supereffective|p1a: Clefable
|-damage|p1a: Clefable|15/100 brn
|
|upkeep
|turn|84
|
|t:|1625511532
|move|p1a: Clefable|Soft-Boiled|p1a: Clefable
|-heal|p1a: Clefable|65/100 brn
|move|p2a: Ferrothorn|Iron Head|p1a: Clefable
|-supereffective|p1a: Clefable
|-crit|p1a: Clefable
|-damage|p1a: Clefable|0 fnt
|faint|p1a: Clefable
|
|upkeep
|c|☆Lt81YL Isza|Gg
|-message|4funaccount forfeited.
|
|win|Lt81YL Isza
|raw|4funaccount's rating: 1810 &rarr; <strong>1795</strong><br />(-15 for losing)
|raw|Lt81YL Isza's rating: 1893 &rarr; <strong>1908</strong><br />(+15 for winning)
|l|☆4funaccount
|l| LT81YL ez
||Ladder isn't responding, score probably updated but might not have (Request timeout).
|j| LT81YL ez
|l| LT81YL ez
|l|+Drreuniclus3
