|j|☆Mutako Z
|j|☆ninjadouche
|t:|1663516336
|gametype|singles
|player|p1|Mutako Z|cynthia-gen4|1507
|player|p2|ninjadouche|burglar|1517
|teamsize|p1|6
|teamsize|p2|6
|gen|8
|tier|[Gen 8] OU
|rated|
|rule|Sleep Clause Mod: Limit one foe put to sleep
|rule|Species Clause: Limit one of each Pokémon
|rule|OHKO Clause: OHKO moves are banned
|rule|Evasion Items Clause: Evasion items are banned
|rule|Evasion Moves Clause: Evasion moves are banned
|rule|Endless Battle Clause: Forcing endless battles is banned
|rule|HP Percentage Mod: HP is shown in percentages
|rule|Dynamax Clause: You cannot dynamax
|clearpoke
|poke|p1|Zapdos|
|poke|p1|Melmetal|
|poke|p1|Slowbro, M|
|poke|p1|Weavile, F|
|poke|p1|Scolipede, M|
|poke|p1|Blissey, F|
|poke|p2|Marowak-Alola, M|
|poke|p2|Ninetales, F|
|poke|p2|Rotom-Wash|
|poke|p2|Snorlax, M|
|poke|p2|Shiftry, F|
|poke|p2|Aggron, M|
|teampreview
|inactive|Battle timer is ON: inactive players will automatically lose when time's up. (requested by Mutako Z)
|
|t:|1663516365
|start
|switch|p1a: Weavile|Weavile, F|100/100
|switch|p2a: Rotom|Rotom-Wash|100/100
|turn|1
|
|t:|1663516381
|switch|p1a: Zapdos|Zapdos|100/100
|move|p2a: Rotom|Will-O-Wisp|p1a: Zapdos|[miss]
|-miss|p2a: Rotom|p1a: Zapdos
|
|upkeep
|turn|2
|
|t:|1663516391
|switch|p2a: Marowak|Marowak-Alola, M|100/100
|move|p1a: Zapdos|Volt Switch|p2a: Marowak
|-ability|p2a: Marowak|Lightning Rod|boost
|-boost|p2a: Marowak|spa|1
|
|upkeep
|turn|3
|j| BrothaOptions
|
|t:|1663516407
|move|p1a: Zapdos|Hurricane|p2a: Marowak|[miss]
|-miss|p1a: Zapdos|p2a: Marowak
|move|p2a: Marowak|Poltergeist|p1a: Zapdos
|-activate|p1a: Zapdos|move: Poltergeist|Heavy-Duty Boots
|-damage|p1a: Zapdos|41/100
|
|upkeep
|turn|4
|l|☆ninjadouche
|inactive|ninjadouche disconnected and has a minute to reconnect!
|player|p2|
|j|☆ninjadouche
|inactive|ninjadouche reconnected and has 115 seconds left.
|player|p2|ninjadouche|burglar
|
|t:|1663516441
|switch|p1a: Weavile|Weavile, F|100/100
|move|p2a: Marowak|Poltergeist|p1a: Weavile
|-activate|p1a: Weavile|move: Poltergeist|Heavy-Duty Boots
|-resisted|p1a: Weavile
|-damage|p1a: Weavile|24/100
|
|upkeep
|turn|5
|inactive|ninjadouche has 120 seconds left.
|
|t:|1663516449
|switch|p2a: Rotom|Rotom-Wash|100/100
|move|p1a: Weavile|Knock Off|p2a: Rotom
|-damage|p2a: Rotom|57/100
|-enditem|p2a: Rotom|Leftovers|[from] move: Knock Off|[of] p1a: Weavile
|
|upkeep
|turn|6
|
|t:|1663516461
|switch|p1a: Slowbro|Slowbro, M|100/100
|move|p2a: Rotom|Volt Switch|p1a: Slowbro
|-supereffective|p1a: Slowbro
|-damage|p1a: Slowbro|47/100
|
|t:|1663516467
|switch|p2a: Marowak|Marowak-Alola, M|100/100|[from]move: Volt Switch
|
|upkeep
|turn|7
|
|t:|1663516471
|switch|p1a: Blissey|Blissey, F|100/100
|move|p2a: Marowak|Substitute|p2a: Marowak
|-start|p2a: Marowak|Substitute
|-damage|p2a: Marowak|76/100
|
|upkeep
|turn|8
|
|t:|1663516478
|-singleturn|p2a: Marowak|move: Focus Punch
|move|p2a: Marowak|Focus Punch|p1a: Blissey
|-supereffective|p1a: Blissey
|-damage|p1a: Blissey|0 fnt
|faint|p1a: Blissey
|
|upkeep
|
|t:|1663516492
|switch|p1a: Melmetal|Melmetal|100/100
|turn|9
|c|☆ninjadouche|my marowak is dangerous bro
|
|t:|1663516500
|move|p2a: Marowak|Flare Blitz|p1a: Melmetal
|-supereffective|p1a: Melmetal
|-damage|p1a: Melmetal|1/100
|-status|p1a: Melmetal|brn
|-damage|p2a: Marowak|22/100|[from] Recoil
|move|p1a: Melmetal|Double Iron Bash|p2a: Marowak
|-resisted|p2a: Marowak
|-activate|p2a: Marowak|move: Substitute|[damage]
|-resisted|p2a: Marowak
|-activate|p2a: Marowak|move: Substitute|[damage]
|-hitcount|p2a: Marowak|2
|
|-damage|p1a: Melmetal|0 fnt|[from] brn
|faint|p1a: Melmetal
|upkeep
|
|t:|1663516527
|switch|p1a: Zapdos|Zapdos|41/100
|turn|10
|
|t:|1663516537
|move|p1a: Zapdos|Hurricane|p2a: Marowak
|-end|p2a: Marowak|Substitute
|move|p2a: Marowak|Poltergeist|p1a: Zapdos
|-activate|p1a: Zapdos|move: Poltergeist|Heavy-Duty Boots
|-damage|p1a: Zapdos|0 fnt
|faint|p1a: Zapdos
|
|upkeep
|
|t:|1663516546
|switch|p1a: Scolipede|Scolipede, M|100/100
|turn|11
|
|t:|1663516552
|move|p1a: Scolipede|Rock Slide|p2a: Marowak
|-supereffective|p2a: Marowak
|-damage|p2a: Marowak|0 fnt
|faint|p2a: Marowak
|
|-ability|p1a: Scolipede|Speed Boost|boost
|-boost|p1a: Scolipede|spe|1
|upkeep
|
|t:|1663516556
|switch|p2a: Rotom|Rotom-Wash|57/100
|turn|12
|
|t:|1663516577
|move|p1a: Scolipede|Megahorn|p2a: Rotom
|-damage|p2a: Rotom|10/100
|move|p2a: Rotom|Will-O-Wisp|p1a: Scolipede
|-status|p1a: Scolipede|brn
|
|-damage|p1a: Scolipede|94/100 brn|[from] brn
|-ability|p1a: Scolipede|Speed Boost|boost
|-boost|p1a: Scolipede|spe|1
|upkeep
|turn|13
|
|t:|1663516585
|move|p1a: Scolipede|Swords Dance|p1a: Scolipede
|-boost|p1a: Scolipede|atk|2
|move|p2a: Rotom|Hydro Pump|p1a: Scolipede|[miss]
|-miss|p2a: Rotom|p1a: Scolipede
|
|-damage|p1a: Scolipede|88/100 brn|[from] brn
|-ability|p1a: Scolipede|Speed Boost|boost
|-boost|p1a: Scolipede|spe|1
|upkeep
|turn|14
|
|t:|1663516594
|move|p1a: Scolipede|Megahorn|p2a: Rotom
|-damage|p2a: Rotom|0 fnt
|faint|p2a: Rotom
|
|-damage|p1a: Scolipede|82/100 brn|[from] brn
|-ability|p1a: Scolipede|Speed Boost|boost
|-boost|p1a: Scolipede|spe|1
|upkeep
|
|t:|1663516596
|switch|p2a: Snorlax|Snorlax, M|100/100
|turn|15
|
|t:|1663516602
|move|p1a: Scolipede|Megahorn|p2a: Snorlax
|-damage|p2a: Snorlax|44/100
|move|p2a: Snorlax|Double-Edge|p1a: Scolipede
|-damage|p1a: Scolipede|0 fnt
|faint|p1a: Scolipede
|-damage|p2a: Snorlax|29/100|[from] Recoil
|
|upkeep
|
|t:|1663516613
|switch|p1a: Weavile|Weavile, F|24/100
|turn|16
|
|t:|1663516618
|move|p1a: Weavile|Low Kick|p2a: Snorlax
|-supereffective|p2a: Snorlax
|-damage|p2a: Snorlax|0 fnt
|faint|p2a: Snorlax
|
|upkeep
|
|t:|1663516620
|switch|p2a: Ninetales|Ninetales, F, shiny|100/100
|-weather|SunnyDay|[from] ability: Drought|[of] p2a: Ninetales
|turn|17
|
|t:|1663516634
|switch|p1a: Slowbro|Slowbro, M|80/100
|move|p2a: Ninetales|Solar Beam||[still]
|-prepare|p2a: Ninetales|Solar Beam
|-anim|p2a: Ninetales|Solar Beam|p1a: Slowbro
|-supereffective|p1a: Slowbro
|-damage|p1a: Slowbro|0 fnt
|faint|p1a: Slowbro
|
|-weather|SunnyDay|[upkeep]
|upkeep
|
|t:|1663516642
|switch|p1a: Weavile|Weavile, F|24/100
|turn|18
|
|t:|1663516645
|move|p1a: Weavile|Knock Off|p2a: Ninetales
|-damage|p2a: Ninetales|23/100
|-enditem|p2a: Ninetales|Choice Specs|[from] move: Knock Off|[of] p1a: Weavile
|move|p2a: Ninetales|Solar Beam||[still]
|-prepare|p2a: Ninetales|Solar Beam
|-anim|p2a: Ninetales|Solar Beam|p1a: Weavile
|-damage|p1a: Weavile|0 fnt
|faint|p1a: Weavile
|
|win|ninjadouche
|raw|Mutako Z's rating: 1507 &rarr; <strong>1488</strong><br />(-19 for losing)
|raw|ninjadouche's rating: 1517 &rarr; <strong>1536</strong><br />(+19 for winning)
|c|☆ninjadouche|gg
|l|☆Mutako Z
||Ladder isn't responding, score probably updated but might not have (Request timeout).
