|j|☆Stellar Flares
|j|☆aursnes
|t:|1667557114
|gametype|singles
|player|p1|Stellar Flares|palmer|1801
|player|p2|aursnes|bugsy|1721
|teamsize|p1|6
|teamsize|p2|6
|gen|8
|tier|[Gen 8] OU
|rated|
|rule|Sleep Clause Mod: Limit one foe put to sleep
|rule|Species Clause: Limit one of each Pokémon
|rule|OHKO Clause: OHKO moves are banned
|rule|Evasion Items Clause: Evasion items are banned
|rule|Evasion Moves Clause: Evasion moves are banned
|rule|Endless Battle Clause: Forcing endless battles is banned
|rule|HP Percentage Mod: HP is shown in percentages
|rule|Dynamax Clause: You cannot dynamax
|clearpoke
|poke|p1|Corviknight, M|
|poke|p1|Tornadus-Therian, M|
|poke|p1|Audino, M|
|poke|p1|Shedinja|
|poke|p1|Clefable, M|
|poke|p1|Garchomp, F|
|poke|p2|Toxapex, M|
|poke|p2|Clefable, M|
|poke|p2|Landorus-Therian, M|
|poke|p2|Heatran, M|
|poke|p2|Slowking-Galar, M|
|poke|p2|Corviknight, M|
|teampreview
|
|t:|1667557123
|start
|switch|p1a: Tornadus|Tornadus-Therian, M|100/100
|switch|p2a: Toxapex|Toxapex, M|100/100
|turn|1
|
|t:|1667557126
|move|p1a: Tornadus|Knock Off|p2a: Toxapex
|-damage|p2a: Toxapex|89/100
|-enditem|p2a: Toxapex|Black Sludge|[from] move: Knock Off|[of] p1a: Tornadus
|move|p2a: Toxapex|Knock Off|p1a: Tornadus
|-damage|p1a: Tornadus|84/100
|-damage|p2a: Toxapex|73/100|[from] item: Rocky Helmet|[of] p1a: Tornadus
|-enditem|p1a: Tornadus|Rocky Helmet|[from] move: Knock Off|[of] p2a: Toxapex
|
|upkeep
|turn|2
|
|t:|1667557132
|switch|p1a: Garchomp|Garchomp, F|100/100
|move|p2a: Toxapex|Toxic Spikes|p1a: Garchomp
|-sidestart|p1: Stellar Flares|move: Toxic Spikes
|
|upkeep
|turn|3
|
|t:|1667557139
|switch|p1a: Corviknight|Corviknight, M|100/100
|-ability|p1a: Corviknight|Pressure
|switch|p2a: Landorus|Landorus-Therian, M|100/100
|-ability|p2a: Landorus|Intimidate|boost
|-unboost|p1a: Corviknight|atk|1
|
|upkeep
|turn|4
|
|t:|1667557147
|move|p2a: Landorus|Stealth Rock|p1a: Corviknight
|-sidestart|p1: Stellar Flares|move: Stealth Rock
|move|p1a: Corviknight|Defog|p2a: Landorus
|-unboost|p2a: Landorus|evasion|1
|-sideend|p1: Stellar Flares|Toxic Spikes|[from] move: Defog|[of] p1a: Corviknight
|-sideend|p1: Stellar Flares|Stealth Rock|[from] move: Defog|[of] p1a: Corviknight
|
|upkeep
|turn|5
|j| Youressi
|
|t:|1667557151
|switch|p2a: Toxapex|Toxapex, M|100/100
|switch|p1a: Tornadus|Tornadus-Therian, M|100/100
|
|upkeep
|turn|6
|
|t:|1667557156
|switch|p1a: Corviknight|Corviknight, M|100/100
|-ability|p1a: Corviknight|Pressure
|move|p2a: Toxapex|Knock Off|p1a: Corviknight
|-damage|p1a: Corviknight|89/100
|-enditem|p1a: Corviknight|Leftovers|[from] move: Knock Off|[of] p2a: Toxapex
|
|upkeep
|turn|7
|
|t:|1667557160
|move|p1a: Corviknight|Body Press|p2a: Toxapex
|-resisted|p2a: Toxapex
|-damage|p2a: Toxapex|94/100
|move|p2a: Toxapex|Toxic Spikes|p1a: Corviknight
|-sidestart|p1: Stellar Flares|move: Toxic Spikes
|
|upkeep
|turn|8
|
|t:|1667557164
|switch|p2a: Clefable|Clefable, M|100/100
|move|p1a: Corviknight|Defog|p2a: Clefable
|-unboost|p2a: Clefable|evasion|1
|-sideend|p1: Stellar Flares|Toxic Spikes|[from] move: Defog|[of] p1a: Corviknight
|
|upkeep
|turn|9
|
|t:|1667557167
|move|p1a: Corviknight|U-turn|p2a: Clefable
|-resisted|p2a: Clefable
|-damage|p2a: Clefable|93/100
|
|t:|1667557169
|switch|p1a: Audino|Audino, M|100/100|[from]move: U-turn
|move|p2a: Clefable|Moonblast|p1a: Audino
|-damage|p1a: Audino|81/100
|-unboost|p1a: Audino|spa|1
|
|upkeep
|turn|10
|j| First loves
|
|t:|1667557172
|move|p2a: Clefable|Toxic|p1a: Audino
|-status|p1a: Audino|tox
|move|p1a: Audino|Knock Off|p2a: Clefable
|-resisted|p2a: Clefable
|-damage|p2a: Clefable|88/100
|
|-damage|p1a: Audino|75/100 tox|[from] psn
|upkeep
|turn|11
|
|t:|1667557182
|switch|p1a: Clefable|Clefable, M|100/100
|move|p2a: Clefable|Moonblast|p1a: Clefable
|-damage|p1a: Clefable|70/100
|
|-heal|p1a: Clefable|76/100|[from] item: Leftovers
|upkeep
|turn|12
|l| First loves
|
|t:|1667557185
|move|p2a: Clefable|Trick|p1a: Clefable
|-activate|p2a: Clefable|move: Trick|[of] p1a: Clefable
|-enditem|p1a: Clefable|Leftovers|[silent]|[from] move: Trick
|-item|p2a: Clefable|Leftovers|[from] move: Trick
|move|p1a: Clefable|Soft-Boiled|p1a: Clefable
|-heal|p1a: Clefable|100/100
|
|-heal|p2a: Clefable|94/100|[from] item: Leftovers
|upkeep
|turn|13
|
|t:|1667557193
|move|p1a: Clefable|Aromatherapy|p1a: Clefable
|-activate|p1a: Clefable|move: Aromatherapy
|-curestatus|p1: Audino|tox|[msg]
|move|p2a: Clefable|Moonblast|p1a: Clefable
|-damage|p1a: Clefable|73/100
|
|-heal|p2a: Clefable|99/100|[from] item: Leftovers
|upkeep
|turn|14
|
|t:|1667557196
|switch|p1a: Corviknight|Corviknight, M|89/100
|-ability|p1a: Corviknight|Pressure
|move|p2a: Clefable|Moonblast|p1a: Corviknight
|-resisted|p1a: Corviknight
|-damage|p1a: Corviknight|74/100
|
|-heal|p2a: Clefable|100/100|[from] item: Leftovers
|-damage|p1a: Corviknight|62/100|[from] item: Sticky Barb
|upkeep
|turn|15
|j| wdz999
|
|t:|1667557203
|switch|p2a: Toxapex|Toxapex, M|100/100
|move|p1a: Corviknight|Roost|p1a: Corviknight
|-heal|p1a: Corviknight|100/100
|-singleturn|p1a: Corviknight|move: Roost
|
|-damage|p1a: Corviknight|88/100|[from] item: Sticky Barb
|upkeep
|turn|16
|
|t:|1667557207
|switch|p1a: Garchomp|Garchomp, F|100/100
|move|p2a: Toxapex|Toxic Spikes|p1a: Garchomp
|-sidestart|p1: Stellar Flares|move: Toxic Spikes
|
|upkeep
|turn|17
|
|t:|1667557214
|switch|p2a: Landorus|Landorus-Therian, M|100/100
|-ability|p2a: Landorus|Intimidate|boost
|-unboost|p1a: Garchomp|atk|1
|move|p1a: Garchomp|Whirlpool|p2a: Landorus
|-supereffective|p2a: Landorus
|-damage|p2a: Landorus|86/100
|-activate|p2a: Landorus|move: Whirlpool|[of] p1a: Garchomp
|
|-heal|p2a: Landorus|92/100|[from] item: Leftovers
|-damage|p2a: Landorus|80/100|[from] move: Whirlpool|[partiallytrapped]
|upkeep
|turn|18
|
|t:|1667557217
|move|p2a: Landorus|Toxic|p1a: Garchomp
|-status|p1a: Garchomp|tox
|move|p1a: Garchomp|Fire Fang|p2a: Landorus
|-damage|p2a: Landorus|61/100
|
|-heal|p2a: Landorus|67/100|[from] item: Leftovers
|-damage|p1a: Garchomp|94/100 tox|[from] psn
|-damage|p2a: Landorus|55/100|[from] move: Whirlpool|[partiallytrapped]
|upkeep
|turn|19
|
|t:|1667557222
|move|p2a: Landorus|U-turn|p1a: Garchomp
|-damage|p1a: Garchomp|70/100 tox
|-damage|p2a: Landorus|43/100|[from] ability: Rough Skin|[of] p1a: Garchomp
|
|t:|1667557224
|switch|p2a: Toxapex|Toxapex, M|100/100|[from]move: U-turn
|move|p1a: Garchomp|Fire Fang|p2a: Toxapex
|-resisted|p2a: Toxapex
|-damage|p2a: Toxapex|96/100
|
|-heal|p1a: Garchomp|76/100 tox|[from] item: Leftovers
|-damage|p1a: Garchomp|64/100 tox|[from] psn
|upkeep
|turn|20
|
|t:|1667557233
|move|p1a: Garchomp|Rest|p1a: Garchomp
|-status|p1a: Garchomp|slp|[from] move: Rest
|-heal|p1a: Garchomp|100/100 slp|[silent]
|move|p2a: Toxapex|Toxic Spikes|p1a: Garchomp
|-sidestart|p1: Stellar Flares|move: Toxic Spikes
|
|upkeep
|turn|21
|
|t:|1667557239
|switch|p2a: Landorus|Landorus-Therian, M|43/100
|-ability|p2a: Landorus|Intimidate|boost
|-unboost|p1a: Garchomp|atk|1
|cant|p1a: Garchomp|slp
|
|-heal|p2a: Landorus|48/100|[from] item: Leftovers
|upkeep
|turn|22
|
|t:|1667557245
|switch|p1a: Tornadus|Tornadus-Therian, M|100/100
|move|p2a: Landorus|Stealth Rock|p1a: Tornadus
|-sidestart|p1: Stellar Flares|move: Stealth Rock
|
|-heal|p2a: Landorus|54/100|[from] item: Leftovers
|upkeep
|turn|23
|
|t:|1667557247
|move|p1a: Tornadus|Defog|p2a: Landorus
|-unboost|p2a: Landorus|evasion|1
|-sideend|p1: Stellar Flares|Toxic Spikes|[from] move: Defog|[of] p1a: Tornadus
|-sideend|p1: Stellar Flares|Stealth Rock|[from] move: Defog|[of] p1a: Tornadus
|move|p2a: Landorus|Toxic|p1a: Tornadus
|-status|p1a: Tornadus|tox
|
|-heal|p2a: Landorus|60/100|[from] item: Leftovers
|-damage|p1a: Tornadus|94/100 tox|[from] psn
|upkeep
|turn|24
|
|t:|1667557250
|switch|p2a: Heatran|Heatran, M|100/100
|move|p1a: Tornadus|Knock Off|p2a: Heatran
|-damage|p2a: Heatran|85/100
|-enditem|p2a: Heatran|Leftovers|[from] move: Knock Off|[of] p1a: Tornadus
|
|-damage|p1a: Tornadus|82/100 tox|[from] psn
|upkeep
|turn|25
|
|t:|1667557254
|switch|p1a: Audino|Audino, M|100/100
|move|p2a: Heatran|Magma Storm|p1a: Audino
|-damage|p1a: Audino|72/100
|-activate|p1a: Audino|move: Magma Storm|[of] p2a: Heatran
|
|-damage|p1a: Audino|60/100|[from] move: Magma Storm|[partiallytrapped]
|upkeep
|turn|26
|
|t:|1667557260
|switch|p1a: Garchomp|Garchomp, F|100/100 slp
|move|p2a: Heatran|Toxic||[still]
|-fail|p2a: Heatran
|
|upkeep
|turn|27
|
|t:|1667557266
|switch|p2a: Landorus|Landorus-Therian, M|60/100
|-ability|p2a: Landorus|Intimidate|boost
|-unboost|p1a: Garchomp|atk|1
|cant|p1a: Garchomp|slp
|
|-heal|p2a: Landorus|66/100|[from] item: Leftovers
|upkeep
|turn|28
|
|t:|1667557269
|move|p2a: Landorus|Stealth Rock|p1a: Garchomp
|-sidestart|p1: Stellar Flares|move: Stealth Rock
|-curestatus|p1a: Garchomp|slp|[msg]
|move|p1a: Garchomp|Whirlpool|p2a: Landorus
|-supereffective|p2a: Landorus
|-damage|p2a: Landorus|52/100
|-activate|p2a: Landorus|move: Whirlpool|[of] p1a: Garchomp
|
|-heal|p2a: Landorus|58/100|[from] item: Leftovers
|-damage|p2a: Landorus|46/100|[from] move: Whirlpool|[partiallytrapped]
|upkeep
|turn|29
|j| YoSoyElxokas
|
|t:|1667557275
|move|p2a: Landorus|U-turn|p1a: Garchomp
|-damage|p1a: Garchomp|76/100
|-damage|p2a: Landorus|33/100|[from] ability: Rough Skin|[of] p1a: Garchomp
|
|t:|1667557281
|switch|p2a: Slowking|Slowking-Galar, M|100/100|[from]move: U-turn
|move|p1a: Garchomp|Earthquake|p2a: Slowking
|-supereffective|p2a: Slowking
|-damage|p2a: Slowking|21/100
|
|-heal|p1a: Garchomp|82/100|[from] item: Leftovers
|upkeep
|turn|30
|
|t:|1667557289
|switch|p2a: Corviknight|Corviknight, M|100/100
|-ability|p2a: Corviknight|Pressure
|move|p1a: Garchomp|Whirlpool|p2a: Corviknight
|-damage|p2a: Corviknight|95/100
|-activate|p2a: Corviknight|move: Whirlpool|[of] p1a: Garchomp
|
|-heal|p1a: Garchomp|88/100|[from] item: Leftovers
|-damage|p2a: Corviknight|83/100|[from] move: Whirlpool|[partiallytrapped]
|upkeep
|turn|31
|
|t:|1667557296
|move|p1a: Garchomp|Fire Fang|p2a: Corviknight
|-supereffective|p2a: Corviknight
|-crit|p2a: Corviknight
|-damage|p2a: Corviknight|41/100
|-status|p2a: Corviknight|brn
|-damage|p1a: Garchomp|72/100|[from] item: Rocky Helmet|[of] p2a: Corviknight
|move|p2a: Corviknight|Roost|p2a: Corviknight
|-heal|p2a: Corviknight|91/100 brn
|-singleturn|p2a: Corviknight|move: Roost
|
|-heal|p1a: Garchomp|78/100|[from] item: Leftovers
|-damage|p2a: Corviknight|85/100 brn|[from] brn
|-damage|p2a: Corviknight|73/100 brn|[from] move: Whirlpool|[partiallytrapped]
|upkeep
|turn|32
|
|t:|1667557306
|switch|p1a: Tornadus|Tornadus-Therian, M|100/100 tox
|-damage|p1a: Tornadus|76/100 tox|[from] Stealth Rock
|move|p2a: Corviknight|Roost|p2a: Corviknight
|-heal|p2a: Corviknight|100/100 brn
|-singleturn|p2a: Corviknight|move: Roost
|
|-damage|p1a: Tornadus|70/100 tox|[from] psn
|-damage|p2a: Corviknight|94/100 brn|[from] brn
|-end|p2a: Corviknight|Whirlpool|[partiallytrapped]|[silent]
|upkeep
|turn|33
|
|t:|1667557310
|move|p1a: Tornadus|Defog|p2a: Corviknight
|-unboost|p2a: Corviknight|evasion|1
|-sideend|p1: Stellar Flares|Stealth Rock|[from] move: Defog|[of] p1a: Tornadus
|move|p2a: Corviknight|U-turn|p1a: Tornadus
|-resisted|p1a: Tornadus
|-damage|p1a: Tornadus|66/100 tox
|
|t:|1667557312
|switch|p2a: Heatran|Heatran, M|85/100|[from]move: U-turn
|
|-damage|p1a: Tornadus|54/100 tox|[from] psn
|upkeep
|turn|34
|
|t:|1667557316
|switch|p1a: Audino|Audino, M|93/100
|move|p2a: Heatran|Toxic|p1a: Audino
|-status|p1a: Audino|tox
|
|-damage|p1a: Audino|87/100 tox|[from] psn
|upkeep
|turn|35
|
|t:|1667557325
|move|p2a: Heatran|Magma Storm|p1a: Audino
|-damage|p1a: Audino|57/100 tox
|-activate|p1a: Audino|move: Magma Storm|[of] p2a: Heatran
|move|p1a: Audino|Wish|p1a: Audino
|
|-damage|p1a: Audino|44/100 tox|[from] psn
|-damage|p1a: Audino|32/100 tox|[from] move: Magma Storm|[partiallytrapped]
|upkeep
|turn|36
|
|t:|1667557343
|switch|p1a: Garchomp|Garchomp, F|78/100
|move|p2a: Heatran|Earth Power|p1a: Garchomp
|-damage|p1a: Garchomp|52/100
|
|-heal|p1a: Garchomp|100/100|[from] move: Wish|[wisher] Audino
|upkeep
|turn|37
|
|t:|1667557346
|switch|p2a: Corviknight|Corviknight, M|94/100 brn
|-ability|p2a: Corviknight|Pressure
|move|p1a: Garchomp|Whirlpool|p2a: Corviknight|[miss]
|-miss|p1a: Garchomp|p2a: Corviknight
|
|-damage|p2a: Corviknight|88/100 brn|[from] brn
|upkeep
|turn|38
|
|t:|1667557354
|move|p1a: Garchomp|Fire Fang|p2a: Corviknight
|-supereffective|p2a: Corviknight
|-damage|p2a: Corviknight|59/100 brn
|-damage|p1a: Garchomp|84/100|[from] item: Rocky Helmet|[of] p2a: Corviknight
|move|p2a: Corviknight|U-turn|p1a: Garchomp
|-damage|p1a: Garchomp|77/100
|-damage|p2a: Corviknight|47/100 brn|[from] ability: Rough Skin|[of] p1a: Garchomp
|
|t:|1667557357
|switch|p2a: Landorus|Landorus-Therian, M|33/100|[from]move: U-turn
|-ability|p2a: Landorus|Intimidate|boost
|-unboost|p1a: Garchomp|atk|1
|
|-heal|p2a: Landorus|39/100|[from] item: Leftovers
|-heal|p1a: Garchomp|83/100|[from] item: Leftovers
|upkeep
|turn|39
|
|t:|1667557359
|switch|p2a: Corviknight|Corviknight, M|47/100 brn
|-ability|p2a: Corviknight|Pressure
|move|p1a: Garchomp|Whirlpool|p2a: Corviknight
|-damage|p2a: Corviknight|41/100 brn
|-activate|p2a: Corviknight|move: Whirlpool|[of] p1a: Garchomp
|
|-heal|p1a: Garchomp|89/100|[from] item: Leftovers
|-damage|p2a: Corviknight|35/100 brn|[from] brn
|-damage|p2a: Corviknight|23/100 brn|[from] move: Whirlpool|[partiallytrapped]
|upkeep
|turn|40
|
|t:|1667557364
|move|p1a: Garchomp|Fire Fang|p2a: Corviknight
|-supereffective|p2a: Corviknight
|-damage|p2a: Corviknight|4/100 brn
|-damage|p1a: Garchomp|73/100|[from] item: Rocky Helmet|[of] p2a: Corviknight
|move|p2a: Corviknight|Roost|p2a: Corviknight
|-heal|p2a: Corviknight|54/100 brn
|-singleturn|p2a: Corviknight|move: Roost
|
|-heal|p1a: Garchomp|79/100|[from] item: Leftovers
|-damage|p2a: Corviknight|48/100 brn|[from] brn
|-damage|p2a: Corviknight|36/100 brn|[from] move: Whirlpool|[partiallytrapped]
|upkeep
|turn|41
|
|t:|1667557368
|move|p1a: Garchomp|Fire Fang|p2a: Corviknight
|-supereffective|p2a: Corviknight
|-damage|p2a: Corviknight|16/100 brn
|-damage|p1a: Garchomp|62/100|[from] item: Rocky Helmet|[of] p2a: Corviknight
|move|p2a: Corviknight|Roost|p2a: Corviknight
|-heal|p2a: Corviknight|66/100 brn
|-singleturn|p2a: Corviknight|move: Roost
|
|-heal|p1a: Garchomp|68/100|[from] item: Leftovers
|-damage|p2a: Corviknight|60/100 brn|[from] brn
|-damage|p2a: Corviknight|47/100 brn|[from] move: Whirlpool|[partiallytrapped]
|upkeep
|turn|42
|
|t:|1667557372
|move|p1a: Garchomp|Fire Fang|p2a: Corviknight
|-supereffective|p2a: Corviknight
|-damage|p2a: Corviknight|28/100 brn
|-damage|p1a: Garchomp|52/100|[from] item: Rocky Helmet|[of] p2a: Corviknight
|cant|p2a: Corviknight|flinch
|
|-heal|p1a: Garchomp|58/100|[from] item: Leftovers
|-damage|p2a: Corviknight|22/100 brn|[from] brn
|-damage|p2a: Corviknight|10/100 brn|[from] move: Whirlpool|[partiallytrapped]
|upkeep
|turn|43
|
|t:|1667557379
|move|p1a: Garchomp|Fire Fang|p2a: Corviknight
|-supereffective|p2a: Corviknight
|-damage|p2a: Corviknight|0 fnt
|-damage|p1a: Garchomp|42/100|[from] item: Rocky Helmet|[of] p2a: Corviknight
|faint|p2a: Corviknight
|
|-heal|p1a: Garchomp|48/100|[from] item: Leftovers
|upkeep
|
|t:|1667557381
|switch|p2a: Landorus|Landorus-Therian, M|39/100
|-ability|p2a: Landorus|Intimidate|boost
|-unboost|p1a: Garchomp|atk|1
|turn|44
|
|t:|1667557392
|switch|p1a: Tornadus|Tornadus-Therian, M|87/100 tox
|move|p2a: Landorus|Earthquake|p1a: Tornadus
|-immune|p1a: Tornadus
|
|-heal|p2a: Landorus|45/100|[from] item: Leftovers
|-damage|p1a: Tornadus|81/100 tox|[from] psn
|upkeep
|turn|45
|
|t:|1667557398
|switch|p2a: Toxapex|Toxapex, M|100/100
|move|p1a: Tornadus|Knock Off|p2a: Toxapex
|-damage|p2a: Toxapex|92/100
|
|-damage|p1a: Tornadus|69/100 tox|[from] psn
|upkeep
|turn|46
|
|t:|1667557404
|switch|p1a: Corviknight|Corviknight, M|88/100
|-ability|p1a: Corviknight|Pressure
|move|p2a: Toxapex|Toxic Spikes|p1a: Corviknight
|-sidestart|p1: Stellar Flares|move: Toxic Spikes
|
|-damage|p1a: Corviknight|75/100|[from] item: Sticky Barb
|upkeep
|turn|47
|
|t:|1667557409
|move|p1a: Corviknight|Defog|p2a: Toxapex
|-unboost|p2a: Toxapex|evasion|1
|-sideend|p1: Stellar Flares|Toxic Spikes|[from] move: Defog|[of] p1a: Corviknight
|move|p2a: Toxapex|Toxic Spikes|p1a: Corviknight
|-sidestart|p1: Stellar Flares|move: Toxic Spikes
|
|-damage|p1a: Corviknight|63/100|[from] item: Sticky Barb
|upkeep
|turn|48
|
|t:|1667557412
|switch|p2a: Slowking|Slowking-Galar, M|55/100
|move|p1a: Corviknight|Defog|p2a: Slowking
|-unboost|p2a: Slowking|evasion|1
|-sideend|p1: Stellar Flares|Toxic Spikes|[from] move: Defog|[of] p1a: Corviknight
|
|-damage|p1a: Corviknight|50/100|[from] item: Sticky Barb
|upkeep
|turn|49
|
|t:|1667557416
|move|p1a: Corviknight|U-turn|p2a: Slowking
|-damage|p2a: Slowking|39/100
|
|t:|1667557418
|switch|p1a: Garchomp|Garchomp, F|48/100|[from]move: U-turn
|move|p2a: Slowking|Future Sight|p1a: Garchomp
|-start|p2a: Slowking|move: Future Sight
|
|-heal|p1a: Garchomp|54/100|[from] item: Leftovers
|upkeep
|turn|50
|
|t:|1667557424
|switch|p2a: Toxapex|Toxapex, M|100/100
|move|p1a: Garchomp|Whirlpool|p2a: Toxapex
|-resisted|p2a: Toxapex
|-damage|p2a: Toxapex|98/100
|-activate|p2a: Toxapex|move: Whirlpool|[of] p1a: Garchomp
|
|-heal|p1a: Garchomp|60/100|[from] item: Leftovers
|-damage|p2a: Toxapex|85/100|[from] move: Whirlpool|[partiallytrapped]
|upkeep
|turn|51
|
|t:|1667557441
|switch|p1a: Corviknight|Corviknight, M|50/100
|-ability|p1a: Corviknight|Pressure
|move|p2a: Toxapex|Knock Off|p1a: Corviknight
|-crit|p1a: Corviknight
|-damage|p1a: Corviknight|35/100
|
|-end|p1a: Corviknight|move: Future Sight
|-resisted|p1a: Corviknight
|-damage|p1a: Corviknight|6/100
|-end|p2a: Toxapex|Whirlpool|[partiallytrapped]|[silent]
|-damage|p2a: Toxapex|73/100|[from] item: Sticky Barb
|upkeep
|turn|52
|
|t:|1667557448
|switch|p2a: Heatran|Heatran, M|85/100
|move|p1a: Corviknight|Roost|p1a: Corviknight
|-heal|p1a: Corviknight|56/100
|-singleturn|p1a: Corviknight|move: Roost
|
|upkeep
|turn|53
|
|t:|1667557452
|switch|p1a: Audino|Audino, M|65/100 tox
|move|p2a: Heatran|Magma Storm|p1a: Audino
|-damage|p1a: Audino|36/100 tox
|-activate|p1a: Audino|move: Magma Storm|[of] p2a: Heatran
|
|-damage|p1a: Audino|30/100 tox|[from] psn
|-damage|p1a: Audino|18/100 tox|[from] move: Magma Storm|[partiallytrapped]
|upkeep
|turn|54
|
|t:|1667557458
|switch|p1a: Garchomp|Garchomp, F|60/100
|move|p2a: Heatran|Magma Storm|p1a: Garchomp
|-resisted|p1a: Garchomp
|-damage|p1a: Garchomp|37/100
|-activate|p1a: Garchomp|move: Magma Storm|[of] p2a: Heatran
|
|-heal|p1a: Garchomp|43/100|[from] item: Leftovers
|-damage|p1a: Garchomp|31/100|[from] move: Magma Storm|[partiallytrapped]
|upkeep
|turn|55
|inactive|Battle timer is ON: inactive players will automatically lose when time's up. (requested by aursnes)
|
|t:|1667557499
|switch|p2a: Landorus|Landorus-Therian, M|45/100
|-ability|p2a: Landorus|Intimidate|boost
|-unboost|p1a: Garchomp|atk|1
|move|p1a: Garchomp|Earthquake|p2a: Landorus
|-immune|p2a: Landorus
|
|-heal|p2a: Landorus|51/100|[from] item: Leftovers
|-heal|p1a: Garchomp|37/100|[from] item: Leftovers
|-end|p1a: Garchomp|Magma Storm|[partiallytrapped]|[silent]
|upkeep
|turn|56
|
|t:|1667557518
|switch|p1a: Corviknight|Corviknight, M|56/100
|-ability|p1a: Corviknight|Pressure
|move|p2a: Landorus|Stealth Rock|p1a: Corviknight
|-sidestart|p1: Stellar Flares|move: Stealth Rock
|
|-heal|p2a: Landorus|57/100|[from] item: Leftovers
|upkeep
|turn|57
|
|t:|1667557522
|move|p2a: Landorus|U-turn|p1a: Corviknight
|-resisted|p1a: Corviknight
|-damage|p1a: Corviknight|52/100
|j| YinNin
|
|t:|1667557523
|switch|p2a: Heatran|Heatran, M|85/100|[from]move: U-turn
|move|p1a: Corviknight|Defog|p2a: Heatran
|-unboost|p2a: Heatran|evasion|1
|-sideend|p1: Stellar Flares|Stealth Rock|[from] move: Defog|[of] p1a: Corviknight
|
|upkeep
|turn|58
|j| First loves
|
|t:|1667557534
|switch|p1a: Audino|Audino, M|51/100 tox
|move|p2a: Heatran|Toxic|p1a: Audino
|-fail|p1a: Audino|tox
|
|-damage|p1a: Audino|45/100 tox|[from] psn
|upkeep
|turn|59
|
|t:|1667557541
|switch|p1a: Garchomp|Garchomp, F|37/100
|move|p2a: Heatran|Toxic|p1a: Garchomp
|-status|p1a: Garchomp|tox
|
|-heal|p1a: Garchomp|43/100 tox|[from] item: Leftovers
|-damage|p1a: Garchomp|37/100 tox|[from] psn
|upkeep
|turn|60
|
|t:|1667557550
|switch|p1a: Clefable|Clefable, M|73/100
|switch|p2a: Toxapex|Toxapex, M|100/100
|
|-damage|p2a: Toxapex|88/100|[from] item: Sticky Barb
|upkeep
|turn|61
|
|t:|1667557553
|move|p1a: Clefable|Aromatherapy|p1a: Clefable
|-activate|p1a: Clefable|move: Aromatherapy
|-curestatus|p1: Tornadus|tox|[msg]
|-curestatus|p1: Garchomp|tox|[msg]
|-curestatus|p1: Audino|tox|[msg]
|move|p2a: Toxapex|Toxic Spikes|p1a: Clefable
|-sidestart|p1: Stellar Flares|move: Toxic Spikes
|
|-damage|p2a: Toxapex|75/100|[from] item: Sticky Barb
|upkeep
|turn|62
|
|t:|1667557562
|switch|p1a: Tornadus|Tornadus-Therian, M|100/100
|switch|p2a: Slowking|Slowking-Galar, M|72/100
|
|upkeep
|turn|63
|
|t:|1667557570
|switch|p2a: Toxapex|Toxapex, M|100/100
|move|p1a: Tornadus|Defog|p2a: Toxapex
|-unboost|p2a: Toxapex|evasion|1
|-sideend|p1: Stellar Flares|Toxic Spikes|[from] move: Defog|[of] p1a: Tornadus
|
|-damage|p2a: Toxapex|88/100|[from] item: Sticky Barb
|upkeep
|turn|64
|
|t:|1667557573
|switch|p1a: Corviknight|Corviknight, M|52/100
|-ability|p1a: Corviknight|Pressure
|move|p2a: Toxapex|Toxic Spikes|p1a: Corviknight
|-sidestart|p1: Stellar Flares|move: Toxic Spikes
|
|-damage|p2a: Toxapex|75/100|[from] item: Sticky Barb
|upkeep
|turn|65
|j| Panda1234
|
|t:|1667557583
|switch|p2a: Heatran|Heatran, M|85/100
|move|p1a: Corviknight|Defog|p2a: Heatran
|-unboost|p2a: Heatran|evasion|1
|-sideend|p1: Stellar Flares|Toxic Spikes|[from] move: Defog|[of] p1a: Corviknight
|
|upkeep
|turn|66
|
|t:|1667557590
|switch|p2a: Slowking|Slowking-Galar, M|100/100
|switch|p1a: Audino|Audino, M|78/100
|
|upkeep
|turn|67
|
|t:|1667557595
|switch|p1a: Garchomp|Garchomp, F|37/100
|move|p2a: Slowking|Future Sight|p1a: Garchomp
|-start|p2a: Slowking|move: Future Sight
|
|-heal|p1a: Garchomp|43/100|[from] item: Leftovers
|upkeep
|turn|68
|
|t:|1667557600
|move|p1a: Garchomp|Whirlpool|p2a: Slowking
|-damage|p2a: Slowking|97/100
|-activate|p2a: Slowking|move: Whirlpool|[of] p1a: Garchomp
|move|p2a: Slowking|Scald|p1a: Garchomp
|-damage|p1a: Garchomp|15/100
|
|-heal|p1a: Garchomp|21/100|[from] item: Leftovers
|-damage|p2a: Slowking|84/100|[from] move: Whirlpool|[partiallytrapped]
|upkeep
|turn|69
|
|t:|1667557611
|switch|p1a: Audino|Audino, M|100/100
|move|p2a: Slowking|Scald|p1a: Audino
|-damage|p1a: Audino|81/100
|
|-end|p1a: Audino|move: Future Sight
|-damage|p1a: Audino|44/100
|-end|p2a: Slowking|Whirlpool|[partiallytrapped]|[silent]
|upkeep
|turn|70
|
|t:|1667557616
|move|p1a: Audino|Wish|p1a: Audino
|move|p2a: Slowking|Future Sight|p1a: Audino
|-start|p2a: Slowking|move: Future Sight
|
|upkeep
|turn|71
|
|t:|1667557629
|move|p1a: Audino|Protect|p1a: Audino
|-singleturn|p1a: Audino|Protect
|move|p2a: Slowking|Scald|p1a: Audino
|-activate|p1a: Audino|move: Protect
|
|-heal|p1a: Audino|94/100|[from] move: Wish|[wisher] Audino
|upkeep
|turn|72
|
|t:|1667557634
|move|p1a: Audino|Wish|p1a: Audino
|move|p2a: Slowking|Scald|p1a: Audino
|-damage|p1a: Audino|76/100
|-status|p1a: Audino|brn
|
|-end|p1a: Audino|move: Future Sight
|-damage|p1a: Audino|38/100 brn
|-damage|p1a: Audino|32/100 brn|[from] brn
|upkeep
|turn|73
|
|t:|1667557642
|move|p1a: Audino|Protect|p1a: Audino
|-singleturn|p1a: Audino|Protect
|move|p2a: Slowking|Scald|p1a: Audino
|-activate|p1a: Audino|move: Protect
|
|-heal|p1a: Audino|82/100 brn|[from] move: Wish|[wisher] Audino
|-damage|p1a: Audino|76/100 brn|[from] brn
|upkeep
|turn|74
|
|t:|1667557646
|move|p1a: Audino|Wish|p1a: Audino
|move|p2a: Slowking|Future Sight|p1a: Audino
|-start|p2a: Slowking|move: Future Sight
|
|-damage|p1a: Audino|70/100 brn|[from] brn
|upkeep
|turn|75
|
|t:|1667557654
|move|p1a: Audino|Protect|p1a: Audino
|-singleturn|p1a: Audino|Protect
|move|p2a: Slowking|Scald|p1a: Audino
|-activate|p1a: Audino|move: Protect
|
|-heal|p1a: Audino|100/100 brn|[from] move: Wish|[wisher] Audino
|-damage|p1a: Audino|94/100 brn|[from] brn
|upkeep
|turn|76
|
|t:|1667557658
|move|p1a: Audino|Wish|p1a: Audino
|move|p2a: Slowking|Scald|p1a: Audino
|-damage|p1a: Audino|76/100 brn
|
|-end|p1a: Audino|move: Future Sight
|-damage|p1a: Audino|38/100 brn
|-damage|p1a: Audino|31/100 brn|[from] brn
|upkeep
|turn|77
|
|t:|1667557663
|move|p1a: Audino|Protect|p1a: Audino
|-singleturn|p1a: Audino|Protect
|move|p2a: Slowking|Scald|p1a: Audino
|-activate|p1a: Audino|move: Protect
|
|-heal|p1a: Audino|81/100 brn|[from] move: Wish|[wisher] Audino
|-damage|p1a: Audino|75/100 brn|[from] brn
|upkeep
|turn|78
|
|t:|1667557668
|move|p1a: Audino|Wish|p1a: Audino
|move|p2a: Slowking|Scald|p1a: Audino
|-damage|p1a: Audino|56/100 brn
|
|-damage|p1a: Audino|50/100 brn|[from] brn
|upkeep
|turn|79
|
|t:|1667557677
|switch|p1a: Corviknight|Corviknight, M|52/100
|-ability|p1a: Corviknight|Pressure
|move|p2a: Slowking|Scald|p1a: Corviknight
|-damage|p1a: Corviknight|29/100
|
|-heal|p1a: Corviknight|80/100|[from] move: Wish|[wisher] Audino
|upkeep
|turn|80
|
|t:|1667557681
|move|p1a: Corviknight|U-turn|p2a: Slowking
|-damage|p2a: Slowking|70/100
|
|t:|1667557684
|switch|p1a: Audino|Audino, M|83/100 brn|[from]move: U-turn
|move|p2a: Slowking|Future Sight|p1a: Audino
|-start|p2a: Slowking|move: Future Sight
|
|-damage|p1a: Audino|77/100 brn|[from] brn
|upkeep
|turn|81
|
|t:|1667557688
|move|p1a: Audino|Wish|p1a: Audino
|move|p2a: Slowking|Scald|p1a: Audino
|-damage|p1a: Audino|60/100 brn
|
|-damage|p1a: Audino|54/100 brn|[from] brn
|upkeep
|turn|82
|l| First loves
|
|t:|1667557703
|switch|p1a: Corviknight|Corviknight, M|80/100
|-ability|p1a: Corviknight|Pressure
|move|p2a: Slowking|Scald|p1a: Corviknight
|-damage|p1a: Corviknight|58/100
|
|-end|p1a: Corviknight|move: Future Sight
|-resisted|p1a: Corviknight
|-damage|p1a: Corviknight|31/100
|-heal|p1a: Corviknight|83/100|[from] move: Wish|[wisher] Audino
|upkeep
|turn|83
|
|t:|1667557713
|move|p1a: Corviknight|U-turn|p2a: Slowking
|-damage|p2a: Slowking|54/100
|
|t:|1667557715
|switch|p1a: Audino|Audino, M|87/100 brn|[from]move: U-turn
|move|p2a: Slowking|Flamethrower|p1a: Audino
|-damage|p1a: Audino|65/100 brn
|
|-damage|p1a: Audino|59/100 brn|[from] brn
|upkeep
|turn|84
|
|t:|1667557719
|move|p1a: Audino|Wish|p1a: Audino
|move|p2a: Slowking|Future Sight|p1a: Audino
|-start|p2a: Slowking|move: Future Sight
|
|-damage|p1a: Audino|53/100 brn|[from] brn
|upkeep
|turn|85
|
|t:|1667557724
|move|p1a: Audino|Protect|p1a: Audino
|-singleturn|p1a: Audino|Protect
|move|p2a: Slowking|Flamethrower|p1a: Audino
|-activate|p1a: Audino|move: Protect
|
|-heal|p1a: Audino|100/100 brn|[from] move: Wish|[wisher] Audino
|-damage|p1a: Audino|94/100 brn|[from] brn
|upkeep
|turn|86
|
|t:|1667557728
|move|p1a: Audino|Wish|p1a: Audino
|move|p2a: Slowking|Scald|p1a: Audino
|-damage|p1a: Audino|76/100 brn
|
|-end|p1a: Audino|move: Future Sight
|-damage|p1a: Audino|38/100 brn
|-damage|p1a: Audino|32/100 brn|[from] brn
|upkeep
|turn|87
|
|t:|1667557731
|move|p1a: Audino|Protect|p1a: Audino
|-singleturn|p1a: Audino|Protect
|move|p2a: Slowking|Future Sight|p1a: Audino
|-start|p2a: Slowking|move: Future Sight
|
|-heal|p1a: Audino|82/100 brn|[from] move: Wish|[wisher] Audino
|-damage|p1a: Audino|76/100 brn|[from] brn
|upkeep
|turn|88
|
|t:|1667557734
|move|p1a: Audino|Wish|p1a: Audino
|move|p2a: Slowking|Flamethrower|p1a: Audino
|-damage|p1a: Audino|56/100 brn
|
|-damage|p1a: Audino|50/100 brn|[from] brn
|upkeep
|turn|89
|l| YinNin
|
|t:|1667557741
|move|p1a: Audino|Protect|p1a: Audino
|-singleturn|p1a: Audino|Protect
|move|p2a: Slowking|Scald|p1a: Audino
|-activate|p1a: Audino|move: Protect
|
|-end|p1a: Audino|move: Future Sight
|-damage|p1a: Audino|8/100 brn
|-heal|p1a: Audino|58/100 brn|[from] move: Wish|[wisher] Audino
|-damage|p1a: Audino|51/100 brn|[from] brn
|upkeep
|turn|90
|
|t:|1667557744
|move|p1a: Audino|Wish|p1a: Audino
|move|p2a: Slowking|Future Sight|p1a: Audino
|-start|p2a: Slowking|move: Future Sight
|
|-damage|p1a: Audino|45/100 brn|[from] brn
|upkeep
|turn|91
|
|t:|1667557749
|switch|p1a: Corviknight|Corviknight, M|83/100
|-ability|p1a: Corviknight|Pressure
|move|p2a: Slowking|Sludge Bomb|p1a: Corviknight
|-immune|p1a: Corviknight
|
|-heal|p1a: Corviknight|100/100|[from] move: Wish|[wisher] Audino
|upkeep
|turn|92
|
|t:|1667557758
|switch|p2a: Toxapex|Toxapex, M|100/100
|move|p1a: Corviknight|U-turn|p2a: Toxapex
|-resisted|p2a: Toxapex
|-damage|p2a: Toxapex|97/100
|
|t:|1667557766
|switch|p1a: Shedinja|Shedinja|100/100|[from]move: U-turn
|
|-end|p1a: Shedinja|move: Future Sight
|-immune|p1a: Shedinja|[from] ability: Wonder Guard
|upkeep
|turn|93
|
|t:|1667557774
|switch|p1a: Garchomp|Garchomp, F|21/100
|move|p2a: Toxapex|Toxic Spikes|p1a: Garchomp
|-sidestart|p1: Stellar Flares|move: Toxic Spikes
|
|-heal|p1a: Garchomp|27/100|[from] item: Leftovers
|upkeep
|turn|94
|
|t:|1667557785
|move|p1a: Garchomp|Whirlpool|p2a: Toxapex
|-resisted|p2a: Toxapex
|-damage|p2a: Toxapex|94/100
|-activate|p2a: Toxapex|move: Whirlpool|[of] p1a: Garchomp
|move|p2a: Toxapex|Knock Off|p1a: Garchomp
|-damage|p1a: Garchomp|13/100
|-damage|p2a: Toxapex|81/100|[from] ability: Rough Skin|[of] p1a: Garchomp
|-enditem|p1a: Garchomp|Leftovers|[from] move: Knock Off|[of] p2a: Toxapex
|
|-damage|p2a: Toxapex|69/100|[from] move: Whirlpool|[partiallytrapped]
|upkeep
|turn|95
|j| CynthiaOrPass
|
|t:|1667557791
|move|p1a: Garchomp|Earthquake|p2a: Toxapex
|-supereffective|p2a: Toxapex
|-damage|p2a: Toxapex|1/100
|move|p2a: Toxapex|Knock Off|p1a: Garchomp
|-damage|p1a: Garchomp|2/100
|-damage|p2a: Toxapex|0 fnt|[from] ability: Rough Skin|[of] p1a: Garchomp
|faint|p2a: Toxapex
|
|upkeep
|
|t:|1667557794
|switch|p2a: Landorus|Landorus-Therian, M|57/100
|-ability|p2a: Landorus|Intimidate|boost
|-unboost|p1a: Garchomp|atk|1
|turn|96
|
|t:|1667557799
|switch|p1a: Tornadus|Tornadus-Therian, M|100/100
|move|p2a: Landorus|U-turn|p1a: Tornadus
|-resisted|p1a: Tornadus
|-damage|p1a: Tornadus|87/100
|
|t:|1667557806
|switch|p2a: Heatran|Heatran, M|85/100|[from]move: U-turn
|
|upkeep
|turn|97
|
|t:|1667557810
|switch|p1a: Audino|Audino, M|79/100 brn
|move|p2a: Heatran|Magma Storm|p1a: Audino
|-damage|p1a: Audino|49/100 brn
|-activate|p1a: Audino|move: Magma Storm|[of] p2a: Heatran
|
|-damage|p1a: Audino|43/100 brn|[from] brn
|-damage|p1a: Audino|30/100 brn|[from] move: Magma Storm|[partiallytrapped]
|upkeep
|turn|98
|
|t:|1667557815
|switch|p1a: Tornadus|Tornadus-Therian, M|100/100
|move|p2a: Heatran|Taunt|p1a: Tornadus
|-start|p1a: Tornadus|move: Taunt
|
|upkeep
|turn|99
|
|t:|1667557819
|switch|p1a: Audino|Audino, M|64/100 brn
|move|p2a: Heatran|Toxic||[still]
|-fail|p2a: Heatran
|
|-damage|p1a: Audino|58/100 brn|[from] brn
|upkeep
|turn|100
|
|t:|1667557826
|switch|p1a: Tornadus|Tornadus-Therian, M|100/100
|move|p2a: Heatran|Taunt|p1a: Tornadus
|-start|p1a: Tornadus|move: Taunt
|
|upkeep
|turn|101
|
|t:|1667557831
|switch|p1a: Audino|Audino, M|91/100 brn
|move|p2a: Heatran|Earth Power|p1a: Audino
|-damage|p1a: Audino|72/100 brn
|
|-damage|p1a: Audino|66/100 brn|[from] brn
|upkeep
|turn|102
|
|t:|1667557836
|switch|p1a: Tornadus|Tornadus-Therian, M|100/100
|move|p2a: Heatran|Taunt|p1a: Tornadus
|-start|p1a: Tornadus|move: Taunt
|
|upkeep
|turn|103
|
|t:|1667557839
|switch|p1a: Audino|Audino, M|99/100 brn
|move|p2a: Heatran|Taunt|p1a: Audino
|-start|p1a: Audino|move: Taunt
|
|-damage|p1a: Audino|93/100 brn|[from] brn
|upkeep
|turn|104
|
|t:|1667557842
|switch|p1a: Tornadus|Tornadus-Therian, M|100/100
|move|p2a: Heatran|Toxic|p1a: Tornadus
|-status|p1a: Tornadus|tox
|
|-damage|p1a: Tornadus|94/100 tox|[from] psn
|upkeep
|turn|105
|
|t:|1667557846
|move|p1a: Tornadus|Defog|p2a: Heatran
|-unboost|p2a: Heatran|evasion|1
|-sideend|p1: Stellar Flares|Toxic Spikes|[from] move: Defog|[of] p1a: Tornadus
|move|p2a: Heatran|Earth Power|p1a: Tornadus
|-immune|p1a: Tornadus
|
|-damage|p1a: Tornadus|82/100 tox|[from] psn
|upkeep
|turn|106
|
|t:|1667557850
|switch|p1a: Audino|Audino, M|100/100 brn
|move|p2a: Heatran|Taunt|p1a: Audino
|-start|p1a: Audino|move: Taunt
|
|-damage|p1a: Audino|94/100 brn|[from] brn
|upkeep
|turn|107
|
|t:|1667557854
|switch|p2a: Landorus|Landorus-Therian, M|57/100
|-ability|p2a: Landorus|Intimidate|boost
|-unboost|p1a: Audino|atk|1
|switch|p1a: Tornadus|Tornadus-Therian, M|100/100 tox
|
|-heal|p2a: Landorus|63/100|[from] item: Leftovers
|-damage|p1a: Tornadus|94/100 tox|[from] psn
|upkeep
|turn|108
|
|t:|1667557857
|move|p1a: Tornadus|Knock Off|p2a: Landorus
|-damage|p2a: Landorus|38/100
|-enditem|p2a: Landorus|Leftovers|[from] move: Knock Off|[of] p1a: Tornadus
|move|p2a: Landorus|Stealth Rock|p1a: Tornadus
|-sidestart|p1: Stellar Flares|move: Stealth Rock
|
|-damage|p1a: Tornadus|82/100 tox|[from] psn
|upkeep
|turn|109
|
|t:|1667557862
|switch|p2a: Heatran|Heatran, M|85/100
|move|p1a: Tornadus|Defog|p2a: Heatran
|-unboost|p2a: Heatran|evasion|1
|-sideend|p1: Stellar Flares|Stealth Rock|[from] move: Defog|[of] p1a: Tornadus
|
|-damage|p1a: Tornadus|64/100 tox|[from] psn
|upkeep
|turn|110
|
|t:|1667557872
|switch|p1a: Audino|Audino, M|100/100 brn
|switch|p2a: Clefable|Clefable, M|100/100
|
|-damage|p1a: Audino|94/100 brn|[from] brn
|upkeep
|turn|111
|
|t:|1667557883
|move|p2a: Clefable|Trick|p1a: Audino
|-activate|p2a: Clefable|move: Trick|[of] p1a: Audino
|-item|p1a: Audino|Leftovers|[from] move: Trick
|-item|p2a: Clefable|Shed Shell|[from] move: Trick
|move|p1a: Audino|Knock Off|p2a: Clefable
|-resisted|p2a: Clefable
|-damage|p2a: Clefable|96/100
|-enditem|p2a: Clefable|Shed Shell|[from] move: Knock Off|[of] p1a: Audino
|
|-heal|p1a: Audino|100/100 brn|[from] item: Leftovers
|-damage|p1a: Audino|94/100 brn|[from] brn
|upkeep
|turn|112
|
|t:|1667557893
|switch|p1a: Clefable|Clefable, M|73/100
|move|p2a: Clefable|Trick||[still]
|-fail|p2a: Clefable
|
|upkeep
|turn|113
|
|t:|1667557897
|move|p2a: Clefable|Toxic|p1a: Clefable
|-status|p1a: Clefable|tox
|move|p1a: Clefable|Aromatherapy|p1a: Clefable
|-activate|p1a: Clefable|move: Aromatherapy
|-curestatus|p1a: Clefable|tox|[msg]
|-curestatus|p1: Audino|brn|[msg]
|-curestatus|p1: Tornadus|tox|[msg]
|
|upkeep
|turn|114
|
|t:|1667557903
|switch|p1a: Corviknight|Corviknight, M|100/100
|-ability|p1a: Corviknight|Pressure
|move|p2a: Clefable|Moonblast|p1a: Corviknight
|-resisted|p1a: Corviknight
|-damage|p1a: Corviknight|86/100
|
|-damage|p1a: Corviknight|73/100|[from] item: Sticky Barb
|upkeep
|turn|115
|
|t:|1667557907
|switch|p2a: Slowking|Slowking-Galar, M|88/100
|move|p1a: Corviknight|Roost|p1a: Corviknight
|-heal|p1a: Corviknight|100/100
|-singleturn|p1a: Corviknight|move: Roost
|
|-damage|p1a: Corviknight|88/100|[from] item: Sticky Barb
|upkeep
|turn|116
|
|t:|1667557910
|move|p1a: Corviknight|U-turn|p2a: Slowking
|-damage|p2a: Slowking|72/100
|
|t:|1667557916
|switch|p1a: Audino|Audino, M|100/100|[from]move: U-turn
|move|p2a: Slowking|Flamethrower|p1a: Audino
|-damage|p1a: Audino|82/100
|
|-heal|p1a: Audino|88/100|[from] item: Leftovers
|upkeep
|turn|117
|c|☆aursnes|thats like the most boring team ive ever seen
|c|☆Stellar Flares|yh but it works
|j| Ran Kob
|c|☆Stellar Flares|and garchomp is fun
|c|☆aursnes|just made to get opponents to have a shitty time here
|
|t:|1667557945
|move|p1a: Audino|Knock Off|p2a: Slowking
|-supereffective|p2a: Slowking
|-damage|p2a: Slowking|43/100
|-enditem|p2a: Slowking|Assault Vest|[from] move: Knock Off|[of] p1a: Audino
|move|p2a: Slowking|Future Sight|p1a: Audino
|-start|p2a: Slowking|move: Future Sight
|
|-heal|p1a: Audino|94/100|[from] item: Leftovers
|upkeep
|turn|118
|
|t:|1667557954
|switch|p2a: Clefable|Clefable, M|96/100
|move|p1a: Audino|Protect||[still]
|-fail|p1a: Audino
|
|-heal|p1a: Audino|99/100|[from] item: Leftovers
|upkeep
|turn|119
|
|t:|1667557957
|move|p1a: Audino|Protect|p1a: Audino
|-singleturn|p1a: Audino|Protect
|move|p2a: Clefable|Toxic|p1a: Audino
|-activate|p1a: Audino|move: Protect
|
|-end|p1a: Audino|move: Future Sight
|-damage|p1a: Audino|60/100
|-heal|p1a: Audino|67/100|[from] item: Leftovers
|upkeep
|turn|120
|
|t:|1667557961
|switch|p1a: Corviknight|Corviknight, M|88/100
|-ability|p1a: Corviknight|Pressure
|move|p2a: Clefable|Toxic|p1a: Corviknight
|-immune|p1a: Corviknight
|
|-damage|p1a: Corviknight|75/100|[from] item: Sticky Barb
|upkeep
|turn|121
|
|t:|1667557973
|switch|p2a: Slowking|Slowking-Galar, M|76/100
|move|p1a: Corviknight|U-turn|p2a: Slowking
|-damage|p2a: Slowking|61/100
|
|t:|1667557976
|switch|p1a: Garchomp|Garchomp, F|2/100|[from]move: U-turn
|
|upkeep
|turn|122
|j| Tokyo EZ
|
|t:|1667557983
|switch|p2a: Clefable|Clefable, M|96/100
|move|p1a: Garchomp|Rest|p1a: Garchomp
|-status|p1a: Garchomp|slp|[from] move: Rest
|-heal|p1a: Garchomp|100/100 slp|[silent]
|
|upkeep
|turn|123
|j| zttyt
|
|t:|1667557999
|switch|p1a: Clefable|Clefable, M|73/100
|switch|p2a: Landorus|Landorus-Therian, M|38/100
|-ability|p2a: Landorus|Intimidate|boost
|-unboost|p1a: Clefable|atk|1
|
|upkeep
|turn|124
|l| wdz999
|
|t:|1667558004
|switch|p1a: Tornadus|Tornadus-Therian, M|97/100
|move|p2a: Landorus|Earthquake|p1a: Tornadus
|-immune|p1a: Tornadus
|
|upkeep
|turn|125
|
|t:|1667558009
|switch|p2a: Slowking|Slowking-Galar, M|94/100
|move|p1a: Tornadus|Toxic|p2a: Slowking
|-immune|p2a: Slowking
|
|upkeep
|turn|126
|
|t:|1667558016
|switch|p1a: Audino|Audino, M|99/100
|move|p2a: Slowking|Scald|p1a: Audino
|-damage|p1a: Audino|81/100
|
|-heal|p1a: Audino|87/100|[from] item: Leftovers
|upkeep
|turn|127
|
|t:|1667558025
|switch|p1a: Garchomp|Garchomp, F|100/100 slp
|move|p2a: Slowking|Sludge Bomb|p1a: Garchomp
|-resisted|p1a: Garchomp
|-damage|p1a: Garchomp|75/100 slp
|
|upkeep
|turn|128
|
|t:|1667558031
|switch|p2a: Landorus|Landorus-Therian, M|38/100
|-ability|p2a: Landorus|Intimidate|boost
|-unboost|p1a: Garchomp|atk|1
|cant|p1a: Garchomp|slp
|
|upkeep
|turn|129
|
|t:|1667558037
|switch|p1a: Tornadus|Tornadus-Therian, M|100/100
|move|p2a: Landorus|Earthquake|p1a: Tornadus
|-immune|p1a: Tornadus
|
|upkeep
|turn|130
|c|☆aursnes|lets go for a tie i guess
|c|☆Stellar Flares|no lol
|c|☆aursnes|this not ending anytime soon
|c|☆Stellar Flares|I win with chomp
|
|t:|1667558064
|switch|p1a: Garchomp|Garchomp, F|75/100 slp
|switch|p2a: Clefable|Clefable, M|96/100
|
|upkeep
|turn|131
|l| Panda1234
|inactive|aursnes has 120 seconds left.
|
|t:|1667558078
|switch|p1a: Clefable|Clefable, M|73/100
|move|p2a: Clefable|Moonblast|p1a: Clefable
|-damage|p1a: Clefable|43/100
|
|upkeep
|turn|132
|
|t:|1667558083
|move|p1a: Clefable|Soft-Boiled|p1a: Clefable
|-heal|p1a: Clefable|93/100
|move|p2a: Clefable|Toxic|p1a: Clefable
|-status|p1a: Clefable|tox
|
|-damage|p1a: Clefable|87/100 tox|[from] psn
|upkeep
|turn|133
|
|t:|1667558089
|move|p2a: Clefable|Moonblast|p1a: Clefable
|-damage|p1a: Clefable|59/100 tox
|move|p1a: Clefable|Aromatherapy|p1a: Clefable
|-activate|p1a: Clefable|move: Aromatherapy
|-curestatus|p1a: Clefable|tox|[msg]
|-curestatus|p1: Garchomp|slp|[msg]
|
|upkeep
|turn|134
|
|t:|1667558095
|switch|p2a: Heatran|Heatran, M|85/100
|switch|p1a: Corviknight|Corviknight, M|75/100
|-ability|p1a: Corviknight|Pressure
|
|-damage|p1a: Corviknight|63/100|[from] item: Sticky Barb
|upkeep
|turn|135
|
|t:|1667558113
|switch|p2a: Clefable|Clefable, M|96/100
|switch|p1a: Shedinja|Shedinja|100/100
|
|upkeep
|turn|136
|
|t:|1667558123
|switch|p1a: Tornadus|Tornadus-Therian, M|100/100
|move|p2a: Clefable|Toxic|p1a: Tornadus
|-status|p1a: Tornadus|tox
|
|-damage|p1a: Tornadus|94/100 tox|[from] psn
|upkeep
|turn|137
|
|t:|1667558128
|switch|p2a: Slowking|Slowking-Galar, M|100/100
|move|p1a: Tornadus|Knock Off|p2a: Slowking
|-supereffective|p2a: Slowking
|-damage|p2a: Slowking|71/100
|
|-damage|p1a: Tornadus|82/100 tox|[from] psn
|upkeep
|turn|138
|
|t:|1667558134
|switch|p1a: Garchomp|Garchomp, F|75/100
|switch|p2a: Clefable|Clefable, M|96/100
|
|upkeep
|turn|139
|
|t:|1667558140
|switch|p1a: Corviknight|Corviknight, M|63/100
|-ability|p1a: Corviknight|Pressure
|move|p2a: Clefable|Moonblast|p1a: Corviknight
|-resisted|p1a: Corviknight
|-damage|p1a: Corviknight|48/100
|
|-damage|p1a: Corviknight|35/100|[from] item: Sticky Barb
|upkeep
|turn|140
|
|t:|1667558143
|switch|p2a: Slowking|Slowking-Galar, M|100/100
|move|p1a: Corviknight|Roost|p1a: Corviknight
|-heal|p1a: Corviknight|85/100
|-singleturn|p1a: Corviknight|move: Roost
|
|-damage|p1a: Corviknight|73/100|[from] item: Sticky Barb
|upkeep
|turn|141
|
|t:|1667558148
|move|p1a: Corviknight|U-turn|p2a: Slowking
|-damage|p2a: Slowking|85/100
|
|t:|1667558151
|switch|p1a: Garchomp|Garchomp, F|75/100|[from]move: U-turn
|move|p2a: Slowking|Flamethrower|p1a: Garchomp
|-resisted|p1a: Garchomp
|-damage|p1a: Garchomp|58/100
|
|upkeep
|turn|142
|
|t:|1667558159
|switch|p2a: Clefable|Clefable, M|96/100
|move|p1a: Garchomp|Earthquake|p2a: Clefable
|-damage|p2a: Clefable|27/100
|
|upkeep
|turn|143
|inactive|Stellar Flares has 120 seconds left.
|
|t:|1667558206
|switch|p2a: Landorus|Landorus-Therian, M|38/100
|-ability|p2a: Landorus|Intimidate|boost
|-unboost|p1a: Garchomp|atk|1
|move|p1a: Garchomp|Earthquake|p2a: Landorus
|-immune|p2a: Landorus
|
|upkeep
|turn|144
|l| Tokyo EZ
|
|t:|1667558228
|move|p2a: Landorus|Earthquake|p1a: Garchomp
|-damage|p1a: Garchomp|7/100
|move|p1a: Garchomp|Whirlpool|p2a: Landorus
|-supereffective|p2a: Landorus
|-damage|p2a: Landorus|22/100
|-activate|p2a: Landorus|move: Whirlpool|[of] p1a: Garchomp
|
|-damage|p2a: Landorus|10/100|[from] move: Whirlpool|[partiallytrapped]
|upkeep
|turn|145
|
|t:|1667558237
|switch|p1a: Corviknight|Corviknight, M|73/100
|-ability|p1a: Corviknight|Pressure
|move|p2a: Landorus|Earthquake|p1a: Corviknight
|-immune|p1a: Corviknight
|
|-end|p2a: Landorus|Whirlpool|[partiallytrapped]|[silent]
|-damage|p1a: Corviknight|60/100|[from] item: Sticky Barb
|upkeep
|turn|146
|
|t:|1667558244
|switch|p2a: Slowking|Slowking-Galar, M|100/100
|move|p1a: Corviknight|U-turn|p2a: Slowking
|-damage|p2a: Slowking|85/100
|j| ygvbnh
|
|t:|1667558247
|switch|p1a: Garchomp|Garchomp, F|7/100|[from]move: U-turn
|
|upkeep
|turn|147
|
|t:|1667558252
|switch|p2a: Landorus|Landorus-Therian, M|10/100
|-ability|p2a: Landorus|Intimidate|boost
|-unboost|p1a: Garchomp|atk|1
|move|p1a: Garchomp|Rest|p1a: Garchomp
|-status|p1a: Garchomp|slp|[from] move: Rest
|-heal|p1a: Garchomp|100/100 slp|[silent]
|
|upkeep
|turn|148
|inactive|Stellar Flares has 90 seconds left.
|
|t:|1667558285
|switch|p1a: Audino|Audino, M|100/100
|move|p2a: Landorus|Stealth Rock|p1a: Audino
|-sidestart|p1: Stellar Flares|move: Stealth Rock
|
|upkeep
|turn|149
|inactive|Stellar Flares has 90 seconds left.
|
|t:|1667558295
|switch|p2a: Clefable|Clefable, M|27/100
|switch|p1a: Tornadus|Tornadus-Therian, M|100/100 tox
|-damage|p1a: Tornadus|76/100 tox|[from] Stealth Rock
|
|-damage|p1a: Tornadus|70/100 tox|[from] psn
|upkeep
|turn|150
|
|t:|1667558304
|switch|p2a: Slowking|Slowking-Galar, M|100/100
|move|p1a: Tornadus|Defog|p2a: Slowking
|-unboost|p2a: Slowking|evasion|1
|-sideend|p1: Stellar Flares|Stealth Rock|[from] move: Defog|[of] p1a: Tornadus
|
|-damage|p1a: Tornadus|57/100 tox|[from] psn
|upkeep
|turn|151
|inactive|Stellar Flares has 90 seconds left.
|
|t:|1667558314
|switch|p1a: Garchomp|Garchomp, F|100/100 slp
|move|p2a: Slowking|Future Sight|p1a: Garchomp
|-start|p2a: Slowking|move: Future Sight
|
|upkeep
|turn|152
|inactive|Stellar Flares has 90 seconds left.
|
|t:|1667558322
|switch|p1a: Audino|Audino, M|100/100
|move|p2a: Slowking|Scald|p1a: Audino
|-damage|p1a: Audino|82/100
|
|-heal|p1a: Audino|89/100|[from] item: Leftovers
|upkeep
|turn|153
|inactive|Stellar Flares has 90 seconds left.
|
|t:|1667558327
|switch|p2a: Clefable|Clefable, M|27/100
|move|p1a: Audino|Protect||[still]
|-fail|p1a: Audino
|
|-end|p1a: Audino|move: Future Sight
|-damage|p1a: Audino|51/100
|-heal|p1a: Audino|57/100|[from] item: Leftovers
|upkeep
|turn|154
|inactive|Stellar Flares has 90 seconds left.
|
|t:|1667558333
|move|p2a: Clefable|Soft-Boiled|p2a: Clefable
|-heal|p2a: Clefable|77/100
|move|p1a: Audino|Wish|p1a: Audino
|
|-heal|p1a: Audino|63/100|[from] item: Leftovers
|upkeep
|turn|155
|
|t:|1667558336
|switch|p1a: Clefable|Clefable, M|59/100
|move|p2a: Clefable|Toxic|p1a: Clefable
|-status|p1a: Clefable|tox
|
|-heal|p1a: Clefable|100/100 tox|[from] move: Wish|[wisher] Audino
|-damage|p1a: Clefable|94/100 tox|[from] psn
|upkeep
|turn|156
|
|t:|1667558343
|move|p1a: Clefable|Aromatherapy|p1a: Clefable
|-activate|p1a: Clefable|move: Aromatherapy
|-curestatus|p1a: Clefable|tox|[msg]
|-curestatus|p1: Tornadus|tox|[msg]
|-curestatus|p1: Garchomp|slp|[msg]
|move|p2a: Clefable|Moonblast|p1a: Clefable
|-damage|p1a: Clefable|64/100
|
|upkeep
|turn|157
|
|t:|1667558350
|switch|p1a: Corviknight|Corviknight, M|60/100
|-ability|p1a: Corviknight|Pressure
|switch|p2a: Heatran|Heatran, M|85/100
|
|-damage|p1a: Corviknight|48/100|[from] item: Sticky Barb
|upkeep
|turn|158
|
|t:|1667558356
|switch|p1a: Shedinja|Shedinja|100/100
|move|p2a: Heatran|Taunt|p1a: Shedinja
|-start|p1a: Shedinja|move: Taunt
|
|upkeep
|turn|159
|inactive|Stellar Flares has 90 seconds left.
|
|t:|1667558376
|switch|p2a: Slowking|Slowking-Galar, M|100/100
|move|p1a: Shedinja|Hex|p2a: Slowking
|-supereffective|p2a: Slowking
|-damage|p2a: Slowking|75/100
|
|upkeep
|turn|160
|
|t:|1667558382
|switch|p1a: Garchomp|Garchomp, F|100/100
|move|p2a: Slowking|Future Sight|p1a: Garchomp
|-start|p2a: Slowking|move: Future Sight
|
|upkeep
|turn|161
|inactive|Stellar Flares has 90 seconds left.
|
|t:|1667558398
|switch|p2a: Landorus|Landorus-Therian, M|10/100
|-ability|p2a: Landorus|Intimidate|boost
|-unboost|p1a: Garchomp|atk|1
|move|p1a: Garchomp|Whirlpool|p2a: Landorus
|-supereffective|p2a: Landorus
|-damage|p2a: Landorus|0 fnt
|faint|p2a: Landorus
|
|upkeep
|
|t:|1667558404
|switch|p2a: Clefable|Clefable, M|77/100
|turn|162
|inactive|Stellar Flares has 90 seconds left.
|
|t:|1667558413
|switch|p1a: Shedinja|Shedinja|100/100
|move|p2a: Clefable|Toxic|p1a: Shedinja
|-status|p1a: Shedinja|tox
|
|-end|p1a: Shedinja|move: Future Sight
|-immune|p1a: Shedinja|[from] ability: Wonder Guard
|-damage|p1a: Shedinja|0 fnt|[from] psn
|faint|p1a: Shedinja
|upkeep
|
|t:|1667558415
|switch|p1a: Garchomp|Garchomp, F|100/100
|turn|163
|
|t:|1667558420
|move|p1a: Garchomp|Earthquake|p2a: Clefable
|-damage|p2a: Clefable|15/100
|move|p2a: Clefable|Soft-Boiled|p2a: Clefable
|-heal|p2a: Clefable|65/100
|
|upkeep
|turn|164
|
|t:|1667558424
|move|p1a: Garchomp|Earthquake|p2a: Clefable
|-damage|p2a: Clefable|5/100
|move|p2a: Clefable|Toxic|p1a: Garchomp
|-status|p1a: Garchomp|tox
|
|-damage|p1a: Garchomp|94/100 tox|[from] psn
|upkeep
|turn|165
|
|t:|1667558428
|move|p1a: Garchomp|Earthquake|p2a: Clefable
|-damage|p2a: Clefable|0 fnt
|faint|p2a: Clefable
|
|-damage|p1a: Garchomp|82/100 tox|[from] psn
|upkeep
|
|t:|1667558430
|switch|p2a: Slowking|Slowking-Galar, M|100/100
|turn|166
|
|t:|1667558440
|move|p1a: Garchomp|Earthquake|p2a: Slowking
|-supereffective|p2a: Slowking
|-damage|p2a: Slowking|0 fnt
|faint|p2a: Slowking
|
|-damage|p1a: Garchomp|64/100 tox|[from] psn
|upkeep
|c|☆Stellar Flares|you could have saved time
|c|☆Stellar Flares|the issue was predictable
|c|☆aursnes|have a good day in your loneliness mate
|c|☆aursnes|cheers
|-message|aursnes forfeited.
|
|win|Stellar Flares
|raw|Stellar Flares's rating: 1801 &rarr; <strong>1816</strong><br />(+15 for winning)
|raw|aursnes's rating: 1721 &rarr; <strong>1706</strong><br />(-15 for losing)
|l|☆aursnes
|c|☆Stellar Flares|u too
