|raw|<div class="broadcast-blue"><strong>This battle is required to be public due to a player having a name starting with 'LT73IU'.</div>
|j|☆ezwz
|j|‽LT73IU Pato
|t:|1598403750
|player|p1|ezwz|youngster-gen4|1957
|player|p2|LT73IU Pato|dawn|1982
|teamsize|p1|6
|teamsize|p2|6
|gametype|singles
|gen|8
|tier|[Gen 8] OU
|rated|
|clearpoke
|poke|p1|Excadrill, F|
|poke|p1|Ferrothorn, F|
|poke|p1|Volcarona, F|
|poke|p1|Primarina, F|
|poke|p1|Clefable, M|
|poke|p1|Hydreigon, M|
|poke|p2|Zeraora|
|poke|p2|Excadrill, M|
|poke|p2|Rillaboom, M|
|poke|p2|Volcarona, M|
|poke|p2|Urshifu-*, M|
|poke|p2|Azumarill, M|
|rule|Sleep Clause Mod: Limit one foe put to sleep
|rule|Species Clause: Limit one of each Pokémon
|rule|OHKO Clause: OHKO moves are banned
|rule|Evasion Moves Clause: Evasion moves are banned
|rule|Endless Battle Clause: Forcing endless battles is banned
|rule|HP Percentage Mod: HP is shown in percentages
|rule|Dynamax Clause: You cannot dynamax
|teampreview
|j| JustALadderPlayer
|j| LT73IU magician
|j| LT73IU Uru
|j| Livio ElTito
|j| LT73iucar
|j| LT73IU Enrique
|
|t:|1598403811
|start
|switch|p1a: Hydreigon|Hydreigon, M|100/100
|switch|p2a: Urshifu|Urshifu, M|100/100
|turn|1
|j| Dragonflo
|l| JustALadderPlayer
|
|t:|1598403819
|switch|p2a: Azumarill|Azumarill, M|100/100
|move|p1a: Hydreigon|Nasty Plot|p1a: Hydreigon
|-boost|p1a: Hydreigon|spa|2
|
|upkeep
|turn|2
|
|t:|1598403823
|move|p1a: Hydreigon|Flash Cannon|p2a: Azumarill
|-damage|p2a: Azumarill|24/100
|-damage|p1a: Hydreigon|91/100|[from] item: Life Orb
|move|p2a: Azumarill|Toxic|p1a: Hydreigon
|-status|p1a: Hydreigon|tox
|
|-heal|p2a: Azumarill|30/100|[from] item: Leftovers
|-damage|p1a: Hydreigon|84/100 tox|[from] psn
|upkeep
|turn|3
|
|t:|1598403828
|move|p2a: Azumarill|Protect|p2a: Azumarill
|-singleturn|p2a: Azumarill|Protect
|move|p1a: Hydreigon|Nasty Plot|p1a: Hydreigon
|-boost|p1a: Hydreigon|spa|2
|
|-heal|p2a: Azumarill|37/100|[from] item: Leftovers
|-damage|p1a: Hydreigon|72/100 tox|[from] psn
|upkeep
|turn|4
|
|t:|1598403831
|switch|p2a: Excadrill|Excadrill, M, shiny|100/100
|-ability|p2a: Excadrill|Mold Breaker
|move|p1a: Hydreigon|Flamethrower|p2a: Excadrill
|-supereffective|p2a: Excadrill
|-damage|p2a: Excadrill|0 fnt
|-damage|p1a: Hydreigon|62/100 tox|[from] item: Life Orb
|faint|p2a: Excadrill
|
|-damage|p1a: Hydreigon|44/100 tox|[from] psn
|upkeep
|
|t:|1598403834
|switch|p2a: Zeraora|Zeraora, shiny|100/100
|turn|5
|
|t:|1598403844
|switch|p1a: Ferrothorn|Ferrothorn, F|100/100
|move|p2a: Zeraora|Close Combat|p1a: Ferrothorn
|-supereffective|p1a: Ferrothorn
|-damage|p1a: Ferrothorn|47/100
|-unboost|p2a: Zeraora|def|1
|-unboost|p2a: Zeraora|spd|1
|-damage|p2a: Zeraora|88/100|[from] ability: Iron Barbs|[of] p1a: Ferrothorn
|
|-heal|p1a: Ferrothorn|54/100|[from] item: Leftovers
|upkeep
|turn|6
|
|t:|1598403854
|move|p2a: Zeraora|Volt Switch|p1a: Ferrothorn
|-resisted|p1a: Ferrothorn
|-damage|p1a: Ferrothorn|43/100
|j| injopnnnncc
|
|t:|1598403862
|switch|p2a: Rillaboom|Rillaboom, M|100/100|[from]move: Volt Switch
|-fieldstart|move: Grassy Terrain|[from] ability: Grassy Surge|[of] p2a: Rillaboom
|move|p1a: Ferrothorn|Knock Off|p2a: Rillaboom
|-damage|p2a: Rillaboom|77/100
|-enditem|p2a: Rillaboom|Life Orb|[from] move: Knock Off|[of] p1a: Ferrothorn
|
|-heal|p2a: Rillaboom|83/100|[from] Grassy Terrain
|-heal|p1a: Ferrothorn|49/100|[from] item: Leftovers
|-heal|p1a: Ferrothorn|56/100|[from] Grassy Terrain
|upkeep
|turn|7
|
|t:|1598403873
|switch|p1a: Volcarona|Volcarona, F|100/100
|move|p2a: Rillaboom|Superpower|p1a: Volcarona
|-resisted|p1a: Volcarona
|-damage|p1a: Volcarona|77/100
|-unboost|p2a: Rillaboom|atk|1
|-unboost|p2a: Rillaboom|def|1
|
|-heal|p1a: Volcarona|83/100|[from] Grassy Terrain
|-heal|p2a: Rillaboom|89/100|[from] Grassy Terrain
|upkeep
|turn|8
|
|t:|1598403887
|switch|p1a: Primarina|Primarina, F|100/100
|switch|p2a: Azumarill|Azumarill, M|37/100
|
|-heal|p2a: Azumarill|43/100|[from] item: Leftovers
|-heal|p2a: Azumarill|49/100|[from] Grassy Terrain
|upkeep
|turn|9
|
|t:|1598403893
|move|p1a: Primarina|Substitute|p1a: Primarina
|-start|p1a: Primarina|Substitute
|-damage|p1a: Primarina|75/100
|move|p2a: Azumarill|Whirlpool|p1a: Primarina
|-resisted|p1a: Primarina
|-activate|p1a: Primarina|move: Substitute|[damage]
|
|-heal|p1a: Primarina|82/100|[from] item: Leftovers
|-heal|p1a: Primarina|88/100|[from] Grassy Terrain
|-heal|p2a: Azumarill|55/100|[from] item: Leftovers
|-heal|p2a: Azumarill|61/100|[from] Grassy Terrain
|upkeep
|turn|10
|j| storm zone
|
|t:|1598403898
|move|p1a: Primarina|Calm Mind|p1a: Primarina
|-boost|p1a: Primarina|spa|1
|-boost|p1a: Primarina|spd|1
|move|p2a: Azumarill|Perish Song|p2a: Azumarill
|-start|p1a: Primarina|perish3|[silent]
|-start|p2a: Azumarill|perish3|[silent]
|-fieldactivate|move: Perish Song
|
|-heal|p1a: Primarina|94/100|[from] item: Leftovers
|-heal|p1a: Primarina|99/100|[from] Grassy Terrain
|-heal|p2a: Azumarill|68/100|[from] item: Leftovers
|-heal|p2a: Azumarill|74/100|[from] Grassy Terrain
|-fieldend|move: Grassy Terrain
|-start|p1a: Primarina|perish3
|-start|p2a: Azumarill|perish3
|upkeep
|turn|11
|
|t:|1598403907
|move|p2a: Azumarill|Protect|p2a: Azumarill
|-singleturn|p2a: Azumarill|Protect
|move|p1a: Primarina|Draining Kiss|p2a: Azumarill
|-activate|p2a: Azumarill|move: Protect
|
|-heal|p1a: Primarina|100/100|[from] item: Leftovers
|-heal|p2a: Azumarill|80/100|[from] item: Leftovers
|-start|p1a: Primarina|perish2
|-start|p2a: Azumarill|perish2
|upkeep
|turn|12
|
|t:|1598403912
|move|p1a: Primarina|Draining Kiss|p2a: Azumarill
|-damage|p2a: Azumarill|44/100
|move|p2a: Azumarill|Whirlpool|p1a: Primarina
|-resisted|p1a: Primarina
|-activate|p1a: Primarina|move: Substitute|[damage]
|
|-heal|p2a: Azumarill|50/100|[from] item: Leftovers
|-start|p1a: Primarina|perish1
|-start|p2a: Azumarill|perish1
|upkeep
|turn|13
|
|t:|1598403924
|switch|p1a: Volcarona|Volcarona, F|83/100
|switch|p2a: Volcarona|Volcarona, M, shiny|100/100
|
|upkeep
|turn|14
|
|t:|1598403931
|switch|p1a: Primarina|Primarina, F|100/100
|move|p2a: Volcarona|Quiver Dance|p2a: Volcarona
|-boost|p2a: Volcarona|spa|1
|-boost|p2a: Volcarona|spd|1
|-boost|p2a: Volcarona|spe|1
|
|upkeep
|turn|15
|
|t:|1598403935
|switch|p2a: Azumarill|Azumarill, M|50/100
|move|p1a: Primarina|Scald|p2a: Azumarill
|-resisted|p2a: Azumarill
|-damage|p2a: Azumarill|30/100
|
|-heal|p2a: Azumarill|37/100|[from] item: Leftovers
|upkeep
|turn|16
|
|t:|1598403939
|move|p1a: Primarina|Substitute|p1a: Primarina
|-start|p1a: Primarina|Substitute
|-damage|p1a: Primarina|75/100
|move|p2a: Azumarill|Perish Song|p2a: Azumarill
|-start|p1a: Primarina|perish3|[silent]
|-start|p2a: Azumarill|perish3|[silent]
|-fieldactivate|move: Perish Song
|
|-heal|p1a: Primarina|82/100|[from] item: Leftovers
|-heal|p2a: Azumarill|43/100|[from] item: Leftovers
|-start|p1a: Primarina|perish3
|-start|p2a: Azumarill|perish3
|upkeep
|turn|17
|j| Not Sean Hannity
|
|t:|1598403943
|move|p1a: Primarina|Draining Kiss|p2a: Azumarill
|-damage|p2a: Azumarill|18/100
|-heal|p1a: Primarina|100/100|[from] drain|[of] p2a: Azumarill
|move|p2a: Azumarill|Whirlpool|p1a: Primarina
|-resisted|p1a: Primarina
|-activate|p1a: Primarina|move: Substitute|[damage]
|
|-heal|p2a: Azumarill|24/100|[from] item: Leftovers
|-start|p1a: Primarina|perish2
|-start|p2a: Azumarill|perish2
|upkeep
|turn|18
|
|t:|1598403947
|switch|p1a: Excadrill|Excadrill, F|100/100
|-ability|p1a: Excadrill|Mold Breaker
|switch|p2a: Rillaboom|Rillaboom, M|89/100
|-fieldstart|move: Grassy Terrain|[from] ability: Grassy Surge|[of] p2a: Rillaboom
|
|-heal|p2a: Rillaboom|95/100|[from] Grassy Terrain
|upkeep
|turn|19
|
|t:|1598403952
|switch|p1a: Volcarona|Volcarona, F|83/100
|move|p2a: Rillaboom|High Horsepower|p1a: Volcarona
|-damage|p1a: Volcarona|43/100
|
|-heal|p1a: Volcarona|50/100|[from] Grassy Terrain
|-heal|p2a: Rillaboom|100/100|[from] Grassy Terrain
|upkeep
|turn|20
|
|t:|1598403959
|switch|p2a: Urshifu|Urshifu, M|100/100
|move|p1a: Volcarona|Roost|p1a: Volcarona
|-heal|p1a: Volcarona|99/100
|-singleturn|p1a: Volcarona|move: Roost
|
|-heal|p1a: Volcarona|100/100|[from] Grassy Terrain
|upkeep
|turn|21
|
|t:|1598403964
|switch|p1a: Clefable|Clefable, M|100/100
|move|p2a: Urshifu|Poison Jab|p1a: Clefable
|-supereffective|p1a: Clefable
|-damage|p1a: Clefable|35/100
|-damage|p2a: Urshifu|91/100|[from] item: Life Orb
|
|-heal|p2a: Urshifu|97/100|[from] Grassy Terrain
|-heal|p1a: Clefable|41/100|[from] Grassy Terrain
|upkeep
|turn|22
|
|t:|1598403971
|switch|p1a: Ferrothorn|Ferrothorn, F|56/100
|move|p2a: Urshifu|Poison Jab|p1a: Ferrothorn
|-immune|p1a: Ferrothorn
|
|-heal|p2a: Urshifu|100/100|[from] Grassy Terrain
|-heal|p1a: Ferrothorn|62/100|[from] item: Leftovers
|-heal|p1a: Ferrothorn|68/100|[from] Grassy Terrain
|-fieldend|move: Grassy Terrain
|upkeep
|turn|23
|
|t:|1598403984
|switch|p2a: Volcarona|Volcarona, M, shiny|100/100
|switch|p1a: Clefable|Clefable, M|41/100
|
|upkeep
|turn|24
|
|t:|1598403994
|move|p2a: Volcarona|Quiver Dance|p2a: Volcarona
|-boost|p2a: Volcarona|spa|1
|-boost|p2a: Volcarona|spd|1
|-boost|p2a: Volcarona|spe|1
|move|p1a: Clefable|Soft-Boiled|p1a: Clefable
|-heal|p1a: Clefable|91/100
|
|upkeep
|turn|25
|
|t:|1598403998
|switch|p1a: Primarina|Primarina, F|100/100
|move|p2a: Volcarona|Flamethrower|p1a: Primarina
|-resisted|p1a: Primarina
|-damage|p1a: Primarina|78/100
|
|-heal|p1a: Primarina|84/100|[from] item: Leftovers
|upkeep
|turn|26
|
|t:|1598404003
|move|p2a: Volcarona|Flamethrower|p1a: Primarina
|-resisted|p1a: Primarina
|-damage|p1a: Primarina|61/100
|move|p1a: Primarina|Scald|p2a: Volcarona
|-supereffective|p2a: Volcarona
|-damage|p2a: Volcarona|55/100
|
|-heal|p1a: Primarina|67/100|[from] item: Leftovers
|upkeep
|turn|27
|
|t:|1598404007
|move|p2a: Volcarona|Flamethrower|p1a: Primarina
|-resisted|p1a: Primarina
|-damage|p1a: Primarina|42/100
|move|p1a: Primarina|Draining Kiss|p2a: Volcarona
|-resisted|p2a: Volcarona
|-damage|p2a: Volcarona|49/100
|-heal|p1a: Primarina|47/100|[from] drain|[of] p2a: Volcarona
|
|-heal|p1a: Primarina|53/100|[from] item: Leftovers
|upkeep
|turn|28
|
|t:|1598404011
|move|p2a: Volcarona|Roost|p2a: Volcarona
|-heal|p2a: Volcarona|99/100
|-singleturn|p2a: Volcarona|move: Roost
|move|p1a: Primarina|Calm Mind|p1a: Primarina
|-boost|p1a: Primarina|spa|1
|-boost|p1a: Primarina|spd|1
|
|-heal|p1a: Primarina|59/100|[from] item: Leftovers
|upkeep
|turn|29
|
|t:|1598404014
|switch|p2a: Rillaboom|Rillaboom, M|100/100
|-fieldstart|move: Grassy Terrain|[from] ability: Grassy Surge|[of] p2a: Rillaboom
|move|p1a: Primarina|Substitute|p1a: Primarina
|-start|p1a: Primarina|Substitute
|-damage|p1a: Primarina|34/100
|
|-heal|p1a: Primarina|40/100|[from] item: Leftovers
|-heal|p1a: Primarina|46/100|[from] Grassy Terrain
|upkeep
|turn|30
|j| D0n Ram0n
|
|t:|1598404019
|move|p2a: Rillaboom|Grassy Glide|p1a: Primarina
|-supereffective|p1a: Primarina
|-end|p1a: Primarina|Substitute
|move|p1a: Primarina|Draining Kiss|p2a: Rillaboom
|-damage|p2a: Rillaboom|58/100
|-heal|p1a: Primarina|76/100|[from] drain|[of] p2a: Rillaboom
|
|-heal|p2a: Rillaboom|64/100|[from] Grassy Terrain
|-heal|p1a: Primarina|82/100|[from] item: Leftovers
|-heal|p1a: Primarina|88/100|[from] Grassy Terrain
|upkeep
|turn|31
|l| injopnnnncc
|
|t:|1598404030
|switch|p2a: Urshifu|Urshifu, M|100/100
|switch|p1a: Clefable|Clefable, M|91/100
|
|-heal|p1a: Clefable|97/100|[from] Grassy Terrain
|upkeep
|turn|32
|
|t:|1598404037
|switch|p2a: Volcarona|Volcarona, M, shiny|99/100
|move|p1a: Clefable|Moonblast|p2a: Volcarona
|-resisted|p2a: Volcarona
|-crit|p2a: Volcarona
|-damage|p2a: Volcarona|80/100
|
|-heal|p2a: Volcarona|86/100|[from] Grassy Terrain
|-heal|p1a: Clefable|100/100|[from] Grassy Terrain
|upkeep
|turn|33
|j| Clawed Winter
|j| LT73IU YAKO
|j| LT73IU Raiza
|l| LT73IU Raiza
|
|t:|1598404064
|switch|p2a: Zeraora|Zeraora, shiny|88/100
|move|p1a: Clefable|Trick|p2a: Zeraora
|-activate|p1a: Clefable|move: Trick|[of] p2a: Zeraora
|-item|p2a: Zeraora|Sticky Barb|[from] move: Trick
|-item|p1a: Clefable|Expert Belt|[from] move: Trick
|
|-heal|p2a: Zeraora|94/100|[from] Grassy Terrain
|-fieldend|move: Grassy Terrain
|-damage|p2a: Zeraora|82/100|[from] item: Sticky Barb
|upkeep
|turn|34
|j| no+de3xdia
|
|t:|1598404072
|move|p2a: Zeraora|Volt Switch|p1a: Clefable
|-damage|p1a: Clefable|78/100
|
|t:|1598404078
|switch|p2a: Volcarona|Volcarona, M, shiny|86/100|[from]move: Volt Switch
|move|p1a: Clefable|Calm Mind|p1a: Clefable
|-boost|p1a: Clefable|spa|1
|-boost|p1a: Clefable|spd|1
|
|upkeep
|turn|35
|j| Lico Jubileu
|
|t:|1598404080
|move|p2a: Volcarona|Quiver Dance|p2a: Volcarona
|-boost|p2a: Volcarona|spa|1
|-boost|p2a: Volcarona|spd|1
|-boost|p2a: Volcarona|spe|1
|move|p1a: Clefable|Soft-Boiled|p1a: Clefable
|-heal|p1a: Clefable|100/100
|
|upkeep
|turn|36
|
|t:|1598404086
|switch|p1a: Primarina|Primarina, F|88/100
|move|p2a: Volcarona|Quiver Dance|p2a: Volcarona
|-boost|p2a: Volcarona|spa|1
|-boost|p2a: Volcarona|spd|1
|-boost|p2a: Volcarona|spe|1
|
|-heal|p1a: Primarina|94/100|[from] item: Leftovers
|upkeep
|turn|37
|
|t:|1598404088
|move|p2a: Volcarona|Flamethrower|p1a: Primarina
|-resisted|p1a: Primarina
|-damage|p1a: Primarina|63/100
|move|p1a: Primarina|Calm Mind|p1a: Primarina
|-boost|p1a: Primarina|spa|1
|-boost|p1a: Primarina|spd|1
|
|-heal|p1a: Primarina|69/100|[from] item: Leftovers
|upkeep
|turn|38
|
|t:|1598404092
|switch|p2a: Rillaboom|Rillaboom, M|64/100
|-fieldstart|move: Grassy Terrain|[from] ability: Grassy Surge|[of] p2a: Rillaboom
|move|p1a: Primarina|Scald|p2a: Rillaboom
|-resisted|p2a: Rillaboom
|-damage|p2a: Rillaboom|23/100
|
|-heal|p2a: Rillaboom|29/100|[from] Grassy Terrain
|-heal|p1a: Primarina|75/100|[from] item: Leftovers
|-heal|p1a: Primarina|81/100|[from] Grassy Terrain
|upkeep
|turn|39
|j| dirt universe
|
|t:|1598404104
|switch|p2a: Urshifu|Urshifu, M|100/100
|switch|p1a: Volcarona|Volcarona, F|100/100
|
|upkeep
|turn|40
|j| RULT4pm Sahki
|
|t:|1598404114
|move|p2a: Urshifu|Poison Jab|p1a: Volcarona
|-damage|p1a: Volcarona|59/100
|-status|p2a: Urshifu|brn|[from] ability: Flame Body|[of] p1a: Volcarona
|-damage|p2a: Urshifu|91/100 brn|[from] item: Life Orb
|move|p1a: Volcarona|Flamethrower|p2a: Urshifu
|-damage|p2a: Urshifu|29/100 brn
|
|-heal|p2a: Urshifu|35/100 brn|[from] Grassy Terrain
|-heal|p1a: Volcarona|66/100|[from] Grassy Terrain
|-damage|p2a: Urshifu|29/100 brn|[from] brn
|upkeep
|turn|41
|-message|LT73IU Pato forfeited.
|
|win|ezwz
|l|‽LT73IU Pato
|l| Not Sean Hannity
|l| LT73iucar
|l| RULT4pm Sahki
|j| RULT4pm Sahki
|raw|ezwz's rating: 1957 &rarr; <strong>1977</strong><br />(+20 for winning)
|raw|LT73IU Pato's rating: 1959 &rarr; <strong>1939</strong><br />(-20 for losing)
|l|☆ezwz
|l| D0n Ram0n
|j| Honey Sagittarius
|l| Clawed Winter
|l| RULT4pm Sahki
|l| Livio ElTito
|l| Lico Jubileu
|l| LT73IU YAKO
|l| LT73IU magician
|l| LT73IU Enrique
|l| storm zone
|l| dirt universe
|l| no+de3xdia
|l| Honey Sagittarius
