|j|☆Candice
|j|☆minimax_ai
|t:|1663670117
|gametype|singles
|player|p1|Candice|psychicf-gen4|1588
|player|p2|minimax_ai|lusamine-nihilego|1501
|teamsize|p1|6
|teamsize|p2|6
|gen|8
|tier|[Gen 8] OU
|rated|
|rule|Sleep Clause Mod: Limit one foe put to sleep
|rule|Species Clause: Limit one of each Pokémon
|rule|OHKO Clause: OHKO moves are banned
|rule|Evasion Items Clause: Evasion items are banned
|rule|Evasion Moves Clause: Evasion moves are banned
|rule|Endless Battle Clause: Forcing endless battles is banned
|rule|HP Percentage Mod: HP is shown in percentages
|rule|Dynamax Clause: You cannot dynamax
|clearpoke
|poke|p1|Kommo-o, F|
|poke|p1|Tapu Koko|
|poke|p1|Victini|
|poke|p1|Weavile, F|
|poke|p1|Rotom-Wash|
|poke|p1|Ferrothorn, F|
|poke|p2|Rotom-Wash|
|poke|p2|Weavile, F|
|poke|p2|Landorus-Therian, M|
|poke|p2|Heatran, M|
|poke|p2|Tangrowth, M|
|poke|p2|Melmetal|
|teampreview
|c|☆minimax_ai|hf
|inactive|Battle timer is ON: inactive players will automatically lose when time's up. (requested by minimax_ai)
|c|☆Candice|U2
|
|t:|1663670147
|start
|switch|p1a: Tom|Rotom-Wash|100/100
|switch|p2a: landorustherian|Landorus-Therian, M|100/100
|-ability|p2a: landorustherian|Intimidate|boost
|-unboost|p1a: Tom|atk|1
|turn|1
|
|t:|1663670152
|move|p1a: Tom|Hydro Pump|p2a: landorustherian
|-supereffective|p2a: landorustherian
|-crit|p2a: landorustherian
|-damage|p2a: landorustherian|14/100
|move|p2a: landorustherian|U-turn|p1a: Tom
|-damage|p1a: Tom|78/100
|
|t:|1663670152
|switch|p2a: Weavile|Weavile, F|100/100|[from]move: U-turn
|-ability|p2a: Weavile|Pressure
|
|-heal|p1a: Tom|85/100|[from] item: Leftovers
|upkeep
|turn|2
|
|t:|1663670163
|switch|p1a: Loop|Kommo-o, F|100/100
|move|p2a: Weavile|Knock Off|p1a: Loop
|-resisted|p1a: Loop
|-damage|p1a: Loop|77/100
|-enditem|p1a: Loop|Leftovers|[from] move: Knock Off|[of] p2a: Weavile
|
|upkeep
|turn|3
|
|t:|1663670165
|switch|p2a: landorustherian|Landorus-Therian, M|14/100
|-ability|p2a: landorustherian|Intimidate|boost
|-unboost|p1a: Loop|atk|1
|move|p1a: Loop|Body Press|p2a: landorustherian
|-resisted|p2a: landorustherian
|-damage|p2a: landorustherian|0 fnt
|faint|p2a: landorustherian
|
|upkeep
|
|t:|1663670165
|switch|p2a: Weavile|Weavile, F|100/100
|-ability|p2a: Weavile|Pressure
|turn|4
|
|t:|1663670171
|switch|p1a: Ortie|Ferrothorn, F|100/100
|move|p2a: Weavile|Triple Axel|p1a: Ortie
|-damage|p1a: Ortie|91/100
|-damage|p2a: Weavile|88/100|[from] ability: Iron Barbs|[of] p1a: Ortie
|-damage|p2a: Weavile|72/100|[from] item: Rocky Helmet|[of] p1a: Ortie
|-damage|p1a: Ortie|72/100
|-damage|p2a: Weavile|59/100|[from] ability: Iron Barbs|[of] p1a: Ortie
|-damage|p2a: Weavile|43/100|[from] item: Rocky Helmet|[of] p1a: Ortie
|-damage|p1a: Ortie|45/100
|-damage|p2a: Weavile|30/100|[from] ability: Iron Barbs|[of] p1a: Ortie
|-damage|p2a: Weavile|14/100|[from] item: Rocky Helmet|[of] p1a: Ortie
|-hitcount|p1a: Ortie|3
|
|upkeep
|turn|5
|
|t:|1663670181
|switch|p2a: Tangrowth|Tangrowth, M|100/100
|move|p1a: Ortie|Spikes|p2a: Tangrowth
|-sidestart|p2: minimax_ai|Spikes
|
|upkeep
|turn|6
|
|t:|1663670193
|switch|p1a: Loop|Kommo-o, F|77/100
|move|p2a: Tangrowth|Giga Drain|p1a: Loop
|-resisted|p1a: Loop
|-damage|p1a: Loop|65/100
|
|upkeep
|turn|7
|
|t:|1663670195
|move|p1a: Loop|Toxic|p2a: Tangrowth
|-status|p2a: Tangrowth|tox
|move|p2a: Tangrowth|Sleep Powder|p1a: Loop
|-status|p1a: Loop|slp|[from] move: Sleep Powder
|
|-damage|p2a: Tangrowth|94/100 tox|[from] psn
|upkeep
|turn|8
|
|t:|1663670208
|switch|p1a: Kokoriko|Tapu Koko|100/100
|-fieldstart|move: Electric Terrain|[from] ability: Electric Surge|[of] p1a: Kokoriko
|switch|p2a: rotomwash|Rotom-Wash|100/100
|
|upkeep
|turn|9
|
|t:|1663670211
|move|p1a: Kokoriko|Taunt|p2a: rotomwash
|-start|p2a: rotomwash|move: Taunt
|cant|p2a: rotomwash|move: Taunt|Pain Split
|
|upkeep
|turn|10
|
|t:|1663670218
|move|p1a: Kokoriko|U-turn|p2a: rotomwash
|-damage|p2a: rotomwash|83/100
|
|t:|1663670223
|switch|p1a: Ortie|Ferrothorn, F|45/100|[from]move: U-turn
|move|p2a: rotomwash|Thunderbolt|p1a: Ortie
|-resisted|p1a: Ortie
|-damage|p1a: Ortie|30/100
|
|-heal|p2a: rotomwash|89/100|[from] item: Leftovers
|upkeep
|turn|11
|
|t:|1663670226
|move|p2a: rotomwash|Thunderbolt|p1a: Ortie
|-resisted|p1a: Ortie
|-damage|p1a: Ortie|15/100
|move|p1a: Ortie|Spikes|p2a: rotomwash
|-sidestart|p2: minimax_ai|Spikes
|
|-heal|p2a: rotomwash|96/100|[from] item: Leftovers
|-end|p2a: rotomwash|move: Taunt
|upkeep
|turn|12
|
|t:|1663670230
|move|p2a: rotomwash|Thunderbolt|p1a: Ortie
|-resisted|p1a: Ortie
|-damage|p1a: Ortie|0 fnt
|faint|p1a: Ortie
|
|-heal|p2a: rotomwash|100/100|[from] item: Leftovers
|-fieldend|move: Electric Terrain
|upkeep
|
|t:|1663670241
|switch|p1a: Tom|Rotom-Wash|85/100
|turn|13
|
|t:|1663670242
|move|p1a: Tom|Toxic|p2a: rotomwash
|-status|p2a: rotomwash|tox
|move|p2a: rotomwash|Nasty Plot|p2a: rotomwash
|-boost|p2a: rotomwash|spa|2
|
|-heal|p1a: Tom|91/100|[from] item: Leftovers
|-damage|p2a: rotomwash|94/100 tox|[from] psn
|upkeep
|turn|14
|
|t:|1663670253
|switch|p1a: Loop|Kommo-o, F|65/100 slp
|move|p2a: rotomwash|Thunderbolt|p1a: Loop
|-resisted|p1a: Loop
|-damage|p1a: Loop|34/100 slp
|
|-heal|p2a: rotomwash|100/100 tox|[from] item: Leftovers
|-damage|p2a: rotomwash|88/100 tox|[from] psn
|upkeep
|turn|15
|
|t:|1663670255
|cant|p1a: Loop|slp
|move|p2a: rotomwash|Thunderbolt|p1a: Loop
|-resisted|p1a: Loop
|-damage|p1a: Loop|2/100 slp
|
|-heal|p2a: rotomwash|94/100 tox|[from] item: Leftovers
|-damage|p2a: rotomwash|75/100 tox|[from] psn
|upkeep
|turn|16
|
|t:|1663670258
|cant|p1a: Loop|slp
|move|p2a: rotomwash|Thunderbolt|p1a: Loop
|-resisted|p1a: Loop
|-damage|p1a: Loop|0 fnt
|faint|p1a: Loop
|
|-heal|p2a: rotomwash|82/100 tox|[from] item: Leftovers
|-damage|p2a: rotomwash|57/100 tox|[from] psn
|upkeep
|
|t:|1663670266
|switch|p1a: Kokoriko|Tapu Koko|100/100
|-fieldstart|move: Electric Terrain|[from] ability: Electric Surge|[of] p1a: Kokoriko
|turn|17
|
|t:|1663670268
|move|p1a: Kokoriko|Thunderbolt|p2a: rotomwash
|-damage|p2a: rotomwash|5/100 tox
|move|p2a: rotomwash|Thunderbolt|p1a: Kokoriko
|-resisted|p1a: Kokoriko
|-damage|p1a: Kokoriko|48/100
|
|-heal|p2a: rotomwash|11/100 tox|[from] item: Leftovers
|-damage|p2a: rotomwash|0 fnt|[from] psn
|faint|p2a: rotomwash
|upkeep
|
|t:|1663670268
|switch|p2a: Heatran|Heatran, M|100/100
|-item|p2a: Heatran|Air Balloon
|turn|18
|
|t:|1663670274
|move|p1a: Kokoriko|U-turn|p2a: Heatran
|-resisted|p2a: Heatran
|-damage|p2a: Heatran|96/100
|-enditem|p2a: Heatran|Air Balloon
|
|t:|1663670276
|switch|p1a: Tom|Rotom-Wash|91/100|[from]move: U-turn
|move|p2a: Heatran|Stealth Rock|p1a: Tom
|-sidestart|p1: Candice|move: Stealth Rock
|
|-heal|p1a: Tom|97/100|[from] item: Leftovers
|upkeep
|turn|19
|
|t:|1663670285
|switch|p2a: Tangrowth|Tangrowth, M|100/100 tox
|-damage|p2a: Tangrowth|84/100 tox|[from] Spikes
|move|p1a: Tom|Hydro Pump|p2a: Tangrowth
|-resisted|p2a: Tangrowth
|-crit|p2a: Tangrowth
|-damage|p2a: Tangrowth|40/100 tox
|
|-heal|p1a: Tom|100/100|[from] item: Leftovers
|-damage|p2a: Tangrowth|34/100 tox|[from] psn
|upkeep
|turn|20
|
|t:|1663670303
|switch|p2a: Weavile|Weavile, F|14/100
|-damage|p2a: Weavile|0 fnt|[from] Spikes
|faint|p2a: Weavile
|move|p1a: Tom|Hydro Pump|p2: Weavile|[notarget]
|-fail|p1a: Tom
|
|upkeep
|
|t:|1663670303
|switch|p2a: Tangrowth|Tangrowth, M|67/100 tox
|-damage|p2a: Tangrowth|50/100 tox|[from] Spikes
|turn|21
|
|t:|1663670307
|move|p1a: Tom|Volt Switch|p2a: Tangrowth
|-resisted|p2a: Tangrowth
|-damage|p2a: Tangrowth|32/100 tox
|
|t:|1663670316
|switch|p1a: Mimive|Weavile, F|100/100|[from]move: Volt Switch
|-ability|p1a: Mimive|Pressure
|move|p2a: Tangrowth|Giga Drain|p1a: Mimive
|-damage|p1a: Mimive|65/100
|-heal|p2a: Tangrowth|45/100 tox|[from] drain|[of] p1a: Mimive
|
|-damage|p2a: Tangrowth|38/100 tox|[from] psn
|-fieldend|move: Electric Terrain
|upkeep
|turn|22
|
|t:|1663670327
|move|p1a: Mimive|Knock Off|p2a: Tangrowth
|-damage|p2a: Tangrowth|12/100 tox
|-damage|p1a: Mimive|49/100|[from] item: Rocky Helmet|[of] p2a: Tangrowth
|-enditem|p2a: Tangrowth|Rocky Helmet|[from] move: Knock Off|[of] p1a: Mimive
|move|p2a: Tangrowth|Focus Blast|p1a: Mimive|[miss]
|-miss|p2a: Tangrowth|p1a: Mimive
|
|-damage|p2a: Tangrowth|0 fnt|[from] psn
|faint|p2a: Tangrowth
|upkeep
|
|t:|1663670327
|switch|p2a: Heatran|Heatran, M|96/100
|-damage|p2a: Heatran|80/100|[from] Spikes
|turn|23
|
|t:|1663670338
|move|p1a: Mimive|Knock Off|p2a: Heatran
|-damage|p2a: Heatran|49/100
|move|p2a: Heatran|Magma Storm|p1a: Mimive
|-supereffective|p1a: Mimive
|-damage|p1a: Mimive|0 fnt
|faint|p1a: Mimive
|
|upkeep
|
|t:|1663670343
|switch|p1a: Kokoriko|Tapu Koko|48/100
|-fieldstart|move: Electric Terrain|[from] ability: Electric Surge|[of] p1a: Kokoriko
|turn|24
|
|t:|1663670344
|switch|p2a: Melmetal|Melmetal|100/100
|-damage|p2a: Melmetal|84/100|[from] Spikes
|move|p1a: Kokoriko|Thunderbolt|p2a: Melmetal
|-damage|p2a: Melmetal|56/100
|
|upkeep
|turn|25
|
|t:|1663670350
|move|p1a: Kokoriko|Thunderbolt|p2a: Melmetal
|-damage|p2a: Melmetal|31/100
|move|p2a: Melmetal|Thunder Punch|p1a: Kokoriko
|-resisted|p1a: Kokoriko
|-damage|p1a: Kokoriko|17/100
|
|upkeep
|turn|26
|
|t:|1663670352
|move|p1a: Kokoriko|Thunderbolt|p2a: Melmetal
|-damage|p2a: Melmetal|5/100
|move|p2a: Melmetal|Thunder Punch|p1a: Kokoriko
|-resisted|p1a: Kokoriko
|-damage|p1a: Kokoriko|0 fnt
|faint|p1a: Kokoriko
|
|upkeep
|
|t:|1663670356
|switch|p1a: Azula|Victini|100/100
|turn|27
|
|t:|1663670358
|move|p1a: Azula|Bolt Strike|p2a: Melmetal
|-damage|p2a: Melmetal|0 fnt
|faint|p2a: Melmetal
|
|upkeep
|
|t:|1663670358
|switch|p2a: Heatran|Heatran, M|49/100
|-damage|p2a: Heatran|32/100|[from] Spikes
|turn|28
|
|t:|1663670360
|move|p1a: Azula|Bolt Strike|p2a: Heatran
|-damage|p2a: Heatran|0 fnt
|faint|p2a: Heatran
|
|win|Candice
|raw|Candice's rating: 1588 &rarr; <strong>1603</strong><br />(+15 for winning)
|raw|minimax_ai's rating: 1501 &rarr; <strong>1486</strong><br />(-15 for losing)
|c|☆minimax_ai|gg
