|j|☆AmazingJambon
|j|☆AlphaTherai
|t:|1667720190
|gametype|singles
|player|p1|AmazingJambon|marley|1551
|player|p2|AlphaTherai|waitress-gen4|1625
|teamsize|p1|6
|teamsize|p2|6
|gen|8
|tier|[Gen 8] OU
|rated|
|rule|Sleep Clause Mod: Limit one foe put to sleep
|rule|Species Clause: Limit one of each Pokémon
|rule|OHKO Clause: OHKO moves are banned
|rule|Evasion Items Clause: Evasion items are banned
|rule|Evasion Moves Clause: Evasion moves are banned
|rule|Endless Battle Clause: Forcing endless battles is banned
|rule|HP Percentage Mod: HP is shown in percentages
|rule|Dynamax Clause: You cannot dynamax
|clearpoke
|poke|p1|Heatran, M|
|poke|p1|Blissey, F|
|poke|p1|Dragapult, F|
|poke|p1|Ferrothorn, F|
|poke|p1|Zapdos|
|poke|p1|Buzzwole|
|poke|p2|Kartana|
|poke|p2|Ferrothorn, F|
|poke|p2|Toxapex, M|
|poke|p2|Mandibuzz, F|
|poke|p2|Garchomp, F|
|poke|p2|Dragapult, M|
|teampreview
|inactive|Battle timer is ON: inactive players will automatically lose when time's up. (requested by AlphaTherai)
|j| Le Herbo
|
|t:|1667720229
|start
|switch|p1a: Zapdos|Zapdos|100/100
|switch|p2a: Kartana|Kartana|100/100
|turn|1
|j| Kwaga
|
|t:|1667720243
|switch|p2a: Garchomp|Garchomp, F|100/100
|move|p1a: Zapdos|Heat Wave|p2a: Garchomp
|-resisted|p2a: Garchomp
|-damage|p2a: Garchomp|91/100
|
|-heal|p2a: Garchomp|97/100|[from] item: Leftovers
|upkeep
|turn|2
|
|t:|1667720251
|move|p2a: Garchomp|Toxic|p1a: Zapdos
|-status|p1a: Zapdos|tox
|move|p1a: Zapdos|Toxic|p2a: Garchomp
|-status|p2a: Garchomp|tox
|
|-heal|p2a: Garchomp|100/100 tox|[from] item: Leftovers
|-damage|p1a: Zapdos|94/100 tox|[from] psn
|-damage|p2a: Garchomp|94/100 tox|[from] psn
|upkeep
|turn|3
|
|t:|1667720262
|switch|p1a: Heatran|Heatran, M|100/100
|-item|p1a: Heatran|Air Balloon
|move|p2a: Garchomp|Stealth Rock|p1a: Heatran
|-sidestart|p1: AmazingJambon|move: Stealth Rock
|
|-heal|p2a: Garchomp|100/100 tox|[from] item: Leftovers
|-damage|p2a: Garchomp|88/100 tox|[from] psn
|upkeep
|turn|4
|
|t:|1667720273
|move|p1a: Heatran|Stealth Rock|p2a: Garchomp
|-sidestart|p2: AlphaTherai|move: Stealth Rock
|move|p2a: Garchomp|Dragon Tail|p1a: Heatran
|-resisted|p1a: Heatran
|-damage|p1a: Heatran|88/100
|-enditem|p1a: Heatran|Air Balloon
|drag|p1a: Zapdos|Zapdos|94/100 tox
|
|-heal|p2a: Garchomp|94/100 tox|[from] item: Leftovers
|-damage|p2a: Garchomp|76/100 tox|[from] psn
|-damage|p1a: Zapdos|88/100 tox|[from] psn
|upkeep
|turn|5
|
|t:|1667720285
|switch|p2a: Dragapult|Dragapult, M|100/100
|-damage|p2a: Dragapult|88/100|[from] Stealth Rock
|switch|p1a: Ferrothorn|Ferrothorn, F|100/100
|-damage|p1a: Ferrothorn|94/100|[from] Stealth Rock
|
|-heal|p2a: Dragapult|94/100|[from] item: Leftovers
|-heal|p1a: Ferrothorn|100/100|[from] item: Leftovers
|upkeep
|turn|6
|l| Le Herbo
|
|t:|1667720295
|switch|p1a: Blissey|Blissey, F|100/100
|move|p2a: Dragapult|Fire Blast|p1a: Blissey
|-damage|p1a: Blissey|91/100
|
|-heal|p2a: Dragapult|99/100|[from] item: Leftovers
|upkeep
|turn|7
|
|t:|1667720306
|move|p2a: Dragapult|Dragon Dance|p2a: Dragapult
|-boost|p2a: Dragapult|atk|1
|-boost|p2a: Dragapult|spe|1
|move|p1a: Blissey|Thunder Wave|p2a: Dragapult
|-status|p2a: Dragapult|par
|
|-heal|p2a: Dragapult|100/100 par|[from] item: Leftovers
|upkeep
|turn|8
|l| Kwaga
|
|t:|1667720322
|move|p2a: Dragapult|Dragon Darts|p1a: Blissey
|-damage|p1a: Blissey|60/100
|-anim|p2a: Dragapult|Dragon Darts|p1a: Blissey
|-damage|p1a: Blissey|29/100
|move|p1a: Blissey|Teleport|p1a: Blissey
|
|t:|1667720330
|switch|p1a: Dragapult|Dragapult, F|100/100|[from]move: Teleport
|-damage|p1a: Dragapult|88/100|[from] Stealth Rock
|
|upkeep
|turn|9
|
|t:|1667720335
|switch|p2a: Toxapex|Toxapex, M|100/100
|-damage|p2a: Toxapex|88/100|[from] Stealth Rock
|move|p1a: Dragapult|Shadow Ball|p2a: Toxapex
|-damage|p2a: Toxapex|56/100
|-unboost|p2a: Toxapex|spd|1
|-enditem|p2a: Toxapex|Eject Button
|
|t:|1667720339
|switch|p2a: Mandibuzz|Mandibuzz, F|100/100
|
|upkeep
|turn|10
|
|t:|1667720350
|switch|p1a: Zapdos|Zapdos|88/100 tox
|move|p2a: Mandibuzz|U-turn|p1a: Zapdos
|-resisted|p1a: Zapdos
|-damage|p1a: Zapdos|84/100 tox
|-status|p2a: Mandibuzz|par|[from] ability: Static|[of] p1a: Zapdos
|
|t:|1667720358
|switch|p2a: Ferrothorn|Ferrothorn, F|100/100|[from]move: U-turn
|-damage|p2a: Ferrothorn|94/100|[from] Stealth Rock
|
|-heal|p2a: Ferrothorn|100/100|[from] item: Leftovers
|-damage|p1a: Zapdos|78/100 tox|[from] psn
|upkeep
|turn|11
|
|t:|1667720375
|switch|p1a: Buzzwole|Buzzwole|100/100
|-damage|p1a: Buzzwole|88/100|[from] Stealth Rock
|move|p2a: Ferrothorn|Knock Off|p1a: Buzzwole
|-resisted|p1a: Buzzwole
|-damage|p1a: Buzzwole|80/100
|-enditem|p1a: Buzzwole|Choice Band|[from] move: Knock Off|[of] p2a: Ferrothorn
|
|upkeep
|turn|12
|
|t:|1667720384
|switch|p2a: Dragapult|Dragapult, M|100/100 par
|-damage|p2a: Dragapult|88/100 par|[from] Stealth Rock
|move|p1a: Buzzwole|Close Combat|p2a: Dragapult
|-immune|p2a: Dragapult
|
|-heal|p2a: Dragapult|94/100 par|[from] item: Leftovers
|upkeep
|turn|13
|j| Pa7riCK
|l| Pa7riCK
|
|t:|1667720395
|move|p1a: Buzzwole|Ice Punch|p2a: Dragapult
|-supereffective|p2a: Dragapult
|-damage|p2a: Dragapult|9/100 par
|move|p2a: Dragapult|Fire Blast|p1a: Buzzwole|[miss]
|-miss|p2a: Dragapult|p1a: Buzzwole
|
|-heal|p2a: Dragapult|15/100 par|[from] item: Leftovers
|upkeep
|turn|14
|
|t:|1667720404
|move|p1a: Buzzwole|Thunder Punch|p2a: Dragapult
|-resisted|p2a: Dragapult
|-damage|p2a: Dragapult|0 fnt
|faint|p2a: Dragapult
|-ability|p1a: Buzzwole|Beast Boost|boost
|-boost|p1a: Buzzwole|atk|1
|
|upkeep
|
|t:|1667720405
|switch|p2a: Kartana|Kartana|100/100
|-damage|p2a: Kartana|94/100|[from] Stealth Rock
|turn|15
|
|t:|1667720414
|move|p2a: Kartana|Aerial Ace|p1a: Buzzwole
|-supereffective|p1a: Buzzwole
|-damage|p1a: Buzzwole|0 fnt
|faint|p1a: Buzzwole
|-ability|p2a: Kartana|Beast Boost|boost
|-boost|p2a: Kartana|atk|1
|
|upkeep
|
|t:|1667720420
|switch|p1a: Heatran|Heatran, M|88/100
|-damage|p1a: Heatran|76/100|[from] Stealth Rock
|turn|16
|
|t:|1667720428
|switch|p2a: Garchomp|Garchomp, F|76/100 tox
|-damage|p2a: Garchomp|70/100 tox|[from] Stealth Rock
|move|p1a: Heatran|Magma Storm|p2a: Garchomp
|-resisted|p2a: Garchomp
|-damage|p2a: Garchomp|52/100 tox
|-activate|p2a: Garchomp|move: Magma Storm|[of] p1a: Heatran
|
|-heal|p2a: Garchomp|58/100 tox|[from] item: Leftovers
|-damage|p2a: Garchomp|52/100 tox|[from] psn
|-damage|p2a: Garchomp|40/100 tox|[from] move: Magma Storm|[partiallytrapped]
|upkeep
|turn|17
|
|t:|1667720444
|switch|p1a: Ferrothorn|Ferrothorn, F|100/100
|-damage|p1a: Ferrothorn|94/100|[from] Stealth Rock
|move|p2a: Garchomp|Earthquake|p1a: Ferrothorn
|-damage|p1a: Ferrothorn|69/100
|
|-heal|p2a: Garchomp|46/100 tox|[from] item: Leftovers
|-heal|p1a: Ferrothorn|75/100|[from] item: Leftovers
|-damage|p2a: Garchomp|34/100 tox|[from] psn
|-end|p2a: Garchomp|Magma Storm|[partiallytrapped]|[silent]
|upkeep
|turn|18
|
|t:|1667720459
|switch|p2a: Ferrothorn|Ferrothorn, F|100/100
|-damage|p2a: Ferrothorn|94/100|[from] Stealth Rock
|switch|p1a: Zapdos|Zapdos|78/100 tox
|
|-heal|p2a: Ferrothorn|100/100|[from] item: Leftovers
|-damage|p1a: Zapdos|72/100 tox|[from] psn
|upkeep
|turn|19
|
|t:|1667720483
|move|p1a: Zapdos|Heat Wave|p2a: Ferrothorn|[miss]
|-miss|p1a: Zapdos|p2a: Ferrothorn
|move|p2a: Ferrothorn|Knock Off|p1a: Zapdos
|-damage|p1a: Zapdos|58/100 tox
|-status|p2a: Ferrothorn|par|[from] ability: Static|[of] p1a: Zapdos
|-enditem|p1a: Zapdos|Heavy-Duty Boots|[from] move: Knock Off|[of] p2a: Ferrothorn
|
|-damage|p1a: Zapdos|46/100 tox|[from] psn
|upkeep
|turn|20
|
|t:|1667720495
|move|p1a: Zapdos|Roost|p1a: Zapdos
|-heal|p1a: Zapdos|96/100 tox
|-singleturn|p1a: Zapdos|move: Roost
|move|p2a: Ferrothorn|Leech Seed|p1a: Zapdos
|-start|p1a: Zapdos|move: Leech Seed
|
|-damage|p1a: Zapdos|84/100 tox|[from] Leech Seed|[of] p2a: Ferrothorn
|-damage|p1a: Zapdos|66/100 tox|[from] psn
|upkeep
|turn|21
|
|t:|1667720516
|switch|p1a: Heatran|Heatran, M|76/100
|-damage|p1a: Heatran|64/100|[from] Stealth Rock
|switch|p2a: Toxapex|Toxapex, M|89/100
|-damage|p2a: Toxapex|77/100|[from] Stealth Rock
|
|upkeep
|turn|22
|
|t:|1667720523
|move|p1a: Heatran|Magma Storm|p2a: Toxapex
|-resisted|p2a: Toxapex
|-damage|p2a: Toxapex|60/100
|-activate|p2a: Toxapex|move: Magma Storm|[of] p1a: Heatran
|move|p2a: Toxapex|Scald|p1a: Heatran
|-supereffective|p1a: Heatran
|-damage|p1a: Heatran|30/100
|
|-damage|p2a: Toxapex|48/100|[from] move: Magma Storm|[partiallytrapped]
|upkeep
|turn|23
|j| Pa7riCK
|l| Pa7riCK
|
|t:|1667720536
|move|p1a: Heatran|Earth Power|p2a: Toxapex
|-supereffective|p2a: Toxapex
|-damage|p2a: Toxapex|5/100
|move|p2a: Toxapex|Scald|p1a: Heatran
|-supereffective|p1a: Heatran
|-damage|p1a: Heatran|0 fnt
|faint|p1a: Heatran
|
|-end|p2a: Toxapex|Magma Storm|[partiallytrapped]|[silent]
|upkeep
|
|t:|1667720547
|switch|p1a: Ferrothorn|Ferrothorn, F|75/100
|-damage|p1a: Ferrothorn|69/100|[from] Stealth Rock
|turn|24
|
|t:|1667720565
|switch|p2a: Ferrothorn|Ferrothorn, F|100/100 par
|-damage|p2a: Ferrothorn|94/100 par|[from] Stealth Rock
|move|p1a: Ferrothorn|Spikes|p2a: Ferrothorn
|-sidestart|p2: AlphaTherai|Spikes
|
|-heal|p1a: Ferrothorn|75/100|[from] item: Leftovers
|-heal|p2a: Ferrothorn|100/100 par|[from] item: Leftovers
|upkeep
|turn|25
|inactive|AmazingJambon has 120 seconds left.
|
|t:|1667720589
|move|p1a: Ferrothorn|Knock Off|p2a: Ferrothorn
|-damage|p2a: Ferrothorn|87/100 par
|-damage|p1a: Ferrothorn|63/100|[from] ability: Iron Barbs|[of] p2a: Ferrothorn
|-enditem|p2a: Ferrothorn|Leftovers|[from] move: Knock Off|[of] p1a: Ferrothorn
|move|p2a: Ferrothorn|Knock Off|p1a: Ferrothorn
|-damage|p1a: Ferrothorn|51/100
|-damage|p2a: Ferrothorn|75/100 par|[from] ability: Iron Barbs|[of] p1a: Ferrothorn
|-enditem|p1a: Ferrothorn|Leftovers|[from] move: Knock Off|[of] p2a: Ferrothorn
|
|upkeep
|turn|26
|inactive|AmazingJambon has 120 seconds left.
|
|t:|1667720604
|switch|p2a: Kartana|Kartana|94/100
|-damage|p2a: Kartana|88/100|[from] Stealth Rock
|-damage|p2a: Kartana|76/100|[from] Spikes
|move|p1a: Ferrothorn|Spikes|p2a: Kartana
|-sidestart|p2: AlphaTherai|Spikes
|
|upkeep
|turn|27
|inactive|AmazingJambon has 120 seconds left.
|
|t:|1667720614
|switch|p1a: Zapdos|Zapdos|66/100 tox
|-damage|p1a: Zapdos|41/100 tox|[from] Stealth Rock
|move|p2a: Kartana|Sacred Sword|p1a: Zapdos
|-resisted|p1a: Zapdos
|-damage|p1a: Zapdos|17/100 tox
|
|-damage|p1a: Zapdos|11/100 tox|[from] psn
|upkeep
|turn|28
|
|t:|1667720622
|switch|p1a: Dragapult|Dragapult, F|88/100
|-damage|p1a: Dragapult|76/100|[from] Stealth Rock
|move|p2a: Kartana|Sacred Sword|p1a: Dragapult
|-immune|p1a: Dragapult
|
|upkeep
|turn|29
|
|t:|1667720635
|switch|p2a: Garchomp|Garchomp, F|34/100 tox
|-damage|p2a: Garchomp|27/100 tox|[from] Stealth Rock
|-damage|p2a: Garchomp|11/100 tox|[from] Spikes
|move|p1a: Dragapult|U-turn|p2a: Garchomp
|-damage|p2a: Garchomp|0 fnt
|-damage|p1a: Dragapult|64/100|[from] ability: Rough Skin|[of] p2a: Garchomp
|faint|p2a: Garchomp
|inactive|AmazingJambon has 120 seconds left.
|
|t:|1667720647
|switch|p1a: Zapdos|Zapdos|11/100 tox|[from]move: U-turn
|-damage|p1a: Zapdos|0 fnt|[from] Stealth Rock
|faint|p1a: Zapdos
|
|upkeep
|
|t:|1667720655
|switch|p2a: Mandibuzz|Mandibuzz, F|100/100 par
|switch|p1a: Ferrothorn|Ferrothorn, F|51/100
|-damage|p1a: Ferrothorn|45/100|[from] Stealth Rock
|turn|30
|
|t:|1667720661
|move|p2a: Mandibuzz|Defog|p1a: Ferrothorn
|-unboost|p1a: Ferrothorn|evasion|1
|-sideend|p1: AmazingJambon|Stealth Rock|[from] move: Defog|[of] p2a: Mandibuzz
|-sideend|p2: AlphaTherai|Spikes|[from] move: Defog|[of] p2a: Mandibuzz
|-sideend|p2: AlphaTherai|Stealth Rock|[from] move: Defog|[of] p2a: Mandibuzz
|move|p1a: Ferrothorn|Leech Seed|p2a: Mandibuzz
|-start|p2a: Mandibuzz|move: Leech Seed
|
|-damage|p2a: Mandibuzz|88/100 par|[from] Leech Seed|[of] p1a: Ferrothorn
|-heal|p1a: Ferrothorn|60/100|[silent]
|upkeep
|turn|31
|
|t:|1667720671
|switch|p2a: Kartana|Kartana|76/100
|move|p1a: Ferrothorn|Spikes|p2a: Kartana
|-sidestart|p2: AlphaTherai|Spikes
|
|upkeep
|turn|32
|
|t:|1667720678
|move|p2a: Kartana|Knock Off|p1a: Ferrothorn
|-damage|p1a: Ferrothorn|35/100
|-damage|p2a: Kartana|63/100|[from] ability: Iron Barbs|[of] p1a: Ferrothorn
|move|p1a: Ferrothorn|Knock Off|p2a: Kartana
|-damage|p2a: Kartana|42/100
|-enditem|p2a: Kartana|Choice Band|[from] move: Knock Off|[of] p1a: Ferrothorn
|
|upkeep
|turn|33
|
|t:|1667720687
|switch|p1a: Dragapult|Dragapult, F|64/100
|move|p2a: Kartana|Knock Off|p1a: Dragapult
|-supereffective|p1a: Dragapult
|-damage|p1a: Dragapult|0 fnt
|-enditem|p1a: Dragapult|Choice Specs|[from] move: Knock Off|[of] p2a: Kartana
|faint|p1a: Dragapult
|-ability|p2a: Kartana|Beast Boost|boost
|-boost|p2a: Kartana|atk|1
|
|upkeep
|-message|AmazingJambon forfeited.
|
|win|AlphaTherai
|raw|AmazingJambon's rating: 1551 &rarr; <strong>1535</strong><br />(-16 for losing)
|raw|AlphaTherai's rating: 1625 &rarr; <strong>1641</strong><br />(+16 for winning)
