|j|☆Can't Comprehend
|j|☆8balljacketguy
|t:|1626504736
|gametype|singles
|player|p1|Can't Comprehend|acetrainer-gen4dp|1381
|player|p2|8balljacketguy|red|1448
|teamsize|p1|6
|teamsize|p2|6
|gen|8
|tier|[Gen 8] OU
|rated|
|rule|Sleep Clause Mod: Limit one foe put to sleep
|rule|Species Clause: Limit one of each Pokémon
|rule|OHKO Clause: OHKO moves are banned
|rule|Evasion Moves Clause: Evasion moves are banned
|rule|Endless Battle Clause: Forcing endless battles is banned
|rule|HP Percentage Mod: HP is shown in percentages
|rule|Dynamax Clause: You cannot dynamax
|clearpoke
|poke|p1|Flapple, M|
|poke|p1|Gengar, M|
|poke|p1|Hatterene, F|
|poke|p1|Rotom-Heat|
|poke|p1|Copperajah, F|
|poke|p1|Politoed, F|
|poke|p2|Volcanion|
|poke|p2|Rillaboom, M|
|poke|p2|Landorus-Therian, M|
|poke|p2|Hawlucha, M|
|poke|p2|Kyurem|
|poke|p2|Tentacruel, M|
|teampreview
|inactive|Battle timer is ON: inactive players will automatically lose when time's up. (requested by Can't Comprehend)
|
|t:|1626504760
|start
|switch|p1a: Politoed|Politoed, F|100/100
|switch|p2a: Tentacruel|Tentacruel, M|100/100
|-weather|RainDance|[from] ability: Drizzle|[of] p1a: Politoed
|turn|1
|
|t:|1626504767
|switch|p2a: Volcanion|Volcanion|100/100
|move|p1a: Politoed|Earth Power|p2a: Volcanion
|-supereffective|p2a: Volcanion
|-damage|p2a: Volcanion|50/100
|
|-weather|RainDance|[upkeep]
|-heal|p2a: Volcanion|57/100|[from] item: Leftovers
|upkeep
|turn|2
|
|t:|1626504774
|switch|p2a: Rillaboom|Rillaboom, M|100/100
|-fieldstart|move: Grassy Terrain|[from] ability: Grassy Surge|[of] p2a: Rillaboom
|move|p1a: Politoed|Earth Power|p2a: Rillaboom
|-resisted|p2a: Rillaboom
|-damage|p2a: Rillaboom|83/100
|
|-weather|RainDance|[upkeep]
|-heal|p2a: Rillaboom|90/100|[from] Grassy Terrain
|upkeep
|turn|3
|
|t:|1626504783
|switch|p1a: Rotom|Rotom-Heat|100/100
|move|p2a: Rillaboom|Knock Off|p1a: Rotom
|-damage|p1a: Rotom|64/100
|-enditem|p1a: Rotom|Heavy-Duty Boots|[from] move: Knock Off|[of] p2a: Rillaboom
|
|-weather|RainDance|[upkeep]
|-heal|p2a: Rillaboom|96/100|[from] Grassy Terrain
|upkeep
|turn|4
|
|t:|1626504792
|switch|p2a: Volcanion|Volcanion|57/100
|move|p1a: Rotom|Toxic|p2a: Volcanion
|-status|p2a: Volcanion|tox
|
|-weather|RainDance|[upkeep]
|-heal|p2a: Volcanion|63/100 tox|[from] Grassy Terrain
|-heal|p2a: Volcanion|69/100 tox|[from] item: Leftovers
|-damage|p2a: Volcanion|63/100 tox|[from] psn
|upkeep
|turn|5
|
|t:|1626504801
|switch|p1a: Flapple|Flapple, M|100/100
|move|p2a: Volcanion|Steam Eruption|p1a: Flapple
|-resisted|p1a: Flapple
|-damage|p1a: Flapple|61/100
|-status|p1a: Flapple|brn
|
|-weather|none
|-heal|p1a: Flapple|67/100 brn|[from] Grassy Terrain
|-heal|p2a: Volcanion|69/100 tox|[from] Grassy Terrain
|-heal|p2a: Volcanion|75/100 tox|[from] item: Leftovers
|-damage|p2a: Volcanion|63/100 tox|[from] psn
|-damage|p1a: Flapple|61/100 brn|[from] brn
|upkeep
|turn|6
|
|t:|1626504809
|move|p1a: Flapple|Grav Apple|p2a: Volcanion
|-damage|p2a: Volcanion|15/100 tox
|-unboost|p2a: Volcanion|def|1
|move|p2a: Volcanion|Flamethrower|p1a: Flapple
|-damage|p1a: Flapple|0 fnt
|faint|p1a: Flapple
|
|-heal|p2a: Volcanion|21/100 tox|[from] Grassy Terrain
|-heal|p2a: Volcanion|27/100 tox|[from] item: Leftovers
|-damage|p2a: Volcanion|9/100 tox|[from] psn
|-fieldend|move: Grassy Terrain
|upkeep
|
|t:|1626504817
|switch|p1a: Gengar|Gengar, M|100/100
|turn|7
|
|t:|1626504822
|move|p1a: Gengar|Shadow Ball|p2a: Volcanion
|-damage|p2a: Volcanion|0 fnt
|faint|p2a: Volcanion
|
|upkeep
|
|t:|1626504830
|switch|p2a: Landorus|Landorus-Therian, M|100/100
|-ability|p2a: Landorus|Intimidate|boost
|-unboost|p1a: Gengar|atk|1
|turn|8
|
|t:|1626504835
|switch|p1a: Rotom|Rotom-Heat|64/100
|move|p2a: Landorus|Stealth Rock|p1a: Rotom
|-sidestart|p1: Can't Comprehend|move: Stealth Rock
|
|upkeep
|turn|9
|
|t:|1626504844
|move|p2a: Landorus|Toxic|p1a: Rotom|[miss]
|-miss|p2a: Landorus|p1a: Rotom
|move|p1a: Rotom|Toxic|p2a: Landorus
|-status|p2a: Landorus|tox
|
|-damage|p2a: Landorus|94/100 tox|[from] psn
|upkeep
|turn|10
|
|t:|1626504847
|move|p2a: Landorus|Toxic|p1a: Rotom
|-status|p1a: Rotom|tox
|move|p1a: Rotom|Defog|p2a: Landorus
|-unboost|p2a: Landorus|evasion|1
|-sideend|p1: Can't Comprehend|Stealth Rock|[from] move: Defog|[of] p1a: Rotom
|
|-heal|p2a: Landorus|100/100 tox|[from] item: Leftovers
|-damage|p2a: Landorus|88/100 tox|[from] psn
|-damage|p1a: Rotom|58/100 tox|[from] psn
|upkeep
|turn|11
|
|t:|1626504849
|move|p2a: Landorus|Stealth Rock|p1a: Rotom
|-sidestart|p1: Can't Comprehend|move: Stealth Rock
|move|p1a: Rotom|Defog|p2a: Landorus
|-unboost|p2a: Landorus|evasion|1
|-sideend|p1: Can't Comprehend|Stealth Rock|[from] move: Defog|[of] p1a: Rotom
|
|-heal|p2a: Landorus|94/100 tox|[from] item: Leftovers
|-damage|p2a: Landorus|76/100 tox|[from] psn
|-damage|p1a: Rotom|46/100 tox|[from] psn
|upkeep
|turn|12
|
|t:|1626504852
|move|p2a: Landorus|Stealth Rock|p1a: Rotom
|-sidestart|p1: Can't Comprehend|move: Stealth Rock
|move|p1a: Rotom|Pain Split|p2a: Landorus
|-sethp|p2a: Landorus|57/100 tox|[from] move: Pain Split|[silent]
|-sethp|p1a: Rotom|71/100 tox|[from] move: Pain Split
|
|-heal|p2a: Landorus|63/100 tox|[from] item: Leftovers
|-damage|p2a: Landorus|38/100 tox|[from] psn
|-damage|p1a: Rotom|53/100 tox|[from] psn
|upkeep
|turn|13
|
|t:|1626504861
|move|p2a: Landorus|Stealth Rock||[still]
|-fail|p2a: Landorus
|move|p1a: Rotom|Defog|p2a: Landorus
|-unboost|p2a: Landorus|evasion|1
|-sideend|p1: Can't Comprehend|Stealth Rock|[from] move: Defog|[of] p1a: Rotom
|
|-heal|p2a: Landorus|44/100 tox|[from] item: Leftovers
|-damage|p2a: Landorus|14/100 tox|[from] psn
|-damage|p1a: Rotom|30/100 tox|[from] psn
|upkeep
|turn|14
|
|t:|1626504864
|move|p2a: Landorus|Stealth Rock|p1a: Rotom
|-sidestart|p1: Can't Comprehend|move: Stealth Rock
|move|p1a: Rotom|Defog|p2a: Landorus
|-unboost|p2a: Landorus|evasion|1
|-sideend|p1: Can't Comprehend|Stealth Rock|[from] move: Defog|[of] p1a: Rotom
|
|-heal|p2a: Landorus|20/100 tox|[from] item: Leftovers
|-damage|p2a: Landorus|0 fnt|[from] psn
|faint|p2a: Landorus
|-damage|p1a: Rotom|0 fnt|[from] psn
|faint|p1a: Rotom
|upkeep
|
|t:|1626504877
|switch|p2a: Rillaboom|Rillaboom, M|96/100
|switch|p1a: Gengar|Gengar, M|100/100
|-fieldstart|move: Grassy Terrain|[from] ability: Grassy Surge|[of] p2a: Rillaboom
|turn|15
|
|t:|1626504882
|switch|p2a: Tentacruel|Tentacruel, M|100/100
|move|p1a: Gengar|Sludge Wave|p2a: Tentacruel
|-resisted|p2a: Tentacruel
|-damage|p2a: Tentacruel|80/100
|
|-heal|p2a: Tentacruel|86/100|[from] Grassy Terrain
|-heal|p2a: Tentacruel|92/100|[from] item: Black Sludge
|upkeep
|turn|16
|
|t:|1626504886
|move|p1a: Gengar|Nasty Plot|p1a: Gengar
|-boost|p1a: Gengar|spa|2
|move|p2a: Tentacruel|Scald|p1a: Gengar
|-damage|p1a: Gengar|48/100
|-status|p1a: Gengar|brn
|-start|p2a: Tentacruel|Disable|Scald|[from] ability: Cursed Body|[of] p1a: Gengar
|
|-heal|p1a: Gengar|55/100 brn|[from] Grassy Terrain
|-heal|p2a: Tentacruel|98/100|[from] Grassy Terrain
|-heal|p2a: Tentacruel|100/100|[from] item: Black Sludge
|-damage|p1a: Gengar|48/100 brn|[from] brn
|upkeep
|turn|17
|
|t:|1626504889
|move|p1a: Gengar|Shadow Ball|p2a: Tentacruel
|-damage|p2a: Tentacruel|35/100
|move|p2a: Tentacruel|Ice Beam|p1a: Gengar
|-damage|p1a: Gengar|7/100 brn
|
|-heal|p1a: Gengar|13/100 brn|[from] Grassy Terrain
|-heal|p2a: Tentacruel|41/100|[from] Grassy Terrain
|-heal|p2a: Tentacruel|47/100|[from] item: Black Sludge
|-damage|p1a: Gengar|7/100 brn|[from] brn
|upkeep
|turn|18
|
|t:|1626504900
|move|p2a: Tentacruel|Protect|p2a: Tentacruel
|-singleturn|p2a: Tentacruel|Protect
|move|p1a: Gengar|Shadow Ball|p2a: Tentacruel
|-activate|p2a: Tentacruel|move: Protect
|
|-heal|p1a: Gengar|13/100 brn|[from] Grassy Terrain
|-heal|p2a: Tentacruel|53/100|[from] Grassy Terrain
|-heal|p2a: Tentacruel|59/100|[from] item: Black Sludge
|-damage|p1a: Gengar|7/100 brn|[from] brn
|upkeep
|turn|19
|
|t:|1626504903
|move|p1a: Gengar|Shadow Ball|p2a: Tentacruel
|-damage|p2a: Tentacruel|0 fnt
|faint|p2a: Tentacruel
|
|-heal|p1a: Gengar|13/100 brn|[from] Grassy Terrain
|-damage|p1a: Gengar|7/100 brn|[from] brn
|-fieldend|move: Grassy Terrain
|upkeep
|
|t:|1626504906
|switch|p2a: Rillaboom|Rillaboom, M|96/100
|-fieldstart|move: Grassy Terrain|[from] ability: Grassy Surge|[of] p2a: Rillaboom
|turn|20
|
|t:|1626504918
|move|p2a: Rillaboom|Grassy Glide|p1a: Gengar
|-resisted|p1a: Gengar
|-damage|p1a: Gengar|0 fnt
|-start|p2a: Rillaboom|Disable|Grassy Glide|[from] ability: Cursed Body|[of] p1a: Gengar
|faint|p1a: Gengar
|
|-heal|p2a: Rillaboom|100/100|[from] Grassy Terrain
|upkeep
|
|t:|1626504927
|switch|p1a: Hatterene|Hatterene, F|100/100
|turn|21
|
|t:|1626504933
|switch|p2a: Kyurem|Kyurem|100/100
|-ability|p2a: Kyurem|Pressure
|move|p1a: Hatterene|Trick Room|p1a: Hatterene
|-fieldstart|move: Trick Room|[of] p1a: Hatterene
|
|upkeep
|turn|22
|
|t:|1626504941
|switch|p2a: Rillaboom|Rillaboom, M|100/100
|move|p1a: Hatterene|Dazzling Gleam|p2a: Rillaboom
|-damage|p2a: Rillaboom|32/100
|
|-heal|p2a: Rillaboom|38/100|[from] Grassy Terrain
|upkeep
|turn|23
|
|t:|1626504944
|move|p2a: Rillaboom|Grassy Glide|p1a: Hatterene
|-damage|p1a: Hatterene|18/100
|move|p1a: Hatterene|Dazzling Gleam|p2a: Rillaboom
|-damage|p2a: Rillaboom|0 fnt
|faint|p2a: Rillaboom
|
|-heal|p1a: Hatterene|24/100|[from] Grassy Terrain
|upkeep
|
|t:|1626504952
|switch|p2a: Kyurem|Kyurem|100/100
|-ability|p2a: Kyurem|Pressure
|turn|24
|
|t:|1626504955
|move|p1a: Hatterene|Dazzling Gleam|p2a: Kyurem
|-supereffective|p2a: Kyurem
|-damage|p2a: Kyurem|0 fnt
|faint|p2a: Kyurem
|
|-heal|p1a: Hatterene|30/100|[from] Grassy Terrain
|-fieldend|move: Grassy Terrain
|upkeep
|
|t:|1626504957
|switch|p2a: Hawlucha|Hawlucha, M|100/100
|turn|25
|
|t:|1626504965
|move|p1a: Hatterene|Dazzling Gleam|p2a: Hawlucha
|-supereffective|p2a: Hawlucha
|-damage|p2a: Hawlucha|0 fnt
|faint|p2a: Hawlucha
|
|win|Can't Comprehend
|raw|Can&apos;t Comprehend's rating: 1381 &rarr; <strong>1405</strong><br />(+24 for winning)
|raw|8balljacketguy's rating: 1448 &rarr; <strong>1424</strong><br />(-24 for losing)
