|raw|<div class="broadcast-blue"><strong>This battle is required to be public due to a player having a name starting with 'lt92pf'.</div>
|j|☆It's Frank
|j|☆LT92PF Theoko
|t:|1660226583
|gametype|singles
|player|p1|It's Frank|266|1816
|player|p2|LT92PF Theoko|juggler|1707
|teamsize|p1|6
|teamsize|p2|6
|gen|8
|tier|[Gen 8] OU
|rated|
|rule|Sleep Clause Mod: Limit one foe put to sleep
|rule|Species Clause: Limit one of each Pokémon
|rule|OHKO Clause: OHKO moves are banned
|rule|Evasion Items Clause: Evasion items are banned
|rule|Evasion Moves Clause: Evasion moves are banned
|rule|Endless Battle Clause: Forcing endless battles is banned
|rule|HP Percentage Mod: HP is shown in percentages
|rule|Dynamax Clause: You cannot dynamax
|clearpoke
|poke|p1|Hydreigon, M|
|poke|p1|Blaziken, M|
|poke|p1|Tapu Lele|
|poke|p1|Zeraora|
|poke|p1|Jirachi|
|poke|p1|Starmie|
|poke|p2|Heatran, F|
|poke|p2|Landorus-Therian, M|
|poke|p2|Toxapex, M|
|poke|p2|Blacephalon|
|poke|p2|Corviknight, M|
|poke|p2|Dragapult, F|
|teampreview
|inactive|Battle timer is ON: inactive players will automatically lose when time's up. (requested by LT92PF Theoko)
|j| Felcrowe
|inactive|It's Frank has 120 seconds left.
|
|t:|1660226628
|start
|switch|p1a: Jirachi|Jirachi|100/100
|switch|p2a: Landorus|Landorus-Therian, M|100/100
|-ability|p2a: Landorus|Intimidate|boost
|-unboost|p1a: Jirachi|atk|1
|turn|1
|
|t:|1660226637
|switch|p2a: Heatran|Heatran, F|100/100
|move|p1a: Jirachi|Imprison|p1a: Jirachi
|-start|p1a: Jirachi|move: Imprison
|
|upkeep
|turn|2
|
|t:|1660226644
|move|p1a: Jirachi|Stealth Rock|p2a: Heatran
|-sidestart|p2: LT92PF Theoko|move: Stealth Rock
|move|p2a: Heatran|Magma Storm|p1a: Jirachi
|-supereffective|p1a: Jirachi
|-damage|p1a: Jirachi|24/100
|-activate|p1a: Jirachi|move: Magma Storm|[of] p2a: Heatran
|
|-damage|p1a: Jirachi|12/100|[from] move: Magma Storm|[partiallytrapped]
|upkeep
|turn|3
|
|t:|1660226650
|move|p1a: Jirachi|Thunder Wave|p2a: Heatran
|-status|p2a: Heatran|par
|move|p2a: Heatran|Earth Power|p1a: Jirachi
|-supereffective|p1a: Jirachi
|-damage|p1a: Jirachi|0 fnt
|faint|p1a: Jirachi
|
|upkeep
|
|t:|1660226654
|switch|p1a: Hydreigon|Hydreigon, M|100/100
|turn|4
|
|t:|1660226659
|move|p1a: Hydreigon|Dragon Dance|p1a: Hydreigon
|-boost|p1a: Hydreigon|atk|1
|-boost|p1a: Hydreigon|spe|1
|move|p2a: Heatran|Toxic|p1a: Hydreigon
|-status|p1a: Hydreigon|tox
|
|-damage|p1a: Hydreigon|94/100 tox|[from] psn
|upkeep
|turn|5
|
|t:|1660226664
|switch|p2a: Corviknight|Corviknight, M|100/100
|-damage|p2a: Corviknight|88/100|[from] Stealth Rock
|-ability|p2a: Corviknight|Pressure
|move|p1a: Hydreigon|Dragon Dance|p1a: Hydreigon
|-boost|p1a: Hydreigon|atk|1
|-boost|p1a: Hydreigon|spe|1
|
|-damage|p1a: Hydreigon|82/100 tox|[from] psn
|upkeep
|turn|6
|
|t:|1660226669
|move|p1a: Hydreigon|Thunder Fang|p2a: Corviknight
|-supereffective|p2a: Corviknight
|-damage|p2a: Corviknight|32/100
|-damage|p1a: Hydreigon|65/100 tox|[from] item: Rocky Helmet|[of] p2a: Corviknight
|-damage|p1a: Hydreigon|56/100 tox|[from] item: Life Orb
|move|p2a: Corviknight|Body Press|p1a: Hydreigon
|-supereffective|p1a: Hydreigon
|-damage|p1a: Hydreigon|0 fnt
|faint|p1a: Hydreigon
|
|upkeep
|
|t:|1660226678
|switch|p1a: Starmie|Starmie|100/100
|turn|7
|
|t:|1660226686
|move|p1a: Starmie|Hydro Pump|p2a: Corviknight
|-damage|p2a: Corviknight|0 fnt
|faint|p2a: Corviknight
|
|upkeep
|
|t:|1660226688
|switch|p2a: Dragapult|Dragapult, F|100/100
|-damage|p2a: Dragapult|88/100|[from] Stealth Rock
|turn|8
|
|t:|1660226705
|switch|p1a: Zeraora|Zeraora|100/100
|move|p2a: Dragapult|Shadow Ball|p1a: Zeraora
|-damage|p1a: Zeraora|29/100
|
|-heal|p1a: Zeraora|35/100|[from] item: Leftovers
|upkeep
|turn|9
|
|t:|1660226709
|switch|p2a: Landorus|Landorus-Therian, M|100/100
|-damage|p2a: Landorus|88/100|[from] Stealth Rock
|-ability|p2a: Landorus|Intimidate|boost
|-unboost|p1a: Zeraora|atk|1
|move|p1a: Zeraora|Knock Off|p2a: Landorus
|-damage|p2a: Landorus|73/100
|-enditem|p2a: Landorus|Leftovers|[from] move: Knock Off|[of] p1a: Zeraora
|
|-heal|p1a: Zeraora|41/100|[from] item: Leftovers
|upkeep
|turn|10
|
|t:|1660226714
|move|p1a: Zeraora|Knock Off|p2a: Landorus
|-damage|p2a: Landorus|63/100
|move|p2a: Landorus|U-turn|p1a: Zeraora
|-damage|p1a: Zeraora|11/100
|
|t:|1660226723
|switch|p2a: Toxapex|Toxapex, M|100/100|[from]move: U-turn
|-damage|p2a: Toxapex|88/100|[from] Stealth Rock
|
|-heal|p1a: Zeraora|17/100|[from] item: Leftovers
|upkeep
|turn|11
|
|t:|1660226727
|move|p1a: Zeraora|Plasma Fists|p2a: Toxapex
|-supereffective|p2a: Toxapex
|-crit|p2a: Toxapex
|-damage|p2a: Toxapex|7/100
|-fieldactivate|move: Ion Deluge
|-hint|Normal-type moves become Electric-type after using Plasma Fists.
|-damage|p1a: Zeraora|0 fnt|[from] item: Rocky Helmet|[of] p2a: Toxapex
|faint|p1a: Zeraora
|move|p2a: Toxapex|Recover|p2a: Toxapex
|-heal|p2a: Toxapex|57/100
|
|upkeep
|
|t:|1660226740
|switch|p1a: Starmie|Starmie|100/100
|turn|12
|
|t:|1660226746
|move|p1a: Starmie|Rapid Spin|p2a: Toxapex
|-damage|p2a: Toxapex|52/100
|-boost|p1a: Starmie|spe|1
|-damage|p1a: Starmie|84/100|[from] item: Rocky Helmet|[of] p2a: Toxapex
|move|p2a: Toxapex|Knock Off|p1a: Starmie
|-supereffective|p1a: Starmie
|-damage|p1a: Starmie|34/100
|-enditem|p1a: Starmie|Power Herb|[from] move: Knock Off|[of] p2a: Toxapex
|
|upkeep
|turn|13
|
|t:|1660226767
|move|p1a: Starmie|Psyshock|p2a: Toxapex
|-supereffective|p2a: Toxapex
|-damage|p2a: Toxapex|6/100
|move|p2a: Toxapex|Recover|p2a: Toxapex
|-heal|p2a: Toxapex|56/100
|
|upkeep
|turn|14
|
|t:|1660226776
|move|p1a: Starmie|Meteor Beam||[still]
|-prepare|p1a: Starmie|Meteor Beam
|-boost|p1a: Starmie|spa|1
|move|p2a: Toxapex|Haze|p2a: Toxapex
|-clearallboost
|
|upkeep
|turn|15
|
|t:|1660226783
|move|p1a: Starmie|Meteor Beam|p2a: Toxapex|[from]lockedmove
|-damage|p2a: Toxapex|25/100
|move|p2a: Toxapex|Recover|p2a: Toxapex
|-heal|p2a: Toxapex|75/100
|
|upkeep
|turn|16
|
|t:|1660226796
|move|p1a: Starmie|Psyshock|p2a: Toxapex
|-supereffective|p2a: Toxapex
|-damage|p2a: Toxapex|32/100
|move|p2a: Toxapex|Knock Off|p1a: Starmie
|-supereffective|p1a: Starmie
|-damage|p1a: Starmie|4/100
|
|upkeep
|turn|17
|
|t:|1660226807
|move|p1a: Starmie|Psyshock|p2a: Toxapex
|-supereffective|p2a: Toxapex
|-crit|p2a: Toxapex
|-damage|p2a: Toxapex|0 fnt
|faint|p2a: Toxapex
|
|upkeep
|
|t:|1660226810
|switch|p2a: Dragapult|Dragapult, F|88/100
|-damage|p2a: Dragapult|76/100|[from] Stealth Rock
|turn|18
|
|t:|1660226813
|move|p2a: Dragapult|Shadow Ball|p1a: Starmie
|-supereffective|p1a: Starmie
|-damage|p1a: Starmie|0 fnt
|faint|p1a: Starmie
|
|upkeep
|
|t:|1660226815
|switch|p1a: Tapu Lele|Tapu Lele|100/100
|-fieldstart|move: Psychic Terrain|[from] ability: Psychic Surge|[of] p1a: Tapu Lele
|turn|19
|
|t:|1660226824
|move|p1a: Tapu Lele|Psychic|p2a: Dragapult
|-damage|p2a: Dragapult|0 fnt
|faint|p2a: Dragapult
|
|upkeep
|
|t:|1660226826
|switch|p2a: Heatran|Heatran, F|100/100 par
|-damage|p2a: Heatran|88/100 par|[from] Stealth Rock
|turn|20
|
|t:|1660226831
|move|p1a: Tapu Lele|Psychic|p2a: Heatran
|-resisted|p2a: Heatran
|-damage|p2a: Heatran|66/100 par
|cant|p2a: Heatran|par
|
|-heal|p2a: Heatran|73/100 par|[from] item: Leftovers
|upkeep
|turn|21
|
|t:|1660226834
|move|p1a: Tapu Lele|Psychic|p2a: Heatran
|-resisted|p2a: Heatran
|-damage|p2a: Heatran|53/100 par
|move|p2a: Heatran|Magma Storm|p1a: Tapu Lele|[miss]
|-miss|p2a: Heatran|p1a: Tapu Lele
|
|-heal|p2a: Heatran|59/100 par|[from] item: Leftovers
|upkeep
|turn|22
|
|t:|1660226837
|move|p1a: Tapu Lele|Psychic|p2a: Heatran
|-resisted|p2a: Heatran
|-damage|p2a: Heatran|38/100 par
|move|p2a: Heatran|Magma Storm|p1a: Tapu Lele
|-damage|p1a: Tapu Lele|52/100
|-activate|p1a: Tapu Lele|move: Magma Storm|[of] p2a: Heatran
|
|-heal|p2a: Heatran|45/100 par|[from] item: Leftovers
|-damage|p1a: Tapu Lele|40/100|[from] move: Magma Storm|[partiallytrapped]
|upkeep
|turn|23
|
|t:|1660226840
|move|p1a: Tapu Lele|Psychic|p2a: Heatran
|-resisted|p2a: Heatran
|-damage|p2a: Heatran|25/100 par
|move|p2a: Heatran|Earth Power|p1a: Tapu Lele
|-damage|p1a: Tapu Lele|12/100
|
|-heal|p2a: Heatran|31/100 par|[from] item: Leftovers
|-damage|p1a: Tapu Lele|0 fnt|[from] move: Magma Storm|[partiallytrapped]
|faint|p1a: Tapu Lele
|-fieldend|move: Psychic Terrain
|upkeep
|
|t:|1660226842
|switch|p1a: Blaziken|Blaziken, M|100/100
|-item|p1a: Blaziken|Air Balloon
|turn|24
|
|t:|1660226849
|switch|p2a: Landorus|Landorus-Therian, M|63/100
|-damage|p2a: Landorus|50/100|[from] Stealth Rock
|-ability|p2a: Landorus|Intimidate|boost
|-unboost|p1a: Blaziken|atk|1
|move|p1a: Blaziken|Swords Dance|p1a: Blaziken
|-boost|p1a: Blaziken|atk|2
|
|-ability|p1a: Blaziken|Speed Boost|boost
|-boost|p1a: Blaziken|spe|1
|upkeep
|turn|25
|
|t:|1660226865
|move|p1a: Blaziken|Swords Dance|p1a: Blaziken
|-boost|p1a: Blaziken|atk|2
|move|p2a: Landorus|U-turn|p1a: Blaziken
|-resisted|p1a: Blaziken
|-damage|p1a: Blaziken|92/100
|-enditem|p1a: Blaziken|Air Balloon
|
|t:|1660226873
|switch|p2a: Blacephalon|Blacephalon|100/100|[from]move: U-turn
|-damage|p2a: Blacephalon|76/100|[from] Stealth Rock
|
|-ability|p1a: Blaziken|Speed Boost|boost
|-boost|p1a: Blaziken|spe|1
|upkeep
|turn|26
|
|t:|1660226882
|move|p1a: Blaziken|Flare Blitz|p2a: Blacephalon
|-resisted|p2a: Blacephalon
|-damage|p2a: Blacephalon|0 fnt
|faint|p2a: Blacephalon
|-damage|p1a: Blaziken|72/100|[from] Recoil
|
|-ability|p1a: Blaziken|Speed Boost|boost
|-boost|p1a: Blaziken|spe|1
|upkeep
|
|t:|1660226885
|switch|p2a: Landorus|Landorus-Therian, M|50/100
|-damage|p2a: Landorus|38/100|[from] Stealth Rock
|-ability|p2a: Landorus|Intimidate|boost
|-unboost|p1a: Blaziken|atk|1
|turn|27
|
|t:|1660226890
|switch|p2a: Heatran|Heatran, F|31/100 par
|-damage|p2a: Heatran|18/100 par|[from] Stealth Rock
|move|p1a: Blaziken|Flare Blitz|p2a: Heatran
|-start|p2a: Heatran|ability: Flash Fire
|
|-heal|p2a: Heatran|25/100 par|[from] item: Leftovers
|-ability|p1a: Blaziken|Speed Boost|boost
|-boost|p1a: Blaziken|spe|1
|upkeep
|turn|28
|
|t:|1660226895
|move|p1a: Blaziken|Close Combat|p2a: Heatran
|-supereffective|p2a: Heatran
|-damage|p2a: Heatran|0 fnt
|-unboost|p1a: Blaziken|def|1
|-unboost|p1a: Blaziken|spd|1
|faint|p2a: Heatran
|
|-ability|p1a: Blaziken|Speed Boost|boost
|-boost|p1a: Blaziken|spe|1
|upkeep
|
|t:|1660226898
|switch|p2a: Landorus|Landorus-Therian, M|38/100
|-damage|p2a: Landorus|26/100|[from] Stealth Rock
|-ability|p2a: Landorus|Intimidate|boost
|-unboost|p1a: Blaziken|atk|1
|turn|29
|
|t:|1660226901
|move|p1a: Blaziken|Flare Blitz|p2a: Landorus
|-damage|p2a: Landorus|0 fnt
|faint|p2a: Landorus
|-damage|p1a: Blaziken|61/100|[from] Recoil
|
|win|It's Frank
|raw|It&apos;s Frank's rating: 1816 &rarr; <strong>1830</strong><br />(+14 for winning)
|raw|LT92PF Theoko's rating: 1707 &rarr; <strong>1693</strong><br />(-14 for losing)
|l|☆LT92PF Theoko
