|raw|<div class="broadcast-blue"><strong>This battle is required to be public due to a player having a name prefixed by 'LT71LX'.</div>
|j|☆LT71LX Guilt
|j|☆LT71LX ABR
|t:|1597365012
|player|p1|LT71LX Guilt|beauty-gen2jp|2116
|player|p2|LT71LX ABR|hilbert-dueldisk|2121
|teamsize|p1|6
|teamsize|p2|6
|gametype|singles
|gen|8
|tier|[Gen 8] OU
|rated|
|clearpoke
|poke|p1|Hydreigon, M|
|poke|p1|Rillaboom, F|
|poke|p1|Dragapult, M|
|poke|p1|Clefable, F|
|poke|p1|Volcarona, M|
|poke|p1|Zeraora|
|poke|p2|Alakazam, M|
|poke|p2|Ferrothorn, M|
|poke|p2|Hippowdon, M|
|poke|p2|Toxapex, M|
|poke|p2|Clefable, F|
|poke|p2|Indeedee, M|
|rule|Sleep Clause Mod: Limit one foe put to sleep
|rule|Species Clause: Limit one of each Pokémon
|rule|OHKO Clause: OHKO moves are banned
|rule|Evasion Moves Clause: Evasion moves are banned
|rule|Endless Battle Clause: Forcing endless battles is banned
|rule|HP Percentage Mod: HP is shown in percentages
|rule|Dynamax Clause: You cannot dynamax
|teampreview
|j| Destro16
|j| ez
|j|+Cdumas
|j| yuzmv
|j| Mionda
|j| LT71LX Newal
|j| hipster garbage
|j| LT71LX Sks
|j| xtra
|j| c4321
|j| Jizzlefire9
|inactive|Battle timer is ON: inactive players will automatically lose when time's up. (requested by LT71LX Guilt)
|j| LT71LX Doom
|j| best interest
|j| htcl
|j| strealet❄
|j| Pepem!
|j| Ashleyyy³ uwu
|j| WildWave ☾★
|j| curopins
|j| Disorient
|j| Padox
|j| pizza
|j|+false
|j|+rozes
|j| OUTU Hide And Seek
|j| dumdumpoopyface
|j| IPF
|j| Randy788
|j| LT71LX Lio
|l| OUTU Hide And Seek
|j| cleann
|j| xray
|j| Livio ElTito
|j| Devil Patchy
|j| Rnn brexit
|j| Peachy Sweet
|
|t:|1597365031
|start
|switch|p1a: Zeraora|Zeraora|100/100
|switch|p2a: Hippowdon|Hippowdon, M|100/100
|-weather|Sandstorm|[from] ability: Sand Stream|[of] p2a: Hippowdon
|turn|1
|c| Jizzlefire9|Go abr
|j| Lt71lx gray
|j| golden009
|j| studying in tab
|j|+phiwings99
|
|t:|1597365037
|switch|p1a: Hydreigon|Hydreigon, M|100/100
|move|p2a: Hippowdon|Stealth Rock|p1a: Hydreigon
|-sidestart|p1: LT71LX Guilt|move: Stealth Rock
|
|-weather|Sandstorm|[upkeep]
|-damage|p1a: Hydreigon|94/100|[from] Sandstorm
|upkeep
|turn|2
|j| I must lose
|j| bbeeaa
|j| Lunarr
|j| LT71LX JOKERDOG
|j|+McMeghan
|j| elesa's coat
|j| PoopMan3210
|j|+Krauersaut
|j| Sugar K Leonard
|j| Noios
|j|+Luigi
|j|+klefkiholder
|j| drapsnagon
|j| LYSTER
|j| Mihowk
|
|t:|1597365055
|move|p1a: Hydreigon|Draco Meteor|p2a: Hippowdon
|-damage|p2a: Hippowdon|44/100
|-unboost|p1a: Hydreigon|spa|2
|-damage|p1a: Hydreigon|84/100|[from] item: Life Orb
|move|p2a: Hippowdon|Whirlwind|p1a: Hydreigon
|drag|p1a: Zeraora|Zeraora|100/100
|-damage|p1a: Zeraora|88/100|[from] Stealth Rock
|
|-weather|Sandstorm|[upkeep]
|-damage|p1a: Zeraora|82/100|[from] Sandstorm
|upkeep
|turn|3
|j| Akalli
|
|t:|1597365058
|move|p1a: Zeraora|Grass Knot|p2a: Hippowdon
|-supereffective|p2a: Hippowdon
|-damage|p2a: Hippowdon|0 fnt
|-damage|p1a: Zeraora|72/100|[from] item: Life Orb
|faint|p2a: Hippowdon
|
|-weather|Sandstorm|[upkeep]
|-damage|p1a: Zeraora|66/100|[from] Sandstorm
|upkeep
|j| Skyrio
|j| quojova
|j| Louna
|j|+Analytic
|
|t:|1597365066
|switch|p2a: Clefable|Clefable, F|100/100
|turn|4
|j| Jo' Zzzz
|j| pattek
|j| BailaodoRobyssao
|
|t:|1597365071
|move|p1a: Zeraora|Plasma Fists|p2a: Clefable
|-damage|p2a: Clefable|36/100
|-fieldactivate|move: Ion Deluge
|-damage|p1a: Zeraora|57/100|[from] item: Life Orb
|move|p2a: Clefable|Moonblast|p1a: Zeraora
|-damage|p1a: Zeraora|14/100
|
|-weather|Sandstorm|[upkeep]
|-damage|p1a: Zeraora|8/100|[from] Sandstorm
|-heal|p2a: Clefable|42/100|[from] item: Leftovers
|upkeep
|turn|5
|j| exploraxx
|j| Zenadark
|j| LT71LX Japse
|
|t:|1597365078
|move|p2a: Clefable|Protect|p2a: Clefable
|-singleturn|p2a: Clefable|Protect
|move|p1a: Zeraora|Plasma Fists|p2a: Clefable
|-activate|p2a: Clefable|move: Protect
|
|-weather|none
|-heal|p2a: Clefable|48/100|[from] item: Leftovers
|upkeep
|turn|6
|j| agenS
|j| cteaming
|l| LT71LX Japse
|
|t:|1597365083
|switch|p2a: Ferrothorn|Ferrothorn, M|100/100
|move|p1a: Zeraora|Plasma Fists|p2a: Ferrothorn
|-resisted|p2a: Ferrothorn
|-damage|p2a: Ferrothorn|82/100
|-fieldactivate|move: Ion Deluge
|-damage|p1a: Zeraora|0 fnt|[from] ability: Iron Barbs|[of] p2a: Ferrothorn
|faint|p1a: Zeraora
|
|upkeep
|
|t:|1597365085
|switch|p1a: Hydreigon|Hydreigon, M|84/100
|-damage|p1a: Hydreigon|72/100|[from] Stealth Rock
|turn|7
|j| Boigunn
|j|+Hootie
|j| LT71LX Japse
|j| Freeroamer
|j| Waveshaper
|l| LT71LX Japse
|j| hh4-77
|j| LT71LX Japse
|j|+jukain
|l| PoopMan3210
|
|t:|1597365108
|switch|p2a: Toxapex|Toxapex, M|100/100
|move|p1a: Hydreigon|Flamethrower|p2a: Toxapex
|-resisted|p2a: Toxapex
|-damage|p2a: Toxapex|88/100
|-damage|p1a: Hydreigon|62/100|[from] item: Life Orb
|
|upkeep
|turn|8
|
|t:|1597365115
|move|p1a: Hydreigon|Nasty Plot|p1a: Hydreigon
|-boost|p1a: Hydreigon|spa|2
|move|p2a: Toxapex|Scald|p1a: Hydreigon
|-resisted|p1a: Hydreigon
|-damage|p1a: Hydreigon|54/100
|-status|p1a: Hydreigon|brn
|
|-damage|p1a: Hydreigon|48/100 brn|[from] brn
|upkeep
|turn|9
|j| Stamatis
|
|t:|1597365118
|switch|p2a: Clefable|Clefable, F|48/100
|move|p1a: Hydreigon|Flash Cannon|p2a: Clefable
|-supereffective|p2a: Clefable
|-damage|p2a: Clefable|0 fnt
|-damage|p1a: Hydreigon|38/100 brn|[from] item: Life Orb
|faint|p2a: Clefable
|
|-damage|p1a: Hydreigon|32/100 brn|[from] brn
|upkeep
|
|t:|1597365121
|switch|p2a: Alakazam|Alakazam, M|100/100
|turn|10
|j| Free Swimming
|j| blazing_lantern
|
|t:|1597365127
|move|p2a: Alakazam|Dazzling Gleam|p1a: Hydreigon
|-supereffective|p1a: Hydreigon
|-damage|p1a: Hydreigon|0 fnt
|faint|p1a: Hydreigon
|
|upkeep
|
|t:|1597365134
|switch|p1a: Clefable|Clefable, F|100/100
|turn|11
|j| LT71LX Kith
|j| Hayburner
|l| LYSTER
|l| Stamatis
|l| LT71LX Japse
|j| Jaajgko
|l| hipster garbage
|j| Astral Step
|inactive|LT71LX ABR has 120 seconds left.
|l| Rnn brexit
|
|t:|1597365167
|move|p2a: Alakazam|Nasty Plot|p2a: Alakazam
|-boost|p2a: Alakazam|spa|2
|move|p1a: Clefable|Moonblast|p2a: Alakazam
|-damage|p2a: Alakazam|39/100
|
|upkeep
|turn|12
|j| Rnn brexit
|
|t:|1597365172
|move|p2a: Alakazam|Expanding Force|p1a: Clefable
|-damage|p1a: Clefable|17/100
|move|p1a: Clefable|Moonblast|p2a: Alakazam
|-damage|p2a: Alakazam|0 fnt
|faint|p2a: Alakazam
|
|upkeep
|j| Lightchanseyy
|
|t:|1597365174
|switch|p2a: Indeedee|Indeedee, M|100/100
|-fieldstart|move: Psychic Terrain|[from] ability: Psychic Surge|[of] p2a: Indeedee
|turn|13
|l| Lightchanseyy
|l|golden009
|j| Gussy
|j| lt71lx kingpin
|
|t:|1597365185
|move|p2a: Indeedee|Expanding Force|p1a: Clefable
|-damage|p1a: Clefable|0 fnt
|faint|p1a: Clefable
|
|upkeep
|l| pattek
|
|t:|1597365190
|switch|p1a: Rillaboom|Rillaboom, F|100/100
|-damage|p1a: Rillaboom|88/100|[from] Stealth Rock
|-fieldstart|move: Grassy Terrain|[from] ability: Grassy Surge|[of] p1a: Rillaboom
|-enditem|p1a: Rillaboom|Grassy Seed
|-boost|p1a: Rillaboom|def|1|[from] item: Grassy Seed
|turn|14
|j| golden009
|l|+phiwings99
|j| LT71LXJaggermaster
|
|t:|1597365198
|switch|p2a: Ferrothorn|Ferrothorn, M|82/100
|move|p1a: Rillaboom|Swords Dance|p1a: Rillaboom
|-boost|p1a: Rillaboom|atk|2
|
|-heal|p1a: Rillaboom|94/100|[from] Grassy Terrain
|-heal|p2a: Ferrothorn|89/100|[from] Grassy Terrain
|upkeep
|turn|15
|l| LT71LXJaggermaster
|
|t:|1597365202
|move|p1a: Rillaboom|Swords Dance|p1a: Rillaboom
|-boost|p1a: Rillaboom|atk|2
|move|p2a: Ferrothorn|Spikes|p1a: Rillaboom
|-sidestart|p1: LT71LX Guilt|Spikes
|
|-heal|p1a: Rillaboom|100/100|[from] Grassy Terrain
|-heal|p2a: Ferrothorn|95/100|[from] Grassy Terrain
|upkeep
|turn|16
|
|t:|1597365205
|move|p1a: Rillaboom|Acrobatics|p2a: Ferrothorn
|-damage|p2a: Ferrothorn|20/100
|-damage|p1a: Rillaboom|88/100|[from] ability: Iron Barbs|[of] p2a: Ferrothorn
|-damage|p1a: Rillaboom|72/100|[from] item: Rocky Helmet|[of] p2a: Ferrothorn
|move|p2a: Ferrothorn|Spikes|p1a: Rillaboom
|-sidestart|p1: LT71LX Guilt|Spikes
|
|-heal|p1a: Rillaboom|78/100|[from] Grassy Terrain
|-heal|p2a: Ferrothorn|26/100|[from] Grassy Terrain
|upkeep
|turn|17
|
|t:|1597365209
|move|p1a: Rillaboom|Acrobatics|p2a: Ferrothorn
|-damage|p2a: Ferrothorn|0 fnt
|-damage|p1a: Rillaboom|66/100|[from] ability: Iron Barbs|[of] p2a: Ferrothorn
|-damage|p1a: Rillaboom|49/100|[from] item: Rocky Helmet|[of] p2a: Ferrothorn
|faint|p2a: Ferrothorn
|
|-heal|p1a: Rillaboom|55/100|[from] Grassy Terrain
|upkeep
|
|t:|1597365210
|switch|p2a: Indeedee|Indeedee, M|100/100
|-fieldstart|move: Psychic Terrain|[from] ability: Psychic Surge|[of] p2a: Indeedee
|turn|18
|
|t:|1597365217
|switch|p1a: Dragapult|Dragapult, M|100/100
|-damage|p1a: Dragapult|84/100|[from] Spikes
|-damage|p1a: Dragapult|72/100|[from] Stealth Rock
|move|p2a: Indeedee|Expanding Force|p1a: Dragapult
|-damage|p1a: Dragapult|0 fnt
|faint|p1a: Dragapult
|
|upkeep
|
|t:|1597365219
|switch|p1a: Rillaboom|Rillaboom, F|55/100
|-damage|p1a: Rillaboom|39/100|[from] Spikes
|-damage|p1a: Rillaboom|27/100|[from] Stealth Rock
|-fieldstart|move: Grassy Terrain|[from] ability: Grassy Surge|[of] p1a: Rillaboom
|turn|19
|j| Enzo Gorlami
|l| Enzo Gorlami
|l| bbeeaa
|inactive|LT71LX ABR has 120 seconds left.
|j| wyn
|j| avarice
|inactive|LT71LX ABR has 90 seconds left.
|j|+TDK
|
|t:|1597365286
|switch|p2a: Toxapex|Toxapex, M|100/100
|move|p1a: Rillaboom|Swords Dance|p1a: Rillaboom
|-boost|p1a: Rillaboom|atk|2
|
|-heal|p1a: Rillaboom|33/100|[from] Grassy Terrain
|upkeep
|turn|20
|j| ayevon
|
|t:|1597365296
|move|p1a: Rillaboom|High Horsepower|p2a: Toxapex
|-supereffective|p2a: Toxapex
|-damage|p2a: Toxapex|0 fnt
|faint|p2a: Toxapex
|
|-heal|p1a: Rillaboom|39/100|[from] Grassy Terrain
|upkeep
|
|t:|1597365299
|switch|p2a: Indeedee|Indeedee, M|100/100
|-fieldstart|move: Psychic Terrain|[from] ability: Psychic Surge|[of] p2a: Indeedee
|turn|21
|j| cdbhipsan
|j| Calem∞DPU
|j| reje
|l| c4321
|l| cdbhipsan
|c|☆LT71LX Guilt|wait how many spikes are up
|c|☆LT71LX Guilt|rillaboom is 2 huge
|l| hh4-77
|inactive|LT71LX Guilt has 120 seconds left.
|c| pizza|lol.
|j| Ultra Dusk Mane31
|j| roundpenguin
|c| drapsnagon|2
|c| Jizzlefire9|Rillaboom is just too good
|inactive|LT71LX Guilt has 90 seconds left.
|l| WildWave ☾★
|inactive|LT71LX Guilt has 60 seconds left.
|
|t:|1597365397
|switch|p1a: Volcarona|Volcarona, M|100/100
|move|p2a: Indeedee|Psyshock|p1a: Volcarona
|-damage|p1a: Volcarona|0 fnt
|faint|p1a: Volcarona
|
|upkeep
|
|t:|1597365402
|switch|p1a: Rillaboom|Rillaboom, F|39/100
|-damage|p1a: Rillaboom|22/100|[from] Spikes
|-damage|p1a: Rillaboom|10/100|[from] Stealth Rock
|-fieldstart|move: Grassy Terrain|[from] ability: Grassy Surge|[of] p1a: Rillaboom
|turn|22
|
|t:|1597365409
|move|p1a: Rillaboom|Grassy Glide|p2a: Indeedee
|-damage|p2a: Indeedee|0 fnt
|faint|p2a: Indeedee
|
|win|LT71LX Guilt
|c|☆LT71LX ABR|gg
|c|☆LT71LX Guilt|gg
|l|☆LT71LX Guilt
|l| Padox
|l|☆LT71LX ABR
|l| LT71LX Lio
|l| Mihowk
|c| Jizzlefire9|Wow
|l| blazing_lantern
|l| LT71LX Newal
|l| Hayburner
|l| Freeroamer
|l| dumdumpoopyface
|l| Skyrio
|l| wyn
|l| Pepem!
|l| elesa's coat
|raw|LT71LX Guilt's rating: 2116 &rarr; <strong>2137</strong><br />(+21 for winning)
|raw|LT71LX ABR's rating: 2121 &rarr; <strong>2100</strong><br />(-21 for losing)
|l| yuzmv
|l| Calem∞DPU
|l| studying in tab
|l| BailaodoRobyssao
|l| Noios
|l| LT71LX Sks
|l| curopins
|l| avarice
|l| reje
|l| LT71LX Kith
|l| Jaajgko
|l| Free Swimming
|l|+Analytic
|l| Louna
|l|+rozes
|l| Jizzlefire9
|l| Zenadark
|l|+Krauersaut
|l| drapsnagon
|l| I must lose
|l|+false
|l| lt71lx kingpin
|l| Lt71lx gray
|l| ez
|l| Mionda
|l| pizza
|l|+Hootie
|l| LT71LX Doom
|l| best interest
|l| Akalli
|l|+McMeghan
|l| IPF
|l| Jo' Zzzz
|l| Boigunn
|l| Destro16
|l| Devil Patchy
|l|+Cdumas
|l| cteaming
|l| quojova
|l| Disorient
|l| htcl
|l| Rnn brexit
|l|+klefkiholder
|l|+Luigi
|l| Ashleyyy³ uwu
|l| golden009
|l| cleann
|l| Gussy
|l| xray
|l| Livio ElTito
|l| strealet❄
|l| roundpenguin
|l| Sugar K Leonard
|l| ayevon
|l| Ultra Dusk Mane31
|l| Lunarr
|l| Waveshaper
|l|+TDK
|l| Randy788
|l| LT71LX JOKERDOG
