|raw|<div class="broadcast-blue"><strong>This battle is required to be public due to a player having a name starting with 'lt91bb'.</div>
|j|☆2222mm
|j|☆lt91bb bj
|t:|1659019130
|gametype|singles
|player|p1|2222mm|oleana|1819
|player|p2|lt91bb bj|colress|1882
|teamsize|p1|6
|teamsize|p2|6
|gen|8
|tier|[Gen 8] OU
|rated|
|rule|Sleep Clause Mod: Limit one foe put to sleep
|rule|Species Clause: Limit one of each Pokémon
|rule|OHKO Clause: OHKO moves are banned
|rule|Evasion Moves Clause: Evasion moves are banned
|rule|Endless Battle Clause: Forcing endless battles is banned
|rule|HP Percentage Mod: HP is shown in percentages
|rule|Dynamax Clause: You cannot dynamax
|clearpoke
|poke|p1|Dragapult, F|
|poke|p1|Clefable, F|
|poke|p1|Landorus-Therian, M|
|poke|p1|Heatran, M|
|poke|p1|Slowbro, F|
|poke|p1|Buzzwole|
|poke|p2|Weavile, M|
|poke|p2|Ferrothorn, F|
|poke|p2|Urshifu-*, F|
|poke|p2|Slowking-Galar, M|
|poke|p2|Landorus-Therian, M|
|poke|p2|Tornadus-Therian, M|
|teampreview
|
|t:|1659019141
|start
|switch|p1a: Dragapult|Dragapult, F|100/100
|switch|p2a: Landorus|Landorus-Therian, M|100/100
|-ability|p2a: Landorus|Intimidate|boost
|-unboost|p1a: Dragapult|atk|1
|turn|1
|
|t:|1659019149
|move|p1a: Dragapult|Hydro Pump|p2a: Landorus
|-supereffective|p2a: Landorus
|-damage|p2a: Landorus|15/100
|move|p2a: Landorus|Stealth Rock|p1a: Dragapult
|-sidestart|p1: 2222mm|move: Stealth Rock
|
|-heal|p2a: Landorus|21/100|[from] item: Leftovers
|upkeep
|turn|2
|j| anique
|j| LT91BB cuzzie
|j| outb pj
|j| gilftl208
|j| Alain Ledon
|j| LT91BB AlI
|l| Alain Ledon
|j| Akany
|l| outb pj
|
|t:|1659019183
|switch|p1a: Slowbro|Slowbro, F|100/100
|move|p2a: Landorus|Knock Off|p1a: Slowbro
|-supereffective|p1a: Slowbro
|-damage|p1a: Slowbro|52/100
|-enditem|p1a: Slowbro|Heavy-Duty Boots|[from] move: Knock Off|[of] p2a: Landorus
|
|-heal|p2a: Landorus|28/100|[from] item: Leftovers
|upkeep
|turn|3
|
|t:|1659019192
|move|p2a: Landorus|U-turn|p1a: Slowbro
|-supereffective|p1a: Slowbro
|-damage|p1a: Slowbro|16/100
|j| BabyPigsAreLaughin
|
|t:|1659019199
|switch|p2a: Urshifu|Urshifu-Rapid-Strike, F|100/100|[from]move: U-turn
|move|p1a: Slowbro|Slack Off|p1a: Slowbro
|-heal|p1a: Slowbro|66/100
|
|upkeep
|turn|4
|
|t:|1659019208
|move|p2a: Urshifu|U-turn|p1a: Slowbro
|-supereffective|p1a: Slowbro
|-damage|p1a: Slowbro|4/100
|j| crosschampion
|
|t:|1659019215
|switch|p2a: Slowking|Slowking-Galar, M, shiny|100/100|[from]move: U-turn
|move|p1a: Slowbro|Slack Off|p1a: Slowbro
|-heal|p1a: Slowbro|54/100
|
|upkeep
|turn|5
|j| AcrOne
|
|t:|1659019223
|move|p2a: Slowking|Future Sight|p1a: Slowbro
|-start|p2a: Slowking|move: Future Sight
|move|p1a: Slowbro|Future Sight|p2a: Slowking
|-start|p1a: Slowbro|move: Future Sight
|
|upkeep
|turn|6
|
|t:|1659019226
|move|p2a: Slowking|Sludge Bomb|p1a: Slowbro
|-damage|p1a: Slowbro|24/100
|-status|p1a: Slowbro|psn
|move|p1a: Slowbro|Teleport|p1a: Slowbro
|l| AcrOne
|j| Congwuyu
|l| Congwuyu
|
|t:|1659019246
|switch|p1a: Heatran|Heatran, M|100/100|[from]move: Teleport
|-damage|p1a: Heatran|88/100|[from] Stealth Rock
|
|upkeep
|turn|7
|j| RowzerXT
|
|t:|1659019251
|switch|p2a: Urshifu|Urshifu-Rapid-Strike, F|100/100
|move|p1a: Heatran|Eruption|p2a: Urshifu
|-resisted|p2a: Urshifu
|-crit|p2a: Urshifu
|-damage|p2a: Urshifu|0 fnt
|faint|p2a: Urshifu
|
|-end|p1a: Heatran|move: Future Sight
|-resisted|p1a: Heatran
|-damage|p1a: Heatran|65/100
|-hint|Future Sight did not hit because the target is fainted.
|upkeep
|c| BabyPigsAreLaughin|Damn, that crit, though.
|
|t:|1659019274
|switch|p2a: Weavile|Weavile, M|100/100
|-ability|p2a: Weavile|Pressure
|turn|8
|c| LT91BB cuzzie|Didnt matter
|
|t:|1659019279
|move|p2a: Weavile|Knock Off|p1a: Heatran
|-damage|p1a: Heatran|14/100
|-enditem|p1a: Heatran|Charcoal|[from] move: Knock Off|[of] p2a: Weavile
|move|p1a: Heatran|Magma Storm|p2a: Weavile
|-supereffective|p2a: Weavile
|-damage|p2a: Weavile|0 fnt
|faint|p2a: Weavile
|
|upkeep
|c|☆lt91bb bj|it hella mattered what lol
|j| Lester Mo
|c| BabyPigsAreLaughin|^
|c| LT91BB cuzzie|Futire sight
|c| LT91BB cuzzie|..
|c| LT91BB cuzzie|Lol
|c|☆lt91bb bj|oh wait i read mine
|c|☆lt91bb bj|LOL
|
|t:|1659019318
|switch|p2a: Tornadus|Tornadus-Therian, M|100/100
|turn|9
|c|☆lt91bb bj|ladder fucking with my head
|inactive|Battle timer is ON: inactive players will automatically lose when time's up. (requested by lt91bb bj)
|
|t:|1659019331
|switch|p1a: Landorus|Landorus-Therian, M|100/100
|-damage|p1a: Landorus|88/100|[from] Stealth Rock
|-ability|p1a: Landorus|Intimidate|boost
|-unboost|p2a: Tornadus|atk|1
|move|p2a: Tornadus|Hurricane|p1a: Landorus
|-damage|p1a: Landorus|58/100
|
|-heal|p1a: Landorus|64/100|[from] item: Leftovers
|upkeep
|turn|10
|
|t:|1659019339
|move|p2a: Tornadus|U-turn|p1a: Landorus
|-resisted|p1a: Landorus
|-damage|p1a: Landorus|59/100
|
|t:|1659019341
|switch|p2a: Ferrothorn|Ferrothorn, F|100/100|[from]move: U-turn
|move|p1a: Landorus|Defog|p2a: Ferrothorn
|-unboost|p2a: Ferrothorn|evasion|1
|-sideend|p1: 2222mm|Stealth Rock|[from] move: Defog|[of] p1a: Landorus
|
|-heal|p1a: Landorus|65/100|[from] item: Leftovers
|upkeep
|turn|11
|l| LT91BB cuzzie
|
|t:|1659019353
|move|p1a: Landorus|Earthquake|p2a: Ferrothorn
|-damage|p2a: Ferrothorn|75/100
|move|p2a: Ferrothorn|Spikes|p1a: Landorus
|-sidestart|p1: 2222mm|Spikes
|
|-heal|p1a: Landorus|71/100|[from] item: Leftovers
|-heal|p2a: Ferrothorn|82/100|[from] item: Leftovers
|upkeep
|turn|12
|
|t:|1659019359
|switch|p1a: Clefable|Clefable, F|100/100
|move|p2a: Ferrothorn|Knock Off|p1a: Clefable
|-resisted|p1a: Clefable
|-damage|p1a: Clefable|91/100
|-enditem|p1a: Clefable|Leftovers|[from] move: Knock Off|[of] p2a: Ferrothorn
|
|-heal|p2a: Ferrothorn|88/100|[from] item: Leftovers
|upkeep
|turn|13
|
|t:|1659019366
|switch|p2a: Slowking|Slowking-Galar, M, shiny|100/100
|move|p1a: Clefable|Knock Off|p2a: Slowking
|-supereffective|p2a: Slowking
|-damage|p2a: Slowking|67/100
|-enditem|p2a: Slowking|Assault Vest|[from] move: Knock Off|[of] p1a: Clefable
|
|upkeep
|turn|14
|j| LT91BB cuzzie
|
|t:|1659019387
|switch|p1a: Dragapult|Dragapult, F|100/100
|-damage|p1a: Dragapult|88/100|[from] Spikes
|move|p2a: Slowking|Future Sight|p1a: Dragapult
|-start|p2a: Slowking|move: Future Sight
|
|upkeep
|turn|15
|
|t:|1659019396
|switch|p2a: Tornadus|Tornadus-Therian, M|100/100
|move|p1a: Dragapult|Shadow Ball|p2a: Tornadus
|-damage|p2a: Tornadus|41/100
|
|upkeep
|turn|16
|
|t:|1659019420
|switch|p1a: Heatran|Heatran, M|14/100
|-damage|p1a: Heatran|1/100|[from] Spikes
|switch|p2a: Landorus|Landorus-Therian, M|28/100
|-ability|p2a: Landorus|Intimidate|boost
|-unboost|p1a: Heatran|atk|1
|
|-end|p1a: Heatran|move: Future Sight
|-resisted|p1a: Heatran
|-damage|p1a: Heatran|0 fnt
|faint|p1a: Heatran
|-heal|p2a: Landorus|34/100|[from] item: Leftovers
|upkeep
|
|t:|1659019425
|switch|p1a: Dragapult|Dragapult, F|88/100
|-damage|p1a: Dragapult|76/100|[from] Spikes
|turn|17
|
|t:|1659019429
|move|p1a: Dragapult|Shadow Ball|p2a: Landorus
|-damage|p2a: Landorus|0 fnt
|faint|p2a: Landorus
|
|upkeep
|
|t:|1659019434
|switch|p2a: Ferrothorn|Ferrothorn, F|88/100
|turn|18
|
|t:|1659019440
|switch|p1a: Slowbro|Slowbro, F|58/100 psn
|-damage|p1a: Slowbro|45/100 psn|[from] Spikes
|move|p2a: Ferrothorn|Knock Off|p1a: Slowbro
|-supereffective|p1a: Slowbro
|-damage|p1a: Slowbro|23/100 psn
|
|-heal|p2a: Ferrothorn|94/100|[from] item: Leftovers
|-damage|p1a: Slowbro|10/100 psn|[from] psn
|upkeep
|turn|19
|
|t:|1659019451
|switch|p2a: Slowking|Slowking-Galar, M, shiny|99/100
|move|p1a: Slowbro|Slack Off|p1a: Slowbro
|-heal|p1a: Slowbro|61/100 psn
|
|-damage|p1a: Slowbro|48/100 psn|[from] psn
|upkeep
|turn|20
|
|t:|1659019479
|move|p2a: Slowking|Future Sight|p1a: Slowbro
|-start|p2a: Slowking|move: Future Sight
|move|p1a: Slowbro|Future Sight|p2a: Slowking
|-start|p1a: Slowbro|move: Future Sight
|
|-damage|p1a: Slowbro|36/100 psn|[from] psn
|upkeep
|turn|21
|
|t:|1659019485
|move|p2a: Slowking|Ice Beam|p1a: Slowbro
|-resisted|p1a: Slowbro
|-damage|p1a: Slowbro|26/100 psn
|move|p1a: Slowbro|Slack Off|p1a: Slowbro
|-heal|p1a: Slowbro|76/100 psn
|
|-damage|p1a: Slowbro|64/100 psn|[from] psn
|upkeep
|turn|22
|
|t:|1659019488
|move|p2a: Slowking|Sludge Bomb|p1a: Slowbro
|-damage|p1a: Slowbro|36/100 psn
|move|p1a: Slowbro|Teleport|p1a: Slowbro
|
|t:|1659019499
|switch|p1a: Landorus|Landorus-Therian, M|71/100|[from]move: Teleport
|-ability|p1a: Landorus|Intimidate|boost
|-unboost|p2a: Slowking|atk|1
|
|-end|p2a: Slowking|move: Future Sight
|-damage|p2a: Slowking|72/100
|-end|p1a: Landorus|move: Future Sight
|-damage|p1a: Landorus|33/100
|-heal|p1a: Landorus|39/100|[from] item: Leftovers
|upkeep
|turn|23
|
|t:|1659019521
|switch|p2a: Tornadus|Tornadus-Therian, M|75/100
|move|p1a: Landorus|U-turn|p2a: Tornadus
|-resisted|p2a: Tornadus
|-damage|p2a: Tornadus|64/100
|inactive|2222mm has 120 seconds left.
|
|t:|1659019537
|switch|p1a: Dragapult|Dragapult, F|76/100|[from]move: U-turn
|-damage|p1a: Dragapult|64/100|[from] Spikes
|
|upkeep
|turn|24
|inactive|2222mm has 120 seconds left.
|
|t:|1659019543
|move|p1a: Dragapult|Draco Meteor|p2a: Tornadus
|-damage|p2a: Tornadus|0 fnt
|-unboost|p1a: Dragapult|spa|2
|faint|p2a: Tornadus
|
|upkeep
|
|t:|1659019554
|switch|p2a: Slowking|Slowking-Galar, M, shiny|100/100
|turn|25
|
|t:|1659019557
|switch|p1a: Landorus|Landorus-Therian, M|39/100
|-ability|p1a: Landorus|Intimidate|boost
|-unboost|p2a: Slowking|atk|1
|move|p2a: Slowking|Future Sight|p1a: Landorus
|-start|p2a: Slowking|move: Future Sight
|
|-heal|p1a: Landorus|45/100|[from] item: Leftovers
|upkeep
|turn|26
|
|t:|1659019566
|switch|p2a: Ferrothorn|Ferrothorn, F|94/100
|move|p1a: Landorus|Earthquake|p2a: Ferrothorn
|-damage|p2a: Ferrothorn|68/100
|
|-heal|p1a: Landorus|51/100|[from] item: Leftovers
|-heal|p2a: Ferrothorn|74/100|[from] item: Leftovers
|upkeep
|turn|27
|
|t:|1659019579
|switch|p1a: Slowbro|Slowbro, F|69/100 psn
|-damage|p1a: Slowbro|57/100 psn|[from] Spikes
|move|p2a: Ferrothorn|Knock Off|p1a: Slowbro
|-supereffective|p1a: Slowbro
|-damage|p1a: Slowbro|33/100 psn
|
|-end|p1a: Slowbro|move: Future Sight
|-resisted|p1a: Slowbro
|-damage|p1a: Slowbro|17/100 psn
|-heal|p2a: Ferrothorn|80/100|[from] item: Leftovers
|-damage|p1a: Slowbro|4/100 psn|[from] psn
|upkeep
|turn|28
|l| RowzerXT
|
|t:|1659019586
|switch|p2a: Slowking|Slowking-Galar, M, shiny|100/100
|move|p1a: Slowbro|Slack Off|p1a: Slowbro
|-heal|p1a: Slowbro|54/100 psn
|
|-damage|p1a: Slowbro|42/100 psn|[from] psn
|upkeep
|turn|29
|
|t:|1659019594
|move|p2a: Slowking|Future Sight|p1a: Slowbro
|-start|p2a: Slowking|move: Future Sight
|move|p1a: Slowbro|Slack Off|p1a: Slowbro
|-heal|p1a: Slowbro|92/100 psn
|
|-damage|p1a: Slowbro|79/100 psn|[from] psn
|upkeep
|turn|30
|
|t:|1659019601
|move|p2a: Slowking|Sludge Bomb|p1a: Slowbro
|-damage|p1a: Slowbro|54/100 psn
|move|p1a: Slowbro|Slack Off|p1a: Slowbro
|-heal|p1a: Slowbro|100/100 psn
|
|-damage|p1a: Slowbro|88/100 psn|[from] psn
|upkeep
|turn|31
|
|t:|1659019605
|move|p2a: Slowking|Sludge Bomb|p1a: Slowbro
|-damage|p1a: Slowbro|58/100 psn
|move|p1a: Slowbro|Slack Off|p1a: Slowbro
|-heal|p1a: Slowbro|100/100 psn
|
|-end|p1a: Slowbro|move: Future Sight
|-resisted|p1a: Slowbro
|-damage|p1a: Slowbro|83/100 psn
|-damage|p1a: Slowbro|71/100 psn|[from] psn
|upkeep
|turn|32
|
|t:|1659019615
|move|p2a: Slowking|Future Sight|p1a: Slowbro
|-start|p2a: Slowking|move: Future Sight
|move|p1a: Slowbro|Teleport|p1a: Slowbro
|
|t:|1659019620
|switch|p1a: Landorus|Landorus-Therian, M|51/100|[from]move: Teleport
|-ability|p1a: Landorus|Intimidate|boost
|-unboost|p2a: Slowking|atk|1
|
|-heal|p1a: Landorus|57/100|[from] item: Leftovers
|upkeep
|turn|33
|
|t:|1659019625
|move|p1a: Landorus|U-turn|p2a: Slowking
|-crit|p2a: Slowking
|-damage|p2a: Slowking|68/100
|
|t:|1659019628
|switch|p1a: Slowbro|Slowbro, F|100/100 psn|[from]move: U-turn
|-damage|p1a: Slowbro|88/100 psn|[from] Spikes
|move|p2a: Slowking|Ice Beam|p1a: Slowbro
|-resisted|p1a: Slowbro
|-damage|p1a: Slowbro|79/100 psn
|
|-damage|p1a: Slowbro|67/100 psn|[from] psn
|upkeep
|turn|34
|
|t:|1659019633
|move|p2a: Slowking|Future Sight||[still]
|-fail|p2a: Slowking
|move|p1a: Slowbro|Teleport|p1a: Slowbro
|c|☆lt91bb bj|oop
|
|t:|1659019638
|switch|p1a: Landorus|Landorus-Therian, M|57/100|[from]move: Teleport
|-ability|p1a: Landorus|Intimidate|boost
|-unboost|p2a: Slowking|atk|1
|
|-end|p1a: Landorus|move: Future Sight
|-damage|p1a: Landorus|19/100
|-heal|p1a: Landorus|25/100|[from] item: Leftovers
|upkeep
|turn|35
|
|t:|1659019648
|switch|p2a: Ferrothorn|Ferrothorn, F|80/100
|move|p1a: Landorus|Earthquake|p2a: Ferrothorn
|-damage|p2a: Ferrothorn|54/100
|
|-heal|p1a: Landorus|31/100|[from] item: Leftovers
|-heal|p2a: Ferrothorn|61/100|[from] item: Leftovers
|upkeep
|turn|36
|
|t:|1659019660
|move|p1a: Landorus|Earthquake|p2a: Ferrothorn
|-damage|p2a: Ferrothorn|33/100
|move|p2a: Ferrothorn|Leech Seed|p1a: Landorus|[miss]
|-miss|p2a: Ferrothorn|p1a: Landorus
|
|-heal|p1a: Landorus|37/100|[from] item: Leftovers
|-heal|p2a: Ferrothorn|39/100|[from] item: Leftovers
|upkeep
|turn|37
|j| xuwuhanjun
|
|t:|1659019667
|switch|p1a: Clefable|Clefable, F|91/100
|move|p2a: Ferrothorn|Leech Seed|p1a: Clefable|[miss]
|-miss|p2a: Ferrothorn|p1a: Clefable
|
|-heal|p2a: Ferrothorn|46/100|[from] item: Leftovers
|upkeep
|turn|38
|
|t:|1659019675
|switch|p1a: Landorus|Landorus-Therian, M|37/100
|-ability|p1a: Landorus|Intimidate|boost
|-unboost|p2a: Ferrothorn|atk|1
|switch|p2a: Slowking|Slowking-Galar, M, shiny|100/100
|
|-heal|p1a: Landorus|43/100|[from] item: Leftovers
|upkeep
|turn|39
|l| LT91BB cuzzie
|
|t:|1659019683
|move|p1a: Landorus|Earthquake|p2a: Slowking
|-supereffective|p2a: Slowking
|-damage|p2a: Slowking|6/100
|move|p2a: Slowking|Ice Beam|p1a: Landorus
|-supereffective|p1a: Landorus
|-damage|p1a: Landorus|0 fnt
|faint|p1a: Landorus
|
|upkeep
|
|t:|1659019687
|switch|p1a: Dragapult|Dragapult, F|64/100
|-damage|p1a: Dragapult|51/100|[from] Spikes
|turn|40
|-message|lt91bb bj forfeited.
|
|win|2222mm
|raw|2222mm's rating: 1819 &rarr; <strong>1843</strong><br />(+24 for winning)
|raw|lt91bb bj's rating: 1882 &rarr; <strong>1858</strong><br />(-24 for losing)
|l|☆lt91bb bj
|l|☆2222mm
