|j|☆mopsticks v2
|j|☆Steelix Fusion
|t:|1653604155
|gametype|singles
|player|p1|mopsticks v2|101|1669
|player|p2|Steelix Fusion|marshal|1655
|teamsize|p1|6
|teamsize|p2|6
|gen|8
|tier|[Gen 8] OU
|rated|
|rule|Sleep Clause Mod: Limit one foe put to sleep
|rule|Species Clause: Limit one of each Pokémon
|rule|OHKO Clause: OHKO moves are banned
|rule|Evasion Moves Clause: Evasion moves are banned
|rule|Endless Battle Clause: Forcing endless battles is banned
|rule|HP Percentage Mod: HP is shown in percentages
|rule|Dynamax Clause: You cannot dynamax
|clearpoke
|poke|p1|Latios, M|
|poke|p1|Magnezone|
|poke|p1|Weavile, M|
|poke|p1|Landorus-Therian, M|
|poke|p1|Corviknight, F|
|poke|p1|Urshifu-*, M|
|poke|p2|Ninetales-Alola, M|
|poke|p2|Klefki, F|
|poke|p2|Volcarona, F|
|poke|p2|Dragapult, M|
|poke|p2|Rillaboom, M|
|poke|p2|Scolipede, M|
|teampreview
|inactive|Battle timer is ON: inactive players will automatically lose when time's up. (requested by Steelix Fusion)
|c|☆Steelix Fusion|nice team
|c|☆Steelix Fusion|gonna crush it
|inactive|mopsticks v2 has 120 seconds left.
|
|t:|1653604190
|start
|switch|p1a: Magnezone|Magnezone|100/100
|switch|p2a: Ninetales|Ninetales-Alola, M|100/100
|-weather|Hail|[from] ability: Snow Warning|[of] p2a: Ninetales
|turn|1
|
|t:|1653604198
|move|p2a: Ninetales|Aurora Veil|p2a: Ninetales
|-sidestart|p2: Steelix Fusion|move: Aurora Veil
|move|p1a: Magnezone|Substitute|p1a: Magnezone
|-start|p1a: Magnezone|Substitute
|-damage|p1a: Magnezone|75/100
|
|-weather|Hail|[upkeep]
|-damage|p1a: Magnezone|69/100|[from] Hail
|-heal|p1a: Magnezone|75/100|[from] item: Leftovers
|upkeep
|turn|2
|
|t:|1653604206
|move|p2a: Ninetales|Encore|p1a: Magnezone
|-start|p1a: Magnezone|Encore
|move|p1a: Magnezone|Substitute|p1a: Magnezone
|-fail|p1a: Magnezone|move: Substitute
|
|-weather|Hail|[upkeep]
|-damage|p1a: Magnezone|69/100|[from] Hail
|-heal|p1a: Magnezone|75/100|[from] item: Leftovers
|upkeep
|turn|3
|
|t:|1653604224
|switch|p2a: Rillaboom|Rillaboom, M|100/100
|-fieldstart|move: Grassy Terrain|[from] ability: Grassy Surge|[of] p2a: Rillaboom
|move|p1a: Magnezone|Substitute|p1a: Magnezone
|-fail|p1a: Magnezone|move: Substitute
|
|-weather|Hail|[upkeep]
|-damage|p2a: Rillaboom|94/100|[from] Hail
|-damage|p1a: Magnezone|69/100|[from] Hail
|-heal|p2a: Rillaboom|100/100|[from] Grassy Terrain
|-heal|p1a: Magnezone|75/100|[from] Grassy Terrain
|-heal|p1a: Magnezone|82/100|[from] item: Leftovers
|upkeep
|turn|4
|
|t:|1653604235
|switch|p2a: Volcarona|Volcarona, F|100/100
|switch|p1a: Corviknight|Corviknight, F|100/100
|-ability|p1a: Corviknight|Pressure
|
|-weather|Hail|[upkeep]
|-damage|p2a: Volcarona|94/100|[from] Hail
|-damage|p1a: Corviknight|94/100|[from] Hail
|-heal|p2a: Volcarona|100/100|[from] Grassy Terrain
|upkeep
|turn|5
|
|t:|1653604244
|switch|p1a: Landorus|Landorus-Therian, M|100/100
|-ability|p1a: Landorus|Intimidate|boost
|-unboost|p2a: Volcarona|atk|1
|move|p2a: Volcarona|Quiver Dance|p2a: Volcarona
|-boost|p2a: Volcarona|spa|1
|-boost|p2a: Volcarona|spd|1
|-boost|p2a: Volcarona|spe|1
|
|-weather|none
|upkeep
|turn|6
|
|t:|1653604252
|move|p2a: Volcarona|Fiery Dance|p1a: Landorus
|-damage|p1a: Landorus|46/100
|move|p1a: Landorus|Toxic|p2a: Volcarona
|-status|p2a: Volcarona|tox
|
|-heal|p1a: Landorus|52/100|[from] item: Leftovers
|-damage|p2a: Volcarona|94/100 tox|[from] psn
|upkeep
|turn|7
|
|t:|1653604260
|move|p2a: Volcarona|Fiery Dance|p1a: Landorus
|-damage|p1a: Landorus|0 fnt
|faint|p1a: Landorus
|
|-heal|p2a: Volcarona|100/100 tox|[from] Grassy Terrain
|-damage|p2a: Volcarona|88/100 tox|[from] psn
|-fieldend|move: Grassy Terrain
|upkeep
|
|t:|1653604266
|switch|p1a: Latios|Latios, M|100/100
|turn|8
|
|t:|1653604269
|switch|p2a: Klefki|Klefki, F|100/100
|move|p1a: Latios|Psyshock|p2a: Klefki
|-resisted|p2a: Klefki
|-damage|p2a: Klefki|86/100
|
|-sideend|p2: Steelix Fusion|move: Aurora Veil
|upkeep
|turn|9
|
|t:|1653604276
|switch|p1a: Magnezone|Magnezone|82/100
|switch|p2a: Ninetales|Ninetales-Alola, M|100/100
|-weather|Hail|[from] ability: Snow Warning|[of] p2a: Ninetales
|
|-weather|Hail|[upkeep]
|-damage|p1a: Magnezone|75/100|[from] Hail
|-heal|p1a: Magnezone|82/100|[from] item: Leftovers
|upkeep
|turn|10
|
|t:|1653604289
|move|p2a: Ninetales|Aurora Veil|p2a: Ninetales
|-sidestart|p2: Steelix Fusion|move: Aurora Veil
|move|p1a: Magnezone|Thunderbolt|p2a: Ninetales
|-damage|p2a: Ninetales|76/100
|
|-weather|Hail|[upkeep]
|-damage|p1a: Magnezone|75/100|[from] Hail
|-heal|p1a: Magnezone|82/100|[from] item: Leftovers
|upkeep
|turn|11
|
|t:|1653604296
|switch|p2a: Rillaboom|Rillaboom, M|100/100
|-fieldstart|move: Grassy Terrain|[from] ability: Grassy Surge|[of] p2a: Rillaboom
|move|p1a: Magnezone|Thunderbolt|p2a: Rillaboom
|-resisted|p2a: Rillaboom
|-damage|p2a: Rillaboom|87/100
|-status|p2a: Rillaboom|par
|
|-weather|Hail|[upkeep]
|-damage|p1a: Magnezone|75/100|[from] Hail
|-damage|p2a: Rillaboom|81/100 par|[from] Hail
|-heal|p1a: Magnezone|82/100|[from] Grassy Terrain
|-heal|p1a: Magnezone|88/100|[from] item: Leftovers
|-heal|p2a: Rillaboom|87/100 par|[from] Grassy Terrain
|upkeep
|turn|12
|c|☆Steelix Fusion|lmfao
|
|t:|1653604314
|move|p1a: Magnezone|Iron Defense|p1a: Magnezone
|-boost|p1a: Magnezone|def|2
|move|p2a: Rillaboom|Swords Dance|p2a: Rillaboom
|-boost|p2a: Rillaboom|atk|2
|
|-weather|Hail|[upkeep]
|-damage|p1a: Magnezone|82/100|[from] Hail
|-damage|p2a: Rillaboom|81/100 par|[from] Hail
|-heal|p1a: Magnezone|88/100|[from] Grassy Terrain
|-heal|p1a: Magnezone|94/100|[from] item: Leftovers
|-heal|p2a: Rillaboom|87/100 par|[from] Grassy Terrain
|upkeep
|turn|13
|
|t:|1653604324
|move|p1a: Magnezone|Iron Defense|p1a: Magnezone
|-boost|p1a: Magnezone|def|2
|move|p2a: Rillaboom|Superpower|p1a: Magnezone
|-supereffective|p1a: Magnezone
|-damage|p1a: Magnezone|41/100
|-unboost|p2a: Rillaboom|atk|1
|-unboost|p2a: Rillaboom|def|1
|-damage|p2a: Rillaboom|77/100 par|[from] item: Life Orb
|
|-weather|none
|-heal|p1a: Magnezone|47/100|[from] Grassy Terrain
|-heal|p1a: Magnezone|53/100|[from] item: Leftovers
|-heal|p2a: Rillaboom|83/100 par|[from] Grassy Terrain
|upkeep
|turn|14
|
|t:|1653604337
|switch|p2a: Volcarona|Volcarona, F|88/100 tox
|move|p1a: Magnezone|Substitute|p1a: Magnezone
|-start|p1a: Magnezone|Substitute
|-damage|p1a: Magnezone|28/100
|
|-heal|p2a: Volcarona|94/100 tox|[from] Grassy Terrain
|-heal|p1a: Magnezone|34/100|[from] Grassy Terrain
|-heal|p1a: Magnezone|40/100|[from] item: Leftovers
|-damage|p2a: Volcarona|88/100 tox|[from] psn
|upkeep
|turn|15
|
|t:|1653604347
|move|p2a: Volcarona|Fiery Dance|p1a: Magnezone
|-supereffective|p1a: Magnezone
|-end|p1a: Magnezone|Substitute
|move|p1a: Magnezone|Body Press|p2a: Volcarona
|-resisted|p2a: Volcarona
|-damage|p2a: Volcarona|63/100 tox
|
|-heal|p2a: Volcarona|69/100 tox|[from] Grassy Terrain
|-heal|p1a: Magnezone|46/100|[from] Grassy Terrain
|-heal|p1a: Magnezone|53/100|[from] item: Leftovers
|-damage|p2a: Volcarona|56/100 tox|[from] psn
|-fieldend|move: Grassy Terrain
|upkeep
|turn|16
|
|t:|1653604359
|switch|p1a: Latios|Latios, M|100/100
|move|p2a: Volcarona|Fiery Dance|p1a: Latios
|-resisted|p1a: Latios
|-damage|p1a: Latios|77/100
|
|-damage|p2a: Volcarona|38/100 tox|[from] psn
|upkeep
|turn|17
|
|t:|1653604369
|switch|p2a: Ninetales|Ninetales-Alola, M|76/100
|-weather|Hail|[from] ability: Snow Warning|[of] p2a: Ninetales
|move|p1a: Latios|Psychic|p2a: Ninetales
|-damage|p2a: Ninetales|39/100
|
|-weather|Hail|[upkeep]
|-damage|p1a: Latios|71/100|[from] Hail
|-sideend|p2: Steelix Fusion|move: Aurora Veil
|upkeep
|turn|18
|
|t:|1653604378
|switch|p2a: Klefki|Klefki, F|86/100
|move|p1a: Latios|Psychic|p2a: Klefki
|-resisted|p2a: Klefki
|-damage|p2a: Klefki|48/100
|
|-weather|Hail|[upkeep]
|-damage|p1a: Latios|65/100|[from] Hail
|-damage|p2a: Klefki|42/100|[from] Hail
|upkeep
|turn|19
|
|t:|1653604389
|move|p2a: Klefki|Light Screen|p2a: Klefki
|-sidestart|p2: Steelix Fusion|move: Light Screen
|move|p1a: Latios|Psychic|p2a: Klefki
|-resisted|p2a: Klefki
|-damage|p2a: Klefki|20/100
|
|-weather|Hail|[upkeep]
|-damage|p1a: Latios|59/100|[from] Hail
|-damage|p2a: Klefki|14/100|[from] Hail
|upkeep
|turn|20
|
|t:|1653604396
|switch|p1a: Magnezone|Magnezone|53/100
|switch|p2a: Ninetales|Ninetales-Alola, M|39/100
|
|-weather|Hail|[upkeep]
|-damage|p1a: Magnezone|46/100|[from] Hail
|-heal|p1a: Magnezone|53/100|[from] item: Leftovers
|upkeep
|turn|21
|
|t:|1653604404
|move|p2a: Ninetales|Aurora Veil|p2a: Ninetales
|-sidestart|p2: Steelix Fusion|move: Aurora Veil
|move|p1a: Magnezone|Thunderbolt|p2a: Ninetales
|-damage|p2a: Ninetales|17/100
|
|-weather|none
|-heal|p1a: Magnezone|59/100|[from] item: Leftovers
|upkeep
|turn|22
|
|t:|1653604412
|switch|p2a: Volcarona|Volcarona, F|38/100 tox
|move|p1a: Magnezone|Substitute|p1a: Magnezone
|-start|p1a: Magnezone|Substitute
|-damage|p1a: Magnezone|34/100
|
|-heal|p1a: Magnezone|40/100|[from] item: Leftovers
|-damage|p2a: Volcarona|32/100 tox|[from] psn
|upkeep
|turn|23
|j| Pepsi Nitro
|
|t:|1653604425
|move|p2a: Volcarona|Fiery Dance|p1a: Magnezone
|-supereffective|p1a: Magnezone
|-end|p1a: Magnezone|Substitute
|-boost|p2a: Volcarona|spa|1
|move|p1a: Magnezone|Thunderbolt|p2a: Volcarona
|-damage|p2a: Volcarona|11/100 tox
|
|-heal|p1a: Magnezone|46/100|[from] item: Leftovers
|-damage|p2a: Volcarona|0 fnt|[from] psn
|faint|p2a: Volcarona
|upkeep
|l| Pepsi Nitro
|
|t:|1653604447
|switch|p2a: Dragapult|Dragapult, M|100/100
|turn|24
|c|☆Steelix Fusion|time to play
|inactive|mopsticks v2 has 120 seconds left.
|
|t:|1653604478
|move|p2a: Dragapult|Dragon Dance|p2a: Dragapult
|-boost|p2a: Dragapult|atk|1
|-boost|p2a: Dragapult|spe|1
|move|p1a: Magnezone|Thunderbolt|p2a: Dragapult
|-resisted|p2a: Dragapult
|-damage|p2a: Dragapult|85/100
|
|-heal|p1a: Magnezone|52/100|[from] item: Leftovers
|upkeep
|turn|25
|
|t:|1653604486
|move|p2a: Dragapult|Fire Blast|p1a: Magnezone
|-supereffective|p1a: Magnezone
|-damage|p1a: Magnezone|0 fnt
|faint|p1a: Magnezone
|-damage|p2a: Dragapult|76/100|[from] item: Life Orb
|
|upkeep
|
|t:|1653604494
|switch|p1a: Corviknight|Corviknight, F|94/100
|-ability|p1a: Corviknight|Pressure
|turn|26
|
|t:|1653604498
|switch|p1a: Latios|Latios, M|59/100
|move|p2a: Dragapult|Fire Blast|p1a: Latios
|-resisted|p1a: Latios
|-damage|p1a: Latios|41/100
|-damage|p2a: Dragapult|66/100|[from] item: Life Orb
|
|-sideend|p2: Steelix Fusion|move: Light Screen
|upkeep
|turn|27
|
|t:|1653604510
|switch|p1a: Corviknight|Corviknight, F|94/100
|-ability|p1a: Corviknight|Pressure
|move|p2a: Dragapult|Dragon Darts|p1a: Corviknight
|-resisted|p1a: Corviknight
|-damage|p1a: Corviknight|79/100
|-anim|p2a: Dragapult|Dragon Darts|p1a: Corviknight
|-resisted|p1a: Corviknight
|-damage|p1a: Corviknight|65/100
|-damage|p2a: Dragapult|56/100|[from] item: Life Orb
|
|upkeep
|turn|28
|
|t:|1653604520
|move|p2a: Dragapult|Fire Blast|p1a: Corviknight
|-supereffective|p1a: Corviknight
|-damage|p1a: Corviknight|2/100
|-damage|p2a: Dragapult|46/100|[from] item: Life Orb
|move|p1a: Corviknight|Roost|p1a: Corviknight
|-heal|p1a: Corviknight|52/100
|-singleturn|p1a: Corviknight|move: Roost
|
|-sideend|p2: Steelix Fusion|move: Aurora Veil
|upkeep
|turn|29
|
|t:|1653604529
|move|p2a: Dragapult|Fire Blast|p1a: Corviknight|[miss]
|-miss|p2a: Dragapult|p1a: Corviknight
|move|p1a: Corviknight|Roost|p1a: Corviknight
|-heal|p1a: Corviknight|100/100
|-singleturn|p1a: Corviknight|move: Roost
|
|upkeep
|turn|30
|c|☆Steelix Fusion|lmfao
|c|☆Steelix Fusion|LMFAOOOOOOOOOOOOO
|
|t:|1653604538
|move|p2a: Dragapult|Dragon Dance|p2a: Dragapult
|-boost|p2a: Dragapult|atk|1
|-boost|p2a: Dragapult|spe|1
|move|p1a: Corviknight|Brave Bird|p2a: Dragapult
|-damage|p2a: Dragapult|0 fnt
|faint|p2a: Dragapult
|-damage|p1a: Corviknight|88/100|[from] Recoil
|
|upkeep
|c|☆Steelix Fusion|FUCKIN WIGGER MAN
|
|t:|1653604548
|switch|p2a: Ninetales|Ninetales-Alola, M|17/100
|-weather|Hail|[from] ability: Snow Warning|[of] p2a: Ninetales
|turn|31
|c|☆mopsticks v2|outplayed
|
|t:|1653604556
|move|p2a: Ninetales|Aurora Veil|p2a: Ninetales
|-sidestart|p2: Steelix Fusion|move: Aurora Veil
|move|p1a: Corviknight|Brave Bird|p2a: Ninetales
|-damage|p2a: Ninetales|0 fnt
|faint|p2a: Ninetales
|-damage|p1a: Corviknight|84/100|[from] Recoil
|
|-weather|Hail|[upkeep]
|-damage|p1a: Corviknight|78/100|[from] Hail
|upkeep
|c|☆Steelix Fusion|FUCKIN WIG
|c|☆Steelix Fusion|GOT A PARA
|c|☆Steelix Fusion|ON TBOLT
|c|☆Steelix Fusion|AND MISSE DFB
|
|t:|1653604568
|switch|p2a: Klefki|Klefki, F|14/100
|turn|32
|
|t:|1653604578
|move|p2a: Klefki|Thunder Wave|p1a: Corviknight
|-status|p1a: Corviknight|par
|move|p1a: Corviknight|Defog|p2a: Klefki
|-unboost|p2a: Klefki|evasion|1
|-sideend|p2: Steelix Fusion|move: Aurora Veil
|
|-weather|Hail|[upkeep]
|-damage|p2a: Klefki|8/100|[from] Hail
|-damage|p1a: Corviknight|72/100 par|[from] Hail
|upkeep
|turn|33
|
|t:|1653604585
|move|p2a: Klefki|Reflect|p2a: Klefki
|-sidestart|p2: Steelix Fusion|Reflect
|move|p1a: Corviknight|Brave Bird|p2a: Klefki
|-resisted|p2a: Klefki
|-damage|p2a: Klefki|0 fnt
|faint|p2a: Klefki
|-damage|p1a: Corviknight|71/100 par|[from] Recoil
|
|-weather|Hail|[upkeep]
|-damage|p1a: Corviknight|65/100 par|[from] Hail
|upkeep
|
|t:|1653604593
|switch|p2a: Scolipede|Scolipede, M|100/100
|turn|34
|
|t:|1653604598
|move|p2a: Scolipede|Swords Dance|p2a: Scolipede
|-boost|p2a: Scolipede|atk|2
|move|p1a: Corviknight|Brave Bird|p2a: Scolipede
|-supereffective|p2a: Scolipede
|-damage|p2a: Scolipede|58/100
|-damage|p1a: Corviknight|56/100 par|[from] Recoil
|
|-weather|Hail|[upkeep]
|-damage|p2a: Scolipede|52/100|[from] Hail
|-damage|p1a: Corviknight|50/100 par|[from] Hail
|-ability|p2a: Scolipede|Speed Boost|boost
|-boost|p2a: Scolipede|spe|1
|upkeep
|turn|35
|
|t:|1653604608
|move|p2a: Scolipede|Aqua Tail|p1a: Corviknight
|-damage|p1a: Corviknight|6/100 par
|-damage|p2a: Scolipede|35/100|[from] item: Rocky Helmet|[of] p1a: Corviknight
|-damage|p2a: Scolipede|25/100|[from] item: Life Orb
|move|p1a: Corviknight|Roost|p1a: Corviknight
|-heal|p1a: Corviknight|56/100 par
|-singleturn|p1a: Corviknight|move: Roost
|
|-weather|none
|-ability|p2a: Scolipede|Speed Boost|boost
|-boost|p2a: Scolipede|spe|1
|upkeep
|turn|36
|
|t:|1653604619
|move|p2a: Scolipede|Aqua Tail|p1a: Corviknight
|-damage|p1a: Corviknight|14/100 par
|-damage|p2a: Scolipede|9/100|[from] item: Rocky Helmet|[of] p1a: Corviknight
|-damage|p2a: Scolipede|0 fnt|[from] item: Life Orb
|faint|p2a: Scolipede
|move|p1a: Corviknight|Roost|p1a: Corviknight
|-heal|p1a: Corviknight|64/100 par
|-singleturn|p1a: Corviknight|move: Roost
|
|upkeep
|
|t:|1653604628
|switch|p2a: Rillaboom|Rillaboom, M|83/100 par
|-fieldstart|move: Grassy Terrain|[from] ability: Grassy Surge|[of] p2a: Rillaboom
|turn|37
|c|☆mopsticks v2|gg
|c|☆Steelix Fusion|PARA
|c|☆Steelix Fusion|MISSED FVB
|c|☆Steelix Fusion|this is what happens
|c|☆mopsticks v2|lmao
|c|☆Steelix Fusion|when noobs get lucky
|c|☆Steelix Fusion|and then rthink theyre good
|c|☆Steelix Fusion|with dumb luck
|
|t:|1653604650
|move|p2a: Rillaboom|Swords Dance|p2a: Rillaboom
|-boost|p2a: Rillaboom|atk|2
|move|p1a: Corviknight|Brave Bird|p2a: Rillaboom
|-supereffective|p2a: Rillaboom
|-damage|p2a: Rillaboom|41/100 par
|-damage|p1a: Corviknight|52/100 par|[from] Recoil
|
|-heal|p2a: Rillaboom|47/100 par|[from] Grassy Terrain
|upkeep
|turn|38
|
|t:|1653604659
|move|p2a: Rillaboom|Superpower|p1a: Corviknight
|-damage|p1a: Corviknight|0 fnt
|-unboost|p2a: Rillaboom|atk|1
|-unboost|p2a: Rillaboom|def|1
|-damage|p2a: Rillaboom|31/100 par|[from] item: Rocky Helmet|[of] p1a: Corviknight
|faint|p1a: Corviknight
|-damage|p2a: Rillaboom|21/100 par|[from] item: Life Orb
|
|-heal|p2a: Rillaboom|27/100 par|[from] Grassy Terrain
|upkeep
|
|t:|1653604668
|switch|p1a: Urshifu|Urshifu-Rapid-Strike, M|100/100
|turn|39
|
|t:|1653604670
|move|p1a: Urshifu|Aqua Jet|p2a: Rillaboom
|-resisted|p2a: Rillaboom
|-damage|p2a: Rillaboom|15/100 par
|move|p2a: Rillaboom|Grassy Glide|p1a: Urshifu
|-supereffective|p1a: Urshifu
|-damage|p1a: Urshifu|0 fnt
|faint|p1a: Urshifu
|-damage|p2a: Rillaboom|5/100 par|[from] item: Life Orb
|
|-heal|p2a: Rillaboom|11/100 par|[from] Grassy Terrain
|upkeep
|
|t:|1653604676
|switch|p1a: Weavile|Weavile, M|100/100
|-ability|p1a: Weavile|Pressure
|turn|40
|
|t:|1653604682
|move|p1a: Weavile|Ice Shard|p2a: Rillaboom
|-supereffective|p2a: Rillaboom
|-damage|p2a: Rillaboom|0 fnt
|faint|p2a: Rillaboom
|-damage|p1a: Weavile|91/100|[from] item: Life Orb
|
|win|mopsticks v2
|raw|mopsticks v2's rating: 1669 &rarr; <strong>1688</strong><br />(+19 for winning)
|raw|Steelix Fusion's rating: 1655 &rarr; <strong>1636</strong><br />(-19 for losing)
|c|☆Steelix Fusion|wow
|c|☆Steelix Fusion|look at that
|c|☆Steelix Fusion|damn near won with a para boom
|c|☆Steelix Fusion|shit stained faget
|n|‽Steelix Fusion|steelixfusion
|c|&|/log Steelix Fusion was locked from talking by Artemis (☆Steelix Fusion: shit stained faget)
|c|&|/raw <small>This action was done automatically. Want to learn more about the AI? <a href="https://www.smogon.com/forums/threads/3570628/#post-9056769">Visit the information thread</a>.</small>
|j|%Eli
|n|‽Steelix Fusion|steelixfusion
|c|%Eli|/log Steelix Fusion was locked from talking for a week by Eli. (rude, homophobic slur)
|l|%Eli
||Ladder isn't responding, score probably updated but might not have (Request timeout).
