|j|☆Geenobe
|j|☆minimax_ai
|t:|1663626254
|gametype|singles
|player|p1|Geenobe|102|1472
|player|p2|minimax_ai|lusamine-nihilego|1536
|teamsize|p1|6
|teamsize|p2|6
|gen|8
|tier|[Gen 8] OU
|rated|
|rule|Sleep Clause Mod: Limit one foe put to sleep
|rule|Species Clause: Limit one of each Pokémon
|rule|OHKO Clause: OHKO moves are banned
|rule|Evasion Items Clause: Evasion items are banned
|rule|Evasion Moves Clause: Evasion moves are banned
|rule|Endless Battle Clause: Forcing endless battles is banned
|rule|HP Percentage Mod: HP is shown in percentages
|rule|Dynamax Clause: You cannot dynamax
|clearpoke
|poke|p1|Blaziken, F|
|poke|p1|Clefable, F|
|poke|p1|Moltres-Galar|
|poke|p1|Regieleki|
|poke|p1|Tapu Koko|
|poke|p1|Dragapult, M|
|poke|p2|Rotom-Wash|
|poke|p2|Weavile, F|
|poke|p2|Landorus-Therian, M|
|poke|p2|Heatran, M|
|poke|p2|Tangrowth, M|
|poke|p2|Melmetal|
|teampreview
|c|☆minimax_ai|hf
|inactive|Battle timer is ON: inactive players will automatically lose when time's up. (requested by minimax_ai)
|c|☆Geenobe|U2
|
|t:|1663626277
|start
|switch|p1a: Tapu Koko|Tapu Koko|100/100
|switch|p2a: landorustherian|Landorus-Therian, M|100/100
|-fieldstart|move: Electric Terrain|[from] ability: Electric Surge|[of] p1a: Tapu Koko
|-ability|p2a: landorustherian|Intimidate|boost
|-unboost|p1a: Tapu Koko|atk|1
|turn|1
|
|t:|1663626284
|move|p1a: Tapu Koko|Taunt|p2a: landorustherian
|-start|p2a: landorustherian|move: Taunt
|cant|p2a: landorustherian|move: Taunt|Toxic
|
|upkeep
|turn|2
|
|t:|1663626286
|move|p1a: Tapu Koko|Reflect|p1a: Tapu Koko
|-sidestart|p1: Geenobe|Reflect
|move|p2a: landorustherian|Earthquake|p1a: Tapu Koko
|-supereffective|p1a: Tapu Koko
|-damage|p1a: Tapu Koko|46/100
|
|upkeep
|turn|3
|
|t:|1663626290
|move|p1a: Tapu Koko|Light Screen|p1a: Tapu Koko
|-sidestart|p1: Geenobe|move: Light Screen
|move|p2a: landorustherian|Earthquake|p1a: Tapu Koko
|-supereffective|p1a: Tapu Koko
|-damage|p1a: Tapu Koko|0 fnt
|faint|p1a: Tapu Koko
|
|-end|p2a: landorustherian|move: Taunt
|upkeep
|
|t:|1663626297
|switch|p1a: Moltres|Moltres-Galar|100/100
|turn|4
|
|t:|1663626303
|move|p1a: Moltres|Nasty Plot|p1a: Moltres
|-boost|p1a: Moltres|spa|2
|move|p2a: landorustherian|Defog|p1a: Moltres
|-unboost|p1a: Moltres|evasion|1
|-sideend|p1: Geenobe|Reflect
|-sideend|p1: Geenobe|move: Light Screen
|-fieldend|move: Electric Terrain
|
|upkeep
|turn|5
|
|t:|1663626306
|move|p1a: Moltres|Agility|p1a: Moltres
|-boost|p1a: Moltres|spe|2
|move|p2a: landorustherian|Toxic|p1a: Moltres
|-status|p1a: Moltres|tox
|
|-damage|p1a: Moltres|94/100 tox|[from] psn
|upkeep
|turn|6
|
|t:|1663626309
|switch|p2a: Melmetal|Melmetal|100/100
|move|p1a: Moltres|Nasty Plot|p1a: Moltres
|-boost|p1a: Moltres|spa|2
|
|-damage|p1a: Moltres|82/100 tox|[from] psn
|upkeep
|turn|7
|
|t:|1663626312
|move|p1a: Moltres|Fiery Wrath|p2a: Melmetal
|-damage|p2a: Melmetal|30/100
|move|p2a: Melmetal|Double Iron Bash|p1a: Moltres
|-damage|p1a: Moltres|33/100 tox
|-crit|p1a: Moltres
|-damage|p1a: Moltres|0 fnt
|faint|p1a: Moltres
|-hitcount|p1: Moltres|2
|
|upkeep
|
|t:|1663626324
|switch|p1a: Blaziken|Blaziken, F|100/100
|turn|8
|
|t:|1663626328
|move|p1a: Blaziken|Close Combat|p2a: Melmetal
|-supereffective|p2a: Melmetal
|-damage|p2a: Melmetal|0 fnt
|-unboost|p1a: Blaziken|def|1
|-unboost|p1a: Blaziken|spd|1
|faint|p2a: Melmetal
|-damage|p1a: Blaziken|91/100|[from] item: Life Orb
|
|-ability|p1a: Blaziken|Speed Boost|boost
|-boost|p1a: Blaziken|spe|1
|upkeep
|
|t:|1663626328
|switch|p2a: landorustherian|Landorus-Therian, M|100/100
|-ability|p2a: landorustherian|Intimidate|boost
|-unboost|p1a: Blaziken|atk|1
|turn|9
|
|t:|1663626337
|switch|p1a: Regieleki|Regieleki|100/100
|move|p2a: landorustherian|Earthquake|p1a: Regieleki
|-supereffective|p1a: Regieleki
|-damage|p1a: Regieleki|0 fnt
|faint|p1a: Regieleki
|
|upkeep
|
|t:|1663626342
|switch|p1a: Dragapult|Dragapult, M|100/100
|turn|10
|
|t:|1663626344
|move|p1a: Dragapult|Substitute|p1a: Dragapult
|-start|p1a: Dragapult|Substitute
|-damage|p1a: Dragapult|76/100
|move|p2a: landorustherian|Earthquake|p1a: Dragapult
|-end|p1a: Dragapult|Substitute
|
|-heal|p1a: Dragapult|82/100|[from] item: Leftovers
|upkeep
|turn|11
|
|t:|1663626350
|move|p1a: Dragapult|Dragon Dance|p1a: Dragapult
|-boost|p1a: Dragapult|atk|1
|-boost|p1a: Dragapult|spe|1
|move|p2a: landorustherian|Earthquake|p1a: Dragapult
|-damage|p1a: Dragapult|11/100
|
|-heal|p1a: Dragapult|17/100|[from] item: Leftovers
|upkeep
|turn|12
|
|t:|1663626353
|move|p1a: Dragapult|Dragon Darts|p2a: landorustherian
|-damage|p2a: landorustherian|64/100
|-anim|p1a: Dragapult|Dragon Darts|p2a: landorustherian
|-damage|p2a: landorustherian|23/100
|move|p2a: landorustherian|Earthquake|p1a: Dragapult
|-damage|p1a: Dragapult|0 fnt
|faint|p1a: Dragapult
|
|-heal|p2a: landorustherian|29/100|[from] item: Leftovers
|upkeep
|
|t:|1663626362
|switch|p1a: Blaziken|Blaziken, F|91/100
|turn|13
|
|t:|1663626366
|move|p1a: Blaziken|Flare Blitz|p2a: landorustherian
|-damage|p2a: landorustherian|0 fnt
|faint|p2a: landorustherian
|-damage|p1a: Blaziken|79/100|[from] Recoil
|-damage|p1a: Blaziken|69/100|[from] item: Life Orb
|
|-ability|p1a: Blaziken|Speed Boost|boost
|-boost|p1a: Blaziken|spe|1
|upkeep
|
|t:|1663626366
|switch|p2a: rotomwash|Rotom-Wash|100/100
|turn|14
|
|t:|1663626371
|move|p1a: Blaziken|Close Combat|p2a: rotomwash
|-damage|p2a: rotomwash|6/100
|-unboost|p1a: Blaziken|def|1
|-unboost|p1a: Blaziken|spd|1
|-damage|p1a: Blaziken|59/100|[from] item: Life Orb
|move|p2a: rotomwash|Hydro Pump|p1a: Blaziken
|-supereffective|p1a: Blaziken
|-damage|p1a: Blaziken|0 fnt
|faint|p1a: Blaziken
|
|-heal|p2a: rotomwash|13/100|[from] item: Leftovers
|upkeep
|
|t:|1663626375
|switch|p1a: Clefable|Clefable, F|100/100
|turn|15
|
|t:|1663626383
|move|p2a: rotomwash|Pain Split|p1a: Clefable
|-sethp|p1a: Clefable|55/100|[from] move: Pain Split|[silent]
|-sethp|p2a: rotomwash|71/100|[from] move: Pain Split
|move|p1a: Clefable|Moonblast|p2a: rotomwash
|-damage|p2a: rotomwash|30/100
|-unboost|p2a: rotomwash|spa|1
|
|-heal|p2a: rotomwash|36/100|[from] item: Leftovers
|upkeep
|turn|16
|
|t:|1663626388
|move|p2a: rotomwash|Pain Split|p1a: Clefable
|-sethp|p1a: Clefable|41/100|[from] move: Pain Split|[silent]
|-sethp|p2a: rotomwash|53/100|[from] move: Pain Split
|move|p1a: Clefable|Soft-Boiled|p1a: Clefable
|-heal|p1a: Clefable|91/100
|
|-heal|p2a: rotomwash|60/100|[from] item: Leftovers
|upkeep
|turn|17
|
|t:|1663626392
|move|p2a: rotomwash|Pain Split|p1a: Clefable
|-sethp|p1a: Clefable|69/100|[from] move: Pain Split|[silent]
|-sethp|p2a: rotomwash|89/100|[from] move: Pain Split
|move|p1a: Clefable|Calm Mind|p1a: Clefable
|-boost|p1a: Clefable|spa|1
|-boost|p1a: Clefable|spd|1
|
|-heal|p2a: rotomwash|95/100|[from] item: Leftovers
|upkeep
|turn|18
|
|t:|1663626398
|switch|p2a: Heatran|Heatran, M|100/100
|-item|p2a: Heatran|Air Balloon
|move|p1a: Clefable|Soft-Boiled|p1a: Clefable
|-heal|p1a: Clefable|100/100
|
|upkeep
|turn|19
|
|t:|1663626404
|move|p2a: Heatran|Magma Storm|p1a: Clefable
|-damage|p1a: Clefable|70/100
|-activate|p1a: Clefable|move: Magma Storm|[of] p2a: Heatran
|move|p1a: Clefable|Thunderbolt|p2a: Heatran
|-damage|p2a: Heatran|65/100
|-enditem|p2a: Heatran|Air Balloon
|
|upkeep
|turn|20
|
|t:|1663626410
|move|p2a: Heatran|Magma Storm|p1a: Clefable
|-damage|p1a: Clefable|40/100
|move|p1a: Clefable|Calm Mind|p1a: Clefable
|-boost|p1a: Clefable|spa|1
|-boost|p1a: Clefable|spd|1
|
|upkeep
|turn|21
|
|t:|1663626414
|move|p2a: Heatran|Magma Storm|p1a: Clefable|[miss]
|-miss|p2a: Heatran|p1a: Clefable
|move|p1a: Clefable|Soft-Boiled|p1a: Clefable
|-heal|p1a: Clefable|90/100
|
|upkeep
|turn|22
|
|t:|1663626416
|move|p2a: Heatran|Magma Storm|p1a: Clefable
|-damage|p1a: Clefable|64/100
|move|p1a: Clefable|Thunderbolt|p2a: Heatran
|-damage|p2a: Heatran|9/100
|
|upkeep
|turn|23
|
|t:|1663626418
|move|p2a: Heatran|Magma Storm|p1a: Clefable
|-damage|p1a: Clefable|39/100
|move|p1a: Clefable|Soft-Boiled|p1a: Clefable
|-heal|p1a: Clefable|89/100
|
|-end|p1a: Clefable|Magma Storm|[partiallytrapped]
|upkeep
|turn|24
|
|t:|1663626424
|move|p2a: Heatran|Magma Storm|p1a: Clefable
|-damage|p1a: Clefable|65/100
|-activate|p1a: Clefable|move: Magma Storm|[of] p2a: Heatran
|move|p1a: Clefable|Calm Mind|p1a: Clefable
|-boost|p1a: Clefable|spa|1
|-boost|p1a: Clefable|spd|1
|
|upkeep
|turn|25
|
|t:|1663626427
|move|p2a: Heatran|Magma Storm|p1a: Clefable
|-damage|p1a: Clefable|44/100
|move|p1a: Clefable|Soft-Boiled|p1a: Clefable
|-heal|p1a: Clefable|94/100
|
|upkeep
|turn|26
|
|t:|1663626432
|move|p2a: Heatran|Magma Storm|p1a: Clefable
|-damage|p1a: Clefable|74/100
|move|p1a: Clefable|Thunderbolt|p2a: Heatran
|-damage|p2a: Heatran|0 fnt
|faint|p2a: Heatran
|
|-end|p1a: Clefable|Magma Storm|[partiallytrapped]|[silent]
|upkeep
|
|t:|1663626432
|switch|p2a: Weavile|Weavile, F|100/100
|-ability|p2a: Weavile|Pressure
|turn|27
|
|t:|1663626435
|move|p2a: Weavile|Triple Axel|p1a: Clefable
|-damage|p1a: Clefable|61/100
|-damage|p1a: Clefable|35/100
|-damage|p1a: Clefable|2/100
|-hitcount|p1a: Clefable|3
|move|p1a: Clefable|Moonblast|p2a: Weavile
|-supereffective|p2a: Weavile
|-damage|p2a: Weavile|0 fnt
|faint|p2a: Weavile
|
|upkeep
|
|t:|1663626435
|switch|p2a: rotomwash|Rotom-Wash|95/100
|turn|28
|
|t:|1663626440
|move|p2a: rotomwash|Thunderbolt|p1a: Clefable
|-damage|p1a: Clefable|0 fnt
|faint|p1a: Clefable
|
|win|minimax_ai
|raw|Geenobe's rating: 1472 &rarr; <strong>1456</strong><br />(-16 for losing)
|raw|minimax_ai's rating: 1536 &rarr; <strong>1552</strong><br />(+16 for winning)
|c|☆minimax_ai|gg
