|j|☆want and wish
|j|☆minimax_ai
|t:|1662755656
|gametype|singles
|player|p1|want and wish|wallace|1576
|player|p2|minimax_ai|lusamine-nihilego|1646
|teamsize|p1|6
|teamsize|p2|6
|gen|8
|tier|[Gen 8] OU
|rated|
|rule|Sleep Clause Mod: Limit one foe put to sleep
|rule|Species Clause: Limit one of each Pokémon
|rule|OHKO Clause: OHKO moves are banned
|rule|Evasion Items Clause: Evasion items are banned
|rule|Evasion Moves Clause: Evasion moves are banned
|rule|Endless Battle Clause: Forcing endless battles is banned
|rule|HP Percentage Mod: HP is shown in percentages
|rule|Dynamax Clause: You cannot dynamax
|clearpoke
|poke|p1|Ninetales-Alola, M|
|poke|p1|Heatran, M|
|poke|p1|Landorus-Therian, M|
|poke|p1|Tapu Fini|
|poke|p1|Arctozolt|
|poke|p1|Kartana|
|poke|p2|Rotom-Wash|
|poke|p2|Weavile, M|
|poke|p2|Landorus-Therian, M|
|poke|p2|Heatran, M|
|poke|p2|Tangrowth, M|
|poke|p2|Melmetal|
|teampreview
|inactive|Battle timer is ON: inactive players will automatically lose when time's up. (requested by want and wish)
|c|☆minimax_ai|hf
|inactive|minimax_ai also wants the timer to be on.
|
|t:|1662755659
|start
|switch|p1a: Frozen Soul|Ninetales-Alola, M, shiny|100/100
|switch|p2a: Melmetal|Melmetal|100/100
|-weather|Hail|[from] ability: Snow Warning|[of] p1a: Frozen Soul
|turn|1
|
|t:|1662755662
|switch|p1a: Chaos|Heatran, M|100/100
|-item|p1a: Chaos|Air Balloon
|move|p2a: Melmetal|Double Iron Bash|p1a: Chaos
|-resisted|p1a: Chaos
|-damage|p1a: Chaos|89/100
|-enditem|p1a: Chaos|Air Balloon
|-resisted|p1a: Chaos
|-damage|p1a: Chaos|79/100
|-hitcount|p1a: Chaos|2
|
|-weather|Hail|[upkeep]
|-damage|p1a: Chaos|73/100|[from] Hail
|-damage|p2a: Melmetal|94/100|[from] Hail
|upkeep
|turn|2
|
|t:|1662755663
|move|p1a: Chaos|Stealth Rock|p2a: Melmetal
|-sidestart|p2: minimax_ai|move: Stealth Rock
|move|p2a: Melmetal|Earthquake|p1a: Chaos
|-supereffective|p1a: Chaos
|-damage|p1a: Chaos|0 fnt
|faint|p1a: Chaos
|
|-weather|Hail|[upkeep]
|-damage|p2a: Melmetal|88/100|[from] Hail
|upkeep
|
|t:|1662755666
|switch|p1a: Enten|Landorus-Therian, M, shiny|100/100
|-ability|p1a: Enten|Intimidate|boost
|-unboost|p2a: Melmetal|atk|1
|turn|3
|
|t:|1662755668
|move|p1a: Enten|Earthquake|p2a: Melmetal
|-supereffective|p2a: Melmetal
|-damage|p2a: Melmetal|38/100
|move|p2a: Melmetal|Ice Punch|p1a: Enten
|-supereffective|p1a: Enten
|-damage|p1a: Enten|12/100
|
|-weather|Hail|[upkeep]
|-damage|p1a: Enten|6/100|[from] Hail
|-damage|p2a: Melmetal|32/100|[from] Hail
|-heal|p1a: Enten|12/100|[from] item: Leftovers
|upkeep
|turn|4
|
|t:|1662755670
|switch|p2a: Heatran|Heatran, M|100/100
|-damage|p2a: Heatran|88/100|[from] Stealth Rock
|-item|p2a: Heatran|Air Balloon
|move|p1a: Enten|U-turn|p2a: Heatran
|-resisted|p2a: Heatran
|-damage|p2a: Heatran|83/100
|-enditem|p2a: Heatran|Air Balloon
|
|t:|1662755675
|switch|p1a: Raven|Tapu Fini, shiny|100/100|[from]move: U-turn
|-fieldstart|move: Misty Terrain|[from] ability: Misty Surge|[of] p1a: Raven
|
|-weather|Hail|[upkeep]
|-damage|p2a: Heatran|77/100|[from] Hail
|-damage|p1a: Raven|94/100|[from] Hail
|-heal|p1a: Raven|100/100|[from] item: Leftovers
|upkeep
|turn|5
|
|t:|1662755677
|switch|p2a: rotomwash|Rotom-Wash|100/100
|-damage|p2a: rotomwash|88/100|[from] Stealth Rock
|move|p1a: Raven|Calm Mind|p1a: Raven
|-boost|p1a: Raven|spa|1
|-boost|p1a: Raven|spd|1
|
|-weather|Hail|[upkeep]
|-damage|p2a: rotomwash|82/100|[from] Hail
|-damage|p1a: Raven|94/100|[from] Hail
|-heal|p2a: rotomwash|88/100|[from] item: Leftovers
|-heal|p1a: Raven|100/100|[from] item: Leftovers
|upkeep
|turn|6
|
|t:|1662755679
|move|p2a: rotomwash|Nasty Plot|p2a: rotomwash
|-boost|p2a: rotomwash|spa|2
|move|p1a: Raven|Calm Mind|p1a: Raven
|-boost|p1a: Raven|spa|1
|-boost|p1a: Raven|spd|1
|
|-weather|Hail|[upkeep]
|-damage|p2a: rotomwash|82/100|[from] Hail
|-damage|p1a: Raven|94/100|[from] Hail
|-heal|p2a: rotomwash|88/100|[from] item: Leftovers
|-heal|p1a: Raven|100/100|[from] item: Leftovers
|upkeep
|turn|7
|
|t:|1662755680
|move|p2a: rotomwash|Thunderbolt|p1a: Raven
|-supereffective|p1a: Raven
|-damage|p1a: Raven|42/100
|move|p1a: Raven|Draining Kiss|p2a: rotomwash
|-damage|p2a: rotomwash|50/100
|-heal|p1a: Raven|69/100|[from] drain|[of] p2a: rotomwash
|
|-weather|Hail|[upkeep]
|-damage|p2a: rotomwash|44/100|[from] Hail
|-damage|p1a: Raven|63/100|[from] Hail
|-heal|p2a: rotomwash|50/100|[from] item: Leftovers
|-heal|p1a: Raven|69/100|[from] item: Leftovers
|upkeep
|turn|8
|
|t:|1662755681
|move|p2a: rotomwash|Thunderbolt|p1a: Raven
|-supereffective|p1a: Raven
|-damage|p1a: Raven|11/100
|move|p1a: Raven|Draining Kiss|p2a: rotomwash
|-damage|p2a: rotomwash|12/100
|-heal|p1a: Raven|39/100|[from] drain|[of] p2a: rotomwash
|
|-weather|none
|-heal|p2a: rotomwash|19/100|[from] item: Leftovers
|-heal|p1a: Raven|45/100|[from] item: Leftovers
|-fieldend|Misty Terrain
|upkeep
|turn|9
|
|t:|1662755683
|move|p2a: rotomwash|Thunderbolt|p1a: Raven
|-supereffective|p1a: Raven
|-damage|p1a: Raven|0 fnt
|faint|p1a: Raven
|
|-heal|p2a: rotomwash|25/100|[from] item: Leftovers
|upkeep
|
|t:|1662755685
|switch|p1a: Frozen Soul|Ninetales-Alola, M, shiny|100/100
|-weather|Hail|[from] ability: Snow Warning|[of] p1a: Frozen Soul
|turn|10
|
|t:|1662755689
|move|p1a: Frozen Soul|Freeze-Dry|p2a: rotomwash
|-supereffective|p2a: rotomwash
|-damage|p2a: rotomwash|0 fnt
|faint|p2a: rotomwash
|
|-weather|Hail|[upkeep]
|upkeep
|
|t:|1662755689
|switch|p2a: Melmetal|Melmetal|32/100
|-damage|p2a: Melmetal|26/100|[from] Stealth Rock
|turn|11
|
|t:|1662755690
|move|p1a: Frozen Soul|Hypnosis|p2a: Melmetal
|-status|p2a: Melmetal|slp|[from] move: Hypnosis
|cant|p2a: Melmetal|slp
|
|-weather|Hail|[upkeep]
|-damage|p2a: Melmetal|20/100 slp|[from] Hail
|upkeep
|turn|12
|
|t:|1662755692
|switch|p1a: Deathstroke|Kartana, shiny|100/100
|cant|p2a: Melmetal|slp
|
|-weather|Hail|[upkeep]
|-damage|p1a: Deathstroke|94/100|[from] Hail
|-damage|p2a: Melmetal|13/100 slp|[from] Hail
|upkeep
|turn|13
|
|t:|1662755694
|switch|p2a: Tangrowth|Tangrowth, M|100/100
|-damage|p2a: Tangrowth|88/100|[from] Stealth Rock
|move|p1a: Deathstroke|Knock Off|p2a: Tangrowth
|-damage|p2a: Tangrowth|64/100
|-damage|p1a: Deathstroke|78/100|[from] item: Rocky Helmet|[of] p2a: Tangrowth
|-enditem|p2a: Tangrowth|Rocky Helmet|[from] move: Knock Off|[of] p1a: Deathstroke
|
|-weather|Hail|[upkeep]
|-damage|p1a: Deathstroke|72/100|[from] Hail
|-damage|p2a: Tangrowth|58/100|[from] Hail
|upkeep
|turn|14
|
|t:|1662755697
|switch|p1a: Enten|Landorus-Therian, M, shiny|12/100
|-ability|p1a: Enten|Intimidate|boost
|-unboost|p2a: Tangrowth|atk|1
|move|p2a: Tangrowth|Giga Drain|p1a: Enten
|-damage|p1a: Enten|0 fnt
|-heal|p2a: Tangrowth|64/100|[from] drain|[of] p1a: Enten
|faint|p1a: Enten
|
|-weather|Hail|[upkeep]
|-damage|p2a: Tangrowth|58/100|[from] Hail
|upkeep
|
|t:|1662755698
|switch|p1a: Destroyer|Arctozolt, shiny|100/100
|turn|15
|
|t:|1662755701
|switch|p2a: Melmetal|Melmetal|13/100 slp
|-damage|p2a: Melmetal|7/100 slp|[from] Stealth Rock
|move|p1a: Destroyer|Blizzard|p2a: Melmetal
|-resisted|p2a: Melmetal
|-damage|p2a: Melmetal|0 fnt
|faint|p2a: Melmetal
|
|-weather|Hail|[upkeep]
|upkeep
|
|t:|1662755702
|switch|p2a: landorustherian|Landorus-Therian, M|100/100
|-damage|p2a: landorustherian|88/100|[from] Stealth Rock
|-ability|p2a: landorustherian|Intimidate|boost
|-unboost|p1a: Destroyer|atk|1
|turn|16
|
|t:|1662755703
|switch|p2a: Heatran|Heatran, M|77/100
|-damage|p2a: Heatran|64/100|[from] Stealth Rock
|move|p1a: Destroyer|Blizzard|p2a: Heatran
|-resisted|p2a: Heatran
|-damage|p2a: Heatran|56/100
|
|-weather|Hail|[upkeep]
|-damage|p2a: Heatran|50/100|[from] Hail
|upkeep
|turn|17
|
|t:|1662755708
|move|p1a: Destroyer|Low Kick|p2a: Heatran
|-supereffective|p2a: Heatran
|-damage|p2a: Heatran|0 fnt
|faint|p2a: Heatran
|
|-weather|none
|upkeep
|
|t:|1662755708
|switch|p2a: Weavile|Weavile, M|100/100
|-damage|p2a: Weavile|76/100|[from] Stealth Rock
|-ability|p2a: Weavile|Pressure
|turn|18
|
|t:|1662755710
|switch|p1a: Frozen Soul|Ninetales-Alola, M, shiny|100/100
|-weather|Hail|[from] ability: Snow Warning|[of] p1a: Frozen Soul
|move|p2a: Weavile|Low Kick|p1a: Frozen Soul
|-damage|p1a: Frozen Soul|78/100
|
|-weather|Hail|[upkeep]
|upkeep
|turn|19
|
|t:|1662755714
|move|p2a: Weavile|Low Kick|p1a: Frozen Soul
|-damage|p1a: Frozen Soul|52/100
|move|p1a: Frozen Soul|Hypnosis|p2a: Weavile|[miss]
|-miss|p1a: Frozen Soul|p2a: Weavile
|
|-weather|Hail|[upkeep]
|upkeep
|turn|20
|
|t:|1662755716
|move|p2a: Weavile|Low Kick|p1a: Frozen Soul
|-damage|p1a: Frozen Soul|29/100
|move|p1a: Frozen Soul|Hypnosis|p2a: Weavile
|-status|p2a: Weavile|slp|[from] move: Hypnosis
|
|-weather|Hail|[upkeep]
|upkeep
|turn|21
|
|t:|1662755719
|switch|p1a: Destroyer|Arctozolt, shiny|100/100
|cant|p2a: Weavile|slp
|
|-weather|Hail|[upkeep]
|upkeep
|turn|22
|
|t:|1662755721
|move|p1a: Destroyer|Low Kick|p2a: Weavile
|-supereffective|p2a: Weavile
|-damage|p2a: Weavile|0 fnt
|faint|p2a: Weavile
|
|-weather|Hail|[upkeep]
|upkeep
|
|t:|1662755721
|switch|p2a: Tangrowth|Tangrowth, M|91/100
|-damage|p2a: Tangrowth|78/100|[from] Stealth Rock
|turn|23
|
|t:|1662755723
|move|p1a: Destroyer|Blizzard|p2a: Tangrowth
|-supereffective|p2a: Tangrowth
|-damage|p2a: Tangrowth|0 fnt
|faint|p2a: Tangrowth
|
|-weather|Hail|[upkeep]
|upkeep
|
|t:|1662755723
|switch|p2a: landorustherian|Landorus-Therian, M|88/100
|-damage|p2a: landorustherian|76/100|[from] Stealth Rock
|-ability|p2a: landorustherian|Intimidate|boost
|-unboost|p1a: Destroyer|atk|1
|turn|24
|
|t:|1662755724
|move|p1a: Destroyer|Blizzard|p2a: landorustherian
|-supereffective|p2a: landorustherian
|-damage|p2a: landorustherian|0 fnt
|faint|p2a: landorustherian
|
|win|want and wish
|raw|want and wish's rating: 1576 &rarr; <strong>1600</strong><br />(+24 for winning)
|raw|minimax_ai's rating: 1646 &rarr; <strong>1622</strong><br />(-24 for losing)
|c|☆minimax_ai|gg
