|j|☆AlIoutdragadarts
|j|☆BeastyJ157
|inactive|Battle timer is ON: inactive players will automatically lose when time's up.
|t:|1645835512
|gametype|singles
|player|p1|AlIoutdragadarts|picnicker|
|player|p2|BeastyJ157|skierf|
|teamsize|p1|6
|teamsize|p2|6
|gen|8
|tier|[Gen 8] OU
|rated|Tournament battle
|rule|Sleep Clause Mod: Limit one foe put to sleep
|rule|Species Clause: Limit one of each Pokémon
|rule|OHKO Clause: OHKO moves are banned
|rule|Evasion Moves Clause: Evasion moves are banned
|rule|Endless Battle Clause: Forcing endless battles is banned
|rule|HP Percentage Mod: HP is shown in percentages
|rule|Dynamax Clause: You cannot dynamax
|clearpoke
|poke|p1|Heatran, M|
|poke|p1|Weavile, M|
|poke|p1|Landorus-Therian, M|
|poke|p1|Tapu Bulu|
|poke|p1|Kartana|
|poke|p1|Dragapult, M|
|poke|p2|Zamazenta-*|
|poke|p2|Spectrier|
|poke|p2|Urshifu-*, M|
|poke|p2|Magearna|
|poke|p2|Pheromosa|
|poke|p2|Mew|
|teampreview
|inactive|BeastyJ157 also wants the timer to be on.
|j|%Mimikyu Stardust
|c|☆BeastyJ157|Bulu tran nice
|j| Lord Falinks
|
|t:|1645835541
|start
|switch|p1a: Weavile|Weavile, M, shiny|100/100
|switch|p2a: Pheromosa|Pheromosa|100/100
|-ability|p1a: Weavile|Pressure
|turn|1
|
|t:|1645835551
|switch|p1a: Dragapult|Dragapult, M, shiny|100/100
|move|p2a: Pheromosa|U-turn|p1a: Dragapult
|-resisted|p1a: Dragapult
|-damage|p1a: Dragapult|59/100
|
|t:|1645835559
|switch|p2a: Magearna|Magearna|100/100|[from]move: U-turn
|
|upkeep
|turn|2
|
|t:|1645835566
|switch|p1a: Heatran|Heatran, M, shiny|100/100
|move|p2a: Magearna|Volt Switch|p1a: Heatran
|-damage|p1a: Heatran|83/100
|
|t:|1645835570
|switch|p2a: Spectrier|Spectrier|100/100|[from]move: Volt Switch
|
|-heal|p1a: Heatran|89/100|[from] item: Leftovers
|upkeep
|turn|3
|
|t:|1645835576
|move|p2a: Spectrier|Substitute|p2a: Spectrier
|-start|p2a: Spectrier|Substitute
|-damage|p2a: Spectrier|76/100
|move|p1a: Heatran|Magma Storm|p2a: Spectrier|[miss]
|-miss|p1a: Heatran|p2a: Spectrier
|
|-heal|p2a: Spectrier|82/100|[from] item: Leftovers
|-heal|p1a: Heatran|95/100|[from] item: Leftovers
|upkeep
|turn|4
|
|t:|1645835586
|move|p2a: Spectrier|Nasty Plot|p2a: Spectrier
|-boost|p2a: Spectrier|spa|2
|move|p1a: Heatran|Earth Power|p2a: Spectrier
|-end|p2a: Spectrier|Substitute
|
|-heal|p2a: Spectrier|88/100|[from] item: Leftovers
|-heal|p1a: Heatran|100/100|[from] item: Leftovers
|upkeep
|turn|5
|
|t:|1645835593
|move|p2a: Spectrier|Substitute|p2a: Spectrier
|-start|p2a: Spectrier|Substitute
|-damage|p2a: Spectrier|63/100
|move|p1a: Heatran|Magma Storm|p2a: Spectrier
|-end|p2a: Spectrier|Substitute
|
|-heal|p2a: Spectrier|69/100|[from] item: Leftovers
|upkeep
|turn|6
|
|t:|1645835598
|move|p2a: Spectrier|Shadow Ball|p1a: Heatran
|-damage|p1a: Heatran|27/100
|move|p1a: Heatran|Magma Storm|p2a: Spectrier
|-damage|p2a: Spectrier|21/100
|-activate|p2a: Spectrier|move: Magma Storm|[of] p1a: Heatran
|
|-heal|p2a: Spectrier|27/100|[from] item: Leftovers
|-heal|p1a: Heatran|33/100|[from] item: Leftovers
|-damage|p2a: Spectrier|15/100|[from] move: Magma Storm|[partiallytrapped]
|upkeep
|turn|7
|
|t:|1645835606
|switch|p1a: Weavile|Weavile, M, shiny|100/100
|-ability|p1a: Weavile|Pressure
|move|p2a: Spectrier|Shadow Ball|p1a: Weavile
|-resisted|p1a: Weavile
|-damage|p1a: Weavile|38/100
|
|-heal|p2a: Spectrier|21/100|[from] item: Leftovers
|-end|p2a: Spectrier|Magma Storm|[partiallytrapped]|[silent]
|upkeep
|turn|8
|l| Lord Falinks
|
|t:|1645835623
|switch|p2a: Zamazenta|Zamazenta-Crowned|100/100
|-ability|p2a: Zamazenta|Dauntless Shield|boost
|-boost|p2a: Zamazenta|def|1
|move|p1a: Weavile|Ice Shard|p2a: Zamazenta
|-resisted|p2a: Zamazenta
|-crit|p2a: Zamazenta
|-damage|p2a: Zamazenta|89/100
|
|upkeep
|turn|9
|
|t:|1645835635
|move|p1a: Weavile|Low Kick|p2a: Zamazenta
|-supereffective|p2a: Zamazenta
|-damage|p2a: Zamazenta|49/100
|move|p2a: Zamazenta|Behemoth Bash|p1a: Weavile
|-supereffective|p1a: Weavile
|-damage|p1a: Weavile|0 fnt
|faint|p1a: Weavile
|
|upkeep
|
|t:|1645835642
|switch|p1a: Landorus|Landorus-Therian, M, shiny|100/100
|-ability|p1a: Landorus|Intimidate|boost
|-unboost|p2a: Zamazenta|atk|1
|turn|10
|
|t:|1645835665
|switch|p2a: Mew|Mew|100/100
|move|p1a: Landorus|Earth Power|p2a: Mew
|-damage|p2a: Mew|74/100
|
|-heal|p2a: Mew|80/100|[from] item: Leftovers
|upkeep
|turn|11
|
|t:|1645835671
|move|p2a: Mew|Taunt|p1a: Landorus
|-start|p1a: Landorus|move: Taunt
|move|p1a: Landorus|U-turn|p2a: Mew
|-supereffective|p2a: Mew
|-damage|p2a: Mew|42/100
|
|t:|1645835677
|switch|p1a: Dragapult|Dragapult, M, shiny|59/100|[from]move: U-turn
|
|-heal|p2a: Mew|48/100|[from] item: Leftovers
|upkeep
|turn|12
|
|t:|1645835685
|move|p1a: Dragapult|Dragon Dance|p1a: Dragapult
|-boost|p1a: Dragapult|atk|1
|-boost|p1a: Dragapult|spe|1
|move|p2a: Mew|Roost|p2a: Mew
|-heal|p2a: Mew|98/100
|-singleturn|p2a: Mew|move: Roost
|
|-heal|p2a: Mew|100/100|[from] item: Leftovers
|upkeep
|turn|13
|
|t:|1645835695
|move|p1a: Dragapult|Dragon Dance|p1a: Dragapult
|-boost|p1a: Dragapult|atk|1
|-boost|p1a: Dragapult|spe|1
|move|p2a: Mew|Taunt|p1a: Dragapult
|-start|p1a: Dragapult|move: Taunt
|
|upkeep
|turn|14
|
|t:|1645835702
|move|p1a: Dragapult|Dragon Darts|p2a: Mew
|-damage|p2a: Mew|56/100
|-anim|p1a: Dragapult|Dragon Darts|p2a: Mew
|-damage|p2a: Mew|6/100
|move|p2a: Mew|Cosmic Power|p2a: Mew
|-boost|p2a: Mew|def|1
|-boost|p2a: Mew|spd|1
|
|-heal|p2a: Mew|12/100|[from] item: Leftovers
|upkeep
|turn|15
|
|t:|1645835715
|move|p1a: Dragapult|Fire Blast|p2a: Mew
|-damage|p2a: Mew|0 fnt
|faint|p2a: Mew
|
|upkeep
|
|t:|1645835718
|switch|p2a: Urshifu|Urshifu, M|100/100
|turn|16
|
|t:|1645835721
|move|p2a: Urshifu|Sucker Punch|p1a: Dragapult
|-supereffective|p1a: Dragapult
|-damage|p1a: Dragapult|0 fnt
|faint|p1a: Dragapult
|
|upkeep
|
|t:|1645835734
|switch|p1a: Tapu Bulu|Tapu Bulu, shiny|100/100
|-fieldstart|move: Grassy Terrain|[from] ability: Grassy Surge|[of] p1a: Tapu Bulu
|turn|17
|
|t:|1645835738
|switch|p2a: Zamazenta|Zamazenta-Crowned|49/100
|-ability|p2a: Zamazenta|Dauntless Shield|boost
|-boost|p2a: Zamazenta|def|1
|move|p1a: Tapu Bulu|Close Combat|p2a: Zamazenta
|-supereffective|p2a: Zamazenta
|-damage|p2a: Zamazenta|0 fnt
|-unboost|p1a: Tapu Bulu|def|1
|-unboost|p1a: Tapu Bulu|spd|1
|faint|p2a: Zamazenta
|
|upkeep
|
|t:|1645835752
|switch|p2a: Pheromosa|Pheromosa|100/100
|turn|18
|
|t:|1645835756
|switch|p1a: Heatran|Heatran, M, shiny|33/100
|move|p2a: Pheromosa|U-turn|p1a: Heatran
|-resisted|p1a: Heatran
|-damage|p1a: Heatran|24/100
|
|t:|1645835759
|switch|p2a: Spectrier|Spectrier|21/100|[from]move: U-turn
|
|-heal|p2a: Spectrier|27/100|[from] Grassy Terrain
|-heal|p2a: Spectrier|33/100|[from] item: Leftovers
|-heal|p1a: Heatran|30/100|[from] Grassy Terrain
|-heal|p1a: Heatran|37/100|[from] item: Leftovers
|upkeep
|turn|19
|
|t:|1645835765
|move|p2a: Spectrier|Shadow Ball|p1a: Heatran
|-damage|p1a: Heatran|0 fnt
|faint|p1a: Heatran
|-ability|p2a: Spectrier|Grim Neigh|boost
|-boost|p2a: Spectrier|spa|1
|
|-heal|p2a: Spectrier|39/100|[from] Grassy Terrain
|-heal|p2a: Spectrier|46/100|[from] item: Leftovers
|upkeep
|
|t:|1645835776
|switch|p1a: Tapu Bulu|Tapu Bulu, shiny|100/100
|turn|20
|
|t:|1645835779
|move|p2a: Spectrier|Substitute|p2a: Spectrier
|-start|p2a: Spectrier|Substitute
|-damage|p2a: Spectrier|21/100
|move|p1a: Tapu Bulu|Horn Leech|p2a: Spectrier
|-end|p2a: Spectrier|Substitute
|
|-heal|p2a: Spectrier|27/100|[from] Grassy Terrain
|-heal|p2a: Spectrier|33/100|[from] item: Leftovers
|upkeep
|turn|21
|
|t:|1645835802
|move|p2a: Spectrier|Shadow Ball|p1a: Tapu Bulu
|-damage|p1a: Tapu Bulu|18/100
|move|p1a: Tapu Bulu|Horn Leech|p2a: Spectrier
|-damage|p2a: Spectrier|0 fnt
|-heal|p1a: Tapu Bulu|38/100|[from] drain|[of] p2a: Spectrier
|faint|p2a: Spectrier
|
|-heal|p1a: Tapu Bulu|44/100|[from] Grassy Terrain
|-fieldend|move: Grassy Terrain
|upkeep
|
|t:|1645835805
|switch|p2a: Pheromosa|Pheromosa|100/100
|turn|22
|
|t:|1645835810
|switch|p1a: Landorus|Landorus-Therian, M, shiny|100/100
|-ability|p1a: Landorus|Intimidate|boost
|-unboost|p2a: Pheromosa|atk|1
|move|p2a: Pheromosa|Triple Axel|p1a: Landorus
|-supereffective|p1a: Landorus
|-damage|p1a: Landorus|74/100
|-hitcount|p1a: Landorus|1
|
|-heal|p1a: Landorus|80/100|[from] item: Leftovers
|upkeep
|turn|23
|l|%Mimikyu Stardust
|
|t:|1645835816
|move|p2a: Pheromosa|Triple Axel|p1a: Landorus|[miss]
|-miss|p2a: Pheromosa|p1a: Landorus
|move|p1a: Landorus|U-turn|p2a: Pheromosa
|-resisted|p2a: Pheromosa
|-damage|p2a: Pheromosa|73/100
|
|t:|1645835820
|switch|p1a: Kartana|Kartana, shiny|100/100|[from]move: U-turn
|
|upkeep
|turn|24
|c|☆BeastyJ157|K
|
|t:|1645835825
|switch|p2a: Magearna|Magearna|100/100
|move|p1a: Kartana|Swords Dance|p1a: Kartana
|-boost|p1a: Kartana|atk|2
|
|upkeep
|turn|25
|
|t:|1645835829
|move|p1a: Kartana|Sacred Sword|p2a: Magearna
|-damage|p2a: Magearna|58/100
|move|p2a: Magearna|Fleur Cannon|p1a: Kartana
|-resisted|p1a: Kartana
|-damage|p1a: Kartana|28/100
|-unboost|p2a: Magearna|spa|2
|
|-heal|p2a: Magearna|64/100|[from] item: Leftovers
|upkeep
|turn|26
|
|t:|1645835836
|move|p1a: Kartana|Sacred Sword|p2a: Magearna
|-damage|p2a: Magearna|23/100
|move|p2a: Magearna|Volt Switch|p1a: Kartana
|-resisted|p1a: Kartana
|-damage|p1a: Kartana|16/100
|
|t:|1645835839
|switch|p2a: Urshifu|Urshifu, M|100/100|[from]move: Volt Switch
|
|upkeep
|turn|27
|
|t:|1645835846
|move|p2a: Urshifu|Sucker Punch|p1a: Kartana
|-damage|p1a: Kartana|0 fnt
|faint|p1a: Kartana
|
|upkeep
|
|t:|1645835852
|switch|p1a: Tapu Bulu|Tapu Bulu, shiny|44/100
|-fieldstart|move: Grassy Terrain|[from] ability: Grassy Surge|[of] p1a: Tapu Bulu
|turn|28
|
|t:|1645835856
|switch|p2a: Magearna|Magearna|23/100
|move|p1a: Tapu Bulu|Horn Leech|p2a: Magearna
|-resisted|p2a: Magearna
|-damage|p2a: Magearna|5/100
|-heal|p1a: Tapu Bulu|56/100|[from] drain|[of] p2a: Magearna
|
|-heal|p1a: Tapu Bulu|62/100|[from] Grassy Terrain
|-heal|p2a: Magearna|11/100|[from] Grassy Terrain
|-heal|p2a: Magearna|17/100|[from] item: Leftovers
|upkeep
|turn|29
|
|t:|1645835859
|move|p1a: Tapu Bulu|Horn Leech|p2a: Magearna
|-resisted|p2a: Magearna
|-damage|p2a: Magearna|0 fnt
|-heal|p1a: Tapu Bulu|72/100|[from] drain|[of] p2a: Magearna
|faint|p2a: Magearna
|
|-heal|p1a: Tapu Bulu|78/100|[from] Grassy Terrain
|upkeep
|
|t:|1645835862
|switch|p2a: Pheromosa|Pheromosa|73/100
|turn|30
|j| SavageSwordX
|
|t:|1645835865
|move|p2a: Pheromosa|Triple Axel|p1a: Tapu Bulu
|-supereffective|p1a: Tapu Bulu
|-damage|p1a: Tapu Bulu|50/100
|-supereffective|p1a: Tapu Bulu
|-damage|p1a: Tapu Bulu|0 fnt
|faint|p1a: Tapu Bulu
|-ability|p2a: Pheromosa|Beast Boost|boost
|-boost|p2a: Pheromosa|spe|1
|-hitcount|p1: Tapu Bulu|2
|
|-heal|p2a: Pheromosa|79/100|[from] Grassy Terrain
|upkeep
|
|t:|1645835869
|switch|p1a: Landorus|Landorus-Therian, M, shiny|80/100
|-ability|p1a: Landorus|Intimidate|boost
|-unboost|p2a: Pheromosa|atk|1
|turn|31
|
|t:|1645835870
|move|p2a: Pheromosa|Triple Axel|p1a: Landorus
|-supereffective|p1a: Landorus
|-damage|p1a: Landorus|50/100
|-supereffective|p1a: Landorus
|-damage|p1a: Landorus|0 fnt
|faint|p1a: Landorus
|-hitcount|p1: Landorus|2
|
|win|BeastyJ157
|n|☆AlIoutdragadarts|alioutdragadarts
|n|☆BeastyJ157|beastyj157
|n| SavageSwordX|savageswordx
|l|☆AlIoutdragadarts
|c|☆BeastyJ157|Gg
|l|☆BeastyJ157
|l| SavageSwordX
|j| TheNewBrends11@!
