|j|☆yoyolord
|j|☆Sww-Suwa
|inactive|Battle timer is ON: inactive players will automatically lose when time's up.
|t:|1662589163
|gametype|singles
|player|p1|yoyolord|dawn-gen4pt|
|player|p2|Sww-Suwa|mina-lgpe|
|teamsize|p1|6
|teamsize|p2|6
|gen|8
|tier|[Gen 8] OU
|rated|Tournament battle
|rule|Sleep Clause Mod: Limit one foe put to sleep
|rule|Species Clause: Limit one of each Pokémon
|rule|OHKO Clause: OHKO moves are banned
|rule|Evasion Items Clause: Evasion items are banned
|rule|Evasion Moves Clause: Evasion moves are banned
|rule|Endless Battle Clause: Forcing endless battles is banned
|rule|HP Percentage Mod: HP is shown in percentages
|rule|Dynamax Clause: You cannot dynamax
|clearpoke
|poke|p1|Terrakion|
|poke|p1|Gengar, F|
|poke|p1|Thundurus, M|
|poke|p1|Moltres-Galar|
|poke|p1|Alakazam, F|
|poke|p1|Slurpuff, F|
|poke|p2|Omastar, M|
|poke|p2|Indeedee, M|
|poke|p2|Espeon, M|
|poke|p2|Kommo-o, M|
|poke|p2|Regidrago|
|poke|p2|Blaziken, F|
|teampreview
|c|☆yoyolord|Glhf
|j| TheNewBrends11
|c|☆Sww-Suwa|really no one used hail ._.
|j| M‽com‽ICS‽am
|
|t:|1662589180
|start
|switch|p1a: Justice|Terrakion|100/100
|switch|p2a: Indeedee|Indeedee, M|100/100
|-fieldstart|move: Psychic Terrain|[from] ability: Psychic Surge|[of] p2a: Indeedee
|turn|1
|
|t:|1662589185
|switch|p2a: Espeon|Espeon, M|100/100
|move|p1a: Justice|Stone Edge|p2a: Espeon
|-damage|p2a: Espeon|24/100
|-enditem|p2a: Espeon|Eject Button
|
|t:|1662589189
|switch|p2a: Omastar|Omastar, M|100/100
|
|upkeep
|turn|2
|
|t:|1662589192
|move|p1a: Justice|Taunt|p2a: Omastar
|-start|p2a: Omastar|move: Taunt
|cant|p2a: Omastar|move: Taunt|Shell Smash
|
|upkeep
|turn|3
|
|t:|1662589194
|move|p1a: Justice|Stealth Rock|p2a: Omastar
|-sidestart|p2: Sww-Suwa|move: Stealth Rock
|move|p2a: Omastar|Surf|p1a: Justice
|-supereffective|p1a: Justice
|-enditem|p1a: Justice|Focus Sash
|-damage|p1a: Justice|1/100
|
|upkeep
|turn|4
|
|t:|1662589196
|move|p1a: Justice|Close Combat|p2a: Omastar
|-supereffective|p2a: Omastar
|-enditem|p2a: Omastar|Focus Sash
|-damage|p2a: Omastar|1/100
|-unboost|p1a: Justice|def|1
|-unboost|p1a: Justice|spd|1
|-ability|p2a: Omastar|Weak Armor|boost
|-unboost|p2a: Omastar|def|1
|-boost|p2a: Omastar|spe|2
|move|p2a: Omastar|Surf|p1a: Justice
|-supereffective|p1a: Justice
|-crit|p1a: Justice
|-damage|p1a: Justice|0 fnt
|faint|p1a: Justice
|
|-end|p2a: Omastar|move: Taunt
|upkeep
|
|t:|1662589201
|switch|p1a: The Devil|Gengar, F|100/100
|turn|5
|
|t:|1662589204
|move|p1a: The Devil|Sludge Wave|p2a: Omastar
|-resisted|p2a: Omastar
|-damage|p2a: Omastar|0 fnt
|faint|p2a: Omastar
|
|upkeep
|
|t:|1662589207
|switch|p2a: Kommo-o|Kommo-o, M|100/100
|-damage|p2a: Kommo-o|94/100|[from] Stealth Rock
|turn|6
|
|t:|1662589209
|move|p1a: The Devil|Sludge Wave|p2a: Kommo-o
|-damage|p2a: Kommo-o|42/100
|move|p2a: Kommo-o|Substitute|p2a: Kommo-o
|-start|p2a: Kommo-o|Substitute
|-damage|p2a: Kommo-o|17/100
|-enditem|p2a: Kommo-o|Salac Berry|[eat]
|-boost|p2a: Kommo-o|spe|1|[from] item: Salac Berry
|
|upkeep
|turn|7
|
|t:|1662589212
|move|p1a: The Devil|Sludge Wave|p2a: Kommo-o
|-end|p2a: Kommo-o|Substitute
|move|p2a: Kommo-o|Scale Shot|p1a: The Devil
|-damage|p1a: The Devil|79/100
|-damage|p1a: The Devil|56/100
|-damage|p1a: The Devil|32/100
|-hitcount|p1a: The Devil|3
|-unboost|p2a: Kommo-o|def|1
|-boost|p2a: Kommo-o|spe|1
|
|upkeep
|turn|8
|
|t:|1662589216
|move|p2a: Kommo-o|Scale Shot|p1a: The Devil
|-damage|p1a: The Devil|9/100
|-start|p2a: Kommo-o|Disable|Scale Shot|[from] ability: Cursed Body|[of] p1a: The Devil
|-damage|p1a: The Devil|0 fnt
|faint|p1a: The Devil
|-hitcount|p1: The Devil|2
|-unboost|p2a: Kommo-o|def|1
|-boost|p2a: Kommo-o|spe|1
|
|-fieldend|move: Psychic Terrain
|upkeep
|j| Fatpat Supreme
|c| TheNewBrends11|wow
|c| TheNewBrends11|so cursed body doesn't stop combo attacks
|
|t:|1662589230
|switch|p1a: The Hanged Man|Thundurus, M|100/100
|turn|9
|
|t:|1662589238
|move|p2a: Kommo-o|Drain Punch|p1a: The Hanged Man
|-resisted|p1a: The Hanged Man
|-damage|p1a: The Hanged Man|74/100
|-heal|p2a: Kommo-o|30/100|[from] drain|[of] p1a: The Hanged Man
|move|p1a: The Hanged Man|Thunderbolt|p2a: Kommo-o
|-resisted|p2a: Kommo-o
|-damage|p2a: Kommo-o|6/100
|
|upkeep
|turn|10
|
|t:|1662589241
|move|p2a: Kommo-o|Drain Punch|p1a: The Hanged Man
|-resisted|p1a: The Hanged Man
|-damage|p1a: The Hanged Man|47/100
|-heal|p2a: Kommo-o|20/100|[from] drain|[of] p1a: The Hanged Man
|move|p1a: The Hanged Man|Volt Switch|p2a: Kommo-o
|-resisted|p2a: Kommo-o
|-damage|p2a: Kommo-o|0 fnt
|faint|p2a: Kommo-o
|c|☆yoyolord|Lol
|
|t:|1662589245
|switch|p1a: The Magician|Alakazam, F|100/100|[from]move: Volt Switch
|
|upkeep
|
|t:|1662589254
|switch|p2a: Indeedee|Indeedee, M|100/100
|-damage|p2a: Indeedee|88/100|[from] Stealth Rock
|-fieldstart|move: Psychic Terrain|[from] ability: Psychic Surge|[of] p2a: Indeedee
|turn|11
|
|t:|1662589274
|switch|p1a: Death|Moltres-Galar|100/100
|move|p2a: Indeedee|Mystical Fire|p1a: Death
|-crit|p1a: Death
|-damage|p1a: Death|72/100
|-unboost|p1a: Death|spa|1
|
|upkeep
|turn|12
|
|t:|1662589279
|switch|p2a: Espeon|Espeon, M|24/100
|-damage|p2a: Espeon|12/100|[from] Stealth Rock
|move|p1a: Death|Agility|p1a: Death
|-boost|p1a: Death|spe|2
|
|upkeep
|turn|13
|
|t:|1662589285
|move|p1a: Death|Fiery Wrath|p2a: Espeon
|-supereffective|p2a: Espeon
|-damage|p2a: Espeon|0 fnt
|faint|p2a: Espeon
|
|upkeep
|
|t:|1662589290
|switch|p2a: Regidrago|Regidrago|100/100
|-damage|p2a: Regidrago|88/100|[from] Stealth Rock
|turn|14
|
|t:|1662589291
|move|p1a: Death|Nasty Plot|p1a: Death
|-boost|p1a: Death|spa|2
|move|p2a: Regidrago|Explosion|p1a: Death
|-damage|p1a: Death|15/100
|faint|p2a: Regidrago
|-ability|p1a: Death|Berserk|boost
|-boost|p1a: Death|spa|1
|
|upkeep
|c|☆Sww-Suwa|bruh
|
|t:|1662589299
|switch|p2a: Blaziken|Blaziken, F|100/100
|-damage|p2a: Blaziken|88/100|[from] Stealth Rock
|turn|15
|c|☆yoyolord|If you clicked dragon move I go slurpuff and win anyways
|c|☆Sww-Suwa|miss
|
|t:|1662589315
|move|p2a: Blaziken|Protect|p2a: Blaziken
|-singleturn|p2a: Blaziken|Protect
|move|p1a: Death|Hurricane|p2a: Blaziken
|-activate|p2a: Blaziken|move: Protect
|
|-heal|p2a: Blaziken|94/100|[from] item: Leftovers
|-ability|p2a: Blaziken|Speed Boost|boost
|-boost|p2a: Blaziken|spe|1
|upkeep
|turn|16
|c|☆Sww-Suwa|miss
|
|t:|1662589327
|move|p2a: Blaziken|Protect|p2a: Blaziken
|-singleturn|p2a: Blaziken|Protect
|move|p1a: Death|Hurricane|p2a: Blaziken
|-activate|p2a: Blaziken|move: Protect
|
|-heal|p2a: Blaziken|99/100|[from] item: Leftovers
|-ability|p2a: Blaziken|Speed Boost|boost
|-boost|p2a: Blaziken|spe|1
|upkeep
|turn|17
|c|☆Sww-Suwa|am
|c|☆Sww-Suwa|mis
|c|☆Sww-Suwa|?:)
|
|t:|1662589343
|move|p2a: Blaziken|Protect|p2a: Blaziken
|-singleturn|p2a: Blaziken|Protect
|move|p1a: Death|Hurricane|p2a: Blaziken
|-activate|p2a: Blaziken|move: Protect
|
|-heal|p2a: Blaziken|100/100|[from] item: Leftovers
|-ability|p2a: Blaziken|Speed Boost|boost
|-boost|p2a: Blaziken|spe|1
|upkeep
|turn|18
|c| M‽com‽ICS‽am|accuracy check
|c|☆yoyolord|Your faster lol
|c| M‽com‽ICS‽am|nvm triple protect
|c|☆yoyolord|I’m not max speed
|
|t:|1662589360
|move|p2a: Blaziken|Flare Blitz|p1a: Death
|-damage|p1a: Death|0 fnt
|faint|p1a: Death
|-damage|p2a: Blaziken|95/100|[from] Recoil
|
|-heal|p2a: Blaziken|100/100|[from] item: Leftovers
|-fieldend|move: Psychic Terrain
|-ability|p2a: Blaziken|Speed Boost|boost
|-boost|p2a: Blaziken|spe|1
|upkeep
|
|t:|1662589362
|switch|p1a: The Magician|Alakazam, F|100/100
|turn|19
|c|☆Sww-Suwa|i am
|c|☆Sww-Suwa|not max speed either
|
|t:|1662589367
|move|p2a: Blaziken|Flare Blitz|p1a: The Magician
|-enditem|p1a: The Magician|Focus Sash
|-damage|p1a: The Magician|1/100
|-damage|p2a: Blaziken|75/100|[from] Recoil
|move|p1a: The Magician|Psychic|p2a: Blaziken
|-supereffective|p2a: Blaziken
|-damage|p2a: Blaziken|0 fnt
|faint|p2a: Blaziken
|
|upkeep
|c|☆Sww-Suwa|ggs
|
|t:|1662589372
|switch|p2a: Indeedee|Indeedee, M|88/100
|-damage|p2a: Indeedee|76/100|[from] Stealth Rock
|-fieldstart|move: Psychic Terrain|[from] ability: Psychic Surge|[of] p2a: Indeedee
|turn|20
|c|☆yoyolord|Gg
|
|t:|1662589374
|move|p1a: The Magician|Thunder Wave|p2a: Indeedee
|-status|p2a: Indeedee|par
|move|p2a: Indeedee|Expanding Force|p1a: The Magician
|-resisted|p1a: The Magician
|-damage|p1a: The Magician|0 fnt
|faint|p1a: The Magician
|
|upkeep
|
|t:|1662589377
|switch|p1a: Strength|Slurpuff, F|100/100
|turn|21
|
|t:|1662589379
|move|p1a: Strength|Play Rough|p2a: Indeedee
|-damage|p2a: Indeedee|0 fnt
|faint|p2a: Indeedee
|
|win|yoyolord
|n|☆yoyolord|yoyolord
|n|☆Sww-Suwa|swwsuwa
|n| TheNewBrends11|thenewbrends11
|n| M‽com‽ICS‽am|mcomicsam
|n| Fatpat Supreme|fatpatsupreme
|c|☆Sww-Suwa|bro it died lmao
|l|☆yoyolord
|l| M‽com‽ICS‽am
|l|☆Sww-Suwa
|l| Fatpat Supreme
