|j|☆gingersquatch
|j|☆SetsuStsna
|inactive|Battle timer is ON: inactive players will automatically lose when time's up.
|t:|1649372245
|gametype|singles
|player|p1|gingersquatch|265|
|player|p2|SetsuStsna|dawn-gen4pt|
|teamsize|p1|6
|teamsize|p2|6
|gen|8
|tier|[Gen 8] OU
|rated|Tournament battle
|rule|Sleep Clause Mod: Limit one foe put to sleep
|rule|Species Clause: Limit one of each Pokémon
|rule|OHKO Clause: OHKO moves are banned
|rule|Evasion Moves Clause: Evasion moves are banned
|rule|Endless Battle Clause: Forcing endless battles is banned
|rule|HP Percentage Mod: HP is shown in percentages
|rule|Dynamax Clause: You cannot dynamax
|clearpoke
|poke|p1|Heatran, F|
|poke|p1|Tapu Lele|
|poke|p1|Corviknight, M|
|poke|p1|Reshiram|
|poke|p1|Tapu Fini|
|poke|p1|Dragapult, F|
|poke|p2|Kartana|
|poke|p2|Dragapult, M|
|poke|p2|Slowbro-Galar, M|
|poke|p2|Registeel|
|poke|p2|Zoroark, M|
|poke|p2|Garchomp, F|
|teampreview
|inactive|gingersquatch also wants the timer to be on.
|j| Zaza BitchuLia
|c|☆SetsuStsna|!dt reshiram
|raw|<div class="message"><ul class="utilichart"><li class="result"><span class="col numcol">Uber</span> <span class="col iconcol"><psicon pokemon="reshiram"/></span> <span class="col pokemonnamecol" style="white-space:nowrap"><a href="https://dex.pokemonshowdown.com/pokemon/reshiram" target="_blank">Reshiram</a></span> <span class="col typecol"><img src="https://play.pokemonshowdown.com/sprites/types/Dragon.png" alt="Dragon" height="14" width="32"><img src="https://play.pokemonshowdown.com/sprites/types/Fire.png" alt="Fire" height="14" width="32"></span> <span style="float:left;min-height:26px"><span class="col abilitycol">Turboblaze</span><span class="col abilitycol"></span></span><span style="float:left;min-height:26px"><span class="col statcol"><em>HP</em><br />100</span> <span class="col statcol"><em>Atk</em><br />120</span> <span class="col statcol"><em>Def</em><br />100</span> <span class="col statcol"><em>SpA</em><br />150</span> <span class="col statcol"><em>SpD</em><br />120</span> <span class="col statcol"><em>Spe</em><br />90</span> <span class="col bstcol"><em>BST<br />680</em></span> </span></li><li style="clear:both"></li></ul></div>
|raw|<font size="1"><font color="#686868">Dex#:</font> 643&nbsp;|&ThickSpace;<font color="#686868">Gen:</font> 5&nbsp;|&ThickSpace;<font color="#686868">Height:</font> 3.2 m&nbsp;|&ThickSpace;<font color="#686868">Weight:</font> 330 kg <em>(120 BP)</em>&nbsp;|&ThickSpace;<font color="#686868">Dex Colour:</font> White&nbsp;|&ThickSpace;<font color="#686868">Egg Group(s):</font> Undiscovered&nbsp;|&ThickSpace;<font color="#686868">Does Not Evolve</font></font>

|j| zReptar
|
|t:|1649372269
|start
|switch|p1a: Tapu Lele|Tapu Lele|100/100
|switch|p2a: C.C.|Slowbro-Galar, M|100/100
|-fieldstart|move: Psychic Terrain|[from] ability: Psychic Surge|[of] p1a: Tapu Lele
|turn|1
|
|t:|1649372274
|move|p2a: C.C.|Knock Off|p1a: Tapu Lele
|-damage|p1a: Tapu Lele|38/100
|-enditem|p1a: Tapu Lele|Choice Specs|[from] move: Knock Off|[of] p2a: C.C.
|move|p1a: Tapu Lele|Psychic|p2a: C.C.
|-immune|p2a: C.C.
|
|upkeep
|turn|2
|c|☆SetsuStsna|owned
|
|t:|1649372282
|switch|p1a: Corviknight|Corviknight, M|100/100
|-ability|p1a: Corviknight|Pressure
|move|p2a: C.C.|Knock Off|p1a: Corviknight
|-damage|p1a: Corviknight|69/100
|-enditem|p1a: Corviknight|Leftovers|[from] move: Knock Off|[of] p2a: C.C.
|
|upkeep
|turn|3
|
|t:|1649372285
|switch|p2a: Zero|Dragapult, M, shiny|100/100
|move|p1a: Corviknight|U-turn|p2a: Zero
|-resisted|p2a: Zero
|-damage|p2a: Zero|93/100
|-start|p1a: Corviknight|Disable|U-turn|[from] ability: Cursed Body|[of] p2a: Zero
|
|t:|1649372289
|switch|p1a: Heatran|Heatran, F|100/100|[from]move: U-turn
|
|upkeep
|turn|4
|
|t:|1649372293
|move|p2a: Zero|Light Screen|p2a: Zero
|-sidestart|p2: SetsuStsna|move: Light Screen
|move|p1a: Heatran|Stealth Rock|p2a: Zero
|-sidestart|p2: SetsuStsna|move: Stealth Rock
|
|upkeep
|turn|5
|
|t:|1649372296
|move|p2a: Zero|Thunder Wave|p1a: Heatran
|-status|p1a: Heatran|par
|move|p1a: Heatran|Magma Storm|p2a: Zero
|-resisted|p2a: Zero
|-damage|p2a: Zero|81/100
|-activate|p2a: Zero|move: Magma Storm|[of] p1a: Heatran
|
|-damage|p2a: Zero|69/100|[from] move: Magma Storm|[partiallytrapped]
|-fieldend|move: Psychic Terrain
|upkeep
|turn|6
|
|t:|1649372299
|move|p2a: Zero|Curse|p1a: Heatran
|-start|p1a: Heatran|Curse|[of] p2a: Zero
|-damage|p2a: Zero|19/100
|cant|p1a: Heatran|par
|
|-damage|p1a: Heatran|76/100 par|[from] Curse
|-damage|p2a: Zero|7/100|[from] move: Magma Storm|[partiallytrapped]
|upkeep
|turn|7
|
|t:|1649372306
|switch|p1a: Tapu Fini|Tapu Fini|100/100
|-fieldstart|move: Misty Terrain|[from] ability: Misty Surge|[of] p1a: Tapu Fini
|move|p2a: Zero|Reflect|p2a: Zero
|-sidestart|p2: SetsuStsna|Reflect
|
|-end|p2a: Zero|Magma Storm|[partiallytrapped]|[silent]
|upkeep
|turn|8
|
|t:|1649372309
|move|p2a: Zero|Curse|p1a: Tapu Fini
|-start|p1a: Tapu Fini|Curse|[of] p2a: Zero
|-damage|p2a: Zero|0 fnt
|faint|p2a: Zero
|move|p1a: Tapu Fini|Knock Off|p2: Zero|[notarget]
|-fail|p1a: Tapu Fini
|
|-damage|p1a: Tapu Fini|76/100|[from] Curse
|upkeep
|
|t:|1649372312
|switch|p2a: C.C.|Slowbro-Galar, M|100/100
|-damage|p2a: C.C.|88/100|[from] Stealth Rock
|turn|9
|
|t:|1649372329
|switch|p1a: Heatran|Heatran, F|76/100 par
|move|p2a: C.C.|Belly Drum|p2a: C.C.
|-damage|p2a: C.C.|38/100
|-setboost|p2a: C.C.|atk|6|[from] move: Belly Drum
|
|-heal|p1a: Heatran|82/100 par|[from] item: Leftovers
|upkeep
|turn|10
|
|t:|1649372335
|move|p2a: C.C.|Drain Punch|p1a: Heatran
|-supereffective|p1a: Heatran
|-damage|p1a: Heatran|0 fnt
|-heal|p2a: C.C.|79/100|[from] drain|[of] p1a: Heatran
|faint|p1a: Heatran
|
|upkeep
|
|t:|1649372342
|switch|p1a: Tapu Lele|Tapu Lele|38/100
|-fieldstart|move: Psychic Terrain|[from] ability: Psychic Surge|[of] p1a: Tapu Lele
|turn|11
|-activate|p2a: C.C.|ability: Quick Draw
|
|t:|1649372345
|move|p2a: C.C.|Shell Side Arm|p1a: Tapu Lele|[anim] Shell Side Arm Physical
|-supereffective|p1a: Tapu Lele
|-damage|p1a: Tapu Lele|0 fnt
|-hint|Physical Shell Side Arm
|faint|p1a: Tapu Lele
|
|-sideend|p2: SetsuStsna|move: Light Screen
|upkeep
|
|t:|1649372350
|switch|p1a: Dragapult|Dragapult, F|100/100
|turn|12
|-activate|p2a: C.C.|ability: Quick Draw
|
|t:|1649372353
|move|p2a: C.C.|Zen Headbutt|p1a: Dragapult
|-damage|p1a: Dragapult|0 fnt
|faint|p1a: Dragapult
|
|upkeep
|c|☆SetsuStsna|just another day in the office
|c|☆gingersquatch|congrats on hax
|c|☆gingersquatch|you are so skilled
|l| Zaza BitchuLia
|
|t:|1649372382
|switch|p1a: Reshiram|Reshiram|100/100
|-ability|p1a: Reshiram|Turboblaze
|turn|13
|c|☆SetsuStsna|ty
|-activate|p2a: C.C.|item: Quick Claw
|
|t:|1649372386
|move|p2a: C.C.|Shell Side Arm|p1a: Reshiram|[anim] Shell Side Arm Physical
|-damage|p1a: Reshiram|0 fnt
|-hint|Physical Shell Side Arm
|faint|p1a: Reshiram
|
|upkeep
|
|t:|1649372397
|switch|p1a: Tapu Fini|Tapu Fini|76/100
|-fieldstart|move: Misty Terrain|[from] ability: Misty Surge|[of] p1a: Tapu Fini
|turn|14
|c|☆SetsuStsna|shout outs to the ou council
|-message|gingersquatch forfeited.
|
|win|SetsuStsna
|n|☆gingersquatch|gingersquatch
|n|☆SetsuStsna|setsustsna
|n| zReptar|zreptar
|l|☆gingersquatch
