|j|☆Batataplays
|j|☆eromangagaki
|t:|1660172187
|gametype|singles
|player|p1|Batataplays|furisodegirl-blue|1701
|player|p2|eromangagaki|265|1748
|teamsize|p1|6
|teamsize|p2|6
|gen|8
|tier|[Gen 8] OU
|rated|
|rule|Sleep Clause Mod: Limit one foe put to sleep
|rule|Species Clause: Limit one of each Pokémon
|rule|OHKO Clause: OHKO moves are banned
|rule|Evasion Items Clause: Evasion items are banned
|rule|Evasion Moves Clause: Evasion moves are banned
|rule|Endless Battle Clause: Forcing endless battles is banned
|rule|HP Percentage Mod: HP is shown in percentages
|rule|Dynamax Clause: You cannot dynamax
|clearpoke
|poke|p1|Politoed, M|
|poke|p1|Tapu Lele|
|poke|p1|Ferrothorn, F|
|poke|p1|Landorus-Therian, M|
|poke|p1|Mandibuzz, F|
|poke|p1|Kartana|
|poke|p2|Scizor, M|
|poke|p2|Araquanid, F|
|poke|p2|Aerodactyl, M|
|poke|p2|Blaziken, F|
|poke|p2|Dragonite, M|
|poke|p2|Vanilluxe, M|
|teampreview
|j| irgendwasmitmeeem
|l| irgendwasmitmeeem
|
|t:|1660172199
|start
|switch|p1a: Tapu Lele|Tapu Lele|100/100
|switch|p2a: Araquanid|Araquanid, F|100/100
|-fieldstart|move: Psychic Terrain|[from] ability: Psychic Surge|[of] p1a: Tapu Lele
|turn|1
|
|t:|1660172204
|move|p1a: Tapu Lele|Psyshock|p2a: Araquanid
|-damage|p2a: Araquanid|12/100
|-enditem|p2a: Araquanid|Red Card|[of] p1a: Tapu Lele
|drag|p1a: Landorus|Landorus-Therian, M|100/100
|-ability|p1a: Landorus|Intimidate|boost
|-unboost|p2a: Araquanid|atk|1
|move|p2a: Araquanid|Sticky Web|p1a: Landorus
|-sidestart|p1: Batataplays|move: Sticky Web
|
|upkeep
|turn|2
|
|t:|1660172211
|move|p1a: Landorus|Knock Off|p2a: Araquanid
|-damage|p2a: Araquanid|0 fnt
|faint|p2a: Araquanid
|
|upkeep
|
|t:|1660172213
|switch|p2a: Aerodactyl|Aerodactyl, M|100/100
|-ability|p2a: Aerodactyl|Unnerve
|turn|3
|
|t:|1660172222
|move|p2a: Aerodactyl|Rock Slide|p1a: Landorus
|-damage|p1a: Landorus|68/100
|-damage|p2a: Aerodactyl|91/100|[from] item: Life Orb
|move|p1a: Landorus|Knock Off|p2a: Aerodactyl
|-damage|p2a: Aerodactyl|45/100
|-enditem|p2a: Aerodactyl|Life Orb|[from] move: Knock Off|[of] p1a: Landorus
|
|upkeep
|turn|4
|
|t:|1660172245
|switch|p1a: Mandibuzz|Mandibuzz, F|100/100
|move|p2a: Aerodactyl|Taunt|p1a: Mandibuzz
|-start|p1a: Mandibuzz|move: Taunt
|
|upkeep
|turn|5
|
|t:|1660172248
|move|p2a: Aerodactyl|Stealth Rock|p1a: Mandibuzz
|-sidestart|p1: Batataplays|move: Stealth Rock
|move|p1a: Mandibuzz|Foul Play|p2a: Aerodactyl
|-damage|p2a: Aerodactyl|0 fnt
|faint|p2a: Aerodactyl
|
|-fieldend|move: Psychic Terrain
|upkeep
|
|t:|1660172250
|switch|p2a: Vanilluxe|Vanilluxe, M|100/100
|-weather|Hail|[from] ability: Snow Warning|[of] p2a: Vanilluxe
|turn|6
|
|t:|1660172262
|switch|p1a: Politoed|Politoed, M|100/100
|-activate|p1a: Politoed|move: Sticky Web
|-unboost|p1a: Politoed|spe|1
|-damage|p1a: Politoed|88/100|[from] Stealth Rock
|-weather|RainDance|[from] ability: Drizzle|[of] p1a: Politoed
|move|p2a: Vanilluxe|Blizzard|p1a: Politoed|[miss]
|-miss|p2a: Vanilluxe|p1a: Politoed
|
|-weather|RainDance|[upkeep]
|upkeep
|turn|7
|
|t:|1660172269
|move|p2a: Vanilluxe|Freeze-Dry|p1a: Politoed
|-supereffective|p1a: Politoed
|-damage|p1a: Politoed|0 fnt
|faint|p1a: Politoed
|-damage|p2a: Vanilluxe|91/100|[from] item: Life Orb
|
|-weather|RainDance|[upkeep]
|upkeep
|
|t:|1660172273
|switch|p1a: Mandibuzz|Mandibuzz, F|100/100
|turn|8
|
|t:|1660172275
|move|p2a: Vanilluxe|Taunt|p1a: Mandibuzz
|-start|p1a: Mandibuzz|move: Taunt
|cant|p1a: Mandibuzz|move: Taunt|Defog
|
|-weather|RainDance|[upkeep]
|upkeep
|turn|9
|
|t:|1660172279
|switch|p1a: Ferrothorn|Ferrothorn, F|100/100
|-activate|p1a: Ferrothorn|move: Sticky Web
|-unboost|p1a: Ferrothorn|spe|1
|-damage|p1a: Ferrothorn|94/100|[from] Stealth Rock
|move|p2a: Vanilluxe|Blizzard|p1a: Ferrothorn
|-damage|p1a: Ferrothorn|45/100
|-damage|p2a: Vanilluxe|81/100|[from] item: Life Orb
|
|-weather|RainDance|[upkeep]
|-heal|p1a: Ferrothorn|51/100|[from] item: Leftovers
|upkeep
|turn|10
|
|t:|1660172302
|switch|p2a: Scizor|Scizor, M|100/100
|move|p1a: Ferrothorn|Spikes|p2a: Scizor
|-sidestart|p2: eromangagaki|Spikes
|
|-weather|none
|-heal|p1a: Ferrothorn|57/100|[from] item: Leftovers
|upkeep
|turn|11
|
|t:|1660172309
|switch|p1a: Mandibuzz|Mandibuzz, F|100/100
|move|p2a: Scizor|Swords Dance|p2a: Scizor
|-boost|p2a: Scizor|atk|2
|
|upkeep
|turn|12
|
|t:|1660172314
|move|p2a: Scizor|Swords Dance|p2a: Scizor
|-boost|p2a: Scizor|atk|2
|move|p1a: Mandibuzz|Defog|p2a: Scizor
|-unboost|p2a: Scizor|evasion|1
|-sideend|p2: eromangagaki|Spikes|[from] move: Defog|[of] p1a: Mandibuzz
|-sideend|p1: Batataplays|Stealth Rock|[from] move: Defog|[of] p1a: Mandibuzz
|-sideend|p1: Batataplays|Sticky Web|[from] move: Defog|[of] p1a: Mandibuzz
|
|upkeep
|turn|13
|
|t:|1660172317
|move|p2a: Scizor|Dual Wingbeat|p1a: Mandibuzz|[miss]
|-miss|p2a: Scizor|p1a: Mandibuzz
|move|p1a: Mandibuzz|Foul Play|p2a: Scizor
|-damage|p2a: Scizor|0 fnt
|faint|p2a: Scizor
|
|upkeep
|
|t:|1660172320
|switch|p2a: Vanilluxe|Vanilluxe, M|81/100
|-weather|Hail|[from] ability: Snow Warning|[of] p2a: Vanilluxe
|turn|14
|
|t:|1660172332
|switch|p1a: Tapu Lele|Tapu Lele|100/100
|-fieldstart|move: Psychic Terrain|[from] ability: Psychic Surge|[of] p1a: Tapu Lele
|move|p2a: Vanilluxe|Blizzard|p1a: Tapu Lele
|-damage|p1a: Tapu Lele|21/100
|-damage|p2a: Vanilluxe|71/100|[from] item: Life Orb
|
|-weather|Hail|[upkeep]
|-damage|p1a: Tapu Lele|15/100|[from] Hail
|upkeep
|turn|15
|
|t:|1660172341
|switch|p2a: Dragonite|Dragonite, M|100/100
|move|p1a: Tapu Lele|Moonblast|p2a: Dragonite
|-supereffective|p2a: Dragonite
|-damage|p2a: Dragonite|25/100
|
|-weather|Hail|[upkeep]
|-damage|p1a: Tapu Lele|9/100|[from] Hail
|-damage|p2a: Dragonite|19/100|[from] Hail
|upkeep
|turn|16
|
|t:|1660172346
|move|p1a: Tapu Lele|Moonblast|p2a: Dragonite
|-supereffective|p2a: Dragonite
|-crit|p2a: Dragonite
|-damage|p2a: Dragonite|0 fnt
|faint|p2a: Dragonite
|
|-weather|Hail|[upkeep]
|-damage|p1a: Tapu Lele|3/100|[from] Hail
|upkeep
|
|t:|1660172349
|switch|p2a: Blaziken|Blaziken, F|100/100
|turn|17
|
|t:|1660172351
|move|p2a: Blaziken|Protect|p2a: Blaziken
|-singleturn|p2a: Blaziken|Protect
|move|p1a: Tapu Lele|Moonblast|p2a: Blaziken
|-activate|p2a: Blaziken|move: Protect
|
|-weather|Hail|[upkeep]
|-damage|p1a: Tapu Lele|0 fnt|[from] Hail
|-damage|p2a: Blaziken|95/100|[from] Hail
|faint|p1a: Tapu Lele
|-ability|p2a: Blaziken|Speed Boost|boost
|-boost|p2a: Blaziken|spe|1
|upkeep
|
|t:|1660172354
|switch|p1a: Landorus|Landorus-Therian, M|68/100
|-ability|p1a: Landorus|Intimidate|boost
|-unboost|p2a: Blaziken|atk|1
|turn|18
|
|t:|1660172357
|switch|p2a: Vanilluxe|Vanilluxe, M|71/100
|move|p1a: Landorus|Earthquake|p2a: Vanilluxe
|-damage|p2a: Vanilluxe|10/100
|
|-weather|none
|-fieldend|move: Psychic Terrain
|upkeep
|turn|19
|
|t:|1660172373
|switch|p2a: Blaziken|Blaziken, F|95/100
|switch|p1a: Kartana|Kartana|100/100
|
|upkeep
|turn|20
|
|t:|1660172381
|move|p2a: Blaziken|Protect|p2a: Blaziken
|-singleturn|p2a: Blaziken|Protect
|move|p1a: Kartana|Sacred Sword|p2a: Blaziken
|-activate|p2a: Blaziken|move: Protect
|
|-ability|p2a: Blaziken|Speed Boost|boost
|-boost|p2a: Blaziken|spe|1
|upkeep
|turn|21
|
|t:|1660172383
|move|p1a: Kartana|Sacred Sword|p2a: Blaziken
|-damage|p2a: Blaziken|36/100
|move|p2a: Blaziken|Close Combat|p1a: Kartana
|-supereffective|p1a: Kartana
|-crit|p1a: Kartana
|-damage|p1a: Kartana|0 fnt
|-unboost|p2a: Blaziken|def|1
|-unboost|p2a: Blaziken|spd|1
|faint|p1a: Kartana
|-damage|p2a: Blaziken|26/100|[from] item: Life Orb
|
|-ability|p2a: Blaziken|Speed Boost|boost
|-boost|p2a: Blaziken|spe|1
|upkeep
|
|t:|1660172389
|switch|p1a: Mandibuzz|Mandibuzz, F|100/100
|turn|22
|
|t:|1660172392
|move|p2a: Blaziken|Close Combat|p1a: Mandibuzz
|-damage|p1a: Mandibuzz|45/100
|-unboost|p2a: Blaziken|def|1
|-unboost|p2a: Blaziken|spd|1
|-damage|p2a: Blaziken|16/100|[from] item: Life Orb
|move|p1a: Mandibuzz|Foul Play|p2a: Blaziken
|-resisted|p2a: Blaziken
|-damage|p2a: Blaziken|0 fnt
|faint|p2a: Blaziken
|
|upkeep
|
|t:|1660172394
|switch|p2a: Vanilluxe|Vanilluxe, M|10/100
|-weather|Hail|[from] ability: Snow Warning|[of] p2a: Vanilluxe
|turn|23
|-message|eromangagaki forfeited.
|
|win|Batataplays
|raw|Batataplays's rating: 1701 &rarr; <strong>1724</strong><br />(+23 for winning)
|raw|eromangagaki's rating: 1748 &rarr; <strong>1725</strong><br />(-23 for losing)
|l|☆eromangagaki
||Ladder isn't responding, score probably updated but might not have (Request timeout).
