|raw|<div class="broadcast-blue"><strong>This battle is required to be public due to a player having a name prefixed by 'LT72MS'.</div>
|j|☆isheavydead
|j|☆LT72MS Finch
|t:|1597440232
|player|p1|isheavydead|265|1700
|player|p2|LT72MS Finch|#finchinator|1762
|teamsize|p1|6
|teamsize|p2|6
|gametype|singles
|gen|8
|tier|[Gen 8] OU
|rated|
|clearpoke
|poke|p1|Haxorus, M|
|poke|p1|Volcarona, F|
|poke|p1|Ninetales-Alola, M|
|poke|p1|Excadrill, M|
|poke|p1|Urshifu-*, F|
|poke|p1|Azumarill, F|
|poke|p2|Corviknight, M|
|poke|p2|Toxapex, F|
|poke|p2|Clefable, M|
|poke|p2|Blissey, F|
|poke|p2|Ditto|
|poke|p2|Avalugg, M|
|rule|Sleep Clause Mod: Limit one foe put to sleep
|rule|Species Clause: Limit one of each Pokémon
|rule|OHKO Clause: OHKO moves are banned
|rule|Evasion Moves Clause: Evasion moves are banned
|rule|Endless Battle Clause: Forcing endless battles is banned
|rule|HP Percentage Mod: HP is shown in percentages
|rule|Dynamax Clause: You cannot dynamax
|teampreview
|inactive|Battle timer is ON: inactive players will automatically lose when time's up. (requested by LT72MS Finch)
|
|t:|1597440239
|start
|switch|p1a: Azumarill|Azumarill, F|100/100
|switch|p2a: THIS|Toxapex, F|100/100
|turn|1
|
|t:|1597440244
|switch|p1a: Excadrill|Excadrill, M, shiny|100/100
|-ability|p1a: Excadrill|Mold Breaker
|move|p2a: THIS|Toxic Spikes|p1a: Excadrill
|-sidestart|p1: isheavydead|move: Toxic Spikes
|
|upkeep
|turn|2
|
|t:|1597440246
|move|p1a: Excadrill|Stealth Rock|p2a: THIS
|-sidestart|p2: LT72MS Finch|move: Stealth Rock
|move|p2a: THIS|Scald|p1a: Excadrill
|-supereffective|p1a: Excadrill
|-damage|p1a: Excadrill|57/100
|
|upkeep
|turn|3
|
|t:|1597440248
|move|p1a: Excadrill|Rapid Spin|p2a: THIS
|-damage|p2a: THIS|89/100
|-boost|p1a: Excadrill|spe|1
|-sideend|p1: isheavydead|Toxic Spikes|[from] move: Rapid Spin|[of] p1a: Excadrill
|move|p2a: THIS|Scald|p1a: Excadrill
|-supereffective|p1a: Excadrill
|-damage|p1a: Excadrill|10/100
|
|upkeep
|turn|4
|
|t:|1597440251
|move|p1a: Excadrill|Earthquake|p2a: THIS
|-supereffective|p2a: THIS
|-damage|p2a: THIS|22/100
|move|p2a: THIS|Toxic Spikes|p1a: Excadrill
|-sidestart|p1: isheavydead|move: Toxic Spikes
|
|upkeep
|turn|5
|
|t:|1597440253
|switch|p2a: YES|Corviknight, M|100/100
|-damage|p2a: YES|88/100|[from] Stealth Rock
|-ability|p2a: YES|Pressure
|move|p1a: Excadrill|Rapid Spin|p2a: YES
|-resisted|p2a: YES
|-damage|p2a: YES|82/100
|-boost|p1a: Excadrill|spe|1
|-damage|p1a: Excadrill|0 fnt|[from] item: Rocky Helmet|[of] p2a: YES
|faint|p1a: Excadrill
|
|upkeep
|
|t:|1597440258
|switch|p1a: Azumarill|Azumarill, F|100/100
|-status|p1a: Azumarill|psn
|turn|6
|j| Y-Wing Fighter
|
|t:|1597440272
|switch|p2a: THIS|Toxapex, F|55/100
|-damage|p2a: THIS|43/100|[from] Stealth Rock
|move|p1a: Azumarill|Belly Drum|p1a: Azumarill
|-damage|p1a: Azumarill|50/100 psn
|-setboost|p1a: Azumarill|atk|6|[from] move: Belly Drum
|-enditem|p1a: Azumarill|Sitrus Berry|[eat]
|-heal|p1a: Azumarill|75/100 psn|[from] item: Sitrus Berry
|
|-damage|p1a: Azumarill|63/100 psn|[from] psn
|upkeep
|turn|7
|
|t:|1597440277
|switch|p2a: YES|Corviknight, M|82/100
|-damage|p2a: YES|70/100|[from] Stealth Rock
|-ability|p2a: YES|Pressure
|move|p1a: Azumarill|Knock Off|p2a: YES
|-damage|p2a: YES|0 fnt
|-damage|p1a: Azumarill|46/100 psn|[from] item: Rocky Helmet|[of] p2a: YES
|-enditem|p2a: YES|Rocky Helmet|[from] move: Knock Off|[of] p1a: Azumarill
|faint|p2a: YES
|
|-damage|p1a: Azumarill|34/100 psn|[from] psn
|upkeep
|
|t:|1597440279
|switch|p2a: OF|Ditto, shiny|100/100
|-damage|p2a: OF|88/100|[from] Stealth Rock
|-transform|p2a: OF|p1a: Azumarill|[from] ability: Imposter
|turn|8
|
|t:|1597440281
|move|p2a: OF|Aqua Jet|p1a: Azumarill
|-resisted|p1a: Azumarill
|-damage|p1a: Azumarill|0 fnt
|faint|p1a: Azumarill
|
|upkeep
|
|t:|1597440287
|switch|p1a: Haxorus|Haxorus, M, shiny|100/100
|-status|p1a: Haxorus|psn
|-enditem|p1a: Haxorus|Lum Berry|[eat]
|-curestatus|p1a: Haxorus|psn|[msg]
|-ability|p1a: Haxorus|Mold Breaker
|turn|9
|
|t:|1597440290
|move|p2a: OF|Aqua Jet|p1a: Haxorus
|-resisted|p1a: Haxorus
|-damage|p1a: Haxorus|39/100
|move|p1a: Haxorus|Poison Jab|p2a: OF
|-supereffective|p2a: OF
|-damage|p2a: OF|0 fnt
|faint|p2a: OF
|
|upkeep
|
|t:|1597440293
|switch|p2a: FUN|Avalugg, M|100/100
|turn|10
|j| lt72ms IPL
|
|t:|1597440301
|move|p1a: Haxorus|Close Combat|p2a: FUN
|-supereffective|p2a: FUN
|-damage|p2a: FUN|66/100
|-unboost|p1a: Haxorus|def|1
|-unboost|p1a: Haxorus|spd|1
|move|p2a: FUN|Body Press|p1a: Haxorus
|-damage|p1a: Haxorus|0 fnt
|faint|p1a: Haxorus
|
|upkeep
|j| GOATDON
|
|t:|1597440305
|switch|p1a: Ninetales|Ninetales-Alola, M, shiny|100/100
|-status|p1a: Ninetales|psn
|-weather|Hail|[from] ability: Snow Warning|[of] p1a: Ninetales
|turn|11
|j| OUTU devans2048
|inactive|LT72MS Finch has 120 seconds left.
|-message|isheavydead forfeited.
|
|win|LT72MS Finch
|l|☆isheavydead
