|raw|<div class="broadcast-blue"><strong>This battle is required to be public due to a player having a name starting with 'lt94je'.</div>
|j|☆Gotmyvanson
|j|☆lt94je weaselfie
|t:|1661733071
|gametype|singles
|player|p1|Gotmyvanson|ghetsis|1494
|player|p2|lt94je weaselfie|rosa|1560
|teamsize|p1|6
|teamsize|p2|6
|gen|8
|tier|[Gen 8] OU
|rated|
|rule|Sleep Clause Mod: Limit one foe put to sleep
|rule|Species Clause: Limit one of each Pokémon
|rule|OHKO Clause: OHKO moves are banned
|rule|Evasion Items Clause: Evasion items are banned
|rule|Evasion Moves Clause: Evasion moves are banned
|rule|Endless Battle Clause: Forcing endless battles is banned
|rule|HP Percentage Mod: HP is shown in percentages
|rule|Dynamax Clause: You cannot dynamax
|clearpoke
|poke|p1|Ferrothorn, M|
|poke|p1|Tornadus-Therian, M|
|poke|p1|Weavile, F|
|poke|p1|Heatran, F|
|poke|p1|Regieleki|
|poke|p1|Clefable, F|
|poke|p2|Dragapult, F|
|poke|p2|Kartana|
|poke|p2|Magnezone|
|poke|p2|Landorus-Therian, M|
|poke|p2|Slowbro, F|
|poke|p2|Dragonite, M|
|teampreview
|inactive|Battle timer is ON: inactive players will automatically lose when time's up. (requested by Gotmyvanson)
|
|t:|1661733130
|start
|switch|p1a: Tornadus|Tornadus-Therian, M|100/100
|switch|p2a: Pink + White|Slowbro, F|100/100
|turn|1
|
|t:|1661733145
|move|p1a: Tornadus|Knock Off|p2a: Pink + White
|-supereffective|p2a: Pink + White
|-enditem|p2a: Pink + White|Colbur Berry|[eat]
|-enditem|p2a: Pink + White|Colbur Berry|[weaken]
|-damage|p2a: Pink + White|89/100
|move|p2a: Pink + White|Future Sight|p1a: Tornadus
|-start|p2a: Pink + White|move: Future Sight
|
|upkeep
|turn|2
|
|t:|1661733155
|move|p1a: Tornadus|Toxic|p2a: Pink + White
|-status|p2a: Pink + White|tox
|move|p2a: Pink + White|Teleport|p2a: Pink + White
|
|t:|1661733162
|switch|p2a: 4th Dimension|Magnezone, shiny|100/100|[from]move: Teleport
|-item|p2a: 4th Dimension|Air Balloon
|
|upkeep
|turn|3
|
|t:|1661733166
|move|p1a: Tornadus|U-turn|p2a: 4th Dimension
|-resisted|p2a: 4th Dimension
|-damage|p2a: 4th Dimension|95/100
|-enditem|p2a: 4th Dimension|Air Balloon
|
|t:|1661733171
|switch|p1a: Heatran|Heatran, F|100/100|[from]move: U-turn
|-item|p1a: Heatran|Air Balloon
|move|p2a: 4th Dimension|Thunderbolt|p1a: Heatran
|-damage|p1a: Heatran|60/100
|-enditem|p1a: Heatran|Air Balloon
|
|-end|p1a: Heatran|move: Future Sight
|-resisted|p1a: Heatran
|-damage|p1a: Heatran|38/100
|upkeep
|turn|4
|
|t:|1661733189
|switch|p2a: Everything We Need|Dragonite, M|100/100
|move|p1a: Heatran|Magma Storm|p2a: Everything We Need|[miss]
|-miss|p1a: Heatran|p2a: Everything We Need
|
|upkeep
|turn|5
|
|t:|1661733195
|switch|p2a: 4th Dimension|Magnezone, shiny|95/100
|switch|p1a: Clefable|Clefable, F|100/100
|
|upkeep
|turn|6
|
|t:|1661733199
|move|p2a: 4th Dimension|Thunderbolt|p1a: Clefable
|-damage|p1a: Clefable|62/100
|move|p1a: Clefable|Calm Mind|p1a: Clefable
|-boost|p1a: Clefable|spa|1
|-boost|p1a: Clefable|spd|1
|
|-heal|p1a: Clefable|68/100|[from] item: Leftovers
|upkeep
|turn|7
|
|t:|1661733204
|switch|p2a: White Ferrari|Kartana, shiny|100/100
|move|p1a: Clefable|Flamethrower|p2a: White Ferrari
|-supereffective|p2a: White Ferrari
|-damage|p2a: White Ferrari|0 fnt
|faint|p2a: White Ferrari
|
|-heal|p1a: Clefable|74/100|[from] item: Leftovers
|upkeep
|
|t:|1661733208
|switch|p2a: VIRGO'S GROOVE|Landorus-Therian, M|100/100
|-ability|p2a: VIRGO'S GROOVE|Intimidate|boost
|-unboost|p1a: Clefable|atk|1
|turn|8
|
|t:|1661733211
|move|p2a: VIRGO'S GROOVE|Knock Off|p1a: Clefable
|-resisted|p1a: Clefable
|-damage|p1a: Clefable|61/100
|-enditem|p1a: Clefable|Leftovers|[from] move: Knock Off|[of] p2a: VIRGO'S GROOVE
|move|p1a: Clefable|Soft-Boiled|p1a: Clefable
|-heal|p1a: Clefable|100/100
|
|upkeep
|turn|9
|
|t:|1661733219
|move|p2a: VIRGO'S GROOVE|Earthquake|p1a: Clefable
|-damage|p1a: Clefable|60/100
|move|p1a: Clefable|Calm Mind|p1a: Clefable
|-boost|p1a: Clefable|spa|1
|-boost|p1a: Clefable|spd|1
|
|upkeep
|turn|10
|
|t:|1661733223
|move|p2a: VIRGO'S GROOVE|Earthquake|p1a: Clefable
|-damage|p1a: Clefable|22/100
|move|p1a: Clefable|Soft-Boiled|p1a: Clefable
|-heal|p1a: Clefable|72/100
|
|upkeep
|turn|11
|
|t:|1661733224
|move|p2a: VIRGO'S GROOVE|Earthquake|p1a: Clefable
|-damage|p1a: Clefable|36/100
|move|p1a: Clefable|Soft-Boiled|p1a: Clefable
|-heal|p1a: Clefable|86/100
|
|upkeep
|turn|12
|
|t:|1661733226
|move|p2a: VIRGO'S GROOVE|Earthquake|p1a: Clefable
|-damage|p1a: Clefable|45/100
|move|p1a: Clefable|Soft-Boiled|p1a: Clefable
|-heal|p1a: Clefable|95/100
|
|upkeep
|turn|13
|
|t:|1661733229
|move|p2a: VIRGO'S GROOVE|Earthquake|p1a: Clefable
|-damage|p1a: Clefable|56/100
|move|p1a: Clefable|Calm Mind|p1a: Clefable
|-boost|p1a: Clefable|spa|1
|-boost|p1a: Clefable|spd|1
|
|upkeep
|turn|14
|
|t:|1661733230
|move|p2a: VIRGO'S GROOVE|Earthquake|p1a: Clefable
|-damage|p1a: Clefable|21/100
|move|p1a: Clefable|Soft-Boiled|p1a: Clefable
|-heal|p1a: Clefable|71/100
|
|upkeep
|turn|15
|
|t:|1661733233
|move|p2a: VIRGO'S GROOVE|Earthquake|p1a: Clefable
|-damage|p1a: Clefable|36/100
|move|p1a: Clefable|Soft-Boiled|p1a: Clefable
|-heal|p1a: Clefable|86/100
|
|upkeep
|turn|16
|
|t:|1661733235
|move|p2a: VIRGO'S GROOVE|Earthquake|p1a: Clefable
|-damage|p1a: Clefable|46/100
|move|p1a: Clefable|Soft-Boiled|p1a: Clefable
|-heal|p1a: Clefable|96/100
|
|upkeep
|turn|17
|
|t:|1661733237
|move|p2a: VIRGO'S GROOVE|Earthquake|p1a: Clefable
|-damage|p1a: Clefable|55/100
|move|p1a: Clefable|Moonblast|p2a: VIRGO'S GROOVE
|-damage|p2a: VIRGO'S GROOVE|42/100
|
|-heal|p2a: VIRGO'S GROOVE|48/100|[from] item: Leftovers
|upkeep
|turn|18
|
|t:|1661733239
|move|p2a: VIRGO'S GROOVE|Earthquake|p1a: Clefable
|-damage|p1a: Clefable|17/100
|move|p1a: Clefable|Soft-Boiled|p1a: Clefable
|-heal|p1a: Clefable|67/100
|
|-heal|p2a: VIRGO'S GROOVE|54/100|[from] item: Leftovers
|upkeep
|turn|19
|
|t:|1661733241
|move|p2a: VIRGO'S GROOVE|Earthquake|p1a: Clefable
|-damage|p1a: Clefable|26/100
|move|p1a: Clefable|Soft-Boiled|p1a: Clefable
|-heal|p1a: Clefable|76/100
|
|-heal|p2a: VIRGO'S GROOVE|60/100|[from] item: Leftovers
|upkeep
|turn|20
|
|t:|1661733243
|move|p2a: VIRGO'S GROOVE|Earthquake|p1a: Clefable
|-damage|p1a: Clefable|38/100
|move|p1a: Clefable|Soft-Boiled|p1a: Clefable
|-heal|p1a: Clefable|88/100
|
|-heal|p2a: VIRGO'S GROOVE|66/100|[from] item: Leftovers
|upkeep
|turn|21
|
|t:|1661733244
|move|p2a: VIRGO'S GROOVE|Earthquake|p1a: Clefable
|-damage|p1a: Clefable|47/100
|move|p1a: Clefable|Moonblast|p2a: VIRGO'S GROOVE
|-damage|p2a: VIRGO'S GROOVE|6/100
|
|-heal|p2a: VIRGO'S GROOVE|12/100|[from] item: Leftovers
|upkeep
|turn|22
|
|t:|1661733247
|move|p2a: VIRGO'S GROOVE|Earthquake|p1a: Clefable
|-damage|p1a: Clefable|8/100
|move|p1a: Clefable|Soft-Boiled|p1a: Clefable
|-heal|p1a: Clefable|58/100
|
|-heal|p2a: VIRGO'S GROOVE|18/100|[from] item: Leftovers
|upkeep
|turn|23
|
|t:|1661733248
|move|p2a: VIRGO'S GROOVE|Earthquake|p1a: Clefable
|-damage|p1a: Clefable|19/100
|move|p1a: Clefable|Soft-Boiled|p1a: Clefable
|-heal|p1a: Clefable|69/100
|
|-heal|p2a: VIRGO'S GROOVE|24/100|[from] item: Leftovers
|upkeep
|turn|24
|
|t:|1661733250
|move|p2a: VIRGO'S GROOVE|Earthquake|p1a: Clefable
|-damage|p1a: Clefable|29/100
|move|p1a: Clefable|Soft-Boiled|p1a: Clefable
|-heal|p1a: Clefable|79/100
|
|-heal|p2a: VIRGO'S GROOVE|30/100|[from] item: Leftovers
|upkeep
|turn|25
|-message|lt94je weaselfie forfeited.
|
|win|Gotmyvanson
|raw|Gotmyvanson's rating: 1494 &rarr; <strong>1518</strong><br />(+24 for winning)
|raw|lt94je weaselfie's rating: 1560 &rarr; <strong>1536</strong><br />(-24 for losing)
|l|☆lt94je weaselfie
