|j|☆enpathy
|j|☆Kyerndo
|t:|1644148687
|gametype|singles
|player|p1|enpathy|169|1786
|player|p2|Kyerndo|psychic|1674
|teamsize|p1|6
|teamsize|p2|6
|gen|8
|tier|[Gen 8] OU
|rated|
|rule|Sleep Clause Mod: Limit one foe put to sleep
|rule|Species Clause: Limit one of each Pokémon
|rule|OHKO Clause: OHKO moves are banned
|rule|Evasion Moves Clause: Evasion moves are banned
|rule|Endless Battle Clause: Forcing endless battles is banned
|rule|HP Percentage Mod: HP is shown in percentages
|rule|Dynamax Clause: You cannot dynamax
|clearpoke
|poke|p1|Slowbro, M|
|poke|p1|Blissey, F|
|poke|p1|Garchomp, M|
|poke|p1|Skarmory, M|
|poke|p1|Victini|
|poke|p1|Zeraora|
|poke|p2|Crawdaunt, F|
|poke|p2|Marowak-Alola, M|
|poke|p2|Dragalge, M|
|poke|p2|Hatterene, F|
|poke|p2|Porygon2|
|poke|p2|Cresselia, F|
|teampreview
|
|t:|1644148721
|start
|switch|p1a: Victini|Victini|100/100
|switch|p2a: Marowak|Marowak-Alola, M|100/100
|turn|1
|
|t:|1644148755
|move|p1a: Victini|U-turn|p2a: Marowak
|-resisted|p2a: Marowak
|-damage|p2a: Marowak|96/100
|
|t:|1644148757
|switch|p1a: Blissey|Blissey, F|100/100|[from]move: U-turn
|move|p2a: Marowak|Poltergeist|p1a: Blissey
|-immune|p1a: Blissey
|
|upkeep
|turn|2
|
|t:|1644148761
|switch|p1a: Garchomp|Garchomp, M|100/100
|move|p2a: Marowak|Poltergeist|p1a: Garchomp
|-activate|p1a: Garchomp|move: Poltergeist|Rocky Helmet
|-damage|p1a: Garchomp|47/100
|
|upkeep
|turn|3
|c|☆Kyerndo|Yeah nice try
|
|t:|1644148775
|move|p1a: Garchomp|Rest|p1a: Garchomp
|-status|p1a: Garchomp|slp|[from] move: Rest
|-heal|p1a: Garchomp|100/100 slp|[silent]
|move|p2a: Marowak|Poltergeist|p1a: Garchomp
|-activate|p1a: Garchomp|move: Poltergeist|Rocky Helmet
|-damage|p1a: Garchomp|43/100 slp
|
|upkeep
|turn|4
|
|t:|1644148791
|cant|p1a: Garchomp|slp
|move|p2a: Marowak|Swords Dance|p2a: Marowak
|-boost|p2a: Marowak|atk|2
|
|upkeep
|turn|5
|
|t:|1644148795
|cant|p1a: Garchomp|slp
|move|p2a: Marowak|Earthquake|p1a: Garchomp
|-damage|p1a: Garchomp|0 fnt
|faint|p1a: Garchomp
|
|upkeep
|c|☆enpathy|what a clicker
|
|t:|1644148803
|switch|p1a: Zeraora|Zeraora|100/100
|turn|6
|j| Lightchanseyy
|
|t:|1644148824
|switch|p2a: Porygon2|Porygon2|100/100
|-ability|p2a: Porygon2|Volt Absorb|[from] ability: Trace|[of] p1a: Zeraora
|move|p1a: Zeraora|Bulk Up|p1a: Zeraora
|-boost|p1a: Zeraora|atk|1
|-boost|p1a: Zeraora|def|1
|
|upkeep
|turn|7
|
|t:|1644148866
|move|p1a: Zeraora|Bulk Up|p1a: Zeraora
|-boost|p1a: Zeraora|atk|1
|-boost|p1a: Zeraora|def|1
|move|p2a: Porygon2|Trick Room|p2a: Porygon2
|-fieldstart|move: Trick Room|[of] p2a: Porygon2
|
|upkeep
|turn|8
|
|t:|1644148872
|switch|p2a: Dragalge|Dragalge, M|100/100
|move|p1a: Zeraora|Knock Off|p2a: Dragalge
|-damage|p2a: Dragalge|32/100
|-enditem|p2a: Dragalge|Choice Specs|[from] move: Knock Off|[of] p1a: Zeraora
|
|upkeep
|turn|9
|
|t:|1644148877
|switch|p1a: Blissey|Blissey, F|100/100
|move|p2a: Dragalge|Draco Meteor|p1a: Blissey
|-damage|p1a: Blissey|71/100
|-unboost|p2a: Dragalge|spa|2
|
|upkeep
|turn|10
|
|t:|1644148880
|switch|p2a: Marowak|Marowak-Alola, M|96/100
|switch|p1a: Zeraora|Zeraora|100/100
|
|upkeep
|turn|11
|
|t:|1644148886
|switch|p1a: Skarmory|Skarmory, M|100/100
|move|p2a: Marowak|Poltergeist|p1a: Skarmory|[miss]
|-miss|p2a: Marowak|p1a: Skarmory
|
|-fieldend|move: Trick Room
|upkeep
|turn|12
|
|t:|1644148890
|switch|p1a: Victini|Victini|100/100
|move|p2a: Marowak|Flare Blitz|p1a: Victini
|-resisted|p1a: Victini
|-damage|p1a: Victini|51/100
|
|upkeep
|turn|13
|
|t:|1644148897
|move|p1a: Victini|Bolt Strike|p2a: Marowak
|-damage|p2a: Marowak|57/100
|move|p2a: Marowak|Poltergeist|p1a: Victini
|-activate|p1a: Victini|move: Poltergeist|Heavy-Duty Boots
|-supereffective|p1a: Victini
|-crit|p1a: Victini
|-damage|p1a: Victini|0 fnt
|faint|p1a: Victini
|
|upkeep
|
|t:|1644148899
|switch|p1a: Zeraora|Zeraora|100/100
|turn|14
|
|t:|1644148903
|switch|p2a: Hatterene|Hatterene, F|100/100
|move|p1a: Zeraora|Knock Off|p2a: Hatterene
|-damage|p2a: Hatterene|70/100
|-enditem|p2a: Hatterene|Focus Sash|[from] move: Knock Off|[of] p1a: Zeraora
|
|upkeep
|turn|15
|
|t:|1644148905
|move|p1a: Zeraora|Bulk Up|p1a: Zeraora
|-boost|p1a: Zeraora|atk|1
|-boost|p1a: Zeraora|def|1
|move|p2a: Hatterene|Trick Room|p2a: Hatterene
|-fieldstart|move: Trick Room|[of] p2a: Hatterene
|
|upkeep
|turn|16
|
|t:|1644148909
|move|p2a: Hatterene|Healing Wish|p2a: Hatterene
|faint|p2a: Hatterene
|move|p1a: Zeraora|Bulk Up|p1a: Zeraora
|-boost|p1a: Zeraora|atk|1
|-boost|p1a: Zeraora|def|1
|
|upkeep
|
|t:|1644148915
|switch|p2a: Dragalge|Dragalge, M|32/100
|-heal|p2a: Dragalge|100/100|[from] move: Healing Wish
|turn|17
|
|t:|1644148918
|switch|p1a: Blissey|Blissey, F|71/100
|move|p2a: Dragalge|Draco Meteor|p1a: Blissey|[miss]
|-miss|p2a: Dragalge|p1a: Blissey
|
|upkeep
|turn|18
|
|t:|1644148920
|switch|p2a: Marowak|Marowak-Alola, M|57/100
|switch|p1a: Zeraora|Zeraora|100/100
|
|upkeep
|turn|19
|
|t:|1644148925
|switch|p1a: Slowbro|Slowbro, M|100/100
|move|p2a: Marowak|Flare Blitz|p1a: Slowbro
|-resisted|p1a: Slowbro
|-damage|p1a: Slowbro|69/100
|-status|p1a: Slowbro|brn
|
|-damage|p1a: Slowbro|63/100 brn|[from] brn
|-fieldend|move: Trick Room
|upkeep
|turn|20
|
|t:|1644148927
|move|p2a: Marowak|Poltergeist|p1a: Slowbro
|-activate|p1a: Slowbro|move: Poltergeist|Heavy-Duty Boots
|-supereffective|p1a: Slowbro
|-damage|p1a: Slowbro|0 fnt
|faint|p1a: Slowbro
|
|upkeep
|
|t:|1644148929
|switch|p1a: Zeraora|Zeraora|100/100
|turn|21
|-message|enpathy forfeited.
|
|win|Kyerndo
|raw|enpathy's rating: 1786 &rarr; <strong>1760</strong><br />(-26 for losing)
|raw|Kyerndo's rating: 1674 &rarr; <strong>1700</strong><br />(+26 for winning)
|l|☆enpathy
