|j|☆Snivyite
|j|☆RipReckful
|t:|1635056029
|gametype|singles
|player|p1|Snivyite|lucas-gen4pt|1712
|player|p2|RipReckful|clerk|1736
|teamsize|p1|6
|teamsize|p2|6
|gen|8
|tier|[Gen 8] OU
|rated|
|rule|Sleep Clause Mod: Limit one foe put to sleep
|rule|Species Clause: Limit one of each Pokémon
|rule|OHKO Clause: OHKO moves are banned
|rule|Evasion Moves Clause: Evasion moves are banned
|rule|Endless Battle Clause: Forcing endless battles is banned
|rule|HP Percentage Mod: HP is shown in percentages
|rule|Dynamax Clause: You cannot dynamax
|clearpoke
|poke|p1|Zeraora|
|poke|p1|Urshifu-*, F|
|poke|p1|Kyurem|
|poke|p1|Slowking-Galar, M|
|poke|p1|Corviknight, F|
|poke|p1|Hippowdon, F|
|poke|p2|Kyurem|
|poke|p2|Excadrill, M|
|poke|p2|Clefable, M|
|poke|p2|Corviknight, F|
|poke|p2|Rotom-Wash|
|poke|p2|Kartana|
|teampreview
|inactive|Battle timer is ON: inactive players will automatically lose when time's up. (requested by RipReckful)
|inactive|Snivyite has 120 seconds left.
|inactive|RipReckful has 120 seconds left.
|j| fuxiddd
|
|t:|1635056069
|start
|switch|p1a: Kyurem|Kyurem|100/100
|switch|p2a: Rotom|Rotom-Wash|100/100
|-ability|p1a: Kyurem|Pressure
|turn|1
|
|t:|1635056077
|switch|p2a: Clefable|Clefable, M|100/100
|move|p1a: Kyurem|Freeze-Dry|p2a: Clefable
|-damage|p2a: Clefable|55/100
|
|-heal|p2a: Clefable|61/100|[from] item: Leftovers
|upkeep
|turn|2
|j| Reduxal
|j| xhp
|j| deju veus
|
|t:|1635056084
|switch|p1a: Slowking|Slowking-Galar, M|100/100
|move|p2a: Clefable|Soft-Boiled|p2a: Clefable
|-heal|p2a: Clefable|100/100
|
|upkeep
|turn|3
|
|t:|1635056095
|switch|p2a: Excadrill|Excadrill, M|100/100
|-ability|p2a: Excadrill|Mold Breaker
|move|p1a: Slowking|Flamethrower|p2a: Excadrill
|-supereffective|p2a: Excadrill
|-damage|p2a: Excadrill|62/100
|
|-heal|p2a: Excadrill|68/100|[from] item: Leftovers
|upkeep
|turn|4
|
|t:|1635056099
|switch|p1a: Corviknight|Corviknight, F|100/100
|-ability|p1a: Corviknight|Pressure
|move|p2a: Excadrill|Stealth Rock|p1a: Corviknight
|-sidestart|p1: Snivyite|move: Stealth Rock
|
|-heal|p2a: Excadrill|74/100|[from] item: Leftovers
|upkeep
|turn|5
|
|t:|1635056102
|switch|p2a: Rotom|Rotom-Wash|100/100
|move|p1a: Corviknight|Defog|p2a: Rotom
|-unboost|p2a: Rotom|evasion|1
|-sideend|p1: Snivyite|Stealth Rock|[from] move: Defog|[of] p1a: Corviknight
|
|upkeep
|turn|6
|
|t:|1635056106
|switch|p1a: Slowking|Slowking-Galar, M|100/100
|move|p2a: Rotom|Will-O-Wisp|p1a: Slowking
|-status|p1a: Slowking|brn
|
|-damage|p1a: Slowking|94/100 brn|[from] brn
|upkeep
|turn|7
|
|t:|1635056109
|move|p2a: Rotom|Volt Switch|p1a: Slowking
|-damage|p1a: Slowking|84/100 brn
|
|t:|1635056113
|switch|p2a: Kyurem|Kyurem|100/100|[from]move: Volt Switch
|-ability|p2a: Kyurem|Pressure
|move|p1a: Slowking|Future Sight|p2a: Kyurem
|-start|p1a: Slowking|move: Future Sight
|
|-damage|p1a: Slowking|78/100 brn|[from] brn
|upkeep
|turn|8
|
|t:|1635056117
|move|p2a: Kyurem|Substitute|p2a: Kyurem
|-start|p2a: Kyurem|Substitute
|-damage|p2a: Kyurem|76/100
|move|p1a: Slowking|Sludge Bomb|p2a: Kyurem
|-end|p2a: Kyurem|Substitute
|
|-damage|p1a: Slowking|72/100 brn|[from] brn
|upkeep
|turn|9
|
|t:|1635056124
|move|p2a: Kyurem|Substitute|p2a: Kyurem
|-start|p2a: Kyurem|Substitute
|-damage|p2a: Kyurem|51/100
|move|p1a: Slowking|Flamethrower|p2a: Kyurem
|-activate|p2a: Kyurem|move: Substitute|[damage]
|
|-end|p2a: Kyurem|move: Future Sight
|-end|p2a: Kyurem|Substitute
|-damage|p1a: Slowking|66/100 brn|[from] brn
|upkeep
|turn|10
|
|t:|1635056133
|switch|p2a: Excadrill|Excadrill, M|74/100
|-ability|p2a: Excadrill|Mold Breaker
|move|p1a: Slowking|Sludge Bomb|p2a: Excadrill
|-immune|p2a: Excadrill
|
|-heal|p2a: Excadrill|80/100|[from] item: Leftovers
|-damage|p1a: Slowking|60/100 brn|[from] brn
|upkeep
|turn|11
|
|t:|1635056161
|switch|p2a: Clefable|Clefable, M|100/100
|switch|p1a: Corviknight|Corviknight, F|100/100
|-ability|p1a: Corviknight|Pressure
|
|upkeep
|turn|12
|
|t:|1635056164
|move|p1a: Corviknight|U-turn|p2a: Clefable
|-resisted|p2a: Clefable
|-damage|p2a: Clefable|94/100
|
|t:|1635056166
|switch|p1a: Slowking|Slowking-Galar, M|93/100 brn|[from]move: U-turn
|move|p2a: Clefable|Knock Off|p1a: Slowking
|-supereffective|p1a: Slowking
|-damage|p1a: Slowking|64/100 brn
|-enditem|p1a: Slowking|Assault Vest|[from] move: Knock Off|[of] p2a: Clefable
|
|-heal|p2a: Clefable|99/100|[from] item: Leftovers
|-damage|p1a: Slowking|58/100 brn|[from] brn
|upkeep
|turn|13
|
|t:|1635056175
|move|p2a: Clefable|Knock Off|p1a: Slowking
|-supereffective|p1a: Slowking
|-damage|p1a: Slowking|38/100 brn
|move|p1a: Slowking|Flamethrower|p2a: Clefable
|-damage|p2a: Clefable|82/100
|
|-heal|p2a: Clefable|88/100|[from] item: Leftovers
|-damage|p1a: Slowking|32/100 brn|[from] brn
|upkeep
|turn|14
|j| pogger2956
|
|t:|1635056183
|switch|p2a: Excadrill|Excadrill, M|80/100
|-ability|p2a: Excadrill|Mold Breaker
|move|p1a: Slowking|Future Sight|p2a: Excadrill
|-start|p1a: Slowking|move: Future Sight
|
|-heal|p2a: Excadrill|86/100|[from] item: Leftovers
|-damage|p1a: Slowking|26/100 brn|[from] brn
|upkeep
|turn|15
|
|t:|1635056185
|switch|p1a: Corviknight|Corviknight, F|100/100
|-ability|p1a: Corviknight|Pressure
|move|p2a: Excadrill|Stealth Rock|p1a: Corviknight
|-sidestart|p1: Snivyite|move: Stealth Rock
|
|-heal|p2a: Excadrill|92/100|[from] item: Leftovers
|upkeep
|turn|16
|
|t:|1635056188
|move|p2a: Excadrill|Iron Head|p1a: Corviknight
|-resisted|p1a: Corviknight
|-damage|p1a: Corviknight|90/100
|-damage|p2a: Excadrill|76/100|[from] item: Rocky Helmet|[of] p1a: Corviknight
|move|p1a: Corviknight|Defog|p2a: Excadrill
|-unboost|p2a: Excadrill|evasion|1
|-sideend|p1: Snivyite|Stealth Rock|[from] move: Defog|[of] p1a: Corviknight
|
|-end|p2a: Excadrill|move: Future Sight
|-resisted|p2a: Excadrill
|-damage|p2a: Excadrill|56/100
|-heal|p2a: Excadrill|63/100|[from] item: Leftovers
|upkeep
|turn|17
|
|t:|1635056194
|move|p2a: Excadrill|Stealth Rock|p1a: Corviknight
|-sidestart|p1: Snivyite|move: Stealth Rock
|move|p1a: Corviknight|Brave Bird|p2a: Excadrill
|-resisted|p2a: Excadrill
|-damage|p2a: Excadrill|39/100
|-damage|p1a: Corviknight|81/100|[from] Recoil
|
|-heal|p2a: Excadrill|45/100|[from] item: Leftovers
|upkeep
|turn|18
|l| pogger2956
|
|t:|1635056197
|switch|p2a: Rotom|Rotom-Wash|100/100
|move|p1a: Corviknight|Defog|p2a: Rotom
|-unboost|p2a: Rotom|evasion|1
|-sideend|p1: Snivyite|Stealth Rock|[from] move: Defog|[of] p1a: Corviknight
|
|upkeep
|turn|19
|
|t:|1635056203
|move|p2a: Rotom|Volt Switch|p1a: Corviknight
|-supereffective|p1a: Corviknight
|-damage|p1a: Corviknight|34/100
|j| Sixty6sixshit
|
|t:|1635056206
|switch|p2a: Kyurem|Kyurem|51/100|[from]move: Volt Switch
|-ability|p2a: Kyurem|Pressure
|move|p1a: Corviknight|U-turn|p2a: Kyurem
|-damage|p2a: Kyurem|38/100
|
|t:|1635056210
|switch|p1a: Urshifu|Urshifu-Rapid-Strike, F|100/100|[from]move: U-turn
|
|upkeep
|turn|20
|
|t:|1635056219
|switch|p2a: Clefable|Clefable, M|88/100
|move|p1a: Urshifu|Close Combat|p2a: Clefable
|-resisted|p2a: Clefable
|-damage|p2a: Clefable|48/100
|-unboost|p1a: Urshifu|def|1
|-unboost|p1a: Urshifu|spd|1
|
|-heal|p2a: Clefable|54/100|[from] item: Leftovers
|upkeep
|turn|21
|
|t:|1635056228
|switch|p1a: Slowking|Slowking-Galar, M|59/100 brn
|move|p2a: Clefable|Soft-Boiled|p2a: Clefable
|-heal|p2a: Clefable|100/100
|
|-damage|p1a: Slowking|53/100 brn|[from] brn
|upkeep
|turn|22
|j| Foxen93930
|
|t:|1635056236
|switch|p2a: Kyurem|Kyurem|38/100
|-ability|p2a: Kyurem|Pressure
|move|p1a: Slowking|Sludge Bomb|p2a: Kyurem
|-crit|p2a: Kyurem
|-damage|p2a: Kyurem|0 fnt
|faint|p2a: Kyurem
|
|-damage|p1a: Slowking|47/100 brn|[from] brn
|upkeep
|
|t:|1635056240
|switch|p2a: Kartana|Kartana|100/100
|turn|23
|
|t:|1635056246
|switch|p1a: Corviknight|Corviknight, F|34/100
|-ability|p1a: Corviknight|Pressure
|move|p2a: Kartana|Swords Dance|p2a: Kartana
|-boost|p2a: Kartana|atk|2
|
|upkeep
|turn|24
|
|t:|1635056250
|move|p2a: Kartana|Knock Off|p1a: Corviknight
|-damage|p1a: Corviknight|0 fnt
|-damage|p2a: Kartana|84/100|[from] item: Rocky Helmet|[of] p1a: Corviknight
|-enditem|p1a: Corviknight|Rocky Helmet|[from] move: Knock Off|[of] p2a: Kartana
|faint|p1a: Corviknight
|-ability|p2a: Kartana|Beast Boost|boost
|-boost|p2a: Kartana|spe|1
|
|-heal|p2a: Kartana|90/100|[from] item: Leftovers
|upkeep
|l| Sixty6sixshit
|inactive|Snivyite has 120 seconds left.
|j| SweeperGatr
|
|t:|1635056288
|switch|p1a: Kyurem|Kyurem|100/100
|-ability|p1a: Kyurem|Pressure
|turn|25
|j| Nidokyurem
|inactive|RipReckful has 120 seconds left.
|l| xhp
|l| Foxen93930
|inactive|RipReckful has 90 seconds left.
|
|t:|1635056366
|move|p2a: Kartana|Knock Off|p1a: Kyurem
|-damage|p1a: Kyurem|37/100
|-enditem|p1a: Kyurem|Choice Specs|[from] move: Knock Off|[of] p2a: Kartana
|move|p1a: Kyurem|Ice Beam|p2a: Kartana
|-damage|p2a: Kartana|0 fnt
|faint|p2a: Kartana
|
|upkeep
|
|t:|1635056379
|switch|p2a: Clefable|Clefable, M|100/100
|turn|26
|
|t:|1635056383
|switch|p1a: Slowking|Slowking-Galar, M|80/100 brn
|move|p2a: Clefable|Moonblast|p1a: Slowking
|-resisted|p1a: Slowking
|-crit|p1a: Slowking
|-damage|p1a: Slowking|64/100 brn
|-unboost|p1a: Slowking|spa|1
|
|-damage|p1a: Slowking|58/100 brn|[from] brn
|upkeep
|turn|27
|
|t:|1635056387
|move|p2a: Clefable|Knock Off|p1a: Slowking
|-supereffective|p1a: Slowking
|-damage|p1a: Slowking|36/100 brn
|move|p1a: Slowking|Future Sight|p2a: Clefable
|-start|p1a: Slowking|move: Future Sight
|
|-damage|p1a: Slowking|29/100 brn|[from] brn
|upkeep
|turn|28
|
|t:|1635056389
|move|p2a: Clefable|Knock Off|p1a: Slowking
|-supereffective|p1a: Slowking
|-damage|p1a: Slowking|8/100 brn
|move|p1a: Slowking|Flamethrower|p2a: Clefable
|-damage|p2a: Clefable|79/100
|
|-heal|p2a: Clefable|85/100|[from] item: Leftovers
|-damage|p1a: Slowking|2/100 brn|[from] brn
|upkeep
|turn|29
|
|t:|1635056395
|switch|p1a: Hippowdon|Hippowdon, F|100/100
|-weather|Sandstorm|[from] ability: Sand Stream|[of] p1a: Hippowdon
|move|p2a: Clefable|Moonblast|p1a: Hippowdon
|-crit|p1a: Hippowdon
|-damage|p1a: Hippowdon|69/100
|-unboost|p1a: Hippowdon|spa|1
|
|-weather|Sandstorm|[upkeep]
|-damage|p2a: Clefable|79/100|[from] Sandstorm
|-end|p2a: Clefable|move: Future Sight
|-damage|p2a: Clefable|38/100
|-heal|p2a: Clefable|44/100|[from] item: Leftovers
|-heal|p1a: Hippowdon|75/100|[from] item: Leftovers
|upkeep
|turn|30
|
|t:|1635056398
|move|p2a: Clefable|Soft-Boiled|p2a: Clefable
|-heal|p2a: Clefable|94/100
|move|p1a: Hippowdon|Stealth Rock|p2a: Clefable
|-sidestart|p2: RipReckful|move: Stealth Rock
|
|-weather|Sandstorm|[upkeep]
|-damage|p2a: Clefable|88/100|[from] Sandstorm
|-heal|p2a: Clefable|94/100|[from] item: Leftovers
|-heal|p1a: Hippowdon|81/100|[from] item: Leftovers
|upkeep
|turn|31
|
|t:|1635056402
|move|p2a: Clefable|Knock Off|p1a: Hippowdon
|-damage|p1a: Hippowdon|70/100
|-enditem|p1a: Hippowdon|Leftovers|[from] move: Knock Off|[of] p2a: Clefable
|move|p1a: Hippowdon|Earthquake|p2a: Clefable
|-damage|p2a: Clefable|61/100
|
|-weather|Sandstorm|[upkeep]
|-damage|p2a: Clefable|55/100|[from] Sandstorm
|-heal|p2a: Clefable|61/100|[from] item: Leftovers
|upkeep
|turn|32
|
|t:|1635056406
|move|p2a: Clefable|Soft-Boiled|p2a: Clefable
|-heal|p2a: Clefable|100/100
|move|p1a: Hippowdon|Earthquake|p2a: Clefable
|-damage|p2a: Clefable|65/100
|
|-weather|Sandstorm|[upkeep]
|-damage|p2a: Clefable|59/100|[from] Sandstorm
|-heal|p2a: Clefable|65/100|[from] item: Leftovers
|upkeep
|turn|33
|
|t:|1635056410
|move|p2a: Clefable|Soft-Boiled|p2a: Clefable
|-heal|p2a: Clefable|100/100
|move|p1a: Hippowdon|Slack Off|p1a: Hippowdon
|-heal|p1a: Hippowdon|100/100
|
|-weather|none
|upkeep
|turn|34
|
|t:|1635056413
|switch|p2a: Rotom|Rotom-Wash|100/100
|-damage|p2a: Rotom|88/100|[from] Stealth Rock
|move|p1a: Hippowdon|Earthquake|p2a: Rotom
|-immune|p2a: Rotom|[from] ability: Levitate
|
|-heal|p2a: Rotom|94/100|[from] item: Leftovers
|upkeep
|turn|35
|j| bear kingpin
|
|t:|1635056418
|move|p2a: Rotom|Hydro Pump|p1a: Hippowdon
|-supereffective|p1a: Hippowdon
|-damage|p1a: Hippowdon|47/100
|move|p1a: Hippowdon|Toxic|p2a: Rotom
|-status|p2a: Rotom|tox
|
|-heal|p2a: Rotom|100/100 tox|[from] item: Leftovers
|-damage|p2a: Rotom|94/100 tox|[from] psn
|upkeep
|turn|36
|
|t:|1635056422
|switch|p1a: Slowking|Slowking-Galar, M|35/100 brn
|move|p2a: Rotom|Volt Switch|p1a: Slowking
|-damage|p1a: Slowking|18/100 brn
|
|t:|1635056425
|switch|p2a: Excadrill|Excadrill, M|45/100|[from]move: Volt Switch
|-damage|p2a: Excadrill|42/100|[from] Stealth Rock
|-ability|p2a: Excadrill|Mold Breaker
|
|-heal|p2a: Excadrill|48/100|[from] item: Leftovers
|-damage|p1a: Slowking|12/100 brn|[from] brn
|upkeep
|turn|37
|
|t:|1635056437
|move|p2a: Excadrill|Rapid Spin|p1a: Slowking
|-damage|p1a: Slowking|0 fnt
|-boost|p2a: Excadrill|spe|1
|-sideend|p2: RipReckful|Stealth Rock|[from] move: Rapid Spin|[of] p2a: Excadrill
|faint|p1a: Slowking
|
|-heal|p2a: Excadrill|54/100|[from] item: Leftovers
|upkeep
|
|t:|1635056438
|switch|p1a: Urshifu|Urshifu-Rapid-Strike, F|100/100
|turn|38
|
|t:|1635056442
|switch|p2a: Rotom|Rotom-Wash|94/100 tox
|move|p1a: Urshifu|Surging Strikes|p2a: Rotom
|-resisted|p2a: Rotom
|-crit|p2a: Rotom
|-damage|p2a: Rotom|82/100 tox
|-resisted|p2a: Rotom
|-crit|p2a: Rotom
|-damage|p2a: Rotom|69/100 tox
|-resisted|p2a: Rotom
|-crit|p2a: Rotom
|-damage|p2a: Rotom|58/100 tox
|-hitcount|p2a: Rotom|3
|
|-heal|p2a: Rotom|64/100 tox|[from] item: Leftovers
|-damage|p2a: Rotom|58/100 tox|[from] psn
|upkeep
|turn|39
|j| KanKi-san
|
|t:|1635056451
|switch|p1a: Hippowdon|Hippowdon, F|47/100
|-weather|Sandstorm|[from] ability: Sand Stream|[of] p1a: Hippowdon
|move|p2a: Rotom|Will-O-Wisp|p1a: Hippowdon
|-status|p1a: Hippowdon|brn
|
|-weather|Sandstorm|[upkeep]
|-damage|p2a: Rotom|51/100 tox|[from] Sandstorm
|-heal|p2a: Rotom|58/100 tox|[from] item: Leftovers
|-damage|p2a: Rotom|45/100 tox|[from] psn
|-damage|p1a: Hippowdon|41/100 brn|[from] brn
|upkeep
|turn|40
|
|t:|1635056453
|move|p2a: Rotom|Hydro Pump|p1a: Hippowdon
|-supereffective|p1a: Hippowdon
|-crit|p1a: Hippowdon
|-damage|p1a: Hippowdon|0 fnt
|faint|p1a: Hippowdon
|
|-weather|Sandstorm|[upkeep]
|-damage|p2a: Rotom|39/100 tox|[from] Sandstorm
|-heal|p2a: Rotom|45/100 tox|[from] item: Leftovers
|-damage|p2a: Rotom|26/100 tox|[from] psn
|upkeep
|
|t:|1635056461
|switch|p1a: Kyurem|Kyurem|37/100
|-ability|p1a: Kyurem|Pressure
|turn|41
|
|t:|1635056479
|switch|p2a: Clefable|Clefable, M|100/100
|move|p1a: Kyurem|Freeze-Dry|p2a: Clefable
|-damage|p2a: Clefable|67/100
|
|-weather|Sandstorm|[upkeep]
|-damage|p1a: Kyurem|31/100|[from] Sandstorm
|-damage|p2a: Clefable|61/100|[from] Sandstorm
|-heal|p2a: Clefable|67/100|[from] item: Leftovers
|upkeep
|turn|42
|
|t:|1635056486
|move|p1a: Kyurem|Ice Beam|p2a: Clefable
|-damage|p2a: Clefable|24/100
|move|p2a: Clefable|Soft-Boiled|p2a: Clefable
|-heal|p2a: Clefable|74/100
|
|-weather|Sandstorm|[upkeep]
|-damage|p1a: Kyurem|25/100|[from] Sandstorm
|-damage|p2a: Clefable|68/100|[from] Sandstorm
|-heal|p2a: Clefable|74/100|[from] item: Leftovers
|upkeep
|turn|43
|
|t:|1635056488
|move|p1a: Kyurem|Ice Beam|p2a: Clefable
|-damage|p2a: Clefable|31/100
|move|p2a: Clefable|Soft-Boiled|p2a: Clefable
|-heal|p2a: Clefable|81/100
|
|-weather|none
|-heal|p2a: Clefable|87/100|[from] item: Leftovers
|upkeep
|turn|44
|l| SweeperGatr
|c|☆RipReckful|im gonna get frozen i can just tell
|inactive|RipReckful has 120 seconds left.
|j| SunQdl
|
|t:|1635056535
|switch|p2a: Rotom|Rotom-Wash|26/100 tox
|move|p1a: Kyurem|Ice Beam|p2a: Rotom
|-resisted|p2a: Rotom
|-damage|p2a: Rotom|0 fnt
|faint|p2a: Rotom
|
|upkeep
|
|t:|1635056541
|switch|p2a: Corviknight|Corviknight, F|100/100
|-ability|p2a: Corviknight|Pressure
|turn|45
|
|t:|1635056547
|move|p1a: Kyurem|Ice Beam|p2a: Corviknight
|-damage|p2a: Corviknight|51/100
|move|p2a: Corviknight|U-turn|p1a: Kyurem
|-damage|p1a: Kyurem|12/100
|
|t:|1635056552
|switch|p2a: Clefable|Clefable, M|87/100|[from]move: U-turn
|
|-heal|p2a: Clefable|93/100|[from] item: Leftovers
|upkeep
|turn|46
|
|t:|1635056559
|move|p1a: Kyurem|Ice Beam|p2a: Clefable
|-damage|p2a: Clefable|52/100
|move|p2a: Clefable|Moonblast|p1a: Kyurem
|-supereffective|p1a: Kyurem
|-damage|p1a: Kyurem|0 fnt
|faint|p1a: Kyurem
|
|-heal|p2a: Clefable|58/100|[from] item: Leftovers
|upkeep
|
|t:|1635056562
|switch|p1a: Urshifu|Urshifu-Rapid-Strike, F|100/100
|turn|47
|
|t:|1635056569
|move|p1a: Urshifu|Surging Strikes|p2a: Clefable
|-crit|p2a: Clefable
|-damage|p2a: Clefable|31/100
|-crit|p2a: Clefable
|-damage|p2a: Clefable|4/100
|-crit|p2a: Clefable
|-damage|p2a: Clefable|0 fnt
|faint|p2a: Clefable
|-hitcount|p2: Clefable|3
|
|upkeep
|
|t:|1635056572
|switch|p2a: Corviknight|Corviknight, F|51/100
|-ability|p2a: Corviknight|Pressure
|turn|48
|
|t:|1635056573
|move|p1a: Urshifu|Surging Strikes|p2a: Corviknight
|-crit|p2a: Corviknight
|-damage|p2a: Corviknight|32/100
|-crit|p2a: Corviknight
|-damage|p2a: Corviknight|15/100
|-crit|p2a: Corviknight
|-damage|p2a: Corviknight|0 fnt
|faint|p2a: Corviknight
|-hitcount|p2: Corviknight|3
|
|upkeep
|
|t:|1635056576
|switch|p2a: Excadrill|Excadrill, M|54/100
|-ability|p2a: Excadrill|Mold Breaker
|turn|49
|c|☆RipReckful|gg
|
|t:|1635056579
|move|p1a: Urshifu|Surging Strikes|p2a: Excadrill
|-supereffective|p2a: Excadrill
|-crit|p2a: Excadrill
|-damage|p2a: Excadrill|0 fnt
|faint|p2a: Excadrill
|-hitcount|p2: Excadrill|1
|
|win|Snivyite
|raw|Snivyite's rating: 1712 &rarr; <strong>1733</strong><br />(+21 for winning)
|raw|RipReckful's rating: 1736 &rarr; <strong>1715</strong><br />(-21 for losing)
|l|☆RipReckful
