|j|☆subl1me
|j|☆Oryen
|inactive|Battle timer is ON: inactive players will automatically lose when time's up.
|t:|1654088673
|gametype|singles
|player|p1|subl1me|ltsurge|
|player|p2|Oryen|bruno-gen1|
|teamsize|p1|6
|teamsize|p2|6
|gen|8
|tier|[Gen 8] OU
|rated|Tournament battle
|rule|Sleep Clause Mod: Limit one foe put to sleep
|rule|Species Clause: Limit one of each Pokémon
|rule|OHKO Clause: OHKO moves are banned
|rule|Evasion Moves Clause: Evasion moves are banned
|rule|Endless Battle Clause: Forcing endless battles is banned
|rule|HP Percentage Mod: HP is shown in percentages
|rule|Dynamax Clause: You cannot dynamax
|clearpoke
|poke|p1|Zapdos-Galar|
|poke|p1|Slowking, M|
|poke|p1|Regieleki|
|poke|p1|Ferrothorn, M|
|poke|p1|Weavile, F|
|poke|p1|Landorus-Therian, M|
|poke|p2|Kartana|
|poke|p2|Slowking, F|
|poke|p2|Tyranitar, F|
|poke|p2|Buzzwole|
|poke|p2|Zapdos|
|poke|p2|Garchomp, F|
|teampreview
|j|*Lady Monita ✿
|inactive|subl1me also wants the timer to be on.
|c|☆subl1me|hf
|c|☆Oryen|hf
|j| yo sup guys
|
|t:|1654088693
|start
|switch|p1a: Landorus|Landorus-Therian, M|100/100
|switch|p2a: Zapdos|Zapdos|100/100
|-ability|p1a: Landorus|Intimidate|boost
|-unboost|p2a: Zapdos|atk|1
|turn|1
|
|t:|1654088696
|move|p2a: Zapdos|Hurricane|p1a: Landorus|[miss]
|-miss|p2a: Zapdos|p1a: Landorus
|move|p1a: Landorus|Toxic|p2a: Zapdos
|-status|p2a: Zapdos|tox
|
|-damage|p2a: Zapdos|94/100 tox|[from] psn
|upkeep
|turn|2
|j| Prajin_56
|
|t:|1654088705
|move|p2a: Zapdos|Hurricane|p1a: Landorus
|-damage|p1a: Landorus|52/100
|-start|p1a: Landorus|confusion
|-activate|p1a: Landorus|confusion
|-damage|p1a: Landorus|40/100|[from] confusion
|
|-heal|p1a: Landorus|46/100|[from] item: Leftovers
|-damage|p2a: Zapdos|82/100 tox|[from] psn
|upkeep
|turn|3
|l| Prajin_56
|
|t:|1654088714
|switch|p1a: Slowking|Slowking, M|100/100
|move|p2a: Zapdos|Volt Switch|p1a: Slowking
|-supereffective|p1a: Slowking
|-damage|p1a: Slowking|57/100
|
|t:|1654088716
|switch|p2a: Kartana|Kartana|100/100|[from]move: Volt Switch
|
|upkeep
|turn|4
|
|t:|1654088721
|switch|p1a: Ferrothorn|Ferrothorn, M|100/100
|move|p2a: Kartana|Knock Off|p1a: Ferrothorn
|-damage|p1a: Ferrothorn|62/100
|-damage|p2a: Kartana|88/100|[from] ability: Iron Barbs|[of] p1a: Ferrothorn
|-enditem|p1a: Ferrothorn|Leftovers|[from] move: Knock Off|[of] p2a: Kartana
|
|upkeep
|turn|5
|j| lilmaad
|
|t:|1654088727
|switch|p2a: Garchomp|Garchomp, F|100/100
|move|p1a: Ferrothorn|Knock Off|p2a: Garchomp
|-damage|p2a: Garchomp|79/100
|-damage|p1a: Ferrothorn|50/100|[from] ability: Rough Skin|[of] p2a: Garchomp
|-enditem|p2a: Garchomp|Leftovers|[from] move: Knock Off|[of] p1a: Ferrothorn
|
|upkeep
|turn|6
|
|t:|1654088738
|switch|p1a: Landorus|Landorus-Therian, M|46/100
|-ability|p1a: Landorus|Intimidate|boost
|-unboost|p2a: Garchomp|atk|1
|move|p2a: Garchomp|Swords Dance|p2a: Garchomp
|-boost|p2a: Garchomp|atk|2
|
|-heal|p1a: Landorus|52/100|[from] item: Leftovers
|upkeep
|turn|7
|
|t:|1654088755
|switch|p1a: Ferrothorn|Ferrothorn, M|50/100
|move|p2a: Garchomp|Scale Shot|p1a: Ferrothorn
|-resisted|p1a: Ferrothorn
|-damage|p1a: Ferrothorn|45/100
|-resisted|p1a: Ferrothorn
|-damage|p1a: Ferrothorn|39/100
|-hitcount|p1a: Ferrothorn|2
|-unboost|p2a: Garchomp|def|1
|-boost|p2a: Garchomp|spe|1
|
|upkeep
|turn|8
|j| t1a2n3i4s5h6
|
|t:|1654088764
|switch|p1a: Landorus|Landorus-Therian, M|52/100
|-ability|p1a: Landorus|Intimidate|boost
|-unboost|p2a: Garchomp|atk|1
|move|p2a: Garchomp|Swords Dance|p2a: Garchomp
|-boost|p2a: Garchomp|atk|2
|
|-heal|p1a: Landorus|58/100|[from] item: Leftovers
|upkeep
|turn|9
|j| RudideC
|
|t:|1654088773
|switch|p1a: Ferrothorn|Ferrothorn, M|39/100
|move|p2a: Garchomp|Scale Shot|p1a: Ferrothorn
|-resisted|p1a: Ferrothorn
|-damage|p1a: Ferrothorn|31/100
|-resisted|p1a: Ferrothorn
|-crit|p1a: Ferrothorn
|-damage|p1a: Ferrothorn|21/100
|-resisted|p1a: Ferrothorn
|-damage|p1a: Ferrothorn|13/100
|-hitcount|p1a: Ferrothorn|3
|-unboost|p2a: Garchomp|def|1
|-boost|p2a: Garchomp|spe|1
|
|upkeep
|turn|10
|
|t:|1654088780
|move|p2a: Garchomp|Fire Fang|p1a: Ferrothorn
|-supereffective|p1a: Ferrothorn
|-damage|p1a: Ferrothorn|0 fnt
|-damage|p2a: Garchomp|67/100|[from] ability: Iron Barbs|[of] p1a: Ferrothorn
|faint|p1a: Ferrothorn
|
|upkeep
|l| RudideC
|
|t:|1654088782
|switch|p1a: Weavile|Weavile, F|100/100
|-ability|p1a: Weavile|Pressure
|turn|11
|
|t:|1654088784
|switch|p2a: Buzzwole|Buzzwole|100/100
|move|p1a: Weavile|Ice Shard|p2a: Buzzwole
|-damage|p2a: Buzzwole|90/100
|
|upkeep
|turn|12
|
|t:|1654088795
|switch|p1a: Zapdos|Zapdos-Galar|100/100
|move|p2a: Buzzwole|Thunder Punch|p1a: Zapdos
|-supereffective|p1a: Zapdos
|-damage|p1a: Zapdos|44/100
|
|upkeep
|turn|13
|j| missbitch
|
|t:|1654088801
|switch|p2a: Zapdos|Zapdos|82/100 tox
|move|p1a: Zapdos|U-turn|p2a: Zapdos
|-resisted|p2a: Zapdos
|-damage|p2a: Zapdos|62/100 tox
|
|t:|1654088803
|switch|p1a: Regieleki|Regieleki|100/100|[from]move: U-turn
|
|-damage|p2a: Zapdos|56/100 tox|[from] psn
|upkeep
|turn|14
|
|t:|1654088809
|switch|p2a: Tyranitar|Tyranitar, F|100/100
|-weather|Sandstorm|[from] ability: Sand Stream|[of] p2a: Tyranitar
|move|p1a: Regieleki|Ancient Power|p2a: Tyranitar
|-damage|p2a: Tyranitar|92/100
|
|-weather|Sandstorm|[upkeep]
|-damage|p1a: Regieleki|94/100|[from] Sandstorm
|-heal|p2a: Tyranitar|98/100|[from] item: Leftovers
|upkeep
|turn|15
|
|t:|1654088820
|switch|p2a: Kartana|Kartana|88/100
|move|p1a: Regieleki|Volt Switch|p2a: Kartana
|-resisted|p2a: Kartana
|-damage|p2a: Kartana|3/100
|
|t:|1654088823
|switch|p1a: Weavile|Weavile, F|100/100|[from]move: Volt Switch
|-ability|p1a: Weavile|Pressure
|
|-weather|Sandstorm|[upkeep]
|-damage|p1a: Weavile|94/100|[from] Sandstorm
|upkeep
|turn|16
|
|t:|1654088829
|switch|p2a: Buzzwole|Buzzwole|90/100
|move|p1a: Weavile|Ice Shard|p2a: Buzzwole
|-damage|p2a: Buzzwole|81/100
|
|-weather|Sandstorm|[upkeep]
|-damage|p1a: Weavile|88/100|[from] Sandstorm
|-damage|p2a: Buzzwole|75/100|[from] Sandstorm
|upkeep
|turn|17
|
|t:|1654088836
|switch|p1a: Landorus|Landorus-Therian, M|58/100
|-ability|p1a: Landorus|Intimidate|boost
|-unboost|p2a: Buzzwole|atk|1
|move|p2a: Buzzwole|Ice Punch|p1a: Landorus
|-supereffective|p1a: Landorus
|-damage|p1a: Landorus|3/100
|
|-weather|Sandstorm|[upkeep]
|-damage|p2a: Buzzwole|69/100|[from] Sandstorm
|-heal|p1a: Landorus|9/100|[from] item: Leftovers
|upkeep
|turn|18
|j| cesar dios pokemon
|
|t:|1654088848
|switch|p2a: Zapdos|Zapdos|56/100 tox
|move|p1a: Landorus|Toxic|p2a: Zapdos
|-fail|p2a: Zapdos|tox
|
|-weather|none
|-heal|p1a: Landorus|15/100|[from] item: Leftovers
|-damage|p2a: Zapdos|50/100 tox|[from] psn
|upkeep
|turn|19
|l| cesar dios pokemon
|
|t:|1654088853
|switch|p1a: Slowking|Slowking, M|91/100
|move|p2a: Zapdos|Hurricane|p1a: Slowking
|-damage|p1a: Slowking|60/100
|
|-damage|p2a: Zapdos|37/100 tox|[from] psn
|upkeep
|turn|20
|
|t:|1654088864
|switch|p2a: Tyranitar|Tyranitar, F|98/100
|-weather|Sandstorm|[from] ability: Sand Stream|[of] p2a: Tyranitar
|move|p1a: Slowking|Future Sight|p2a: Tyranitar
|-start|p1a: Slowking|move: Future Sight
|
|-weather|Sandstorm|[upkeep]
|-damage|p1a: Slowking|54/100|[from] Sandstorm
|-heal|p2a: Tyranitar|100/100|[from] item: Leftovers
|upkeep
|turn|21
|
|t:|1654088874
|switch|p1a: Landorus|Landorus-Therian, M|15/100
|-ability|p1a: Landorus|Intimidate|boost
|-unboost|p2a: Tyranitar|atk|1
|move|p2a: Tyranitar|Stealth Rock|p1a: Landorus
|-sidestart|p1: subl1me|move: Stealth Rock
|
|-weather|Sandstorm|[upkeep]
|-heal|p1a: Landorus|21/100|[from] item: Leftovers
|upkeep
|turn|22
|
|t:|1654088880
|switch|p2a: Slowking|Slowking, F|100/100
|move|p1a: Landorus|Stealth Rock|p2a: Slowking
|-sidestart|p2: Oryen|move: Stealth Rock
|
|-weather|Sandstorm|[upkeep]
|-damage|p2a: Slowking|94/100|[from] Sandstorm
|-end|p2a: Slowking|move: Future Sight
|-resisted|p2a: Slowking
|-crit|p2a: Slowking
|-damage|p2a: Slowking|75/100
|-heal|p1a: Landorus|27/100|[from] item: Leftovers
|upkeep
|turn|23
|
|t:|1654088885
|move|p1a: Landorus|U-turn|p2a: Slowking
|-supereffective|p2a: Slowking
|-damage|p2a: Slowking|35/100
|
|t:|1654088888
|switch|p1a: Slowking|Slowking, M|87/100|[from]move: U-turn
|move|p2a: Slowking|Scald|p1a: Slowking
|-resisted|p1a: Slowking
|-damage|p1a: Slowking|80/100
|
|-weather|Sandstorm|[upkeep]
|-damage|p1a: Slowking|74/100|[from] Sandstorm
|-damage|p2a: Slowking|28/100|[from] Sandstorm
|upkeep
|turn|24
|
|t:|1654088891
|move|p2a: Slowking|Slack Off|p2a: Slowking
|-heal|p2a: Slowking|78/100
|move|p1a: Slowking|Future Sight|p2a: Slowking
|-start|p1a: Slowking|move: Future Sight
|
|-weather|none
|upkeep
|turn|25
|
|t:|1654088901
|move|p1a: Slowking|Scald|p2a: Slowking
|-resisted|p2a: Slowking
|-damage|p2a: Slowking|70/100
|move|p2a: Slowking|Teleport|p2a: Slowking
|
|t:|1654088905
|switch|p2a: Tyranitar|Tyranitar, F|100/100|[from]move: Teleport
|-damage|p2a: Tyranitar|88/100|[from] Stealth Rock
|-weather|Sandstorm|[from] ability: Sand Stream|[of] p2a: Tyranitar
|
|-weather|Sandstorm|[upkeep]
|-damage|p1a: Slowking|67/100|[from] Sandstorm
|-heal|p2a: Tyranitar|94/100|[from] item: Leftovers
|upkeep
|turn|26
|j| Teja gaming
|
|t:|1654088909
|switch|p1a: Landorus|Landorus-Therian, M|27/100
|-damage|p1a: Landorus|14/100|[from] Stealth Rock
|-ability|p1a: Landorus|Intimidate|boost
|-unboost|p2a: Tyranitar|atk|1
|move|p2a: Tyranitar|Rock Blast|p1a: Landorus|[miss]
|-miss|p2a: Tyranitar|p1a: Landorus
|
|-weather|Sandstorm|[upkeep]
|-end|p2a: Tyranitar|move: Future Sight
|-immune|p2a: Tyranitar
|-heal|p1a: Landorus|20/100|[from] item: Leftovers
|-heal|p2a: Tyranitar|100/100|[from] item: Leftovers
|upkeep
|turn|27
|l| Teja gaming
|
|t:|1654088918
|switch|p2a: Buzzwole|Buzzwole|69/100
|-damage|p2a: Buzzwole|56/100|[from] Stealth Rock
|move|p1a: Landorus|Earthquake|p2a: Buzzwole
|-resisted|p2a: Buzzwole
|-damage|p2a: Buzzwole|45/100
|
|-weather|Sandstorm|[upkeep]
|-damage|p2a: Buzzwole|39/100|[from] Sandstorm
|-heal|p1a: Landorus|26/100|[from] item: Leftovers
|upkeep
|turn|28
|
|t:|1654088924
|move|p2a: Buzzwole|Roost|p2a: Buzzwole
|-heal|p2a: Buzzwole|89/100
|-singleturn|p2a: Buzzwole|move: Roost
|move|p1a: Landorus|U-turn|p2a: Buzzwole
|-resisted|p2a: Buzzwole
|-damage|p2a: Buzzwole|83/100
|-damage|p1a: Landorus|10/100|[from] item: Rocky Helmet|[of] p2a: Buzzwole
|
|t:|1654088927
|switch|p1a: Regieleki|Regieleki|94/100|[from]move: U-turn
|
|-weather|Sandstorm|[upkeep]
|-damage|p1a: Regieleki|88/100|[from] Sandstorm
|-damage|p2a: Buzzwole|77/100|[from] Sandstorm
|upkeep
|turn|29
|
|t:|1654088934
|switch|p2a: Garchomp|Garchomp, F|67/100
|-damage|p2a: Garchomp|61/100|[from] Stealth Rock
|move|p1a: Regieleki|Rapid Spin|p2a: Garchomp
|-damage|p2a: Garchomp|50/100
|-boost|p1a: Regieleki|spe|1
|-damage|p1a: Regieleki|76/100|[from] ability: Rough Skin|[of] p2a: Garchomp
|-sideend|p1: subl1me|Stealth Rock|[from] move: Rapid Spin|[of] p1a: Regieleki
|
|-weather|none
|upkeep
|turn|30
|
|t:|1654088939
|switch|p1a: Landorus|Landorus-Therian, M|10/100
|-ability|p1a: Landorus|Intimidate|boost
|-unboost|p2a: Garchomp|atk|1
|move|p2a: Garchomp|Scale Shot|p1a: Landorus|[miss]
|-miss|p2a: Garchomp|p1a: Landorus
|
|-heal|p1a: Landorus|16/100|[from] item: Leftovers
|upkeep
|turn|31
|
|t:|1654088945
|move|p2a: Garchomp|Scale Shot|p1a: Landorus
|-damage|p1a: Landorus|9/100
|-damage|p1a: Landorus|1/100
|-hitcount|p1a: Landorus|2
|-unboost|p2a: Garchomp|def|1
|-boost|p2a: Garchomp|spe|1
|move|p1a: Landorus|Earthquake|p2a: Garchomp
|-damage|p2a: Garchomp|0 fnt
|faint|p2a: Garchomp
|
|-heal|p1a: Landorus|7/100|[from] item: Leftovers
|upkeep
|c|☆Oryen|wow
|c|☆subl1me|yeah
|c|☆Oryen|that's really shit luck
|c|☆subl1me|indeed
|
|t:|1654088968
|switch|p2a: Zapdos|Zapdos|37/100 tox
|turn|32
|
|t:|1654088974
|move|p2a: Zapdos|Defog|p1a: Landorus
|-unboost|p1a: Landorus|evasion|1
|-sideend|p2: Oryen|Stealth Rock|[from] move: Defog|[of] p2a: Zapdos
|move|p1a: Landorus|Stealth Rock|p2a: Zapdos
|-sidestart|p2: Oryen|move: Stealth Rock
|
|-heal|p1a: Landorus|13/100|[from] item: Leftovers
|-damage|p2a: Zapdos|31/100 tox|[from] psn
|upkeep
|turn|33
|
|t:|1654088977
|move|p2a: Zapdos|Hurricane|p1a: Landorus
|-damage|p1a: Landorus|0 fnt
|faint|p1a: Landorus
|
|-damage|p2a: Zapdos|19/100 tox|[from] psn
|upkeep
|
|t:|1654088983
|switch|p1a: Regieleki|Regieleki|76/100
|turn|34
|
|t:|1654088995
|switch|p2a: Tyranitar|Tyranitar, F|100/100
|-damage|p2a: Tyranitar|88/100|[from] Stealth Rock
|-weather|Sandstorm|[from] ability: Sand Stream|[of] p2a: Tyranitar
|move|p1a: Regieleki|Volt Switch|p2a: Tyranitar
|-damage|p2a: Tyranitar|69/100
|
|t:|1654088998
|switch|p1a: Zapdos|Zapdos-Galar|44/100|[from]move: Volt Switch
|
|-weather|Sandstorm|[upkeep]
|-damage|p1a: Zapdos|38/100|[from] Sandstorm
|-heal|p2a: Tyranitar|75/100|[from] item: Leftovers
|upkeep
|turn|35
|
|t:|1654089006
|switch|p2a: Buzzwole|Buzzwole|77/100
|-damage|p2a: Buzzwole|65/100|[from] Stealth Rock
|move|p1a: Zapdos|U-turn|p2a: Buzzwole
|-resisted|p2a: Buzzwole
|-damage|p2a: Buzzwole|56/100
|-damage|p1a: Zapdos|22/100|[from] item: Rocky Helmet|[of] p2a: Buzzwole
|
|t:|1654089009
|switch|p1a: Regieleki|Regieleki|76/100|[from]move: U-turn
|
|-weather|Sandstorm|[upkeep]
|-damage|p1a: Regieleki|70/100|[from] Sandstorm
|-damage|p2a: Buzzwole|50/100|[from] Sandstorm
|upkeep
|turn|36
|
|t:|1654089022
|switch|p2a: Slowking|Slowking, F|100/100
|move|p1a: Regieleki|Volt Switch|p2a: Slowking
|-supereffective|p2a: Slowking
|-damage|p2a: Slowking|37/100
|
|t:|1654089025
|switch|p1a: Weavile|Weavile, F|88/100|[from]move: Volt Switch
|-ability|p1a: Weavile|Pressure
|
|-weather|Sandstorm|[upkeep]
|-damage|p1a: Weavile|82/100|[from] Sandstorm
|-damage|p2a: Slowking|30/100|[from] Sandstorm
|upkeep
|turn|37
|
|t:|1654089043
|move|p1a: Weavile|Swords Dance|p1a: Weavile
|-boost|p1a: Weavile|atk|2
|move|p2a: Slowking|Teleport|p2a: Slowking
|
|t:|1654089047
|switch|p2a: Buzzwole|Buzzwole|50/100|[from]move: Teleport
|-damage|p2a: Buzzwole|38/100|[from] Stealth Rock
|
|-weather|Sandstorm|[upkeep]
|-damage|p1a: Weavile|76/100|[from] Sandstorm
|-damage|p2a: Buzzwole|32/100|[from] Sandstorm
|upkeep
|turn|38
|
|t:|1654089052
|move|p1a: Weavile|Triple Axel|p2a: Buzzwole
|-damage|p2a: Buzzwole|21/100
|-damage|p1a: Weavile|60/100|[from] item: Rocky Helmet|[of] p2a: Buzzwole
|-damage|p2a: Buzzwole|0 fnt
|-damage|p1a: Weavile|44/100|[from] item: Rocky Helmet|[of] p2a: Buzzwole
|faint|p2a: Buzzwole
|-hitcount|p2: Buzzwole|2
|
|-weather|none
|upkeep
|j| I want y
|
|t:|1654089067
|switch|p2a: Zapdos|Zapdos|19/100 tox
|turn|39
|
|t:|1654089078
|move|p1a: Weavile|Ice Shard|p2a: Zapdos
|-supereffective|p2a: Zapdos
|-damage|p2a: Zapdos|0 fnt
|faint|p2a: Zapdos
|
|upkeep
|j| cesar dios pokemon
|
|t:|1654089086
|switch|p2a: Tyranitar|Tyranitar, F|75/100
|-damage|p2a: Tyranitar|62/100|[from] Stealth Rock
|-weather|Sandstorm|[from] ability: Sand Stream|[of] p2a: Tyranitar
|turn|40
|
|t:|1654089090
|switch|p2a: Slowking|Slowking, F|64/100
|move|p1a: Weavile|Triple Axel|p2a: Slowking
|-resisted|p2a: Slowking
|-damage|p2a: Slowking|54/100
|-resisted|p2a: Slowking
|-damage|p2a: Slowking|35/100
|-resisted|p2a: Slowking
|-damage|p2a: Slowking|8/100
|-hitcount|p2a: Slowking|3
|
|-weather|Sandstorm|[upkeep]
|-damage|p1a: Weavile|38/100|[from] Sandstorm
|-damage|p2a: Slowking|2/100|[from] Sandstorm
|upkeep
|turn|41
|
|t:|1654089097
|move|p1a: Weavile|Knock Off|p2a: Slowking
|-supereffective|p2a: Slowking
|-damage|p2a: Slowking|0 fnt
|-enditem|p2a: Slowking|Heavy-Duty Boots|[from] move: Knock Off|[of] p1a: Weavile
|faint|p2a: Slowking
|
|-weather|Sandstorm|[upkeep]
|-damage|p1a: Weavile|31/100|[from] Sandstorm
|upkeep
|
|t:|1654089100
|switch|p2a: Tyranitar|Tyranitar, F|62/100
|-damage|p2a: Tyranitar|50/100|[from] Stealth Rock
|turn|42
|
|t:|1654089106
|move|p1a: Weavile|Triple Axel|p2a: Tyranitar
|-damage|p2a: Tyranitar|35/100
|-damage|p2a: Tyranitar|2/100
|-damage|p2a: Tyranitar|0 fnt
|faint|p2a: Tyranitar
|-hitcount|p2: Tyranitar|3
|
|-weather|Sandstorm|[upkeep]
|-damage|p1a: Weavile|25/100|[from] Sandstorm
|upkeep
|
|t:|1654089110
|switch|p2a: Kartana|Kartana|3/100
|-damage|p2a: Kartana|0 fnt|[from] Stealth Rock
|faint|p2a: Kartana
|
|win|subl1me
|n|☆subl1me|subl1me
|n|☆Oryen|oryen
|n|*Lady Monita ✿|ladymonita
|n| yo sup guys|yosupguys
|n| lilmaad|lilmaad
|n| t1a2n3i4s5h6|t1a2n3i4s5h6
|n| missbitch|missbitch
|n| I want y|iwanty
|n| cesar dios pokemon|cesardiospokemon
