|raw|<div class="broadcast-blue"><strong>This battle is required to be public due to a player having a name starting with 'lt93oq'.</div>
|j|☆LT93OQ SERPI
|j|☆dmt dreams
|t:|1660481698
|gametype|singles
|player|p1|LT93OQ SERPI|emmet|1786
|player|p2|dmt dreams|doubleteam|1883
|teamsize|p1|6
|teamsize|p2|6
|gen|8
|tier|[Gen 8] OU
|rated|
|rule|Sleep Clause Mod: Limit one foe put to sleep
|rule|Species Clause: Limit one of each Pokémon
|rule|OHKO Clause: OHKO moves are banned
|rule|Evasion Items Clause: Evasion items are banned
|rule|Evasion Moves Clause: Evasion moves are banned
|rule|Endless Battle Clause: Forcing endless battles is banned
|rule|HP Percentage Mod: HP is shown in percentages
|rule|Dynamax Clause: You cannot dynamax
|clearpoke
|poke|p1|Zapdos|
|poke|p1|Weavile, F|
|poke|p1|Volcanion|
|poke|p1|Kartana|
|poke|p1|Melmetal|
|poke|p1|Landorus-Therian, M|
|poke|p2|Melmetal|
|poke|p2|Landorus-Therian, M|
|poke|p2|Kartana|
|poke|p2|Zapdos|
|poke|p2|Dragapult, F|
|poke|p2|Moltres-Galar|
|teampreview
|j| rabbitjam3
|inactive|Battle timer is ON: inactive players will automatically lose when time's up. (requested by dmt dreams)
|
|t:|1660481721
|start
|switch|p1a: Volcanion|Volcanion|100/100
|switch|p2a: Dragapult|Dragapult, F|100/100
|turn|1
|
|t:|1660481729
|switch|p1a: Landorus|Landorus-Therian, M|100/100
|-ability|p1a: Landorus|Intimidate|boost
|-fail|p2a: Dragapult|unboost|[from] ability: Clear Body|[of] p2a: Dragapult
|move|p2a: Dragapult|Draco Meteor|p1a: Landorus
|-damage|p1a: Landorus|27/100
|-unboost|p2a: Dragapult|spa|2
|
|-heal|p1a: Landorus|34/100|[from] item: Leftovers
|upkeep
|turn|2
|
|t:|1660481743
|switch|p2a: Landorus|Landorus-Therian, M|100/100
|-ability|p2a: Landorus|Intimidate|boost
|-unboost|p1a: Landorus|atk|1
|move|p1a: Landorus|Stealth Rock|p2a: Landorus
|-sidestart|p2: dmt dreams|move: Stealth Rock
|
|-heal|p1a: Landorus|40/100|[from] item: Leftovers
|upkeep
|turn|3
|
|t:|1660481745
|move|p1a: Landorus|U-turn|p2a: Landorus
|-resisted|p2a: Landorus
|-damage|p2a: Landorus|94/100
|j| playa13
|inactive|LT93OQ SERPI has 120 seconds left.
|
|t:|1660481783
|switch|p1a: Weavile|Weavile, F|100/100|[from]move: U-turn
|move|p2a: Landorus|Stealth Rock|p1a: Weavile
|-sidestart|p1: LT93OQ SERPI|move: Stealth Rock
|
|-heal|p2a: Landorus|99/100|[from] item: Leftovers
|upkeep
|turn|4
|inactive|LT93OQ SERPI has 120 seconds left.
|
|t:|1660481797
|switch|p2a: Moltres|Moltres-Galar|100/100
|move|p1a: Weavile|Beat Up|p2a: Moltres
|-resisted|p2a: Moltres
|-damage|p2a: Moltres|93/100
|-resisted|p2a: Moltres
|-damage|p2a: Moltres|83/100
|-resisted|p2a: Moltres
|-damage|p2a: Moltres|77/100
|-resisted|p2a: Moltres
|-damage|p2a: Moltres|66/100
|-resisted|p2a: Moltres
|-damage|p2a: Moltres|57/100
|-resisted|p2a: Moltres
|-damage|p2a: Moltres|48/100
|-hitcount|p2a: Moltres|6
|-ability|p2a: Moltres|Berserk|boost
|-boost|p2a: Moltres|spa|1
|
|upkeep
|turn|5
|
|t:|1660481801
|move|p1a: Weavile|Beat Up|p2a: Moltres
|-resisted|p2a: Moltres
|-damage|p2a: Moltres|40/100
|-resisted|p2a: Moltres
|-damage|p2a: Moltres|30/100
|-resisted|p2a: Moltres
|-damage|p2a: Moltres|24/100
|-resisted|p2a: Moltres
|-damage|p2a: Moltres|13/100
|-resisted|p2a: Moltres
|-damage|p2a: Moltres|5/100
|-resisted|p2a: Moltres
|-crit|p2a: Moltres
|-damage|p2a: Moltres|0 fnt
|faint|p2a: Moltres
|-hitcount|p2: Moltres|6
|
|upkeep
|
|t:|1660481804
|switch|p2a: Kartana|Kartana|100/100
|-damage|p2a: Kartana|94/100|[from] Stealth Rock
|turn|6
|j| Hikawa Kyoka
|
|t:|1660481817
|switch|p1a: Landorus|Landorus-Therian, M|40/100
|-damage|p1a: Landorus|27/100|[from] Stealth Rock
|-ability|p1a: Landorus|Intimidate|boost
|-unboost|p2a: Kartana|atk|1
|move|p2a: Kartana|Leaf Blade|p1a: Landorus
|-damage|p1a: Landorus|0 fnt
|faint|p1a: Landorus
|-ability|p2a: Kartana|Beast Boost|boost
|-boost|p2a: Kartana|atk|1
|
|upkeep
|inactive|LT93OQ SERPI has 120 seconds left.
|
|t:|1660481848
|switch|p1a: Kartana|Kartana|100/100
|-damage|p1a: Kartana|94/100|[from] Stealth Rock
|turn|7
|
|t:|1660481853
|switch|p2a: Landorus|Landorus-Therian, M|99/100
|-damage|p2a: Landorus|87/100|[from] Stealth Rock
|-ability|p2a: Landorus|Intimidate|boost
|-unboost|p1a: Kartana|atk|1
|move|p1a: Kartana|Knock Off|p2a: Landorus
|-damage|p2a: Landorus|59/100
|-enditem|p2a: Landorus|Leftovers|[from] move: Knock Off|[of] p1a: Kartana
|
|upkeep
|turn|8
|
|t:|1660481858
|move|p1a: Kartana|Knock Off|p2a: Landorus
|-damage|p2a: Landorus|41/100
|move|p2a: Landorus|U-turn|p1a: Kartana
|-damage|p1a: Kartana|71/100
|
|t:|1660481863
|switch|p2a: Kartana|Kartana|94/100|[from]move: U-turn
|-damage|p2a: Kartana|88/100|[from] Stealth Rock
|
|upkeep
|turn|9
|
|t:|1660481881
|switch|p1a: Zapdos|Zapdos|100/100
|-damage|p1a: Zapdos|76/100|[from] Stealth Rock
|move|p2a: Kartana|Knock Off|p1a: Zapdos
|-damage|p1a: Zapdos|0 fnt
|-status|p2a: Kartana|par|[from] ability: Static|[of] p1a: Zapdos
|-enditem|p1a: Zapdos|Leftovers|[from] move: Knock Off|[of] p2a: Kartana
|faint|p1a: Zapdos
|-ability|p2a: Kartana|Beast Boost|boost
|-boost|p2a: Kartana|atk|1
|
|upkeep
|inactive|LT93OQ SERPI has 120 seconds left.
|inactive|LT93OQ SERPI has 90 seconds left.
|
|t:|1660481923
|switch|p1a: Volcanion|Volcanion|100/100
|-damage|p1a: Volcanion|76/100|[from] Stealth Rock
|turn|10
|
|t:|1660481926
|move|p1a: Volcanion|Steam Eruption|p2a: Kartana
|-resisted|p2a: Kartana
|-damage|p2a: Kartana|0 fnt
|faint|p2a: Kartana
|
|upkeep
|
|t:|1660481927
|switch|p2a: Zapdos|Zapdos|100/100
|turn|11
|
|t:|1660481931
|move|p2a: Zapdos|Thunderbolt|p1a: Volcanion
|-supereffective|p1a: Volcanion
|-damage|p1a: Volcanion|0 fnt
|faint|p1a: Volcanion
|
|upkeep
|
|t:|1660481934
|switch|p1a: Weavile|Weavile, F|100/100
|-damage|p1a: Weavile|76/100|[from] Stealth Rock
|turn|12
|
|t:|1660481940
|switch|p2a: Landorus|Landorus-Therian, M|41/100
|-damage|p2a: Landorus|29/100|[from] Stealth Rock
|-ability|p2a: Landorus|Intimidate|boost
|-unboost|p1a: Weavile|atk|1
|move|p1a: Weavile|Knock Off|p2a: Landorus
|-damage|p2a: Landorus|0 fnt
|faint|p2a: Landorus
|
|upkeep
|
|t:|1660481943
|switch|p2a: Dragapult|Dragapult, F|100/100
|-damage|p2a: Dragapult|88/100|[from] Stealth Rock
|turn|13
|
|t:|1660481959
|switch|p1a: Melmetal|Melmetal|100/100
|-damage|p1a: Melmetal|94/100|[from] Stealth Rock
|move|p2a: Dragapult|Flamethrower|p1a: Melmetal
|-supereffective|p1a: Melmetal
|-damage|p1a: Melmetal|25/100
|
|-heal|p1a: Melmetal|32/100|[from] item: Leftovers
|upkeep
|turn|14
|
|t:|1660481961
|move|p2a: Dragapult|Flamethrower|p1a: Melmetal
|-supereffective|p1a: Melmetal
|-damage|p1a: Melmetal|0 fnt
|faint|p1a: Melmetal
|
|upkeep
|
|t:|1660481965
|switch|p1a: Kartana|Kartana|71/100
|-damage|p1a: Kartana|65/100|[from] Stealth Rock
|turn|15
|
|t:|1660481974
|switch|p1a: Weavile|Weavile, F|76/100
|-damage|p1a: Weavile|51/100|[from] Stealth Rock
|switch|p2a: Zapdos|Zapdos|100/100
|
|upkeep
|turn|16
|
|t:|1660481983
|move|p1a: Weavile|Knock Off|p2a: Zapdos
|-damage|p2a: Zapdos|19/100
|-enditem|p2a: Zapdos|Heavy-Duty Boots|[from] move: Knock Off|[of] p1a: Weavile
|move|p2a: Zapdos|Roost|p2a: Zapdos
|-heal|p2a: Zapdos|69/100
|-singleturn|p2a: Zapdos|move: Roost
|
|upkeep
|turn|17
|
|t:|1660481987
|move|p1a: Weavile|Knock Off|p2a: Zapdos
|-damage|p2a: Zapdos|9/100
|-status|p1a: Weavile|par|[from] ability: Static|[of] p2a: Zapdos
|move|p2a: Zapdos|Roost|p2a: Zapdos
|-heal|p2a: Zapdos|59/100
|-singleturn|p2a: Zapdos|move: Roost
|
|upkeep
|turn|18
|c|☆LT93OQ SERPI|gg
|-message|LT93OQ SERPI forfeited.
|
|win|dmt dreams
|raw|LT93OQ SERPI's rating: 1786 &rarr; <strong>1771</strong><br />(-15 for losing)
|raw|dmt dreams's rating: 1883 &rarr; <strong>1898</strong><br />(+15 for winning)
|c|☆dmt dreams|gg
