|j|☆weak to nothing
|j|☆Blue chen
|player|p1|weak to nothing|skierf|1628
|player|p2|Blue chen|karen|1615
|teamsize|p1|6
|teamsize|p2|6
|gametype|singles
|gen|8
|tier|[Gen 8] OU
|rated|
|clearpoke
|poke|p1|Mew|
|poke|p1|Clefable, F|
|poke|p1|Quagsire, M|
|poke|p1|Snorlax, F|
|poke|p1|Toxapex, M|
|poke|p1|Corviknight, M|
|poke|p2|Shuckle, M|
|poke|p2|Inteleon, M|
|poke|p2|Cinderace, M|
|poke|p2|Kyurem|
|poke|p2|Dracozolt|
|poke|p2|Zeraora|
|rule|Sleep Clause Mod: Limit one foe put to sleep
|rule|Species Clause: Limit one of each Pokémon
|rule|OHKO Clause: OHKO moves are banned
|rule|Evasion Moves Clause: Evasion moves are banned
|rule|Endless Battle Clause: Forcing endless battles is banned
|rule|HP Percentage Mod: HP is shown in percentages
|rule|Dynamax Clause: You cannot dynamax
|teampreview
|
|start
|switch|p1a: Mew|Mew|100/100
|switch|p2a: Cinderace|Cinderace, M|100/100
|turn|1
|
|switch|p1a: Toxapex|Toxapex, M, shiny|100/100
|move|p2a: Cinderace|U-turn|p1a: Toxapex
|-start|p2a: Cinderace|typechange|Bug|[from] ability: Libero
|-resisted|p1a: Toxapex
|-damage|p1a: Toxapex|91/100
|
|switch|p2a: Dracozolt|Dracozolt|100/100|[from]move: U-turn
|
|-heal|p1a: Toxapex|97/100|[from] item: Black Sludge
|upkeep
|turn|2
|
|switch|p1a: Quagsire|Quagsire, M, shiny|100/100
|move|p2a: Dracozolt|Substitute|p2a: Dracozolt
|-start|p2a: Dracozolt|Substitute
|-damage|p2a: Dracozolt|76/100
|
|upkeep
|turn|3
|
|move|p2a: Dracozolt|Outrage|p1a: Quagsire
|-damage|p1a: Quagsire|59/100
|move|p1a: Quagsire|Recover|p1a: Quagsire
|-heal|p1a: Quagsire|100/100
|
|upkeep
|turn|4
|
|move|p2a: Dracozolt|Outrage|p1a: Quagsire|[from]lockedmove
|-crit|p1a: Quagsire
|-damage|p1a: Quagsire|24/100
|move|p1a: Quagsire|Recover|p1a: Quagsire
|-heal|p1a: Quagsire|74/100
|
|-heal|p1a: Quagsire|80/100|[from] item: Leftovers
|upkeep
|turn|5
|
|move|p2a: Dracozolt|Outrage|p1a: Quagsire|[from]lockedmove
|-damage|p1a: Quagsire|25/100
|-start|p2a: Dracozolt|confusion|[fatigue]
|move|p1a: Quagsire|Recover|p1a: Quagsire
|-heal|p1a: Quagsire|75/100
|
|-heal|p1a: Quagsire|81/100|[from] item: Leftovers
|upkeep
|turn|6
|
|-activate|p2a: Dracozolt|confusion
|-damage|p2a: Dracozolt|56/100|[from] confusion
|move|p1a: Quagsire|Toxic||[still]
|-fail|p1a: Quagsire
|
|-heal|p1a: Quagsire|87/100|[from] item: Leftovers
|upkeep
|turn|7
|
|-activate|p2a: Dracozolt|confusion
|move|p2a: Dracozolt|Earthquake|p1a: Quagsire
|-damage|p1a: Quagsire|65/100
|move|p1a: Quagsire|Recover|p1a: Quagsire
|-heal|p1a: Quagsire|100/100
|
|upkeep
|turn|8
|
|-activate|p2a: Dracozolt|confusion
|move|p2a: Dracozolt|Earthquake|p1a: Quagsire
|-damage|p1a: Quagsire|75/100
|move|p1a: Quagsire|Recover|p1a: Quagsire
|-heal|p1a: Quagsire|100/100
|
|upkeep
|turn|9
|
|-activate|p2a: Dracozolt|confusion
|move|p2a: Dracozolt|Earthquake|p1a: Quagsire
|-damage|p1a: Quagsire|68/100
|move|p1a: Quagsire|Scald|p2a: Dracozolt
|-resisted|p2a: Dracozolt
|-activate|p2a: Dracozolt|move: Substitute|[damage]
|
|-heal|p1a: Quagsire|74/100|[from] item: Leftovers
|upkeep
|turn|10
|
|-end|p2a: Dracozolt|confusion
|move|p2a: Dracozolt|Earthquake|p1a: Quagsire
|-damage|p1a: Quagsire|40/100
|move|p1a: Quagsire|Recover|p1a: Quagsire
|-heal|p1a: Quagsire|90/100
|
|-heal|p1a: Quagsire|96/100|[from] item: Leftovers
|upkeep
|turn|11
|
|switch|p1a: Corviknight|Corviknight, M, shiny|100/100
|-ability|p1a: Corviknight|Pressure
|move|p2a: Dracozolt|Earthquake|p1a: Corviknight
|-immune|p1a: Corviknight
|
|upkeep
|turn|12
|
|switch|p1a: Quagsire|Quagsire, M, shiny|96/100
|move|p2a: Dracozolt|Bolt Beak|p1a: Quagsire
|-immune|p1a: Quagsire
|
|-heal|p1a: Quagsire|100/100|[from] item: Leftovers
|upkeep
|turn|13
|j| DonSalvatore1825
|
|move|p2a: Dracozolt|Earthquake|p1a: Quagsire
|-damage|p1a: Quagsire|79/100
|move|p1a: Quagsire|Scald|p2a: Dracozolt
|-resisted|p2a: Dracozolt
|-end|p2a: Dracozolt|Substitute
|
|-heal|p1a: Quagsire|85/100|[from] item: Leftovers
|upkeep
|turn|14
|inactive|Battle timer is ON: inactive players will automatically lose when time's up. (requested by Blue chen)
|
|move|p2a: Dracozolt|Substitute|p2a: Dracozolt
|-start|p2a: Dracozolt|Substitute
|-damage|p2a: Dracozolt|31/100
|move|p1a: Quagsire|Recover|p1a: Quagsire
|-heal|p1a: Quagsire|100/100
|
|upkeep
|turn|15
|
|move|p2a: Dracozolt|Outrage|p1a: Quagsire
|-damage|p1a: Quagsire|58/100
|move|p1a: Quagsire|Scald|p2a: Dracozolt
|-resisted|p2a: Dracozolt
|-activate|p2a: Dracozolt|move: Substitute|[damage]
|
|-heal|p1a: Quagsire|64/100|[from] item: Leftovers
|upkeep
|turn|16
|
|move|p2a: Dracozolt|Outrage|p1a: Quagsire|[from]lockedmove
|-damage|p1a: Quagsire|13/100
|move|p1a: Quagsire|Recover|p1a: Quagsire
|-heal|p1a: Quagsire|63/100
|
|-heal|p1a: Quagsire|69/100|[from] item: Leftovers
|upkeep
|turn|17
|
|switch|p1a: Corviknight|Corviknight, M, shiny|100/100
|-ability|p1a: Corviknight|Pressure
|move|p2a: Dracozolt|Outrage|p1a: Corviknight|[from]lockedmove
|-resisted|p1a: Corviknight
|-crit|p1a: Corviknight
|-damage|p1a: Corviknight|65/100
|-start|p2a: Dracozolt|confusion|[fatigue]
|
|-heal|p1a: Corviknight|71/100|[from] item: Leftovers
|upkeep
|turn|18
|
|-activate|p2a: Dracozolt|confusion
|move|p2a: Dracozolt|Outrage|p1a: Corviknight
|-resisted|p1a: Corviknight
|-damage|p1a: Corviknight|43/100
|move|p1a: Corviknight|Iron Defense|p1a: Corviknight
|-boost|p1a: Corviknight|def|2
|
|-heal|p1a: Corviknight|49/100|[from] item: Leftovers
|upkeep
|turn|19
|
|-activate|p2a: Dracozolt|confusion
|move|p2a: Dracozolt|Outrage|p1a: Corviknight|[from]lockedmove
|-resisted|p1a: Corviknight
|-damage|p1a: Corviknight|33/100
|move|p1a: Corviknight|Roost|p1a: Corviknight
|-heal|p1a: Corviknight|83/100
|-singleturn|p1a: Corviknight|move: Roost
|
|-heal|p1a: Corviknight|89/100|[from] item: Leftovers
|upkeep
|turn|20
|
|-activate|p2a: Dracozolt|confusion
|-damage|p2a: Dracozolt|5/100|[from] confusion
|move|p1a: Corviknight|Iron Defense|p1a: Corviknight
|-boost|p1a: Corviknight|def|2
|
|-heal|p1a: Corviknight|96/100|[from] item: Leftovers
|upkeep
|turn|21
|
|-activate|p2a: Dracozolt|confusion
|move|p2a: Dracozolt|Bolt Beak|p1a: Corviknight
|-supereffective|p1a: Corviknight
|-damage|p1a: Corviknight|61/100
|move|p1a: Corviknight|Body Press|p2a: Dracozolt
|-end|p2a: Dracozolt|Substitute
|
|-heal|p1a: Corviknight|67/100|[from] item: Leftovers
|upkeep
|turn|22
|
|-end|p2a: Dracozolt|confusion
|move|p2a: Dracozolt|Bolt Beak|p1a: Corviknight
|-supereffective|p1a: Corviknight
|-damage|p1a: Corviknight|24/100
|move|p1a: Corviknight|Roost|p1a: Corviknight
|-heal|p1a: Corviknight|74/100
|-singleturn|p1a: Corviknight|move: Roost
|
|-heal|p1a: Corviknight|80/100|[from] item: Leftovers
|upkeep
|turn|23
|
|move|p2a: Dracozolt|Bolt Beak|p1a: Corviknight
|-supereffective|p1a: Corviknight
|-damage|p1a: Corviknight|34/100
|move|p1a: Corviknight|Body Press|p2a: Dracozolt
|-damage|p2a: Dracozolt|0 fnt
|faint|p2a: Dracozolt
|
|-heal|p1a: Corviknight|40/100|[from] item: Leftovers
|upkeep
|
|switch|p2a: Kyurem|Kyurem|100/100
|-ability|p2a: Kyurem|Pressure
|turn|24
|
|switch|p1a: Snorlax|Snorlax, F|100/100
|move|p2a: Kyurem|Ice Beam|p1a: Snorlax
|-damage|p1a: Snorlax|90/100
|
|-heal|p1a: Snorlax|96/100|[from] item: Leftovers
|upkeep
|turn|25
|
|switch|p2a: Shuckle|Shuckle, M|100/100
|move|p1a: Snorlax|Body Slam|p2a: Shuckle
|-resisted|p2a: Shuckle
|-damage|p2a: Shuckle|92/100
|-enditem|p2a: Shuckle|Red Card|[of] p1a: Snorlax
|drag|p1a: Clefable|Clefable, F|100/100
|
|upkeep
|turn|26
|
|switch|p1a: Corviknight|Corviknight, M, shiny|40/100
|-ability|p1a: Corviknight|Pressure
|move|p2a: Shuckle|Stealth Rock|p1a: Corviknight
|-sidestart|p1: weak to nothing|move: Stealth Rock
|
|-heal|p1a: Corviknight|46/100|[from] item: Leftovers
|upkeep
|turn|27
|
|move|p1a: Corviknight|Defog|p2a: Shuckle
|-unboost|p2a: Shuckle|evasion|1
|-sideend|p1: weak to nothing|Stealth Rock|[from] move: Defog|[of] p1a: Corviknight
|move|p2a: Shuckle|Encore|p1a: Corviknight
|-start|p1a: Corviknight|Encore
|
|-heal|p1a: Corviknight|52/100|[from] item: Leftovers
|upkeep
|turn|28
|
|move|p1a: Corviknight|Defog|p2a: Shuckle
|-unboost|p2a: Shuckle|evasion|1
|move|p2a: Shuckle|Stealth Rock|p1a: Corviknight
|-sidestart|p1: weak to nothing|move: Stealth Rock
|
|-heal|p1a: Corviknight|59/100|[from] item: Leftovers
|upkeep
|turn|29
|
|move|p1a: Corviknight|Defog|p2a: Shuckle
|-unboost|p2a: Shuckle|evasion|1
|-sideend|p1: weak to nothing|Stealth Rock|[from] move: Defog|[of] p1a: Corviknight
|move|p2a: Shuckle|Final Gambit|p1a: Corviknight
|-damage|p1a: Corviknight|3/100
|faint|p2a: Shuckle
|
|-heal|p1a: Corviknight|9/100|[from] item: Leftovers
|upkeep
|
|switch|p2a: Inteleon|Inteleon, M|100/100
|turn|30
|j| Black Thunderbolt
|
|switch|p1a: Toxapex|Toxapex, M, shiny|100/100
|move|p2a: Inteleon|Focus Energy|p2a: Inteleon
|-start|p2a: Inteleon|move: Focus Energy
|
|upkeep
|turn|31
|
|move|p2a: Inteleon|Air Slash|p1a: Toxapex
|-crit|p1a: Toxapex
|-damage|p1a: Toxapex|50/100
|move|p1a: Toxapex|Knock Off|p2a: Inteleon
|-damage|p2a: Inteleon|76/100
|-enditem|p2a: Inteleon|Scope Lens|[from] move: Knock Off|[of] p1a: Toxapex
|
|-heal|p1a: Toxapex|56/100|[from] item: Black Sludge
|upkeep
|turn|32
|
|switch|p1a: Corviknight|Corviknight, M, shiny|9/100
|-ability|p1a: Corviknight|Pressure
|move|p2a: Inteleon|Snipe Shot|p1a: Corviknight
|-crit|p1a: Corviknight
|-damage|p1a: Corviknight|0 fnt
|faint|p1a: Corviknight
|
|upkeep
|
|switch|p1a: Snorlax|Snorlax, F|96/100
|turn|33
|
|move|p2a: Inteleon|Snipe Shot|p1a: Snorlax
|-crit|p1a: Snorlax
|-damage|p1a: Snorlax|53/100
|move|p1a: Snorlax|Body Slam|p2a: Inteleon
|-damage|p2a: Inteleon|24/100
|
|-heal|p1a: Snorlax|59/100|[from] item: Leftovers
|upkeep
|turn|34
|
|move|p2a: Inteleon|Snipe Shot|p1a: Snorlax
|-crit|p1a: Snorlax
|-damage|p1a: Snorlax|19/100
|move|p1a: Snorlax|Body Slam|p2a: Inteleon
|-damage|p2a: Inteleon|0 fnt
|faint|p2a: Inteleon
|
|-heal|p1a: Snorlax|25/100|[from] item: Leftovers
|upkeep
|
|switch|p2a: Zeraora|Zeraora|100/100
|turn|35
|
|switch|p1a: Mew|Mew|100/100
|move|p2a: Zeraora|Knock Off|p1a: Mew
|-supereffective|p1a: Mew
|-enditem|p1a: Mew|Colbur Berry|[eat]
|-enditem|p1a: Mew|Colbur Berry|[weaken]
|-damage|p1a: Mew|73/100
|-damage|p2a: Zeraora|91/100|[from] item: Life Orb
|
|upkeep
|turn|36
|
|switch|p2a: Cinderace|Cinderace, M|100/100
|move|p1a: Mew|Soft-Boiled|p1a: Mew
|-heal|p1a: Mew|100/100
|
|upkeep
|turn|37
|
|switch|p1a: Toxapex|Toxapex, M, shiny|89/100
|move|p2a: Cinderace|U-turn|p1a: Toxapex
|-start|p2a: Cinderace|typechange|Bug|[from] ability: Libero
|-resisted|p1a: Toxapex
|-damage|p1a: Toxapex|79/100
|
|switch|p2a: Kyurem|Kyurem|100/100|[from]move: U-turn
|-ability|p2a: Kyurem|Pressure
|
|-heal|p1a: Toxapex|86/100|[from] item: Black Sludge
|upkeep
|turn|38
|
|switch|p1a: Clefable|Clefable, F|100/100
|move|p2a: Kyurem|Substitute|p2a: Kyurem
|-start|p2a: Kyurem|Substitute
|-damage|p2a: Kyurem|75/100
|
|upkeep
|turn|39
|
|move|p2a: Kyurem|Ice Beam|p1a: Clefable
|-damage|p1a: Clefable|71/100
|move|p1a: Clefable|Wish|p1a: Clefable
|
|-heal|p1a: Clefable|77/100|[from] item: Leftovers
|upkeep
|turn|40
|
|move|p2a: Kyurem|Earth Power|p1a: Clefable
|-damage|p1a: Clefable|55/100
|move|p1a: Clefable|Moonblast|p2a: Kyurem
|-supereffective|p2a: Kyurem
|-end|p2a: Kyurem|Substitute
|
|-heal|p1a: Clefable|100/100|[from] move: Wish|[wisher] Clefable
|upkeep
|turn|41
|
|switch|p2a: Zeraora|Zeraora|91/100
|move|p1a: Clefable|Wish|p1a: Clefable
|
|upkeep
|turn|42
|
|switch|p1a: Mew|Mew|100/100
|move|p2a: Zeraora|Knock Off|p1a: Mew
|-supereffective|p1a: Mew
|-damage|p1a: Mew|66/100
|-damage|p2a: Zeraora|81/100|[from] item: Life Orb
|
|-heal|p1a: Mew|100/100|[from] move: Wish|[wisher] Clefable
|upkeep
|turn|43
|
|move|p2a: Zeraora|Plasma Fists|p1a: Mew
|-damage|p1a: Mew|63/100
|-fieldactivate|move: Ion Deluge
|-damage|p2a: Zeraora|71/100|[from] item: Life Orb
|move|p1a: Mew|Psychic|p2a: Zeraora
|-damage|p2a: Zeraora|30/100
|
|upkeep
|turn|44
|
|move|p2a: Zeraora|Plasma Fists|p1a: Mew
|-damage|p1a: Mew|24/100
|-fieldactivate|move: Ion Deluge
|-damage|p2a: Zeraora|20/100|[from] item: Life Orb
|move|p1a: Mew|Soft-Boiled|p1a: Mew
|-heal|p1a: Mew|74/100
|
|upkeep
|turn|45
|
|move|p2a: Zeraora|Plasma Fists|p1a: Mew
|-damage|p1a: Mew|37/100
|-fieldactivate|move: Ion Deluge
|-damage|p2a: Zeraora|11/100|[from] item: Life Orb
|move|p1a: Mew|Soft-Boiled|p1a: Mew
|-heal|p1a: Mew|87/100
|
|upkeep
|turn|46
|
|move|p2a: Zeraora|Knock Off|p1a: Mew
|-supereffective|p1a: Mew
|-damage|p1a: Mew|50/100
|-damage|p2a: Zeraora|1/100|[from] item: Life Orb
|move|p1a: Mew|Psychic|p2a: Zeraora
|-damage|p2a: Zeraora|0 fnt
|faint|p2a: Zeraora
|
|upkeep
|
|switch|p2a: Kyurem|Kyurem|75/100
|-ability|p2a: Kyurem|Pressure
|turn|47
|
|move|p2a: Kyurem|Ice Beam|p1a: Mew
|-damage|p1a: Mew|11/100
|move|p1a: Mew|Psychic|p2a: Kyurem
|-damage|p2a: Kyurem|45/100
|
|upkeep
|turn|48
|
|move|p2a: Kyurem|Roost|p2a: Kyurem
|-heal|p2a: Kyurem|95/100
|-singleturn|p2a: Kyurem|move: Roost
|move|p1a: Mew|Psychic|p2a: Kyurem
|-damage|p2a: Kyurem|68/100
|
|upkeep
|turn|49
|
|move|p2a: Kyurem|Roost|p2a: Kyurem
|-heal|p2a: Kyurem|100/100
|-singleturn|p2a: Kyurem|move: Roost
|move|p1a: Mew|Psychic|p2a: Kyurem
|-damage|p2a: Kyurem|70/100
|-unboost|p2a: Kyurem|spd|1
|
|upkeep
|turn|50
|
|move|p2a: Kyurem|Ice Beam|p1a: Mew
|-damage|p1a: Mew|0 fnt
|faint|p1a: Mew
|
|upkeep
|
|switch|p1a: Snorlax|Snorlax, F|25/100
|turn|51
|
|move|p2a: Kyurem|Ice Beam|p1a: Snorlax
|-damage|p1a: Snorlax|13/100
|move|p1a: Snorlax|Rest|p1a: Snorlax
|-status|p1a: Snorlax|slp|[from] move: Rest
|-heal|p1a: Snorlax|100/100 slp|[silent]
|
|upkeep
|turn|52
|
|move|p2a: Kyurem|Earth Power|p1a: Snorlax
|-damage|p1a: Snorlax|87/100 slp
|cant|p1a: Snorlax|slp
|
|-heal|p1a: Snorlax|93/100 slp|[from] item: Leftovers
|upkeep
|turn|53
|
|move|p2a: Kyurem|Earth Power|p1a: Snorlax
|-damage|p1a: Snorlax|76/100 slp
|cant|p1a: Snorlax|slp
|
|-heal|p1a: Snorlax|82/100 slp|[from] item: Leftovers
|upkeep
|turn|54
|
|move|p2a: Kyurem|Earth Power|p1a: Snorlax
|-damage|p1a: Snorlax|64/100 slp
|-curestatus|p1a: Snorlax|slp|[msg]
|move|p1a: Snorlax|Body Slam|p2a: Kyurem
|-damage|p2a: Kyurem|38/100
|
|-heal|p1a: Snorlax|70/100|[from] item: Leftovers
|upkeep
|turn|55
|
|move|p2a: Kyurem|Earth Power|p1a: Snorlax
|-damage|p1a: Snorlax|47/100
|move|p1a: Snorlax|Body Slam|p2a: Kyurem
|-damage|p2a: Kyurem|6/100
|
|-heal|p1a: Snorlax|53/100|[from] item: Leftovers
|upkeep
|turn|56
|
|switch|p2a: Cinderace|Cinderace, M|100/100
|move|p1a: Snorlax|Body Slam|p2a: Cinderace
|-damage|p2a: Cinderace|54/100
|-status|p2a: Cinderace|par
|
|-heal|p1a: Snorlax|59/100|[from] item: Leftovers
|upkeep
|turn|57
|
|switch|p1a: Toxapex|Toxapex, M, shiny|100/100
|move|p2a: Cinderace|U-turn|p1a: Toxapex
|-start|p2a: Cinderace|typechange|Bug|[from] ability: Libero
|-resisted|p1a: Toxapex
|-damage|p1a: Toxapex|90/100
|
|switch|p2a: Kyurem|Kyurem|6/100|[from]move: U-turn
|-ability|p2a: Kyurem|Pressure
|
|-heal|p1a: Toxapex|96/100|[from] item: Black Sludge
|upkeep
|turn|58
|
|move|p2a: Kyurem|Roost|p2a: Kyurem
|-heal|p2a: Kyurem|56/100
|-singleturn|p2a: Kyurem|move: Roost
|move|p1a: Toxapex|Knock Off|p2a: Kyurem
|-damage|p2a: Kyurem|42/100
|-enditem|p2a: Kyurem|Metronome|[from] move: Knock Off|[of] p1a: Toxapex
|
|-heal|p1a: Toxapex|100/100|[from] item: Black Sludge
|upkeep
|turn|59
|-message|Blue chen forfeited.
|
|win|weak to nothing
|l|☆Blue chen
