|j|☆Soul king0
|j|☆ultimategoogolplex
|t:|1667110951
|gametype|singles
|player|p1|Soul king0|2|1691
|player|p2|ultimategoogolplex|265|1699
|teamsize|p1|6
|teamsize|p2|6
|gen|8
|tier|[Gen 8] OU
|rated|
|rule|Sleep Clause Mod: Limit one foe put to sleep
|rule|Species Clause: Limit one of each Pokémon
|rule|OHKO Clause: OHKO moves are banned
|rule|Evasion Items Clause: Evasion items are banned
|rule|Evasion Moves Clause: Evasion moves are banned
|rule|Endless Battle Clause: Forcing endless battles is banned
|rule|HP Percentage Mod: HP is shown in percentages
|rule|Dynamax Clause: You cannot dynamax
|clearpoke
|poke|p1|Volcarona, M|
|poke|p1|Garchomp, F|
|poke|p1|Slowbro, M|
|poke|p1|Zapdos|
|poke|p1|Swampert, M|
|poke|p1|Ferrothorn, F|
|poke|p2|Weavile, M|
|poke|p2|Volcanion|
|poke|p2|Zapdos|
|poke|p2|Landorus-Therian, M|
|poke|p2|Kartana|
|poke|p2|Melmetal|
|teampreview
|inactive|Battle timer is ON: inactive players will automatically lose when time's up. (requested by ultimategoogolplex)
|j| Nivba
|j| RuparajanT
|
|t:|1667110965
|start
|switch|p1a: Swampert|Swampert, M|100/100
|switch|p2a: Weavile|Weavile, M|100/100
|-ability|p2a: Weavile|Pressure
|turn|1
|j| envyah
|
|t:|1667110983
|move|p2a: Weavile|Knock Off|p1a: Swampert
|-damage|p1a: Swampert|27/100
|-enditem|p1a: Swampert|Leftovers|[from] move: Knock Off|[of] p2a: Weavile
|move|p1a: Swampert|Flip Turn|p2a: Weavile
|-damage|p2a: Weavile|17/100
|j| zttyt
|
|t:|1667110990
|switch|p1a: Ferrothorn|Ferrothorn, F|100/100|[from]move: Flip Turn
|
|upkeep
|turn|2
|
|t:|1667111000
|switch|p2a: Volcanion|Volcanion|100/100
|move|p1a: Ferrothorn|Knock Off|p2a: Volcanion
|-damage|p2a: Volcanion|78/100
|-enditem|p2a: Volcanion|Choice Specs|[from] move: Knock Off|[of] p1a: Ferrothorn
|
|upkeep
|turn|3
|
|t:|1667111010
|switch|p2a: Weavile|Weavile, M|17/100
|-ability|p2a: Weavile|Pressure
|switch|p1a: Slowbro|Slowbro, M|100/100
|
|upkeep
|turn|4
|
|t:|1667111019
|switch|p1a: Ferrothorn|Ferrothorn, F|100/100
|move|p2a: Weavile|Beat Up|p1a: Ferrothorn
|-damage|p1a: Ferrothorn|93/100
|-damage|p1a: Ferrothorn|85/100
|-damage|p1a: Ferrothorn|78/100
|-damage|p1a: Ferrothorn|68/100
|-damage|p1a: Ferrothorn|57/100
|-damage|p1a: Ferrothorn|47/100
|-hitcount|p1a: Ferrothorn|6
|
|-heal|p1a: Ferrothorn|53/100|[from] item: Leftovers
|upkeep
|turn|5
|
|t:|1667111031
|move|p2a: Weavile|Beat Up|p1a: Ferrothorn
|-damage|p1a: Ferrothorn|45/100
|-damage|p1a: Ferrothorn|37/100
|-damage|p1a: Ferrothorn|30/100
|-damage|p1a: Ferrothorn|21/100
|-damage|p1a: Ferrothorn|10/100
|-damage|p1a: Ferrothorn|1/100
|-hitcount|p1a: Ferrothorn|6
|move|p1a: Ferrothorn|Leech Seed|p2a: Weavile
|-start|p2a: Weavile|move: Leech Seed
|
|-heal|p1a: Ferrothorn|7/100|[from] item: Leftovers
|-damage|p2a: Weavile|4/100|[from] Leech Seed|[of] p1a: Ferrothorn
|-heal|p1a: Ferrothorn|17/100|[silent]
|upkeep
|turn|6
|
|t:|1667111052
|switch|p2a: Landorus|Landorus-Therian, M|100/100
|-ability|p2a: Landorus|Intimidate|boost
|-unboost|p1a: Ferrothorn|atk|1
|switch|p1a: Garchomp|Garchomp, F|100/100
|
|upkeep
|turn|7
|
|t:|1667111068
|switch|p1a: Ferrothorn|Ferrothorn, F|17/100
|move|p2a: Landorus|Toxic|p1a: Ferrothorn
|-immune|p1a: Ferrothorn
|
|-heal|p1a: Ferrothorn|23/100|[from] item: Leftovers
|upkeep
|turn|8
|
|t:|1667111076
|move|p2a: Landorus|Earthquake|p1a: Ferrothorn
|-damage|p1a: Ferrothorn|0 fnt
|faint|p1a: Ferrothorn
|
|upkeep
|
|t:|1667111079
|switch|p1a: Zapdos|Zapdos|100/100
|turn|9
|
|t:|1667111083
|switch|p2a: Melmetal|Melmetal|100/100
|move|p1a: Zapdos|Hurricane|p2a: Melmetal
|-resisted|p2a: Melmetal
|-damage|p2a: Melmetal|85/100
|
|upkeep
|turn|10
|j| PANDA EXPRESS HR
|l| PANDA EXPRESS HR
|
|t:|1667111094
|move|p1a: Zapdos|Heat Wave|p2a: Melmetal
|-supereffective|p2a: Melmetal
|-crit|p2a: Melmetal
|-damage|p2a: Melmetal|32/100
|move|p2a: Melmetal|Earthquake|p1a: Zapdos
|-immune|p1a: Zapdos
|
|upkeep
|turn|11
|j| Chiefsss
|
|t:|1667111105
|move|p1a: Zapdos|Heat Wave|p2a: Melmetal
|-supereffective|p2a: Melmetal
|-damage|p2a: Melmetal|0 fnt
|faint|p2a: Melmetal
|
|upkeep
|
|t:|1667111111
|switch|p2a: Weavile|Weavile, M|4/100
|-ability|p2a: Weavile|Pressure
|turn|12
|l| Chiefsss
|l| RuparajanT
|
|t:|1667111121
|switch|p2a: Landorus|Landorus-Therian, M|100/100
|-ability|p2a: Landorus|Intimidate|boost
|-unboost|p1a: Zapdos|atk|1
|switch|p1a: Swampert|Swampert, M|27/100
|
|upkeep
|turn|13
|
|t:|1667111128
|move|p2a: Landorus|U-turn|p1a: Swampert
|-damage|p1a: Swampert|8/100
|
|t:|1667111131
|switch|p2a: Volcanion|Volcanion|78/100|[from]move: U-turn
|move|p1a: Swampert|Stealth Rock|p2a: Volcanion
|-sidestart|p2: ultimategoogolplex|move: Stealth Rock
|
|upkeep
|turn|14
|
|t:|1667111141
|switch|p1a: Slowbro|Slowbro, M|100/100
|move|p2a: Volcanion|Steam Eruption|p1a: Slowbro
|-resisted|p1a: Slowbro
|-damage|p1a: Slowbro|72/100
|
|upkeep
|turn|15
|
|t:|1667111148
|switch|p2a: Zapdos|Zapdos|100/100
|move|p1a: Slowbro|Teleport|p1a: Slowbro
|
|t:|1667111161
|switch|p1a: Garchomp|Garchomp, F|100/100|[from]move: Teleport
|
|upkeep
|turn|16
|
|t:|1667111165
|switch|p2a: Landorus|Landorus-Therian, M|100/100
|-damage|p2a: Landorus|88/100|[from] Stealth Rock
|-ability|p2a: Landorus|Intimidate|boost
|-unboost|p1a: Garchomp|atk|1
|move|p1a: Garchomp|Swords Dance|p1a: Garchomp
|-boost|p1a: Garchomp|atk|2
|
|-heal|p2a: Landorus|94/100|[from] item: Leftovers
|upkeep
|turn|17
|
|t:|1667111174
|move|p1a: Garchomp|Swords Dance|p1a: Garchomp
|-boost|p1a: Garchomp|atk|2
|move|p2a: Landorus|Earthquake|p1a: Garchomp
|-damage|p1a: Garchomp|50/100
|
|-heal|p1a: Garchomp|56/100|[from] item: Leftovers
|-heal|p2a: Landorus|99/100|[from] item: Leftovers
|upkeep
|turn|18
|
|t:|1667111181
|move|p1a: Garchomp|Scale Shot|p2a: Landorus
|-damage|p2a: Landorus|77/100
|-damage|p2a: Landorus|54/100
|-damage|p2a: Landorus|29/100
|-damage|p2a: Landorus|3/100
|-damage|p2a: Landorus|0 fnt
|faint|p2a: Landorus
|-hitcount|p2: Landorus|5
|-unboost|p1a: Garchomp|def|1
|-boost|p1a: Garchomp|spe|1
|
|-heal|p1a: Garchomp|62/100|[from] item: Leftovers
|upkeep
|
|t:|1667111193
|switch|p2a: Kartana|Kartana|100/100
|-damage|p2a: Kartana|94/100|[from] Stealth Rock
|turn|19
|
|t:|1667111197
|switch|p1a: Zapdos|Zapdos|100/100
|move|p2a: Kartana|Leaf Blade|p1a: Zapdos
|-resisted|p1a: Zapdos
|-damage|p1a: Zapdos|71/100
|
|upkeep
|turn|20
|
|t:|1667111204
|switch|p2a: Zapdos|Zapdos|100/100
|move|p1a: Zapdos|Volt Switch|p2a: Zapdos
|-damage|p2a: Zapdos|62/100
|
|t:|1667111212
|switch|p1a: Garchomp|Garchomp, F|62/100|[from]move: Volt Switch
|
|-heal|p1a: Garchomp|69/100|[from] item: Leftovers
|upkeep
|turn|21
|
|t:|1667111217
|move|p1a: Garchomp|Scale Shot|p2a: Zapdos
|-damage|p2a: Zapdos|51/100
|-damage|p2a: Zapdos|40/100
|-hitcount|p2a: Zapdos|2
|-unboost|p1a: Garchomp|def|1
|-boost|p1a: Garchomp|spe|1
|move|p2a: Zapdos|Defog|p1a: Garchomp
|-unboost|p1a: Garchomp|evasion|1
|-sideend|p2: ultimategoogolplex|Stealth Rock|[from] move: Defog|[of] p2a: Zapdos
|
|-heal|p1a: Garchomp|75/100|[from] item: Leftovers
|upkeep
|turn|22
|
|t:|1667111228
|switch|p2a: Kartana|Kartana|94/100
|move|p1a: Garchomp|Scale Shot|p2a: Kartana
|-resisted|p2a: Kartana
|-damage|p2a: Kartana|87/100
|-resisted|p2a: Kartana
|-damage|p2a: Kartana|81/100
|-resisted|p2a: Kartana
|-damage|p2a: Kartana|74/100
|-hitcount|p2a: Kartana|3
|-unboost|p1a: Garchomp|def|1
|-boost|p1a: Garchomp|spe|1
|
|-heal|p1a: Garchomp|81/100|[from] item: Leftovers
|upkeep
|turn|23
|
|t:|1667111242
|switch|p2a: Weavile|Weavile, M|4/100
|-ability|p2a: Weavile|Pressure
|move|p1a: Garchomp|Fire Fang|p2a: Weavile
|-supereffective|p2a: Weavile
|-damage|p2a: Weavile|0 fnt
|faint|p2a: Weavile
|
|-heal|p1a: Garchomp|87/100|[from] item: Leftovers
|upkeep
|-message|ultimategoogolplex forfeited.
|
|win|Soul king0
|raw|Soul king0's rating: 1691 &rarr; <strong>1711</strong><br />(+20 for winning)
|raw|ultimategoogolplex's rating: 1699 &rarr; <strong>1679</strong><br />(-20 for losing)
|l|☆ultimategoogolplex
