|j|☆LudwigFrog
|j|☆irgendwasmitmeeem
|t:|1635895625
|gametype|singles
|player|p1|LudwigFrog|hilbert-wonderlauncher|1600
|player|p2|irgendwasmitmeeem|pokekid|1686
|teamsize|p1|6
|teamsize|p2|6
|gen|8
|tier|[Gen 8] OU
|rated|
|rule|Sleep Clause Mod: Limit one foe put to sleep
|rule|Species Clause: Limit one of each Pokémon
|rule|OHKO Clause: OHKO moves are banned
|rule|Evasion Moves Clause: Evasion moves are banned
|rule|Endless Battle Clause: Forcing endless battles is banned
|rule|HP Percentage Mod: HP is shown in percentages
|rule|Dynamax Clause: You cannot dynamax
|clearpoke
|poke|p1|Mew|
|poke|p1|Blacephalon|
|poke|p1|Hawlucha, F|
|poke|p1|Tapu Koko|
|poke|p1|Kyurem|
|poke|p1|Dragapult, M|
|poke|p2|Zapdos-Galar|
|poke|p2|Durant, M|
|poke|p2|Nihilego|
|poke|p2|Mimikyu, M|
|poke|p2|Regieleki|
|poke|p2|Landorus-Therian, M|
|teampreview
|inactive|Battle timer is ON: inactive players will automatically lose when time's up. (requested by LudwigFrog)
|
|t:|1635895636
|start
|switch|p1a: Mew|Mew|100/100
|switch|p2a: Nihilego|Nihilego|100/100
|turn|1
|
|t:|1635895641
|move|p2a: Nihilego|Meteor Beam||[still]
|-prepare|p2a: Nihilego|Meteor Beam
|-boost|p2a: Nihilego|spa|1
|-enditem|p2a: Nihilego|Power Herb
|-anim|p2a: Nihilego|Meteor Beam|p1a: Mew
|-damage|p1a: Mew|31/100
|move|p1a: Mew|Stealth Rock|p2a: Nihilego
|-sidestart|p2: irgendwasmitmeeem|move: Stealth Rock
|
|upkeep
|turn|2
|
|t:|1635895648
|move|p2a: Nihilego|Power Gem|p1a: Mew
|-damage|p1a: Mew|0 fnt
|faint|p1a: Mew
|-ability|p2a: Nihilego|Beast Boost|boost
|-boost|p2a: Nihilego|spe|1
|
|upkeep
|
|t:|1635895651
|switch|p1a: Tapu Koko|Tapu Koko|100/100
|-fieldstart|move: Electric Terrain|[from] ability: Electric Surge|[of] p1a: Tapu Koko
|turn|3
|
|t:|1635895659
|move|p2a: Nihilego|Meteor Beam||[still]
|-prepare|p2a: Nihilego|Meteor Beam
|-boost|p2a: Nihilego|spa|1
|move|p1a: Tapu Koko|Light Screen|p1a: Tapu Koko
|-sidestart|p1: LudwigFrog|move: Light Screen
|
|upkeep
|turn|4
|
|t:|1635895663
|move|p2a: Nihilego|Meteor Beam|p1a: Tapu Koko|[from]lockedmove
|-damage|p1a: Tapu Koko|10/100
|move|p1a: Tapu Koko|Volt Switch|p2a: Nihilego
|-crit|p2a: Nihilego
|-damage|p2a: Nihilego|61/100
|
|t:|1635895666
|switch|p1a: Hawlucha|Hawlucha, F|100/100|[from]move: Volt Switch
|-enditem|p1a: Hawlucha|Electric Seed
|-boost|p1a: Hawlucha|def|1|[from] item: Electric Seed
|
|upkeep
|turn|5
|
|t:|1635895669
|move|p1a: Hawlucha|Swords Dance|p1a: Hawlucha
|-boost|p1a: Hawlucha|atk|2
|move|p2a: Nihilego|Power Gem|p1a: Hawlucha
|-damage|p1a: Hawlucha|47/100
|
|upkeep
|turn|6
|
|t:|1635895673
|move|p1a: Hawlucha|Close Combat|p2a: Nihilego
|-damage|p2a: Nihilego|0 fnt
|-unboost|p1a: Hawlucha|def|1
|-unboost|p1a: Hawlucha|spd|1
|faint|p2a: Nihilego
|
|upkeep
|
|t:|1635895687
|switch|p2a: Landorus|Landorus-Therian, M|100/100
|-damage|p2a: Landorus|88/100|[from] Stealth Rock
|-ability|p2a: Landorus|Intimidate|boost
|-unboost|p1a: Hawlucha|atk|1
|turn|7
|
|t:|1635895694
|move|p1a: Hawlucha|Swords Dance|p1a: Hawlucha
|-boost|p1a: Hawlucha|atk|2
|move|p2a: Landorus|Explosion|p1a: Hawlucha
|-damage|p1a: Hawlucha|0 fnt
|faint|p2a: Landorus
|faint|p1a: Hawlucha
|
|-fieldend|move: Electric Terrain
|upkeep
|
|t:|1635895700
|switch|p1a: Dragapult|Dragapult, M|100/100
|switch|p2a: Regieleki|Regieleki|100/100
|turn|8
|
|t:|1635895708
|move|p2a: Regieleki|Ancient Power|p1a: Dragapult
|-damage|p1a: Dragapult|85/100
|move|p1a: Dragapult|Dragon Dance|p1a: Dragapult
|-boost|p1a: Dragapult|atk|1
|-boost|p1a: Dragapult|spe|1
|
|upkeep
|turn|9
|
|t:|1635895716
|move|p1a: Dragapult|Dragon Darts|p2a: Regieleki
|-damage|p2a: Regieleki|25/100
|-anim|p1a: Dragapult|Dragon Darts|p2a: Regieleki
|-damage|p2a: Regieleki|0 fnt
|faint|p2a: Regieleki
|
|upkeep
|
|t:|1635895719
|switch|p2a: Mimikyu|Mimikyu, M|100/100
|-damage|p2a: Mimikyu|88/100|[from] Stealth Rock
|turn|10
|
|t:|1635895728
|move|p1a: Dragapult|Fire Blast|p2a: Mimikyu
|-activate|p2a: Mimikyu|ability: Disguise
|-damage|p2a: Mimikyu|88/100
|detailschange|p2a: Mimikyu|Mimikyu-Busted, M
|-damage|p2a: Mimikyu|76/100|[from] pokemon: Mimikyu-Busted
|move|p2a: Mimikyu|Play Rough|p1a: Dragapult|[miss]
|-miss|p2a: Mimikyu|p1a: Dragapult
|
|-sideend|p1: LudwigFrog|move: Light Screen
|upkeep
|turn|11
|
|t:|1635895732
|move|p2a: Mimikyu|Shadow Sneak|p1a: Dragapult
|-supereffective|p1a: Dragapult
|-damage|p1a: Dragapult|24/100
|-enditem|p1a: Dragapult|Weakness Policy
|-boost|p1a: Dragapult|atk|2|[from] item: Weakness Policy
|-boost|p1a: Dragapult|spa|2|[from] item: Weakness Policy
|-damage|p2a: Mimikyu|66/100|[from] item: Life Orb
|move|p1a: Dragapult|Phantom Force||[still]
|-prepare|p1a: Dragapult|Phantom Force
|
|upkeep
|turn|12
|
|t:|1635895743
|switch|p2a: Zapdos|Zapdos-Galar|100/100
|-damage|p2a: Zapdos|88/100|[from] Stealth Rock
|move|p1a: Dragapult|Phantom Force|p2a: Zapdos|[from]lockedmove
|-crit|p2a: Zapdos
|-damage|p2a: Zapdos|0 fnt
|faint|p2a: Zapdos
|
|upkeep
|
|t:|1635895745
|switch|p2a: Mimikyu|Mimikyu-Busted, M|66/100
|-damage|p2a: Mimikyu|53/100|[from] Stealth Rock
|turn|13
|
|t:|1635895760
|move|p2a: Mimikyu|Shadow Sneak|p1a: Dragapult
|-supereffective|p1a: Dragapult
|-damage|p1a: Dragapult|0 fnt
|faint|p1a: Dragapult
|-damage|p2a: Mimikyu|44/100|[from] item: Life Orb
|
|upkeep
|
|t:|1635895762
|switch|p1a: Tapu Koko|Tapu Koko|10/100
|-fieldstart|move: Electric Terrain|[from] ability: Electric Surge|[of] p1a: Tapu Koko
|turn|14
|
|t:|1635895764
|move|p2a: Mimikyu|Shadow Sneak|p1a: Tapu Koko
|-damage|p1a: Tapu Koko|0 fnt
|faint|p1a: Tapu Koko
|-damage|p2a: Mimikyu|34/100|[from] item: Life Orb
|
|upkeep
|
|t:|1635895766
|switch|p1a: Kyurem|Kyurem|100/100
|-ability|p1a: Kyurem|Pressure
|turn|15
|
|t:|1635895768
|switch|p2a: Durant|Durant, M|100/100
|-damage|p2a: Durant|88/100|[from] Stealth Rock
|move|p1a: Kyurem|Icicle Spear|p2a: Durant
|-resisted|p2a: Durant
|-damage|p2a: Durant|80/100
|-resisted|p2a: Durant
|-damage|p2a: Durant|72/100
|-resisted|p2a: Durant
|-damage|p2a: Durant|64/100
|-resisted|p2a: Durant
|-damage|p2a: Durant|56/100
|-resisted|p2a: Durant
|-damage|p2a: Durant|47/100
|-hitcount|p2a: Durant|5
|
|upkeep
|turn|16
|
|t:|1635895771
|move|p2a: Durant|Iron Head|p1a: Kyurem
|-supereffective|p1a: Kyurem
|-damage|p1a: Kyurem|0 fnt
|faint|p1a: Kyurem
|-damage|p2a: Durant|37/100|[from] item: Life Orb
|
|upkeep
|
|t:|1635895774
|switch|p1a: Blacephalon|Blacephalon|100/100
|turn|17
|
|t:|1635895776
|move|p1a: Blacephalon|Flamethrower|p2a: Durant
|-supereffective|p2a: Durant
|-damage|p2a: Durant|0 fnt
|faint|p2a: Durant
|-ability|p1a: Blacephalon|Beast Boost|boost
|-boost|p1a: Blacephalon|spa|1
|
|upkeep
|
|t:|1635895778
|switch|p2a: Mimikyu|Mimikyu-Busted, M|34/100
|-damage|p2a: Mimikyu|21/100|[from] Stealth Rock
|turn|18
|
|t:|1635895781
|move|p2a: Mimikyu|Shadow Sneak|p1a: Blacephalon
|-supereffective|p1a: Blacephalon
|-damage|p1a: Blacephalon|0 fnt
|faint|p1a: Blacephalon
|-damage|p2a: Mimikyu|11/100|[from] item: Life Orb
|
|win|irgendwasmitmeeem
|raw|LudwigFrog's rating: 1600 &rarr; <strong>1585</strong><br />(-15 for losing)
|raw|irgendwasmitmeeem's rating: 1697 &rarr; <strong>1712</strong><br />(+15 for winning)
|l|☆LudwigFrog
||Ladder isn't responding, score probably updated but might not have (Request timeout).
