|j|☆egalvanc
|j|☆ThedebatableReaper
|t:|1607025482
|player|p1|egalvanc|red|1884
|player|p2|ThedebatableReaper|170|1840
|teamsize|p1|6
|teamsize|p2|6
|gametype|singles
|gen|8
|tier|[Gen 8] OU
|rated|
|clearpoke
|poke|p1|Melmetal|
|poke|p1|Slowking, M|
|poke|p1|Urshifu-*, F|
|poke|p1|Toxapex, M|
|poke|p1|Mandibuzz, F|
|poke|p1|Hippowdon, M|
|poke|p2|Magearna|
|poke|p2|Zapdos-Galar|
|poke|p2|Heatran, M|
|poke|p2|Tapu Fini|
|poke|p2|Kartana|
|poke|p2|Nidoking, M|
|rule|Sleep Clause Mod: Limit one foe put to sleep
|rule|Species Clause: Limit one of each Pokémon
|rule|OHKO Clause: OHKO moves are banned
|rule|Evasion Moves Clause: Evasion moves are banned
|rule|Endless Battle Clause: Forcing endless battles is banned
|rule|HP Percentage Mod: HP is shown in percentages
|rule|Dynamax Clause: You cannot dynamax
|teampreview
|j| TomsAssCancer
|j| dakingrulesz
|j| im back in the 3rd
|j| Bulbatran
|
|t:|1607025545
|start
|switch|p1a: Melmetal|Melmetal|100/100
|switch|p2a: Zapdos|Zapdos-Galar|100/100
|turn|1
|
|t:|1607025550
|switch|p1a: Slowking|Slowking, M|100/100
|move|p2a: Zapdos|Close Combat|p1a: Slowking
|-resisted|p1a: Slowking
|-damage|p1a: Slowking|70/100
|-unboost|p2a: Zapdos|def|1
|-unboost|p2a: Zapdos|spd|1
|
|upkeep
|turn|2
|inactive|Battle timer is ON: inactive players will automatically lose when time's up. (requested by egalvanc)
|
|t:|1607025561
|switch|p2a: Magearna|Magearna|100/100
|move|p1a: Slowking|Future Sight|p2a: Magearna
|-start|p1a: Slowking|move: Future Sight
|
|upkeep
|turn|3
|
|t:|1607025570
|move|p2a: Magearna|Volt Switch|p1a: Slowking
|-supereffective|p1a: Slowking
|-damage|p1a: Slowking|3/100
|
|t:|1607025576
|switch|p2a: Heatran|Heatran, M|100/100|[from]move: Volt Switch
|move|p1a: Slowking|Teleport|p1a: Slowking
|
|t:|1607025579
|switch|p1a: Urshifu|Urshifu, F|100/100|[from]move: Teleport
|
|upkeep
|turn|4
|j| Trailblazer324
|l| Trailblazer324
|
|t:|1607025585
|switch|p2a: Tapu Fini|Tapu Fini|100/100
|-fieldstart|move: Misty Terrain|[from] ability: Misty Surge|[of] p2a: Tapu Fini
|move|p1a: Urshifu|Close Combat|p2a: Tapu Fini
|-resisted|p2a: Tapu Fini
|-damage|p2a: Tapu Fini|69/100
|-unboost|p1a: Urshifu|def|1
|-unboost|p1a: Urshifu|spd|1
|
|-end|p2a: Tapu Fini|move: Future Sight
|-damage|p2a: Tapu Fini|37/100
|-heal|p2a: Tapu Fini|43/100|[from] item: Leftovers
|upkeep
|turn|5
|j| sagdgagsad
|
|t:|1607025599
|switch|p1a: Melmetal|Melmetal|100/100
|switch|p2a: Nidoking|Nidoking, M|100/100
|
|upkeep
|turn|6
|
|t:|1607025606
|switch|p1a: Mandibuzz|Mandibuzz, F|100/100
|move|p2a: Nidoking|Earth Power|p1a: Mandibuzz
|-immune|p1a: Mandibuzz
|
|upkeep
|turn|7
|
|t:|1607025613
|move|p2a: Nidoking|Sludge Wave|p1a: Mandibuzz
|-damage|p1a: Mandibuzz|61/100
|move|p1a: Mandibuzz|Knock Off|p2a: Nidoking
|-crit|p2a: Nidoking
|-damage|p2a: Nidoking|41/100
|-enditem|p2a: Nidoking|Life Orb|[from] move: Knock Off|[of] p1a: Mandibuzz
|
|upkeep
|turn|8
|
|t:|1607025620
|switch|p2a: Zapdos|Zapdos-Galar|100/100
|move|p1a: Mandibuzz|Roost|p1a: Mandibuzz
|-heal|p1a: Mandibuzz|100/100
|-singleturn|p1a: Mandibuzz|move: Roost
|
|-fieldend|Misty Terrain
|upkeep
|turn|9
|j| uknothevibez
|
|t:|1607025631
|switch|p1a: Toxapex|Toxapex, M|100/100
|move|p2a: Zapdos|U-turn|p1a: Toxapex
|-resisted|p1a: Toxapex
|-damage|p1a: Toxapex|88/100
|
|t:|1607025638
|switch|p2a: Magearna|Magearna|100/100|[from]move: U-turn
|
|-heal|p1a: Toxapex|94/100|[from] item: Black Sludge
|upkeep
|turn|10
|l| uknothevibez
|j| HYper (
|j| Briks
|
|t:|1607025649
|move|p2a: Magearna|Fleur Cannon|p1a: Toxapex
|-resisted|p1a: Toxapex
|-damage|p1a: Toxapex|61/100
|-unboost|p2a: Magearna|spa|2
|move|p1a: Toxapex|Scald|p2a: Magearna
|-damage|p2a: Magearna|83/100
|
|-heal|p1a: Toxapex|67/100|[from] item: Black Sludge
|upkeep
|turn|11
|
|t:|1607025660
|switch|p2a: Heatran|Heatran, M|100/100
|move|p1a: Toxapex|Scald|p2a: Heatran
|-supereffective|p2a: Heatran
|-damage|p2a: Heatran|77/100
|
|-heal|p2a: Heatran|83/100|[from] item: Leftovers
|-heal|p1a: Toxapex|72/100|[from] item: Black Sludge
|upkeep
|turn|12
|
|t:|1607025668
|switch|p1a: Hippowdon|Hippowdon, M|100/100
|-weather|Sandstorm|[from] ability: Sand Stream|[of] p1a: Hippowdon
|move|p2a: Heatran|Magma Storm|p1a: Hippowdon
|-damage|p1a: Hippowdon|67/100
|-activate|p1a: Hippowdon|move: Magma Storm|[of] p2a: Heatran
|
|-weather|Sandstorm|[upkeep]
|-heal|p2a: Heatran|90/100|[from] item: Leftovers
|-heal|p1a: Hippowdon|74/100|[from] item: Leftovers
|-damage|p1a: Hippowdon|61/100|[from] move: Magma Storm|[partiallytrapped]
|upkeep
|turn|13
|
|t:|1607025679
|switch|p2a: Zapdos|Zapdos-Galar|100/100
|move|p1a: Hippowdon|Stealth Rock|p2a: Zapdos
|-sidestart|p2: ThedebatableReaper|move: Stealth Rock
|
|-weather|Sandstorm|[upkeep]
|-damage|p2a: Zapdos|94/100|[from] Sandstorm
|-heal|p1a: Hippowdon|67/100|[from] item: Leftovers
|-end|p1a: Hippowdon|Magma Storm|[partiallytrapped]|[silent]
|upkeep
|turn|14
|
|t:|1607025687
|switch|p1a: Toxapex|Toxapex, M|100/100
|move|p2a: Zapdos|Brave Bird|p1a: Toxapex
|-damage|p1a: Toxapex|29/100
|-damage|p2a: Zapdos|72/100|[from] Recoil
|
|-weather|Sandstorm|[upkeep]
|-damage|p2a: Zapdos|66/100|[from] Sandstorm
|-damage|p1a: Toxapex|23/100|[from] Sandstorm
|-heal|p1a: Toxapex|29/100|[from] item: Black Sludge
|upkeep
|turn|15
|
|t:|1607025697
|switch|p2a: Heatran|Heatran, M|90/100
|-damage|p2a: Heatran|77/100|[from] Stealth Rock
|switch|p1a: Melmetal|Melmetal|100/100
|
|-weather|Sandstorm|[upkeep]
|-heal|p2a: Heatran|83/100|[from] item: Leftovers
|upkeep
|turn|16
|j| RNG Jutsu
|
|t:|1607025705
|move|p2a: Heatran|Magma Storm|p1a: Melmetal
|-supereffective|p1a: Melmetal
|-damage|p1a: Melmetal|36/100
|-activate|p1a: Melmetal|move: Magma Storm|[of] p2a: Heatran
|move|p1a: Melmetal|Earthquake|p2a: Heatran
|-supereffective|p2a: Heatran
|-damage|p2a: Heatran|0 fnt
|faint|p2a: Heatran
|
|-weather|none
|-heal|p1a: Melmetal|42/100|[from] item: Leftovers
|-end|p1a: Melmetal|Magma Storm|[partiallytrapped]|[silent]
|upkeep
|j| LT73IU slainey
|
|t:|1607025721
|switch|p2a: Nidoking|Nidoking, M|41/100
|-damage|p2a: Nidoking|35/100|[from] Stealth Rock
|turn|17
|j| Dylanronpa
|j| corumba
|j| IronsideF
|
|t:|1607025727
|switch|p1a: Mandibuzz|Mandibuzz, F|100/100
|move|p2a: Nidoking|Flamethrower|p1a: Mandibuzz
|-damage|p1a: Mandibuzz|79/100
|
|upkeep
|turn|18
|j| Acrisombic
|
|t:|1607025733
|switch|p2a: Tapu Fini|Tapu Fini|43/100
|-damage|p2a: Tapu Fini|30/100|[from] Stealth Rock
|-fieldstart|move: Misty Terrain|[from] ability: Misty Surge|[of] p2a: Tapu Fini
|move|p1a: Mandibuzz|Roost|p1a: Mandibuzz
|-heal|p1a: Mandibuzz|100/100
|-singleturn|p1a: Mandibuzz|move: Roost
|
|-heal|p2a: Tapu Fini|37/100|[from] item: Leftovers
|upkeep
|turn|19
|
|t:|1607025743
|switch|p1a: Melmetal|Melmetal|42/100
|move|p2a: Tapu Fini|Defog|p1a: Melmetal
|-unboost|p1a: Melmetal|evasion|1
|-sideend|p2: ThedebatableReaper|Stealth Rock|[from] move: Defog|[of] p2a: Tapu Fini
|-fieldend|Misty Terrain
|
|-heal|p2a: Tapu Fini|43/100|[from] item: Leftovers
|-heal|p1a: Melmetal|48/100|[from] item: Leftovers
|upkeep
|turn|20
|
|t:|1607025751
|move|p2a: Tapu Fini|Scald|p1a: Melmetal
|-damage|p1a: Melmetal|27/100
|move|p1a: Melmetal|Double Iron Bash|p2a: Tapu Fini
|-damage|p2a: Tapu Fini|15/100
|-damage|p2a: Tapu Fini|0 fnt
|-hitcount|p2a: Tapu Fini|2
|faint|p2a: Tapu Fini
|
|-heal|p1a: Melmetal|33/100|[from] item: Leftovers
|upkeep
|l| Acrisombic
|
|t:|1607025760
|switch|p2a: Magearna|Magearna|83/100
|turn|21
|
|t:|1607025789
|move|p1a: Melmetal|Protect|p1a: Melmetal
|-singleturn|p1a: Melmetal|Protect
|move|p2a: Magearna|Volt Switch|p1a: Melmetal
|-activate|p1a: Melmetal|move: Protect
|
|-heal|p1a: Melmetal|39/100|[from] item: Leftovers
|upkeep
|turn|22
|
|t:|1607025797
|move|p2a: Magearna|Volt Switch|p1a: Melmetal
|-damage|p1a: Melmetal|6/100
|
|t:|1607025800
|switch|p2a: Kartana|Kartana|100/100|[from]move: Volt Switch
|move|p1a: Melmetal|Double Iron Bash|p2a: Kartana
|-resisted|p2a: Kartana
|-damage|p2a: Kartana|80/100
|-resisted|p2a: Kartana
|-damage|p2a: Kartana|60/100
|-hitcount|p2a: Kartana|2
|
|-heal|p1a: Melmetal|12/100|[from] item: Leftovers
|upkeep
|turn|23
|j| sadasdopispo
|
|t:|1607025810
|move|p1a: Melmetal|Protect|p1a: Melmetal
|-singleturn|p1a: Melmetal|Protect
|move|p2a: Kartana|Smart Strike|p1a: Melmetal
|-activate|p1a: Melmetal|move: Protect
|
|-heal|p1a: Melmetal|18/100|[from] item: Leftovers
|upkeep
|turn|24
|j| fatpat210
|
|t:|1607025827
|switch|p1a: Toxapex|Toxapex, M|62/100
|move|p2a: Kartana|Smart Strike|p1a: Toxapex
|-resisted|p1a: Toxapex
|-damage|p1a: Toxapex|44/100
|
|-heal|p1a: Toxapex|50/100|[from] item: Black Sludge
|upkeep
|turn|25
|
|t:|1607025835
|switch|p2a: Magearna|Magearna|83/100
|move|p1a: Toxapex|Recover|p1a: Toxapex
|-heal|p1a: Toxapex|100/100
|
|upkeep
|turn|26
|c| fatpat210|oof
|j| mncmt
|
|t:|1607025841
|switch|p1a: Hippowdon|Hippowdon, M|67/100
|-weather|Sandstorm|[from] ability: Sand Stream|[of] p1a: Hippowdon
|move|p2a: Magearna|Volt Switch|p1a: Hippowdon
|-immune|p1a: Hippowdon
|
|-weather|Sandstorm|[upkeep]
|-heal|p1a: Hippowdon|74/100|[from] item: Leftovers
|upkeep
|turn|27
|-message|ThedebatableReaper forfeited.
|
|win|egalvanc
|l|☆ThedebatableReaper
|l| im back in the 3rd
|l| mncmt
|c| fatpat210|no stall breaker rip
|c|☆egalvanc|gg
|l| fatpat210
|l| dakingrulesz
|j| jounos
||Ladder (probably) updated, but score could not be retrieved (Request timeout).
