|j|☆Copland
|j|☆TehranTyphlosions
|t:|1668054619
|gametype|singles
|player|p1|Copland|guitarist|1632
|player|p2|TehranTyphlosions|clair|1756
|teamsize|p1|6
|teamsize|p2|6
|gen|8
|tier|[Gen 8] OU
|rated|
|rule|Sleep Clause Mod: Limit one foe put to sleep
|rule|Species Clause: Limit one of each Pokémon
|rule|OHKO Clause: OHKO moves are banned
|rule|Evasion Items Clause: Evasion items are banned
|rule|Evasion Moves Clause: Evasion moves are banned
|rule|Endless Battle Clause: Forcing endless battles is banned
|rule|HP Percentage Mod: HP is shown in percentages
|rule|Dynamax Clause: You cannot dynamax
|clearpoke
|poke|p1|Tornadus-Therian, M|
|poke|p1|Tapu Lele|
|poke|p1|Buzzwole|
|poke|p1|Aegislash, F|
|poke|p1|Tyranitar, M|
|poke|p1|Gastrodon, M|
|poke|p2|Mamoswine, M|
|poke|p2|Volcarona, F|
|poke|p2|Rillaboom, M|
|poke|p2|Bisharp, F|
|poke|p2|Dragapult, F|
|poke|p2|Melmetal|
|teampreview
|inactive|Battle timer is ON: inactive players will automatically lose when time's up. (requested by TehranTyphlosions)
|
|t:|1668054662
|start
|switch|p1a: Gastrodon|Gastrodon, M|100/100
|switch|p2a: Mamoswine|Mamoswine, M|100/100
|turn|1
|
|t:|1668054665
|move|p2a: Mamoswine|Stealth Rock|p1a: Gastrodon
|-sidestart|p1: Copland|move: Stealth Rock
|move|p1a: Gastrodon|Scald|p2a: Mamoswine
|-supereffective|p2a: Mamoswine
|-damage|p2a: Mamoswine|31/100
|
|upkeep
|turn|2
|
|t:|1668054669
|move|p2a: Mamoswine|Endeavor|p1a: Gastrodon
|-damage|p1a: Gastrodon|26/100
|move|p1a: Gastrodon|Scald|p2a: Mamoswine
|-supereffective|p2a: Mamoswine
|-damage|p2a: Mamoswine|0 fnt
|faint|p2a: Mamoswine
|
|upkeep
|
|t:|1668054671
|switch|p2a: Volcarona|Volcarona, F|100/100
|turn|3
|
|t:|1668054675
|switch|p1a: Tyranitar|Tyranitar, M|100/100
|-weather|Sandstorm|[from] ability: Sand Stream|[of] p1a: Tyranitar
|move|p2a: Volcarona|Bug Buzz|p1a: Tyranitar
|-supereffective|p1a: Tyranitar
|-damage|p1a: Tyranitar|63/100
|
|-weather|Sandstorm|[upkeep]
|-damage|p2a: Volcarona|94/100|[from] Sandstorm
|upkeep
|turn|4
|
|t:|1668054681
|switch|p2a: Bisharp|Bisharp, F|100/100
|move|p1a: Tyranitar|Stealth Rock|p2a: Bisharp
|-sidestart|p2: TehranTyphlosions|move: Stealth Rock
|
|-weather|Sandstorm|[upkeep]
|upkeep
|turn|5
|
|t:|1668054684
|switch|p1a: Buzzwole|Buzzwole|100/100
|-damage|p1a: Buzzwole|88/100|[from] Stealth Rock
|move|p2a: Bisharp|Iron Head|p1a: Buzzwole
|-damage|p1a: Buzzwole|66/100
|-damage|p2a: Bisharp|84/100|[from] item: Rocky Helmet|[of] p1a: Buzzwole
|
|-weather|Sandstorm|[upkeep]
|-damage|p1a: Buzzwole|60/100|[from] Sandstorm
|upkeep
|turn|6
|
|t:|1668054691
|move|p2a: Bisharp|Knock Off|p1a: Buzzwole
|-resisted|p1a: Buzzwole
|-damage|p1a: Buzzwole|43/100
|-damage|p2a: Bisharp|67/100|[from] item: Rocky Helmet|[of] p1a: Buzzwole
|-enditem|p1a: Buzzwole|Rocky Helmet|[from] move: Knock Off|[of] p2a: Bisharp
|move|p1a: Buzzwole|Roost|p1a: Buzzwole
|-heal|p1a: Buzzwole|93/100
|-singleturn|p1a: Buzzwole|move: Roost
|
|-weather|Sandstorm|[upkeep]
|-damage|p1a: Buzzwole|87/100|[from] Sandstorm
|upkeep
|turn|7
|
|t:|1668054698
|switch|p2a: Volcarona|Volcarona, F|94/100
|move|p1a: Buzzwole|Toxic|p2a: Volcarona
|-status|p2a: Volcarona|tox
|
|-weather|none
|-damage|p2a: Volcarona|88/100 tox|[from] psn
|upkeep
|turn|8
|
|t:|1668054706
|switch|p1a: Tornadus|Tornadus-Therian, M|100/100
|move|p2a: Volcarona|Quiver Dance|p2a: Volcarona
|-boost|p2a: Volcarona|spa|1
|-boost|p2a: Volcarona|spd|1
|-boost|p2a: Volcarona|spe|1
|
|-damage|p2a: Volcarona|76/100 tox|[from] psn
|upkeep
|turn|9
|
|t:|1668054714
|move|p2a: Volcarona|Flamethrower|p1a: Tornadus
|-damage|p1a: Tornadus|28/100
|move|p1a: Tornadus|U-turn|p2a: Volcarona
|-resisted|p2a: Volcarona
|-damage|p2a: Volcarona|65/100 tox
|
|t:|1668054719
|switch|p1a: Tyranitar|Tyranitar, M|63/100|[from]move: U-turn
|-weather|Sandstorm|[from] ability: Sand Stream|[of] p1a: Tyranitar
|
|-weather|Sandstorm|[upkeep]
|-damage|p2a: Volcarona|59/100 tox|[from] Sandstorm
|-damage|p2a: Volcarona|41/100 tox|[from] psn
|upkeep
|turn|10
|
|t:|1668054728
|switch|p1a: Gastrodon|Gastrodon, M|26/100
|move|p2a: Volcarona|Bug Buzz|p1a: Gastrodon
|-damage|p1a: Gastrodon|0 fnt
|faint|p1a: Gastrodon
|
|-weather|Sandstorm|[upkeep]
|-damage|p2a: Volcarona|35/100 tox|[from] Sandstorm
|-damage|p2a: Volcarona|10/100 tox|[from] psn
|upkeep
|
|t:|1668054733
|switch|p1a: Aegislash|Aegislash, F|100/100
|-damage|p1a: Aegislash|94/100|[from] Stealth Rock
|turn|11
|
|t:|1668054735
|move|p1a: Aegislash|King's Shield|p1a: Aegislash
|-singleturn|p1a: Aegislash|Protect
|move|p2a: Volcarona|Flamethrower|p1a: Aegislash
|-activate|p1a: Aegislash|move: Protect
|
|-weather|Sandstorm|[upkeep]
|-damage|p2a: Volcarona|4/100 tox|[from] Sandstorm
|-heal|p1a: Aegislash|100/100|[from] item: Leftovers
|-damage|p2a: Volcarona|0 fnt|[from] psn
|faint|p2a: Volcarona
|upkeep
|
|t:|1668054737
|switch|p2a: Bisharp|Bisharp, F|67/100
|-damage|p2a: Bisharp|61/100|[from] Stealth Rock
|turn|12
|
|t:|1668054744
|switch|p2a: Dragapult|Dragapult, F|100/100
|-damage|p2a: Dragapult|88/100|[from] Stealth Rock
|-formechange|p1a: Aegislash|Aegislash-Blade||[from] ability: Stance Change
|move|p1a: Aegislash|Close Combat|p2a: Dragapult
|-immune|p2a: Dragapult
|
|-weather|Sandstorm|[upkeep]
|-damage|p2a: Dragapult|82/100|[from] Sandstorm
|upkeep
|turn|13
|
|t:|1668054752
|move|p2a: Dragapult|Fire Blast|p1a: Aegislash
|-supereffective|p1a: Aegislash
|-damage|p1a: Aegislash|22/100
|-damage|p2a: Dragapult|72/100|[from] item: Life Orb
|move|p1a: Aegislash|Shadow Ball|p2a: Dragapult
|-supereffective|p2a: Dragapult
|-damage|p2a: Dragapult|0 fnt
|faint|p2a: Dragapult
|
|-weather|none
|-heal|p1a: Aegislash|28/100|[from] item: Leftovers
|upkeep
|
|t:|1668054756
|switch|p2a: Rillaboom|Rillaboom, M|100/100
|-damage|p2a: Rillaboom|88/100|[from] Stealth Rock
|-fieldstart|move: Grassy Terrain|[from] ability: Grassy Surge|[of] p2a: Rillaboom
|turn|14
|
|t:|1668054766
|move|p2a: Rillaboom|Swords Dance|p2a: Rillaboom
|-boost|p2a: Rillaboom|atk|2
|move|p1a: Aegislash|Shadow Ball|p2a: Rillaboom
|-damage|p2a: Rillaboom|38/100
|
|-heal|p2a: Rillaboom|44/100|[from] Grassy Terrain
|-heal|p1a: Aegislash|34/100|[from] Grassy Terrain
|-heal|p1a: Aegislash|40/100|[from] item: Leftovers
|upkeep
|turn|15
|
|t:|1668054768
|move|p2a: Rillaboom|Grassy Glide|p1a: Aegislash
|-resisted|p1a: Aegislash
|-damage|p1a: Aegislash|0 fnt
|faint|p1a: Aegislash
|-damage|p2a: Rillaboom|34/100|[from] item: Life Orb
|
|-heal|p2a: Rillaboom|40/100|[from] Grassy Terrain
|upkeep
|
|t:|1668054771
|switch|p1a: Tapu Lele|Tapu Lele|100/100
|-damage|p1a: Tapu Lele|88/100|[from] Stealth Rock
|-fieldstart|move: Psychic Terrain|[from] ability: Psychic Surge|[of] p1a: Tapu Lele
|turn|16
|
|t:|1668054775
|switch|p2a: Melmetal|Melmetal|100/100
|-damage|p2a: Melmetal|94/100|[from] Stealth Rock
|move|p1a: Tapu Lele|Moonblast|p2a: Melmetal
|-resisted|p2a: Melmetal
|-damage|p2a: Melmetal|67/100
|-unboost|p2a: Melmetal|spa|1
|
|upkeep
|turn|17
|
|t:|1668054782
|switch|p1a: Buzzwole|Buzzwole|87/100
|-damage|p1a: Buzzwole|74/100|[from] Stealth Rock
|move|p2a: Melmetal|Double Iron Bash|p1a: Buzzwole
|-damage|p1a: Buzzwole|55/100
|-damage|p1a: Buzzwole|33/100
|-hitcount|p1a: Buzzwole|2
|
|upkeep
|turn|18
|
|t:|1668054786
|move|p1a: Buzzwole|Roost|p1a: Buzzwole
|-heal|p1a: Buzzwole|83/100
|-singleturn|p1a: Buzzwole|move: Roost
|move|p2a: Melmetal|Double Iron Bash|p1a: Buzzwole
|-damage|p1a: Buzzwole|62/100
|-damage|p1a: Buzzwole|42/100
|-hitcount|p1a: Buzzwole|2
|
|upkeep
|turn|19
|
|t:|1668054789
|move|p1a: Buzzwole|Roost|p1a: Buzzwole
|-heal|p1a: Buzzwole|92/100
|-singleturn|p1a: Buzzwole|move: Roost
|move|p2a: Melmetal|Double Iron Bash|p1a: Buzzwole
|-damage|p1a: Buzzwole|72/100
|-damage|p1a: Buzzwole|51/100
|-hitcount|p1a: Buzzwole|2
|
|upkeep
|turn|20
|
|t:|1668054798
|move|p1a: Buzzwole|Roost|p1a: Buzzwole
|-heal|p1a: Buzzwole|100/100
|-singleturn|p1a: Buzzwole|move: Roost
|move|p2a: Melmetal|Ice Punch|p1a: Buzzwole
|-damage|p1a: Buzzwole|84/100
|
|-fieldend|move: Psychic Terrain
|upkeep
|turn|21
|
|t:|1668054806
|switch|p2a: Rillaboom|Rillaboom, M|40/100
|-damage|p2a: Rillaboom|28/100|[from] Stealth Rock
|-fieldstart|move: Grassy Terrain|[from] ability: Grassy Surge|[of] p2a: Rillaboom
|move|p1a: Buzzwole|Close Combat|p2a: Rillaboom
|-damage|p2a: Rillaboom|0 fnt
|-unboost|p1a: Buzzwole|def|1
|-unboost|p1a: Buzzwole|spd|1
|faint|p2a: Rillaboom
|-ability|p1a: Buzzwole|Beast Boost|boost
|-boost|p1a: Buzzwole|def|1
|
|-heal|p1a: Buzzwole|90/100|[from] Grassy Terrain
|upkeep
|
|t:|1668054809
|switch|p2a: Bisharp|Bisharp, F|61/100
|-damage|p2a: Bisharp|55/100|[from] Stealth Rock
|turn|22
|
|t:|1668054812
|move|p2a: Bisharp|Iron Head|p1a: Buzzwole
|-damage|p1a: Buzzwole|68/100
|move|p1a: Buzzwole|Close Combat|p2a: Bisharp
|-supereffective|p2a: Bisharp
|-damage|p2a: Bisharp|0 fnt
|-unboost|p1a: Buzzwole|def|1
|-unboost|p1a: Buzzwole|spd|1
|faint|p2a: Bisharp
|-ability|p1a: Buzzwole|Beast Boost|boost
|-boost|p1a: Buzzwole|def|1
|
|-heal|p1a: Buzzwole|74/100|[from] Grassy Terrain
|upkeep
|
|t:|1668054814
|switch|p2a: Melmetal|Melmetal|67/100
|-damage|p2a: Melmetal|61/100|[from] Stealth Rock
|turn|23
|
|t:|1668054816
|move|p1a: Buzzwole|Close Combat|p2a: Melmetal
|-supereffective|p2a: Melmetal
|-damage|p2a: Melmetal|0 fnt
|-unboost|p1a: Buzzwole|def|1
|-unboost|p1a: Buzzwole|spd|1
|faint|p2a: Melmetal
|
|win|Copland
|raw|Copland's rating: 1632 &rarr; <strong>1659</strong><br />(+27 for winning)
|raw|TehranTyphlosions's rating: 1756 &rarr; <strong>1729</strong><br />(-27 for losing)
|c|☆TehranTyphlosions|gg
|c|☆Copland|gg
|l|☆TehranTyphlosions
