|j|☆Shotintheheart
|j|☆LT94JE Allistair
|t:|1664372016
|gametype|singles
|player|p1|Shotintheheart|linebacker|1813
|player|p2|LT94JE Allistair|101|1827
|teamsize|p1|6
|teamsize|p2|6
|gen|8
|tier|[Gen 8] OU
|rated|
|rule|Sleep Clause Mod: Limit one foe put to sleep
|rule|Species Clause: Limit one of each Pokémon
|rule|OHKO Clause: OHKO moves are banned
|rule|Evasion Items Clause: Evasion items are banned
|rule|Evasion Moves Clause: Evasion moves are banned
|rule|Endless Battle Clause: Forcing endless battles is banned
|rule|HP Percentage Mod: HP is shown in percentages
|rule|Dynamax Clause: You cannot dynamax
|clearpoke
|poke|p1|Rillaboom, F|
|poke|p1|Zapdos|
|poke|p1|Obstagoon, F|
|poke|p1|Heatran, M|
|poke|p1|Tapu Fini|
|poke|p1|Swampert, M|
|poke|p2|Mew|
|poke|p2|Slurpuff, F|
|poke|p2|Jirachi|
|poke|p2|Vanilluxe, F|
|poke|p2|Weavile, M|
|poke|p2|Keldeo-Resolute|
|teampreview
|
|t:|1664372034
|start
|switch|p1a: Rillaboom|Rillaboom, F|100/100
|switch|p2a: Slurpuff|Slurpuff, F|100/100
|-fieldstart|move: Grassy Terrain|[from] ability: Grassy Surge|[of] p1a: Rillaboom
|turn|1
|j| ayayalaptop
|
|t:|1664372044
|move|p1a: Rillaboom|Grassy Glide|p2a: Slurpuff
|-damage|p2a: Slurpuff|31/100
|move|p2a: Slurpuff|Sticky Web|p1a: Rillaboom
|-sidestart|p1: Shotintheheart|move: Sticky Web
|
|-heal|p2a: Slurpuff|37/100|[from] Grassy Terrain
|upkeep
|turn|2
|
|t:|1664372051
|move|p1a: Rillaboom|Grassy Glide|p2a: Slurpuff
|-damage|p2a: Slurpuff|0 fnt
|faint|p2a: Slurpuff
|
|upkeep
|
|t:|1664372053
|switch|p2a: Weavile|Weavile, M|100/100
|-ability|p2a: Weavile|Pressure
|turn|3
|
|t:|1664372062
|move|p1a: Rillaboom|Grassy Glide|p2a: Weavile
|-enditem|p2a: Weavile|Focus Sash
|-damage|p2a: Weavile|1/100
|move|p2a: Weavile|Knock Off|p1a: Rillaboom
|-damage|p1a: Rillaboom|42/100
|-enditem|p1a: Rillaboom|Choice Band|[from] move: Knock Off|[of] p2a: Weavile
|
|-heal|p2a: Weavile|7/100|[from] Grassy Terrain
|-heal|p1a: Rillaboom|48/100|[from] Grassy Terrain
|upkeep
|turn|4
|j| Commando 55
|
|t:|1664372076
|move|p2a: Weavile|Ice Shard|p1a: Rillaboom
|-supereffective|p1a: Rillaboom
|-damage|p1a: Rillaboom|1/100
|move|p1a: Rillaboom|Grassy Glide|p2a: Weavile
|-damage|p2a: Weavile|0 fnt
|faint|p2a: Weavile
|
|-heal|p1a: Rillaboom|7/100|[from] Grassy Terrain
|upkeep
|
|t:|1664372079
|switch|p2a: Vanilluxe|Vanilluxe, F|100/100
|-weather|Hail|[from] ability: Snow Warning|[of] p2a: Vanilluxe
|turn|5
|
|t:|1664372089
|move|p1a: Rillaboom|Grassy Glide|p2a: Vanilluxe
|-damage|p2a: Vanilluxe|25/100
|move|p2a: Vanilluxe|Aurora Veil|p2a: Vanilluxe
|-sidestart|p2: LT94JE Allistair|move: Aurora Veil
|
|-weather|Hail|[upkeep]
|-damage|p1a: Rillaboom|1/100|[from] Hail
|-heal|p2a: Vanilluxe|31/100|[from] Grassy Terrain
|-heal|p1a: Rillaboom|7/100|[from] Grassy Terrain
|-fieldend|move: Grassy Terrain
|upkeep
|turn|6
|
|t:|1664372102
|move|p2a: Vanilluxe|Taunt|p1a: Rillaboom
|-start|p1a: Rillaboom|move: Taunt
|move|p1a: Rillaboom|U-turn|p2a: Vanilluxe
|-damage|p2a: Vanilluxe|12/100
|
|t:|1664372125
|switch|p1a: Swampert|Swampert, M|100/100|[from]move: U-turn
|-activate|p1a: Swampert|move: Sticky Web
|-unboost|p1a: Swampert|spe|1
|
|-weather|Hail|[upkeep]
|-damage|p1a: Swampert|94/100|[from] Hail
|-heal|p1a: Swampert|100/100|[from] item: Leftovers
|upkeep
|turn|7
|
|t:|1664372129
|move|p2a: Vanilluxe|Taunt|p1a: Swampert
|-start|p1a: Swampert|move: Taunt
|move|p1a: Swampert|Flip Turn|p2a: Vanilluxe
|-damage|p2a: Vanilluxe|0 fnt
|faint|p2a: Vanilluxe
|
|t:|1664372146
|switch|p1a: Zapdos|Zapdos, shiny|100/100|[from]move: Flip Turn
|
|-weather|Hail|[upkeep]
|-damage|p1a: Zapdos|94/100|[from] Hail
|upkeep
|
|t:|1664372148
|switch|p2a: Mew|Mew|100/100
|turn|8
|
|t:|1664372152
|move|p2a: Mew|Taunt|p1a: Zapdos
|-start|p1a: Zapdos|move: Taunt
|move|p1a: Zapdos|Volt Switch|p2a: Mew
|-damage|p2a: Mew|88/100
|
|t:|1664372163
|switch|p1a: Swampert|Swampert, M|100/100|[from]move: Volt Switch
|-activate|p1a: Swampert|move: Sticky Web
|-unboost|p1a: Swampert|spe|1
|
|-weather|Hail|[upkeep]
|-damage|p2a: Mew|82/100|[from] Hail
|-damage|p1a: Swampert|94/100|[from] Hail
|-heal|p1a: Swampert|100/100|[from] item: Leftovers
|upkeep
|turn|9
|
|t:|1664372177
|move|p2a: Mew|Taunt|p1a: Swampert
|-start|p1a: Swampert|move: Taunt
|move|p1a: Swampert|Flip Turn|p2a: Mew
|-damage|p2a: Mew|71/100
|
|t:|1664372185
|switch|p1a: Zapdos|Zapdos, shiny|94/100|[from]move: Flip Turn
|
|-weather|none
|upkeep
|turn|10
|j| LT94JE Starmind
|
|t:|1664372193
|move|p2a: Mew|Cosmic Power|p2a: Mew
|-boost|p2a: Mew|def|1
|-boost|p2a: Mew|spd|1
|move|p1a: Zapdos|Defog|p2a: Mew
|-unboost|p2a: Mew|evasion|1
|-sideend|p2: LT94JE Allistair|move: Aurora Veil
|-sideend|p1: Shotintheheart|Sticky Web|[from] move: Defog|[of] p1a: Zapdos
|
|upkeep
|turn|11
|
|t:|1664372200
|move|p2a: Mew|Cosmic Power|p2a: Mew
|-boost|p2a: Mew|def|1
|-boost|p2a: Mew|spd|1
|move|p1a: Zapdos|Volt Switch|p2a: Mew
|-damage|p2a: Mew|57/100
|
|t:|1664372206
|switch|p1a: Heatran|Heatran, M|100/100|[from]move: Volt Switch
|
|upkeep
|turn|12
|
|t:|1664372210
|move|p1a: Heatran|Toxic|p2a: Mew
|-status|p2a: Mew|tox
|-activate|p2a: Mew|ability: Synchronize
|-immune|p1a: Heatran
|move|p2a: Mew|Taunt|p1a: Heatran
|-start|p1a: Heatran|move: Taunt
|
|-damage|p2a: Mew|51/100 tox|[from] psn
|upkeep
|turn|13
|c|☆LT94JE Allistair|lmao
|c|☆Shotintheheart|knew that would come in handy
|c|☆Shotintheheart|:)
|
|t:|1664372251
|switch|p1a: Rillaboom|Rillaboom, F|7/100
|-fieldstart|move: Grassy Terrain|[from] ability: Grassy Surge|[of] p1a: Rillaboom
|move|p2a: Mew|Roost|p2a: Mew
|-heal|p2a: Mew|100/100 tox
|-singleturn|p2a: Mew|move: Roost
|
|-heal|p1a: Rillaboom|13/100|[from] Grassy Terrain
|-damage|p2a: Mew|88/100 tox|[from] psn
|upkeep
|turn|14
|
|t:|1664372257
|switch|p1a: Obstagoon|Obstagoon, F|100/100
|move|p2a: Mew|Stored Power|p1a: Obstagoon
|-immune|p1a: Obstagoon
|
|-heal|p2a: Mew|94/100 tox|[from] Grassy Terrain
|-damage|p2a: Mew|76/100 tox|[from] psn
|-status|p1a: Obstagoon|brn|[from] item: Flame Orb
|upkeep
|turn|15
|
|t:|1664372271
|move|p2a: Mew|Taunt|p1a: Obstagoon
|-start|p1a: Obstagoon|move: Taunt
|cant|p1a: Obstagoon|move: Taunt|Switcheroo
|
|-heal|p2a: Mew|82/100 tox|[from] Grassy Terrain
|-damage|p2a: Mew|57/100 tox|[from] psn
|-damage|p1a: Obstagoon|95/100 brn|[from] brn
|upkeep
|turn|16
|
|t:|1664372275
|move|p2a: Mew|Stored Power|p1a: Obstagoon
|-immune|p1a: Obstagoon
|move|p1a: Obstagoon|Facade|p2a: Mew
|-damage|p2a: Mew|20/100 tox
|
|-heal|p2a: Mew|26/100 tox|[from] Grassy Terrain
|-heal|p1a: Obstagoon|100/100 brn|[from] Grassy Terrain
|-damage|p2a: Mew|0 fnt|[from] psn
|faint|p2a: Mew
|-damage|p1a: Obstagoon|95/100 brn|[from] brn
|upkeep
|
|t:|1664372278
|switch|p2a: Jirachi|Jirachi|100/100
|turn|17
|
|t:|1664372325
|switch|p1a: Heatran|Heatran, M|100/100
|move|p2a: Jirachi|Cosmic Power|p2a: Jirachi
|-boost|p2a: Jirachi|def|1
|-boost|p2a: Jirachi|spd|1
|
|-fieldend|move: Grassy Terrain
|upkeep
|turn|18
|
|t:|1664372360
|move|p1a: Heatran|Eruption|p2a: Jirachi
|-supereffective|p2a: Jirachi
|-damage|p2a: Jirachi|5/100
|-enditem|p2a: Jirachi|Weakness Policy
|-boost|p2a: Jirachi|atk|2|[from] item: Weakness Policy
|-boost|p2a: Jirachi|spa|2|[from] item: Weakness Policy
|move|p2a: Jirachi|Aura Sphere|p1a: Heatran
|-supereffective|p1a: Heatran
|-damage|p1a: Heatran|22/100
|
|upkeep
|turn|19
|
|t:|1664372377
|switch|p2a: Keldeo|Keldeo-Resolute|100/100
|move|p1a: Heatran|Eruption|p2a: Keldeo
|-resisted|p2a: Keldeo
|-damage|p2a: Keldeo|90/100
|
|upkeep
|turn|20
|
|t:|1664372385
|switch|p1a: Zapdos|Zapdos, shiny|94/100
|move|p2a: Keldeo|Calm Mind|p2a: Keldeo
|-boost|p2a: Keldeo|spa|1
|-boost|p2a: Keldeo|spd|1
|
|upkeep
|turn|21
|
|t:|1664372393
|move|p2a: Keldeo|Calm Mind|p2a: Keldeo
|-boost|p2a: Keldeo|spa|1
|-boost|p2a: Keldeo|spd|1
|move|p1a: Zapdos|Volt Switch|p2a: Keldeo
|-supereffective|p2a: Keldeo
|-damage|p2a: Keldeo|55/100
|-enditem|p2a: Keldeo|Weakness Policy
|-boost|p2a: Keldeo|atk|2|[from] item: Weakness Policy
|-boost|p2a: Keldeo|spa|2|[from] item: Weakness Policy
|
|t:|1664372400
|switch|p1a: Rillaboom|Rillaboom, F|13/100|[from]move: Volt Switch
|-fieldstart|move: Grassy Terrain|[from] ability: Grassy Surge|[of] p1a: Rillaboom
|
|-heal|p2a: Keldeo|61/100|[from] Grassy Terrain
|-heal|p1a: Rillaboom|20/100|[from] Grassy Terrain
|upkeep
|turn|22
|
|t:|1664372403
|move|p1a: Rillaboom|Grassy Glide|p2a: Keldeo
|-supereffective|p2a: Keldeo
|-damage|p2a: Keldeo|0 fnt
|faint|p2a: Keldeo
|
|-heal|p1a: Rillaboom|26/100|[from] Grassy Terrain
|upkeep
|l| Commando 55
|-message|LT94JE Allistair forfeited.
|
|win|Shotintheheart
|raw|Shotintheheart's rating: 1813 &rarr; <strong>1834</strong><br />(+21 for winning)
|raw|LT94JE Allistair's rating: 1827 &rarr; <strong>1806</strong><br />(-21 for losing)
|j| Loijman
|l|☆LT94JE Allistair
|c|☆Shotintheheart|gg
|l| LT94JE Starmind
|l| ayayalaptop
||Ladder isn't responding, score probably updated but might not have (Request timeout).
