|j|☆PokeDa
|j|☆perfecto123
|player|p1|PokeDa|wallace|1361
|player|p2|perfecto123|cyrus|1342
|teamsize|p1|6
|teamsize|p2|6
|gametype|singles
|gen|8
|tier|[Gen 8] OU
|rated|
|rule|Sleep Clause Mod: Limit one foe put to sleep
|rule|Species Clause: Limit one of each Pokémon
|rule|OHKO Clause: OHKO moves are banned
|rule|Evasion Moves Clause: Evasion moves are banned
|rule|Endless Battle Clause: Forcing endless battles is banned
|rule|HP Percentage Mod: HP is shown in percentages
|clearpoke
|poke|p1|Pelipper, F|
|poke|p1|Seismitoad, F|
|poke|p1|Ludicolo, F|
|poke|p1|Crawdaunt, F|
|poke|p1|Gyarados, F|
|poke|p1|Cinderace, F|
|poke|p2|Galvantula, F|
|poke|p2|Gengar, M|
|poke|p2|Kommo-o, M|
|poke|p2|Seismitoad, M|
|poke|p2|Hydreigon, F|
|poke|p2|Grimmsnarl, M|
|rule|Dynamax Clause: You cannot dynamax
|teampreview
|inactive|Battle timer is ON: inactive players will automatically lose when time's up. (requested by perfecto123)
|
|start
|switch|p1a: Pelipper|Pelipper, F|100/100
|switch|p2a: Seismitoad|Seismitoad, M|100/100
|-weather|RainDance|[from] ability: Drizzle|[of] p1a: Pelipper
|turn|1
|
|move|p2a: Seismitoad|Toxic|p1a: Pelipper
|-status|p1a: Pelipper|tox
|move|p1a: Pelipper|U-turn|p2a: Seismitoad
|-damage|p2a: Seismitoad|93/100
|
|switch|p1a: Crawdaunt|Crawdaunt, F|100/100|[from]move: U-turn
|
|-weather|RainDance|[upkeep]
|-heal|p2a: Seismitoad|99/100|[from] item: Leftovers
|upkeep
|turn|2
|
|move|p2a: Seismitoad|Protect|p2a: Seismitoad
|-singleturn|p2a: Seismitoad|Protect
|move|p1a: Crawdaunt|Swords Dance|p1a: Crawdaunt
|-boost|p1a: Crawdaunt|atk|2
|
|-weather|RainDance|[upkeep]
|-heal|p2a: Seismitoad|100/100|[from] item: Leftovers
|upkeep
|turn|3
|
|move|p1a: Crawdaunt|Knock Off|p2a: Seismitoad
|-damage|p2a: Seismitoad|0 fnt
|-enditem|p2a: Seismitoad|Leftovers|[from] move: Knock Off|[of] p1a: Crawdaunt
|-damage|p1a: Crawdaunt|91/100|[from] item: Life Orb
|faint|p2a: Seismitoad
|
|-weather|RainDance|[upkeep]
|upkeep
|
|switch|p2a: Galvantula|Galvantula, F|100/100
|turn|4
|
|switch|p1a: Seismitoad|Seismitoad, F|100/100
|move|p2a: Galvantula|Bug Buzz|p1a: Seismitoad
|-damage|p1a: Seismitoad|53/100
|
|-weather|RainDance|[upkeep]
|upkeep
|turn|5
|
|move|p1a: Seismitoad|Surf|p2a: Galvantula
|-enditem|p2a: Galvantula|Focus Sash
|-damage|p2a: Galvantula|1/100
|-damage|p1a: Seismitoad|44/100|[from] item: Life Orb
|move|p2a: Galvantula|Sticky Web|p1a: Seismitoad
|-sidestart|p1: PokeDa|move: Sticky Web
|
|-weather|RainDance|[upkeep]
|upkeep
|turn|6
|
|move|p1a: Seismitoad|Surf|p2a: Galvantula
|-damage|p2a: Galvantula|0 fnt
|-damage|p1a: Seismitoad|34/100|[from] item: Life Orb
|faint|p2a: Galvantula
|
|-weather|RainDance|[upkeep]
|upkeep
|
|switch|p2a: Kommo-o|Kommo-o, M|100/100
|turn|7
|
|move|p1a: Seismitoad|Earth Power|p2a: Kommo-o
|-damage|p2a: Kommo-o|45/100
|-damage|p1a: Seismitoad|24/100|[from] item: Life Orb
|move|p2a: Kommo-o|Clangorous Soul|p2a: Kommo-o
|-boost|p2a: Kommo-o|atk|1
|-boost|p2a: Kommo-o|def|1
|-boost|p2a: Kommo-o|spa|1
|-boost|p2a: Kommo-o|spd|1
|-boost|p2a: Kommo-o|spe|1
|-damage|p2a: Kommo-o|12/100
|
|-weather|RainDance|[upkeep]
|upkeep
|turn|8
|
|move|p1a: Seismitoad|Surf|p2a: Kommo-o
|-resisted|p2a: Kommo-o
|-damage|p2a: Kommo-o|0 fnt
|-damage|p1a: Seismitoad|14/100|[from] item: Life Orb
|faint|p2a: Kommo-o
|
|-weather|none
|upkeep
|
|switch|p2a: Hydreigon|Hydreigon, F|100/100
|turn|9
|
|switch|p1a: Pelipper|Pelipper, F|100/100 tox
|-weather|RainDance|[from] ability: Drizzle|[of] p1a: Pelipper
|move|p2a: Hydreigon|Nasty Plot|p2a: Hydreigon
|-boost|p2a: Hydreigon|spa|2
|
|-weather|RainDance|[upkeep]
|-damage|p1a: Pelipper|94/100 tox|[from] psn
|upkeep
|turn|10
|
|move|p2a: Hydreigon|Dark Pulse|p1a: Pelipper
|-damage|p1a: Pelipper|0 fnt
|-damage|p2a: Hydreigon|91/100|[from] item: Life Orb
|faint|p1a: Pelipper
|
|-weather|RainDance|[upkeep]
|upkeep
|
|switch|p1a: Cinderace|Cinderace, F|100/100
|turn|11
|
|switch|p2a: Gengar|Gengar, M|100/100
|move|p1a: Cinderace|Court Change|p1a: Cinderace
|-sideend|p1: PokeDa|Sticky Web|[silent]
|-sidestart|p2: perfecto123|Sticky Web|[silent]
|-activate|p1a: Cinderace|move: Court Change
|
|-weather|RainDance|[upkeep]
|upkeep
|turn|12
|
|move|p1a: Cinderace|U-turn|p2a: Gengar
|-resisted|p2a: Gengar
|-damage|p2a: Gengar|90/100
|-start|p1a: Cinderace|Disable|U-turn|[from] ability: Cursed Body|[of] p2a: Gengar
|
|switch|p1a: Seismitoad|Seismitoad, F|14/100|[from]move: U-turn
|move|p2a: Gengar|Nasty Plot|p2a: Gengar
|-boost|p2a: Gengar|spa|2
|
|-weather|RainDance|[upkeep]
|upkeep
|turn|13
|
|switch|p2a: Hydreigon|Hydreigon, F|91/100
|move|p1a: Seismitoad|Earth Power|p2a: Hydreigon
|-immune|p2a: Hydreigon|[from] ability: Levitate
|
|-weather|RainDance|[upkeep]
|upkeep
|turn|14
|
|move|p1a: Seismitoad|Focus Blast|p2a: Hydreigon
|-supereffective|p2a: Hydreigon
|-crit|p2a: Hydreigon
|-damage|p2a: Hydreigon|0 fnt
|-damage|p1a: Seismitoad|4/100|[from] item: Life Orb
|faint|p2a: Hydreigon
|
|-weather|RainDance|[upkeep]
|upkeep
|
|switch|p2a: Gengar|Gengar, M|90/100
|-activate|p2a: Gengar|move: Sticky Web
|-unboost|p2a: Gengar|spe|1
|turn|15
|
|move|p1a: Seismitoad|Surf|p2a: Gengar
|-damage|p2a: Gengar|0 fnt
|-start|p1a: Seismitoad|Disable|Surf|[from] ability: Cursed Body|[of] p2a: Gengar
|-damage|p1a: Seismitoad|0 fnt|[from] item: Life Orb
|faint|p2a: Gengar
|faint|p1a: Seismitoad
|
|-weather|RainDance|[upkeep]
|upkeep
|
|switch|p2a: Grimmsnarl|Grimmsnarl, M|100/100
|switch|p1a: Crawdaunt|Crawdaunt, F|91/100
|-activate|p2a: Grimmsnarl|move: Sticky Web
|-unboost|p2a: Grimmsnarl|spe|1
|turn|16
|
|move|p2a: Grimmsnarl|Bulk Up|p2a: Grimmsnarl
|-boost|p2a: Grimmsnarl|atk|1
|-boost|p2a: Grimmsnarl|def|1
|move|p1a: Crawdaunt|Crabhammer|p2a: Grimmsnarl
|-damage|p2a: Grimmsnarl|0 fnt
|-damage|p1a: Crawdaunt|81/100|[from] item: Life Orb
|faint|p2a: Grimmsnarl
|
|win|PokeDa
|l|☆perfecto123
|raw|PokeDa's rating: 1361 &rarr; <strong>1380</strong><br />(+19 for winning)
|raw|perfecto123's rating: 1343 &rarr; <strong>1324</strong><br />(-19 for losing)
