|j|☆quixana
|j|☆HOF69
|t:|1655080018
|gametype|singles
|player|p1|quixana|ethan-pokeathlon|1714
|player|p2|HOF69|red|1718
|teamsize|p1|6
|teamsize|p2|6
|gen|8
|tier|[Gen 8] OU
|rated|
|rule|Sleep Clause Mod: Limit one foe put to sleep
|rule|Species Clause: Limit one of each Pokémon
|rule|OHKO Clause: OHKO moves are banned
|rule|Evasion Moves Clause: Evasion moves are banned
|rule|Endless Battle Clause: Forcing endless battles is banned
|rule|HP Percentage Mod: HP is shown in percentages
|rule|Dynamax Clause: You cannot dynamax
|clearpoke
|poke|p1|Hippowdon, M|
|poke|p1|Nihilego|
|poke|p1|Zapdos-Galar|
|poke|p1|Toxapex, M|
|poke|p1|Tapu Lele|
|poke|p1|Ferrothorn, M|
|poke|p2|Gengar, M|
|poke|p2|Kartana|
|poke|p2|Landorus-Therian, M|
|poke|p2|Blacephalon|
|poke|p2|Tapu Lele|
|poke|p2|Krookodile, M|
|teampreview
|
|t:|1655080045
|start
|switch|p1a: Zapdos|Zapdos-Galar|100/100
|switch|p2a: Krookodile|Krookodile, M|100/100
|-ability|p2a: Krookodile|Intimidate|boost
|-unboost|p1a: Zapdos|atk|1
|-ability|p1a: Zapdos|Defiant
|-boost|p1a: Zapdos|atk|2
|turn|1
|
|t:|1655080059
|move|p1a: Zapdos|Brave Bird|p2a: Krookodile
|-enditem|p2a: Krookodile|Focus Sash
|-damage|p2a: Krookodile|1/100
|-damage|p1a: Zapdos|67/100|[from] Recoil
|move|p2a: Krookodile|Stealth Rock|p1a: Zapdos
|-sidestart|p1: quixana|move: Stealth Rock
|
|upkeep
|turn|2
|
|t:|1655080062
|move|p1a: Zapdos|Brave Bird|p2a: Krookodile
|-damage|p2a: Krookodile|0 fnt
|faint|p2a: Krookodile
|-damage|p1a: Zapdos|66/100|[from] Recoil
|
|upkeep
|
|t:|1655080066
|switch|p2a: Gengar|Gengar, M, shiny|100/100
|turn|3
|
|t:|1655080077
|switch|p1a: Ferrothorn|Ferrothorn, M|100/100
|-damage|p1a: Ferrothorn|95/100|[from] Stealth Rock
|move|p2a: Gengar|Shadow Ball|p1a: Ferrothorn
|-damage|p1a: Ferrothorn|68/100
|
|-heal|p1a: Ferrothorn|74/100|[from] item: Leftovers
|upkeep
|turn|4
|
|t:|1655080085
|move|p2a: Gengar|Focus Blast|p1a: Ferrothorn
|-supereffective|p1a: Ferrothorn
|-damage|p1a: Ferrothorn|14/100
|move|p1a: Ferrothorn|Knock Off|p2a: Gengar
|-supereffective|p2a: Gengar
|-damage|p2a: Gengar|19/100
|-enditem|p2a: Gengar|Focus Sash|[from] move: Knock Off|[of] p1a: Ferrothorn
|
|-heal|p1a: Ferrothorn|20/100|[from] item: Leftovers
|upkeep
|turn|5
|
|t:|1655080109
|move|p2a: Gengar|Shadow Ball|p1a: Ferrothorn
|-damage|p1a: Ferrothorn|0 fnt
|faint|p1a: Ferrothorn
|
|upkeep
|
|t:|1655080145
|switch|p1a: Hippowdon|Hippowdon, M|100/100
|-damage|p1a: Hippowdon|94/100|[from] Stealth Rock
|-weather|Sandstorm|[from] ability: Sand Stream|[of] p1a: Hippowdon
|turn|6
|
|t:|1655080154
|move|p2a: Gengar|Taunt|p1a: Hippowdon
|-start|p1a: Hippowdon|move: Taunt
|cant|p1a: Hippowdon|move: Taunt|Stealth Rock
|
|-weather|Sandstorm|[upkeep]
|-damage|p2a: Gengar|12/100|[from] Sandstorm
|-heal|p1a: Hippowdon|100/100|[from] item: Leftovers
|upkeep
|turn|7
|
|t:|1655080174
|switch|p1a: Toxapex|Toxapex, M|100/100
|-damage|p1a: Toxapex|88/100|[from] Stealth Rock
|move|p2a: Gengar|Shadow Ball|p1a: Toxapex
|-damage|p1a: Toxapex|58/100
|
|-weather|Sandstorm|[upkeep]
|-damage|p2a: Gengar|6/100|[from] Sandstorm
|-damage|p1a: Toxapex|52/100|[from] Sandstorm
|-heal|p1a: Toxapex|58/100|[from] item: Black Sludge
|upkeep
|turn|8
|
|t:|1655080182
|move|p2a: Gengar|Shadow Ball|p1a: Toxapex
|-damage|p1a: Toxapex|28/100
|move|p1a: Toxapex|Recover|p1a: Toxapex
|-heal|p1a: Toxapex|78/100
|
|-weather|Sandstorm|[upkeep]
|-damage|p2a: Gengar|0 fnt|[from] Sandstorm
|-damage|p1a: Toxapex|72/100|[from] Sandstorm
|faint|p2a: Gengar
|-heal|p1a: Toxapex|78/100|[from] item: Black Sludge
|upkeep
|
|t:|1655080185
|switch|p2a: Tapu Lele|Tapu Lele|100/100
|-fieldstart|move: Psychic Terrain|[from] ability: Psychic Surge|[of] p2a: Tapu Lele
|turn|9
|
|t:|1655080194
|switch|p1a: Hippowdon|Hippowdon, M|100/100
|-damage|p1a: Hippowdon|94/100|[from] Stealth Rock
|move|p2a: Tapu Lele|Psyshock|p1a: Hippowdon
|-damage|p1a: Hippowdon|51/100
|
|-weather|Sandstorm|[upkeep]
|-damage|p2a: Tapu Lele|94/100|[from] Sandstorm
|-heal|p1a: Hippowdon|58/100|[from] item: Leftovers
|upkeep
|turn|10
|j| Enkefalos
|
|t:|1655080206
|move|p2a: Tapu Lele|Taunt|p1a: Hippowdon
|-start|p1a: Hippowdon|move: Taunt
|cant|p1a: Hippowdon|move: Taunt|Stealth Rock
|
|-weather|none
|-heal|p1a: Hippowdon|64/100|[from] item: Leftovers
|upkeep
|turn|11
|
|t:|1655080209
|move|p2a: Tapu Lele|Psyshock|p1a: Hippowdon
|-damage|p1a: Hippowdon|16/100
|move|p1a: Hippowdon|Earthquake|p2a: Tapu Lele
|-damage|p2a: Tapu Lele|36/100
|
|-heal|p1a: Hippowdon|22/100|[from] item: Leftovers
|upkeep
|turn|12
|j| Tabata Tyrogue
|
|t:|1655080255
|move|p2a: Tapu Lele|Psyshock|p1a: Hippowdon
|-damage|p1a: Hippowdon|0 fnt
|faint|p1a: Hippowdon
|
|upkeep
|
|t:|1655080257
|switch|p1a: Nihilego|Nihilego|100/100
|-damage|p1a: Nihilego|88/100|[from] Stealth Rock
|turn|13
|
|t:|1655080272
|switch|p2a: Landorus|Landorus-Therian, M|100/100
|-ability|p2a: Landorus|Intimidate|boost
|-unboost|p1a: Nihilego|atk|1
|move|p1a: Nihilego|Meteor Beam||[still]
|-prepare|p1a: Nihilego|Meteor Beam
|-boost|p1a: Nihilego|spa|1
|-enditem|p1a: Nihilego|Power Herb
|-anim|p1a: Nihilego|Meteor Beam|p2a: Landorus
|-damage|p2a: Landorus|48/100
|
|-fieldend|move: Psychic Terrain
|upkeep
|turn|14
|
|t:|1655080283
|move|p1a: Nihilego|Power Gem|p2a: Landorus
|-damage|p2a: Landorus|14/100
|move|p2a: Landorus|Earthquake|p1a: Nihilego
|-supereffective|p1a: Nihilego
|-damage|p1a: Nihilego|0 fnt
|faint|p1a: Nihilego
|
|upkeep
|
|t:|1655080312
|switch|p1a: Tapu Lele|Tapu Lele|100/100
|-damage|p1a: Tapu Lele|88/100|[from] Stealth Rock
|-fieldstart|move: Psychic Terrain|[from] ability: Psychic Surge|[of] p1a: Tapu Lele
|turn|15
|
|t:|1655080319
|move|p1a: Tapu Lele|Moonblast|p2a: Landorus
|-damage|p2a: Landorus|0 fnt
|faint|p2a: Landorus
|
|upkeep
|
|t:|1655080323
|switch|p2a: Blacephalon|Blacephalon|100/100
|turn|16
|
|t:|1655080330
|switch|p1a: Toxapex|Toxapex, M|100/100
|-damage|p1a: Toxapex|88/100|[from] Stealth Rock
|move|p2a: Blacephalon|Shadow Ball|p1a: Toxapex
|-damage|p1a: Toxapex|54/100
|
|-heal|p1a: Toxapex|60/100|[from] item: Black Sludge
|upkeep
|turn|17
|
|t:|1655080342
|switch|p2a: Tapu Lele|Tapu Lele|36/100
|switch|p1a: Zapdos|Zapdos-Galar|66/100
|-damage|p1a: Zapdos|54/100|[from] Stealth Rock
|
|upkeep
|turn|18
|
|t:|1655080355
|move|p1a: Zapdos|U-turn|p2a: Tapu Lele
|-damage|p2a: Tapu Lele|0 fnt
|faint|p2a: Tapu Lele
|
|t:|1655080379
|switch|p1a: Toxapex|Toxapex, M|93/100|[from]move: U-turn
|-damage|p1a: Toxapex|81/100|[from] Stealth Rock
|
|-heal|p1a: Toxapex|87/100|[from] item: Black Sludge
|upkeep
|
|t:|1655080384
|switch|p2a: Kartana|Kartana|100/100
|turn|19
|
|t:|1655080393
|move|p2a: Kartana|Knock Off|p1a: Toxapex
|-damage|p1a: Toxapex|60/100
|-enditem|p1a: Toxapex|Black Sludge|[from] move: Knock Off|[of] p2a: Kartana
|move|p1a: Toxapex|Knock Off|p2a: Kartana
|-damage|p2a: Kartana|86/100
|-enditem|p2a: Kartana|Protective Pads|[from] move: Knock Off|[of] p1a: Toxapex
|
|-fieldend|move: Psychic Terrain
|upkeep
|turn|20
|
|t:|1655080401
|move|p2a: Kartana|Leaf Blade|p1a: Toxapex
|-damage|p1a: Toxapex|23/100
|move|p1a: Toxapex|Recover|p1a: Toxapex
|-heal|p1a: Toxapex|73/100
|
|upkeep
|turn|21
|
|t:|1655080404
|move|p2a: Kartana|Leaf Blade|p1a: Toxapex
|-damage|p1a: Toxapex|34/100
|move|p1a: Toxapex|Recover|p1a: Toxapex
|-heal|p1a: Toxapex|84/100
|
|upkeep
|turn|22
|
|t:|1655080414
|move|p2a: Kartana|Leaf Blade|p1a: Toxapex
|-damage|p1a: Toxapex|43/100
|move|p1a: Toxapex|Recover|p1a: Toxapex
|-heal|p1a: Toxapex|93/100
|
|upkeep
|turn|23
|
|t:|1655080418
|move|p2a: Kartana|Leaf Blade|p1a: Toxapex
|-damage|p1a: Toxapex|57/100
|move|p1a: Toxapex|Recover|p1a: Toxapex
|-heal|p1a: Toxapex|100/100
|
|upkeep
|turn|24
|l| Enkefalos
|inactive|Battle timer is ON: inactive players will automatically lose when time's up. (requested by HOF69)
|
|t:|1655080480
|move|p2a: Kartana|Leaf Blade|p1a: Toxapex
|-damage|p1a: Toxapex|60/100
|move|p1a: Toxapex|Knock Off|p2a: Kartana
|-damage|p2a: Kartana|76/100
|
|upkeep
|turn|25
|
|t:|1655080489
|move|p2a: Kartana|Swords Dance|p2a: Kartana
|-boost|p2a: Kartana|atk|2
|move|p1a: Toxapex|Recover|p1a: Toxapex
|-heal|p1a: Toxapex|100/100
|
|upkeep
|turn|26
|
|t:|1655080508
|move|p2a: Kartana|Leaf Blade|p1a: Toxapex
|-damage|p1a: Toxapex|19/100
|move|p1a: Toxapex|Haze|p1a: Toxapex
|-clearallboost
|
|upkeep
|turn|27
|
|t:|1655080517
|switch|p1a: Zapdos|Zapdos-Galar|54/100
|-damage|p1a: Zapdos|41/100|[from] Stealth Rock
|move|p2a: Kartana|Leaf Blade|p1a: Zapdos
|-resisted|p1a: Zapdos
|-damage|p1a: Zapdos|5/100
|
|upkeep
|turn|28
|
|t:|1655080529
|move|p2a: Kartana|Leaf Blade|p1a: Zapdos
|-resisted|p1a: Zapdos
|-damage|p1a: Zapdos|0 fnt
|faint|p1a: Zapdos
|-ability|p2a: Kartana|Beast Boost|boost
|-boost|p2a: Kartana|atk|1
|
|upkeep
|
|t:|1655080531
|switch|p1a: Tapu Lele|Tapu Lele|88/100
|-damage|p1a: Tapu Lele|76/100|[from] Stealth Rock
|-fieldstart|move: Psychic Terrain|[from] ability: Psychic Surge|[of] p1a: Tapu Lele
|turn|29
|
|t:|1655080535
|move|p1a: Tapu Lele|Moonblast|p2a: Kartana
|-resisted|p2a: Kartana
|-damage|p2a: Kartana|5/100
|-unboost|p2a: Kartana|spa|1
|move|p2a: Kartana|Leaf Blade|p1a: Tapu Lele
|-damage|p1a: Tapu Lele|0 fnt
|faint|p1a: Tapu Lele
|-ability|p2a: Kartana|Beast Boost|boost
|-boost|p2a: Kartana|atk|1
|
|upkeep
|c|☆HOF69|gg
|inactive|quixana has 120 seconds left.
|c|☆quixana|fml
|c|☆HOF69|no psychic I'm guessing
|c|☆quixana|min roll
|c|☆quixana|no
|-message|quixana forfeited.
|
|win|HOF69
|raw|quixana's rating: 1714 &rarr; <strong>1694</strong><br />(-20 for losing)
|raw|HOF69's rating: 1718 &rarr; <strong>1738</strong><br />(+20 for winning)
|l|☆quixana
