|raw|<div class="broadcast-blue"><strong>This battle is required to be public due to a player having a name starting with 'lt93oq'.</div>
|j|☆LT93OQ YS
|j|‽antarctozolt
|t:|1660647695
|gametype|singles
|player|p1|LT93OQ YS|red-gen2|1780
|player|p2|antarctozolt|skier|1944
|teamsize|p1|6
|teamsize|p2|6
|gen|8
|tier|[Gen 8] OU
|rated|
|rule|Sleep Clause Mod: Limit one foe put to sleep
|rule|Species Clause: Limit one of each Pokémon
|rule|OHKO Clause: OHKO moves are banned
|rule|Evasion Items Clause: Evasion items are banned
|rule|Evasion Moves Clause: Evasion moves are banned
|rule|Endless Battle Clause: Forcing endless battles is banned
|rule|HP Percentage Mod: HP is shown in percentages
|rule|Dynamax Clause: You cannot dynamax
|clearpoke
|poke|p1|Landorus-Therian, M|
|poke|p1|Tapu Lele|
|poke|p1|Zeraora|
|poke|p1|Ferrothorn, F|
|poke|p1|Victini|
|poke|p1|Tapu Fini|
|poke|p2|Kartana|
|poke|p2|Toxtricity, M|
|poke|p2|Celesteela|
|poke|p2|Dragapult, F|
|poke|p2|Mew|
|poke|p2|Zeraora|
|teampreview
|j| Mimikyu Stardust
|
|t:|1660647728
|start
|switch|p1a: Landorus|Landorus-Therian, M|100/100
|switch|p2a: Toxtricity|Toxtricity, M|100/100
|-ability|p1a: Landorus|Intimidate|boost
|-unboost|p2a: Toxtricity|atk|1
|turn|1
|
|t:|1660647731
|switch|p2a: Mew|Mew|100/100
|move|p1a: Landorus|Earthquake|p2a: Mew
|-damage|p2a: Mew|54/100
|
|upkeep
|turn|2
|
|t:|1660647735
|move|p2a: Mew|Stealth Rock|p1a: Landorus
|-sidestart|p1: LT93OQ YS|move: Stealth Rock
|move|p1a: Landorus|Stealth Rock|p2a: Mew
|-sidestart|p2: antarctozolt|move: Stealth Rock
|
|upkeep
|turn|3
|
|t:|1660647738
|move|p2a: Mew|Spikes|p1a: Landorus
|-sidestart|p1: LT93OQ YS|Spikes
|move|p1a: Landorus|U-turn|p2a: Mew
|-supereffective|p2a: Mew
|-damage|p2a: Mew|11/100
|
|t:|1660647741
|switch|p1a: Zeraora|Zeraora|100/100|[from]move: U-turn
|
|upkeep
|turn|4
|
|t:|1660647744
|move|p1a: Zeraora|Knock Off|p2a: Mew
|-supereffective|p2a: Mew
|-damage|p2a: Mew|0 fnt
|-enditem|p2a: Mew|Mental Herb|[from] move: Knock Off|[of] p1a: Zeraora
|faint|p2a: Mew
|
|upkeep
|
|t:|1660647747
|switch|p2a: Toxtricity|Toxtricity, M|100/100
|-damage|p2a: Toxtricity|88/100|[from] Stealth Rock
|turn|5
|j| infinitroll
|j| LT93OQ TROP CHAUD
|
|t:|1660647760
|move|p1a: Zeraora|Knock Off|p2a: Toxtricity
|-damage|p2a: Toxtricity|44/100
|-enditem|p2a: Toxtricity|Life Orb|[from] move: Knock Off|[of] p1a: Zeraora
|move|p2a: Toxtricity|Shift Gear|p2a: Toxtricity
|-boost|p2a: Toxtricity|spe|2
|-boost|p2a: Toxtricity|atk|1
|
|upkeep
|turn|6
|j| Paragus
|j| LT92PF Silk
|l| LT92PF Silk
|inactive|Battle timer is ON: inactive players will automatically lose when time's up. (requested by antarctozolt)
|j| LT93OQ Friso
|j| LT93OQ Empo
|inactive|LT93OQ YS has 120 seconds left.
|l| LT93OQ Friso
|j| CanUrepeat
|j| cypherstests
|
|t:|1660647865
|switch|p1a: Tapu Fini|Tapu Fini|100/100
|-damage|p1a: Tapu Fini|88/100|[from] Stealth Rock
|-damage|p1a: Tapu Fini|76/100|[from] Spikes
|-fieldstart|move: Misty Terrain|[from] ability: Misty Surge|[of] p1a: Tapu Fini
|move|p2a: Toxtricity|Boomburst|p1a: Tapu Fini
|-damage|p1a: Tapu Fini|28/100
|
|-heal|p1a: Tapu Fini|34/100|[from] item: Leftovers
|upkeep
|turn|7
|
|t:|1660647869
|move|p2a: Toxtricity|Boomburst|p1a: Tapu Fini
|-damage|p1a: Tapu Fini|0 fnt
|faint|p1a: Tapu Fini
|
|upkeep
|inactive|LT93OQ YS has 120 seconds left.
|l| Paragus
|inactive|LT93OQ YS has 90 seconds left.
|
|t:|1660647958
|switch|p1a: Victini|Victini|100/100
|turn|8
|
|t:|1660647963
|move|p2a: Toxtricity|Boomburst|p1a: Victini
|-damage|p1a: Victini|32/100
|move|p1a: Victini|Blue Flare|p2a: Toxtricity
|-damage|p2a: Toxtricity|0 fnt
|faint|p2a: Toxtricity
|
|upkeep
|
|t:|1660647968
|switch|p2a: Dragapult|Dragapult, F|100/100
|-damage|p2a: Dragapult|88/100|[from] Stealth Rock
|turn|9
|j| FBAM
|j| d18l
|inactive|LT93OQ YS has 60 seconds left.
|
|t:|1660648015
|move|p2a: Dragapult|Shadow Ball|p1a: Victini
|-supereffective|p1a: Victini
|-damage|p1a: Victini|0 fnt
|faint|p1a: Victini
|
|upkeep
|
|t:|1660648018
|switch|p1a: Zeraora|Zeraora|100/100
|turn|10
|
|t:|1660648025
|move|p1a: Zeraora|Knock Off|p2a: Dragapult
|-supereffective|p2a: Dragapult
|-damage|p2a: Dragapult|0 fnt
|-enditem|p2a: Dragapult|Choice Specs|[from] move: Knock Off|[of] p1a: Zeraora
|faint|p2a: Dragapult
|
|-fieldend|Misty Terrain
|upkeep
|
|t:|1660648029
|switch|p2a: Zeraora|Zeraora|100/100
|-damage|p2a: Zeraora|88/100|[from] Stealth Rock
|turn|11
|
|t:|1660648037
|switch|p1a: Landorus|Landorus-Therian, M|100/100
|-damage|p1a: Landorus|88/100|[from] Stealth Rock
|-ability|p1a: Landorus|Intimidate|boost
|-unboost|p2a: Zeraora|atk|1
|-enditem|p2a: Zeraora|Eject Pack
|
|t:|1660648040
|switch|p2a: Celesteela|Celesteela|100/100
|-damage|p2a: Celesteela|88/100|[from] Stealth Rock
|
|-heal|p1a: Landorus|94/100|[from] item: Leftovers
|upkeep
|turn|12
|
|t:|1660648046
|move|p2a: Celesteela|Autotomize|p2a: Celesteela
|-boost|p2a: Celesteela|spe|2
|-start|p2a: Celesteela|Autotomize
|move|p1a: Landorus|U-turn|p2a: Celesteela
|-resisted|p2a: Celesteela
|-damage|p2a: Celesteela|82/100
|
|t:|1660648055
|switch|p1a: Zeraora|Zeraora|100/100|[from]move: U-turn
|
|upkeep
|turn|13
|inactive|LT93OQ YS has 60 seconds left.
|
|t:|1660648086
|move|p2a: Celesteela|Earthquake|p1a: Zeraora
|-supereffective|p1a: Zeraora
|-damage|p1a: Zeraora|4/100
|move|p1a: Zeraora|Plasma Fists|p2a: Celesteela
|-supereffective|p2a: Celesteela
|-damage|p2a: Celesteela|0 fnt
|-fieldactivate|move: Ion Deluge
|-hint|Normal-type moves become Electric-type after using Plasma Fists.
|faint|p2a: Celesteela
|
|upkeep
|l| cypherstests
|
|t:|1660648106
|switch|p2a: Kartana|Kartana|100/100
|-damage|p2a: Kartana|94/100|[from] Stealth Rock
|turn|14
|
|t:|1660648114
|move|p2a: Kartana|Knock Off|p1a: Zeraora
|-damage|p1a: Zeraora|0 fnt
|-enditem|p1a: Zeraora|Heavy-Duty Boots|[from] move: Knock Off|[of] p2a: Kartana
|faint|p1a: Zeraora
|-ability|p2a: Kartana|Beast Boost|boost
|-boost|p2a: Kartana|atk|1
|
|upkeep
|
|t:|1660648123
|switch|p1a: Landorus|Landorus-Therian, M|94/100
|-damage|p1a: Landorus|82/100|[from] Stealth Rock
|-ability|p1a: Landorus|Intimidate|boost
|-unboost|p2a: Kartana|atk|1
|turn|15
|
|t:|1660648126
|move|p2a: Kartana|Knock Off|p1a: Landorus
|-damage|p1a: Landorus|37/100
|-enditem|p1a: Landorus|Leftovers|[from] move: Knock Off|[of] p2a: Kartana
|move|p1a: Landorus|Earthquake|p2a: Kartana
|-damage|p2a: Kartana|45/100
|
|upkeep
|turn|16
|
|t:|1660648132
|switch|p1a: Ferrothorn|Ferrothorn, F|100/100
|-damage|p1a: Ferrothorn|94/100|[from] Stealth Rock
|-damage|p1a: Ferrothorn|82/100|[from] Spikes
|move|p2a: Kartana|Knock Off|p1a: Ferrothorn
|-damage|p1a: Ferrothorn|56/100
|-damage|p2a: Kartana|32/100|[from] ability: Iron Barbs|[of] p1a: Ferrothorn
|-enditem|p1a: Ferrothorn|Leftovers|[from] move: Knock Off|[of] p2a: Kartana
|
|upkeep
|turn|17
|
|t:|1660648140
|switch|p2a: Zeraora|Zeraora|88/100
|-damage|p2a: Zeraora|76/100|[from] Stealth Rock
|move|p1a: Ferrothorn|Body Press|p2a: Zeraora
|-damage|p2a: Zeraora|35/100
|
|upkeep
|turn|18
|inactive|LT93OQ YS has 90 seconds left.
|
|t:|1660648153
|switch|p1a: Tapu Lele|Tapu Lele|100/100
|-damage|p1a: Tapu Lele|88/100|[from] Stealth Rock
|-damage|p1a: Tapu Lele|76/100|[from] Spikes
|-fieldstart|move: Psychic Terrain|[from] ability: Psychic Surge|[of] p1a: Tapu Lele
|move|p2a: Zeraora|Close Combat|p1a: Tapu Lele
|-resisted|p1a: Tapu Lele
|-damage|p1a: Tapu Lele|62/100
|-unboost|p2a: Zeraora|def|1
|-unboost|p2a: Zeraora|spd|1
|
|upkeep
|turn|19
|inactive|LT93OQ YS has 90 seconds left.
|
|t:|1660648159
|move|p2a: Zeraora|Plasma Fists|p1a: Tapu Lele
|-damage|p1a: Tapu Lele|0 fnt
|-fieldactivate|move: Ion Deluge
|-hint|Normal-type moves become Electric-type after using Plasma Fists.
|faint|p1a: Tapu Lele
|
|upkeep
|
|t:|1660648162
|switch|p1a: Landorus|Landorus-Therian, M|37/100
|-damage|p1a: Landorus|25/100|[from] Stealth Rock
|-ability|p1a: Landorus|Intimidate|boost
|-unboost|p2a: Zeraora|atk|1
|turn|20
|
|t:|1660648164
|move|p2a: Zeraora|Knock Off|p1a: Landorus
|-damage|p1a: Landorus|11/100
|move|p1a: Landorus|Earthquake|p2a: Zeraora
|-supereffective|p2a: Zeraora
|-damage|p2a: Zeraora|0 fnt
|faint|p2a: Zeraora
|
|upkeep
|
|t:|1660648166
|switch|p2a: Kartana|Kartana|32/100
|-damage|p2a: Kartana|26/100|[from] Stealth Rock
|turn|21
|
|t:|1660648176
|move|p2a: Kartana|Sacred Sword|p1a: Landorus
|-resisted|p1a: Landorus
|-damage|p1a: Landorus|0 fnt
|faint|p1a: Landorus
|-ability|p2a: Kartana|Beast Boost|boost
|-boost|p2a: Kartana|atk|1
|
|upkeep
|
|t:|1660648177
|switch|p1a: Ferrothorn|Ferrothorn, F|56/100
|-damage|p1a: Ferrothorn|50/100|[from] Stealth Rock
|-damage|p1a: Ferrothorn|38/100|[from] Spikes
|turn|22
|
|t:|1660648180
|move|p2a: Kartana|Sacred Sword|p1a: Ferrothorn
|-supereffective|p1a: Ferrothorn
|-damage|p1a: Ferrothorn|0 fnt
|-damage|p2a: Kartana|14/100|[from] ability: Iron Barbs|[of] p1a: Ferrothorn
|faint|p1a: Ferrothorn
|
|win|antarctozolt
|raw|LT93OQ YS's rating: 1780 &rarr; <strong>1769</strong><br />(-11 for losing)
|raw|antarctozolt's rating: 1944 &rarr; <strong>1955</strong><br />(+11 for winning)
