|j|☆Spectre Ace
|j|☆Pok et glace
|t:|1663695884
|gametype|singles
|player|p1|Spectre Ace|juggler|1776
|player|p2|Pok et glace|cynthia-masters|1967
|teamsize|p1|6
|teamsize|p2|6
|gen|8
|tier|[Gen 8] OU
|rated|
|rule|Sleep Clause Mod: Limit one foe put to sleep
|rule|Species Clause: Limit one of each Pokémon
|rule|OHKO Clause: OHKO moves are banned
|rule|Evasion Items Clause: Evasion items are banned
|rule|Evasion Moves Clause: Evasion moves are banned
|rule|Endless Battle Clause: Forcing endless battles is banned
|rule|HP Percentage Mod: HP is shown in percentages
|rule|Dynamax Clause: You cannot dynamax
|clearpoke
|poke|p1|Raichu-Alola, F|
|poke|p1|Tapu Koko|
|poke|p1|Ferrothorn, M|
|poke|p1|Weavile, M|
|poke|p1|Slowking-Galar, F|
|poke|p1|Landorus-Therian, M|
|poke|p2|Mew|
|poke|p2|Crawdaunt, F|
|poke|p2|Celesteela|
|poke|p2|Garchomp, M|
|poke|p2|Weavile, M|
|poke|p2|Blacephalon|
|teampreview
|j| 8yccgogyc9y
|c|☆Pok et glace|hf
|
|t:|1663695902
|start
|switch|p1a: Booker|Tapu Koko|100/100
|switch|p2a: Sperm thing|Mew|100/100
|-fieldstart|move: Electric Terrain|[from] ability: Electric Surge|[of] p1a: Booker
|turn|1
|
|t:|1663695906
|move|p1a: Booker|Thunderbolt|p2a: Sperm thing
|-damage|p2a: Sperm thing|56/100
|move|p2a: Sperm thing|Stealth Rock|p1a: Booker
|-sidestart|p1: Spectre Ace|move: Stealth Rock
|
|upkeep
|turn|2
|
|t:|1663695910
|move|p1a: Booker|Thunderbolt|p2a: Sperm thing
|-damage|p2a: Sperm thing|15/100
|move|p2a: Sperm thing|Spikes|p1a: Booker
|-sidestart|p1: Spectre Ace|Spikes
|
|upkeep
|turn|3
|
|t:|1663695915
|move|p1a: Booker|Thunderbolt|p2a: Sperm thing
|-damage|p2a: Sperm thing|0 fnt
|faint|p2a: Sperm thing
|
|upkeep
|
|t:|1663695920
|switch|p2a: Blacephalon|Blacephalon|100/100
|turn|4
|
|t:|1663695932
|switch|p1a: Samus|Slowking-Galar, F|100/100
|-damage|p1a: Samus|88/100|[from] Stealth Rock
|-damage|p1a: Samus|76/100|[from] Spikes
|move|p2a: Blacephalon|Flamethrower|p1a: Samus
|-damage|p1a: Samus|51/100
|
|upkeep
|turn|5
|
|t:|1663695939
|switch|p2a: Garchomp|Garchomp, M|100/100
|move|p1a: Samus|Earthquake|p2a: Garchomp
|-damage|p2a: Garchomp|83/100
|
|upkeep
|turn|6
|
|t:|1663695942
|move|p2a: Garchomp|Swords Dance|p2a: Garchomp
|-boost|p2a: Garchomp|atk|2
|move|p1a: Samus|Future Sight|p2a: Garchomp
|-start|p1a: Samus|move: Future Sight
|
|upkeep
|turn|7
|j| meatybawls
|
|t:|1663695950
|switch|p1a: Amadeus|Landorus-Therian, M|100/100
|-damage|p1a: Amadeus|88/100|[from] Stealth Rock
|-ability|p1a: Amadeus|Intimidate|boost
|-unboost|p2a: Garchomp|atk|1
|move|p2a: Garchomp|Aqua Tail|p1a: Amadeus
|-supereffective|p1a: Amadeus
|-damage|p1a: Amadeus|0 fnt
|faint|p1a: Amadeus
|
|upkeep
|
|t:|1663695954
|switch|p1a: Ocelot|Weavile, M, shiny|100/100
|-ability|p1a: Ocelot|Pressure
|turn|8
|j| 0SiegeWarfare
|j| Crowv2
|
|t:|1663695969
|switch|p2a: Hair|Weavile, M|100/100
|move|p1a: Ocelot|Knock Off|p2a: Hair
|-resisted|p2a: Hair
|-damage|p2a: Hair|62/100
|-enditem|p2a: Hair|Life Orb|[from] move: Knock Off|[of] p1a: Ocelot
|-enditem|p1a: Ocelot|Heavy-Duty Boots|[silent]|[from] ability: Pickpocket|[of] p1a: Ocelot
|-item|p2a: Hair|Heavy-Duty Boots|[from] ability: Pickpocket|[of] p1a: Ocelot
|
|-end|p2a: Hair|move: Future Sight
|-immune|p2a: Hair
|-fieldend|move: Electric Terrain
|upkeep
|turn|9
|
|t:|1663695981
|move|p1a: Ocelot|Triple Axel|p2a: Hair
|-resisted|p2a: Hair
|-damage|p2a: Hair|53/100
|-resisted|p2a: Hair
|-damage|p2a: Hair|36/100
|-resisted|p2a: Hair
|-damage|p2a: Hair|13/100
|-hitcount|p2a: Hair|3
|move|p2a: Hair|Triple Axel|p1a: Ocelot
|-resisted|p1a: Ocelot
|-damage|p1a: Ocelot|91/100
|-hitcount|p1a: Ocelot|1
|
|upkeep
|turn|10
|
|t:|1663695991
|move|p2a: Hair|Ice Shard|p1a: Ocelot
|-resisted|p1a: Ocelot
|-damage|p1a: Ocelot|73/100
|move|p1a: Ocelot|Knock Off|p2a: Hair
|-resisted|p2a: Hair
|-damage|p2a: Hair|0 fnt
|-enditem|p2a: Hair|Heavy-Duty Boots|[from] move: Knock Off|[of] p1a: Ocelot
|faint|p2a: Hair
|
|upkeep
|
|t:|1663695996
|switch|p2a: Blacephalon|Blacephalon|100/100
|turn|11
|
|t:|1663696005
|switch|p1a: Samus|Slowking-Galar, F|85/100
|-damage|p1a: Samus|72/100|[from] Stealth Rock
|-damage|p1a: Samus|60/100|[from] Spikes
|move|p2a: Blacephalon|Flamethrower|p1a: Samus
|-damage|p1a: Samus|38/100
|-status|p1a: Samus|brn
|
|-damage|p1a: Samus|32/100 brn|[from] brn
|upkeep
|turn|12
|
|t:|1663696011
|move|p2a: Blacephalon|Flamethrower|p1a: Samus
|-damage|p1a: Samus|10/100 brn
|move|p1a: Samus|Future Sight|p2a: Blacephalon
|-start|p1a: Samus|move: Future Sight
|
|-damage|p1a: Samus|4/100 brn|[from] brn
|upkeep
|turn|13
|
|t:|1663696018
|move|p2a: Blacephalon|Flamethrower|p1a: Samus
|-damage|p1a: Samus|0 fnt
|faint|p1a: Samus
|-ability|p2a: Blacephalon|Beast Boost|boost
|-boost|p2a: Blacephalon|spa|1
|
|upkeep
|
|t:|1663696020
|switch|p1a: Booker|Tapu Koko|100/100
|-damage|p1a: Booker|88/100|[from] Stealth Rock
|-damage|p1a: Booker|76/100|[from] Spikes
|-fieldstart|move: Electric Terrain|[from] ability: Electric Surge|[of] p1a: Booker
|turn|14
|
|t:|1663696032
|switch|p2a: Garchomp|Garchomp, M|83/100
|move|p1a: Booker|Thunderbolt|p2a: Garchomp
|-immune|p2a: Garchomp
|
|-end|p2a: Garchomp|move: Future Sight
|-damage|p2a: Garchomp|25/100
|upkeep
|turn|15
|
|t:|1663696037
|move|p1a: Booker|Dazzling Gleam|p2a: Garchomp
|-supereffective|p2a: Garchomp
|-damage|p2a: Garchomp|0 fnt
|faint|p2a: Garchomp
|
|upkeep
|
|t:|1663696040
|switch|p2a: Blacephalon|Blacephalon|100/100
|turn|16
|
|t:|1663696045
|move|p2a: Blacephalon|Flamethrower|p1a: Booker
|-damage|p1a: Booker|0 fnt
|faint|p1a: Booker
|-ability|p2a: Blacephalon|Beast Boost|boost
|-boost|p2a: Blacephalon|spa|1
|
|upkeep
|
|t:|1663696047
|switch|p1a: Valentine|Raichu-Alola, F, shiny|100/100
|-damage|p1a: Valentine|88/100|[from] Stealth Rock
|-damage|p1a: Valentine|76/100|[from] Spikes
|turn|17
|
|t:|1663696052
|switch|p2a: Bod|Celesteela|100/100
|move|p1a: Valentine|Rising Voltage|p2a: Bod
|-supereffective|p2a: Bod
|-damage|p2a: Bod|0 fnt
|faint|p2a: Bod
|-damage|p1a: Valentine|66/100|[from] item: Life Orb
|
|upkeep
|
|t:|1663696057
|switch|p2a: Jaw|Crawdaunt, F|100/100
|turn|18
|
|t:|1663696060
|switch|p1a: Sundowner|Ferrothorn, M, shiny|100/100
|-damage|p1a: Sundowner|94/100|[from] Stealth Rock
|-damage|p1a: Sundowner|82/100|[from] Spikes
|move|p2a: Jaw|Aqua Jet|p1a: Sundowner
|-resisted|p1a: Sundowner
|-damage|p1a: Sundowner|67/100
|-damage|p2a: Jaw|88/100|[from] ability: Iron Barbs|[of] p1a: Sundowner
|-damage|p2a: Jaw|78/100|[from] item: Life Orb
|
|-heal|p1a: Sundowner|74/100|[from] item: Leftovers
|upkeep
|turn|19
|
|t:|1663696064
|switch|p2a: Blacephalon|Blacephalon|100/100
|move|p1a: Sundowner|Knock Off|p2a: Blacephalon
|-supereffective|p2a: Blacephalon
|-damage|p2a: Blacephalon|6/100
|-enditem|p2a: Blacephalon|Choice Scarf|[from] move: Knock Off|[of] p1a: Sundowner
|
|-heal|p1a: Sundowner|80/100|[from] item: Leftovers
|upkeep
|turn|20
|
|t:|1663696074
|switch|p1a: Valentine|Raichu-Alola, F, shiny|66/100
|-damage|p1a: Valentine|54/100|[from] Stealth Rock
|-damage|p1a: Valentine|41/100|[from] Spikes
|move|p2a: Blacephalon|Flamethrower|p1a: Valentine
|-damage|p1a: Valentine|0 fnt
|faint|p1a: Valentine
|-ability|p2a: Blacephalon|Beast Boost|boost
|-boost|p2a: Blacephalon|spa|1
|
|upkeep
|
|t:|1663696076
|switch|p1a: Ocelot|Weavile, M, shiny|73/100
|-damage|p1a: Ocelot|48/100|[from] Stealth Rock
|-damage|p1a: Ocelot|35/100|[from] Spikes
|-ability|p1a: Ocelot|Pressure
|turn|21
|j| Hedon
|
|t:|1663696092
|move|p1a: Ocelot|Ice Shard|p2a: Blacephalon
|-resisted|p2a: Blacephalon
|-damage|p2a: Blacephalon|0 fnt
|faint|p2a: Blacephalon
|
|-fieldend|move: Electric Terrain
|upkeep
|
|t:|1663696094
|switch|p2a: Jaw|Crawdaunt, F|78/100
|turn|22
|
|t:|1663696097
|move|p1a: Ocelot|Triple Axel|p2a: Jaw
|-resisted|p2a: Jaw
|-damage|p2a: Jaw|71/100
|-resisted|p2a: Jaw
|-damage|p2a: Jaw|57/100
|-resisted|p2a: Jaw
|-damage|p2a: Jaw|35/100
|-hitcount|p2a: Jaw|3
|move|p2a: Jaw|Swords Dance|p2a: Jaw
|-boost|p2a: Jaw|atk|2
|
|upkeep
|turn|23
|
|t:|1663696104
|switch|p1a: Sundowner|Ferrothorn, M, shiny|80/100
|-damage|p1a: Sundowner|74/100|[from] Stealth Rock
|-damage|p1a: Sundowner|61/100|[from] Spikes
|move|p2a: Jaw|Aqua Jet|p1a: Sundowner
|-resisted|p1a: Sundowner
|-damage|p1a: Sundowner|34/100
|-damage|p2a: Jaw|23/100|[from] ability: Iron Barbs|[of] p1a: Sundowner
|-damage|p2a: Jaw|13/100|[from] item: Life Orb
|
|-heal|p1a: Sundowner|40/100|[from] item: Leftovers
|upkeep
|turn|24
|c|☆Pok et glace|damn
|
|t:|1663696111
|move|p2a: Jaw|Knock Off|p1a: Sundowner
|-crit|p1a: Sundowner
|-damage|p1a: Sundowner|0 fnt
|-damage|p2a: Jaw|0 fnt|[from] ability: Iron Barbs|[of] p1a: Sundowner
|faint|p1a: Sundowner
|faint|p2a: Jaw
|
|win|Spectre Ace
|raw|Spectre Ace's rating: 1776 &rarr; <strong>1806</strong><br />(+30 for winning)
|raw|Pok et glace's rating: 1967 &rarr; <strong>1937</strong><br />(-30 for losing)
|c|☆Spectre Ace|Gg
|c|☆Pok et glace|fucking hald an hour of progress
|c|☆Pok et glace|gg
|l|☆Pok et glace
|l| Crowv2
|c|☆Spectre Ace|50/50 was tough
|l| meatybawls
|l| 8yccgogyc9y
||Ladder isn't responding, score probably updated but might not have (Request timeout).
|l| Hedon
|l| 0SiegeWarfare
