|j|☆Libski
|j|☆Gotham Paladin
|t:|1659816039
|gametype|singles
|player|p1|Libski|bianca-pwt|1621
|player|p2|Gotham Paladin|red|1613
|teamsize|p1|6
|teamsize|p2|6
|gen|8
|tier|[Gen 8] OU
|rated|
|rule|Sleep Clause Mod: Limit one foe put to sleep
|rule|Species Clause: Limit one of each Pokémon
|rule|OHKO Clause: OHKO moves are banned
|rule|Evasion Items Clause: Evasion items are banned
|rule|Evasion Moves Clause: Evasion moves are banned
|rule|Endless Battle Clause: Forcing endless battles is banned
|rule|HP Percentage Mod: HP is shown in percentages
|rule|Dynamax Clause: You cannot dynamax
|clearpoke
|poke|p1|Toxapex, F|
|poke|p1|Landorus-Therian, M|
|poke|p1|Blissey, F|
|poke|p1|Clefable, F|
|poke|p1|Porygon-Z|
|poke|p1|Zapdos|
|poke|p2|Tapu Bulu|
|poke|p2|Kartana|
|poke|p2|Zapdos|
|poke|p2|Slowbro, F|
|poke|p2|Heatran, M|
|poke|p2|Landorus-Therian, M|
|teampreview
|
|t:|1659816053
|start
|switch|p1a: Zapdos|Zapdos|100/100
|switch|p2a: Olly|Kartana, shiny|100/100
|turn|1
|inactive|Battle timer is ON: inactive players will automatically lose when time's up. (requested by Libski)
|
|t:|1659816059
|switch|p2a: Calrissian|Landorus-Therian, M|100/100
|-ability|p2a: Calrissian|Intimidate|boost
|-unboost|p1a: Zapdos|atk|1
|move|p1a: Zapdos|Hurricane|p2a: Calrissian
|-damage|p2a: Calrissian|37/100
|-start|p2a: Calrissian|confusion
|
|-heal|p2a: Calrissian|43/100|[from] item: Leftovers
|upkeep
|turn|2
|
|t:|1659816067
|switch|p2a: Ironclad|Heatran, M|100/100
|move|p1a: Zapdos|Hurricane|p2a: Ironclad
|-resisted|p2a: Ironclad
|-damage|p2a: Ironclad|76/100
|
|-heal|p2a: Ironclad|82/100|[from] item: Leftovers
|upkeep
|turn|3
|
|t:|1659816073
|switch|p1a: Landorus|Landorus-Therian, M|100/100
|-ability|p1a: Landorus|Intimidate|boost
|-unboost|p2a: Ironclad|atk|1
|move|p2a: Ironclad|Stealth Rock|p1a: Landorus
|-sidestart|p1: Libski|move: Stealth Rock
|
|-heal|p2a: Ironclad|88/100|[from] item: Leftovers
|upkeep
|turn|4
|
|t:|1659816083
|switch|p2a: A Real Shocker|Zapdos|100/100
|move|p1a: Landorus|Defog|p2a: A Real Shocker
|-unboost|p2a: A Real Shocker|evasion|1
|-sideend|p1: Libski|Stealth Rock|[from] move: Defog|[of] p1a: Landorus
|
|upkeep
|turn|5
|
|t:|1659816087
|move|p2a: A Real Shocker|Hurricane|p1a: Landorus
|-damage|p1a: Landorus|37/100
|move|p1a: Landorus|Toxic|p2a: A Real Shocker
|-status|p2a: A Real Shocker|tox
|
|-heal|p1a: Landorus|43/100|[from] item: Leftovers
|-damage|p2a: A Real Shocker|94/100 tox|[from] psn
|upkeep
|turn|6
|
|t:|1659816091
|switch|p1a: Blissey|Blissey, F|100/100
|move|p2a: A Real Shocker|Hurricane|p1a: Blissey
|-damage|p1a: Blissey|79/100
|-start|p1a: Blissey|confusion
|
|-damage|p2a: A Real Shocker|82/100 tox|[from] psn
|upkeep
|turn|7
|
|t:|1659816097
|switch|p2a: Ironclad|Heatran, M|88/100
|-activate|p1a: Blissey|confusion
|move|p1a: Blissey|Teleport|p1a: Blissey
|
|t:|1659816099
|switch|p1a: Landorus|Landorus-Therian, M|43/100|[from]move: Teleport
|-ability|p1a: Landorus|Intimidate|boost
|-unboost|p2a: Ironclad|atk|1
|
|-heal|p1a: Landorus|49/100|[from] item: Leftovers
|-heal|p2a: Ironclad|94/100|[from] item: Leftovers
|upkeep
|turn|8
|
|t:|1659816102
|switch|p2a: Calrissian|Landorus-Therian, M|43/100
|-ability|p2a: Calrissian|Intimidate|boost
|-unboost|p1a: Landorus|atk|1
|move|p1a: Landorus|Earthquake|p2a: Calrissian
|-immune|p2a: Calrissian
|
|-heal|p1a: Landorus|55/100|[from] item: Leftovers
|-heal|p2a: Calrissian|49/100|[from] item: Leftovers
|upkeep
|turn|9
|
|t:|1659816105
|move|p1a: Landorus|Toxic|p2a: Calrissian
|-status|p2a: Calrissian|tox
|move|p2a: Calrissian|Toxic|p1a: Landorus
|-status|p1a: Landorus|tox
|
|-heal|p1a: Landorus|61/100 tox|[from] item: Leftovers
|-heal|p2a: Calrissian|55/100 tox|[from] item: Leftovers
|-damage|p1a: Landorus|55/100 tox|[from] psn
|-damage|p2a: Calrissian|49/100 tox|[from] psn
|upkeep
|turn|10
|
|t:|1659816109
|move|p1a: Landorus|U-turn|p2a: Calrissian
|-resisted|p2a: Calrissian
|-damage|p2a: Calrissian|43/100 tox
|
|t:|1659816115
|switch|p1a: Yoinky|Toxapex, F|100/100|[from]move: U-turn
|move|p2a: Calrissian|U-turn|p1a: Yoinky
|-resisted|p1a: Yoinky
|-damage|p1a: Yoinky|94/100
|-damage|p2a: Calrissian|26/100 tox|[from] item: Rocky Helmet|[of] p1a: Yoinky
|
|t:|1659816124
|switch|p2a: Why he Ourple|Slowbro, F, shiny|100/100|[from]move: U-turn
|
|upkeep
|turn|11
|
|t:|1659816128
|switch|p1a: Porygon-Z|Porygon-Z|100/100
|-ability|p1a: Porygon-Z|Download|boost
|-boost|p1a: Porygon-Z|spa|1
|move|p2a: Why he Ourple|Future Sight|p1a: Porygon-Z
|-start|p2a: Why he Ourple|move: Future Sight
|
|upkeep
|turn|12
|
|t:|1659816135
|move|p1a: Porygon-Z|Shadow Ball|p2a: Why he Ourple
|-supereffective|p2a: Why he Ourple
|-damage|p2a: Why he Ourple|4/100
|move|p2a: Why he Ourple|Teleport|p2a: Why he Ourple
|inactive|Gotham Paladin has 120 seconds left.
|
|t:|1659816166
|switch|p2a: Ironclad|Heatran, M|94/100|[from]move: Teleport
|
|-heal|p2a: Ironclad|100/100|[from] item: Leftovers
|upkeep
|turn|13
|
|t:|1659816171
|move|p1a: Porygon-Z|Shadow Ball|p2a: Ironclad
|-damage|p2a: Ironclad|70/100
|move|p2a: Ironclad|Magma Storm|p1a: Porygon-Z|[miss]
|-miss|p2a: Ironclad|p1a: Porygon-Z
|
|-end|p1a: Porygon-Z|move: Future Sight
|-damage|p1a: Porygon-Z|40/100
|-heal|p2a: Ironclad|76/100|[from] item: Leftovers
|upkeep
|turn|14
|
|t:|1659816175
|move|p1a: Porygon-Z|Shadow Ball|p2a: Ironclad
|-damage|p2a: Ironclad|47/100
|move|p2a: Ironclad|Magma Storm|p1a: Porygon-Z
|-damage|p1a: Porygon-Z|0 fnt
|faint|p1a: Porygon-Z
|
|-heal|p2a: Ironclad|53/100|[from] item: Leftovers
|upkeep
|
|t:|1659816183
|switch|p1a: Zapdos|Zapdos|100/100
|turn|15
|
|t:|1659816186
|move|p2a: Ironclad|Protect|p2a: Ironclad
|-singleturn|p2a: Ironclad|Protect
|move|p1a: Zapdos|Volt Switch|p2a: Ironclad
|-activate|p2a: Ironclad|move: Protect
|
|-heal|p2a: Ironclad|60/100|[from] item: Leftovers
|upkeep
|turn|16
|
|t:|1659816192
|switch|p2a: Calrissian|Landorus-Therian, M|26/100 tox
|-ability|p2a: Calrissian|Intimidate|boost
|-unboost|p1a: Zapdos|atk|1
|move|p1a: Zapdos|Volt Switch|p2a: Calrissian
|-immune|p2a: Calrissian
|
|-heal|p2a: Calrissian|32/100 tox|[from] item: Leftovers
|-damage|p2a: Calrissian|26/100 tox|[from] psn
|upkeep
|turn|17
|
|t:|1659816195
|switch|p1a: Yoinky|Toxapex, F|100/100
|move|p2a: Calrissian|U-turn|p1a: Yoinky
|-resisted|p1a: Yoinky
|-damage|p1a: Yoinky|93/100
|-damage|p2a: Calrissian|10/100 tox|[from] item: Rocky Helmet|[of] p1a: Yoinky
|
|t:|1659816202
|switch|p2a: Why he Ourple|Slowbro, F, shiny|37/100|[from]move: U-turn
|
|upkeep
|turn|18
|
|t:|1659816205
|switch|p1a: Zapdos|Zapdos|100/100
|move|p2a: Why he Ourple|Future Sight|p1a: Zapdos
|-start|p2a: Why he Ourple|move: Future Sight
|
|upkeep
|turn|19
|
|t:|1659816210
|switch|p2a: Calrissian|Landorus-Therian, M|10/100 tox
|-ability|p2a: Calrissian|Intimidate|boost
|-unboost|p1a: Zapdos|atk|1
|move|p1a: Zapdos|Hurricane|p2a: Calrissian
|-damage|p2a: Calrissian|0 fnt
|faint|p2a: Calrissian
|
|upkeep
|
|t:|1659816216
|switch|p2a: Ironclad|Heatran, M|60/100
|turn|20
|
|t:|1659816219
|switch|p1a: Blissey|Blissey, F|79/100
|move|p2a: Ironclad|Magma Storm|p1a: Blissey
|-damage|p1a: Blissey|62/100
|-activate|p1a: Blissey|move: Magma Storm|[of] p2a: Ironclad
|
|-end|p1a: Blissey|move: Future Sight
|-damage|p1a: Blissey|46/100
|-heal|p2a: Ironclad|66/100|[from] item: Leftovers
|-damage|p1a: Blissey|33/100|[from] move: Magma Storm|[partiallytrapped]
|upkeep
|turn|21
|
|t:|1659816225
|move|p2a: Ironclad|Stealth Rock|p1a: Blissey
|-sidestart|p1: Libski|move: Stealth Rock
|move|p1a: Blissey|Soft-Boiled|p1a: Blissey
|-heal|p1a: Blissey|83/100
|
|-heal|p2a: Ironclad|72/100|[from] item: Leftovers
|-damage|p1a: Blissey|71/100|[from] move: Magma Storm|[partiallytrapped]
|upkeep
|turn|22
|
|t:|1659816232
|switch|p2a: C+ Is Bull|Tapu Bulu, shiny|100/100
|-fieldstart|move: Grassy Terrain|[from] ability: Grassy Surge|[of] p2a: C+ Is Bull
|move|p1a: Blissey|Teleport|p1a: Blissey
|
|t:|1659816249
|switch|p1a: Zapdos|Zapdos|100/100|[from]move: Teleport
|-damage|p1a: Zapdos|76/100|[from] Stealth Rock
|
|upkeep
|turn|23
|
|t:|1659816252
|switch|p2a: Ironclad|Heatran, M|72/100
|move|p1a: Zapdos|Volt Switch|p2a: Ironclad
|-damage|p2a: Ironclad|39/100
|
|t:|1659816254
|switch|p1a: Landorus|Landorus-Therian, M|55/100 tox|[from]move: Volt Switch
|-damage|p1a: Landorus|43/100 tox|[from] Stealth Rock
|-ability|p1a: Landorus|Intimidate|boost
|-unboost|p2a: Ironclad|atk|1
|
|-heal|p1a: Landorus|49/100 tox|[from] item: Leftovers
|-heal|p2a: Ironclad|45/100|[from] Grassy Terrain
|-heal|p2a: Ironclad|51/100|[from] item: Leftovers
|-damage|p1a: Landorus|43/100 tox|[from] psn
|upkeep
|turn|24
|
|t:|1659816261
|move|p2a: Ironclad|Protect|p2a: Ironclad
|-singleturn|p2a: Ironclad|Protect
|move|p1a: Landorus|Earthquake|p2a: Ironclad
|-activate|p2a: Ironclad|move: Protect
|
|-heal|p1a: Landorus|49/100 tox|[from] item: Leftovers
|-heal|p2a: Ironclad|57/100|[from] Grassy Terrain
|-heal|p2a: Ironclad|63/100|[from] item: Leftovers
|-damage|p1a: Landorus|37/100 tox|[from] psn
|upkeep
|turn|25
|
|t:|1659816271
|switch|p2a: C+ Is Bull|Tapu Bulu, shiny|100/100
|move|p1a: Landorus|Defog|p2a: C+ Is Bull
|-unboost|p2a: C+ Is Bull|evasion|1
|-sideend|p1: Libski|Stealth Rock|[from] move: Defog|[of] p1a: Landorus
|-fieldend|move: Grassy Terrain
|
|-heal|p1a: Landorus|43/100 tox|[from] item: Leftovers
|-damage|p1a: Landorus|25/100 tox|[from] psn
|upkeep
|turn|26
|
|t:|1659816280
|switch|p1a: Zapdos|Zapdos|76/100
|move|p2a: C+ Is Bull|Zen Headbutt|p1a: Zapdos
|-damage|p1a: Zapdos|24/100
|
|upkeep
|turn|27
|
|t:|1659816300
|switch|p2a: Ironclad|Heatran, M|63/100
|move|p1a: Zapdos|Volt Switch|p2a: Ironclad
|-damage|p2a: Ironclad|32/100
|
|t:|1659816303
|switch|p1a: Landorus|Landorus-Therian, M|25/100 tox|[from]move: Volt Switch
|-ability|p1a: Landorus|Intimidate|boost
|-unboost|p2a: Ironclad|atk|1
|
|-heal|p1a: Landorus|31/100 tox|[from] item: Leftovers
|-heal|p2a: Ironclad|38/100|[from] item: Leftovers
|-damage|p1a: Landorus|25/100 tox|[from] psn
|upkeep
|turn|28
|
|t:|1659816307
|move|p2a: Ironclad|Protect|p2a: Ironclad
|-singleturn|p2a: Ironclad|Protect
|move|p1a: Landorus|Earthquake|p2a: Ironclad
|-activate|p2a: Ironclad|move: Protect
|
|-heal|p1a: Landorus|31/100 tox|[from] item: Leftovers
|-heal|p2a: Ironclad|45/100|[from] item: Leftovers
|-damage|p1a: Landorus|19/100 tox|[from] psn
|upkeep
|turn|29
|
|t:|1659816312
|move|p1a: Landorus|Earthquake|p2a: Ironclad
|-supereffective|p2a: Ironclad
|-damage|p2a: Ironclad|0 fnt
|faint|p2a: Ironclad
|
|-heal|p1a: Landorus|25/100 tox|[from] item: Leftovers
|-damage|p1a: Landorus|7/100 tox|[from] psn
|upkeep
|
|t:|1659816336
|switch|p2a: Olly|Kartana, shiny|100/100
|turn|30
|
|t:|1659816339
|switch|p1a: Yoinky|Toxapex, F|100/100
|move|p2a: Olly|Leaf Blade|p1a: Yoinky
|-damage|p1a: Yoinky|64/100
|-damage|p2a: Olly|84/100|[from] item: Rocky Helmet|[of] p1a: Yoinky
|
|upkeep
|turn|31
|
|t:|1659816347
|switch|p2a: A Real Shocker|Zapdos|82/100 tox
|switch|p1a: Zapdos|Zapdos|24/100
|
|-damage|p2a: A Real Shocker|76/100 tox|[from] psn
|upkeep
|turn|32
|
|t:|1659816351
|switch|p1a: Blissey|Blissey, F|71/100
|move|p2a: A Real Shocker|Thunderbolt|p1a: Blissey
|-damage|p1a: Blissey|53/100
|
|-damage|p2a: A Real Shocker|63/100 tox|[from] psn
|upkeep
|turn|33
|
|t:|1659816354
|switch|p2a: C+ Is Bull|Tapu Bulu, shiny|100/100
|-fieldstart|move: Grassy Terrain|[from] ability: Grassy Surge|[of] p2a: C+ Is Bull
|move|p1a: Blissey|Stealth Rock|p2a: C+ Is Bull
|-sidestart|p2: Gotham Paladin|move: Stealth Rock
|
|-heal|p1a: Blissey|59/100|[from] Grassy Terrain
|upkeep
|turn|34
|
|t:|1659816360
|switch|p1a: Landorus|Landorus-Therian, M|7/100 tox
|-ability|p1a: Landorus|Intimidate|boost
|-unboost|p2a: C+ Is Bull|atk|1
|move|p2a: C+ Is Bull|Horn Leech|p1a: Landorus
|-damage|p1a: Landorus|0 fnt
|faint|p1a: Landorus
|
|upkeep
|
|t:|1659816368
|switch|p1a: Zapdos|Zapdos|24/100
|turn|35
|
|t:|1659816380
|switch|p2a: A Real Shocker|Zapdos|63/100 tox
|move|p1a: Zapdos|Heat Wave|p2a: A Real Shocker
|-damage|p2a: A Real Shocker|10/100 tox
|
|-damage|p2a: A Real Shocker|3/100 tox|[from] psn
|upkeep
|turn|36
|
|t:|1659816390
|switch|p1a: Blissey|Blissey, F|59/100
|move|p2a: A Real Shocker|Hurricane|p1a: Blissey
|-damage|p1a: Blissey|38/100
|-start|p1a: Blissey|confusion
|
|-heal|p1a: Blissey|44/100|[from] Grassy Terrain
|-damage|p2a: A Real Shocker|0 fnt|[from] psn
|faint|p2a: A Real Shocker
|upkeep
|
|t:|1659816399
|switch|p2a: C+ Is Bull|Tapu Bulu, shiny|100/100
|-damage|p2a: C+ Is Bull|88/100|[from] Stealth Rock
|turn|37
|
|t:|1659816403
|move|p2a: C+ Is Bull|Horn Leech|p1a: Blissey
|-damage|p1a: Blissey|0 fnt
|-heal|p2a: C+ Is Bull|100/100|[from] drain|[of] p1a: Blissey
|faint|p1a: Blissey
|
|-fieldend|move: Grassy Terrain
|upkeep
|
|t:|1659816405
|switch|p1a: Zapdos|Zapdos|24/100
|turn|38
|
|t:|1659816421
|switch|p2a: Why he Ourple|Slowbro, F, shiny|71/100
|-damage|p2a: Why he Ourple|58/100|[from] Stealth Rock
|move|p1a: Zapdos|Volt Switch|p2a: Why he Ourple
|-supereffective|p2a: Why he Ourple
|-damage|p2a: Why he Ourple|0 fnt
|faint|p2a: Why he Ourple
|
|t:|1659816424
|switch|p1a: Clefable|Clefable, F|100/100|[from]move: Volt Switch
|
|upkeep
|
|t:|1659816430
|switch|p2a: Olly|Kartana, shiny|84/100
|-damage|p2a: Olly|78/100|[from] Stealth Rock
|turn|39
|
|t:|1659816435
|move|p2a: Olly|Smart Strike|p1a: Clefable
|-supereffective|p1a: Clefable
|-damage|p1a: Clefable|33/100
|move|p1a: Clefable|Flamethrower|p2a: Olly
|-supereffective|p2a: Olly
|-damage|p2a: Olly|0 fnt
|faint|p2a: Olly
|
|-heal|p1a: Clefable|40/100|[from] item: Leftovers
|upkeep
|
|t:|1659816440
|switch|p2a: C+ Is Bull|Tapu Bulu, shiny|100/100
|-damage|p2a: C+ Is Bull|88/100|[from] Stealth Rock
|-fieldstart|move: Grassy Terrain|[from] ability: Grassy Surge|[of] p2a: C+ Is Bull
|turn|40
|
|t:|1659816442
|move|p2a: C+ Is Bull|Zen Headbutt|p1a: Clefable
|-damage|p1a: Clefable|2/100
|move|p1a: Clefable|Flamethrower|p2a: C+ Is Bull
|-supereffective|p2a: C+ Is Bull
|-damage|p2a: C+ Is Bull|39/100
|
|-heal|p2a: C+ Is Bull|45/100|[from] Grassy Terrain
|-heal|p1a: Clefable|8/100|[from] Grassy Terrain
|-heal|p1a: Clefable|14/100|[from] item: Leftovers
|upkeep
|turn|41
|
|t:|1659816446
|move|p2a: C+ Is Bull|Zen Headbutt|p1a: Clefable|[miss]
|-miss|p2a: C+ Is Bull|p1a: Clefable
|move|p1a: Clefable|Flamethrower|p2a: C+ Is Bull
|-supereffective|p2a: C+ Is Bull
|-crit|p2a: C+ Is Bull
|-damage|p2a: C+ Is Bull|0 fnt
|faint|p2a: C+ Is Bull
|
|win|Libski
|raw|Libski's rating: 1621 &rarr; <strong>1641</strong><br />(+20 for winning)
|raw|Gotham Paladin's rating: 1613 &rarr; <strong>1593</strong><br />(-20 for losing)
|l|☆Gotham Paladin
|c|☆Libski|gg
