|j|☆moretto
|j|☆Batataplays
|t:|1653709845
|gametype|singles
|player|p1|moretto|clerkf|
|player|p2|Batataplays|leaguestafff|
|teamsize|p1|6
|teamsize|p2|6
|gen|8
|tier|[Gen 8] OU
|rule|Sleep Clause Mod: Limit one foe put to sleep
|rule|Species Clause: Limit one of each Pokémon
|rule|OHKO Clause: OHKO moves are banned
|rule|Evasion Moves Clause: Evasion moves are banned
|rule|Endless Battle Clause: Forcing endless battles is banned
|rule|HP Percentage Mod: HP is shown in percentages
|rule|Dynamax Clause: You cannot dynamax
|clearpoke
|poke|p1|Suicune|
|poke|p1|Hydreigon, M|
|poke|p1|Heracross, F|
|poke|p1|Weezing, F|
|poke|p1|Klefki, M|
|poke|p1|Ninjask, F|
|poke|p2|Cobalion|
|poke|p2|Polteageist|
|poke|p2|Decidueye, M|
|poke|p2|Snorlax, F|
|poke|p2|Salazzle, F|
|poke|p2|Rhyperior, M|
|teampreview
|c|☆moretto|link na pt
|c|☆Batataplays|ok
|j| be7
|
|t:|1653709902
|start
|switch|p1a: Heracross|Heracross, F|100/100
|switch|p2a: Salazzle|Salazzle, F|100/100
|turn|1
|
|t:|1653709912
|move|p2a: Salazzle|Protect|p2a: Salazzle
|-singleturn|p2a: Salazzle|Protect
|move|p1a: Heracross|Earthquake|p2a: Salazzle
|-activate|p2a: Salazzle|move: Protect
|
|upkeep
|turn|2
|
|t:|1653709917
|switch|p2a: Decidueye|Decidueye, M|100/100
|move|p1a: Heracross|Earthquake|p2a: Decidueye
|-resisted|p2a: Decidueye
|-damage|p2a: Decidueye|75/100
|
|upkeep
|turn|3
|
|t:|1653709920
|switch|p1a: Weezing|Weezing, F|100/100
|move|p2a: Decidueye|U-turn|p1a: Weezing
|-resisted|p1a: Weezing
|-damage|p1a: Weezing|94/100
|-damage|p2a: Decidueye|58/100|[from] item: Rocky Helmet|[of] p1a: Weezing
|
|t:|1653709924
|switch|p2a: Salazzle|Salazzle, F|100/100|[from]move: U-turn
|
|upkeep
|turn|4
|
|t:|1653709935
|move|p2a: Salazzle|Substitute|p2a: Salazzle
|-start|p2a: Salazzle|Substitute
|-damage|p2a: Salazzle|76/100
|move|p1a: Weezing|Sludge Bomb|p2a: Salazzle
|-resisted|p2a: Salazzle
|-activate|p2a: Salazzle|move: Substitute|[damage]
|
|-heal|p2a: Salazzle|82/100|[from] item: Black Sludge
|upkeep
|turn|5
|
|t:|1653709941
|move|p2a: Salazzle|Protect|p2a: Salazzle
|-singleturn|p2a: Salazzle|Protect
|move|p1a: Weezing|Sludge Bomb|p2a: Salazzle
|-activate|p2a: Salazzle|move: Protect
|
|-heal|p2a: Salazzle|88/100|[from] item: Black Sludge
|upkeep
|turn|6
|
|t:|1653709946
|move|p2a: Salazzle|Toxic|p1a: Weezing
|-status|p1a: Weezing|tox
|move|p1a: Weezing|Sludge Bomb|p2a: Salazzle
|-resisted|p2a: Salazzle
|-end|p2a: Salazzle|Substitute
|
|-heal|p2a: Salazzle|94/100|[from] item: Black Sludge
|-damage|p1a: Weezing|88/100 tox|[from] psn
|upkeep
|turn|7
|
|t:|1653709952
|switch|p1a: Hydreigon|Hydreigon, M|100/100
|move|p2a: Salazzle|Substitute|p2a: Salazzle
|-start|p2a: Salazzle|Substitute
|-damage|p2a: Salazzle|70/100
|
|-heal|p2a: Salazzle|76/100|[from] item: Black Sludge
|upkeep
|turn|8
|
|t:|1653709960
|move|p2a: Salazzle|Protect|p2a: Salazzle
|-singleturn|p2a: Salazzle|Protect
|move|p1a: Hydreigon|Earth Power|p2a: Salazzle
|-activate|p2a: Salazzle|move: Protect
|
|-heal|p2a: Salazzle|82/100|[from] item: Black Sludge
|upkeep
|turn|9
|j| Mareoo
|
|t:|1653709980
|move|p2a: Salazzle|Toxic|p1a: Hydreigon
|-status|p1a: Hydreigon|tox
|move|p1a: Hydreigon|Taunt|p2a: Salazzle
|-start|p2a: Salazzle|move: Taunt
|
|-heal|p2a: Salazzle|88/100|[from] item: Black Sludge
|-damage|p1a: Hydreigon|94/100 tox|[from] psn
|upkeep
|turn|10
|
|t:|1653709983
|move|p2a: Salazzle|Sludge Bomb|p1a: Hydreigon
|-damage|p1a: Hydreigon|70/100 tox
|move|p1a: Hydreigon|Earth Power|p2a: Salazzle
|-supereffective|p2a: Salazzle
|-end|p2a: Salazzle|Substitute
|
|-heal|p2a: Salazzle|94/100|[from] item: Black Sludge
|-heal|p1a: Hydreigon|76/100 tox|[from] item: Leftovers
|-damage|p1a: Hydreigon|63/100 tox|[from] psn
|upkeep
|turn|11
|j| ZCopen
|
|t:|1653709988
|switch|p2a: Decidueye|Decidueye, M|58/100
|move|p1a: Hydreigon|Roost|p1a: Hydreigon
|-heal|p1a: Hydreigon|100/100 tox
|-singleturn|p1a: Hydreigon|move: Roost
|
|-damage|p1a: Hydreigon|82/100 tox|[from] psn
|upkeep
|turn|12
|
|t:|1653709990
|move|p2a: Decidueye|U-turn|p1a: Hydreigon
|-supereffective|p1a: Hydreigon
|-damage|p1a: Hydreigon|44/100 tox
|
|t:|1653709992
|switch|p2a: Cobalion|Cobalion|100/100|[from]move: U-turn
|move|p1a: Hydreigon|Dark Pulse|p2a: Cobalion
|-resisted|p2a: Cobalion
|-damage|p2a: Cobalion|76/100
|-ability|p2a: Cobalion|Justified|boost
|-boost|p2a: Cobalion|atk|1
|
|-heal|p2a: Cobalion|83/100|[from] item: Leftovers
|-heal|p1a: Hydreigon|50/100 tox|[from] item: Leftovers
|-damage|p1a: Hydreigon|25/100 tox|[from] psn
|upkeep
|turn|13
|
|t:|1653709997
|move|p2a: Cobalion|Iron Head|p1a: Hydreigon
|-damage|p1a: Hydreigon|0 fnt
|faint|p1a: Hydreigon
|
|-heal|p2a: Cobalion|89/100|[from] item: Leftovers
|upkeep
|
|t:|1653709999
|switch|p1a: Heracross|Heracross, F|100/100
|turn|14
|
|t:|1653710007
|move|p1a: Heracross|Earthquake|p2a: Cobalion
|-supereffective|p2a: Cobalion
|-damage|p2a: Cobalion|29/100
|move|p2a: Cobalion|Zen Headbutt|p1a: Heracross
|-supereffective|p1a: Heracross
|-damage|p1a: Heracross|1/100
|
|-heal|p2a: Cobalion|35/100|[from] item: Leftovers
|upkeep
|turn|15
|
|t:|1653710014
|switch|p2a: Snorlax|Snorlax, F|100/100
|move|p1a: Heracross|Earthquake|p2a: Snorlax
|-damage|p2a: Snorlax|67/100
|
|-heal|p2a: Snorlax|74/100|[from] item: Leftovers
|upkeep
|turn|16
|
|t:|1653710023
|switch|p1a: Suicune|Suicune|100/100
|-ability|p1a: Suicune|Pressure
|move|p2a: Snorlax|Curse|p2a: Snorlax
|-unboost|p2a: Snorlax|spe|1
|-boost|p2a: Snorlax|atk|1
|-boost|p2a: Snorlax|def|1
|
|-heal|p2a: Snorlax|80/100|[from] item: Leftovers
|upkeep
|turn|17
|
|t:|1653710029
|move|p1a: Suicune|Substitute|p1a: Suicune
|-start|p1a: Suicune|Substitute
|-damage|p1a: Suicune|75/100
|move|p2a: Snorlax|Body Slam|p1a: Suicune
|-end|p1a: Suicune|Substitute
|
|-heal|p1a: Suicune|82/100|[from] item: Leftovers
|-heal|p2a: Snorlax|86/100|[from] item: Leftovers
|upkeep
|turn|18
|
|t:|1653710035
|move|p1a: Suicune|Calm Mind|p1a: Suicune
|-boost|p1a: Suicune|spa|1
|-boost|p1a: Suicune|spd|1
|move|p2a: Snorlax|Body Slam|p1a: Suicune
|-damage|p1a: Suicune|44/100
|
|-heal|p1a: Suicune|50/100|[from] item: Leftovers
|-heal|p2a: Snorlax|92/100|[from] item: Leftovers
|upkeep
|turn|19
|
|t:|1653710037
|move|p1a: Suicune|Scald|p2a: Snorlax
|-damage|p2a: Snorlax|75/100
|move|p2a: Snorlax|Body Press|p1a: Suicune
|-damage|p1a: Suicune|36/100
|
|-heal|p1a: Suicune|43/100|[from] item: Leftovers
|-heal|p2a: Snorlax|81/100|[from] item: Leftovers
|upkeep
|turn|20
|
|t:|1653710043
|move|p1a: Suicune|Scald|p2a: Snorlax
|-damage|p2a: Snorlax|63/100
|move|p2a: Snorlax|Body Slam|p1a: Suicune
|-damage|p1a: Suicune|7/100
|-status|p1a: Suicune|par
|
|-heal|p1a: Suicune|14/100 par|[from] item: Leftovers
|-heal|p2a: Snorlax|69/100|[from] item: Leftovers
|upkeep
|turn|21
|
|t:|1653710048
|move|p1a: Suicune|Scald|p2a: Snorlax
|-damage|p2a: Snorlax|53/100
|move|p2a: Snorlax|Body Slam|p1a: Suicune
|-damage|p1a: Suicune|0 fnt
|faint|p1a: Suicune
|
|-heal|p2a: Snorlax|59/100|[from] item: Leftovers
|upkeep
|
|t:|1653710050
|switch|p1a: Ninjask|Ninjask, F|100/100
|turn|22
|
|t:|1653710052
|move|p1a: Ninjask|Acrobatics|p2a: Snorlax
|-damage|p2a: Snorlax|30/100
|move|p2a: Snorlax|Body Slam|p1a: Ninjask
|-damage|p1a: Ninjask|4/100
|-status|p1a: Ninjask|par
|
|-heal|p2a: Snorlax|36/100|[from] item: Leftovers
|-ability|p1a: Ninjask|Speed Boost|boost
|-boost|p1a: Ninjask|spe|1
|upkeep
|turn|23
|
|t:|1653710055
|move|p1a: Ninjask|Acrobatics|p2a: Snorlax
|-damage|p2a: Snorlax|6/100
|move|p2a: Snorlax|Body Slam|p1a: Ninjask
|-damage|p1a: Ninjask|0 fnt
|faint|p1a: Ninjask
|
|-heal|p2a: Snorlax|12/100|[from] item: Leftovers
|upkeep
|
|t:|1653710058
|switch|p1a: Heracross|Heracross, F|1/100
|turn|24
|j| analysis geek
|c|☆moretto|perdi
|c|☆moretto|kkkkkkk
|
|t:|1653710067
|switch|p2a: Decidueye|Decidueye, M|58/100
|move|p1a: Heracross|Earthquake|p2a: Decidueye
|-resisted|p2a: Decidueye
|-damage|p2a: Decidueye|32/100
|
|upkeep
|turn|25
|
|t:|1653710071
|switch|p1a: Weezing|Weezing, F|88/100 tox
|move|p2a: Decidueye|U-turn|p1a: Weezing
|-resisted|p1a: Weezing
|-damage|p1a: Weezing|80/100 tox
|-damage|p2a: Decidueye|16/100|[from] item: Rocky Helmet|[of] p1a: Weezing
|
|t:|1653710073
|switch|p2a: Salazzle|Salazzle, F|94/100|[from]move: U-turn
|
|-heal|p2a: Salazzle|100/100|[from] item: Black Sludge
|-damage|p1a: Weezing|74/100 tox|[from] psn
|upkeep
|turn|26
|c| ZCopen|guess who predicted it
|j| MMX7
|
|t:|1653710082
|switch|p1a: Klefki|Klefki, M|100/100
|move|p2a: Salazzle|Substitute|p2a: Salazzle
|-start|p2a: Salazzle|Substitute
|-damage|p2a: Salazzle|76/100
|
|-heal|p2a: Salazzle|82/100|[from] item: Black Sludge
|upkeep
|turn|27
|c|☆Batataplays|mas foi mt boa a batalha
|n| DuoM2|mmx7
|
|t:|1653710087
|move|p2a: Salazzle|Toxic|p1a: Klefki
|-status|p1a: Klefki|tox
|move|p1a: Klefki|Foul Play|p2a: Salazzle
|-activate|p2a: Salazzle|move: Substitute|[damage]
|
|-heal|p2a: Salazzle|88/100|[from] item: Black Sludge
|-damage|p1a: Klefki|95/100 tox|[from] psn
|upkeep
|turn|28
|
|t:|1653710089
|move|p2a: Salazzle|Protect|p2a: Salazzle
|-singleturn|p2a: Salazzle|Protect
|move|p1a: Klefki|Foul Play|p2a: Salazzle
|-activate|p2a: Salazzle|move: Protect
|
|-heal|p2a: Salazzle|94/100|[from] item: Black Sludge
|-damage|p1a: Klefki|83/100 tox|[from] psn
|upkeep
|turn|29
|c| DuoM2|what is this
|
|t:|1653710098
|move|p2a: Salazzle|Sludge Bomb|p1a: Klefki
|-immune|p1a: Klefki
|move|p1a: Klefki|Foul Play|p2a: Salazzle
|-crit|p2a: Salazzle
|-end|p2a: Salazzle|Substitute
|
|-heal|p2a: Salazzle|100/100|[from] item: Black Sludge
|-damage|p1a: Klefki|65/100 tox|[from] psn
|upkeep
|turn|30
|
|t:|1653710102
|move|p1a: Klefki|Switcheroo|p2a: Salazzle
|-activate|p1a: Klefki|move: Trick|[of] p2a: Salazzle
|-item|p2a: Salazzle|Lagging Tail|[from] move: Switcheroo
|-item|p1a: Klefki|Black Sludge|[from] move: Switcheroo
|move|p2a: Salazzle|Substitute|p2a: Salazzle
|-start|p2a: Salazzle|Substitute
|-damage|p2a: Salazzle|76/100
|
|-damage|p1a: Klefki|52/100 tox|[from] item: Black Sludge
|-damage|p1a: Klefki|28/100 tox|[from] psn
|upkeep
|turn|31
|
|t:|1653710106
|move|p2a: Salazzle|Protect|p2a: Salazzle
|-singleturn|p2a: Salazzle|Protect
|move|p1a: Klefki|Foul Play|p2a: Salazzle
|-activate|p2a: Salazzle|move: Protect
|
|-damage|p1a: Klefki|16/100 tox|[from] item: Black Sludge
|-damage|p1a: Klefki|0 fnt|[from] psn
|faint|p1a: Klefki
|upkeep
|
|t:|1653710108
|switch|p1a: Weezing|Weezing, F|74/100 tox
|turn|32
|
|t:|1653710115
|move|p1a: Weezing|Sludge Bomb|p2a: Salazzle
|-resisted|p2a: Salazzle
|-activate|p2a: Salazzle|move: Substitute|[damage]
|move|p2a: Salazzle|Substitute|p2a: Salazzle
|-fail|p2a: Salazzle|move: Substitute
|
|-damage|p1a: Weezing|68/100 tox|[from] psn
|upkeep
|turn|33
|
|t:|1653710121
|move|p2a: Salazzle|Protect|p2a: Salazzle
|-singleturn|p2a: Salazzle|Protect
|move|p1a: Weezing|Sludge Bomb|p2a: Salazzle
|-activate|p2a: Salazzle|move: Protect
|
|-damage|p1a: Weezing|56/100 tox|[from] psn
|upkeep
|turn|34
|
|t:|1653710123
|move|p1a: Weezing|Sludge Bomb|p2a: Salazzle
|-resisted|p2a: Salazzle
|-end|p2a: Salazzle|Substitute
|move|p2a: Salazzle|Substitute|p2a: Salazzle
|-start|p2a: Salazzle|Substitute
|-damage|p2a: Salazzle|51/100
|
|-damage|p1a: Weezing|39/100 tox|[from] psn
|upkeep
|turn|35
|
|t:|1653710126
|move|p2a: Salazzle|Protect|p2a: Salazzle
|-singleturn|p2a: Salazzle|Protect
|move|p1a: Weezing|Pain Split|p2a: Salazzle
|-activate|p2a: Salazzle|move: Protect
|
|-damage|p1a: Weezing|15/100 tox|[from] psn
|upkeep
|turn|36
|
|t:|1653710129
|move|p1a: Weezing|Pain Split||[still]
|-fail|p1a: Weezing
|move|p2a: Salazzle|Substitute|p2a: Salazzle
|-fail|p2a: Salazzle|move: Substitute
|
|-damage|p1a: Weezing|0 fnt|[from] psn
|faint|p1a: Weezing
|upkeep
|
|t:|1653710132
|switch|p1a: Heracross|Heracross, F|1/100
|turn|37
|
|t:|1653710133
|move|p1a: Heracross|Earthquake|p2a: Salazzle
|-supereffective|p2a: Salazzle
|-end|p2a: Salazzle|Substitute
|move|p2a: Salazzle|Sludge Bomb|p1a: Heracross
|-damage|p1a: Heracross|0 fnt
|faint|p1a: Heracross
|
|win|Batataplays
|c| be7|pq tanta gente?
|c|☆moretto|,
|l|☆moretto
|c| be7|lul
|c| be7|boa batata
|l| DuoM2
|c|☆Batataplays|vlw be7
|l| be7
|l| ZCopen
