|html|<div class="broadcast-blue"><strong>[Gen 8] OU is currently suspecting Melmetal! For information on how to participate check out the <a href="https://www.smogon.com/forums/threads/np-ss-ou-suspect-process-round-12-monster-mash.3709234/">suspect thread</a>.</strong></div>
|j|☆ghecisbestvillain
|j|☆toon arctozolt
|t:|1666772296
|gametype|singles
|player|p1|ghecisbestvillain|scientist-gen4|1770
|player|p2|toon arctozolt|harlequin|1797
|teamsize|p1|6
|teamsize|p2|6
|gen|8
|tier|[Gen 8] OU
|rated|
|rule|Sleep Clause Mod: Limit one foe put to sleep
|rule|Species Clause: Limit one of each Pokémon
|rule|OHKO Clause: OHKO moves are banned
|rule|Evasion Items Clause: Evasion items are banned
|rule|Evasion Moves Clause: Evasion moves are banned
|rule|Endless Battle Clause: Forcing endless battles is banned
|rule|HP Percentage Mod: HP is shown in percentages
|rule|Dynamax Clause: You cannot dynamax
|clearpoke
|poke|p1|Chansey, F|
|poke|p1|Toxapex, M|
|poke|p1|Buzzwole|
|poke|p1|Landorus-Therian, M|
|poke|p1|Slowking, M|
|poke|p1|Grimmsnarl, M|
|poke|p2|Pelipper, M|
|poke|p2|Corviknight, M|
|poke|p2|Inteleon, F|
|poke|p2|Ferrothorn, F|
|poke|p2|Barraskewda, F|
|poke|p2|Seismitoad, M|
|teampreview
|inactive|Battle timer is ON: inactive players will automatically lose when time's up. (requested by toon arctozolt)
|
|t:|1666772313
|start
|switch|p1a: Evangelion trashy|Toxapex, M|100/100
|switch|p2a: Ferrothorn|Ferrothorn, F|100/100
|turn|1
|
|t:|1666772317
|move|p1a: Evangelion trashy|Knock Off|p2a: Ferrothorn
|-damage|p2a: Ferrothorn|88/100
|-damage|p1a: Evangelion trashy|88/100|[from] ability: Iron Barbs|[of] p2a: Ferrothorn
|-enditem|p2a: Ferrothorn|Leftovers|[from] move: Knock Off|[of] p1a: Evangelion trashy
|move|p2a: Ferrothorn|Knock Off|p1a: Evangelion trashy
|-damage|p1a: Evangelion trashy|74/100
|-damage|p2a: Ferrothorn|72/100|[from] item: Rocky Helmet|[of] p1a: Evangelion trashy
|-enditem|p1a: Evangelion trashy|Rocky Helmet|[from] move: Knock Off|[of] p2a: Ferrothorn
|
|upkeep
|turn|2
|
|t:|1666772328
|switch|p1a: Evangelion boring|Landorus-Therian, M|100/100
|-ability|p1a: Evangelion boring|Intimidate|boost
|-unboost|p2a: Ferrothorn|atk|1
|move|p2a: Ferrothorn|Leech Seed|p1a: Evangelion boring|[miss]
|-miss|p2a: Ferrothorn|p1a: Evangelion boring
|
|upkeep
|turn|3
|
|t:|1666772335
|switch|p1a: Evangelion trashy|Toxapex, M|100/100
|move|p2a: Ferrothorn|Knock Off|p1a: Evangelion trashy
|-damage|p1a: Evangelion trashy|95/100
|
|upkeep
|turn|4
|j| sack2005
|
|t:|1666772344
|move|p1a: Evangelion trashy|Scald|p2a: Ferrothorn
|-resisted|p2a: Ferrothorn
|-damage|p2a: Ferrothorn|67/100
|move|p2a: Ferrothorn|Leech Seed|p1a: Evangelion trashy|[miss]
|-miss|p2a: Ferrothorn|p1a: Evangelion trashy
|
|upkeep
|turn|5
|
|t:|1666772352
|move|p1a: Evangelion trashy|Scald|p2a: Ferrothorn
|-resisted|p2a: Ferrothorn
|-damage|p2a: Ferrothorn|61/100
|move|p2a: Ferrothorn|Leech Seed|p1a: Evangelion trashy
|-start|p1a: Evangelion trashy|move: Leech Seed
|
|-damage|p1a: Evangelion trashy|82/100|[from] Leech Seed|[of] p2a: Ferrothorn
|-heal|p2a: Ferrothorn|72/100|[silent]
|upkeep
|turn|6
|
|t:|1666772359
|move|p1a: Evangelion trashy|Scald|p2a: Ferrothorn
|-resisted|p2a: Ferrothorn
|-damage|p2a: Ferrothorn|67/100
|move|p2a: Ferrothorn|Stealth Rock|p1a: Evangelion trashy
|-sidestart|p1: ghecisbestvillain|move: Stealth Rock
|
|-damage|p1a: Evangelion trashy|70/100|[from] Leech Seed|[of] p2a: Ferrothorn
|-heal|p2a: Ferrothorn|77/100|[silent]
|upkeep
|turn|7
|
|t:|1666772367
|switch|p2a: Pelipper|Pelipper, M|100/100
|-weather|RainDance|[from] ability: Drizzle|[of] p2a: Pelipper
|move|p1a: Evangelion trashy|Scald|p2a: Pelipper
|-resisted|p2a: Pelipper
|-damage|p2a: Pelipper|83/100
|
|-weather|RainDance|[upkeep]
|-damage|p1a: Evangelion trashy|58/100|[from] Leech Seed|[of] p2a: Pelipper
|-heal|p2a: Pelipper|95/100|[silent]
|upkeep
|turn|8
|j| LT_Alt1
|
|t:|1666772376
|move|p2a: Pelipper|U-turn|p1a: Evangelion trashy
|-resisted|p1a: Evangelion trashy
|-damage|p1a: Evangelion trashy|55/100
|
|t:|1666772381
|switch|p2a: Seismitoad|Seismitoad, M|100/100|[from]move: U-turn
|move|p1a: Evangelion trashy|Recover|p1a: Evangelion trashy
|-heal|p1a: Evangelion trashy|100/100
|
|-weather|RainDance|[upkeep]
|-damage|p1a: Evangelion trashy|88/100|[from] Leech Seed|[of] p2a: Seismitoad
|upkeep
|turn|9
|
|t:|1666772388
|switch|p1a: One Piece shitty|Slowking, M|100/100
|-damage|p1a: One Piece shitty|88/100|[from] Stealth Rock
|move|p2a: Seismitoad|Earth Power|p1a: One Piece shitty
|-damage|p1a: One Piece shitty|68/100
|-damage|p2a: Seismitoad|91/100|[from] item: Life Orb
|
|-weather|RainDance|[upkeep]
|upkeep
|turn|10
|
|t:|1666772397
|move|p2a: Seismitoad|Power Whip|p1a: One Piece shitty
|-supereffective|p1a: One Piece shitty
|-damage|p1a: One Piece shitty|0 fnt
|faint|p1a: One Piece shitty
|-damage|p2a: Seismitoad|81/100|[from] item: Life Orb
|
|-weather|RainDance|[upkeep]
|upkeep
|j| Faharst
|
|t:|1666772403
|switch|p1a: Evangelion boring|Landorus-Therian, M|100/100
|-damage|p1a: Evangelion boring|88/100|[from] Stealth Rock
|-ability|p1a: Evangelion boring|Intimidate|boost
|-unboost|p2a: Seismitoad|atk|1
|turn|11
|
|t:|1666772408
|switch|p1a: HXH is overrated|Chansey, F|100/100
|-damage|p1a: HXH is overrated|88/100|[from] Stealth Rock
|move|p2a: Seismitoad|Weather Ball|p1a: HXH is overrated
|-damage|p1a: HXH is overrated|66/100
|-damage|p2a: Seismitoad|71/100|[from] item: Life Orb
|
|-weather|RainDance|[upkeep]
|upkeep
|turn|12
|
|t:|1666772416
|-singleturn|p2a: Seismitoad|move: Focus Punch
|move|p1a: HXH is overrated|Stealth Rock|p2a: Seismitoad
|-sidestart|p2: toon arctozolt|move: Stealth Rock
|move|p2a: Seismitoad|Focus Punch|p1a: HXH is overrated
|-supereffective|p1a: HXH is overrated
|-damage|p1a: HXH is overrated|21/100
|-damage|p2a: Seismitoad|61/100|[from] item: Life Orb
|
|-weather|RainDance|[upkeep]
|upkeep
|turn|13
|
|t:|1666772424
|move|p2a: Seismitoad|Weather Ball|p1a: HXH is overrated
|-damage|p1a: HXH is overrated|0 fnt
|faint|p1a: HXH is overrated
|-damage|p2a: Seismitoad|51/100|[from] item: Life Orb
|
|-weather|RainDance|[upkeep]
|upkeep
|
|t:|1666772435
|switch|p1a: Evangelion boring|Landorus-Therian, M|88/100
|-damage|p1a: Evangelion boring|76/100|[from] Stealth Rock
|-ability|p1a: Evangelion boring|Intimidate|boost
|-unboost|p2a: Seismitoad|atk|1
|turn|14
|
|t:|1666772441
|switch|p1a: Evangelion trashy|Toxapex, M|100/100
|-damage|p1a: Evangelion trashy|88/100|[from] Stealth Rock
|move|p2a: Seismitoad|Weather Ball|p1a: Evangelion trashy
|-resisted|p1a: Evangelion trashy
|-damage|p1a: Evangelion trashy|53/100
|-damage|p2a: Seismitoad|41/100|[from] item: Life Orb
|
|-weather|none
|upkeep
|turn|15
|j| wthappened
|
|t:|1666772451
|switch|p2a: Pelipper|Pelipper, M|95/100
|-damage|p2a: Pelipper|70/100|[from] Stealth Rock
|-weather|RainDance|[from] ability: Drizzle|[of] p2a: Pelipper
|switch|p1a: Naruto garbage|Grimmsnarl, M|100/100
|-damage|p1a: Naruto garbage|88/100|[from] Stealth Rock
|
|-weather|RainDance|[upkeep]
|upkeep
|turn|16
|
|t:|1666772461
|move|p1a: Naruto garbage|Trick|p2a: Pelipper
|-activate|p1a: Naruto garbage|move: Trick|[of] p2a: Pelipper
|-item|p2a: Pelipper|Choice Scarf|[from] move: Trick
|-item|p1a: Naruto garbage|Damp Rock|[from] move: Trick
|move|p2a: Pelipper|Scald|p1a: Naruto garbage
|-damage|p1a: Naruto garbage|60/100
|
|-weather|RainDance|[upkeep]
|upkeep
|turn|17
|
|t:|1666772468
|move|p1a: Naruto garbage|Light Screen|p1a: Naruto garbage
|-sidestart|p1: ghecisbestvillain|move: Light Screen
|move|p2a: Pelipper|Scald|p1a: Naruto garbage
|-damage|p1a: Naruto garbage|44/100
|
|-weather|RainDance|[upkeep]
|upkeep
|turn|18
|
|t:|1666772474
|move|p1a: Naruto garbage|Reflect|p1a: Naruto garbage
|-sidestart|p1: ghecisbestvillain|Reflect
|move|p2a: Pelipper|Scald|p1a: Naruto garbage
|-damage|p1a: Naruto garbage|29/100
|-status|p1a: Naruto garbage|brn
|
|-weather|RainDance|[upkeep]
|-damage|p1a: Naruto garbage|23/100 brn|[from] brn
|upkeep
|turn|19
|
|t:|1666772481
|move|p1a: Naruto garbage|Rest|p1a: Naruto garbage
|-status|p1a: Naruto garbage|slp|[from] move: Rest
|-heal|p1a: Naruto garbage|100/100 slp|[silent]
|move|p2a: Pelipper|Scald|p1a: Naruto garbage
|-damage|p1a: Naruto garbage|87/100 slp
|
|-weather|RainDance|[upkeep]
|upkeep
|turn|20
|
|t:|1666772490
|switch|p2a: Inteleon|Inteleon, F|100/100
|-damage|p2a: Inteleon|88/100|[from] Stealth Rock
|cant|p1a: Naruto garbage|slp
|
|-weather|RainDance|[upkeep]
|upkeep
|turn|21
|
|t:|1666772497
|switch|p1a: Evangelion trashy|Toxapex, M|86/100
|-damage|p1a: Evangelion trashy|74/100|[from] Stealth Rock
|move|p2a: Inteleon|Focus Energy|p2a: Inteleon
|-start|p2a: Inteleon|move: Focus Energy
|
|-weather|RainDance|[upkeep]
|-sideend|p1: ghecisbestvillain|move: Light Screen
|upkeep
|turn|22
|
|t:|1666772504
|move|p2a: Inteleon|Mud Shot|p1a: Evangelion trashy
|-supereffective|p1a: Evangelion trashy
|-crit|p1a: Evangelion trashy
|-damage|p1a: Evangelion trashy|0 fnt
|faint|p1a: Evangelion trashy
|
|-weather|none
|-sideend|p1: ghecisbestvillain|Reflect
|upkeep
|
|t:|1666772512
|switch|p1a: DB Super shoddy|Buzzwole|100/100
|turn|23
|
|t:|1666772515
|move|p2a: Inteleon|Snipe Shot|p1a: DB Super shoddy
|-crit|p1a: DB Super shoddy
|-damage|p1a: DB Super shoddy|0 fnt
|faint|p1a: DB Super shoddy
|
|upkeep
|-message|ghecisbestvillain forfeited.
|
|win|toon arctozolt
|raw|ghecisbestvillain's rating: 1770 &rarr; <strong>1752</strong><br />(-18 for losing)
|raw|toon arctozolt's rating: 1797 &rarr; <strong>1815</strong><br />(+18 for winning)
|l|☆ghecisbestvillain
|c|☆toon arctozolt|that is my fav anime
|l| sack2005
|l|☆toon arctozolt
|l| wthappened
|j|☆toon arctozolt
|player|p2|toon arctozolt|harlequin
