|j|☆LT71LX Allistair
|j|☆SuperTheoryBros
|t:|1641596361
|gametype|singles
|player|p1|LT71LX Allistair|169|1670
|player|p2|SuperTheoryBros|170|1731
|teamsize|p1|6
|teamsize|p2|6
|gen|8
|tier|[Gen 8] OU
|rated|
|rule|Sleep Clause Mod: Limit one foe put to sleep
|rule|Species Clause: Limit one of each Pokémon
|rule|OHKO Clause: OHKO moves are banned
|rule|Evasion Moves Clause: Evasion moves are banned
|rule|Endless Battle Clause: Forcing endless battles is banned
|rule|HP Percentage Mod: HP is shown in percentages
|rule|Dynamax Clause: You cannot dynamax
|clearpoke
|poke|p1|Mew|
|poke|p1|Tapu Fini|
|poke|p1|Slurpuff, M|
|poke|p1|Heatran, F|
|poke|p1|Jirachi|
|poke|p1|Gothitelle, M|
|poke|p2|Chansey, F|
|poke|p2|Toxapex, F|
|poke|p2|Dragapult, M|
|poke|p2|Landorus-Therian, M|
|poke|p2|Ferrothorn, M|
|poke|p2|Hatterene, F|
|teampreview
|inactive|Battle timer is ON: inactive players will automatically lose when time's up. (requested by SuperTheoryBros)
|
|t:|1641596377
|start
|switch|p1a: Gothitelle|Gothitelle, M|100/100
|switch|p2a: Toxapex|Toxapex, F|100/100
|turn|1
|inactive|LT71LX Allistair has 120 seconds left.
|inactive|SuperTheoryBros has 120 seconds left.
|
|t:|1641596422
|move|p1a: Gothitelle|Cosmic Power|p1a: Gothitelle
|-boost|p1a: Gothitelle|def|1
|-boost|p1a: Gothitelle|spd|1
|move|p2a: Toxapex|Toxic Spikes|p1a: Gothitelle
|-sidestart|p1: LT71LX Allistair|move: Toxic Spikes
|
|upkeep
|turn|2
|j| hsfsrysy
|inactive|SuperTheoryBros has 120 seconds left.
|
|t:|1641596437
|move|p1a: Gothitelle|Taunt|p2a: Toxapex
|-start|p2a: Toxapex|move: Taunt
|cant|p2a: Toxapex|move: Taunt|Haze
|
|upkeep
|turn|3
|inactive|SuperTheoryBros has 120 seconds left.
|
|t:|1641596446
|switch|p2a: Landorus|Landorus-Therian, M|100/100
|-ability|p2a: Landorus|Intimidate|boost
|-unboost|p1a: Gothitelle|atk|1
|-ability|p1a: Gothitelle|Competitive
|-boost|p1a: Gothitelle|spa|2
|move|p1a: Gothitelle|Cosmic Power|p1a: Gothitelle
|-boost|p1a: Gothitelle|def|1
|-boost|p1a: Gothitelle|spd|1
|
|upkeep
|turn|4
|
|t:|1641596450
|move|p2a: Landorus|Earthquake|p1a: Gothitelle
|-damage|p1a: Gothitelle|77/100
|move|p1a: Gothitelle|Cosmic Power|p1a: Gothitelle
|-boost|p1a: Gothitelle|def|1
|-boost|p1a: Gothitelle|spd|1
|
|upkeep
|turn|5
|
|t:|1641596455
|move|p2a: Landorus|Earthquake|p1a: Gothitelle
|-damage|p1a: Gothitelle|57/100
|move|p1a: Gothitelle|Cosmic Power|p1a: Gothitelle
|-boost|p1a: Gothitelle|def|1
|-boost|p1a: Gothitelle|spd|1
|
|upkeep
|turn|6
|
|t:|1641596464
|move|p2a: Landorus|Earthquake|p1a: Gothitelle
|-damage|p1a: Gothitelle|42/100
|move|p1a: Gothitelle|Cosmic Power|p1a: Gothitelle
|-boost|p1a: Gothitelle|def|1
|-boost|p1a: Gothitelle|spd|1
|
|upkeep
|turn|7
|
|t:|1641596471
|move|p2a: Landorus|Stone Edge|p1a: Gothitelle|[miss]
|-miss|p2a: Landorus|p1a: Gothitelle
|move|p1a: Gothitelle|Stored Power|p2a: Landorus
|-damage|p2a: Landorus|0 fnt
|faint|p2a: Landorus
|
|upkeep
|j| UNLYSHED
|c|☆SuperTheoryBros|no crit
|
|t:|1641596486
|switch|p2a: Dragapult|Dragapult, M|100/100
|turn|8
|c|☆LT71LX Allistair|lol
|c|☆LT71LX Allistair|you are ridiculous
|
|t:|1641596504
|move|p2a: Dragapult|Dragon Darts|p1a: Gothitelle
|-damage|p1a: Gothitelle|35/100
|-anim|p2a: Dragapult|Dragon Darts|p1a: Gothitelle
|-damage|p1a: Gothitelle|28/100
|move|p1a: Gothitelle|Stored Power|p2a: Dragapult
|-damage|p2a: Dragapult|0 fnt
|faint|p2a: Dragapult
|
|upkeep
|
|t:|1641596516
|switch|p2a: Ferrothorn|Ferrothorn, M|100/100
|turn|9
|
|t:|1641596521
|move|p1a: Gothitelle|Taunt|p2a: Ferrothorn
|-start|p2a: Ferrothorn|move: Taunt
|move|p2a: Ferrothorn|Gyro Ball|p1a: Gothitelle
|-damage|p1a: Gothitelle|18/100
|
|upkeep
|turn|10
|
|t:|1641596526
|move|p1a: Gothitelle|Rest|p1a: Gothitelle
|-status|p1a: Gothitelle|slp|[from] move: Rest
|-heal|p1a: Gothitelle|100/100 slp|[silent]
|move|p2a: Ferrothorn|Gyro Ball|p1a: Gothitelle
|-damage|p1a: Gothitelle|92/100 slp
|
|upkeep
|turn|11
|j| ash_won_kalos
|c|☆SuperTheoryBros|what are you talking about
|
|t:|1641596536
|switch|p2a: Toxapex|Toxapex, F|100/100
|cant|p1a: Gothitelle|slp
|
|upkeep
|turn|12
|inactive|LT71LX Allistair has 120 seconds left.
|c|☆LT71LX Allistair|about you complaining about no crit after 4 moves
|c|☆SuperTheoryBros|do you know my item
|c|☆LT71LX Allistair|and having nothing but to rely on hax
|
|t:|1641596590
|cant|p1a: Gothitelle|slp
|move|p2a: Toxapex|Haze|p2a: Toxapex
|-clearallboost
|
|upkeep
|turn|13
|c|☆SuperTheoryBros|hax is in my favor
|-message|SuperTheoryBros forfeited.
|
|win|LT71LX Allistair
|raw|LT71LX Allistair's rating: 1670 &rarr; <strong>1693</strong><br />(+23 for winning)
|raw|SuperTheoryBros's rating: 1731 &rarr; <strong>1708</strong><br />(-23 for losing)
|l|☆SuperTheoryBros
|l| UNLYSHED
|c|☆LT71LX Allistair|just are fucking sad
|l|☆LT71LX Allistair
||Ladder isn't responding, score probably updated but might not have (Request timeout).
|l| hsfsrysy
