|j|☆c0smico31
|j|☆Draco09876
|t:|1621037396
|gametype|singles
|player|p1|c0smico31|steven|1558
|player|p2|Draco09876|170|1698
|teamsize|p1|6
|teamsize|p2|6
|gen|8
|tier|[Gen 8] OU
|rated|
|rule|Sleep Clause Mod: Limit one foe put to sleep
|rule|Species Clause: Limit one of each Pokémon
|rule|OHKO Clause: OHKO moves are banned
|rule|Evasion Moves Clause: Evasion moves are banned
|rule|Endless Battle Clause: Forcing endless battles is banned
|rule|HP Percentage Mod: HP is shown in percentages
|rule|Dynamax Clause: You cannot dynamax
|clearpoke
|poke|p1|Corviknight, F|
|poke|p1|Blissey, F|
|poke|p1|Dragapult, F|
|poke|p1|Rillaboom, M|
|poke|p1|Hawlucha, F|
|poke|p1|Swampert, F|
|poke|p2|Ferrothorn, M|
|poke|p2|Slowking-Galar, F|
|poke|p2|Swampert, M|
|poke|p2|Dragapult, F|
|poke|p2|Rillaboom, F|
|poke|p2|Mandibuzz, F|
|teampreview
|inactive|Battle timer is ON: inactive players will automatically lose when time's up. (requested by c0smico31)
|j| SageModeMaster2
|inactive|Draco09876 has 120 seconds left.
|
|t:|1621037435
|start
|switch|p1a: blu|Swampert, F|100/100
|switch|p2a: Dragapult|Dragapult, F|100/100
|turn|1
|
|t:|1621037442
|move|p2a: Dragapult|U-turn|p1a: blu
|-damage|p1a: blu|85/100
|
|t:|1621037444
|switch|p2a: Ferrothorn|Ferrothorn, M|100/100|[from]move: U-turn
|move|p1a: blu|Stealth Rock|p2a: Ferrothorn
|-sidestart|p2: Draco09876|move: Stealth Rock
|
|-heal|p1a: blu|91/100|[from] item: Leftovers
|upkeep
|turn|2
|
|t:|1621037461
|switch|p1a: egghead|Blissey, F|100/100
|move|p2a: Ferrothorn|Leech Seed|p1a: egghead
|-start|p1a: egghead|move: Leech Seed
|
|-damage|p1a: egghead|88/100|[from] Leech Seed|[of] p2a: Ferrothorn
|upkeep
|turn|3
|
|t:|1621037464
|move|p2a: Ferrothorn|Knock Off|p1a: egghead
|-damage|p1a: egghead|70/100
|-enditem|p1a: egghead|Heavy-Duty Boots|[from] move: Knock Off|[of] p2a: Ferrothorn
|move|p1a: egghead|Teleport|p1a: egghead
|
|t:|1621037468
|switch|p1a: drummer|Rillaboom, M, shiny|100/100|[from]move: Teleport
|-fieldstart|move: Grassy Terrain|[from] ability: Grassy Surge|[of] p1a: drummer
|
|upkeep
|turn|4
|j| isa200bela
|
|t:|1621037477
|move|p1a: drummer|Superpower|p2a: Ferrothorn
|-supereffective|p2a: Ferrothorn
|-damage|p2a: Ferrothorn|27/100
|-unboost|p1a: drummer|atk|1
|-unboost|p1a: drummer|def|1
|-damage|p1a: drummer|88/100|[from] ability: Iron Barbs|[of] p2a: Ferrothorn
|-damage|p1a: drummer|72/100|[from] item: Rocky Helmet|[of] p2a: Ferrothorn
|move|p2a: Ferrothorn|Knock Off|p1a: drummer
|-damage|p1a: drummer|34/100
|-enditem|p1a: drummer|Choice Band|[from] move: Knock Off|[of] p2a: Ferrothorn
|
|-heal|p1a: drummer|40/100|[from] Grassy Terrain
|-heal|p2a: Ferrothorn|33/100|[from] Grassy Terrain
|upkeep
|turn|5
|
|t:|1621037484
|switch|p2a: Mandibuzz|Mandibuzz, F|100/100
|move|p1a: drummer|Superpower|p2a: Mandibuzz
|-damage|p2a: Mandibuzz|83/100
|-unboost|p1a: drummer|atk|1
|-unboost|p1a: drummer|def|1
|
|-heal|p1a: drummer|47/100|[from] Grassy Terrain
|upkeep
|turn|6
|
|t:|1621037489
|switch|p1a: blu|Swampert, F|91/100
|move|p2a: Mandibuzz|Defog|p1a: blu
|-unboost|p1a: blu|evasion|1
|-sideend|p2: Draco09876|Stealth Rock|[from] move: Defog|[of] p2a: Mandibuzz
|-fieldend|move: Grassy Terrain
|
|-heal|p1a: blu|98/100|[from] item: Leftovers
|upkeep
|turn|7
|
|t:|1621037494
|switch|p2a: Ferrothorn|Ferrothorn, M|33/100
|move|p1a: blu|Flip Turn|p2a: Ferrothorn
|-resisted|p2a: Ferrothorn
|-damage|p2a: Ferrothorn|27/100
|-damage|p1a: blu|85/100|[from] ability: Iron Barbs|[of] p2a: Ferrothorn
|-damage|p1a: blu|69/100|[from] item: Rocky Helmet|[of] p2a: Ferrothorn
|
|t:|1621037502
|switch|p1a: speedy ghost|Dragapult, F|100/100|[from]move: Flip Turn
|
|upkeep
|turn|8
|
|t:|1621037507
|switch|p2a: Mandibuzz|Mandibuzz, F|83/100
|move|p1a: speedy ghost|Shadow Ball|p2a: Mandibuzz
|-resisted|p2a: Mandibuzz
|-damage|p2a: Mandibuzz|61/100
|
|upkeep
|turn|9
|
|t:|1621037514
|switch|p1a: egghead|Blissey, F|70/100
|switch|p2a: Ferrothorn|Ferrothorn, M|27/100
|
|upkeep
|turn|10
|
|t:|1621037518
|move|p1a: egghead|Seismic Toss|p2a: Ferrothorn
|-damage|p2a: Ferrothorn|0 fnt
|-damage|p1a: egghead|57/100|[from] ability: Iron Barbs|[of] p2a: Ferrothorn
|-damage|p1a: egghead|41/100|[from] item: Rocky Helmet|[of] p2a: Ferrothorn
|faint|p2a: Ferrothorn
|
|upkeep
|
|t:|1621037521
|switch|p2a: Rillaboom|Rillaboom, F|100/100
|-fieldstart|move: Grassy Terrain|[from] ability: Grassy Surge|[of] p2a: Rillaboom
|turn|11
|
|t:|1621037526
|switch|p1a: dark squire|Corviknight, F, shiny|100/100
|-ability|p1a: dark squire|Pressure
|move|p2a: Rillaboom|Swords Dance|p2a: Rillaboom
|-boost|p2a: Rillaboom|atk|2
|
|upkeep
|turn|12
|
|t:|1621037530
|move|p2a: Rillaboom|Knock Off|p1a: dark squire
|-damage|p1a: dark squire|45/100
|-damage|p2a: Rillaboom|84/100|[from] item: Rocky Helmet|[of] p1a: dark squire
|-enditem|p1a: dark squire|Rocky Helmet|[from] move: Knock Off|[of] p2a: Rillaboom
|-damage|p2a: Rillaboom|74/100|[from] item: Life Orb
|move|p1a: dark squire|Brave Bird|p2a: Rillaboom
|-supereffective|p2a: Rillaboom
|-damage|p2a: Rillaboom|0 fnt
|faint|p2a: Rillaboom
|-damage|p1a: dark squire|25/100|[from] Recoil
|
|upkeep
|
|t:|1621037535
|switch|p2a: Dragapult|Dragapult, F|100/100
|turn|13
|
|t:|1621037543
|switch|p1a: blu|Swampert, F|69/100
|move|p2a: Dragapult|Draco Meteor|p1a: blu
|-damage|p1a: blu|17/100
|-unboost|p2a: Dragapult|spa|2
|
|-heal|p1a: blu|24/100|[from] Grassy Terrain
|-heal|p1a: blu|30/100|[from] item: Leftovers
|upkeep
|turn|14
|
|t:|1621037554
|move|p2a: Dragapult|Draco Meteor|p1a: blu
|-damage|p1a: blu|3/100
|-unboost|p2a: Dragapult|spa|2
|move|p1a: blu|Stealth Rock|p2a: Dragapult
|-sidestart|p2: Draco09876|move: Stealth Rock
|
|-heal|p1a: blu|9/100|[from] Grassy Terrain
|-heal|p1a: blu|15/100|[from] item: Leftovers
|upkeep
|turn|15
|
|t:|1621037560
|switch|p2a: Mandibuzz|Mandibuzz, F|61/100
|switch|p1a: egghead|Blissey, F|41/100
|
|-heal|p1a: egghead|47/100|[from] Grassy Terrain
|-fieldend|move: Grassy Terrain
|upkeep
|turn|16
|
|t:|1621037566
|move|p2a: Mandibuzz|Defog|p1a: egghead
|-unboost|p1a: egghead|evasion|1
|-sideend|p2: Draco09876|Stealth Rock|[from] move: Defog|[of] p2a: Mandibuzz
|move|p1a: egghead|Toxic|p2a: Mandibuzz
|-status|p2a: Mandibuzz|tox
|
|-damage|p2a: Mandibuzz|55/100 tox|[from] psn
|upkeep
|turn|17
|
|t:|1621037571
|switch|p2a: Swampert|Swampert, M|100/100
|move|p1a: egghead|Soft-Boiled|p1a: egghead
|-heal|p1a: egghead|97/100
|
|upkeep
|turn|18
|
|t:|1621037575
|move|p2a: Swampert|Earthquake|p1a: egghead
|-damage|p1a: egghead|62/100
|move|p1a: egghead|Toxic|p2a: Swampert
|-status|p2a: Swampert|tox
|
|-damage|p2a: Swampert|94/100 tox|[from] psn
|upkeep
|turn|19
|j| Jacco07
|
|t:|1621037583
|switch|p1a: dark squire|Corviknight, F, shiny|25/100
|-ability|p1a: dark squire|Pressure
|move|p2a: Swampert|Stealth Rock|p1a: dark squire
|-sidestart|p1: c0smico31|move: Stealth Rock
|
|-heal|p2a: Swampert|100/100 tox|[from] item: Leftovers
|-damage|p2a: Swampert|88/100 tox|[from] psn
|upkeep
|turn|20
|
|t:|1621037589
|move|p1a: dark squire|Roost|p1a: dark squire
|-heal|p1a: dark squire|75/100
|-singleturn|p1a: dark squire|move: Roost
|move|p2a: Swampert|Flip Turn|p1a: dark squire
|-damage|p1a: dark squire|61/100
|
|t:|1621037593
|switch|p2a: Slowking|Slowking-Galar, F|100/100|[from]move: Flip Turn
|
|upkeep
|turn|21
|
|t:|1621037608
|switch|p1a: egghead|Blissey, F|62/100
|-damage|p1a: egghead|50/100|[from] Stealth Rock
|move|p2a: Slowking|Future Sight|p1a: egghead
|-start|p2a: Slowking|move: Future Sight
|
|upkeep
|turn|22
|
|t:|1621037614
|move|p1a: egghead|Soft-Boiled|p1a: egghead
|-heal|p1a: egghead|99/100
|move|p2a: Slowking|Sludge Bomb|p1a: egghead
|-damage|p1a: egghead|81/100
|
|upkeep
|turn|23
|
|t:|1621037617
|move|p1a: egghead|Seismic Toss|p2a: Slowking
|-damage|p2a: Slowking|75/100
|move|p2a: Slowking|Sludge Bomb|p1a: egghead
|-damage|p1a: egghead|63/100
|-status|p1a: egghead|psn
|
|-end|p1a: egghead|move: Future Sight
|-damage|p1a: egghead|41/100 psn
|-damage|p1a: egghead|28/100 psn|[from] psn
|upkeep
|turn|24
|
|t:|1621037620
|move|p1a: egghead|Soft-Boiled|p1a: egghead
|-heal|p1a: egghead|78/100 psn
|move|p2a: Slowking|Future Sight|p1a: egghead
|-start|p2a: Slowking|move: Future Sight
|
|-damage|p1a: egghead|66/100 psn|[from] psn
|upkeep
|turn|25
|
|t:|1621037624
|move|p2a: Slowking|Flamethrower|p1a: egghead
|-damage|p1a: egghead|55/100 psn
|move|p1a: egghead|Teleport|p1a: egghead
|
|t:|1621037628
|switch|p1a: blu|Swampert, F|15/100|[from]move: Teleport
|-damage|p1a: blu|9/100|[from] Stealth Rock
|
|-heal|p1a: blu|15/100|[from] item: Leftovers
|upkeep
|turn|26
|
|t:|1621037635
|switch|p2a: Mandibuzz|Mandibuzz, F|55/100 tox
|move|p1a: blu|Earthquake|p2a: Mandibuzz
|-immune|p2a: Mandibuzz
|
|-end|p1a: blu|move: Future Sight
|-damage|p1a: blu|0 fnt
|faint|p1a: blu
|-damage|p2a: Mandibuzz|49/100 tox|[from] psn
|upkeep
|
|t:|1621037641
|switch|p1a: dark squire|Corviknight, F, shiny|61/100
|-damage|p1a: dark squire|48/100|[from] Stealth Rock
|-ability|p1a: dark squire|Pressure
|turn|27
|
|t:|1621037644
|move|p2a: Mandibuzz|Roost|p2a: Mandibuzz
|-heal|p2a: Mandibuzz|99/100 tox
|-singleturn|p2a: Mandibuzz|move: Roost
|move|p1a: dark squire|Defog|p2a: Mandibuzz
|-unboost|p2a: Mandibuzz|evasion|1
|-sideend|p1: c0smico31|Stealth Rock|[from] move: Defog|[of] p1a: dark squire
|
|-damage|p2a: Mandibuzz|87/100 tox|[from] psn
|upkeep
|turn|28
|
|t:|1621037652
|switch|p2a: Slowking|Slowking-Galar, F|100/100
|move|p1a: dark squire|Roost|p1a: dark squire
|-heal|p1a: dark squire|98/100
|-singleturn|p1a: dark squire|move: Roost
|
|upkeep
|turn|29
|
|t:|1621037659
|switch|p1a: egghead|Blissey, F|55/100
|move|p2a: Slowking|Future Sight|p1a: egghead
|-start|p2a: Slowking|move: Future Sight
|
|upkeep
|turn|30
|
|t:|1621037662
|switch|p2a: Mandibuzz|Mandibuzz, F|87/100 tox
|move|p1a: egghead|Soft-Boiled|p1a: egghead
|-heal|p1a: egghead|100/100
|
|-damage|p2a: Mandibuzz|81/100 tox|[from] psn
|upkeep
|turn|31
|
|t:|1621037668
|move|p1a: egghead|Seismic Toss|p2a: Mandibuzz
|-damage|p2a: Mandibuzz|57/100 tox
|move|p2a: Mandibuzz|Whirlwind|p1a: egghead
|drag|p1a: drummer|Rillaboom, M, shiny|47/100
|-fieldstart|move: Grassy Terrain|[from] ability: Grassy Surge|[of] p1a: drummer
|
|-end|p1a: drummer|move: Future Sight
|-damage|p1a: drummer|0 fnt
|faint|p1a: drummer
|-damage|p2a: Mandibuzz|45/100 tox|[from] psn
|upkeep
|
|t:|1621037687
|switch|p1a: E lucha|Hawlucha, F|100/100
|-enditem|p1a: E lucha|Grassy Seed
|-boost|p1a: E lucha|def|1|[from] item: Grassy Seed
|turn|32
|
|t:|1621037695
|switch|p2a: Slowking|Slowking-Galar, F|100/100
|move|p1a: E lucha|Acrobatics|p2a: Slowking
|-damage|p2a: Slowking|52/100
|
|-heal|p2a: Slowking|58/100|[from] Grassy Terrain
|upkeep
|turn|33
|
|t:|1621037703
|move|p1a: E lucha|Swords Dance|p1a: E lucha
|-boost|p1a: E lucha|atk|2
|move|p2a: Slowking|Future Sight|p1a: E lucha
|-start|p2a: Slowking|move: Future Sight
|
|-heal|p2a: Slowking|64/100|[from] Grassy Terrain
|upkeep
|turn|34
|
|t:|1621037723
|switch|p2a: Swampert|Swampert, M|88/100 tox
|move|p1a: E lucha|Acrobatics|p2a: Swampert
|-damage|p2a: Swampert|0 fnt
|faint|p2a: Swampert
|
|upkeep
|
|t:|1621037731
|switch|p2a: Mandibuzz|Mandibuzz, F|45/100 tox
|turn|35
|
|t:|1621037735
|switch|p1a: egghead|Blissey, F|100/100
|move|p2a: Mandibuzz|Roost|p2a: Mandibuzz
|-heal|p2a: Mandibuzz|95/100 tox
|-singleturn|p2a: Mandibuzz|move: Roost
|
|-end|p1a: egghead|move: Future Sight
|-damage|p1a: egghead|77/100
|-heal|p2a: Mandibuzz|100/100 tox|[from] Grassy Terrain
|-heal|p1a: egghead|84/100|[from] Grassy Terrain
|-damage|p2a: Mandibuzz|94/100 tox|[from] psn
|-fieldend|move: Grassy Terrain
|upkeep
|turn|36
|
|t:|1621037740
|switch|p2a: Slowking|Slowking-Galar, F|98/100
|move|p1a: egghead|Teleport|p1a: egghead
|
|t:|1621037750
|switch|p1a: E lucha|Hawlucha, F|100/100|[from]move: Teleport
|
|upkeep
|turn|37
|
|t:|1621037753
|move|p1a: E lucha|Swords Dance|p1a: E lucha
|-boost|p1a: E lucha|atk|2
|move|p2a: Slowking|Sludge Bomb|p1a: E lucha
|-damage|p1a: E lucha|23/100
|-status|p1a: E lucha|psn
|
|-damage|p1a: E lucha|10/100 psn|[from] psn
|upkeep
|turn|38
|
|t:|1621037757
|switch|p2a: Mandibuzz|Mandibuzz, F|94/100 tox
|move|p1a: E lucha|Acrobatics|p2a: Mandibuzz
|-damage|p2a: Mandibuzz|43/100 tox
|
|-damage|p1a: E lucha|0 fnt|[from] psn
|faint|p1a: E lucha
|-damage|p2a: Mandibuzz|37/100 tox|[from] psn
|upkeep
|
|t:|1621037763
|switch|p1a: egghead|Blissey, F|84/100
|turn|39
|
|t:|1621037766
|move|p2a: Mandibuzz|Roost|p2a: Mandibuzz
|-heal|p2a: Mandibuzz|87/100 tox
|-singleturn|p2a: Mandibuzz|move: Roost
|move|p1a: egghead|Seismic Toss|p2a: Mandibuzz
|-damage|p2a: Mandibuzz|63/100 tox
|
|-damage|p2a: Mandibuzz|51/100 tox|[from] psn
|upkeep
|turn|40
|
|t:|1621037770
|move|p2a: Mandibuzz|Roost|p2a: Mandibuzz
|-heal|p2a: Mandibuzz|100/100 tox
|-singleturn|p2a: Mandibuzz|move: Roost
|move|p1a: egghead|Seismic Toss|p2a: Mandibuzz
|-damage|p2a: Mandibuzz|77/100 tox
|
|-damage|p2a: Mandibuzz|58/100 tox|[from] psn
|upkeep
|turn|41
|
|t:|1621037773
|switch|p2a: Dragapult|Dragapult, F|100/100
|move|p1a: egghead|Soft-Boiled|p1a: egghead
|-heal|p1a: egghead|100/100
|
|upkeep
|turn|42
|
|t:|1621037775
|move|p2a: Dragapult|U-turn|p1a: egghead
|-damage|p1a: egghead|86/100
|
|t:|1621037777
|switch|p2a: Slowking|Slowking-Galar, F|100/100|[from]move: U-turn
|move|p1a: egghead|Toxic|p2a: Slowking
|-immune|p2a: Slowking
|
|upkeep
|turn|43
|
|t:|1621037780
|move|p2a: Slowking|Future Sight|p1a: egghead
|-start|p2a: Slowking|move: Future Sight
|move|p1a: egghead|Teleport|p1a: egghead
|
|t:|1621037783
|switch|p1a: dark squire|Corviknight, F, shiny|98/100|[from]move: Teleport
|-ability|p1a: dark squire|Pressure
|
|upkeep
|turn|44
|
|t:|1621037788
|switch|p2a: Mandibuzz|Mandibuzz, F|58/100 tox
|move|p1a: dark squire|U-turn|p2a: Mandibuzz
|-damage|p2a: Mandibuzz|52/100 tox
|
|t:|1621037793
|switch|p1a: egghead|Blissey, F|86/100|[from]move: U-turn
|
|-damage|p2a: Mandibuzz|46/100 tox|[from] psn
|upkeep
|turn|45
|
|t:|1621037799
|move|p2a: Mandibuzz|Roost|p2a: Mandibuzz
|-heal|p2a: Mandibuzz|96/100 tox
|-singleturn|p2a: Mandibuzz|move: Roost
|move|p1a: egghead|Seismic Toss|p2a: Mandibuzz
|-damage|p2a: Mandibuzz|72/100 tox
|
|-end|p1a: egghead|move: Future Sight
|-crit|p1a: egghead
|-damage|p1a: egghead|54/100
|-damage|p2a: Mandibuzz|60/100 tox|[from] psn
|upkeep
|turn|46
|
|t:|1621037810
|switch|p2a: Dragapult|Dragapult, F|100/100
|move|p1a: egghead|Soft-Boiled|p1a: egghead
|-heal|p1a: egghead|100/100
|
|upkeep
|turn|47
|
|t:|1621037816
|move|p2a: Dragapult|U-turn|p1a: egghead
|-damage|p1a: egghead|86/100
|
|t:|1621037818
|switch|p2a: Slowking|Slowking-Galar, F|100/100|[from]move: U-turn
|move|p1a: egghead|Seismic Toss|p2a: Slowking
|-damage|p2a: Slowking|75/100
|
|upkeep
|turn|48
|
|t:|1621037825
|move|p1a: egghead|Seismic Toss|p2a: Slowking
|-damage|p2a: Slowking|50/100
|move|p2a: Slowking|Sludge Bomb|p1a: egghead
|-damage|p1a: egghead|69/100
|-status|p1a: egghead|psn
|
|-damage|p1a: egghead|56/100 psn|[from] psn
|upkeep
|turn|49
|
|t:|1621037830
|move|p2a: Slowking|Future Sight|p1a: egghead
|-start|p2a: Slowking|move: Future Sight
|move|p1a: egghead|Teleport|p1a: egghead
|
|t:|1621037834
|-curestatus|p1a: egghead|psn|[from] ability: Natural Cure
|switch|p1a: speedy ghost|Dragapult, F|100/100|[from]move: Teleport
|
|upkeep
|turn|50
|
|t:|1621037842
|switch|p2a: Mandibuzz|Mandibuzz, F|60/100 tox
|move|p1a: speedy ghost|Draco Meteor|p2a: Mandibuzz
|-damage|p2a: Mandibuzz|0 fnt
|-unboost|p1a: speedy ghost|spa|2
|faint|p2a: Mandibuzz
|
|upkeep
|
|t:|1621037849
|switch|p2a: Dragapult|Dragapult, F|100/100
|turn|51
|
|t:|1621037852
|switch|p1a: egghead|Blissey, F|56/100
|move|p2a: Dragapult|Draco Meteor|p1a: egghead
|-damage|p1a: egghead|24/100
|-unboost|p2a: Dragapult|spa|2
|
|-end|p1a: egghead|move: Future Sight
|-crit|p1a: egghead
|-damage|p1a: egghead|0 fnt
|faint|p1a: egghead
|upkeep
|
|t:|1621037857
|switch|p1a: speedy ghost|Dragapult, F|100/100
|turn|52
|
|t:|1621037865
|move|p2a: Dragapult|Draco Meteor|p1a: speedy ghost
|-supereffective|p1a: speedy ghost
|-damage|p1a: speedy ghost|0 fnt
|-unboost|p2a: Dragapult|spa|2
|faint|p1a: speedy ghost
|
|upkeep
|c|☆Draco09876|gg
|c|☆c0smico31|rip
|
|t:|1621037875
|switch|p1a: dark squire|Corviknight, F, shiny|98/100
|-ability|p1a: dark squire|Pressure
|turn|53
|c|☆Draco09876|speed tie
|
|t:|1621037881
|switch|p2a: Slowking|Slowking-Galar, F|83/100
|move|p1a: dark squire|Brave Bird|p2a: Slowking
|-damage|p2a: Slowking|51/100
|-damage|p1a: dark squire|88/100|[from] Recoil
|
|upkeep
|turn|54
|
|t:|1621037887
|move|p1a: dark squire|Brave Bird|p2a: Slowking
|-damage|p2a: Slowking|17/100
|-damage|p1a: dark squire|77/100|[from] Recoil
|move|p2a: Slowking|Flamethrower|p1a: dark squire
|-supereffective|p1a: dark squire
|-damage|p1a: dark squire|13/100
|
|upkeep
|turn|55
|
|t:|1621037892
|move|p1a: dark squire|Brave Bird|p2a: Slowking
|-damage|p2a: Slowking|0 fnt
|faint|p2a: Slowking
|-damage|p1a: dark squire|8/100|[from] Recoil
|
|upkeep
|
|t:|1621037893
|switch|p2a: Dragapult|Dragapult, F|100/100
|turn|56
|
|t:|1621037899
|move|p2a: Dragapult|Shadow Ball|p1a: dark squire
|-damage|p1a: dark squire|0 fnt
|faint|p1a: dark squire
|
|win|Draco09876
|raw|c0smico31's rating: 1558 &rarr; <strong>1546</strong><br />(-12 for losing)
|raw|Draco09876's rating: 1698 &rarr; <strong>1710</strong><br />(+12 for winning)
|l|☆Draco09876
|c|☆c0smico31|gg
