|raw|<div class="broadcast-blue"><strong>This battle is required to be public due to a player having a name starting with 'lt91bb'.</div>
|j|☆Kanye is batman
|j|☆LT91BBOSCARGADORES
|t:|1659381522
|gametype|singles
|player|p1|Kanye is batman|silver|1625
|player|p2|LT91BBOSCARGADORES|blaine|1667
|teamsize|p1|6
|teamsize|p2|6
|gen|8
|tier|[Gen 8] OU
|rated|
|rule|Sleep Clause Mod: Limit one foe put to sleep
|rule|Species Clause: Limit one of each Pokémon
|rule|OHKO Clause: OHKO moves are banned
|rule|Evasion Moves Clause: Evasion moves are banned
|rule|Endless Battle Clause: Forcing endless battles is banned
|rule|HP Percentage Mod: HP is shown in percentages
|rule|Dynamax Clause: You cannot dynamax
|clearpoke
|poke|p1|Pelipper, M|
|poke|p1|Barraskewda, F|
|poke|p1|Ferrothorn, F|
|poke|p1|Seismitoad, M|
|poke|p1|Tapu Koko|
|poke|p1|Tornadus-Therian, M|
|poke|p2|Heatran, M|
|poke|p2|Rillaboom, F|
|poke|p2|Garchomp, F|
|poke|p2|Volcarona, F|
|poke|p2|Weavile, M|
|poke|p2|Hawlucha, M|
|teampreview
|inactive|Battle timer is ON: inactive players will automatically lose when time's up. (requested by Kanye is batman)
|j| LegendaryMusashi
|
|t:|1659381534
|start
|switch|p1a: Big Gulp sponsor|Pelipper, M|100/100
|switch|p2a: Rillaboom|Rillaboom, F|100/100
|-fieldstart|move: Grassy Terrain|[from] ability: Grassy Surge|[of] p2a: Rillaboom
|-weather|RainDance|[from] ability: Drizzle|[of] p1a: Big Gulp sponsor
|turn|1
|
|t:|1659381541
|switch|p1a: Lando Black sheep|Tornadus-Therian, M|100/100
|move|p2a: Rillaboom|U-turn|p1a: Lando Black sheep
|-resisted|p1a: Lando Black sheep
|-crit|p1a: Lando Black sheep
|-damage|p1a: Lando Black sheep|68/100
|
|t:|1659381557
|switch|p2a: Weavile|Weavile, M|100/100|[from]move: U-turn
|-ability|p2a: Weavile|Pressure
|
|-weather|RainDance|[upkeep]
|upkeep
|turn|2
|
|t:|1659381568
|switch|p1a: Hates rain|Ferrothorn, F|100/100
|move|p2a: Weavile|Swords Dance|p2a: Weavile
|-boost|p2a: Weavile|atk|2
|
|-weather|RainDance|[upkeep]
|upkeep
|turn|3
|
|t:|1659381572
|move|p2a: Weavile|Low Kick|p1a: Hates rain
|-supereffective|p1a: Hates rain
|-damage|p1a: Hates rain|18/100
|-damage|p2a: Weavile|88/100|[from] ability: Iron Barbs|[of] p1a: Hates rain
|move|p1a: Hates rain|Gyro Ball|p2a: Weavile
|-supereffective|p2a: Weavile
|-damage|p2a: Weavile|0 fnt
|faint|p2a: Weavile
|
|-weather|RainDance|[upkeep]
|-heal|p1a: Hates rain|24/100|[from] Grassy Terrain
|-heal|p1a: Hates rain|31/100|[from] item: Leftovers
|upkeep
|
|t:|1659381589
|switch|p2a: Volcarona|Volcarona, F|100/100
|turn|4
|
|t:|1659381597
|switch|p1a: Agent ¥|Seismitoad, M, shiny|100/100
|move|p2a: Volcarona|Quiver Dance|p2a: Volcarona
|-boost|p2a: Volcarona|spa|1
|-boost|p2a: Volcarona|spd|1
|-boost|p2a: Volcarona|spe|1
|
|-weather|RainDance|[upkeep]
|upkeep
|turn|5
|
|t:|1659381606
|switch|p2a: Rillaboom|Rillaboom, F|100/100
|move|p1a: Agent ¥|Weather Ball|p2a: Rillaboom
|-resisted|p2a: Rillaboom
|-damage|p2a: Rillaboom|49/100
|-damage|p1a: Agent ¥|91/100|[from] item: Life Orb
|
|-weather|RainDance|[upkeep]
|-heal|p1a: Agent ¥|97/100|[from] Grassy Terrain
|-heal|p2a: Rillaboom|55/100|[from] Grassy Terrain
|-fieldend|move: Grassy Terrain
|upkeep
|turn|6
|
|t:|1659381625
|switch|p1a: Lando Black sheep|Tornadus-Therian, M|100/100
|move|p2a: Rillaboom|Knock Off|p1a: Lando Black sheep
|-damage|p1a: Lando Black sheep|42/100
|-enditem|p1a: Lando Black sheep|Heavy-Duty Boots|[from] move: Knock Off|[of] p2a: Rillaboom
|
|-weather|RainDance|[upkeep]
|upkeep
|turn|7
|
|t:|1659381634
|switch|p2a: Heatran|Heatran, M|100/100
|-item|p2a: Heatran|Air Balloon
|move|p1a: Lando Black sheep|U-turn|p2a: Heatran
|-resisted|p2a: Heatran
|-damage|p2a: Heatran|96/100
|-enditem|p2a: Heatran|Air Balloon
|
|t:|1659381642
|switch|p1a: Agent ¥|Seismitoad, M, shiny|97/100|[from]move: U-turn
|
|-weather|RainDance|[upkeep]
|upkeep
|turn|8
|
|t:|1659381670
|switch|p2a: Volcarona|Volcarona, F|100/100
|move|p1a: Agent ¥|Weather Ball|p2a: Volcarona
|-supereffective|p2a: Volcarona
|-damage|p2a: Volcarona|0 fnt
|faint|p2a: Volcarona
|-damage|p1a: Agent ¥|87/100|[from] item: Life Orb
|
|-weather|none
|upkeep
|
|t:|1659381677
|switch|p2a: Garchomp|Garchomp, F|100/100
|turn|9
|
|t:|1659381681
|switch|p1a: Speed Overdose|Tapu Koko|100/100
|-fieldstart|move: Electric Terrain|[from] ability: Electric Surge|[of] p1a: Speed Overdose
|move|p2a: Garchomp|Swords Dance|p2a: Garchomp
|-boost|p2a: Garchomp|atk|2
|
|upkeep
|turn|10
|
|t:|1659381688
|move|p1a: Speed Overdose|Dazzling Gleam|p2a: Garchomp
|-supereffective|p2a: Garchomp
|-damage|p2a: Garchomp|0 fnt
|faint|p2a: Garchomp
|
|upkeep
|
|t:|1659381693
|switch|p2a: Rillaboom|Rillaboom, F|55/100
|-fieldstart|move: Grassy Terrain|[from] ability: Grassy Surge|[of] p2a: Rillaboom
|turn|11
|c|☆Kanye is batman|Gg
|
|t:|1659381704
|switch|p1a: Hates rain|Ferrothorn, F|31/100
|move|p2a: Rillaboom|U-turn|p1a: Hates rain
|-damage|p1a: Hates rain|9/100
|-damage|p2a: Rillaboom|43/100|[from] ability: Iron Barbs|[of] p1a: Hates rain
|
|t:|1659381707
|switch|p2a: Hawlucha|Hawlucha, M|100/100|[from]move: U-turn
|-enditem|p2a: Hawlucha|Grassy Seed
|-boost|p2a: Hawlucha|def|1|[from] item: Grassy Seed
|
|-heal|p1a: Hates rain|15/100|[from] Grassy Terrain
|-heal|p1a: Hates rain|22/100|[from] item: Leftovers
|upkeep
|turn|12
|
|t:|1659381714
|move|p2a: Hawlucha|Swords Dance|p2a: Hawlucha
|-boost|p2a: Hawlucha|atk|2
|move|p1a: Hates rain|Gyro Ball|p2a: Hawlucha
|-damage|p2a: Hawlucha|61/100
|
|-heal|p1a: Hates rain|28/100|[from] Grassy Terrain
|-heal|p1a: Hates rain|34/100|[from] item: Leftovers
|upkeep
|turn|13
|
|t:|1659381729
|move|p2a: Hawlucha|Swords Dance|p2a: Hawlucha
|-boost|p2a: Hawlucha|atk|2
|move|p1a: Hates rain|Gyro Ball|p2a: Hawlucha
|-damage|p2a: Hawlucha|21/100
|
|-heal|p1a: Hates rain|40/100|[from] Grassy Terrain
|-heal|p1a: Hates rain|47/100|[from] item: Leftovers
|upkeep
|turn|14
|
|t:|1659381734
|move|p2a: Hawlucha|Acrobatics|p1a: Hates rain
|-damage|p1a: Hates rain|0 fnt
|-damage|p2a: Hawlucha|9/100|[from] ability: Iron Barbs|[of] p1a: Hates rain
|faint|p1a: Hates rain
|
|upkeep
|
|t:|1659381737
|switch|p1a: Big Gulp sponsor|Pelipper, M|100/100
|-weather|RainDance|[from] ability: Drizzle|[of] p1a: Big Gulp sponsor
|turn|15
|
|t:|1659381744
|move|p2a: Hawlucha|Acrobatics|p1a: Big Gulp sponsor
|-damage|p1a: Big Gulp sponsor|0 fnt
|faint|p1a: Big Gulp sponsor
|
|-weather|RainDance|[upkeep]
|-fieldend|move: Grassy Terrain
|upkeep
|
|t:|1659381747
|switch|p1a: One fish two fish|Barraskewda, F|100/100
|turn|16
|
|t:|1659381755
|move|p1a: One fish two fish|Flip Turn|p2a: Hawlucha
|-damage|p2a: Hawlucha|0 fnt
|faint|p2a: Hawlucha
|
|t:|1659381764
|switch|p1a: Lando Black sheep|Tornadus-Therian, M|76/100|[from]move: Flip Turn
|
|-weather|RainDance|[upkeep]
|upkeep
|
|t:|1659381774
|switch|p2a: Heatran|Heatran, M|96/100
|turn|17
|
|t:|1659381782
|move|p1a: Lando Black sheep|U-turn|p2a: Heatran
|-resisted|p2a: Heatran
|-damage|p2a: Heatran|93/100
|
|t:|1659381785
|switch|p1a: One fish two fish|Barraskewda, F|100/100|[from]move: U-turn
|move|p2a: Heatran|Stealth Rock|p1a: One fish two fish
|-sidestart|p1: Kanye is batman|move: Stealth Rock
|
|-weather|RainDance|[upkeep]
|upkeep
|turn|18
|
|t:|1659381802
|move|p1a: One fish two fish|Liquidation|p2a: Heatran
|-supereffective|p2a: Heatran
|-damage|p2a: Heatran|0 fnt
|faint|p2a: Heatran
|
|-weather|RainDance|[upkeep]
|upkeep
|
|t:|1659381804
|switch|p2a: Rillaboom|Rillaboom, F|43/100
|-fieldstart|move: Grassy Terrain|[from] ability: Grassy Surge|[of] p2a: Rillaboom
|turn|19
|
|t:|1659381809
|move|p2a: Rillaboom|Grassy Glide|p1a: One fish two fish
|-supereffective|p1a: One fish two fish
|-damage|p1a: One fish two fish|0 fnt
|faint|p1a: One fish two fish
|
|-weather|RainDance|[upkeep]
|-heal|p2a: Rillaboom|49/100|[from] Grassy Terrain
|upkeep
|
|t:|1659381811
|switch|p1a: Lando Black sheep|Tornadus-Therian, M|100/100
|-damage|p1a: Lando Black sheep|76/100|[from] Stealth Rock
|turn|20
|
|t:|1659381816
|move|p2a: Rillaboom|Grassy Glide|p1a: Lando Black sheep
|-resisted|p1a: Lando Black sheep
|-damage|p1a: Lando Black sheep|38/100
|move|p1a: Lando Black sheep|Hurricane|p2a: Rillaboom
|-supereffective|p2a: Rillaboom
|-damage|p2a: Rillaboom|0 fnt
|faint|p2a: Rillaboom
|
|win|Kanye is batman
|raw|Kanye is batman's rating: 1625 &rarr; <strong>1647</strong><br />(+22 for winning)
|raw|LT91BBOSCARGADORES's rating: 1667 &rarr; <strong>1645</strong><br />(-22 for losing)
|l| LegendaryMusashi
||Ladder isn't responding, score probably updated but might not have (Request timeout).
