|j|☆ultimategoogolplex
|j|☆SAINE ZASSON
|t:|1667440492
|gametype|singles
|player|p1|ultimategoogolplex|2|1708
|player|p2|SAINE ZASSON|ethan-masters|1714
|teamsize|p1|6
|teamsize|p2|6
|gen|8
|tier|[Gen 8] OU
|rated|
|rule|Sleep Clause Mod: Limit one foe put to sleep
|rule|Species Clause: Limit one of each Pokémon
|rule|OHKO Clause: OHKO moves are banned
|rule|Evasion Items Clause: Evasion items are banned
|rule|Evasion Moves Clause: Evasion moves are banned
|rule|Endless Battle Clause: Forcing endless battles is banned
|rule|HP Percentage Mod: HP is shown in percentages
|rule|Dynamax Clause: You cannot dynamax
|clearpoke
|poke|p1|Weavile, M|
|poke|p1|Volcanion|
|poke|p1|Zapdos|
|poke|p1|Landorus-Therian, M|
|poke|p1|Kartana|
|poke|p1|Melmetal|
|poke|p2|Rillaboom, M|
|poke|p2|Tornadus-Therian, M|
|poke|p2|Blaziken, M|
|poke|p2|Melmetal|
|poke|p2|Garchomp, F|
|poke|p2|Slowbro, F|
|teampreview
|inactive|Battle timer is ON: inactive players will automatically lose when time's up. (requested by ultimategoogolplex)
|
|t:|1667440526
|start
|switch|p1a: Landorus|Landorus-Therian, M|100/100
|switch|p2a: Melmetal|Melmetal|100/100
|-ability|p1a: Landorus|Intimidate|boost
|-unboost|p2a: Melmetal|atk|1
|turn|1
|
|t:|1667440531
|move|p1a: Landorus|U-turn|p2a: Melmetal
|-resisted|p2a: Melmetal
|-damage|p2a: Melmetal|94/100
|
|t:|1667440535
|switch|p1a: Melmetal|Melmetal|100/100|[from]move: U-turn
|move|p2a: Melmetal|Double Iron Bash|p1a: Melmetal
|-resisted|p1a: Melmetal
|-damage|p1a: Melmetal|92/100
|-resisted|p1a: Melmetal
|-damage|p1a: Melmetal|83/100
|-hitcount|p1a: Melmetal|2
|
|-heal|p2a: Melmetal|100/100|[from] item: Leftovers
|upkeep
|turn|2
|
|t:|1667440547
|switch|p2a: Slowbro|Slowbro, F|100/100
|switch|p1a: Zapdos|Zapdos|100/100
|
|upkeep
|turn|3
|
|t:|1667440558
|move|p1a: Zapdos|Hurricane|p2a: Slowbro
|-damage|p2a: Slowbro|54/100
|-start|p2a: Slowbro|confusion
|-activate|p2a: Slowbro|confusion
|move|p2a: Slowbro|Toxic|p1a: Zapdos
|-status|p1a: Zapdos|tox
|
|-damage|p1a: Zapdos|94/100 tox|[from] psn
|upkeep
|turn|4
|
|t:|1667440566
|switch|p1a: Weavile|Weavile, M|100/100
|-ability|p1a: Weavile|Pressure
|switch|p2a: Garchomp|Garchomp, F|100/100
|
|upkeep
|turn|5
|
|t:|1667440573
|move|p2a: Garchomp|Protect|p2a: Garchomp
|-singleturn|p2a: Garchomp|Protect
|move|p1a: Weavile|Knock Off|p2a: Garchomp
|-activate|p2a: Garchomp|move: Protect
|
|upkeep
|turn|6
|
|t:|1667440586
|move|p1a: Weavile|Knock Off|p2a: Garchomp
|-damage|p2a: Garchomp|34/100
|-damage|p1a: Weavile|88/100|[from] ability: Rough Skin|[of] p2a: Garchomp
|-enditem|p2a: Garchomp|Leftovers|[from] move: Knock Off|[of] p1a: Weavile
|move|p2a: Garchomp|Earthquake|p1a: Weavile
|-damage|p1a: Weavile|20/100
|
|upkeep
|turn|7
|inactive|SAINE ZASSON has 120 seconds left.
|inactive|SAINE ZASSON has 90 seconds left.
|inactive|SAINE ZASSON has 60 seconds left.
|
|t:|1667440683
|switch|p2a: Melmetal|Melmetal|100/100
|move|p1a: Weavile|Knock Off|p2a: Melmetal
|-damage|p2a: Melmetal|50/100
|-enditem|p2a: Melmetal|Leftovers|[from] move: Knock Off|[of] p1a: Weavile
|
|upkeep
|turn|8
|inactive|SAINE ZASSON has 60 seconds left.
|
|t:|1667440690
|switch|p1a: Landorus|Landorus-Therian, M|100/100
|-ability|p1a: Landorus|Intimidate|boost
|-unboost|p2a: Melmetal|atk|1
|move|p2a: Melmetal|Double Iron Bash|p1a: Landorus
|-damage|p1a: Landorus|78/100
|-damage|p1a: Landorus|57/100
|-hitcount|p1a: Landorus|2
|
|-heal|p1a: Landorus|63/100|[from] item: Leftovers
|upkeep
|turn|9
|
|t:|1667440696
|switch|p2a: Garchomp|Garchomp, F|34/100
|move|p1a: Landorus|U-turn|p2a: Garchomp
|-damage|p2a: Garchomp|16/100
|-damage|p1a: Landorus|51/100|[from] ability: Rough Skin|[of] p2a: Garchomp
|
|t:|1667440705
|switch|p1a: Kartana|Kartana|100/100|[from]move: U-turn
|
|upkeep
|turn|10
|
|t:|1667440714
|switch|p2a: Tornadus|Tornadus-Therian, M|100/100
|move|p1a: Kartana|Knock Off|p2a: Tornadus
|-damage|p2a: Tornadus|53/100
|-enditem|p2a: Tornadus|Heavy-Duty Boots|[from] move: Knock Off|[of] p1a: Kartana
|
|upkeep
|turn|11
|
|t:|1667440721
|switch|p1a: Zapdos|Zapdos|94/100 tox
|move|p2a: Tornadus|Heat Wave|p1a: Zapdos|[miss]
|-miss|p2a: Tornadus|p1a: Zapdos
|
|-damage|p1a: Zapdos|88/100 tox|[from] psn
|upkeep
|turn|12
|
|t:|1667440741
|switch|p2a: Garchomp|Garchomp, F|16/100
|move|p1a: Zapdos|Hurricane|p2a: Garchomp
|-damage|p2a: Garchomp|0 fnt
|faint|p2a: Garchomp
|
|-damage|p1a: Zapdos|76/100 tox|[from] psn
|upkeep
|
|t:|1667440749
|switch|p2a: Blaziken|Blaziken, M|100/100
|turn|13
|
|t:|1667440754
|move|p2a: Blaziken|Protect|p2a: Blaziken
|-singleturn|p2a: Blaziken|Protect
|move|p1a: Zapdos|Hurricane|p2a: Blaziken
|-activate|p2a: Blaziken|move: Protect
|
|-damage|p1a: Zapdos|58/100 tox|[from] psn
|-ability|p2a: Blaziken|Speed Boost|boost
|-boost|p2a: Blaziken|spe|1
|upkeep
|turn|14
|
|t:|1667440763
|switch|p1a: Volcanion|Volcanion|100/100
|move|p2a: Blaziken|Flare Blitz|p1a: Volcanion
|-resisted|p1a: Volcanion
|-damage|p1a: Volcanion|85/100
|-damage|p2a: Blaziken|96/100|[from] Recoil
|
|-heal|p2a: Blaziken|100/100|[from] item: Leftovers
|-ability|p2a: Blaziken|Speed Boost|boost
|-boost|p2a: Blaziken|spe|1
|upkeep
|turn|15
|inactive|SAINE ZASSON has 90 seconds left.
|
|t:|1667440785
|switch|p2a: Melmetal|Melmetal|50/100
|move|p1a: Volcanion|Earth Power|p2a: Melmetal
|-supereffective|p2a: Melmetal
|-damage|p2a: Melmetal|0 fnt
|faint|p2a: Melmetal
|
|upkeep
|j| PQPP214
|
|t:|1667440797
|switch|p2a: Tornadus|Tornadus-Therian, M|86/100
|turn|16
|
|t:|1667440803
|switch|p1a: Zapdos|Zapdos|58/100 tox
|move|p2a: Tornadus|U-turn|p1a: Zapdos
|-resisted|p1a: Zapdos
|-damage|p1a: Zapdos|53/100 tox
|-status|p2a: Tornadus|par|[from] ability: Static|[of] p1a: Zapdos
|
|t:|1667440805
|switch|p2a: Blaziken|Blaziken, M|100/100|[from]move: U-turn
|
|-damage|p1a: Zapdos|47/100 tox|[from] psn
|upkeep
|turn|17
|
|t:|1667440815
|switch|p1a: Landorus|Landorus-Therian, M|51/100
|-ability|p1a: Landorus|Intimidate|boost
|-unboost|p2a: Blaziken|atk|1
|move|p2a: Blaziken|Swords Dance|p2a: Blaziken
|-boost|p2a: Blaziken|atk|2
|
|-heal|p1a: Landorus|57/100|[from] item: Leftovers
|-ability|p2a: Blaziken|Speed Boost|boost
|-boost|p2a: Blaziken|spe|1
|upkeep
|turn|18
|
|t:|1667440824
|move|p2a: Blaziken|Flare Blitz|p1a: Landorus
|-damage|p1a: Landorus|0 fnt
|faint|p1a: Landorus
|-damage|p2a: Blaziken|79/100|[from] Recoil
|
|-heal|p2a: Blaziken|86/100|[from] item: Leftovers
|-ability|p2a: Blaziken|Speed Boost|boost
|-boost|p2a: Blaziken|spe|1
|upkeep
|
|t:|1667440849
|switch|p1a: Kartana|Kartana|100/100
|turn|19
|
|t:|1667440855
|move|p2a: Blaziken|Protect|p2a: Blaziken
|-singleturn|p2a: Blaziken|Protect
|move|p1a: Kartana|Knock Off|p2a: Blaziken
|-activate|p2a: Blaziken|move: Protect
|
|-heal|p2a: Blaziken|92/100|[from] item: Leftovers
|-ability|p2a: Blaziken|Speed Boost|boost
|-boost|p2a: Blaziken|spe|1
|upkeep
|turn|20
|
|t:|1667440866
|move|p2a: Blaziken|Swords Dance|p2a: Blaziken
|-boost|p2a: Blaziken|atk|2
|move|p1a: Kartana|Knock Off|p2a: Blaziken
|-resisted|p2a: Blaziken
|-damage|p2a: Blaziken|60/100
|-enditem|p2a: Blaziken|Leftovers|[from] move: Knock Off|[of] p1a: Kartana
|
|-ability|p2a: Blaziken|Speed Boost|boost
|-boost|p2a: Blaziken|spe|1
|upkeep
|turn|21
|
|t:|1667440875
|move|p2a: Blaziken|Close Combat|p1a: Kartana
|-supereffective|p1a: Kartana
|-damage|p1a: Kartana|0 fnt
|-unboost|p2a: Blaziken|def|1
|-unboost|p2a: Blaziken|spd|1
|faint|p1a: Kartana
|
|-ability|p2a: Blaziken|Speed Boost|boost
|-boost|p2a: Blaziken|spe|1
|upkeep
|
|t:|1667440904
|switch|p1a: Zapdos|Zapdos|47/100 tox
|turn|22
|inactive|SAINE ZASSON has 120 seconds left.
|
|t:|1667440920
|move|p2a: Blaziken|Close Combat|p1a: Zapdos
|-resisted|p1a: Zapdos
|-damage|p1a: Zapdos|0 fnt
|-unboost|p2a: Blaziken|def|1
|-unboost|p2a: Blaziken|spd|1
|faint|p1a: Zapdos
|
|-ability|p2a: Blaziken|Speed Boost|boost
|-boost|p2a: Blaziken|spe|1
|upkeep
|
|t:|1667440928
|switch|p1a: Weavile|Weavile, M|20/100
|-ability|p1a: Weavile|Pressure
|turn|23
|inactive|SAINE ZASSON has 120 seconds left.
|
|t:|1667440944
|move|p1a: Weavile|Ice Shard|p2a: Blaziken
|-resisted|p2a: Blaziken
|-damage|p2a: Blaziken|19/100
|move|p2a: Blaziken|Close Combat|p1a: Weavile
|-supereffective|p1a: Weavile
|-damage|p1a: Weavile|0 fnt
|-unboost|p2a: Blaziken|def|1
|-unboost|p2a: Blaziken|spd|1
|faint|p1a: Weavile
|
|upkeep
|-message|ultimategoogolplex forfeited.
|
|win|SAINE ZASSON
|raw|ultimategoogolplex's rating: 1708 &rarr; <strong>1688</strong><br />(-20 for losing)
|raw|SAINE ZASSON's rating: 1714 &rarr; <strong>1734</strong><br />(+20 for winning)
|l|☆ultimategoogolplex
