|j|☆Commando 55
|j|☆YaarBeli
|t:|1595923335
|player|p1|Commando 55|iris-gen5bw2|1752
|player|p2|YaarBeli|steven|1931
|teamsize|p1|6
|teamsize|p2|6
|gametype|singles
|gen|8
|tier|[Gen 8] OU
|rated|
|html|<div class="broadcast-blue"><strong>OU is currently suspecting Magearna! For information on how to participate check out the <a href="https://www.smogon.com/forums/threads/3667669/">suspect thread</a>.</strong></div>
|clearpoke
|poke|p1|Zeraora|
|poke|p1|Ferrothorn, M|
|poke|p1|Marowak-Alola, M|
|poke|p1|Mandibuzz, F|
|poke|p1|Clefable, M|
|poke|p1|Kyurem|
|poke|p2|Mamoswine, M|
|poke|p2|Kommo-o, F|
|poke|p2|Urshifu-*, F|
|poke|p2|Mandibuzz, F|
|poke|p2|Gengar, M|
|poke|p2|Volcarona, M|
|rule|Sleep Clause Mod: Limit one foe put to sleep
|rule|Species Clause: Limit one of each Pokémon
|rule|OHKO Clause: OHKO moves are banned
|rule|Evasion Moves Clause: Evasion moves are banned
|rule|Endless Battle Clause: Forcing endless battles is banned
|rule|HP Percentage Mod: HP is shown in percentages
|rule|Dynamax Clause: You cannot dynamax
|teampreview
|l|☆Commando 55
|player|p1|
|inactive|Battle timer is ON: inactive players will automatically lose when time's up. (requested by YaarBeli)
|j|☆Commando 55
|inactive|Commando 55 reconnected and has 150 seconds left.
|player|p1|Commando 55|iris-gen5bw2
|j| VvvV1250
|
|t:|1595923370
|start
|switch|p1a: Kyurem|Kyurem|100/100
|switch|p2a: Volcarona|Volcarona, M|100/100
|-ability|p1a: Kyurem|Pressure
|turn|1
|
|t:|1595923383
|move|p2a: Volcarona|Fiery Dance|p1a: Kyurem
|-damage|p1a: Kyurem|60/100
|-boost|p2a: Volcarona|spa|1
|move|p1a: Kyurem|Draco Meteor|p2a: Volcarona
|-damage|p2a: Volcarona|0 fnt
|-unboost|p1a: Kyurem|spa|2
|faint|p2a: Volcarona
|
|upkeep
|
|t:|1595923392
|switch|p2a: Gengar|Gengar, M|100/100
|turn|2
|
|t:|1595923400
|switch|p1a: Ferrothorn|Ferrothorn, M|100/100
|move|p2a: Gengar|Trick|p1a: Ferrothorn
|-activate|p2a: Gengar|move: Trick|[of] p1a: Ferrothorn
|-item|p1a: Ferrothorn|Choice Scarf|[from] move: Trick
|-item|p2a: Gengar|Leftovers|[from] move: Trick
|
|upkeep
|turn|3
|
|t:|1595923406
|switch|p2a: Kommo-o|Kommo-o, F|100/100
|move|p1a: Ferrothorn|Knock Off|p2a: Kommo-o
|-resisted|p2a: Kommo-o
|-damage|p2a: Kommo-o|95/100
|-damage|p1a: Ferrothorn|84/100|[from] item: Rocky Helmet|[of] p2a: Kommo-o
|-enditem|p2a: Kommo-o|Rocky Helmet|[from] move: Knock Off|[of] p1a: Ferrothorn
|
|upkeep
|turn|4
|
|t:|1595923412
|switch|p1a: Clefable|Clefable, M|100/100
|move|p2a: Kommo-o|Stealth Rock|p1a: Clefable
|-sidestart|p1: Commando 55|move: Stealth Rock
|
|upkeep
|turn|5
|
|t:|1595923416
|switch|p2a: Mamoswine|Mamoswine, M|100/100
|move|p1a: Clefable|Wish|p1a: Clefable
|
|upkeep
|turn|6
|
|t:|1595923425
|move|p2a: Mamoswine|Icicle Crash|p1a: Clefable
|-damage|p1a: Clefable|21/100
|move|p1a: Clefable|Teleport|p1a: Clefable
|
|t:|1595923429
|switch|p1a: Kyurem|Kyurem|60/100|[from]move: Teleport
|-damage|p1a: Kyurem|35/100|[from] Stealth Rock
|-ability|p1a: Kyurem|Pressure
|
|-heal|p1a: Kyurem|85/100|[from] move: Wish|[wisher] Clefable
|upkeep
|turn|7
|
|t:|1595923440
|move|p1a: Kyurem|Draco Meteor|p2a: Mamoswine
|-crit|p2a: Mamoswine
|-damage|p2a: Mamoswine|0 fnt
|-unboost|p1a: Kyurem|spa|2
|faint|p2a: Mamoswine
|
|upkeep
|
|t:|1595923444
|switch|p2a: Urshifu|Urshifu, F|100/100
|turn|8
|
|t:|1595923450
|move|p2a: Urshifu|Bulk Up|p2a: Urshifu
|-boost|p2a: Urshifu|atk|1
|-boost|p2a: Urshifu|def|1
|move|p1a: Kyurem|Draco Meteor|p2a: Urshifu
|-damage|p2a: Urshifu|30/100
|-unboost|p1a: Kyurem|spa|2
|
|upkeep
|turn|9
|
|t:|1595923461
|switch|p1a: Ferrothorn|Ferrothorn, M|84/100
|-damage|p1a: Ferrothorn|78/100|[from] Stealth Rock
|move|p2a: Urshifu|Drain Punch|p1a: Ferrothorn
|-supereffective|p1a: Ferrothorn
|-damage|p1a: Ferrothorn|7/100
|-heal|p2a: Urshifu|66/100|[from] drain|[of] p1a: Ferrothorn
|-damage|p2a: Urshifu|54/100|[from] ability: Iron Barbs|[of] p1a: Ferrothorn
|
|upkeep
|turn|10
|
|t:|1595923472
|move|p2a: Urshifu|Bulk Up|p2a: Urshifu
|-boost|p2a: Urshifu|atk|1
|-boost|p2a: Urshifu|def|1
|move|p1a: Ferrothorn|Leech Seed|p2a: Urshifu|[miss]
|-miss|p1a: Ferrothorn|p2a: Urshifu
|
|upkeep
|turn|11
|
|t:|1595923478
|switch|p1a: Mandibuzz|Mandibuzz, F|100/100
|move|p2a: Urshifu|Drain Punch|p1a: Mandibuzz
|-damage|p1a: Mandibuzz|60/100
|-heal|p2a: Urshifu|79/100|[from] drain|[of] p1a: Mandibuzz
|
|upkeep
|turn|12
|
|t:|1595923482
|move|p2a: Urshifu|Drain Punch|p1a: Mandibuzz
|-damage|p1a: Mandibuzz|20/100
|-heal|p2a: Urshifu|100/100|[from] drain|[of] p1a: Mandibuzz
|move|p1a: Mandibuzz|Roost|p1a: Mandibuzz
|-heal|p1a: Mandibuzz|70/100
|-singleturn|p1a: Mandibuzz|move: Roost
|
|upkeep
|turn|13
|
|t:|1595923486
|move|p2a: Urshifu|Drain Punch|p1a: Mandibuzz
|-damage|p1a: Mandibuzz|27/100
|move|p1a: Mandibuzz|Roost|p1a: Mandibuzz
|-heal|p1a: Mandibuzz|77/100
|-singleturn|p1a: Mandibuzz|move: Roost
|
|upkeep
|turn|14
|
|t:|1595923490
|move|p2a: Urshifu|Bulk Up|p2a: Urshifu
|-boost|p2a: Urshifu|atk|1
|-boost|p2a: Urshifu|def|1
|move|p1a: Mandibuzz|Roost|p1a: Mandibuzz
|-heal|p1a: Mandibuzz|100/100
|-singleturn|p1a: Mandibuzz|move: Roost
|
|upkeep
|turn|15
|
|t:|1595923495
|move|p2a: Urshifu|Drain Punch|p1a: Mandibuzz
|-damage|p1a: Mandibuzz|42/100
|move|p1a: Mandibuzz|Defog|p2a: Urshifu
|-unboost|p2a: Urshifu|evasion|1
|-sideend|p1: Commando 55|Stealth Rock|[from] move: Defog|[of] p1a: Mandibuzz
|
|upkeep
|turn|16
|
|t:|1595923499
|switch|p1a: Ferrothorn|Ferrothorn, M|7/100
|move|p2a: Urshifu|Drain Punch|p1a: Ferrothorn
|-supereffective|p1a: Ferrothorn
|-damage|p1a: Ferrothorn|0 fnt
|-damage|p2a: Urshifu|88/100|[from] ability: Iron Barbs|[of] p1a: Ferrothorn
|faint|p1a: Ferrothorn
|
|upkeep
|
|t:|1595923512
|switch|p1a: Zeraora|Zeraora, shiny|100/100
|turn|17
|
|t:|1595923514
|move|p2a: Urshifu|Sucker Punch|p1a: Zeraora
|-damage|p1a: Zeraora|0 fnt
|faint|p1a: Zeraora
|
|upkeep
|-message|Commando 55 forfeited.
|
|win|YaarBeli
|l|☆Commando 55
|raw|Commando 55's rating: 1752 &rarr; <strong>1741</strong><br />(-11 for losing)
|raw|YaarBeli's rating: 1931 &rarr; <strong>1942</strong><br />(+11 for winning)
|l| VvvV1250
