|j|☆early_human
|j|☆AgencyIsOwn
|t:|1636510717
|gametype|singles
|player|p1|early_human|dancer|1832
|player|p2|AgencyIsOwn|zinnia|1833
|teamsize|p1|6
|teamsize|p2|6
|gen|8
|tier|[Gen 8] OU
|rated|
|rule|Sleep Clause Mod: Limit one foe put to sleep
|rule|Species Clause: Limit one of each Pokémon
|rule|OHKO Clause: OHKO moves are banned
|rule|Evasion Moves Clause: Evasion moves are banned
|rule|Endless Battle Clause: Forcing endless battles is banned
|rule|HP Percentage Mod: HP is shown in percentages
|rule|Dynamax Clause: You cannot dynamax
|clearpoke
|poke|p1|Moltres-Galar|
|poke|p1|Aegislash, M|
|poke|p1|Buzzwole|
|poke|p1|Latios, M|
|poke|p1|Landorus-Therian, M|
|poke|p1|Bisharp, M|
|poke|p2|Slurpuff, M|
|poke|p2|Mew|
|poke|p2|Kartana|
|poke|p2|Tapu Fini|
|poke|p2|Landorus-Therian, M|
|poke|p2|Volcarona, M|
|teampreview
|inactive|Battle timer is ON: inactive players will automatically lose when time's up. (requested by AgencyIsOwn)
|
|t:|1636510729
|start
|switch|p1a: Aegislash|Aegislash, M|100/100
|switch|p2a: Slurpuff|Slurpuff, M|100/100
|turn|1
|
|t:|1636510733
|move|p2a: Slurpuff|Sticky Web|p1a: Aegislash
|-sidestart|p1: early_human|move: Sticky Web
|-formechange|p1a: Aegislash|Aegislash-Blade||[from] ability: Stance Change
|move|p1a: Aegislash|Shadow Ball|p2a: Slurpuff
|-damage|p2a: Slurpuff|41/100
|
|upkeep
|turn|2
|
|t:|1636510736
|-formechange|p1a: Aegislash|Aegislash||[from] ability: Stance Change
|move|p1a: Aegislash|King's Shield|p1a: Aegislash
|-singleturn|p1a: Aegislash|Protect
|move|p2a: Slurpuff|Yawn|p1a: Aegislash
|-start|p1a: Aegislash|move: Yawn|[of] p2a: Slurpuff
|
|upkeep
|turn|3
|
|t:|1636510742
|switch|p1a: Landorus|Landorus-Therian, M|100/100
|-ability|p1a: Landorus|Intimidate|boost
|-unboost|p2a: Slurpuff|atk|1
|move|p2a: Slurpuff|Misty Explosion|p1a: Landorus
|-damage|p1a: Landorus|60/100
|faint|p2a: Slurpuff
|
|upkeep
|
|t:|1636510761
|switch|p2a: Tapu Fini|Tapu Fini, shiny|100/100
|-fieldstart|move: Misty Terrain|[from] ability: Misty Surge|[of] p2a: Tapu Fini
|turn|4
|
|t:|1636510766
|switch|p1a: Bisharp|Bisharp, M|100/100
|-activate|p1a: Bisharp|move: Sticky Web
|-unboost|p1a: Bisharp|spe|1
|-ability|p1a: Bisharp|Defiant
|-boost|p1a: Bisharp|atk|2
|move|p2a: Tapu Fini|Iron Defense|p2a: Tapu Fini
|-boost|p2a: Tapu Fini|def|2
|
|upkeep
|turn|5
|
|t:|1636510773
|move|p2a: Tapu Fini|Iron Defense|p2a: Tapu Fini
|-boost|p2a: Tapu Fini|def|2
|move|p1a: Bisharp|Iron Head|p2a: Tapu Fini
|-damage|p2a: Tapu Fini|80/100
|
|-heal|p2a: Tapu Fini|87/100|[from] item: Leftovers
|upkeep
|turn|6
|
|t:|1636510776
|move|p2a: Tapu Fini|Calm Mind|p2a: Tapu Fini
|-boost|p2a: Tapu Fini|spa|1
|-boost|p2a: Tapu Fini|spd|1
|move|p1a: Bisharp|Knock Off|p2a: Tapu Fini
|-resisted|p2a: Tapu Fini
|-damage|p2a: Tapu Fini|75/100
|-enditem|p2a: Tapu Fini|Leftovers|[from] move: Knock Off|[of] p1a: Bisharp
|
|upkeep
|turn|7
|-message|early_human forfeited.
|
|win|AgencyIsOwn
|raw|early_human's rating: 1832 &rarr; <strong>1812</strong><br />(-20 for losing)
|raw|AgencyIsOwn's rating: 1833 &rarr; <strong>1853</strong><br />(+20 for winning)
|l|☆early_human
