|j|☆SirFresh
|j|☆Ace Astro
|t:|1660104267
|gametype|singles
|player|p1|SirFresh|palmer|
|player|p2|Ace Astro|twins-gen4|
|teamsize|p1|6
|teamsize|p2|6
|gen|8
|tier|[Gen 8] OU
|rule|Sleep Clause Mod: Limit one foe put to sleep
|rule|Species Clause: Limit one of each Pokémon
|rule|OHKO Clause: OHKO moves are banned
|rule|Evasion Items Clause: Evasion items are banned
|rule|Evasion Moves Clause: Evasion moves are banned
|rule|Endless Battle Clause: Forcing endless battles is banned
|rule|HP Percentage Mod: HP is shown in percentages
|rule|Dynamax Clause: You cannot dynamax
|clearpoke
|poke|p1|Tapu Koko|
|poke|p1|Blaziken, M|
|poke|p1|Tapu Lele|
|poke|p1|Corviknight, M|
|poke|p1|Swampert, M|
|poke|p1|Kartana|
|poke|p2|Corviknight, F|
|poke|p2|Landorus-Therian, M|
|poke|p2|Tapu Fini|
|poke|p2|Heatran, F|
|poke|p2|Weavile, F|
|poke|p2|Dragapult, M|
|teampreview
|c|☆Ace Astro|glhf
|c|☆SirFresh|Glhf
|c|☆Ace Astro|I havent touched this team at all
|c|☆Ace Astro|lol
|
|t:|1660104322
|start
|switch|p1a: Swampert|Swampert, M|100/100
|switch|p2a: Heatran|Heatran, F|100/100
|turn|1
|
|t:|1660104332
|switch|p2a: Tapu Fini|Tapu Fini|100/100
|-fieldstart|move: Misty Terrain|[from] ability: Misty Surge|[of] p2a: Tapu Fini
|move|p1a: Swampert|Flip Turn|p2a: Tapu Fini
|-resisted|p2a: Tapu Fini
|-damage|p2a: Tapu Fini|93/100
|
|t:|1660104335
|switch|p1a: Tapu Koko|Tapu Koko|100/100|[from]move: Flip Turn
|-fieldstart|move: Electric Terrain|[from] ability: Electric Surge|[of] p1a: Tapu Koko
|
|-heal|p2a: Tapu Fini|99/100|[from] item: Leftovers
|upkeep
|turn|2
|
|t:|1660104344
|switch|p2a: Landorus|Landorus-Therian, M|100/100
|-ability|p2a: Landorus|Intimidate|boost
|-unboost|p1a: Tapu Koko|atk|1
|move|p1a: Tapu Koko|Dazzling Gleam|p2a: Landorus
|-damage|p2a: Landorus|42/100
|
|-heal|p2a: Landorus|48/100|[from] item: Leftovers
|upkeep
|turn|3
|
|t:|1660104355
|move|p1a: Tapu Koko|Dazzling Gleam|p2a: Landorus
|-damage|p2a: Landorus|0 fnt
|faint|p2a: Landorus
|
|upkeep
|c|☆Ace Astro|the koko, the friggin koko
|
|t:|1660104385
|switch|p2a: Heatran|Heatran, F|100/100
|turn|4
|
|t:|1660104394
|switch|p1a: Swampert|Swampert, M|100/100
|move|p2a: Heatran|Toxic|p1a: Swampert
|-status|p1a: Swampert|tox
|
|-damage|p1a: Swampert|94/100 tox|[from] psn
|upkeep
|turn|5
|
|t:|1660104401
|switch|p2a: Tapu Fini|Tapu Fini|99/100
|-fieldstart|move: Misty Terrain|[from] ability: Misty Surge|[of] p2a: Tapu Fini
|move|p1a: Swampert|Flip Turn|p2a: Tapu Fini
|-resisted|p2a: Tapu Fini
|-damage|p2a: Tapu Fini|91/100
|
|t:|1660104404
|switch|p1a: Tapu Koko|Tapu Koko|100/100|[from]move: Flip Turn
|-fieldstart|move: Electric Terrain|[from] ability: Electric Surge|[of] p1a: Tapu Koko
|
|-heal|p2a: Tapu Fini|97/100|[from] item: Leftovers
|upkeep
|turn|6
|
|t:|1660104459
|move|p1a: Tapu Koko|Thunderbolt|p2a: Tapu Fini
|-supereffective|p2a: Tapu Fini
|-damage|p2a: Tapu Fini|0 fnt
|faint|p2a: Tapu Fini
|
|upkeep
|
|t:|1660104468
|switch|p2a: Corviknight|Corviknight, F|100/100
|-ability|p2a: Corviknight|Pressure
|turn|7
|c|☆Ace Astro|none of this fun against koko lmao
|
|t:|1660104493
|move|p1a: Tapu Koko|Thunderbolt|p2a: Corviknight
|-supereffective|p2a: Corviknight
|-damage|p2a: Corviknight|0 fnt
|faint|p2a: Corviknight
|
|upkeep
|
|t:|1660104502
|switch|p2a: Heatran|Heatran, F|100/100
|turn|8
|
|t:|1660104509
|switch|p1a: Swampert|Swampert, M|94/100 tox
|move|p2a: Heatran|Magma Storm|p1a: Swampert
|-resisted|p1a: Swampert
|-damage|p1a: Swampert|79/100 tox
|-activate|p1a: Swampert|move: Magma Storm|[of] p2a: Heatran
|
|-heal|p1a: Swampert|86/100 tox|[from] item: Leftovers
|-damage|p1a: Swampert|79/100 tox|[from] psn
|-damage|p1a: Swampert|67/100 tox|[from] move: Magma Storm|[partiallytrapped]
|upkeep
|turn|9
|
|t:|1660104522
|move|p2a: Heatran|Magma Storm|p1a: Swampert
|-resisted|p1a: Swampert
|-damage|p1a: Swampert|53/100 tox
|move|p1a: Swampert|Flip Turn|p2a: Heatran
|-supereffective|p2a: Heatran
|-damage|p2a: Heatran|61/100
|
|t:|1660104531
|switch|p1a: Blaziken|Blaziken, M|100/100|[from]move: Flip Turn
|
|-heal|p2a: Heatran|67/100|[from] item: Leftovers
|-fieldend|move: Electric Terrain
|upkeep
|turn|10
|
|t:|1660104541
|switch|p2a: Dragapult|Dragapult, M|100/100
|move|p1a: Blaziken|Close Combat|p2a: Dragapult
|-immune|p2a: Dragapult
|
|-ability|p1a: Blaziken|Speed Boost|boost
|-boost|p1a: Blaziken|spe|1
|upkeep
|turn|11
|
|t:|1660104557
|move|p1a: Blaziken|Flare Blitz|p2a: Dragapult
|-resisted|p2a: Dragapult
|-crit|p2a: Dragapult
|-damage|p2a: Dragapult|18/100
|-damage|p1a: Blaziken|72/100|[from] Recoil
|-damage|p1a: Blaziken|62/100|[from] item: Life Orb
|move|p2a: Dragapult|Shadow Ball|p1a: Blaziken
|-damage|p1a: Blaziken|0 fnt
|faint|p1a: Blaziken
|
|upkeep
|
|t:|1660104569
|switch|p1a: Tapu Koko|Tapu Koko|100/100
|-fieldstart|move: Electric Terrain|[from] ability: Electric Surge|[of] p1a: Tapu Koko
|turn|12
|c|☆SirFresh|Sorry about that crit
|
|t:|1660104589
|move|p2a: Dragapult|Shadow Ball|p1a: Tapu Koko
|-damage|p1a: Tapu Koko|15/100
|move|p1a: Tapu Koko|Thunderbolt|p2a: Dragapult
|-resisted|p2a: Dragapult
|-damage|p2a: Dragapult|0 fnt
|faint|p2a: Dragapult
|
|upkeep
|
|t:|1660104594
|switch|p2a: Weavile|Weavile, F|100/100
|turn|13
|
|t:|1660104602
|switch|p1a: Corviknight|Corviknight, M|100/100
|-ability|p1a: Corviknight|Pressure
|move|p2a: Weavile|Ice Shard|p1a: Corviknight
|-crit|p1a: Corviknight
|-damage|p1a: Corviknight|73/100
|
|upkeep
|turn|14
|
|t:|1660104609
|switch|p2a: Heatran|Heatran, F|67/100
|move|p1a: Corviknight|U-turn|p2a: Heatran
|-resisted|p2a: Heatran
|-damage|p2a: Heatran|64/100
|
|t:|1660104615
|switch|p1a: Kartana|Kartana|100/100|[from]move: U-turn
|
|-heal|p2a: Heatran|70/100|[from] item: Leftovers
|upkeep
|turn|15
|
|t:|1660104622
|move|p1a: Kartana|Sacred Sword|p2a: Heatran
|-supereffective|p2a: Heatran
|-damage|p2a: Heatran|5/100
|move|p2a: Heatran|Magma Storm|p1a: Kartana|[miss]
|-miss|p2a: Heatran|p1a: Kartana
|
|-heal|p2a: Heatran|11/100|[from] item: Leftovers
|upkeep
|turn|16
|c|☆Ace Astro|;w; I know it doesnt matter all that much in the end
|c|☆Ace Astro|but
|c|☆Ace Astro|really?
|c|☆SirFresh|And the miss although dont think it matters to much now
|
|t:|1660104649
|move|p1a: Kartana|Sacred Sword|p2a: Heatran
|-supereffective|p2a: Heatran
|-damage|p2a: Heatran|0 fnt
|faint|p2a: Heatran
|-ability|p1a: Kartana|Beast Boost|boost
|-boost|p1a: Kartana|atk|1
|
|-fieldend|move: Electric Terrain
|upkeep
|c|☆Ace Astro|Yeah, it doesnt but thats an add on to injury
|
|t:|1660104669
|switch|p2a: Weavile|Weavile, F|100/100
|turn|17
|
|t:|1660104674
|move|p2a: Weavile|Low Kick|p1a: Kartana
|-supereffective|p1a: Kartana
|-damage|p1a: Kartana|80/100
|move|p1a: Kartana|Sacred Sword|p2a: Weavile
|-supereffective|p2a: Weavile
|-damage|p2a: Weavile|0 fnt
|faint|p2a: Weavile
|
|win|SirFresh
|c|☆SirFresh|Gg
|c|☆Ace Astro|gg
|l|☆Ace Astro
