|j|☆free baby
|j|☆Stellar Flares
|inactive|Battle timer is ON: inactive players will automatically lose when time's up.
|t:|1667473132
|gametype|singles
|player|p1|free baby|170|
|player|p2|Stellar Flares|palmer|
|teamsize|p1|6
|teamsize|p2|6
|gen|8
|tier|[Gen 8] OU
|rated|Tournament battle
|rule|Sleep Clause Mod: Limit one foe put to sleep
|rule|Species Clause: Limit one of each Pokémon
|rule|OHKO Clause: OHKO moves are banned
|rule|Evasion Items Clause: Evasion items are banned
|rule|Evasion Moves Clause: Evasion moves are banned
|rule|Endless Battle Clause: Forcing endless battles is banned
|rule|HP Percentage Mod: HP is shown in percentages
|rule|Dynamax Clause: You cannot dynamax
|clearpoke
|poke|p1|Ninetales-Alola, M|
|poke|p1|Heatran, M|
|poke|p1|Dragapult, M|
|poke|p1|Scizor, M|
|poke|p1|Garchomp, F|
|poke|p1|Cloyster, M|
|poke|p2|Corviknight, M|
|poke|p2|Tornadus-Therian, M|
|poke|p2|Audino, M|
|poke|p2|Shedinja|
|poke|p2|Clefable, M|
|poke|p2|Garchomp, M|
|teampreview
|inactive|free baby also wants the timer to be on.
|j| eg.rtzkububk
|l| eg.rtzkububk
|inactive|free baby has 120 seconds left.
|j| HarryBW247
|
|t:|1667473179
|start
|switch|p1a: Ninetales|Ninetales-Alola, M|100/100
|switch|p2a: Tornadus|Tornadus-Therian, M|100/100
|-weather|Hail|[from] ability: Snow Warning|[of] p1a: Ninetales
|turn|1
|j| Yongye-br
|
|t:|1667473186
|move|p2a: Tornadus|Toxic|p1a: Ninetales
|-status|p1a: Ninetales|tox
|move|p1a: Ninetales|Aurora Veil|p1a: Ninetales
|-sidestart|p1: free baby|move: Aurora Veil
|
|-weather|Hail|[upkeep]
|-damage|p2a: Tornadus|94/100|[from] Hail
|-damage|p1a: Ninetales|94/100 tox|[from] psn
|upkeep
|turn|2
|
|t:|1667473210
|move|p2a: Tornadus|Defog|p1a: Ninetales
|-unboost|p1a: Ninetales|evasion|1
|-sideend|p1: free baby|move: Aurora Veil
|move|p1a: Ninetales|Hypnosis|p2a: Tornadus|[miss]
|-miss|p1a: Ninetales|p2a: Tornadus
|
|-weather|Hail|[upkeep]
|-damage|p2a: Tornadus|88/100|[from] Hail
|-damage|p1a: Ninetales|82/100 tox|[from] psn
|upkeep
|turn|3
|j| akat555
|inactive|Stellar Flares has 120 seconds left.
|
|t:|1667473241
|switch|p2a: Shedinja|Shedinja|100/100
|move|p1a: Ninetales|Aurora Veil|p1a: Ninetales
|-sidestart|p1: free baby|move: Aurora Veil
|
|-weather|Hail|[upkeep]
|-damage|p1a: Ninetales|64/100 tox|[from] psn
|upkeep
|turn|4
|
|t:|1667473245
|switch|p1a: Heatran|Heatran, M|100/100
|-item|p1a: Heatran|Air Balloon
|move|p2a: Shedinja|Hex|p1a: Heatran
|-damage|p1a: Heatran|93/100
|-enditem|p1a: Heatran|Air Balloon
|
|-weather|Hail|[upkeep]
|-damage|p1a: Heatran|87/100|[from] Hail
|upkeep
|turn|5
|
|t:|1667473250
|switch|p2a: Garchomp|Garchomp, M|100/100
|move|p1a: Heatran|Stealth Rock|p2a: Garchomp
|-sidestart|p2: Stellar Flares|move: Stealth Rock
|
|-weather|none
|upkeep
|turn|6
|
|t:|1667473255
|switch|p1a: Cloyster|Cloyster, M|100/100
|move|p2a: Garchomp|Earthquake|p1a: Cloyster
|-damage|p1a: Cloyster|77/100
|
|upkeep
|turn|7
|
|t:|1667473264
|switch|p2a: Corviknight|Corviknight, M|100/100
|-damage|p2a: Corviknight|88/100|[from] Stealth Rock
|-ability|p2a: Corviknight|Pressure
|move|p1a: Cloyster|Shell Smash|p1a: Cloyster
|-unboost|p1a: Cloyster|def|1
|-unboost|p1a: Cloyster|spd|1
|-boost|p1a: Cloyster|atk|2
|-boost|p1a: Cloyster|spa|2
|-boost|p1a: Cloyster|spe|2
|
|-heal|p2a: Corviknight|94/100|[from] item: Leftovers
|upkeep
|turn|8
|
|t:|1667473268
|move|p1a: Cloyster|Icicle Spear|p2a: Corviknight
|-damage|p2a: Corviknight|79/100
|-damage|p2a: Corviknight|63/100
|-damage|p2a: Corviknight|48/100
|-damage|p2a: Corviknight|32/100
|-damage|p2a: Corviknight|17/100
|-hitcount|p2a: Corviknight|5
|move|p2a: Corviknight|Defog|p1a: Cloyster
|-unboost|p1a: Cloyster|evasion|1
|-sideend|p1: free baby|move: Aurora Veil
|-sideend|p2: Stellar Flares|Stealth Rock|[from] move: Defog|[of] p2a: Corviknight
|
|-heal|p2a: Corviknight|23/100|[from] item: Leftovers
|upkeep
|turn|9
|
|t:|1667473273
|switch|p2a: Clefable|Clefable, M|100/100
|move|p1a: Cloyster|Icicle Spear|p2a: Clefable
|-damage|p2a: Clefable|92/100
|-damage|p2a: Clefable|83/100
|-damage|p2a: Clefable|75/100
|-damage|p2a: Clefable|65/100
|-damage|p2a: Clefable|56/100
|-hitcount|p2a: Clefable|5
|
|-heal|p2a: Clefable|62/100|[from] item: Leftovers
|upkeep
|turn|10
|j| Seulggi ♡
|
|t:|1667473293
|move|p1a: Cloyster|Icicle Spear|p2a: Clefable
|-damage|p2a: Clefable|54/100
|-damage|p2a: Clefable|44/100
|-damage|p2a: Clefable|35/100
|-damage|p2a: Clefable|27/100
|-damage|p2a: Clefable|17/100
|-hitcount|p2a: Clefable|5
|move|p2a: Clefable|Soft-Boiled|p2a: Clefable
|-heal|p2a: Clefable|67/100
|
|-heal|p2a: Clefable|73/100|[from] item: Leftovers
|upkeep
|turn|11
|
|t:|1667473295
|move|p1a: Cloyster|Icicle Spear|p2a: Clefable
|-damage|p2a: Clefable|64/100
|-damage|p2a: Clefable|55/100
|-damage|p2a: Clefable|47/100
|-damage|p2a: Clefable|37/100
|-damage|p2a: Clefable|29/100
|-hitcount|p2a: Clefable|5
|move|p2a: Clefable|Soft-Boiled|p2a: Clefable
|-heal|p2a: Clefable|79/100
|
|-heal|p2a: Clefable|85/100|[from] item: Leftovers
|upkeep
|turn|12
|
|t:|1667473303
|move|p1a: Cloyster|Icicle Spear|p2a: Clefable
|-damage|p2a: Clefable|76/100
|-damage|p2a: Clefable|68/100
|-damage|p2a: Clefable|59/100
|-damage|p2a: Clefable|50/100
|-damage|p2a: Clefable|41/100
|-hitcount|p2a: Clefable|5
|move|p2a: Clefable|Soft-Boiled|p2a: Clefable
|-heal|p2a: Clefable|91/100
|
|-heal|p2a: Clefable|97/100|[from] item: Leftovers
|upkeep
|turn|13
|
|t:|1667473307
|move|p1a: Cloyster|Icicle Spear|p2a: Clefable
|-damage|p2a: Clefable|89/100
|-damage|p2a: Clefable|79/100
|-crit|p2a: Clefable
|-damage|p2a: Clefable|66/100
|-damage|p2a: Clefable|57/100
|-crit|p2a: Clefable
|-damage|p2a: Clefable|43/100
|-hitcount|p2a: Clefable|5
|move|p2a: Clefable|Moonblast|p1a: Cloyster
|-damage|p1a: Cloyster|0 fnt
|faint|p1a: Cloyster
|
|-heal|p2a: Clefable|49/100|[from] item: Leftovers
|upkeep
|
|t:|1667473310
|switch|p1a: Scizor|Scizor, M|100/100
|turn|14
|
|t:|1667473324
|switch|p2a: Tornadus|Tornadus-Therian, M|100/100
|move|p1a: Scizor|Swords Dance|p1a: Scizor
|-boost|p1a: Scizor|atk|2
|
|upkeep
|turn|15
|inactive|free baby has 120 seconds left.
|
|t:|1667473371
|move|p2a: Tornadus|Heat Wave|p1a: Scizor
|-supereffective|p1a: Scizor
|-damage|p1a: Scizor|0 fnt
|faint|p1a: Scizor
|
|upkeep
|
|t:|1667473373
|switch|p1a: Ninetales|Ninetales-Alola, M|64/100 tox
|-weather|Hail|[from] ability: Snow Warning|[of] p1a: Ninetales
|turn|16
|
|t:|1667473379
|switch|p2a: Audino|Audino, M|100/100
|move|p1a: Ninetales|Aurora Veil|p1a: Ninetales
|-sidestart|p1: free baby|move: Aurora Veil
|
|-weather|Hail|[upkeep]
|-damage|p2a: Audino|94/100|[from] Hail
|-damage|p1a: Ninetales|58/100 tox|[from] psn
|upkeep
|turn|17
|
|t:|1667473383
|switch|p1a: Garchomp|Garchomp, F|100/100
|move|p2a: Audino|Wish|p2a: Audino
|
|-weather|Hail|[upkeep]
|-damage|p1a: Garchomp|94/100|[from] Hail
|-damage|p2a: Audino|88/100|[from] Hail
|-heal|p1a: Garchomp|100/100|[from] item: Leftovers
|upkeep
|turn|18
|inactive|Stellar Flares has 120 seconds left.
|
|t:|1667473419
|switch|p2a: Clefable|Clefable, M|49/100
|move|p1a: Garchomp|Swords Dance|p1a: Garchomp
|-boost|p1a: Garchomp|atk|2
|
|-weather|Hail|[upkeep]
|-damage|p1a: Garchomp|94/100|[from] Hail
|-damage|p2a: Clefable|43/100|[from] Hail
|-heal|p2a: Clefable|95/100|[from] move: Wish|[wisher] Audino
|-heal|p1a: Garchomp|100/100|[from] item: Leftovers
|-heal|p2a: Clefable|100/100|[from] item: Leftovers
|upkeep
|turn|19
|inactive|Stellar Flares has 120 seconds left.
|
|t:|1667473425
|move|p1a: Garchomp|Earthquake|p2a: Clefable
|-damage|p2a: Clefable|63/100
|move|p2a: Clefable|Moonblast|p1a: Garchomp
|-supereffective|p1a: Garchomp
|-damage|p1a: Garchomp|68/100
|
|-weather|Hail|[upkeep]
|-damage|p1a: Garchomp|62/100|[from] Hail
|-damage|p2a: Clefable|57/100|[from] Hail
|-heal|p1a: Garchomp|68/100|[from] item: Leftovers
|-heal|p2a: Clefable|63/100|[from] item: Leftovers
|upkeep
|turn|20
|j| xWeespy
|
|t:|1667473431
|switch|p1a: Heatran|Heatran, M|87/100
|move|p2a: Clefable|Soft-Boiled|p2a: Clefable
|-heal|p2a: Clefable|100/100
|
|-weather|none
|upkeep
|turn|21
|l| xWeespy
|-message|free baby forfeited.
|
|win|Stellar Flares
|n|☆free baby|freebaby
|n|☆Stellar Flares|stellarflares
|n| HarryBW247|harrybw247
|n| Yongye-br|yongyebr
|n| akat555|akat555
|n| Seulggi ♡|seulggi
