|j|☆YUNG TOASTER BREAD
|j|☆jeanmilapipe
|t:|1629978126
|gametype|singles
|player|p1|YUNG TOASTER BREAD|byron|1645
|player|p2|jeanmilapipe|n|1882
|teamsize|p1|6
|teamsize|p2|6
|gen|8
|tier|[Gen 8] OU
|rated|
|rule|Sleep Clause Mod: Limit one foe put to sleep
|rule|Species Clause: Limit one of each Pokémon
|rule|OHKO Clause: OHKO moves are banned
|rule|Evasion Moves Clause: Evasion moves are banned
|rule|Endless Battle Clause: Forcing endless battles is banned
|rule|HP Percentage Mod: HP is shown in percentages
|rule|Dynamax Clause: You cannot dynamax
|clearpoke
|poke|p1|Azelf|
|poke|p1|Ferrothorn, M|
|poke|p1|Tapu Koko|
|poke|p1|Excadrill, F|
|poke|p1|Dragonite, F|
|poke|p1|Blaziken, M|
|poke|p2|Toxtricity, F|
|poke|p2|Crawdaunt, M|
|poke|p2|Aegislash, M|
|poke|p2|Corviknight, F|
|poke|p2|Dragapult, F|
|poke|p2|Swampert, F|
|teampreview
|
|t:|1629978161
|start
|switch|p1a: Tapu Koko|Tapu Koko|100/100
|switch|p2a: Swampert|Swampert, F|100/100
|-fieldstart|move: Electric Terrain|[from] ability: Electric Surge|[of] p1a: Tapu Koko
|turn|1
|
|t:|1629978170
|move|p1a: Tapu Koko|Grass Knot|p2a: Swampert
|-supereffective|p2a: Swampert
|-damage|p2a: Swampert|11/100
|move|p2a: Swampert|Earthquake|p1a: Tapu Koko
|-supereffective|p1a: Tapu Koko
|-damage|p1a: Tapu Koko|0 fnt
|faint|p1a: Tapu Koko
|
|-heal|p2a: Swampert|18/100|[from] item: Leftovers
|upkeep
|
|t:|1629978179
|switch|p1a: Azelf|Azelf|100/100
|turn|2
|
|t:|1629978184
|move|p1a: Azelf|Stealth Rock|p2a: Swampert
|-sidestart|p2: jeanmilapipe|move: Stealth Rock
|move|p2a: Swampert|Flip Turn|p1a: Azelf
|-damage|p1a: Azelf|62/100
|j| ckeiudd
|
|t:|1629978205
|switch|p2a: Aegislash|Aegislash, M|100/100|[from]move: Flip Turn
|-damage|p2a: Aegislash|94/100|[from] Stealth Rock
|
|-heal|p2a: Aegislash|100/100|[from] item: Leftovers
|upkeep
|turn|3
|
|t:|1629978213
|switch|p1a: Ferrothorn|Ferrothorn, M|100/100
|-formechange|p2a: Aegislash|Aegislash-Blade||[from] ability: Stance Change
|move|p2a: Aegislash|Shadow Claw|p1a: Ferrothorn
|-damage|p1a: Ferrothorn|72/100
|-damage|p2a: Aegislash|88/100|[from] ability: Iron Barbs|[of] p1a: Ferrothorn
|
|-heal|p2a: Aegislash|94/100|[from] item: Leftovers
|-heal|p1a: Ferrothorn|79/100|[from] item: Leftovers
|upkeep
|turn|4
|
|t:|1629978225
|-formechange|p2a: Aegislash|Aegislash||[from] ability: Stance Change
|move|p2a: Aegislash|King's Shield|p2a: Aegislash
|-singleturn|p2a: Aegislash|Protect
|move|p1a: Ferrothorn|Knock Off|p2a: Aegislash
|-activate|p2a: Aegislash|move: Protect
|-unboost|p1a: Ferrothorn|atk|1
|
|-heal|p2a: Aegislash|100/100|[from] item: Leftovers
|-heal|p1a: Ferrothorn|85/100|[from] item: Leftovers
|upkeep
|turn|5
|
|t:|1629978238
|move|p2a: Aegislash|Swords Dance|p2a: Aegislash
|-boost|p2a: Aegislash|atk|2
|move|p1a: Ferrothorn|Leech Seed|p2a: Aegislash
|-start|p2a: Aegislash|move: Leech Seed
|
|-heal|p1a: Ferrothorn|91/100|[from] item: Leftovers
|-damage|p2a: Aegislash|88/100|[from] Leech Seed|[of] p1a: Ferrothorn
|-heal|p1a: Ferrothorn|100/100|[silent]
|-fieldend|move: Electric Terrain
|upkeep
|turn|6
|
|t:|1629978247
|move|p2a: Aegislash|Swords Dance|p2a: Aegislash
|-boost|p2a: Aegislash|atk|2
|move|p1a: Ferrothorn|Spikes|p2a: Aegislash
|-sidestart|p2: jeanmilapipe|Spikes
|
|-heal|p2a: Aegislash|94/100|[from] item: Leftovers
|-damage|p2a: Aegislash|82/100|[from] Leech Seed|[of] p1a: Ferrothorn
|upkeep
|turn|7
|
|t:|1629978257
|-formechange|p2a: Aegislash|Aegislash-Blade||[from] ability: Stance Change
|move|p2a: Aegislash|Shadow Claw|p1a: Ferrothorn
|-damage|p1a: Ferrothorn|22/100
|-damage|p2a: Aegislash|70/100|[from] ability: Iron Barbs|[of] p1a: Ferrothorn
|move|p1a: Ferrothorn|Knock Off|p2a: Aegislash
|-supereffective|p2a: Aegislash
|-crit|p2a: Aegislash
|-damage|p2a: Aegislash|0 fnt
|-enditem|p2a: Aegislash|Leftovers|[from] move: Knock Off|[of] p1a: Ferrothorn
|faint|p2a: Aegislash
|
|-heal|p1a: Ferrothorn|28/100|[from] item: Leftovers
|upkeep
|
|t:|1629978271
|switch|p2a: Crawdaunt|Crawdaunt, M|100/100
|-damage|p2a: Crawdaunt|88/100|[from] Spikes
|-damage|p2a: Crawdaunt|76/100|[from] Stealth Rock
|turn|8
|
|t:|1629978281
|move|p2a: Crawdaunt|Knock Off|p1a: Ferrothorn
|-damage|p1a: Ferrothorn|0 fnt
|-damage|p2a: Crawdaunt|63/100|[from] ability: Iron Barbs|[of] p1a: Ferrothorn
|-enditem|p1a: Ferrothorn|Leftovers|[from] move: Knock Off|[of] p2a: Crawdaunt
|faint|p1a: Ferrothorn
|
|upkeep
|
|t:|1629978297
|switch|p1a: Blaziken|Blaziken, M|100/100
|turn|9
|
|t:|1629978303
|move|p2a: Crawdaunt|Aqua Jet|p1a: Blaziken
|-supereffective|p1a: Blaziken
|-damage|p1a: Blaziken|0 fnt
|faint|p1a: Blaziken
|
|upkeep
|
|t:|1629978306
|switch|p1a: Dragonite|Dragonite, F|100/100
|turn|10
|
|t:|1629978314
|switch|p1a: Azelf|Azelf|62/100
|move|p2a: Crawdaunt|Knock Off|p1a: Azelf
|-supereffective|p1a: Azelf
|-damage|p1a: Azelf|0 fnt
|-enditem|p1a: Azelf|Focus Sash|[from] move: Knock Off|[of] p2a: Crawdaunt
|faint|p1a: Azelf
|
|upkeep
|-message|YUNG TOASTER BREAD forfeited.
|
|win|jeanmilapipe
|raw|YUNG TOASTER BREAD's rating: 1645 &rarr; <strong>1637</strong><br />(-8 for losing)
|raw|jeanmilapipe's rating: 1882 &rarr; <strong>1890</strong><br />(+8 for winning)
|l|☆YUNG TOASTER BREAD
|j| weavile reqs
|l| ckeiudd
