|j|☆SuperTheoryBros
|j|☆756d
|t:|1636647900
|gametype|singles
|player|p1|SuperTheoryBros|101|1803
|player|p2|756d|veteran|1762
|teamsize|p1|6
|teamsize|p2|6
|gen|8
|tier|[Gen 8] OU
|rated|
|rule|Sleep Clause Mod: Limit one foe put to sleep
|rule|Species Clause: Limit one of each Pokémon
|rule|OHKO Clause: OHKO moves are banned
|rule|Evasion Moves Clause: Evasion moves are banned
|rule|Endless Battle Clause: Forcing endless battles is banned
|rule|HP Percentage Mod: HP is shown in percentages
|rule|Dynamax Clause: You cannot dynamax
|clearpoke
|poke|p1|Landorus-Therian, M|
|poke|p1|Tapu Koko|
|poke|p1|Hawlucha, F|
|poke|p1|Mew|
|poke|p1|Kartana|
|poke|p1|Tapu Fini|
|poke|p2|Slowbro, M|
|poke|p2|Melmetal|
|poke|p2|Kyurem|
|poke|p2|Landorus-Therian, M|
|poke|p2|Magnezone|
|poke|p2|Latias, F|
|teampreview
|inactive|Battle timer is ON: inactive players will automatically lose when time's up. (requested by SuperTheoryBros)
|
|t:|1636647923
|start
|switch|p1a: Tapu Fini|Tapu Fini|100/100
|switch|p2a: Melmetal|Melmetal|100/100
|-fieldstart|move: Misty Terrain|[from] ability: Misty Surge|[of] p1a: Tapu Fini
|turn|1
|inactive|SuperTheoryBros has 120 seconds left.
|
|t:|1636647961
|switch|p1a: Kartana|Kartana|100/100
|move|p2a: Melmetal|Double Iron Bash|p1a: Kartana
|-resisted|p1a: Kartana
|-damage|p1a: Kartana|70/100
|-resisted|p1a: Kartana
|-damage|p1a: Kartana|38/100
|-hitcount|p1a: Kartana|2
|
|upkeep
|turn|2
|inactive|SuperTheoryBros has 120 seconds left.
|j| HYRTFH
|
|t:|1636647975
|switch|p2a: Magnezone|Magnezone|100/100
|move|p1a: Kartana|Sacred Sword|p2a: Magnezone
|-supereffective|p2a: Magnezone
|-damage|p2a: Magnezone|40/100
|
|-heal|p2a: Magnezone|46/100|[from] item: Leftovers
|upkeep
|turn|3
|inactive|SuperTheoryBros has 120 seconds left.
|
|t:|1636647995
|switch|p2a: Landorus|Landorus-Therian, M|100/100
|-ability|p2a: Landorus|Intimidate|boost
|-unboost|p1a: Kartana|atk|1
|move|p1a: Kartana|Knock Off|p2a: Landorus
|-damage|p2a: Landorus|75/100
|-enditem|p2a: Landorus|Rocky Helmet|[from] move: Knock Off|[of] p1a: Kartana
|
|upkeep
|turn|4
|inactive|SuperTheoryBros has 120 seconds left.
|
|t:|1636648008
|move|p1a: Kartana|Swords Dance|p1a: Kartana
|-boost|p1a: Kartana|atk|2
|move|p2a: Landorus|U-turn|p1a: Kartana
|-damage|p1a: Kartana|19/100
|j| Duke Guy
|j| enem memem
|
|t:|1636648020
|switch|p2a: Latias|Latias, F|100/100|[from]move: U-turn
|
|upkeep
|turn|5
|inactive|SuperTheoryBros has 120 seconds left.
|
|t:|1636648045
|switch|p1a: Tapu Fini|Tapu Fini|100/100
|move|p2a: Latias|Psyshock|p1a: Tapu Fini
|-damage|p1a: Tapu Fini|74/100
|
|-heal|p1a: Tapu Fini|80/100|[from] item: Leftovers
|-fieldend|Misty Terrain
|upkeep
|turn|6
|
|t:|1636648064
|switch|p2a: Magnezone|Magnezone|46/100
|switch|p1a: Mew|Mew|100/100
|
|-heal|p2a: Magnezone|52/100|[from] item: Leftovers
|upkeep
|turn|7
|j| supahotnicememe
|l| supahotnicememe
|inactive|SuperTheoryBros has 90 seconds left.
|
|t:|1636648100
|switch|p1a: Kartana|Kartana|19/100
|switch|p2a: Latias|Latias, F|100/100
|
|upkeep
|turn|8
|j| META EPlSODE
|j| Perennial Student
|
|t:|1636648117
|switch|p1a: Mew|Mew|100/100
|move|p2a: Latias|Draco Meteor|p1a: Mew
|-damage|p1a: Mew|47/100
|-unboost|p2a: Latias|spa|2
|
|upkeep
|turn|9
|
|t:|1636648129
|switch|p2a: Slowbro|Slowbro, M|100/100
|move|p1a: Mew|Soft-Boiled|p1a: Mew
|-heal|p1a: Mew|98/100
|
|upkeep
|turn|10
|
|t:|1636648136
|switch|p2a: Melmetal|Melmetal|100/100
|move|p1a: Mew|Cosmic Power|p1a: Mew
|-boost|p1a: Mew|def|1
|-boost|p1a: Mew|spd|1
|
|upkeep
|turn|11
|inactive|SuperTheoryBros has 90 seconds left.
|
|t:|1636648144
|move|p1a: Mew|Cosmic Power|p1a: Mew
|-boost|p1a: Mew|def|1
|-boost|p1a: Mew|spd|1
|move|p2a: Melmetal|Double Iron Bash|p1a: Mew
|-damage|p1a: Mew|71/100
|-damage|p1a: Mew|41/100
|-hitcount|p1a: Mew|2
|
|upkeep
|turn|12
|
|t:|1636648154
|move|p1a: Mew|Soft-Boiled|p1a: Mew
|-heal|p1a: Mew|91/100
|move|p2a: Melmetal|Double Iron Bash|p1a: Mew
|-damage|p1a: Mew|63/100
|-damage|p1a: Mew|33/100
|-hitcount|p1a: Mew|2
|
|upkeep
|turn|13
|j| Kevinuss
|inactive|SuperTheoryBros has 90 seconds left.
|
|t:|1636648195
|switch|p2a: Latias|Latias, F|100/100
|move|p1a: Mew|Soft-Boiled|p1a: Mew
|-heal|p1a: Mew|83/100
|
|upkeep
|turn|14
|
|t:|1636648202
|switch|p1a: Kartana|Kartana|19/100
|move|p2a: Latias|Trick|p1a: Kartana
|-activate|p2a: Latias|move: Trick|[of] p1a: Kartana
|-item|p1a: Kartana|Choice Scarf|[from] move: Trick
|-item|p2a: Latias|Protective Pads|[from] move: Trick
|
|upkeep
|turn|15
|
|t:|1636648219
|switch|p2a: Slowbro|Slowbro, M|100/100
|move|p1a: Kartana|Knock Off|p2a: Slowbro
|-supereffective|p2a: Slowbro
|-damage|p2a: Slowbro|58/100
|-damage|p1a: Kartana|3/100|[from] item: Rocky Helmet|[of] p2a: Slowbro
|-enditem|p2a: Slowbro|Rocky Helmet|[from] move: Knock Off|[of] p1a: Kartana
|
|upkeep
|turn|16
|
|t:|1636648236
|move|p1a: Kartana|Knock Off|p2a: Slowbro
|-supereffective|p2a: Slowbro
|-damage|p2a: Slowbro|28/100
|move|p2a: Slowbro|Trick Room|p2a: Slowbro
|-fieldstart|move: Trick Room|[of] p2a: Slowbro
|
|upkeep
|turn|17
|j| albertillus
|
|t:|1636648250
|switch|p2a: Magnezone|Magnezone|52/100
|move|p1a: Kartana|Knock Off|p2a: Magnezone
|-damage|p2a: Magnezone|24/100
|-enditem|p2a: Magnezone|Leftovers|[from] move: Knock Off|[of] p1a: Kartana
|
|upkeep
|turn|18
|
|t:|1636648264
|move|p2a: Magnezone|Thunderbolt|p1a: Kartana
|-resisted|p1a: Kartana
|-damage|p1a: Kartana|0 fnt
|faint|p1a: Kartana
|
|upkeep
|inactive|SuperTheoryBros has 60 seconds left.
|
|t:|1636648285
|switch|p1a: Landorus|Landorus-Therian, M|100/100
|-ability|p1a: Landorus|Intimidate|boost
|-unboost|p2a: Magnezone|atk|1
|turn|19
|j| blazidrago
|
|t:|1636648301
|move|p2a: Magnezone|Body Press|p1a: Landorus
|-resisted|p1a: Landorus
|-damage|p1a: Landorus|86/100
|move|p1a: Landorus|Earthquake|p2a: Magnezone
|-supereffective|p2a: Magnezone
|-damage|p2a: Magnezone|0 fnt
|faint|p2a: Magnezone
|
|upkeep
|
|t:|1636648305
|switch|p2a: Melmetal|Melmetal|100/100
|turn|20
|
|t:|1636648326
|switch|p1a: Tapu Koko|Tapu Koko|100/100
|-fieldstart|move: Electric Terrain|[from] ability: Electric Surge|[of] p1a: Tapu Koko
|move|p2a: Melmetal|Double Iron Bash|p1a: Tapu Koko
|-damage|p1a: Tapu Koko|18/100
|-damage|p1a: Tapu Koko|0 fnt
|faint|p1a: Tapu Koko
|-hitcount|p1: Tapu Koko|2
|
|-fieldend|move: Trick Room
|upkeep
|
|t:|1636648331
|switch|p1a: Hawlucha|Hawlucha, F|100/100
|-enditem|p1a: Hawlucha|Electric Seed
|-boost|p1a: Hawlucha|def|1|[from] item: Electric Seed
|turn|21
|
|t:|1636648338
|move|p1a: Hawlucha|Swords Dance|p1a: Hawlucha
|-boost|p1a: Hawlucha|atk|2
|move|p2a: Melmetal|Double Iron Bash|p1a: Hawlucha
|-damage|p1a: Hawlucha|43/100
|-damage|p1a: Hawlucha|0 fnt
|faint|p1a: Hawlucha
|-hitcount|p1: Hawlucha|2
|
|upkeep
|
|t:|1636648344
|switch|p1a: Landorus|Landorus-Therian, M|86/100
|-ability|p1a: Landorus|Intimidate|boost
|-unboost|p2a: Melmetal|atk|1
|turn|22
|
|t:|1636648360
|switch|p2a: Slowbro|Slowbro, M|61/100
|move|p1a: Landorus|Stealth Rock|p2a: Slowbro
|-sidestart|p2: 756d|move: Stealth Rock
|
|upkeep
|turn|23
|j| DA COME UP
|
|t:|1636648374
|move|p1a: Landorus|Earthquake|p2a: Slowbro
|-damage|p2a: Slowbro|23/100
|move|p2a: Slowbro|Trick Room|p2a: Slowbro
|-fieldstart|move: Trick Room|[of] p2a: Slowbro
|
|upkeep
|turn|24
|
|t:|1636648389
|move|p1a: Landorus|Earthquake|p2a: Slowbro
|-crit|p2a: Slowbro
|-damage|p2a: Slowbro|0 fnt
|faint|p2a: Slowbro
|
|-fieldend|move: Electric Terrain
|upkeep
|
|t:|1636648402
|switch|p2a: Melmetal|Melmetal|100/100
|-damage|p2a: Melmetal|94/100|[from] Stealth Rock
|turn|25
|l| META EPlSODE
|
|t:|1636648412
|switch|p1a: Tapu Fini|Tapu Fini|80/100
|-fieldstart|move: Misty Terrain|[from] ability: Misty Surge|[of] p1a: Tapu Fini
|move|p2a: Melmetal|Double Iron Bash|p1a: Tapu Fini
|-damage|p1a: Tapu Fini|35/100
|-damage|p1a: Tapu Fini|0 fnt
|faint|p1a: Tapu Fini
|-hitcount|p1: Tapu Fini|2
|
|upkeep
|
|t:|1636648415
|switch|p1a: Landorus|Landorus-Therian, M|86/100
|-ability|p1a: Landorus|Intimidate|boost
|-unboost|p2a: Melmetal|atk|1
|turn|26
|
|t:|1636648421
|move|p2a: Melmetal|Double Iron Bash|p1a: Landorus
|-damage|p1a: Landorus|40/100
|-damage|p1a: Landorus|0 fnt
|faint|p1a: Landorus
|-hitcount|p1: Landorus|2
|
|upkeep
|
|t:|1636648424
|switch|p1a: Mew|Mew|83/100
|turn|27
|
|t:|1636648433
|move|p2a: Melmetal|Double Iron Bash|p1a: Mew
|-damage|p1a: Mew|46/100
|-damage|p1a: Mew|8/100
|-hitcount|p1a: Mew|2
|move|p1a: Mew|Cosmic Power|p1a: Mew
|-boost|p1a: Mew|def|1
|-boost|p1a: Mew|spd|1
|
|-fieldend|move: Trick Room
|upkeep
|turn|28
|
|t:|1636648449
|switch|p2a: Latias|Latias, F|100/100
|-damage|p2a: Latias|88/100|[from] Stealth Rock
|move|p1a: Mew|Soft-Boiled|p1a: Mew
|-heal|p1a: Mew|58/100
|
|upkeep
|turn|29
|
|t:|1636648457
|move|p2a: Latias|Draco Meteor|p1a: Mew
|-damage|p1a: Mew|39/100
|-unboost|p2a: Latias|spa|2
|move|p1a: Mew|Soft-Boiled|p1a: Mew
|-heal|p1a: Mew|89/100
|
|-fieldend|Misty Terrain
|upkeep
|turn|30
|c|☆756d|Gg
|inactive|756d has 120 seconds left.
|c|☆756d|Can't do anything to this now
|l| enem memem
|c|☆SuperTheoryBros|bluff toxic
|
|t:|1636648515
|switch|p2a: Landorus|Landorus-Therian, M|75/100
|-damage|p2a: Landorus|62/100|[from] Stealth Rock
|-ability|p2a: Landorus|Intimidate|boost
|-unboost|p1a: Mew|atk|1
|move|p1a: Mew|Cosmic Power|p1a: Mew
|-boost|p1a: Mew|def|1
|-boost|p1a: Mew|spd|1
|
|upkeep
|turn|31
|inactive|SuperTheoryBros has 90 seconds left.
|inactive|756d has 90 seconds left.
|c|☆756d|I don't have toxic on this team. Should really add it
|
|t:|1636648544
|move|p1a: Mew|Taunt|p2a: Landorus
|-start|p2a: Landorus|move: Taunt
|move|p2a: Landorus|U-turn|p1a: Mew
|-supereffective|p1a: Mew
|-crit|p1a: Mew
|-damage|p1a: Mew|30/100
|-enditem|p1a: Mew|Weakness Policy
|-boost|p1a: Mew|atk|2|[from] item: Weakness Policy
|-boost|p1a: Mew|spa|2|[from] item: Weakness Policy
|inactive|756d has 60 seconds left.
|
|t:|1636648572
|switch|p2a: Kyurem|Kyurem, shiny|100/100|[from]move: U-turn
|-damage|p2a: Kyurem|76/100|[from] Stealth Rock
|-ability|p2a: Kyurem|Pressure
|
|upkeep
|turn|32
|
|t:|1636648578
|move|p1a: Mew|Soft-Boiled|p1a: Mew
|-heal|p1a: Mew|80/100
|move|p2a: Kyurem|Rock Tomb|p1a: Mew
|-damage|p1a: Mew|73/100
|-unboost|p1a: Mew|spe|1
|
|upkeep
|turn|33
|c|☆756d|Yeah gg
|
|t:|1636648594
|move|p2a: Kyurem|Freeze-Dry|p1a: Mew
|-damage|p1a: Mew|56/100
|move|p1a: Mew|Stored Power|p2a: Kyurem
|-damage|p2a: Kyurem|20/100
|
|upkeep
|turn|34
|-message|756d forfeited.
|
|win|SuperTheoryBros
|raw|SuperTheoryBros's rating: 1803 &rarr; <strong>1821</strong><br />(+18 for winning)
|raw|756d's rating: 1762 &rarr; <strong>1744</strong><br />(-18 for losing)
|l|☆756d
|j|☆756d
|player|p2|756d|veteran
|l|☆756d
|player|p2|
|l| albertillus
|l| Perennial Student
||Ladder isn't responding, score probably updated but might not have (Request timeout).
|l|☆SuperTheoryBros
|j|☆756d
|player|p2|756d|veteran
