|raw|<div class="broadcast-blue"><strong>This battle is required to be public due to a player having a name prefixed by 'LT71LX'.</div>
|j|☆LT71LX Kappucci
|j|☆lt71lx kingpin
|t:|1597365137
|player|p1|LT71LX Kappucci|twins|2128
|player|p2|lt71lx kingpin|morty-gen2|2069
|teamsize|p1|6
|teamsize|p2|6
|gametype|singles
|gen|8
|tier|[Gen 8] OU
|rated|
|clearpoke
|poke|p1|Kommo-o, M|
|poke|p1|Hydreigon, M|
|poke|p1|Aegislash, M|
|poke|p1|Azumarill, M|
|poke|p1|Mimikyu, M|
|poke|p1|Dragapult, F|
|poke|p2|Magnezone|
|poke|p2|Rillaboom, M|
|poke|p2|Azumarill, M|
|poke|p2|Dragapult, M|
|poke|p2|Corviknight, F|
|poke|p2|Clefable, F|
|rule|Sleep Clause Mod: Limit one foe put to sleep
|rule|Species Clause: Limit one of each Pokémon
|rule|OHKO Clause: OHKO moves are banned
|rule|Evasion Moves Clause: Evasion moves are banned
|rule|Endless Battle Clause: Forcing endless battles is banned
|rule|HP Percentage Mod: HP is shown in percentages
|rule|Dynamax Clause: You cannot dynamax
|teampreview
|j| Nacho Varga
|j|+Emeri ✿@!
|j| ez
|j| Akalli
|j| Hockey1
|j| LT71LX Doom
|j| Mionda
|j| Jaajgko
|j| TheOnlyGhads
|j|+Krauersaut
|j| JFCope
|j|+false
|j| Boigunn
|j| LT71LX ayouko
|j| hipster garbage
|j| Kiichikos
|inactive|Battle timer is ON: inactive players will automatically lose when time's up. (requested by lt71lx kingpin)
|j| Waylaid
|j|+Averardo
|j|+Wiggleetuff
|l| Boigunn
|j| Enzo Gorlami
|j| Louna
|j| OUTU devans2048
|j| Heorem
|j| Destro16
|j| LT71LX Sks
|j| Seydou01
|j|+Analytic
|j| Nalorium
|j| Skyrio
|j| Zenadark
|j|+Akai Tenshi~♪
|j| xray
|j| 67463sfggh
|j| LT71LX Newal
|j| Devil Patchy
|j| Ceelio
|j| Livio ElTito
|j|+Team Pokepals
|j| SweetPosho
|j| Mara Sattei
|j| FerZs
|j| Padox
|j|+rozes
|j| studying in tab
|j| Basstard
|j| Theo Mani Fan Club
|j| jerderh
|j| LT71LX WD
|j| Lightchanseyy
|j| Lunarr
|j|+Hootie
|j| yuzmv
|j|+phiwings99
|j|+Sun
|
|t:|1597365161
|start
|switch|p1a: Kommo-o|Kommo-o, M|100/100
|switch|p2a: Azumarill|Azumarill, M|100/100
|turn|1
|j| Endill
|j| Marshadow202
|
|t:|1597365164
|move|p1a: Kommo-o|Stealth Rock|p2a: Azumarill
|-sidestart|p2: lt71lx kingpin|move: Stealth Rock
|move|p2a: Azumarill|Play Rough|p1a: Kommo-o|[miss]
|-miss|p2a: Azumarill|p1a: Kommo-o
|
|upkeep
|turn|2
|j| LT71LX MegaLucario
|
|t:|1597365168
|move|p1a: Kommo-o|Flash Cannon|p2a: Azumarill
|-damage|p2a: Azumarill|67/100
|-damage|p1a: Kommo-o|91/100|[from] item: Life Orb
|move|p2a: Azumarill|Play Rough|p1a: Kommo-o
|-supereffective|p1a: Kommo-o
|-crit|p1a: Kommo-o
|-damage|p1a: Kommo-o|0 fnt
|faint|p1a: Kommo-o
|
|upkeep
|j| strealet❄
|j| Sagiri I.
|j|+klefkiholder
|j| Chrollo Luci
|l| Marshadow202
|
|t:|1597365178
|switch|p1a: Mimikyu|Mimikyu, M|100/100
|turn|3
|j| Kory2600
|l| strealet❄
|j| Rnn brexit
|j| Ihavbigbrain
|j| Cheese151
|j| elesa's coat
|j|+cromagnet
|
|t:|1597365195
|move|p1a: Mimikyu|Swords Dance|p1a: Mimikyu
|-boost|p1a: Mimikyu|atk|2
|move|p2a: Azumarill|Knock Off|p1a: Mimikyu
|-activate|p1a: Mimikyu|ability: Disguise
|-damage|p1a: Mimikyu|100/100
|-enditem|p1a: Mimikyu|Life Orb|[from] move: Knock Off|[of] p2a: Azumarill
|detailschange|p1a: Mimikyu|Mimikyu-Busted, M
|-damage|p1a: Mimikyu|88/100|[from] pokemon: Mimikyu-Busted
|
|upkeep
|turn|4
|l| Kory2600
|j| peekoball
|j| benbe
|j| Coolrom~122
|j| strealet❄
|j| wyn
|j| TTTangent
|
|t:|1597365219
|switch|p2a: Corviknight|Corviknight, F|100/100
|-damage|p2a: Corviknight|88/100|[from] Stealth Rock
|-ability|p2a: Corviknight|Pressure
|move|p1a: Mimikyu|Shadow Claw|p2a: Corviknight
|-damage|p2a: Corviknight|53/100
|-damage|p1a: Mimikyu|72/100|[from] item: Rocky Helmet|[of] p2a: Corviknight
|
|upkeep
|turn|5
|l| strealet❄
|j| agenS
|l| LT71LX MegaLucario
|
|t:|1597365227
|move|p1a: Mimikyu|Swords Dance|p1a: Mimikyu
|-boost|p1a: Mimikyu|atk|2
|move|p2a: Corviknight|Iron Head|p1a: Mimikyu
|-supereffective|p1a: Mimikyu
|-damage|p1a: Mimikyu|0 fnt
|faint|p1a: Mimikyu
|
|upkeep
|j| Corckscrew❤️
|
|t:|1597365245
|switch|p1a: Hydreigon|Hydreigon, M|100/100
|turn|6
|j|+Cdumas
|j| peap ✿ odc
|j| go team us midwest
|j| 64 squares
|inactive|lt71lx kingpin has 120 seconds left.
|l| elesa's coat
|j|+TDK
|
|t:|1597365276
|switch|p2a: Clefable|Clefable, F|100/100
|move|p1a: Hydreigon|Flamethrower|p2a: Clefable
|-damage|p2a: Clefable|65/100
|-damage|p1a: Hydreigon|91/100|[from] item: Life Orb
|
|-heal|p2a: Clefable|71/100|[from] item: Leftovers
|upkeep
|turn|7
|inactive|lt71lx kingpin has 120 seconds left.
|
|t:|1597365290
|move|p1a: Hydreigon|Flash Cannon|p2a: Clefable
|-supereffective|p2a: Clefable
|-damage|p2a: Clefable|10/100
|-damage|p1a: Hydreigon|81/100|[from] item: Life Orb
|move|p2a: Clefable|Moonblast|p1a: Hydreigon
|-supereffective|p1a: Hydreigon
|-damage|p1a: Hydreigon|0 fnt
|faint|p1a: Hydreigon
|
|-heal|p2a: Clefable|16/100|[from] item: Leftovers
|upkeep
|j| Test omega2
|
|t:|1597365299
|switch|p1a: Aegislash|Aegislash, M|100/100
|turn|8
|
|t:|1597365308
|-formechange|p1a: Aegislash|Aegislash-Blade||[from] ability: Stance Change
|move|p1a: Aegislash|Shadow Ball|p2a: Clefable
|-damage|p2a: Clefable|0 fnt
|-damage|p1a: Aegislash|91/100|[from] item: Life Orb
|faint|p2a: Clefable
|
|upkeep
|
|t:|1597365310
|switch|p2a: Magnezone|Magnezone|100/100
|-damage|p2a: Magnezone|94/100|[from] Stealth Rock
|turn|9
|
|t:|1597365317
|-formechange|p1a: Aegislash|Aegislash||[from] ability: Stance Change
|move|p1a: Aegislash|King's Shield|p1a: Aegislash
|-singleturn|p1a: Aegislash|Protect
|move|p2a: Magnezone|Thunderbolt|p1a: Aegislash
|-activate|p1a: Aegislash|move: Protect
|
|upkeep
|turn|10
|j| ayevon
|
|t:|1597365334
|-formechange|p1a: Aegislash|Aegislash-Blade||[from] ability: Stance Change
|move|p1a: Aegislash|Shadow Ball|p2a: Magnezone
|-damage|p2a: Magnezone|19/100
|-damage|p1a: Aegislash|81/100|[from] item: Life Orb
|move|p2a: Magnezone|Thunderbolt|p1a: Aegislash
|-damage|p1a: Aegislash|0 fnt
|faint|p1a: Aegislash
|
|upkeep
|
|t:|1597365341
|switch|p1a: Azumarill|Azumarill, M|100/100
|turn|11
|inactive|lt71lx kingpin has 120 seconds left.
|
|t:|1597365372
|move|p1a: Azumarill|Aqua Jet|p2a: Magnezone
|-damage|p2a: Magnezone|0 fnt
|faint|p2a: Magnezone
|
|upkeep
|
|t:|1597365375
|switch|p2a: Rillaboom|Rillaboom, M|100/100
|-damage|p2a: Rillaboom|88/100|[from] Stealth Rock
|-fieldstart|move: Grassy Terrain|[from] ability: Grassy Surge|[of] p2a: Rillaboom
|turn|12
|l| benbe
|
|t:|1597365379
|move|p2a: Rillaboom|Grassy Glide|p1a: Azumarill
|-supereffective|p1a: Azumarill
|-damage|p1a: Azumarill|0 fnt
|-damage|p2a: Rillaboom|78/100|[from] item: Life Orb
|faint|p1a: Azumarill
|
|-heal|p2a: Rillaboom|84/100|[from] Grassy Terrain
|upkeep
|
|t:|1597365382
|switch|p1a: Dragapult|Dragapult, F|100/100
|turn|13
|
|t:|1597365384
|move|p1a: Dragapult|Dragon Dance|p1a: Dragapult
|-boost|p1a: Dragapult|atk|1
|-boost|p1a: Dragapult|spe|1
|move|p2a: Rillaboom|Swords Dance|p2a: Rillaboom
|-boost|p2a: Rillaboom|atk|2
|
|-heal|p2a: Rillaboom|90/100|[from] Grassy Terrain
|upkeep
|turn|14
|
|t:|1597365387
|move|p2a: Rillaboom|Grassy Glide|p1a: Dragapult
|-resisted|p1a: Dragapult
|-damage|p1a: Dragapult|13/100
|-damage|p2a: Rillaboom|81/100|[from] item: Life Orb
|move|p1a: Dragapult|Dragon Darts|p2a: Rillaboom
|-damage|p2a: Rillaboom|33/100
|-anim|p1a: Dragapult|Dragon Darts|p2a: Rillaboom
|-damage|p2a: Rillaboom|0 fnt
|-damage|p1a: Dragapult|3/100|[from] item: Life Orb
|faint|p2a: Rillaboom
|
|-heal|p1a: Dragapult|9/100|[from] Grassy Terrain
|upkeep
|l| OUTU devans2048
|
|t:|1597365392
|switch|p2a: Azumarill|Azumarill, M|67/100
|-damage|p2a: Azumarill|54/100|[from] Stealth Rock
|turn|15
|-message|LT71LX Kappucci forfeited.
|
|win|lt71lx kingpin
|l|☆LT71LX Kappucci
|l|+cromagnet
|l|☆lt71lx kingpin
|l| ez
|raw|LT71LX Kappucci's rating: 2128 &rarr; <strong>2104</strong><br />(-24 for losing)
|raw|lt71lx kingpin's rating: 2069 &rarr; <strong>2092</strong><br />(+23 for winning)
|l| Devil Patchy
|l| Hockey1
|l|+Sun
|l| Test omega2
|l| Heorem
|l| 64 squares
|l|+Emeri ✿
|l| Chrollo Luci
|l| Seydou01
|l|+Averardo
|l|+Akai Tenshi~♪
|l| JFCope
|l| Cheese151
|l| go team us midwest
|l|+false
|l| Akalli
|l|+Krauersaut
|l| peap ✿ odc
|l| LT71LX ayouko
|l| Jaajgko
|j| snycky
|l| Basstard
|l| LT71LX Doom
|l| 67463sfggh
|l| Mara Sattei
|l| Waylaid
|l| snycky
|l|+Hootie
|l| FerZs
|l| Padox
|l| Nacho Varga
|l| Louna
|l|+Wiggleetuff
|l|+Team Pokepals
|l| Corckscrew❤️
|l| TheOnlyGhads
|l| jerderh
|l| yuzmv
|l| LT71LX Newal
|l| hipster garbage
|l| Rnn brexit
|l| SweetPosho
|l| LT71LX WD
|l| Mionda
|l| LT71LX Sks
|l| Coolrom~122
|l| Destro16
|j|+chimpact
|j| CHARLOTTE 1999
|l| wyn
|l| Endill
|l|+Analytic
|l|+phiwings99
|l| Skyrio
|l|+rozes
|l| Livio ElTito
|l| ayevon
|l| Kiichikos
|l| Sagiri I.
|l|+klefkiholder
|l| Enzo Gorlami
|l|+Cdumas
|l|+TDK
|l| Theo Mani Fan Club
|l| Lightchanseyy
|l| Lunarr
|l| Zenadark
|l| Nalorium
|l| Ihavbigbrain
