|j|‽djok barra hi
|j|☆BugCatcherWeevil
|t:|1649672403
|gametype|singles
|player|p1|djok barra hi|102|1724
|player|p2|BugCatcherWeevil|170|1805
|teamsize|p1|6
|teamsize|p2|6
|gen|8
|tier|[Gen 8] OU
|rated|
|rule|Sleep Clause Mod: Limit one foe put to sleep
|rule|Species Clause: Limit one of each Pokémon
|rule|OHKO Clause: OHKO moves are banned
|rule|Evasion Moves Clause: Evasion moves are banned
|rule|Endless Battle Clause: Forcing endless battles is banned
|rule|HP Percentage Mod: HP is shown in percentages
|rule|Dynamax Clause: You cannot dynamax
|clearpoke
|poke|p1|Regieleki|
|poke|p1|Garchomp, M|
|poke|p1|Blissey, F|
|poke|p1|Heatran, M|
|poke|p1|Zapdos|
|poke|p1|Buzzwole|
|poke|p2|Ninetales-Alola, F|
|poke|p2|Arctozolt|
|poke|p2|Landorus-Therian, M|
|poke|p2|Corviknight, F|
|poke|p2|Tornadus-Therian, M|
|poke|p2|Volcanion|
|teampreview
|
|t:|1649672425
|start
|switch|p1a: Heatran|Heatran, M|100/100
|switch|p2a: Tornadus|Tornadus-Therian, M|100/100
|turn|1
|inactive|Battle timer is ON: inactive players will automatically lose when time's up. (requested by djok barra hi)
|
|t:|1649672432
|move|p2a: Tornadus|Knock Off|p1a: Heatran
|-damage|p1a: Heatran|88/100
|-enditem|p1a: Heatran|Leftovers|[from] move: Knock Off|[of] p2a: Tornadus
|move|p1a: Heatran|Magma Storm|p2a: Tornadus|[miss]
|-miss|p1a: Heatran|p2a: Tornadus
|
|upkeep
|turn|2
|
|t:|1649672454
|move|p2a: Tornadus|U-turn|p1a: Heatran
|-resisted|p1a: Heatran
|-damage|p1a: Heatran|85/100
|
|t:|1649672457
|switch|p2a: Volcanion|Volcanion|100/100|[from]move: U-turn
|move|p1a: Heatran|Magma Storm|p2a: Volcanion|[miss]
|-miss|p1a: Heatran|p2a: Volcanion
|
|upkeep
|turn|3
|
|t:|1649672466
|switch|p2a: Tornadus|Tornadus-Therian, M|100/100
|switch|p1a: Blissey|Blissey, F|100/100
|
|upkeep
|turn|4
|
|t:|1649672473
|switch|p1a: Heatran|Heatran, M|85/100
|move|p2a: Tornadus|Knock Off|p1a: Heatran
|-damage|p1a: Heatran|77/100
|
|upkeep
|turn|5
|
|t:|1649672484
|move|p2a: Tornadus|Knock Off|p1a: Heatran
|-damage|p1a: Heatran|69/100
|move|p1a: Heatran|Earth Power|p2a: Tornadus
|-immune|p2a: Tornadus
|
|upkeep
|turn|6
|
|t:|1649672492
|move|p2a: Tornadus|U-turn|p1a: Heatran
|-resisted|p1a: Heatran
|-damage|p1a: Heatran|67/100
|
|t:|1649672495
|switch|p2a: Volcanion|Volcanion|100/100|[from]move: U-turn
|move|p1a: Heatran|Magma Storm|p2a: Volcanion
|-resisted|p2a: Volcanion
|-damage|p2a: Volcanion|89/100
|-activate|p2a: Volcanion|move: Magma Storm|[of] p1a: Heatran
|
|-damage|p2a: Volcanion|76/100|[from] move: Magma Storm|[partiallytrapped]
|upkeep
|turn|7
|
|t:|1649672502
|switch|p1a: Blissey|Blissey, F|100/100
|move|p2a: Volcanion|Steam Eruption|p1a: Blissey
|-damage|p1a: Blissey|66/100
|
|-end|p2a: Volcanion|Magma Storm|[partiallytrapped]|[silent]
|upkeep
|turn|8
|
|t:|1649672518
|switch|p2a: Corviknight|Corviknight, F|100/100
|-ability|p2a: Corviknight|Pressure
|move|p1a: Blissey|Soft-Boiled|p1a: Blissey
|-heal|p1a: Blissey|100/100
|
|upkeep
|turn|9
|
|t:|1649672530
|switch|p1a: Zapdos|Zapdos|100/100
|move|p2a: Corviknight|Body Press|p1a: Zapdos
|-resisted|p1a: Zapdos
|-damage|p1a: Zapdos|86/100
|
|upkeep
|turn|10
|
|t:|1649672537
|switch|p2a: Tornadus|Tornadus-Therian, M|100/100
|move|p1a: Zapdos|Toxic|p2a: Tornadus
|-status|p2a: Tornadus|tox
|
|-damage|p2a: Tornadus|94/100 tox|[from] psn
|upkeep
|turn|11
|
|t:|1649672543
|move|p2a: Tornadus|Knock Off|p1a: Zapdos
|-damage|p1a: Zapdos|62/100
|-enditem|p1a: Zapdos|Heavy-Duty Boots|[from] move: Knock Off|[of] p2a: Tornadus
|move|p1a: Zapdos|Thunderbolt|p2a: Tornadus
|-supereffective|p2a: Tornadus
|-damage|p2a: Tornadus|27/100 tox
|
|-damage|p2a: Tornadus|15/100 tox|[from] psn
|upkeep
|turn|12
|
|t:|1649672558
|switch|p2a: Ninetales|Ninetales-Alola, F|100/100
|-weather|Hail|[from] ability: Snow Warning|[of] p2a: Ninetales
|move|p1a: Zapdos|Roost|p1a: Zapdos
|-heal|p1a: Zapdos|100/100
|-singleturn|p1a: Zapdos|move: Roost
|
|-weather|Hail|[upkeep]
|-damage|p1a: Zapdos|95/100|[from] Hail
|upkeep
|turn|13
|
|t:|1649672568
|switch|p2a: Arctozolt|Arctozolt|100/100
|move|p1a: Zapdos|Toxic|p2a: Arctozolt
|-status|p2a: Arctozolt|tox
|
|-weather|Hail|[upkeep]
|-damage|p1a: Zapdos|89/100|[from] Hail
|-damage|p2a: Arctozolt|94/100 tox|[from] psn
|upkeep
|turn|14
|
|t:|1649672581
|switch|p1a: Heatran|Heatran, M|67/100
|move|p2a: Arctozolt|Blizzard|p1a: Heatran
|-resisted|p1a: Heatran
|-damage|p1a: Heatran|60/100
|
|-weather|Hail|[upkeep]
|-damage|p1a: Heatran|53/100|[from] Hail
|-heal|p2a: Arctozolt|100/100 tox|[from] item: Leftovers
|-damage|p2a: Arctozolt|88/100 tox|[from] psn
|upkeep
|turn|15
|
|t:|1649672601
|switch|p1a: Garchomp|Garchomp, M|100/100
|move|p2a: Arctozolt|Bolt Beak|p1a: Garchomp
|-immune|p1a: Garchomp
|
|-weather|Hail|[upkeep]
|-damage|p1a: Garchomp|94/100|[from] Hail
|-heal|p2a: Arctozolt|94/100 tox|[from] item: Leftovers
|-heal|p1a: Garchomp|100/100|[from] item: Leftovers
|-damage|p2a: Arctozolt|76/100 tox|[from] psn
|upkeep
|turn|16
|
|t:|1649672607
|switch|p2a: Corviknight|Corviknight, F|100/100
|-ability|p2a: Corviknight|Pressure
|move|p1a: Garchomp|Protect||[still]
|-fail|p1a: Garchomp
|
|-weather|Hail|[upkeep]
|-damage|p1a: Garchomp|94/100|[from] Hail
|-damage|p2a: Corviknight|94/100|[from] Hail
|-heal|p1a: Garchomp|100/100|[from] item: Leftovers
|upkeep
|turn|17
|
|t:|1649672619
|move|p1a: Garchomp|Stealth Rock|p2a: Corviknight
|-sidestart|p2: BugCatcherWeevil|move: Stealth Rock
|move|p2a: Corviknight|Body Press|p1a: Garchomp
|-damage|p1a: Garchomp|86/100
|-damage|p2a: Corviknight|82/100|[from] ability: Rough Skin|[of] p1a: Garchomp
|
|-weather|Hail|[upkeep]
|-damage|p1a: Garchomp|80/100|[from] Hail
|-damage|p2a: Corviknight|75/100|[from] Hail
|-heal|p1a: Garchomp|86/100|[from] item: Leftovers
|upkeep
|turn|18
|
|t:|1649672634
|switch|p1a: Zapdos|Zapdos|89/100
|move|p2a: Corviknight|Defog|p1a: Zapdos
|-unboost|p1a: Zapdos|evasion|1
|-sideend|p2: BugCatcherWeevil|Stealth Rock|[from] move: Defog|[of] p2a: Corviknight
|
|-weather|Hail|[upkeep]
|-damage|p1a: Zapdos|83/100|[from] Hail
|-damage|p2a: Corviknight|69/100|[from] Hail
|upkeep
|turn|19
|
|t:|1649672645
|move|p1a: Zapdos|Hurricane|p2a: Corviknight
|-resisted|p2a: Corviknight
|-damage|p2a: Corviknight|41/100
|-start|p2a: Corviknight|confusion
|-activate|p2a: Corviknight|confusion
|move|p2a: Corviknight|Roost|p2a: Corviknight
|-heal|p2a: Corviknight|91/100
|-singleturn|p2a: Corviknight|move: Roost
|
|-weather|none
|upkeep
|turn|20
|
|t:|1649672660
|switch|p2a: Ninetales|Ninetales-Alola, F|100/100
|-weather|Hail|[from] ability: Snow Warning|[of] p2a: Ninetales
|move|p1a: Zapdos|Thunderbolt|p2a: Ninetales
|-damage|p2a: Ninetales|55/100
|-status|p2a: Ninetales|par
|
|-weather|Hail|[upkeep]
|-damage|p1a: Zapdos|77/100|[from] Hail
|upkeep
|turn|21
|
|t:|1649672689
|switch|p2a: Arctozolt|Arctozolt|76/100 tox
|move|p1a: Zapdos|Thunderbolt|p2a: Arctozolt
|-resisted|p2a: Arctozolt
|-damage|p2a: Arctozolt|43/100 tox
|
|-weather|Hail|[upkeep]
|-damage|p1a: Zapdos|71/100|[from] Hail
|-heal|p2a: Arctozolt|50/100 tox|[from] item: Leftovers
|-damage|p2a: Arctozolt|43/100 tox|[from] psn
|upkeep
|turn|22
|
|t:|1649672697
|switch|p2a: Tornadus|Tornadus-Therian, M|48/100 tox
|switch|p1a: Heatran|Heatran, M|53/100
|
|-weather|Hail|[upkeep]
|-damage|p2a: Tornadus|42/100 tox|[from] Hail
|-damage|p1a: Heatran|47/100|[from] Hail
|-damage|p2a: Tornadus|36/100 tox|[from] psn
|upkeep
|turn|23
|
|t:|1649672704
|move|p2a: Tornadus|U-turn|p1a: Heatran
|-resisted|p1a: Heatran
|-damage|p1a: Heatran|45/100
|
|t:|1649672707
|switch|p2a: Volcanion|Volcanion|76/100|[from]move: U-turn
|move|p1a: Heatran|Magma Storm|p2a: Volcanion
|-resisted|p2a: Volcanion
|-damage|p2a: Volcanion|63/100
|-activate|p2a: Volcanion|move: Magma Storm|[of] p1a: Heatran
|
|-weather|Hail|[upkeep]
|-damage|p2a: Volcanion|56/100|[from] Hail
|-damage|p1a: Heatran|39/100|[from] Hail
|-damage|p2a: Volcanion|44/100|[from] move: Magma Storm|[partiallytrapped]
|upkeep
|turn|24
|
|t:|1649672718
|switch|p1a: Blissey|Blissey, F|100/100
|move|p2a: Volcanion|Steam Eruption|p1a: Blissey
|-damage|p1a: Blissey|69/100
|-status|p1a: Blissey|brn
|
|-weather|Hail|[upkeep]
|-damage|p2a: Volcanion|38/100|[from] Hail
|-damage|p1a: Blissey|63/100 brn|[from] Hail
|-damage|p1a: Blissey|57/100 brn|[from] brn
|-end|p2a: Volcanion|Magma Storm|[partiallytrapped]|[silent]
|upkeep
|turn|25
|
|t:|1649672741
|switch|p2a: Tornadus|Tornadus-Therian, M|69/100 tox
|move|p1a: Blissey|Soft-Boiled|p1a: Blissey
|-heal|p1a: Blissey|100/100 brn
|
|-weather|Hail|[upkeep]
|-damage|p2a: Tornadus|63/100 tox|[from] Hail
|-damage|p1a: Blissey|94/100 brn|[from] Hail
|-damage|p2a: Tornadus|57/100 tox|[from] psn
|-damage|p1a: Blissey|88/100 brn|[from] brn
|upkeep
|turn|26
|
|t:|1649672748
|-curestatus|p1a: Blissey|brn|[from] ability: Natural Cure
|switch|p1a: Heatran|Heatran, M|39/100
|move|p2a: Tornadus|U-turn|p1a: Heatran
|-resisted|p1a: Heatran
|-damage|p1a: Heatran|37/100
|
|t:|1649672758
|switch|p2a: Volcanion|Volcanion|38/100|[from]move: U-turn
|
|-weather|Hail|[upkeep]
|-damage|p2a: Volcanion|32/100|[from] Hail
|-damage|p1a: Heatran|30/100|[from] Hail
|upkeep
|turn|27
|inactive|djok barra hi has 120 seconds left.
|
|t:|1649672790
|switch|p1a: Blissey|Blissey, F|88/100
|move|p2a: Volcanion|Steam Eruption|p1a: Blissey
|-damage|p1a: Blissey|55/100
|
|-weather|none
|upkeep
|turn|28
|
|t:|1649672808
|switch|p2a: Tornadus|Tornadus-Therian, M|91/100 tox
|move|p1a: Blissey|Soft-Boiled|p1a: Blissey
|-heal|p1a: Blissey|100/100
|
|-damage|p2a: Tornadus|84/100 tox|[from] psn
|upkeep
|turn|29
|
|t:|1649672813
|move|p2a: Tornadus|U-turn|p1a: Blissey
|-damage|p1a: Blissey|89/100
|-damage|p2a: Tornadus|68/100 tox|[from] item: Rocky Helmet|[of] p1a: Blissey
|
|t:|1649672819
|switch|p2a: Corviknight|Corviknight, F|91/100|[from]move: U-turn
|-ability|p2a: Corviknight|Pressure
|move|p1a: Blissey|Seismic Toss|p2a: Corviknight
|-damage|p2a: Corviknight|66/100
|-damage|p1a: Blissey|72/100|[from] item: Rocky Helmet|[of] p2a: Corviknight
|
|upkeep
|turn|30
|
|t:|1649672833
|switch|p2a: Landorus|Landorus-Therian, M|100/100
|-ability|p2a: Landorus|Intimidate|boost
|-unboost|p1a: Blissey|atk|1
|switch|p1a: Zapdos|Zapdos|71/100
|
|upkeep
|turn|31
|
|t:|1649672835
|move|p1a: Zapdos|Toxic|p2a: Landorus
|-status|p2a: Landorus|tox
|move|p2a: Landorus|Toxic|p1a: Zapdos
|-status|p1a: Zapdos|tox
|
|-damage|p1a: Zapdos|65/100 tox|[from] psn
|-damage|p2a: Landorus|94/100 tox|[from] psn
|upkeep
|turn|32
|
|t:|1649672841
|switch|p2a: Tornadus|Tornadus-Therian, M|100/100 tox
|move|p1a: Zapdos|Roost|p1a: Zapdos
|-heal|p1a: Zapdos|100/100 tox
|-singleturn|p1a: Zapdos|move: Roost
|
|-damage|p2a: Tornadus|94/100 tox|[from] psn
|-damage|p1a: Zapdos|89/100 tox|[from] psn
|upkeep
|turn|33
|
|t:|1649672853
|switch|p1a: Garchomp|Garchomp, M|86/100
|move|p2a: Tornadus|Heat Wave|p1a: Garchomp
|-resisted|p1a: Garchomp
|-damage|p1a: Garchomp|75/100
|
|-heal|p1a: Garchomp|81/100|[from] item: Leftovers
|-damage|p2a: Tornadus|82/100 tox|[from] psn
|upkeep
|turn|34
|
|t:|1649672868
|move|p1a: Garchomp|Protect|p1a: Garchomp
|-singleturn|p1a: Garchomp|Protect
|move|p2a: Tornadus|U-turn|p1a: Garchomp
|-activate|p1a: Garchomp|move: Protect
|
|-heal|p1a: Garchomp|87/100|[from] item: Leftovers
|-damage|p2a: Tornadus|64/100 tox|[from] psn
|upkeep
|turn|35
|
|t:|1649672871
|move|p2a: Tornadus|U-turn|p1a: Garchomp
|-damage|p1a: Garchomp|78/100
|-damage|p2a: Tornadus|51/100 tox|[from] ability: Rough Skin|[of] p1a: Garchomp
|
|t:|1649672876
|switch|p2a: Corviknight|Corviknight, F|66/100|[from]move: U-turn
|-ability|p2a: Corviknight|Pressure
|move|p1a: Garchomp|Stealth Rock|p2a: Corviknight
|-sidestart|p2: BugCatcherWeevil|move: Stealth Rock
|
|-heal|p1a: Garchomp|85/100|[from] item: Leftovers
|upkeep
|turn|36
|
|t:|1649672881
|switch|p1a: Regieleki|Regieleki|100/100
|move|p2a: Corviknight|Defog|p1a: Regieleki
|-unboost|p1a: Regieleki|evasion|1
|-sideend|p2: BugCatcherWeevil|Stealth Rock|[from] move: Defog|[of] p2a: Corviknight
|
|upkeep
|turn|37
|
|t:|1649672890
|switch|p1a: Garchomp|Garchomp, M|85/100
|switch|p2a: Landorus|Landorus-Therian, M|94/100 tox
|-ability|p2a: Landorus|Intimidate|boost
|-unboost|p1a: Garchomp|atk|1
|
|-heal|p1a: Garchomp|91/100|[from] item: Leftovers
|-heal|p2a: Landorus|100/100 tox|[from] item: Leftovers
|-damage|p2a: Landorus|94/100 tox|[from] psn
|upkeep
|turn|38
|
|t:|1649672900
|move|p1a: Garchomp|Stealth Rock|p2a: Landorus
|-sidestart|p2: BugCatcherWeevil|move: Stealth Rock
|move|p2a: Landorus|Toxic|p1a: Garchomp
|-status|p1a: Garchomp|tox
|
|-heal|p1a: Garchomp|97/100 tox|[from] item: Leftovers
|-heal|p2a: Landorus|100/100 tox|[from] item: Leftovers
|-damage|p1a: Garchomp|91/100 tox|[from] psn
|-damage|p2a: Landorus|88/100 tox|[from] psn
|upkeep
|turn|39
|
|t:|1649672912
|switch|p1a: Buzzwole|Buzzwole|100/100
|switch|p2a: Corviknight|Corviknight, F|66/100
|-damage|p2a: Corviknight|53/100|[from] Stealth Rock
|-ability|p2a: Corviknight|Pressure
|
|upkeep
|turn|40
|
|t:|1649672919
|move|p1a: Buzzwole|Close Combat|p2a: Corviknight
|-damage|p2a: Corviknight|10/100
|-unboost|p1a: Buzzwole|def|1
|-unboost|p1a: Buzzwole|spd|1
|-damage|p1a: Buzzwole|84/100|[from] item: Rocky Helmet|[of] p2a: Corviknight
|move|p2a: Corviknight|Roost|p2a: Corviknight
|-heal|p2a: Corviknight|60/100
|-singleturn|p2a: Corviknight|move: Roost
|
|upkeep
|turn|41
|
|t:|1649672925
|switch|p1a: Regieleki|Regieleki|100/100
|move|p2a: Corviknight|Roost|p2a: Corviknight
|-heal|p2a: Corviknight|100/100
|-singleturn|p2a: Corviknight|move: Roost
|
|upkeep
|turn|42
|
|t:|1649672932
|switch|p2a: Landorus|Landorus-Therian, M|88/100 tox
|-damage|p2a: Landorus|76/100 tox|[from] Stealth Rock
|-ability|p2a: Landorus|Intimidate|boost
|-unboost|p1a: Regieleki|atk|1
|move|p1a: Regieleki|Substitute|p1a: Regieleki
|-start|p1a: Regieleki|Substitute
|-damage|p1a: Regieleki|76/100
|
|-heal|p1a: Regieleki|82/100|[from] item: Leftovers
|-heal|p2a: Landorus|82/100 tox|[from] item: Leftovers
|-damage|p2a: Landorus|76/100 tox|[from] psn
|upkeep
|turn|43
|
|t:|1649672939
|move|p1a: Regieleki|Protect|p1a: Regieleki
|-singleturn|p1a: Regieleki|Protect
|move|p2a: Landorus|Defog|p1a: Regieleki
|-activate|p1a: Regieleki|move: Protect
|
|-heal|p1a: Regieleki|88/100|[from] item: Leftovers
|-heal|p2a: Landorus|82/100 tox|[from] item: Leftovers
|-damage|p2a: Landorus|70/100 tox|[from] psn
|upkeep
|turn|44
|
|t:|1649672952
|move|p1a: Regieleki|Rapid Spin|p2a: Landorus
|-damage|p2a: Landorus|63/100 tox
|-boost|p1a: Regieleki|spe|1
|move|p2a: Landorus|Defog|p1a: Regieleki
|-sideend|p2: BugCatcherWeevil|Stealth Rock|[from] move: Defog|[of] p2a: Landorus
|
|-heal|p1a: Regieleki|94/100|[from] item: Leftovers
|-heal|p2a: Landorus|69/100 tox|[from] item: Leftovers
|-damage|p2a: Landorus|51/100 tox|[from] psn
|upkeep
|turn|45
|
|t:|1649672957
|switch|p2a: Ninetales|Ninetales-Alola, F|55/100 par
|-weather|Hail|[from] ability: Snow Warning|[of] p2a: Ninetales
|move|p1a: Regieleki|Protect||[still]
|-fail|p1a: Regieleki
|
|-weather|Hail|[upkeep]
|-damage|p1a: Regieleki|88/100|[from] Hail
|-heal|p1a: Regieleki|94/100|[from] item: Leftovers
|upkeep
|turn|46
|
|t:|1649672974
|move|p1a: Regieleki|Thunder Cage|p2a: Ninetales
|-damage|p2a: Ninetales|0 fnt
|faint|p2a: Ninetales
|
|-weather|Hail|[upkeep]
|-damage|p1a: Regieleki|88/100|[from] Hail
|-heal|p1a: Regieleki|94/100|[from] item: Leftovers
|upkeep
|
|t:|1649672981
|switch|p2a: Landorus|Landorus-Therian, M|51/100 tox
|-ability|p2a: Landorus|Intimidate|boost
|-immune|p1a: Regieleki
|turn|47
|
|t:|1649672992
|move|p1a: Regieleki|Protect|p1a: Regieleki
|-singleturn|p1a: Regieleki|Protect
|move|p2a: Landorus|Earthquake|p1a: Regieleki
|-activate|p1a: Regieleki|move: Protect
|
|-weather|Hail|[upkeep]
|-damage|p1a: Regieleki|88/100|[from] Hail
|-damage|p2a: Landorus|45/100 tox|[from] Hail
|-heal|p1a: Regieleki|94/100|[from] item: Leftovers
|-heal|p2a: Landorus|51/100 tox|[from] item: Leftovers
|-damage|p2a: Landorus|45/100 tox|[from] psn
|upkeep
|turn|48
|c|☆BugCatcherWeevil|Cool Team
|-message|BugCatcherWeevil forfeited.
|
|win|djok barra hi
|raw|djok barra hi's rating: 1740 &rarr; <strong>1764</strong><br />(+24 for winning)
|raw|BugCatcherWeevil's rating: 1805 &rarr; <strong>1781</strong><br />(-24 for losing)
|l|☆BugCatcherWeevil
|c|‽djok barra hi|/log djok barra hi made this room public.
