|j|☆quixana
|j|☆PQPP214
|t:|1651219094
|gametype|singles
|player|p1|quixana|ethan-pokeathlon|1694
|player|p2|PQPP214|266|1677
|teamsize|p1|6
|teamsize|p2|6
|gen|8
|tier|[Gen 8] OU
|rated|
|rule|Sleep Clause Mod: Limit one foe put to sleep
|rule|Species Clause: Limit one of each Pokémon
|rule|OHKO Clause: OHKO moves are banned
|rule|Evasion Moves Clause: Evasion moves are banned
|rule|Endless Battle Clause: Forcing endless battles is banned
|rule|HP Percentage Mod: HP is shown in percentages
|rule|Dynamax Clause: You cannot dynamax
|clearpoke
|poke|p1|Clefable, M|
|poke|p1|Heatran, F|
|poke|p1|Landorus-Therian, M|
|poke|p1|Weavile, M|
|poke|p1|Slowking-Galar, F|
|poke|p1|Tangrowth, F|
|poke|p2|Garchomp, F|
|poke|p2|Blaziken, M|
|poke|p2|Heatran, M|
|poke|p2|Dragapult, F|
|poke|p2|Ninetales-Alola, F|
|poke|p2|Arctozolt|
|teampreview
|j| STDSuave
|
|t:|1651219135
|start
|switch|p1a: Slowking|Slowking-Galar, F|100/100
|switch|p2a: Heatran|Heatran, M|100/100
|-item|p2a: Heatran|Air Balloon
|turn|1
|
|t:|1651219143
|move|p2a: Heatran|Stealth Rock|p1a: Slowking
|-sidestart|p1: quixana|move: Stealth Rock
|move|p1a: Slowking|Scald|p2a: Heatran
|-supereffective|p2a: Heatran
|-damage|p2a: Heatran|62/100
|-enditem|p2a: Heatran|Air Balloon
|
|upkeep
|turn|2
|c|☆quixana|yo
|c|☆quixana|is that the real suave or just a fan account?
|
|t:|1651219171
|switch|p2a: Dragapult|Dragapult, F|100/100
|move|p1a: Slowking|Scald|p2a: Dragapult
|-resisted|p2a: Dragapult
|-damage|p2a: Dragapult|88/100
|
|upkeep
|turn|3
|j| call the crew
|
|t:|1651219191
|move|p2a: Dragapult|Dragon Darts|p1a: Slowking
|-damage|p1a: Slowking|61/100
|-anim|p2a: Dragapult|Dragon Darts|p1a: Slowking
|-damage|p1a: Slowking|26/100
|move|p1a: Slowking|Sludge Bomb|p2a: Dragapult
|-resisted|p2a: Dragapult
|-crit|p2a: Dragapult
|-damage|p2a: Dragapult|50/100
|
|upkeep
|turn|4
|
|t:|1651219202
|switch|p2a: Heatran|Heatran, M|62/100
|switch|p1a: Clefable|Clefable, M|100/100
|
|upkeep
|turn|5
|j| stall lordZ
|
|t:|1651219211
|switch|p1a: Heatran|Heatran, F|100/100
|-damage|p1a: Heatran|88/100|[from] Stealth Rock
|move|p2a: Heatran|Taunt|p1a: Heatran
|-start|p1a: Heatran|move: Taunt
|
|-heal|p1a: Heatran|94/100|[from] item: Leftovers
|upkeep
|turn|6
|
|t:|1651219217
|switch|p2a: Blaziken|Blaziken, M|100/100
|-item|p2a: Blaziken|Air Balloon
|move|p1a: Heatran|Earth Power|p2a: Blaziken
|-immune|p2a: Blaziken
|
|-heal|p1a: Heatran|100/100|[from] item: Leftovers
|upkeep
|turn|7
|inactive|Battle timer is ON: inactive players will automatically lose when time's up. (requested by PQPP214)
|
|t:|1651219238
|move|p2a: Blaziken|Swords Dance|p2a: Blaziken
|-boost|p2a: Blaziken|atk|2
|move|p1a: Heatran|Magma Storm|p2a: Blaziken
|-resisted|p2a: Blaziken
|-damage|p2a: Blaziken|70/100
|-activate|p2a: Blaziken|move: Magma Storm|[of] p1a: Heatran
|-enditem|p2a: Blaziken|Air Balloon
|
|-damage|p2a: Blaziken|57/100|[from] move: Magma Storm|[partiallytrapped]
|-end|p1a: Heatran|move: Taunt
|-ability|p2a: Blaziken|Speed Boost|boost
|-boost|p2a: Blaziken|spe|1
|upkeep
|turn|8
|
|t:|1651219257
|switch|p1a: Landorus|Landorus-Therian, M|100/100
|-damage|p1a: Landorus|88/100|[from] Stealth Rock
|-ability|p1a: Landorus|Intimidate|boost
|-unboost|p2a: Blaziken|atk|1
|move|p2a: Blaziken|Close Combat|p1a: Landorus
|-resisted|p1a: Landorus
|-damage|p1a: Landorus|44/100
|-unboost|p2a: Blaziken|def|1
|-unboost|p2a: Blaziken|spd|1
|
|-heal|p1a: Landorus|50/100|[from] item: Leftovers
|-end|p2a: Blaziken|Magma Storm|[partiallytrapped]|[silent]
|-ability|p2a: Blaziken|Speed Boost|boost
|-boost|p2a: Blaziken|spe|1
|upkeep
|turn|9
|inactive|quixana has 120 seconds left.
|inactive|quixana has 90 seconds left.
|
|t:|1651219325
|switch|p1a: Heatran|Heatran, F|100/100
|-damage|p1a: Heatran|88/100|[from] Stealth Rock
|move|p2a: Blaziken|Flare Blitz|p1a: Heatran
|-start|p1a: Heatran|ability: Flash Fire
|
|-heal|p1a: Heatran|94/100|[from] item: Leftovers
|-ability|p2a: Blaziken|Speed Boost|boost
|-boost|p2a: Blaziken|spe|1
|upkeep
|turn|10
|inactive|quixana has 60 seconds left.
|
|t:|1651219369
|-end|p1a: Heatran|ability: Flash Fire|[silent]
|switch|p1a: Landorus|Landorus-Therian, M|50/100
|-damage|p1a: Landorus|38/100|[from] Stealth Rock
|-ability|p1a: Landorus|Intimidate|boost
|-unboost|p2a: Blaziken|atk|1
|move|p2a: Blaziken|Close Combat|p1a: Landorus
|-resisted|p1a: Landorus
|-damage|p1a: Landorus|7/100
|-unboost|p2a: Blaziken|def|1
|-unboost|p2a: Blaziken|spd|1
|
|-heal|p1a: Landorus|13/100|[from] item: Leftovers
|-ability|p2a: Blaziken|Speed Boost|boost
|-boost|p2a: Blaziken|spe|1
|upkeep
|turn|11
|
|t:|1651219388
|move|p2a: Blaziken|Close Combat|p1a: Landorus
|-resisted|p1a: Landorus
|-damage|p1a: Landorus|0 fnt
|-unboost|p2a: Blaziken|def|1
|-unboost|p2a: Blaziken|spd|1
|faint|p1a: Landorus
|
|-ability|p2a: Blaziken|Speed Boost|boost
|-boost|p2a: Blaziken|spe|1
|upkeep
|
|t:|1651219402
|switch|p1a: Clefable|Clefable, M|100/100
|turn|12
|
|t:|1651219413
|switch|p2a: Heatran|Heatran, M|62/100
|move|p1a: Clefable|Moonblast|p2a: Heatran
|-resisted|p2a: Heatran
|-damage|p2a: Heatran|52/100
|
|upkeep
|turn|13
|
|t:|1651219426
|switch|p1a: Slowking|Slowking-Galar, F|59/100
|-damage|p1a: Slowking|46/100|[from] Stealth Rock
|move|p2a: Heatran|Taunt|p1a: Slowking
|-start|p1a: Slowking|move: Taunt
|
|upkeep
|turn|14
|
|t:|1651219431
|move|p2a: Heatran|Magma Storm|p1a: Slowking
|-damage|p1a: Slowking|24/100
|-activate|p1a: Slowking|move: Magma Storm|[of] p2a: Heatran
|move|p1a: Slowking|Scald|p2a: Heatran
|-supereffective|p2a: Heatran
|-damage|p2a: Heatran|14/100
|
|-damage|p1a: Slowking|12/100|[from] move: Magma Storm|[partiallytrapped]
|upkeep
|turn|15
|
|t:|1651219438
|move|p2a: Heatran|Magma Storm|p1a: Slowking|[miss]
|-miss|p2a: Heatran|p1a: Slowking
|move|p1a: Slowking|Scald|p2a: Heatran
|-supereffective|p2a: Heatran
|-damage|p2a: Heatran|0 fnt
|faint|p2a: Heatran
|
|-end|p1a: Slowking|Magma Storm|[partiallytrapped]|[silent]
|-end|p1a: Slowking|move: Taunt
|upkeep
|
|t:|1651219444
|switch|p2a: Garchomp|Garchomp, F|100/100
|turn|16
|inactive|quixana has 60 seconds left.
|
|t:|1651219473
|switch|p2a: Blaziken|Blaziken, M|57/100
|switch|p1a: Tangrowth|Tangrowth, F|100/100
|-damage|p1a: Tangrowth|88/100|[from] Stealth Rock
|
|upkeep
|turn|17
|
|t:|1651219478
|move|p2a: Blaziken|Flare Blitz|p1a: Tangrowth
|-supereffective|p1a: Tangrowth
|-damage|p1a: Tangrowth|22/100
|-damage|p2a: Blaziken|41/100|[from] item: Rocky Helmet|[of] p1a: Tangrowth
|-damage|p2a: Blaziken|11/100|[from] Recoil
|move|p1a: Tangrowth|Sleep Powder|p2a: Blaziken|[miss]
|-miss|p1a: Tangrowth|p2a: Blaziken
|
|-ability|p2a: Blaziken|Speed Boost|boost
|-boost|p2a: Blaziken|spe|1
|upkeep
|turn|18
|inactive|quixana has 60 seconds left.
|c|☆quixana|fuck outta here
|
|t:|1651219495
|move|p2a: Blaziken|Close Combat|p1a: Tangrowth
|-crit|p1a: Tangrowth
|-damage|p1a: Tangrowth|0 fnt
|-unboost|p2a: Blaziken|def|1
|-unboost|p2a: Blaziken|spd|1
|-damage|p2a: Blaziken|0 fnt|[from] item: Rocky Helmet|[of] p1a: Tangrowth
|faint|p1a: Tangrowth
|faint|p2a: Blaziken
|
|upkeep
|inactive|quixana has 60 seconds left.
|
|t:|1651219514
|switch|p2a: Garchomp|Garchomp, F|100/100
|switch|p1a: Weavile|Weavile, M|100/100
|-ability|p1a: Weavile|Pressure
|turn|19
|
|t:|1651219528
|switch|p2a: Ninetales|Ninetales-Alola, F|100/100
|-weather|Hail|[from] ability: Snow Warning|[of] p2a: Ninetales
|move|p1a: Weavile|Triple Axel|p2a: Ninetales
|-resisted|p2a: Ninetales
|-damage|p2a: Ninetales|94/100
|-resisted|p2a: Ninetales
|-damage|p2a: Ninetales|82/100
|-resisted|p2a: Ninetales
|-damage|p2a: Ninetales|66/100
|-hitcount|p2a: Ninetales|3
|
|-weather|Hail|[upkeep]
|upkeep
|turn|20
|j| Narwhale37
|inactive|quixana has 30 seconds left.
|
|t:|1651219561
|switch|p1a: Slowking|Slowking-Galar, F|45/100
|-damage|p1a: Slowking|33/100|[from] Stealth Rock
|switch|p2a: Garchomp|Garchomp, F|100/100
|
|-weather|Hail|[upkeep]
|-damage|p2a: Garchomp|94/100|[from] Hail
|-damage|p1a: Slowking|27/100|[from] Hail
|upkeep
|turn|21
|inactive|quixana has 30 seconds left.
|
|t:|1651219574
|switch|p1a: Clefable|Clefable, M|100/100
|move|p2a: Garchomp|Earthquake|p1a: Clefable
|-damage|p1a: Clefable|59/100
|
|-weather|Hail|[upkeep]
|-damage|p2a: Garchomp|88/100|[from] Hail
|upkeep
|turn|22
|
|t:|1651219579
|move|p2a: Garchomp|Swords Dance|p2a: Garchomp
|-boost|p2a: Garchomp|atk|2
|move|p1a: Clefable|Soft-Boiled|p1a: Clefable
|-heal|p1a: Clefable|100/100
|
|-weather|Hail|[upkeep]
|-damage|p2a: Garchomp|82/100|[from] Hail
|upkeep
|turn|23
|
|t:|1651219584
|move|p2a: Garchomp|Earthquake|p1a: Clefable
|-damage|p1a: Clefable|16/100
|move|p1a: Clefable|Moonblast|p2a: Garchomp
|-supereffective|p2a: Garchomp
|-enditem|p2a: Garchomp|Roseli Berry|[eat]
|-enditem|p2a: Garchomp|Roseli Berry|[weaken]
|-damage|p2a: Garchomp|40/100
|-unboost|p2a: Garchomp|spa|1
|
|-weather|Hail|[upkeep]
|-damage|p2a: Garchomp|34/100|[from] Hail
|upkeep
|turn|24
|
|t:|1651219597
|move|p2a: Garchomp|Earthquake|p1a: Clefable
|-damage|p1a: Clefable|0 fnt
|faint|p1a: Clefable
|
|-weather|Hail|[upkeep]
|-damage|p2a: Garchomp|28/100|[from] Hail
|upkeep
|
|t:|1651219600
|switch|p1a: Weavile|Weavile, M|100/100
|-ability|p1a: Weavile|Pressure
|turn|25
|
|t:|1651219613
|switch|p2a: Dragapult|Dragapult, F|50/100
|move|p1a: Weavile|Knock Off|p2a: Dragapult
|-supereffective|p2a: Dragapult
|-damage|p2a: Dragapult|0 fnt
|-enditem|p2a: Dragapult|Choice Band|[from] move: Knock Off|[of] p1a: Weavile
|faint|p2a: Dragapult
|
|-weather|Hail|[upkeep]
|upkeep
|
|t:|1651219617
|switch|p2a: Arctozolt|Arctozolt|100/100
|turn|26
|inactive|quixana has 60 seconds left.
|inactive|quixana has 30 seconds left.
|inactive|quixana has 20 seconds left.
|inactive|quixana has 15 seconds left.
|
|t:|1651219682
|switch|p1a: Slowking|Slowking-Galar, F|60/100
|-damage|p1a: Slowking|47/100|[from] Stealth Rock
|move|p2a: Arctozolt|Bolt Beak|p1a: Slowking
|-damage|p1a: Slowking|0 fnt
|faint|p1a: Slowking
|
|-weather|none
|upkeep
|inactive|quixana has 20 seconds left this turn.
|inactive|quixana has 15 seconds left.
|inactive|quixana has 10 seconds left.
|
|t:|1651219695
|switch|p1a: Heatran|Heatran, F|94/100
|-damage|p1a: Heatran|82/100|[from] Stealth Rock
|turn|27
|inactive|quixana has 20 seconds left this turn.
|inactive|quixana has 15 seconds left.
|c| call the crew|pepe pray
|
|t:|1651219724
|switch|p2a: Ninetales|Ninetales-Alola, F|66/100
|-weather|Hail|[from] ability: Snow Warning|[of] p2a: Ninetales
|move|p1a: Heatran|Stealth Rock|p2a: Ninetales
|-sidestart|p2: PQPP214|move: Stealth Rock
|
|-weather|Hail|[upkeep]
|-damage|p1a: Heatran|76/100|[from] Hail
|-heal|p1a: Heatran|82/100|[from] item: Leftovers
|upkeep
|turn|28
|inactive|quixana has 25 seconds left this turn.
|inactive|quixana has 20 seconds left.
|c| call the crew|yo
|c| call the crew|what
|inactive|quixana has 15 seconds left.
|
|t:|1651219734
|move|p2a: Ninetales|Encore|p1a: Heatran
|-start|p1a: Heatran|Encore
|move|p1a: Heatran|Stealth Rock||[still]
|-fail|p1a: Heatran
|
|-weather|Hail|[upkeep]
|-damage|p1a: Heatran|76/100|[from] Hail
|-heal|p1a: Heatran|82/100|[from] item: Leftovers
|upkeep
|turn|29
|inactive|quixana has 25 seconds left this turn.
|inactive|quixana has 20 seconds left.
|
|t:|1651219740
|switch|p2a: Arctozolt|Arctozolt|100/100
|switch|p1a: Weavile|Weavile, M|100/100
|-ability|p1a: Weavile|Pressure
|
|-weather|Hail|[upkeep]
|upkeep
|turn|30
|inactive|quixana has 30 seconds left this turn.
|
|t:|1651219745
|switch|p1a: Heatran|Heatran, F|82/100
|-damage|p1a: Heatran|69/100|[from] Stealth Rock
|move|p2a: Arctozolt|Bolt Beak|p1a: Heatran
|-damage|p1a: Heatran|12/100
|
|-weather|Hail|[upkeep]
|-damage|p1a: Heatran|5/100|[from] Hail
|-heal|p1a: Heatran|12/100|[from] item: Leftovers
|upkeep
|turn|31
|
|t:|1651219749
|move|p2a: Arctozolt|Bolt Beak|p1a: Heatran
|-damage|p1a: Heatran|0 fnt
|faint|p1a: Heatran
|
|-weather|Hail|[upkeep]
|upkeep
|-message|quixana forfeited.
|
|win|PQPP214
|raw|quixana's rating: 1694 &rarr; <strong>1673</strong><br />(-21 for losing)
|raw|PQPP214's rating: 1677 &rarr; <strong>1698</strong><br />(+21 for winning)
|l|☆quixana
|l| call the crew
