|j|☆lil tofa
|j|☆TheonReekGreyjoy
|t:|1629802291
|gametype|singles
|player|p1|lil tofa|battlegirl-gen4|1567
|player|p2|TheonReekGreyjoy|7|1749
|teamsize|p1|6
|teamsize|p2|6
|gen|8
|tier|[Gen 8] OU
|rated|
|rule|Sleep Clause Mod: Limit one foe put to sleep
|rule|Species Clause: Limit one of each Pokémon
|rule|OHKO Clause: OHKO moves are banned
|rule|Evasion Moves Clause: Evasion moves are banned
|rule|Endless Battle Clause: Forcing endless battles is banned
|rule|HP Percentage Mod: HP is shown in percentages
|rule|Dynamax Clause: You cannot dynamax
|clearpoke
|poke|p1|Tyranitar, F|
|poke|p1|Ferrothorn, M|
|poke|p1|Excadrill, M|
|poke|p1|Buzzwole|
|poke|p1|Slowking, F|
|poke|p1|Magnezone|
|poke|p2|Melmetal|
|poke|p2|Dragapult, M|
|poke|p2|Ninetales-Alola, F|
|poke|p2|Vanilluxe, M|
|poke|p2|Arctozolt|
|poke|p2|Landorus-Therian, M|
|teampreview
|inactive|Battle timer is ON: inactive players will automatically lose when time's up. (requested by lil tofa)
|inactive|lil tofa has 120 seconds left.
|inactive|TheonReekGreyjoy has 120 seconds left.
|inactive|TheonReekGreyjoy has 90 seconds left.
|
|t:|1629802361
|start
|switch|p1a: Ferrothorn|Ferrothorn, M|100/100
|switch|p2a: Landorus|Landorus-Therian, M|100/100
|-ability|p2a: Landorus|Intimidate|boost
|-unboost|p1a: Ferrothorn|atk|1
|turn|1
|
|t:|1629802365
|move|p2a: Landorus|Stealth Rock|p1a: Ferrothorn
|-sidestart|p1: lil tofa|move: Stealth Rock
|move|p1a: Ferrothorn|Knock Off|p2a: Landorus
|-damage|p2a: Landorus|88/100
|-damage|p1a: Ferrothorn|84/100|[from] item: Rocky Helmet|[of] p2a: Landorus
|-enditem|p2a: Landorus|Rocky Helmet|[from] move: Knock Off|[of] p1a: Ferrothorn
|
|-heal|p1a: Ferrothorn|90/100|[from] item: Leftovers
|upkeep
|turn|2
|
|t:|1629802377
|switch|p2a: Melmetal|Melmetal|100/100
|move|p1a: Ferrothorn|Spikes|p2a: Melmetal
|-sidestart|p2: TheonReekGreyjoy|Spikes
|
|-heal|p1a: Ferrothorn|97/100|[from] item: Leftovers
|upkeep
|turn|3
|
|t:|1629802383
|move|p2a: Melmetal|Substitute|p2a: Melmetal
|-start|p2a: Melmetal|Substitute
|-damage|p2a: Melmetal|76/100
|move|p1a: Ferrothorn|Leech Seed||[still]
|-fail|p1a: Ferrothorn
|
|-heal|p2a: Melmetal|82/100|[from] item: Leftovers
|-heal|p1a: Ferrothorn|100/100|[from] item: Leftovers
|upkeep
|turn|4
|
|t:|1629802397
|switch|p1a: Slowking|Slowking, F|100/100
|move|p2a: Melmetal|Earthquake|p1a: Slowking
|-damage|p1a: Slowking|58/100
|
|-heal|p2a: Melmetal|88/100|[from] item: Leftovers
|upkeep
|turn|5
|
|t:|1629802405
|move|p2a: Melmetal|Double Iron Bash|p1a: Slowking
|-resisted|p1a: Slowking
|-damage|p1a: Slowking|37/100
|-resisted|p1a: Slowking
|-crit|p1a: Slowking
|-damage|p1a: Slowking|6/100
|-hitcount|p1a: Slowking|2
|cant|p1a: Slowking|flinch
|
|-heal|p2a: Melmetal|94/100|[from] item: Leftovers
|upkeep
|turn|6
|
|t:|1629802415
|switch|p1a: Buzzwole|Buzzwole|100/100
|-damage|p1a: Buzzwole|88/100|[from] Stealth Rock
|move|p2a: Melmetal|Earthquake|p1a: Buzzwole
|-resisted|p1a: Buzzwole
|-damage|p1a: Buzzwole|75/100
|
|-heal|p2a: Melmetal|99/100|[from] item: Leftovers
|upkeep
|turn|7
|
|t:|1629802420
|move|p2a: Melmetal|Protect|p2a: Melmetal
|-singleturn|p2a: Melmetal|Protect
|move|p1a: Buzzwole|Close Combat|p2a: Melmetal
|-activate|p2a: Melmetal|move: Protect
|
|-heal|p2a: Melmetal|100/100|[from] item: Leftovers
|upkeep
|turn|8
|
|t:|1629802426
|move|p1a: Buzzwole|Close Combat|p2a: Melmetal
|-supereffective|p2a: Melmetal
|-end|p2a: Melmetal|Substitute
|-unboost|p1a: Buzzwole|def|1
|-unboost|p1a: Buzzwole|spd|1
|move|p2a: Melmetal|Double Iron Bash|p1a: Buzzwole
|-damage|p1a: Buzzwole|33/100
|-damage|p2a: Melmetal|84/100|[from] item: Rocky Helmet|[of] p1a: Buzzwole
|-damage|p1a: Buzzwole|0 fnt
|-damage|p2a: Melmetal|67/100|[from] item: Rocky Helmet|[of] p1a: Buzzwole
|faint|p1a: Buzzwole
|-hitcount|p1: Buzzwole|2
|
|-heal|p2a: Melmetal|73/100|[from] item: Leftovers
|upkeep
|
|t:|1629802428
|switch|p1a: Magnezone|Magnezone|100/100
|-damage|p1a: Magnezone|94/100|[from] Stealth Rock
|turn|9
|j| ulisesdiogenes
|inactive|lil tofa has 120 seconds left.
|
|t:|1629802488
|move|p1a: Magnezone|Thunderbolt|p2a: Melmetal
|-damage|p2a: Melmetal|29/100
|-status|p2a: Melmetal|par
|move|p2a: Melmetal|Earthquake|p1a: Magnezone
|-supereffective|p1a: Magnezone
|-damage|p1a: Magnezone|0 fnt
|faint|p1a: Magnezone
|
|-heal|p2a: Melmetal|35/100 par|[from] item: Leftovers
|upkeep
|
|t:|1629802496
|switch|p1a: Ferrothorn|Ferrothorn, M|100/100
|-damage|p1a: Ferrothorn|94/100|[from] Stealth Rock
|turn|10
|inactive|TheonReekGreyjoy has 120 seconds left.
|
|t:|1629802540
|move|p1a: Ferrothorn|Knock Off|p2a: Melmetal
|-damage|p2a: Melmetal|21/100 par
|-enditem|p2a: Melmetal|Leftovers|[from] move: Knock Off|[of] p1a: Ferrothorn
|move|p2a: Melmetal|Substitute|p2a: Melmetal
|-fail|p2a: Melmetal|move: Substitute|[weak]
|
|-heal|p1a: Ferrothorn|100/100|[from] item: Leftovers
|upkeep
|turn|11
|l| ulisesdiogenes
|
|t:|1629802550
|move|p1a: Ferrothorn|Leech Seed|p2a: Melmetal
|-start|p2a: Melmetal|move: Leech Seed
|move|p2a: Melmetal|Earthquake|p1a: Ferrothorn
|-damage|p1a: Ferrothorn|72/100
|
|-heal|p1a: Ferrothorn|78/100|[from] item: Leftovers
|-damage|p2a: Melmetal|9/100 par|[from] Leech Seed|[of] p1a: Ferrothorn
|-heal|p1a: Ferrothorn|93/100|[silent]
|upkeep
|turn|12
|
|t:|1629802560
|switch|p2a: Ninetales|Ninetales-Alola, F|100/100
|-damage|p2a: Ninetales|88/100|[from] Spikes
|-weather|Hail|[from] ability: Snow Warning|[of] p2a: Ninetales
|move|p1a: Ferrothorn|Spikes|p2a: Ninetales
|-sidestart|p2: TheonReekGreyjoy|Spikes
|
|-weather|Hail|[upkeep]
|-damage|p1a: Ferrothorn|86/100|[from] Hail
|-heal|p1a: Ferrothorn|93/100|[from] item: Leftovers
|upkeep
|turn|13
|
|t:|1629802569
|move|p2a: Ninetales|Encore|p1a: Ferrothorn
|-start|p1a: Ferrothorn|Encore
|move|p1a: Ferrothorn|Spikes|p2a: Ninetales
|-sidestart|p2: TheonReekGreyjoy|Spikes
|
|-weather|Hail|[upkeep]
|-damage|p1a: Ferrothorn|86/100|[from] Hail
|-heal|p1a: Ferrothorn|93/100|[from] item: Leftovers
|upkeep
|turn|14
|inactive|lil tofa has 120 seconds left.
|
|t:|1629802584
|switch|p1a: Tyranitar|Tyranitar, F|100/100
|-damage|p1a: Tyranitar|88/100|[from] Stealth Rock
|-weather|Sandstorm|[from] ability: Sand Stream|[of] p1a: Tyranitar
|move|p2a: Ninetales|Moonblast|p1a: Tyranitar
|-supereffective|p1a: Tyranitar
|-damage|p1a: Tyranitar|66/100
|
|-weather|Sandstorm|[upkeep]
|-damage|p2a: Ninetales|82/100|[from] Sandstorm
|-heal|p1a: Tyranitar|72/100|[from] item: Leftovers
|upkeep
|turn|15
|
|t:|1629802596
|switch|p2a: Melmetal|Melmetal|9/100 par
|-damage|p2a: Melmetal|0 fnt|[from] Spikes
|faint|p2a: Melmetal
|move|p1a: Tyranitar|Stealth Rock|p2: Melmetal
|-sidestart|p2: TheonReekGreyjoy|move: Stealth Rock
|
|-weather|Sandstorm|[upkeep]
|-heal|p1a: Tyranitar|78/100|[from] item: Leftovers
|upkeep
|
|t:|1629802598
|switch|p2a: Landorus|Landorus-Therian, M|88/100
|-damage|p2a: Landorus|76/100|[from] Stealth Rock
|-ability|p2a: Landorus|Intimidate|boost
|-unboost|p1a: Tyranitar|atk|1
|turn|16
|
|t:|1629802608
|switch|p1a: Ferrothorn|Ferrothorn, M|93/100
|-damage|p1a: Ferrothorn|86/100|[from] Stealth Rock
|move|p2a: Landorus|Defog|p1a: Ferrothorn
|-unboost|p1a: Ferrothorn|evasion|1
|-sideend|p1: lil tofa|Stealth Rock|[from] move: Defog|[of] p2a: Landorus
|-sideend|p2: TheonReekGreyjoy|Spikes|[from] move: Defog|[of] p2a: Landorus
|-sideend|p2: TheonReekGreyjoy|Stealth Rock|[from] move: Defog|[of] p2a: Landorus
|
|-weather|Sandstorm|[upkeep]
|-heal|p1a: Ferrothorn|93/100|[from] item: Leftovers
|upkeep
|turn|17
|
|t:|1629802612
|switch|p2a: Vanilluxe|Vanilluxe, M|100/100
|-weather|Hail|[from] ability: Snow Warning|[of] p2a: Vanilluxe
|move|p1a: Ferrothorn|Leech Seed|p2a: Vanilluxe
|-start|p2a: Vanilluxe|move: Leech Seed
|
|-weather|Hail|[upkeep]
|-damage|p1a: Ferrothorn|86/100|[from] Hail
|-heal|p1a: Ferrothorn|93/100|[from] item: Leftovers
|-damage|p2a: Vanilluxe|88/100|[from] Leech Seed|[of] p1a: Ferrothorn
|-heal|p1a: Ferrothorn|100/100|[silent]
|upkeep
|turn|18
|
|t:|1629802620
|move|p2a: Vanilluxe|Taunt|p1a: Ferrothorn
|-start|p1a: Ferrothorn|move: Taunt
|move|p1a: Ferrothorn|Knock Off|p2a: Vanilluxe
|-damage|p2a: Vanilluxe|62/100
|-enditem|p2a: Vanilluxe|Never-Melt Ice|[from] move: Knock Off|[of] p1a: Ferrothorn
|
|-weather|Hail|[upkeep]
|-damage|p1a: Ferrothorn|94/100|[from] Hail
|-heal|p1a: Ferrothorn|100/100|[from] item: Leftovers
|-damage|p2a: Vanilluxe|50/100|[from] Leech Seed|[of] p1a: Ferrothorn
|upkeep
|turn|19
|
|t:|1629802625
|move|p2a: Vanilluxe|Blizzard|p1a: Ferrothorn
|-damage|p1a: Ferrothorn|60/100
|move|p1a: Ferrothorn|Knock Off|p2a: Vanilluxe
|-damage|p2a: Vanilluxe|31/100
|
|-weather|Hail|[upkeep]
|-damage|p1a: Ferrothorn|53/100|[from] Hail
|-heal|p1a: Ferrothorn|60/100|[from] item: Leftovers
|-damage|p2a: Vanilluxe|19/100|[from] Leech Seed|[of] p1a: Ferrothorn
|-heal|p1a: Ferrothorn|70/100|[silent]
|upkeep
|turn|20
|j| Marquesa-10%
|
|t:|1629802641
|switch|p2a: Landorus|Landorus-Therian, M|76/100
|-ability|p2a: Landorus|Intimidate|boost
|-unboost|p1a: Ferrothorn|atk|1
|switch|p1a: Slowking|Slowking, F|40/100
|
|-weather|Hail|[upkeep]
|-damage|p2a: Landorus|70/100|[from] Hail
|-damage|p1a: Slowking|33/100|[from] Hail
|upkeep
|turn|21
|
|t:|1629802650
|move|p2a: Landorus|U-turn|p1a: Slowking
|-supereffective|p1a: Slowking
|-damage|p1a: Slowking|0 fnt
|faint|p1a: Slowking
|
|t:|1629802655
|switch|p2a: Arctozolt|Arctozolt|100/100|[from]move: U-turn
|
|-weather|none
|upkeep
|
|t:|1629802660
|switch|p1a: Excadrill|Excadrill, M|100/100
|turn|22
|
|t:|1629802665
|switch|p2a: Landorus|Landorus-Therian, M|70/100
|-ability|p2a: Landorus|Intimidate|boost
|-unboost|p1a: Excadrill|atk|1
|move|p1a: Excadrill|Toxic|p2a: Landorus
|-status|p2a: Landorus|tox
|
|-damage|p2a: Landorus|64/100 tox|[from] psn
|upkeep
|turn|23
|
|t:|1629802672
|switch|p1a: Ferrothorn|Ferrothorn, M|70/100
|move|p2a: Landorus|Earthquake|p1a: Ferrothorn
|-damage|p1a: Ferrothorn|36/100
|
|-heal|p1a: Ferrothorn|42/100|[from] item: Leftovers
|-damage|p2a: Landorus|52/100 tox|[from] psn
|upkeep
|turn|24
|
|t:|1629802684
|switch|p2a: Vanilluxe|Vanilluxe, M|19/100
|-weather|Hail|[from] ability: Snow Warning|[of] p2a: Vanilluxe
|move|p1a: Ferrothorn|Leech Seed|p2a: Vanilluxe
|-start|p2a: Vanilluxe|move: Leech Seed
|
|-weather|Hail|[upkeep]
|-damage|p1a: Ferrothorn|36/100|[from] Hail
|-heal|p1a: Ferrothorn|42/100|[from] item: Leftovers
|-damage|p2a: Vanilluxe|7/100|[from] Leech Seed|[of] p1a: Ferrothorn
|-heal|p1a: Ferrothorn|52/100|[silent]
|upkeep
|turn|25
|
|t:|1629802701
|switch|p2a: Arctozolt|Arctozolt|100/100
|switch|p1a: Tyranitar|Tyranitar, F|78/100
|-weather|Sandstorm|[from] ability: Sand Stream|[of] p1a: Tyranitar
|
|-weather|Sandstorm|[upkeep]
|-damage|p2a: Arctozolt|94/100|[from] Sandstorm
|-heal|p1a: Tyranitar|84/100|[from] item: Leftovers
|upkeep
|turn|26
|inactive|lil tofa has 120 seconds left.
|
|t:|1629802728
|move|p2a: Arctozolt|Low Kick|p1a: Tyranitar
|-supereffective|p1a: Tyranitar
|-damage|p1a: Tyranitar|0 fnt
|faint|p1a: Tyranitar
|
|-weather|Sandstorm|[upkeep]
|-damage|p2a: Arctozolt|88/100|[from] Sandstorm
|upkeep
|
|t:|1629802731
|switch|p1a: Excadrill|Excadrill, M|100/100
|turn|27
|j| OU make me yawn♤
|l| OU make me yawn♤
|
|t:|1629802760
|switch|p2a: Ninetales|Ninetales-Alola, F|82/100
|-weather|Hail|[from] ability: Snow Warning|[of] p2a: Ninetales
|move|p1a: Excadrill|Rapid Spin|p2a: Ninetales
|-damage|p2a: Ninetales|63/100
|-boost|p1a: Excadrill|spe|1
|
|-weather|Hail|[upkeep]
|-damage|p1a: Excadrill|94/100|[from] Hail
|-heal|p1a: Excadrill|100/100|[from] item: Leftovers
|upkeep
|turn|28
|
|t:|1629802775
|move|p1a: Excadrill|Iron Head|p2a: Ninetales
|-supereffective|p2a: Ninetales
|-damage|p2a: Ninetales|0 fnt
|faint|p2a: Ninetales
|
|-weather|Hail|[upkeep]
|-damage|p1a: Excadrill|94/100|[from] Hail
|-heal|p1a: Excadrill|100/100|[from] item: Leftovers
|upkeep
|
|t:|1629802777
|switch|p2a: Landorus|Landorus-Therian, M|52/100 tox
|-ability|p2a: Landorus|Intimidate|boost
|-unboost|p1a: Excadrill|atk|1
|turn|29
|
|t:|1629802793
|switch|p1a: Ferrothorn|Ferrothorn, M|52/100
|move|p2a: Landorus|Earthquake|p1a: Ferrothorn
|-damage|p1a: Ferrothorn|18/100
|
|-weather|Hail|[upkeep]
|-damage|p2a: Landorus|46/100 tox|[from] Hail
|-damage|p1a: Ferrothorn|11/100|[from] Hail
|-heal|p1a: Ferrothorn|18/100|[from] item: Leftovers
|-damage|p2a: Landorus|40/100 tox|[from] psn
|upkeep
|turn|30
|
|t:|1629802803
|move|p2a: Landorus|Earthquake|p1a: Ferrothorn
|-damage|p1a: Ferrothorn|0 fnt
|faint|p1a: Ferrothorn
|
|-weather|Hail|[upkeep]
|-damage|p2a: Landorus|34/100 tox|[from] Hail
|-damage|p2a: Landorus|22/100 tox|[from] psn
|upkeep
|
|t:|1629802806
|switch|p1a: Excadrill|Excadrill, M|100/100
|turn|31
|
|t:|1629802817
|switch|p2a: Dragapult|Dragapult, M|100/100
|move|p1a: Excadrill|Iron Head|p2a: Dragapult
|-damage|p2a: Dragapult|41/100
|
|-weather|none
|-heal|p2a: Dragapult|47/100|[from] item: Leftovers
|upkeep
|turn|32
|
|t:|1629802826
|move|p2a: Dragapult|Phantom Force||[still]
|-prepare|p2a: Dragapult|Phantom Force
|move|p1a: Excadrill|Iron Head|p2a: Dragapult|[miss]
|-miss|p1a: Excadrill|p2a: Dragapult
|
|-heal|p2a: Dragapult|53/100|[from] item: Leftovers
|upkeep
|turn|33
|
|t:|1629802831
|move|p2a: Dragapult|Phantom Force|p1a: Excadrill|[from]lockedmove
|-damage|p1a: Excadrill|36/100
|move|p1a: Excadrill|Earthquake|p2a: Dragapult
|-damage|p2a: Dragapult|0 fnt
|faint|p2a: Dragapult
|
|-heal|p1a: Excadrill|42/100|[from] item: Leftovers
|upkeep
|
|t:|1629802841
|switch|p2a: Landorus|Landorus-Therian, M|22/100 tox
|-ability|p2a: Landorus|Intimidate|boost
|-unboost|p1a: Excadrill|atk|1
|turn|34
|
|t:|1629802847
|switch|p2a: Vanilluxe|Vanilluxe, M|7/100
|-weather|Hail|[from] ability: Snow Warning|[of] p2a: Vanilluxe
|move|p1a: Excadrill|Iron Head|p2a: Vanilluxe
|-supereffective|p2a: Vanilluxe
|-damage|p2a: Vanilluxe|0 fnt
|faint|p2a: Vanilluxe
|
|-weather|Hail|[upkeep]
|-damage|p1a: Excadrill|36/100|[from] Hail
|-heal|p1a: Excadrill|42/100|[from] item: Leftovers
|upkeep
|
|t:|1629802857
|switch|p2a: Arctozolt|Arctozolt|88/100
|turn|35
|
|t:|1629802861
|move|p2a: Arctozolt|Low Kick|p1a: Excadrill
|-supereffective|p1a: Excadrill
|-damage|p1a: Excadrill|0 fnt
|faint|p1a: Excadrill
|
|win|TheonReekGreyjoy
|raw|lil tofa's rating: 1567 &rarr; <strong>1557</strong><br />(-10 for losing)
|raw|TheonReekGreyjoy's rating: 1749 &rarr; <strong>1759</strong><br />(+10 for winning)
|c|☆lil tofa|gg
|l| Marquesa-10%
|c|☆TheonReekGreyjoy|gg
|l|☆lil tofa
