|j|☆minimax_ai
|j|☆Forwards
|t:|1662795152
|gametype|singles
|player|p1|minimax_ai|lusamine-nihilego|1554
|player|p2|Forwards|rollerskater|1520
|teamsize|p1|6
|teamsize|p2|6
|gen|8
|tier|[Gen 8] OU
|rated|
|rule|Sleep Clause Mod: Limit one foe put to sleep
|rule|Species Clause: Limit one of each Pokémon
|rule|OHKO Clause: OHKO moves are banned
|rule|Evasion Items Clause: Evasion items are banned
|rule|Evasion Moves Clause: Evasion moves are banned
|rule|Endless Battle Clause: Forcing endless battles is banned
|rule|HP Percentage Mod: HP is shown in percentages
|rule|Dynamax Clause: You cannot dynamax
|clearpoke
|poke|p1|Rotom-Wash|
|poke|p1|Weavile, M|
|poke|p1|Landorus-Therian, M|
|poke|p1|Heatran, M|
|poke|p1|Tangrowth, M|
|poke|p1|Melmetal|
|poke|p2|Weavile, F|
|poke|p2|Tapu Lele|
|poke|p2|Volcanion|
|poke|p2|Corviknight, F|
|poke|p2|Landorus-Therian, M|
|poke|p2|Tapu Bulu|
|teampreview
|c|☆minimax_ai|hf
|inactive|Battle timer is ON: inactive players will automatically lose when time's up. (requested by minimax_ai)
|c|☆Forwards|gl
|
|t:|1662795164
|start
|switch|p1a: rotomwash|Rotom-Wash|100/100
|switch|p2a: Weavile|Weavile, F|100/100
|turn|1
|
|t:|1662795170
|switch|p1a: Melmetal|Melmetal|100/100
|move|p2a: Weavile|Knock Off|p1a: Melmetal
|-damage|p1a: Melmetal|75/100
|-enditem|p1a: Melmetal|Assault Vest|[from] move: Knock Off|[of] p2a: Weavile
|
|upkeep
|turn|2
|
|t:|1662795176
|switch|p2a: Corviknight|Corviknight, F|100/100
|-ability|p2a: Corviknight|Pressure
|move|p1a: Melmetal|Thunder Punch|p2a: Corviknight
|-supereffective|p2a: Corviknight
|-damage|p2a: Corviknight|60/100
|-damage|p1a: Melmetal|58/100|[from] item: Rocky Helmet|[of] p2a: Corviknight
|
|upkeep
|turn|3
|
|t:|1662795182
|switch|p1a: rotomwash|Rotom-Wash|100/100
|move|p2a: Corviknight|Roost|p2a: Corviknight
|-heal|p2a: Corviknight|100/100
|-singleturn|p2a: Corviknight|move: Roost
|
|upkeep
|turn|4
|
|t:|1662795186
|switch|p2a: Landorus|Landorus-Therian, M|100/100
|-ability|p2a: Landorus|Intimidate|boost
|-unboost|p1a: rotomwash|atk|1
|move|p1a: rotomwash|Hydro Pump|p2a: Landorus
|-supereffective|p2a: Landorus
|-damage|p2a: Landorus|3/100
|
|-heal|p2a: Landorus|9/100|[from] item: Leftovers
|upkeep
|turn|5
|
|t:|1662795192
|move|p1a: rotomwash|Hydro Pump|p2a: Landorus|[miss]
|-miss|p1a: rotomwash|p2a: Landorus
|move|p2a: Landorus|Toxic|p1a: rotomwash
|-status|p1a: rotomwash|tox
|
|-heal|p2a: Landorus|15/100|[from] item: Leftovers
|-damage|p1a: rotomwash|94/100 tox|[from] psn
|upkeep
|turn|6
|
|t:|1662795195
|switch|p2a: Volcanion|Volcanion|100/100
|move|p1a: rotomwash|Hydro Pump|p2a: Volcanion
|-immune|p2a: Volcanion|[from] ability: Water Absorb
|
|-heal|p1a: rotomwash|100/100 tox|[from] item: Leftovers
|-damage|p1a: rotomwash|88/100 tox|[from] psn
|upkeep
|turn|7
|
|t:|1662795200
|switch|p2a: Landorus|Landorus-Therian, M|15/100
|-ability|p2a: Landorus|Intimidate|boost
|-unboost|p1a: rotomwash|atk|1
|move|p1a: rotomwash|Thunderbolt|p2a: Landorus
|-immune|p2a: Landorus
|
|-heal|p1a: rotomwash|94/100 tox|[from] item: Leftovers
|-heal|p2a: Landorus|21/100|[from] item: Leftovers
|-damage|p1a: rotomwash|75/100 tox|[from] psn
|upkeep
|turn|8
|
|t:|1662795207
|switch|p1a: Heatran|Heatran, M|100/100
|-item|p1a: Heatran|Air Balloon
|move|p2a: Landorus|U-turn|p1a: Heatran
|-resisted|p1a: Heatran
|-damage|p1a: Heatran|96/100
|-enditem|p1a: Heatran|Air Balloon
|
|t:|1662795211
|switch|p2a: Volcanion|Volcanion|100/100|[from]move: U-turn
|
|upkeep
|turn|9
|
|t:|1662795215
|switch|p1a: rotomwash|Rotom-Wash|75/100 tox
|move|p2a: Volcanion|Steam Eruption|p1a: rotomwash|[miss]
|-miss|p2a: Volcanion|p1a: rotomwash
|
|-heal|p1a: rotomwash|82/100 tox|[from] item: Leftovers
|-damage|p1a: rotomwash|75/100 tox|[from] psn
|upkeep
|turn|10
|
|t:|1662795218
|switch|p2a: Landorus|Landorus-Therian, M|21/100
|-ability|p2a: Landorus|Intimidate|boost
|-unboost|p1a: rotomwash|atk|1
|move|p1a: rotomwash|Thunderbolt|p2a: Landorus
|-immune|p2a: Landorus
|
|-heal|p1a: rotomwash|82/100 tox|[from] item: Leftovers
|-heal|p2a: Landorus|27/100|[from] item: Leftovers
|-damage|p1a: rotomwash|69/100 tox|[from] psn
|upkeep
|turn|11
|
|t:|1662795225
|move|p1a: rotomwash|Hydro Pump|p2a: Landorus
|-supereffective|p2a: Landorus
|-damage|p2a: Landorus|0 fnt
|faint|p2a: Landorus
|
|-heal|p1a: rotomwash|75/100 tox|[from] item: Leftovers
|-damage|p1a: rotomwash|57/100 tox|[from] psn
|upkeep
|
|t:|1662795227
|switch|p2a: Tapu Lele|Tapu Lele|100/100
|-fieldstart|move: Psychic Terrain|[from] ability: Psychic Surge|[of] p2a: Tapu Lele
|turn|12
|
|t:|1662795231
|switch|p1a: landorustherian|Landorus-Therian, M|100/100
|-ability|p1a: landorustherian|Intimidate|boost
|-unboost|p2a: Tapu Lele|atk|1
|move|p2a: Tapu Lele|Psychic|p1a: landorustherian
|-damage|p1a: landorustherian|27/100
|
|-heal|p1a: landorustherian|33/100|[from] item: Leftovers
|upkeep
|turn|13
|
|t:|1662795234
|switch|p2a: Weavile|Weavile, F|100/100
|switch|p1a: rotomwash|Rotom-Wash|57/100 tox
|
|-heal|p1a: rotomwash|63/100 tox|[from] item: Leftovers
|-damage|p1a: rotomwash|57/100 tox|[from] psn
|upkeep
|turn|14
|
|t:|1662795244
|switch|p2a: Tapu Bulu|Tapu Bulu|100/100
|-fieldstart|move: Grassy Terrain|[from] ability: Grassy Surge|[of] p2a: Tapu Bulu
|move|p1a: rotomwash|Thunderbolt|p2a: Tapu Bulu
|-resisted|p2a: Tapu Bulu
|-damage|p2a: Tapu Bulu|77/100
|
|-heal|p2a: Tapu Bulu|83/100|[from] Grassy Terrain
|-heal|p1a: rotomwash|63/100 tox|[from] item: Leftovers
|-damage|p1a: rotomwash|50/100 tox|[from] psn
|upkeep
|turn|15
|
|t:|1662795249
|switch|p1a: Tangrowth|Tangrowth, M|100/100
|move|p2a: Tapu Bulu|Swords Dance|p2a: Tapu Bulu
|-boost|p2a: Tapu Bulu|atk|2
|
|-heal|p2a: Tapu Bulu|89/100|[from] Grassy Terrain
|upkeep
|turn|16
|
|t:|1662795252
|move|p2a: Tapu Bulu|Close Combat|p1a: Tangrowth
|-damage|p1a: Tangrowth|42/100
|-unboost|p2a: Tapu Bulu|def|1
|-unboost|p2a: Tapu Bulu|spd|1
|-damage|p2a: Tapu Bulu|72/100|[from] item: Rocky Helmet|[of] p1a: Tangrowth
|-damage|p2a: Tapu Bulu|62/100|[from] item: Life Orb
|move|p1a: Tangrowth|Giga Drain|p2a: Tapu Bulu
|-resisted|p2a: Tapu Bulu
|-damage|p2a: Tapu Bulu|29/100
|-heal|p1a: Tangrowth|53/100|[from] drain|[of] p2a: Tapu Bulu
|
|-heal|p2a: Tapu Bulu|35/100|[from] Grassy Terrain
|-heal|p1a: Tangrowth|60/100|[from] Grassy Terrain
|upkeep
|turn|17
|
|t:|1662795259
|switch|p1a: landorustherian|Landorus-Therian, M|33/100
|-ability|p1a: landorustherian|Intimidate|boost
|-unboost|p2a: Tapu Bulu|atk|1
|move|p2a: Tapu Bulu|Close Combat|p1a: landorustherian
|-resisted|p1a: landorustherian
|-damage|p1a: landorustherian|0 fnt
|-unboost|p2a: Tapu Bulu|def|1
|-unboost|p2a: Tapu Bulu|spd|1
|faint|p1a: landorustherian
|-damage|p2a: Tapu Bulu|25/100|[from] item: Life Orb
|
|-heal|p2a: Tapu Bulu|31/100|[from] Grassy Terrain
|upkeep
|
|t:|1662795259
|switch|p1a: rotomwash|Rotom-Wash|50/100 tox
|turn|18
|
|t:|1662795261
|move|p2a: Tapu Bulu|Horn Leech|p1a: rotomwash
|-supereffective|p1a: rotomwash
|-damage|p1a: rotomwash|0 fnt
|-heal|p2a: Tapu Bulu|58/100|[from] drain|[of] p1a: rotomwash
|faint|p1a: rotomwash
|-damage|p2a: Tapu Bulu|48/100|[from] item: Life Orb
|
|-heal|p2a: Tapu Bulu|54/100|[from] Grassy Terrain
|-fieldend|move: Grassy Terrain
|upkeep
|
|t:|1662795261
|switch|p1a: Weavile|Weavile, M|100/100
|-ability|p1a: Weavile|Pressure
|turn|19
|
|t:|1662795264
|switch|p2a: Corviknight|Corviknight, F|100/100
|-ability|p2a: Corviknight|Pressure
|move|p1a: Weavile|Knock Off|p2a: Corviknight
|-damage|p2a: Corviknight|56/100
|-damage|p1a: Weavile|84/100|[from] item: Rocky Helmet|[of] p2a: Corviknight
|-enditem|p2a: Corviknight|Rocky Helmet|[from] move: Knock Off|[of] p1a: Weavile
|
|upkeep
|turn|20
|
|t:|1662795268
|switch|p1a: Heatran|Heatran, M|96/100
|move|p2a: Corviknight|Roost|p2a: Corviknight
|-heal|p2a: Corviknight|100/100
|-singleturn|p2a: Corviknight|move: Roost
|
|upkeep
|turn|21
|
|t:|1662795271
|switch|p2a: Volcanion|Volcanion|100/100
|move|p1a: Heatran|Eruption|p2a: Volcanion
|-resisted|p2a: Volcanion
|-damage|p2a: Volcanion|89/100
|
|upkeep
|turn|22
|
|t:|1662795277
|move|p1a: Heatran|Earth Power|p2a: Volcanion
|-supereffective|p2a: Volcanion
|-damage|p2a: Volcanion|50/100
|move|p2a: Volcanion|Steam Eruption|p1a: Heatran
|-supereffective|p1a: Heatran
|-damage|p1a: Heatran|0 fnt
|faint|p1a: Heatran
|
|upkeep
|
|t:|1662795277
|switch|p1a: Weavile|Weavile, M|84/100
|-ability|p1a: Weavile|Pressure
|turn|23
|
|t:|1662795282
|move|p1a: Weavile|Knock Off|p2a: Volcanion
|-damage|p2a: Volcanion|0 fnt
|-enditem|p2a: Volcanion|Assault Vest|[from] move: Knock Off|[of] p1a: Weavile
|faint|p2a: Volcanion
|
|upkeep
|
|t:|1662795296
|switch|p2a: Weavile|Weavile, F|100/100
|turn|24
|
|t:|1662795299
|move|p2a: Weavile|Low Kick|p1a: Weavile
|-supereffective|p1a: Weavile
|-damage|p1a: Weavile|0 fnt
|faint|p1a: Weavile
|
|upkeep
|
|t:|1662795299
|switch|p1a: Melmetal|Melmetal|58/100
|turn|25
|j| Kyurem
|
|t:|1662795304
|move|p2a: Weavile|Low Kick|p1a: Melmetal
|-supereffective|p1a: Melmetal
|-damage|p1a: Melmetal|17/100
|move|p1a: Melmetal|Double Iron Bash|p2a: Weavile
|-supereffective|p2a: Weavile
|-damage|p2a: Weavile|0 fnt
|faint|p2a: Weavile
|-hitcount|p2: Weavile|1
|
|upkeep
|
|t:|1662795307
|switch|p2a: Tapu Lele|Tapu Lele|100/100
|-fieldstart|move: Psychic Terrain|[from] ability: Psychic Surge|[of] p2a: Tapu Lele
|turn|26
|
|t:|1662795308
|move|p2a: Tapu Lele|Psychic|p1a: Melmetal
|-resisted|p1a: Melmetal
|-damage|p1a: Melmetal|0 fnt
|faint|p1a: Melmetal
|
|upkeep
|
|t:|1662795308
|switch|p1a: Tangrowth|Tangrowth, M|93/100
|turn|27
|
|t:|1662795314
|move|p2a: Tapu Lele|Psychic|p1a: Tangrowth
|-damage|p1a: Tangrowth|0 fnt
|faint|p1a: Tangrowth
|
|win|Forwards
|raw|minimax_ai's rating: 1554 &rarr; <strong>1532</strong><br />(-22 for losing)
|raw|Forwards's rating: 1520 &rarr; <strong>1542</strong><br />(+22 for winning)
|c|☆minimax_ai|gg
