|j|☆HOF69
|j|☆Jorgi Tomate
|inactive|Battle timer is ON: inactive players will automatically lose when time's up.
|t:|1665617350
|gametype|singles
|player|p1|HOF69|red|
|player|p2|Jorgi Tomate|hilda-wonderlauncher|
|teamsize|p1|6
|teamsize|p2|6
|gen|8
|tier|[Gen 8] OU
|rated|Tournament battle
|rule|Sleep Clause Mod: Limit one foe put to sleep
|rule|Species Clause: Limit one of each Pokémon
|rule|OHKO Clause: OHKO moves are banned
|rule|Evasion Items Clause: Evasion items are banned
|rule|Evasion Moves Clause: Evasion moves are banned
|rule|Endless Battle Clause: Forcing endless battles is banned
|rule|HP Percentage Mod: HP is shown in percentages
|rule|Dynamax Clause: You cannot dynamax
|clearpoke
|poke|p1|Blacephalon|
|poke|p1|Gengar, M|
|poke|p1|Landorus-Therian, M|
|poke|p1|Krookodile, M|
|poke|p1|Tapu Lele|
|poke|p1|Kartana|
|poke|p2|Victini|
|poke|p2|Chansey, F|
|poke|p2|Urshifu-*, F|
|poke|p2|Tapu Lele|
|poke|p2|Whimsicott, F|
|poke|p2|Garchomp, F|
|teampreview
|j| PkmnMasterEclipse
|j| blackberryschnapps
|
|t:|1665617368
|start
|switch|p1a: Kartana|Kartana|100/100
|switch|p2a: Urshifu|Urshifu-Rapid-Strike, F|100/100
|turn|1
|j| Melophetamine
|
|t:|1665617376
|switch|p1a: Krookodile|Krookodile, M|100/100
|-ability|p1a: Krookodile|Intimidate|boost
|-unboost|p2a: Urshifu|atk|1
|switch|p2a: Garchomp|Garchomp, F|100/100
|
|upkeep
|turn|2
|
|t:|1665617381
|move|p1a: Krookodile|Taunt|p2a: Garchomp
|-start|p2a: Garchomp|move: Taunt
|cant|p2a: Garchomp|move: Taunt|Toxic
|
|upkeep
|turn|3
|
|t:|1665617382
|move|p1a: Krookodile|Stealth Rock|p2a: Garchomp
|-sidestart|p2: Jorgi Tomate|move: Stealth Rock
|move|p2a: Garchomp|Earthquake|p1a: Krookodile
|-damage|p1a: Krookodile|51/100
|
|upkeep
|turn|4
|
|t:|1665617385
|move|p1a: Krookodile|Knock Off|p2a: Garchomp
|-damage|p2a: Garchomp|70/100
|-damage|p1a: Krookodile|38/100|[from] ability: Rough Skin|[of] p2a: Garchomp
|-damage|p1a: Krookodile|22/100|[from] item: Rocky Helmet|[of] p2a: Garchomp
|-enditem|p2a: Garchomp|Rocky Helmet|[from] move: Knock Off|[of] p1a: Krookodile
|move|p2a: Garchomp|Earthquake|p1a: Krookodile
|-damage|p1a: Krookodile|0 fnt
|faint|p1a: Krookodile
|
|-end|p2a: Garchomp|move: Taunt
|upkeep
|
|t:|1665617394
|switch|p1a: Tapu Lele|Tapu Lele|100/100
|-fieldstart|move: Psychic Terrain|[from] ability: Psychic Surge|[of] p1a: Tapu Lele
|turn|5
|
|t:|1665617400
|switch|p2a: Victini|Victini|100/100
|-damage|p2a: Victini|76/100|[from] Stealth Rock
|move|p1a: Tapu Lele|Moonblast|p2a: Victini
|-resisted|p2a: Victini
|-damage|p2a: Victini|53/100
|
|upkeep
|turn|6
|
|t:|1665617412
|move|p1a: Tapu Lele|Psyshock|p2a: Victini
|-resisted|p2a: Victini
|-damage|p2a: Victini|23/100
|move|p2a: Victini|V-create|p1a: Tapu Lele
|-damage|p1a: Tapu Lele|0 fnt
|-unboost|p2a: Victini|spe|1
|-unboost|p2a: Victini|def|1
|-unboost|p2a: Victini|spd|1
|faint|p1a: Tapu Lele
|
|upkeep
|
|t:|1665617429
|switch|p1a: Kartana|Kartana|100/100
|turn|7
|
|t:|1665617434
|switch|p2a: Garchomp|Garchomp, F|70/100
|-damage|p2a: Garchomp|63/100|[from] Stealth Rock
|move|p1a: Kartana|Knock Off|p2a: Garchomp
|-damage|p2a: Garchomp|45/100
|-activate|p2a: Garchomp|ability: Rough Skin
|-activate|p1a: Kartana|item: Protective Pads
|
|upkeep
|turn|8
|j| PoobleMaster945
|inactive|HOF69 has 120 seconds left.
|
|t:|1665617465
|switch|p1a: Blacephalon|Blacephalon|100/100
|move|p2a: Garchomp|Earthquake|p1a: Blacephalon
|-supereffective|p1a: Blacephalon
|-damage|p1a: Blacephalon|0 fnt
|faint|p1a: Blacephalon
|
|upkeep
|inactive|HOF69 has 120 seconds left.
|
|t:|1665617471
|switch|p1a: Gengar|Gengar, M, shiny|100/100
|turn|9
|
|t:|1665617473
|move|p1a: Gengar|Shadow Ball|p2a: Garchomp
|-damage|p2a: Garchomp|4/100
|move|p2a: Garchomp|Earthquake|p1a: Gengar
|-supereffective|p1a: Gengar
|-enditem|p1a: Gengar|Focus Sash
|-damage|p1a: Gengar|1/100
|
|-fieldend|move: Psychic Terrain
|upkeep
|turn|10
|
|t:|1665617479
|move|p1a: Gengar|Shadow Ball|p2a: Garchomp
|-damage|p2a: Garchomp|0 fnt
|faint|p2a: Garchomp
|
|upkeep
|
|t:|1665617491
|switch|p2a: Tapu Lele|Tapu Lele|100/100
|-damage|p2a: Tapu Lele|88/100|[from] Stealth Rock
|-fieldstart|move: Psychic Terrain|[from] ability: Psychic Surge|[of] p2a: Tapu Lele
|turn|11
|
|t:|1665617493
|move|p2a: Tapu Lele|Psychic|p1a: Gengar
|-supereffective|p1a: Gengar
|-damage|p1a: Gengar|0 fnt
|-start|p2a: Tapu Lele|Disable|Psychic|[from] ability: Cursed Body|[of] p1a: Gengar
|faint|p1a: Gengar
|
|upkeep
|
|t:|1665617496
|switch|p1a: Kartana|Kartana|100/100
|turn|12
|
|t:|1665617508
|switch|p2a: Urshifu|Urshifu-Rapid-Strike, F|100/100
|-damage|p2a: Urshifu|94/100|[from] Stealth Rock
|move|p1a: Kartana|Swords Dance|p1a: Kartana
|-boost|p1a: Kartana|atk|2
|
|upkeep
|turn|13
|
|t:|1665617514
|move|p1a: Kartana|Leaf Blade|p2a: Urshifu
|-supereffective|p2a: Urshifu
|-damage|p2a: Urshifu|0 fnt
|faint|p2a: Urshifu
|-ability|p1a: Kartana|Beast Boost|boost
|-boost|p1a: Kartana|atk|1
|
|upkeep
|
|t:|1665617528
|switch|p2a: Whimsicott|Whimsicott, F|100/100
|-damage|p2a: Whimsicott|88/100|[from] Stealth Rock
|turn|14
|
|t:|1665617531
|move|p2a: Whimsicott|Tailwind|p2a: Whimsicott
|-sidestart|p2: Jorgi Tomate|move: Tailwind
|move|p1a: Kartana|Leaf Blade|p2a: Whimsicott
|-resisted|p2a: Whimsicott
|-damage|p2a: Whimsicott|24/100
|-enditem|p2a: Whimsicott|Eject Button
|
|t:|1665617537
|switch|p2a: Tapu Lele|Tapu Lele|88/100
|-damage|p2a: Tapu Lele|76/100|[from] Stealth Rock
|
|upkeep
|turn|15
|
|t:|1665617549
|switch|p1a: Landorus|Landorus-Therian, M|100/100
|-ability|p1a: Landorus|Intimidate|boost
|-unboost|p2a: Tapu Lele|atk|1
|move|p2a: Tapu Lele|Focus Blast|p1a: Landorus|[miss]
|-miss|p2a: Tapu Lele|p1a: Landorus
|
|-fieldend|move: Psychic Terrain
|upkeep
|turn|16
|
|t:|1665617566
|switch|p2a: Chansey|Chansey, F|100/100
|-damage|p2a: Chansey|88/100|[from] Stealth Rock
|move|p1a: Landorus|Earthquake|p2a: Chansey
|-damage|p2a: Chansey|54/100
|
|upkeep
|turn|17
|
|t:|1665617570
|move|p1a: Landorus|U-turn|p2a: Chansey
|-damage|p2a: Chansey|38/100
|
|t:|1665617572
|switch|p1a: Kartana|Kartana|100/100|[from]move: U-turn
|move|p2a: Chansey|Soft-Boiled|p2a: Chansey
|-heal|p2a: Chansey|88/100
|
|-sideend|p2: Jorgi Tomate|move: Tailwind
|upkeep
|turn|18
|
|t:|1665617577
|move|p1a: Kartana|Sacred Sword|p2a: Chansey
|-supereffective|p2a: Chansey
|-crit|p2a: Chansey
|-damage|p2a: Chansey|9/100
|move|p2a: Chansey|Thunder Wave|p1a: Kartana
|-status|p1a: Kartana|par
|
|upkeep
|turn|19
|
|t:|1665617586
|move|p1a: Kartana|Knock Off|p2a: Chansey
|-damage|p2a: Chansey|0 fnt
|-enditem|p2a: Chansey|Eviolite|[from] move: Knock Off|[of] p1a: Kartana
|faint|p2a: Chansey
|-ability|p1a: Kartana|Beast Boost|boost
|-boost|p1a: Kartana|atk|1
|
|upkeep
|
|t:|1665617597
|switch|p2a: Whimsicott|Whimsicott, F|24/100
|-damage|p2a: Whimsicott|11/100|[from] Stealth Rock
|turn|20
|
|t:|1665617600
|move|p2a: Whimsicott|Defog|p1a: Kartana
|-unboost|p1a: Kartana|evasion|1
|-sideend|p2: Jorgi Tomate|Stealth Rock|[from] move: Defog|[of] p2a: Whimsicott
|move|p1a: Kartana|Leaf Blade|p2a: Whimsicott
|-resisted|p2a: Whimsicott
|-damage|p2a: Whimsicott|0 fnt
|faint|p2a: Whimsicott
|-ability|p1a: Kartana|Beast Boost|boost
|-boost|p1a: Kartana|atk|1
|
|upkeep
|
|t:|1665617605
|switch|p2a: Victini|Victini|23/100
|turn|21
|
|t:|1665617608
|move|p2a: Victini|V-create|p1a: Kartana
|-supereffective|p1a: Kartana
|-damage|p1a: Kartana|0 fnt
|-unboost|p2a: Victini|spe|1
|-unboost|p2a: Victini|def|1
|-unboost|p2a: Victini|spd|1
|faint|p1a: Kartana
|
|upkeep
|
|t:|1665617610
|switch|p1a: Landorus|Landorus-Therian, M|100/100
|-ability|p1a: Landorus|Intimidate|boost
|-unboost|p2a: Victini|atk|1
|turn|22
|
|t:|1665617615
|move|p1a: Landorus|Earthquake|p2a: Victini
|-supereffective|p2a: Victini
|-damage|p2a: Victini|0 fnt
|faint|p2a: Victini
|
|upkeep
|
|t:|1665617617
|switch|p2a: Tapu Lele|Tapu Lele|76/100
|-fieldstart|move: Psychic Terrain|[from] ability: Psychic Surge|[of] p2a: Tapu Lele
|turn|23
|inactive|HOF69 has 120 seconds left.
|
|t:|1665617648
|move|p2a: Tapu Lele|Psychic|p1a: Landorus
|-damage|p1a: Landorus|59/100
|move|p1a: Landorus|Earthquake|p2a: Tapu Lele
|-damage|p2a: Tapu Lele|0 fnt
|faint|p2a: Tapu Lele
|
|win|HOF69
|n|☆HOF69|hof69
|n|☆Jorgi Tomate|jorgitomate
|n| PkmnMasterEclipse|pkmnmastereclipse
|n| blackberryschnapps|blackberryschnapps
|n| Melophetamine|melophetamine
|n| PoobleMaster945|pooblemaster945
