|j|☆legitteambuilder
|j|☆Zaza BitchuLia
|inactive|Battle timer is ON: inactive players will automatically lose when time's up.
|t:|1645979599
|gametype|singles
|player|p1|legitteambuilder|benga|
|player|p2|Zaza BitchuLia|blaine|
|teamsize|p1|6
|teamsize|p2|6
|gen|8
|tier|[Gen 8] OU
|rated|Tournament battle
|rule|Sleep Clause Mod: Limit one foe put to sleep
|rule|Species Clause: Limit one of each Pokémon
|rule|OHKO Clause: OHKO moves are banned
|rule|Evasion Moves Clause: Evasion moves are banned
|rule|Endless Battle Clause: Forcing endless battles is banned
|rule|HP Percentage Mod: HP is shown in percentages
|rule|Dynamax Clause: You cannot dynamax
|clearpoke
|poke|p1|Nidoking, M|
|poke|p1|Weavile, F|
|poke|p1|Corviknight, M|
|poke|p1|Slowbro, M|
|poke|p1|Buzzwole|
|poke|p1|Heatran, F|
|poke|p2|Garchomp, M|
|poke|p2|Ferrothorn, M|
|poke|p2|Clefable, F|
|poke|p2|Rotom-Wash|
|poke|p2|Tornadus-Therian, M|
|poke|p2|Weavile, F|
|teampreview
|j| NoTollsNoRolls
|c|☆Zaza BitchuLia|hf
|c|☆legitteambuilder|gl
|j| ChaosDraco95
|j| Mogus Mogul
|j| peal3
|
|t:|1645979629
|start
|switch|p1a: Slowbro|Slowbro, M|100/100
|switch|p2a: Idea 4|Rotom-Wash|100/100
|turn|1
|
|t:|1645979634
|move|p2a: Idea 4|Thunder Wave|p1a: Slowbro
|-status|p1a: Slowbro|par
|move|p1a: Slowbro|Future Sight|p2a: Idea 4
|-start|p1a: Slowbro|move: Future Sight
|
|upkeep
|turn|2
|j| EyBliss
|j|+Pinkacross
|
|t:|1645979648
|move|p2a: Idea 4|Volt Switch|p1a: Slowbro
|-supereffective|p1a: Slowbro
|-damage|p1a: Slowbro|48/100 par
|inactive|Zaza BitchuLia has 120 seconds left.
|
|t:|1645979690
|switch|p2a: Idea 5|Tornadus-Therian, M|100/100|[from]move: Volt Switch
|cant|p1a: Slowbro|par
|
|upkeep
|turn|3
|j| Tryoutsbuyouts
|l| Tryoutsbuyouts
|
|t:|1645979708
|move|p2a: Idea 5|U-turn|p1a: Slowbro
|-supereffective|p1a: Slowbro
|-damage|p1a: Slowbro|30/100 par
|-damage|p2a: Idea 5|84/100|[from] item: Rocky Helmet|[of] p1a: Slowbro
|
|t:|1645979712
|switch|p2a: Idea 2|Ferrothorn, M|100/100|[from]move: U-turn
|move|p1a: Slowbro|Teleport|p1a: Slowbro
|
|t:|1645979717
|switch|p1a: Nidoking|Nidoking, M|100/100|[from]move: Teleport
|
|-end|p2a: Idea 2|move: Future Sight
|-resisted|p2a: Idea 2
|-damage|p2a: Idea 2|83/100
|-heal|p2a: Idea 2|89/100|[from] item: Leftovers
|upkeep
|turn|4
|j| Swagataka
|
|t:|1645979740
|move|p1a: Nidoking|Flamethrower|p2a: Idea 2
|-supereffective|p2a: Idea 2
|-damage|p2a: Idea 2|0 fnt
|faint|p2a: Idea 2
|
|upkeep
|
|t:|1645979745
|switch|p2a: Idea 4|Rotom-Wash|100/100
|turn|5
|inactive|legitteambuilder has 120 seconds left.
|
|t:|1645979778
|switch|p1a: Heatran|Heatran, F|100/100
|move|p2a: Idea 4|Hydro Pump|p1a: Heatran|[miss]
|-miss|p2a: Idea 4|p1a: Heatran
|
|upkeep
|turn|6
|
|t:|1645979781
|switch|p2a: Idea 1|Garchomp, M|100/100
|move|p1a: Heatran|Stealth Rock|p2a: Idea 1
|-sidestart|p2: Zaza BitchuLia|move: Stealth Rock
|
|upkeep
|turn|7
|
|t:|1645979784
|switch|p1a: Buzzwole|Buzzwole|100/100
|move|p2a: Idea 1|Stealth Rock|p1a: Buzzwole
|-sidestart|p1: legitteambuilder|move: Stealth Rock
|
|upkeep
|turn|8
|
|t:|1645979795
|switch|p2a: Idea 3|Clefable, F|100/100
|move|p1a: Buzzwole|Close Combat|p2a: Idea 3
|-resisted|p2a: Idea 3
|-damage|p2a: Idea 3|74/100
|-unboost|p1a: Buzzwole|def|1
|-unboost|p1a: Buzzwole|spd|1
|
|upkeep
|turn|9
|
|t:|1645979815
|switch|p1a: Nidoking|Nidoking, M|100/100
|-damage|p1a: Nidoking|95/100|[from] Stealth Rock
|move|p2a: Idea 3|Moonblast|p1a: Nidoking
|-resisted|p1a: Nidoking
|-damage|p1a: Nidoking|67/100
|-unboost|p1a: Nidoking|spa|1
|
|upkeep
|turn|10
|
|t:|1645979823
|switch|p2a: Idea 5|Tornadus-Therian, M|100/100
|move|p1a: Nidoking|Sludge Wave|p2a: Idea 5
|-damage|p2a: Idea 5|52/100
|
|upkeep
|turn|11
|
|t:|1645979829
|move|p2a: Idea 5|U-turn|p1a: Nidoking
|-resisted|p1a: Nidoking
|-damage|p1a: Nidoking|57/100
|
|t:|1645979830
|switch|p2a: Idea 4|Rotom-Wash|100/100|[from]move: U-turn
|-damage|p2a: Idea 4|88/100|[from] Stealth Rock
|move|p1a: Nidoking|Ice Beam|p2a: Idea 4
|-resisted|p2a: Idea 4
|-damage|p2a: Idea 4|76/100
|
|-heal|p2a: Idea 4|82/100|[from] item: Leftovers
|upkeep
|turn|12
|
|t:|1645979844
|switch|p1a: Slowbro|Slowbro, M|63/100 par
|-damage|p1a: Slowbro|51/100 par|[from] Stealth Rock
|move|p2a: Idea 4|Hydro Pump|p1a: Slowbro
|-resisted|p1a: Slowbro
|-damage|p1a: Slowbro|30/100 par
|
|-heal|p2a: Idea 4|88/100|[from] item: Leftovers
|upkeep
|turn|13
|
|t:|1645979847
|move|p2a: Idea 4|Volt Switch|p1a: Slowbro
|-supereffective|p1a: Slowbro
|-damage|p1a: Slowbro|0 fnt
|faint|p1a: Slowbro
|inactive|Zaza BitchuLia has 120 seconds left.
|inactive|Zaza BitchuLia has 90 seconds left.
|
|t:|1645979908
|switch|p2a: Idea 1|Garchomp, M|100/100|[from]move: Volt Switch
|-damage|p2a: Idea 1|94/100|[from] Stealth Rock
|
|-heal|p2a: Idea 1|100/100|[from] item: Leftovers
|upkeep
|
|t:|1645979916
|switch|p1a: Wunderkind|Weavile, F, shiny|100/100
|-damage|p1a: Wunderkind|76/100|[from] Stealth Rock
|-ability|p1a: Wunderkind|Pressure
|turn|14
|inactive|Zaza BitchuLia has 90 seconds left.
|
|t:|1645979934
|switch|p2a: Idea 6|Weavile, F|100/100
|-damage|p2a: Idea 6|76/100|[from] Stealth Rock
|-ability|p2a: Idea 6|Pressure
|move|p1a: Wunderkind|Knock Off|p2a: Idea 6
|-resisted|p2a: Idea 6
|-damage|p2a: Idea 6|9/100
|-enditem|p2a: Idea 6|Choice Band|[from] move: Knock Off|[of] p1a: Wunderkind
|
|upkeep
|turn|15
|
|t:|1645979944
|switch|p1a: Buzzwole|Buzzwole|100/100
|move|p2a: Idea 6|Icicle Crash|p1a: Buzzwole
|-damage|p1a: Buzzwole|75/100
|
|upkeep
|turn|16
|
|t:|1645979954
|switch|p2a: Idea 3|Clefable, F|74/100
|move|p1a: Buzzwole|Roost|p1a: Buzzwole
|-heal|p1a: Buzzwole|100/100
|-singleturn|p1a: Buzzwole|move: Roost
|
|upkeep
|turn|17
|
|t:|1645979957
|switch|p1a: Heatran|Heatran, F|100/100
|-damage|p1a: Heatran|88/100|[from] Stealth Rock
|move|p2a: Idea 3|Moonblast|p1a: Heatran
|-resisted|p1a: Heatran
|-damage|p1a: Heatran|82/100
|
|-heal|p1a: Heatran|88/100|[from] item: Leftovers
|upkeep
|turn|18
|
|t:|1645979961
|switch|p2a: Idea 1|Garchomp, M|100/100
|-damage|p2a: Idea 1|94/100|[from] Stealth Rock
|move|p1a: Heatran|Toxic|p2a: Idea 1
|-status|p2a: Idea 1|tox
|
|-heal|p2a: Idea 1|100/100 tox|[from] item: Leftovers
|-heal|p1a: Heatran|95/100|[from] item: Leftovers
|-damage|p2a: Idea 1|94/100 tox|[from] psn
|upkeep
|turn|19
|
|t:|1645979968
|switch|p1a: Corviknight|Corviknight, M|100/100
|-damage|p1a: Corviknight|88/100|[from] Stealth Rock
|-ability|p1a: Corviknight|Pressure
|move|p2a: Idea 1|Swords Dance|p2a: Idea 1
|-boost|p2a: Idea 1|atk|2
|
|-heal|p2a: Idea 1|100/100 tox|[from] item: Leftovers
|-heal|p1a: Corviknight|94/100|[from] item: Leftovers
|-damage|p2a: Idea 1|88/100 tox|[from] psn
|upkeep
|turn|20
|
|t:|1645979977
|switch|p2a: Idea 3|Clefable, F|74/100
|move|p1a: Corviknight|U-turn|p2a: Idea 3
|-resisted|p2a: Idea 3
|-crit|p2a: Idea 3
|-damage|p2a: Idea 3|65/100
|
|t:|1645979980
|switch|p1a: Nidoking|Nidoking, M|57/100|[from]move: U-turn
|-damage|p1a: Nidoking|51/100|[from] Stealth Rock
|
|upkeep
|turn|21
|
|t:|1645979984
|switch|p2a: Idea 1|Garchomp, M|88/100 tox
|-damage|p2a: Idea 1|82/100 tox|[from] Stealth Rock
|move|p1a: Nidoking|Sludge Wave|p2a: Idea 1
|-resisted|p2a: Idea 1
|-damage|p2a: Idea 1|44/100 tox
|
|-heal|p2a: Idea 1|50/100 tox|[from] item: Leftovers
|-damage|p2a: Idea 1|44/100 tox|[from] psn
|upkeep
|turn|22
|
|t:|1645980000
|switch|p2a: Idea 4|Rotom-Wash|88/100
|-damage|p2a: Idea 4|76/100|[from] Stealth Rock
|switch|p1a: Buzzwole|Buzzwole|100/100
|
|-heal|p2a: Idea 4|82/100|[from] item: Leftovers
|upkeep
|turn|23
|
|t:|1645980010
|move|p2a: Idea 4|Thunder Wave|p1a: Buzzwole
|-status|p1a: Buzzwole|par
|move|p1a: Buzzwole|Close Combat|p2a: Idea 4
|-damage|p2a: Idea 4|9/100
|-unboost|p1a: Buzzwole|def|1
|-unboost|p1a: Buzzwole|spd|1
|
|-heal|p2a: Idea 4|15/100|[from] item: Leftovers
|upkeep
|turn|24
|
|t:|1645980023
|switch|p1a: Heatran|Heatran, F|95/100
|-damage|p1a: Heatran|82/100|[from] Stealth Rock
|move|p2a: Idea 4|Pain Split|p1a: Heatran
|-sethp|p1a: Heatran|47/100|[from] move: Pain Split|[silent]
|-sethp|p2a: Idea 4|60/100|[from] move: Pain Split
|
|-heal|p2a: Idea 4|66/100|[from] item: Leftovers
|-heal|p1a: Heatran|53/100|[from] item: Leftovers
|upkeep
|turn|25
|
|t:|1645980033
|move|p2a: Idea 4|Hydro Pump|p1a: Heatran|[miss]
|-miss|p2a: Idea 4|p1a: Heatran
|move|p1a: Heatran|Toxic|p2a: Idea 4
|-status|p2a: Idea 4|tox
|
|-heal|p2a: Idea 4|71/100 tox|[from] item: Leftovers
|-heal|p1a: Heatran|60/100|[from] item: Leftovers
|-damage|p2a: Idea 4|66/100 tox|[from] psn
|upkeep
|turn|26
|c|☆legitteambuilder|sry
|
|t:|1645980039
|switch|p2a: Idea 1|Garchomp, M|44/100 tox
|-damage|p2a: Idea 1|38/100 tox|[from] Stealth Rock
|move|p1a: Heatran|Magma Storm|p2a: Idea 1
|-resisted|p2a: Idea 1
|-damage|p2a: Idea 1|16/100 tox
|-activate|p2a: Idea 1|move: Magma Storm|[of] p1a: Heatran
|
|-heal|p2a: Idea 1|22/100 tox|[from] item: Leftovers
|-heal|p1a: Heatran|66/100|[from] item: Leftovers
|-damage|p2a: Idea 1|16/100 tox|[from] psn
|-damage|p2a: Idea 1|4/100 tox|[from] move: Magma Storm|[partiallytrapped]
|upkeep
|turn|27
|
|t:|1645980051
|switch|p1a: Corviknight|Corviknight, M|94/100
|-damage|p1a: Corviknight|82/100|[from] Stealth Rock
|-ability|p1a: Corviknight|Pressure
|move|p2a: Idea 1|Earthquake|p1a: Corviknight
|-immune|p1a: Corviknight
|
|-heal|p2a: Idea 1|10/100 tox|[from] item: Leftovers
|-heal|p1a: Corviknight|88/100|[from] item: Leftovers
|-damage|p2a: Idea 1|0 fnt|[from] psn
|faint|p2a: Idea 1
|upkeep
|
|t:|1645980053
|switch|p2a: Idea 3|Clefable, F|65/100
|turn|28
|
|t:|1645980058
|move|p2a: Idea 3|Soft-Boiled|p2a: Idea 3
|-heal|p2a: Idea 3|100/100
|move|p1a: Corviknight|U-turn|p2a: Idea 3
|-resisted|p2a: Idea 3
|-crit|p2a: Idea 3
|-damage|p2a: Idea 3|91/100
|
|t:|1645980061
|switch|p1a: Heatran|Heatran, F|66/100|[from]move: U-turn
|-damage|p1a: Heatran|53/100|[from] Stealth Rock
|
|-heal|p1a: Heatran|60/100|[from] item: Leftovers
|upkeep
|turn|29
|
|t:|1645980068
|switch|p1a: Nidoking|Nidoking, M|51/100
|-damage|p1a: Nidoking|45/100|[from] Stealth Rock
|move|p2a: Idea 3|Calm Mind|p2a: Idea 3
|-boost|p2a: Idea 3|spa|1
|-boost|p2a: Idea 3|spd|1
|
|upkeep
|turn|30
|
|t:|1645980072
|switch|p2a: Idea 5|Tornadus-Therian, M|85/100
|move|p1a: Nidoking|Sludge Wave|p2a: Idea 5
|-damage|p2a: Idea 5|19/100
|
|upkeep
|turn|31
|
|t:|1645980080
|switch|p1a: Corviknight|Corviknight, M|88/100
|-damage|p1a: Corviknight|75/100|[from] Stealth Rock
|-ability|p1a: Corviknight|Pressure
|move|p2a: Idea 5|U-turn|p1a: Corviknight
|-resisted|p1a: Corviknight
|-damage|p1a: Corviknight|72/100
|
|t:|1645980085
|switch|p2a: Idea 3|Clefable, F|91/100|[from]move: U-turn
|
|-heal|p1a: Corviknight|79/100|[from] item: Leftovers
|upkeep
|turn|32
|
|t:|1645980096
|move|p2a: Idea 3|Thunder|p1a: Corviknight
|-supereffective|p1a: Corviknight
|-damage|p1a: Corviknight|39/100
|move|p1a: Corviknight|U-turn|p2a: Idea 3
|-resisted|p2a: Idea 3
|-damage|p2a: Idea 3|85/100
|
|t:|1645980100
|switch|p1a: Nidoking|Nidoking, M|45/100|[from]move: U-turn
|-damage|p1a: Nidoking|39/100|[from] Stealth Rock
|
|upkeep
|turn|33
|
|t:|1645980105
|switch|p2a: Idea 6|Weavile, F|9/100
|-damage|p2a: Idea 6|0 fnt|[from] Stealth Rock
|faint|p2a: Idea 6
|move|p1a: Nidoking|Sludge Wave|p2: Idea 6|[notarget]
|-fail|p1a: Nidoking
|
|upkeep
|
|t:|1645980107
|switch|p2a: Idea 5|Tornadus-Therian, M|52/100
|turn|34
|
|t:|1645980114
|switch|p1a: Heatran|Heatran, F|60/100
|-damage|p1a: Heatran|47/100|[from] Stealth Rock
|move|p2a: Idea 5|U-turn|p1a: Heatran
|-resisted|p1a: Heatran
|-damage|p1a: Heatran|44/100
|
|t:|1645980116
|switch|p2a: Idea 3|Clefable, F|85/100|[from]move: U-turn
|
|-heal|p1a: Heatran|50/100|[from] item: Leftovers
|upkeep
|turn|35
|
|t:|1645980120
|switch|p1a: Nidoking|Nidoking, M|39/100
|-damage|p1a: Nidoking|34/100|[from] Stealth Rock
|move|p2a: Idea 3|Calm Mind|p2a: Idea 3
|-boost|p2a: Idea 3|spa|1
|-boost|p2a: Idea 3|spd|1
|
|upkeep
|turn|36
|
|t:|1645980125
|switch|p2a: Idea 5|Tornadus-Therian, M|86/100
|move|p1a: Nidoking|Sludge Wave|p2a: Idea 5
|-damage|p2a: Idea 5|13/100
|
|upkeep
|turn|37
|
|t:|1645980139
|switch|p1a: Corviknight|Corviknight, M|39/100
|-damage|p1a: Corviknight|26/100|[from] Stealth Rock
|-ability|p1a: Corviknight|Pressure
|move|p2a: Idea 5|U-turn|p1a: Corviknight
|-resisted|p1a: Corviknight
|-damage|p1a: Corviknight|24/100
|
|t:|1645980162
|switch|p2a: Idea 3|Clefable, F|85/100|[from]move: U-turn
|
|-heal|p1a: Corviknight|30/100|[from] item: Leftovers
|upkeep
|turn|38
|
|t:|1645980169
|move|p2a: Idea 3|Thunder|p1a: Corviknight|[miss]
|-miss|p2a: Idea 3|p1a: Corviknight
|move|p1a: Corviknight|Brave Bird|p2a: Idea 3
|-damage|p2a: Idea 3|57/100
|-damage|p1a: Corviknight|21/100|[from] Recoil
|
|-heal|p1a: Corviknight|27/100|[from] item: Leftovers
|upkeep
|turn|39
|
|t:|1645980175
|move|p2a: Idea 3|Soft-Boiled|p2a: Idea 3
|-heal|p2a: Idea 3|100/100
|move|p1a: Corviknight|U-turn|p2a: Idea 3
|-resisted|p2a: Idea 3
|-damage|p2a: Idea 3|94/100
|
|t:|1645980178
|switch|p1a: Nidoking|Nidoking, M|34/100|[from]move: U-turn
|-damage|p1a: Nidoking|28/100|[from] Stealth Rock
|
|upkeep
|turn|40
|
|t:|1645980181
|switch|p2a: Idea 4|Rotom-Wash|66/100 tox
|-damage|p2a: Idea 4|53/100 tox|[from] Stealth Rock
|move|p1a: Nidoking|Sludge Wave|p2a: Idea 4
|-damage|p2a: Idea 4|0 fnt
|faint|p2a: Idea 4
|
|upkeep
|
|t:|1645980183
|switch|p2a: Idea 5|Tornadus-Therian, M|46/100
|turn|41
|
|t:|1645980191
|switch|p1a: Corviknight|Corviknight, M|27/100
|-damage|p1a: Corviknight|15/100|[from] Stealth Rock
|-ability|p1a: Corviknight|Pressure
|move|p2a: Idea 5|Hurricane|p1a: Corviknight|[miss]
|-miss|p2a: Idea 5|p1a: Corviknight
|
|-heal|p1a: Corviknight|21/100|[from] item: Leftovers
|upkeep
|turn|42
|
|t:|1645980194
|move|p2a: Idea 5|Hurricane|p1a: Corviknight|[miss]
|-miss|p2a: Idea 5|p1a: Corviknight
|move|p1a: Corviknight|Brave Bird|p2a: Idea 5
|-damage|p2a: Idea 5|5/100
|-damage|p1a: Corviknight|9/100|[from] Recoil
|
|-heal|p1a: Corviknight|15/100|[from] item: Leftovers
|upkeep
|turn|43
|
|t:|1645980197
|move|p2a: Idea 5|Hurricane|p1a: Corviknight
|-resisted|p1a: Corviknight
|-damage|p1a: Corviknight|2/100
|move|p1a: Corviknight|Brave Bird|p2a: Idea 5
|-damage|p2a: Idea 5|0 fnt
|faint|p2a: Idea 5
|-damage|p1a: Corviknight|0 fnt|[from] Recoil
|faint|p1a: Corviknight
|
|upkeep
|
|t:|1645980204
|switch|p2a: Idea 3|Clefable, F|94/100
|switch|p1a: Nidoking|Nidoking, M|28/100
|-damage|p1a: Nidoking|22/100|[from] Stealth Rock
|turn|44
|
|t:|1645980205
|move|p1a: Nidoking|Sludge Wave|p2a: Idea 3
|-supereffective|p2a: Idea 3
|-damage|p2a: Idea 3|0 fnt
|faint|p2a: Idea 3
|
|win|legitteambuilder
|n|☆legitteambuilder|legitteambuilder
|n|☆Zaza BitchuLia|zazabitchulia
|n| NoTollsNoRolls|notollsnorolls
|n| ChaosDraco95|chaosdraco95
|n| Mogus Mogul|mogusmogul
|n| peal3|peal3
|n| EyBliss|eybliss
|n| Pinkacross|pinkacross
|n| Swagataka|swagataka
