|j|☆cute pink team
|j|☆JudicaelmangaVIDEO
|t:|1658225573
|gametype|singles
|player|p1|cute pink team|youngster|1750
|player|p2|JudicaelmangaVIDEO|steven|1878
|teamsize|p1|6
|teamsize|p2|6
|gen|8
|tier|[Gen 8] OU
|rated|
|rule|Sleep Clause Mod: Limit one foe put to sleep
|rule|Species Clause: Limit one of each Pokémon
|rule|OHKO Clause: OHKO moves are banned
|rule|Evasion Moves Clause: Evasion moves are banned
|rule|Endless Battle Clause: Forcing endless battles is banned
|rule|HP Percentage Mod: HP is shown in percentages
|rule|Dynamax Clause: You cannot dynamax
|clearpoke
|poke|p1|Ditto|
|poke|p1|Mamoswine, F|
|poke|p1|Tapu Lele|
|poke|p1|Corviknight, F|
|poke|p1|Tapu Fini|
|poke|p1|Zapdos|
|poke|p2|Dragapult, F|
|poke|p2|Kartana|
|poke|p2|Blissey, F|
|poke|p2|Tapu Fini|
|poke|p2|Landorus-Therian, M|
|poke|p2|Melmetal|
|teampreview
|inactive|Battle timer is ON: inactive players will automatically lose when time's up. (requested by JudicaelmangaVIDEO)
|
|t:|1658225598
|start
|switch|p1a: Tapu Fini|Tapu Fini|100/100
|switch|p2a: Kartana|Kartana|100/100
|-fieldstart|move: Misty Terrain|[from] ability: Misty Surge|[of] p1a: Tapu Fini
|turn|1
|
|t:|1658225608
|move|p2a: Kartana|Knock Off|p1a: Tapu Fini
|-resisted|p1a: Tapu Fini
|-damage|p1a: Tapu Fini|71/100
|-enditem|p1a: Tapu Fini|Sticky Barb|[from] move: Knock Off|[of] p2a: Kartana
|move|p1a: Tapu Fini|Whirlpool|p2a: Kartana
|-resisted|p2a: Kartana
|-damage|p2a: Kartana|83/100
|-activate|p2a: Kartana|move: Whirlpool|[of] p1a: Tapu Fini
|
|-damage|p2a: Kartana|70/100|[from] move: Whirlpool|[partiallytrapped]
|upkeep
|turn|2
|
|t:|1658225614
|move|p2a: Kartana|Knock Off|p1a: Tapu Fini
|-resisted|p1a: Tapu Fini
|-damage|p1a: Tapu Fini|52/100
|move|p1a: Tapu Fini|Nature's Madness|p2a: Kartana
|-damage|p2a: Kartana|35/100
|
|-damage|p2a: Kartana|23/100|[from] move: Whirlpool|[partiallytrapped]
|upkeep
|turn|3
|
|t:|1658225617
|move|p2a: Kartana|Knock Off|p1a: Tapu Fini
|-resisted|p1a: Tapu Fini
|-damage|p1a: Tapu Fini|33/100
|move|p1a: Tapu Fini|Whirlpool|p2a: Kartana
|-resisted|p2a: Kartana
|-damage|p2a: Kartana|5/100
|
|-damage|p2a: Kartana|0 fnt|[from] move: Whirlpool|[partiallytrapped]
|faint|p2a: Kartana
|upkeep
|
|t:|1658225621
|switch|p2a: Dragapult|Dragapult, F|100/100
|turn|4
|
|t:|1658225629
|switch|p1a: Corviknight|Corviknight, F|100/100
|-ability|p1a: Corviknight|Pressure
|move|p2a: Dragapult|Shadow Ball|p1a: Corviknight
|-damage|p1a: Corviknight|65/100
|-unboost|p1a: Corviknight|spd|1
|
|-heal|p1a: Corviknight|71/100|[from] item: Leftovers
|upkeep
|turn|5
|
|t:|1658225631
|move|p2a: Dragapult|Shadow Ball|p1a: Corviknight
|-damage|p1a: Corviknight|21/100
|move|p1a: Corviknight|Roost|p1a: Corviknight
|-heal|p1a: Corviknight|71/100
|-singleturn|p1a: Corviknight|move: Roost
|
|-heal|p1a: Corviknight|77/100|[from] item: Leftovers
|-fieldend|Misty Terrain
|upkeep
|turn|6
|
|t:|1658225637
|move|p2a: Dragapult|Shadow Ball|p1a: Corviknight
|-damage|p1a: Corviknight|24/100
|move|p1a: Corviknight|Roost|p1a: Corviknight
|-heal|p1a: Corviknight|74/100
|-singleturn|p1a: Corviknight|move: Roost
|
|-heal|p1a: Corviknight|80/100|[from] item: Leftovers
|upkeep
|turn|7
|j| amimec
|
|t:|1658225641
|move|p2a: Dragapult|Shadow Ball|p1a: Corviknight
|-crit|p1a: Corviknight
|-damage|p1a: Corviknight|6/100
|move|p1a: Corviknight|Roost|p1a: Corviknight
|-heal|p1a: Corviknight|57/100
|-singleturn|p1a: Corviknight|move: Roost
|
|-heal|p1a: Corviknight|63/100|[from] item: Leftovers
|upkeep
|turn|8
|
|t:|1658225644
|move|p2a: Dragapult|Shadow Ball|p1a: Corviknight
|-damage|p1a: Corviknight|6/100
|move|p1a: Corviknight|Roost|p1a: Corviknight
|-heal|p1a: Corviknight|56/100
|-singleturn|p1a: Corviknight|move: Roost
|
|-heal|p1a: Corviknight|62/100|[from] item: Leftovers
|upkeep
|turn|9
|
|t:|1658225658
|move|p2a: Dragapult|Shadow Ball|p1a: Corviknight
|-damage|p1a: Corviknight|12/100
|-unboost|p1a: Corviknight|spd|1
|move|p1a: Corviknight|Roost|p1a: Corviknight
|-heal|p1a: Corviknight|62/100
|-singleturn|p1a: Corviknight|move: Roost
|
|-heal|p1a: Corviknight|68/100|[from] item: Leftovers
|upkeep
|turn|10
|
|t:|1658225666
|switch|p1a: Mamoswine|Mamoswine, F|100/100
|move|p2a: Dragapult|Shadow Ball|p1a: Mamoswine
|-damage|p1a: Mamoswine|68/100
|-unboost|p1a: Mamoswine|spd|1
|
|upkeep
|turn|11
|
|t:|1658225678
|move|p2a: Dragapult|Shadow Ball|p1a: Mamoswine
|-damage|p1a: Mamoswine|15/100
|-unboost|p1a: Mamoswine|spd|1
|move|p1a: Mamoswine|Knock Off|p2a: Dragapult
|-supereffective|p2a: Dragapult
|-damage|p2a: Dragapult|0 fnt
|-enditem|p2a: Dragapult|Choice Specs|[from] move: Knock Off|[of] p1a: Mamoswine
|faint|p2a: Dragapult
|
|upkeep
|
|t:|1658225685
|switch|p2a: Tapu Fini|Tapu Fini|100/100
|-fieldstart|move: Misty Terrain|[from] ability: Misty Surge|[of] p2a: Tapu Fini
|turn|12
|
|t:|1658225691
|switch|p1a: Tapu Fini|Tapu Fini|33/100
|move|p2a: Tapu Fini|Draining Kiss|p1a: Tapu Fini
|-damage|p1a: Tapu Fini|20/100
|
|upkeep
|turn|13
|
|t:|1658225695
|move|p2a: Tapu Fini|Calm Mind|p2a: Tapu Fini
|-boost|p2a: Tapu Fini|spa|1
|-boost|p2a: Tapu Fini|spd|1
|move|p1a: Tapu Fini|Trick|p2a: Tapu Fini
|-activate|p1a: Tapu Fini|move: Trick|[of] p2a: Tapu Fini
|-enditem|p2a: Tapu Fini|Leftovers|[silent]|[from] move: Trick
|-item|p1a: Tapu Fini|Leftovers|[from] move: Trick
|
|-heal|p1a: Tapu Fini|26/100|[from] item: Leftovers
|upkeep
|turn|14
|
|t:|1658225701
|move|p1a: Tapu Fini|Nature's Madness|p2a: Tapu Fini
|-damage|p2a: Tapu Fini|50/100
|move|p2a: Tapu Fini|Draining Kiss|p1a: Tapu Fini
|-damage|p1a: Tapu Fini|6/100
|-heal|p2a: Tapu Fini|65/100|[from] drain|[of] p1a: Tapu Fini
|
|-heal|p1a: Tapu Fini|12/100|[from] item: Leftovers
|upkeep
|turn|15
|
|t:|1658225704
|move|p2a: Tapu Fini|Draining Kiss|p1a: Tapu Fini
|-damage|p1a: Tapu Fini|0 fnt
|-heal|p2a: Tapu Fini|74/100|[from] drain|[of] p1a: Tapu Fini
|faint|p1a: Tapu Fini
|
|upkeep
|
|t:|1658225706
|switch|p1a: Zapdos|Zapdos|100/100
|turn|16
|
|t:|1658225708
|move|p1a: Zapdos|Thunderbolt|p2a: Tapu Fini
|-supereffective|p2a: Tapu Fini
|-damage|p2a: Tapu Fini|0 fnt
|faint|p2a: Tapu Fini
|
|-fieldend|Misty Terrain
|upkeep
|
|t:|1658225711
|switch|p2a: Landorus|Landorus-Therian, M|100/100
|-ability|p2a: Landorus|Intimidate|boost
|-unboost|p1a: Zapdos|atk|1
|turn|17
|
|t:|1658225715
|switch|p1a: Ditto|Ditto|100/100
|-transform|p1a: Ditto|p2a: Landorus|[from] ability: Imposter
|-ability|p1a: Ditto|Intimidate|boost
|-unboost|p2a: Landorus|atk|1
|move|p2a: Landorus|U-turn|p1a: Ditto
|-resisted|p1a: Ditto
|-damage|p1a: Ditto|89/100
|
|t:|1658225718
|switch|p2a: Blissey|Blissey, F|100/100|[from]move: U-turn
|
|upkeep
|turn|18
|
|t:|1658225725
|move|p1a: Ditto|Earthquake|p2a: Blissey
|-damage|p2a: Blissey|51/100
|move|p2a: Blissey|Stealth Rock|p1a: Ditto
|-sidestart|p1: cute pink team|move: Stealth Rock
|
|-heal|p2a: Blissey|57/100|[from] item: Leftovers
|upkeep
|turn|19
|
|t:|1658225731
|switch|p1a: Tapu Lele|Tapu Lele|100/100
|-damage|p1a: Tapu Lele|88/100|[from] Stealth Rock
|-fieldstart|move: Psychic Terrain|[from] ability: Psychic Surge|[of] p1a: Tapu Lele
|switch|p2a: Landorus|Landorus-Therian, M|100/100
|-ability|p2a: Landorus|Intimidate|boost
|-unboost|p1a: Tapu Lele|atk|1
|
|upkeep
|turn|20
|
|t:|1658225733
|move|p1a: Tapu Lele|Psychic|p2a: Landorus
|-damage|p2a: Landorus|0 fnt
|faint|p2a: Landorus
|
|upkeep
|-message|JudicaelmangaVIDEO forfeited.
|
|win|cute pink team
|raw|cute pink team's rating: 1750 &rarr; <strong>1777</strong><br />(+27 for winning)
|raw|JudicaelmangaVIDEO's rating: 1878 &rarr; <strong>1851</strong><br />(-27 for losing)
