|j|☆Delibird Heart
|j|☆Magikarp Soup
|t:|1667920682
|gametype|singles
|player|p1|Delibird Heart|guitarist-gen4|
|player|p2|Magikarp Soup|hiker-gen4|
|teamsize|p1|6
|teamsize|p2|6
|gen|8
|tier|[Gen 8] OU
|rule|Sleep Clause Mod: Limit one foe put to sleep
|rule|Species Clause: Limit one of each Pokémon
|rule|OHKO Clause: OHKO moves are banned
|rule|Evasion Items Clause: Evasion items are banned
|rule|Evasion Moves Clause: Evasion moves are banned
|rule|Endless Battle Clause: Forcing endless battles is banned
|rule|HP Percentage Mod: HP is shown in percentages
|rule|Dynamax Clause: You cannot dynamax
|clearpoke
|poke|p1|Slowbro-Galar, M|
|poke|p1|Togekiss, F|
|poke|p1|Jirachi|
|poke|p1|Corviknight, M|
|poke|p1|Sandaconda, M|
|poke|p1|Melmetal|
|poke|p2|Hippowdon, M|
|poke|p2|Excadrill, M|
|poke|p2|Tyranitar, F|
|poke|p2|Dracozolt|
|poke|p2|Toxapex, M|
|poke|p2|Tornadus-Therian, M|
|teampreview
|inactive|Battle timer is ON: inactive players will automatically lose when time's up. (requested by Delibird Heart)
|c|☆Magikarp Soup|Im rolling up with the offensive sand
|c|☆Magikarp Soup|Glhf
|
|t:|1667920698
|start
|switch|p1a: Mr. Sandman|Sandaconda, M|100/100
|switch|p2a: Tyranitar|Tyranitar, F|100/100
|-weather|Sandstorm|[from] ability: Sand Stream|[of] p2a: Tyranitar
|turn|1
|c|☆Delibird Heart|u shouldnt say gl to be
|
|t:|1667920704
|move|p2a: Tyranitar|Ice Punch|p1a: Mr. Sandman
|-supereffective|p1a: Mr. Sandman
|-damage|p1a: Mr. Sandman|26/100
|move|p1a: Mr. Sandman|Glare|p2a: Tyranitar
|-status|p2a: Tyranitar|par
|
|-weather|Sandstorm|[upkeep]
|-heal|p1a: Mr. Sandman|32/100|[from] item: Leftovers
|upkeep
|turn|2
|
|t:|1667920716
|move|p1a: Mr. Sandman|Rest|p1a: Mr. Sandman
|-status|p1a: Mr. Sandman|slp|[from] move: Rest
|-heal|p1a: Mr. Sandman|100/100 slp|[silent]
|move|p2a: Tyranitar|Ice Punch|p1a: Mr. Sandman
|-supereffective|p1a: Mr. Sandman
|-damage|p1a: Mr. Sandman|27/100 slp
|
|-weather|Sandstorm|[upkeep]
|-heal|p1a: Mr. Sandman|33/100 slp|[from] item: Leftovers
|upkeep
|turn|3
|j| sufys12
|
|t:|1667920729
|cant|p1a: Mr. Sandman|slp
|move|p2a: Tyranitar|Ice Punch|p1a: Mr. Sandman
|-supereffective|p1a: Mr. Sandman
|-damage|p1a: Mr. Sandman|0 fnt
|faint|p1a: Mr. Sandman
|
|-weather|Sandstorm|[upkeep]
|upkeep
|
|t:|1667920737
|switch|p1a: Polaris|Jirachi|100/100
|turn|4
|c|☆Magikarp Soup|I am so skilled for para not to prov
|c|☆Delibird Heart|real
|c|☆Magikarp Soup|Proc
|
|t:|1667920748
|switch|p2a: Dracozolt|Dracozolt|100/100
|move|p1a: Polaris|Iron Head|p2a: Dracozolt
|-resisted|p2a: Dracozolt
|-damage|p2a: Dracozolt|78/100
|
|-weather|Sandstorm|[upkeep]
|upkeep
|turn|5
|c|☆Delibird Heart|1st skill test passed
|c|☆Magikarp Soup|Thunderwave this one i dare u
|
|t:|1667920766
|switch|p1a: Bolt Beef|Melmetal|100/100
|move|p2a: Dracozolt|Bolt Beak|p1a: Bolt Beef
|-damage|p1a: Bolt Beef|50/100
|-damage|p2a: Dracozolt|68/100|[from] item: Life Orb
|
|-weather|none
|upkeep
|turn|6
|c| sufys12|50
|c|☆Magikarp Soup|Holy shitshat
|c|☆Magikarp Soup|Never saw melm take 50 f4om neutral before
|inactive|Magikarp Soup has 270 seconds left.
|
|t:|1667920793
|switch|p2a: Toxapex|Toxapex, M|100/100
|move|p1a: Bolt Beef|Earthquake|p2a: Toxapex
|-supereffective|p2a: Toxapex
|-damage|p2a: Toxapex|55/100
|-enditem|p2a: Toxapex|Eject Button
|inactive|Magikarp Soup has 270 seconds left.
|
|t:|1667920802
|switch|p2a: Tornadus|Tornadus-Therian, M|100/100
|
|upkeep
|turn|7
|
|t:|1667920808
|switch|p1a: Dove|Togekiss, F|100/100
|move|p2a: Tornadus|Heat Wave|p1a: Dove
|-damage|p1a: Dove|70/100
|
|-heal|p1a: Dove|76/100|[from] item: Leftovers
|upkeep
|turn|8
|
|t:|1667920825
|switch|p2a: Tyranitar|Tyranitar, F|100/100 par
|-weather|Sandstorm|[from] ability: Sand Stream|[of] p2a: Tyranitar
|move|p1a: Dove|Substitute|p1a: Dove
|-start|p1a: Dove|Substitute
|-damage|p1a: Dove|51/100
|
|-weather|Sandstorm|[upkeep]
|-damage|p1a: Dove|45/100|[from] Sandstorm
|-heal|p1a: Dove|51/100|[from] item: Leftovers
|upkeep
|turn|9
|
|t:|1667920831
|move|p1a: Dove|Air Slash|p2a: Tyranitar
|-resisted|p2a: Tyranitar
|-damage|p2a: Tyranitar|88/100 par
|cant|p2a: Tyranitar|flinch
|
|-weather|Sandstorm|[upkeep]
|-damage|p1a: Dove|45/100|[from] Sandstorm
|-heal|p1a: Dove|51/100|[from] item: Leftovers
|upkeep
|turn|10
|
|t:|1667920835
|move|p1a: Dove|Air Slash|p2a: Tyranitar
|-resisted|p2a: Tyranitar
|-damage|p2a: Tyranitar|75/100 par
|cant|p2a: Tyranitar|flinch
|
|-weather|Sandstorm|[upkeep]
|-damage|p1a: Dove|45/100|[from] Sandstorm
|-heal|p1a: Dove|51/100|[from] item: Leftovers
|upkeep
|turn|11
|c|☆Magikarp Soup|The horror
|c|☆Magikarp Soup|THE HORROR
|
|t:|1667920844
|move|p1a: Dove|Air Slash|p2a: Tyranitar
|-resisted|p2a: Tyranitar
|-damage|p2a: Tyranitar|61/100 par
|move|p2a: Tyranitar|Ice Punch|p1a: Dove
|-supereffective|p1a: Dove
|-end|p1a: Dove|Substitute
|
|-weather|Sandstorm|[upkeep]
|-damage|p1a: Dove|45/100|[from] Sandstorm
|-heal|p1a: Dove|51/100|[from] item: Leftovers
|upkeep
|turn|12
|
|t:|1667920849
|move|p1a: Dove|Air Slash|p2a: Tyranitar
|-resisted|p2a: Tyranitar
|-damage|p2a: Tyranitar|49/100 par
|move|p2a: Tyranitar|Ice Punch|p1a: Dove
|-supereffective|p1a: Dove
|-damage|p1a: Dove|0 fnt
|faint|p1a: Dove
|
|-weather|none
|upkeep
|c|☆Magikarp Soup|Oh sweet
|c|☆Delibird Heart|damn
|c| sufys12|bruh
|c|☆Delibird Heart|ur pretty skilled bro
|
|t:|1667920859
|switch|p1a: Lucky Luke|Slowbro-Galar, M, shiny|100/100
|turn|13
|c|☆Magikarp Soup|Ty bro
|
|t:|1667920865
|switch|p2a: Hippowdon|Hippowdon, M|100/100
|-weather|Sandstorm|[from] ability: Sand Stream|[of] p2a: Hippowdon
|move|p1a: Lucky Luke|Nasty Plot|p1a: Lucky Luke
|-boost|p1a: Lucky Luke|spa|2
|
|-weather|Sandstorm|[upkeep]
|-damage|p1a: Lucky Luke|94/100|[from] Sandstorm
|upkeep
|turn|14
|-activate|p1a: Lucky Luke|ability: Quick Draw
|
|t:|1667920872
|move|p1a: Lucky Luke|Ice Beam|p2a: Hippowdon
|-supereffective|p2a: Hippowdon
|-damage|p2a: Hippowdon|19/100
|move|p2a: Hippowdon|Yawn|p1a: Lucky Luke
|-start|p1a: Lucky Luke|move: Yawn|[of] p2a: Hippowdon
|
|-weather|Sandstorm|[upkeep]
|-damage|p1a: Lucky Luke|88/100|[from] Sandstorm
|-heal|p2a: Hippowdon|25/100|[from] item: Leftovers
|upkeep
|turn|15
|c|☆Magikarp Soup|Spdef hippo for the damn win
|
|t:|1667920890
|move|p2a: Hippowdon|Slack Off|p2a: Hippowdon
|-heal|p2a: Hippowdon|75/100
|move|p1a: Lucky Luke|Ice Beam|p2a: Hippowdon
|-supereffective|p2a: Hippowdon
|-damage|p2a: Hippowdon|0 fnt
|faint|p2a: Hippowdon
|
|-weather|Sandstorm|[upkeep]
|-damage|p1a: Lucky Luke|82/100|[from] Sandstorm
|-end|p1a: Lucky Luke|move: Yawn|[silent]
|-status|p1a: Lucky Luke|slp
|upkeep
|
|t:|1667920895
|switch|p2a: Excadrill|Excadrill, M|100/100
|turn|16
|
|t:|1667920899
|switch|p1a: Emo Dove|Corviknight, M|100/100
|-ability|p1a: Emo Dove|Pressure
|move|p2a: Excadrill|Swords Dance|p2a: Excadrill
|-boost|p2a: Excadrill|atk|2
|
|-weather|Sandstorm|[upkeep]
|upkeep
|turn|17
|
|t:|1667920904
|move|p2a: Excadrill|Iron Head|p1a: Emo Dove
|-resisted|p1a: Emo Dove
|-damage|p1a: Emo Dove|74/100
|cant|p1a: Emo Dove|flinch
|
|-weather|none
|-heal|p1a: Emo Dove|80/100|[from] item: Leftovers
|upkeep
|turn|18
|c|☆Magikarp Soup|Im so damn skilled
|
|t:|1667920913
|move|p2a: Excadrill|Iron Head|p1a: Emo Dove
|-resisted|p1a: Emo Dove
|-damage|p1a: Emo Dove|54/100
|move|p1a: Emo Dove|Body Slam|p2a: Excadrill
|-resisted|p2a: Excadrill
|-damage|p2a: Excadrill|87/100
|
|-heal|p2a: Excadrill|94/100|[from] item: Leftovers
|-heal|p1a: Emo Dove|60/100|[from] item: Leftovers
|upkeep
|turn|19
|
|t:|1667920919
|move|p2a: Excadrill|Swords Dance|p2a: Excadrill
|-boost|p2a: Excadrill|atk|2
|move|p1a: Emo Dove|Roost|p1a: Emo Dove
|-heal|p1a: Emo Dove|100/100
|-singleturn|p1a: Emo Dove|move: Roost
|
|-heal|p2a: Excadrill|99/100|[from] item: Leftovers
|upkeep
|turn|20
|c| sufys12|no way
|
|t:|1667920924
|move|p2a: Excadrill|Iron Head|p1a: Emo Dove
|-resisted|p1a: Emo Dove
|-damage|p1a: Emo Dove|61/100
|move|p1a: Emo Dove|Body Slam|p2a: Excadrill
|-resisted|p2a: Excadrill
|-damage|p2a: Excadrill|87/100
|
|-heal|p2a: Excadrill|93/100|[from] item: Leftovers
|-heal|p1a: Emo Dove|68/100|[from] item: Leftovers
|upkeep
|turn|21
|c| sufys12|body slam corv
|
|t:|1667920941
|move|p2a: Excadrill|Iron Head|p1a: Emo Dove
|-resisted|p1a: Emo Dove
|-damage|p1a: Emo Dove|26/100
|move|p1a: Emo Dove|Roost|p1a: Emo Dove
|-heal|p1a: Emo Dove|76/100
|-singleturn|p1a: Emo Dove|move: Roost
|
|-heal|p2a: Excadrill|99/100|[from] item: Leftovers
|-heal|p1a: Emo Dove|83/100|[from] item: Leftovers
|upkeep
|turn|22
|
|t:|1667920949
|move|p2a: Excadrill|Iron Head|p1a: Emo Dove
|-resisted|p1a: Emo Dove
|-damage|p1a: Emo Dove|45/100
|cant|p1a: Emo Dove|flinch
|
|-heal|p2a: Excadrill|100/100|[from] item: Leftovers
|-heal|p1a: Emo Dove|51/100|[from] item: Leftovers
|upkeep
|turn|23
|
|t:|1667920954
|move|p2a: Excadrill|Iron Head|p1a: Emo Dove
|-resisted|p1a: Emo Dove
|-damage|p1a: Emo Dove|13/100
|move|p1a: Emo Dove|Roost|p1a: Emo Dove
|-heal|p1a: Emo Dove|63/100
|-singleturn|p1a: Emo Dove|move: Roost
|
|-heal|p1a: Emo Dove|69/100|[from] item: Leftovers
|upkeep
|turn|24
|c|☆Magikarp Soup|Im so damn skileld
|
|t:|1667920960
|move|p2a: Excadrill|Swords Dance|p2a: Excadrill
|-boost|p2a: Excadrill|atk|2
|move|p1a: Emo Dove|Roost|p1a: Emo Dove
|-heal|p1a: Emo Dove|100/100
|-singleturn|p1a: Emo Dove|move: Roost
|
|upkeep
|turn|25
|
|t:|1667920963
|move|p2a: Excadrill|Iron Head|p1a: Emo Dove
|-resisted|p1a: Emo Dove
|-damage|p1a: Emo Dove|48/100
|move|p1a: Emo Dove|Body Slam|p2a: Excadrill
|-resisted|p2a: Excadrill
|-damage|p2a: Excadrill|88/100
|
|-heal|p2a: Excadrill|94/100|[from] item: Leftovers
|-heal|p1a: Emo Dove|54/100|[from] item: Leftovers
|upkeep
|turn|26
|
|t:|1667920970
|move|p2a: Excadrill|Iron Head|p1a: Emo Dove
|-resisted|p1a: Emo Dove
|-damage|p1a: Emo Dove|5/100
|move|p1a: Emo Dove|Body Slam|p2a: Excadrill
|-resisted|p2a: Excadrill
|-damage|p2a: Excadrill|82/100
|-status|p2a: Excadrill|par
|
|-heal|p1a: Emo Dove|11/100|[from] item: Leftovers
|-heal|p2a: Excadrill|88/100 par|[from] item: Leftovers
|upkeep
|turn|27
|c|☆Magikarp Soup|THAT HURT ME INTERNALLY
|
|t:|1667920981
|move|p1a: Emo Dove|Roost|p1a: Emo Dove
|-heal|p1a: Emo Dove|61/100
|-singleturn|p1a: Emo Dove|move: Roost
|move|p2a: Excadrill|Rapid Spin|p1a: Emo Dove
|-resisted|p1a: Emo Dove
|-damage|p1a: Emo Dove|41/100
|-boost|p2a: Excadrill|spe|1
|
|-heal|p2a: Excadrill|94/100 par|[from] item: Leftovers
|-heal|p1a: Emo Dove|47/100|[from] item: Leftovers
|upkeep
|turn|28
|
|t:|1667920986
|move|p2a: Excadrill|Rapid Spin|p1a: Emo Dove
|-resisted|p1a: Emo Dove
|-damage|p1a: Emo Dove|27/100
|-boost|p2a: Excadrill|spe|1
|move|p1a: Emo Dove|Iron Head|p2a: Excadrill
|-resisted|p2a: Excadrill
|-damage|p2a: Excadrill|77/100 par
|
|-heal|p2a: Excadrill|83/100 par|[from] item: Leftovers
|-heal|p1a: Emo Dove|34/100|[from] item: Leftovers
|upkeep
|turn|29
|
|t:|1667920993
|move|p2a: Excadrill|Rapid Spin|p1a: Emo Dove
|-resisted|p1a: Emo Dove
|-damage|p1a: Emo Dove|13/100
|-boost|p2a: Excadrill|spe|1
|move|p1a: Emo Dove|Roost|p1a: Emo Dove
|-heal|p1a: Emo Dove|63/100
|-singleturn|p1a: Emo Dove|move: Roost
|
|-heal|p2a: Excadrill|89/100 par|[from] item: Leftovers
|-heal|p1a: Emo Dove|69/100|[from] item: Leftovers
|upkeep
|turn|30
|c| sufys12|game over.
|
|t:|1667921007
|move|p2a: Excadrill|Iron Head|p1a: Emo Dove
|-resisted|p1a: Emo Dove
|-crit|p1a: Emo Dove
|-damage|p1a: Emo Dove|0 fnt
|faint|p1a: Emo Dove
|
|-heal|p2a: Excadrill|95/100 par|[from] item: Leftovers
|upkeep
|c|☆Magikarp Soup|THE SKILL
|c|☆Magikarp Soup|ITS TOO MUCH
|
|t:|1667921016
|switch|p1a: Bolt Beef|Melmetal|50/100
|turn|31
|
|t:|1667921019
|move|p2a: Excadrill|Earthquake|p1a: Bolt Beef
|-supereffective|p1a: Bolt Beef
|-damage|p1a: Bolt Beef|0 fnt
|faint|p1a: Bolt Beef
|
|-heal|p2a: Excadrill|100/100 par|[from] item: Leftovers
|upkeep
|c|☆Delibird Heart|damn
|c| sufys12|para now
|
|t:|1667921030
|switch|p1a: Lucky Luke|Slowbro-Galar, M, shiny|82/100 slp
|turn|32
|c|☆Magikarp Soup|I beat the skill using the skill
|
|t:|1667921035
|cant|p2a: Excadrill|par
|cant|p1a: Lucky Luke|slp
|
|upkeep
|turn|33
|-activate|p1a: Lucky Luke|ability: Quick Draw
|
|t:|1667921037
|cant|p1a: Lucky Luke|slp
|move|p2a: Excadrill|Earthquake|p1a: Lucky Luke
|-supereffective|p1a: Lucky Luke
|-damage|p1a: Lucky Luke|0 fnt
|faint|p1a: Lucky Luke
|
|upkeep
|c|☆Delibird Heart|noooooo
|c|☆Delibird Heart|:'(
|c| sufys12|lmao.
|
|t:|1667921045
|switch|p1a: Polaris|Jirachi|100/100
|turn|34
|c|☆Magikarp Soup|Lmao
|c|☆Delibird Heart|sad life
|c|☆Delibird Heart|gg
|c|☆Magikarp Soup|Mans so fast he slept faster
|c|☆Magikarp Soup|Gg
|
|t:|1667921055
|move|p2a: Excadrill|Earthquake|p1a: Polaris
|-supereffective|p1a: Polaris
|-damage|p1a: Polaris|0 fnt
|faint|p1a: Polaris
|
|win|Magikarp Soup
|l|☆Delibird Heart
|l| sufys12
|c|☆Magikarp Soup|Booiiiii
