|j|☆Fastpitchkiller
|j|☆jaqwsedrftg
|t:|1646788233
|gametype|singles
|player|p1|Fastpitchkiller|101|1567
|player|p2|jaqwsedrftg|169|1589
|teamsize|p1|6
|teamsize|p2|6
|gen|8
|tier|[Gen 8] OU
|rated|
|rule|Sleep Clause Mod: Limit one foe put to sleep
|rule|Species Clause: Limit one of each Pokémon
|rule|OHKO Clause: OHKO moves are banned
|rule|Evasion Moves Clause: Evasion moves are banned
|rule|Endless Battle Clause: Forcing endless battles is banned
|rule|HP Percentage Mod: HP is shown in percentages
|rule|Dynamax Clause: You cannot dynamax
|clearpoke
|poke|p1|Blaziken, F|
|poke|p1|Slowbro, F|
|poke|p1|Tyranitar, M|
|poke|p1|Corviknight, M|
|poke|p1|Landorus-Therian, M|
|poke|p1|Tapu Koko|
|poke|p2|Blacephalon|
|poke|p2|Volcarona, F|
|poke|p2|Swampert, M|
|poke|p2|Corviknight, F|
|poke|p2|Landorus-Therian, M|
|poke|p2|Kartana|
|teampreview
|inactive|Battle timer is ON: inactive players will automatically lose when time's up. (requested by jaqwsedrftg)
|c|☆jaqwsedrftg|glhf
|
|t:|1646788254
|start
|switch|p1a: Slowgatell|Slowbro, F|100/100
|switch|p2a: Swampert|Swampert, M|100/100
|turn|1
|
|t:|1646788260
|move|p2a: Swampert|Stealth Rock|p1a: Slowgatell
|-sidestart|p1: Fastpitchkiller|move: Stealth Rock
|move|p1a: Slowgatell|Toxic|p2a: Swampert
|-status|p2a: Swampert|tox
|
|-damage|p2a: Swampert|94/100 tox|[from] psn
|upkeep
|turn|2
|
|t:|1646788268
|move|p2a: Swampert|Flip Turn|p1a: Slowgatell
|-resisted|p1a: Slowgatell
|-damage|p1a: Slowgatell|91/100
|-damage|p2a: Swampert|78/100 tox|[from] item: Rocky Helmet|[of] p1a: Slowgatell
|
|t:|1646788273
|switch|p2a: Blacephalon|Blacephalon|100/100|[from]move: Flip Turn
|move|p1a: Slowgatell|Future Sight|p2a: Blacephalon
|-start|p1a: Slowgatell|move: Future Sight
|
|upkeep
|turn|3
|
|t:|1646788279
|switch|p1a: GODzilla|Tyranitar, M|100/100
|-damage|p1a: GODzilla|88/100|[from] Stealth Rock
|-weather|Sandstorm|[from] ability: Sand Stream|[of] p1a: GODzilla
|move|p2a: Blacephalon|Shadow Ball|p1a: GODzilla
|-resisted|p1a: GODzilla
|-damage|p1a: GODzilla|74/100
|
|-weather|Sandstorm|[upkeep]
|-damage|p2a: Blacephalon|94/100|[from] Sandstorm
|-heal|p1a: GODzilla|80/100|[from] item: Leftovers
|upkeep
|turn|4
|
|t:|1646788303
|switch|p2a: Corviknight|Corviknight, F|100/100
|-ability|p2a: Corviknight|Pressure
|move|p1a: GODzilla|Stealth Rock|p2a: Corviknight
|-sidestart|p2: jaqwsedrftg|move: Stealth Rock
|
|-weather|Sandstorm|[upkeep]
|-end|p2a: Corviknight|move: Future Sight
|-resisted|p2a: Corviknight
|-damage|p2a: Corviknight|82/100
|-heal|p1a: GODzilla|86/100|[from] item: Leftovers
|upkeep
|turn|5
|
|t:|1646788314
|switch|p1a: Corvikstall|Corviknight, M|100/100
|-damage|p1a: Corvikstall|88/100|[from] Stealth Rock
|-ability|p1a: Corvikstall|Pressure
|move|p2a: Corviknight|U-turn|p1a: Corvikstall
|-resisted|p1a: Corvikstall
|-damage|p1a: Corvikstall|86/100
|-damage|p2a: Corviknight|66/100|[from] item: Rocky Helmet|[of] p1a: Corvikstall
|
|t:|1646788318
|switch|p2a: Blacephalon|Blacephalon|94/100|[from]move: U-turn
|-damage|p2a: Blacephalon|70/100|[from] Stealth Rock
|
|-weather|Sandstorm|[upkeep]
|-damage|p2a: Blacephalon|64/100|[from] Sandstorm
|upkeep
|turn|6
|
|t:|1646788331
|move|p2a: Blacephalon|Shadow Ball|p1a: Corvikstall
|-damage|p1a: Corvikstall|19/100
|move|p1a: Corvikstall|U-turn|p2a: Blacephalon
|-resisted|p2a: Blacephalon
|-damage|p2a: Blacephalon|56/100
|
|t:|1646788339
|switch|p1a: GODzilla|Tyranitar, M|86/100|[from]move: U-turn
|-damage|p1a: GODzilla|74/100|[from] Stealth Rock
|
|-weather|Sandstorm|[upkeep]
|-damage|p2a: Blacephalon|50/100|[from] Sandstorm
|-heal|p1a: GODzilla|80/100|[from] item: Leftovers
|upkeep
|turn|7
|
|t:|1646788348
|switch|p1a: Corvikstall|Corviknight, M|19/100
|-damage|p1a: Corvikstall|6/100|[from] Stealth Rock
|-ability|p1a: Corvikstall|Pressure
|move|p2a: Blacephalon|Shadow Ball|p1a: Corvikstall
|-damage|p1a: Corvikstall|0 fnt
|faint|p1a: Corvikstall
|-ability|p2a: Blacephalon|Beast Boost|boost
|-boost|p2a: Blacephalon|spa|1
|
|-weather|none
|upkeep
|
|t:|1646788363
|switch|p1a: GODzilla|Tyranitar, M|80/100
|-damage|p1a: GODzilla|68/100|[from] Stealth Rock
|-weather|Sandstorm|[from] ability: Sand Stream|[of] p1a: GODzilla
|turn|8
|
|t:|1646788371
|move|p2a: Blacephalon|Shadow Ball|p1a: GODzilla
|-resisted|p1a: GODzilla
|-crit|p1a: GODzilla
|-damage|p1a: GODzilla|32/100
|move|p1a: GODzilla|Rock Blast|p2a: Blacephalon
|-supereffective|p2a: Blacephalon
|-damage|p2a: Blacephalon|0 fnt
|faint|p2a: Blacephalon
|-hitcount|p2: Blacephalon|1
|
|-weather|Sandstorm|[upkeep]
|-heal|p1a: GODzilla|39/100|[from] item: Leftovers
|upkeep
|
|t:|1646788378
|switch|p2a: Kartana|Kartana|100/100
|-damage|p2a: Kartana|94/100|[from] Stealth Rock
|turn|9
|
|t:|1646788392
|move|p2a: Kartana|Leaf Blade|p1a: GODzilla
|-supereffective|p1a: GODzilla
|-damage|p1a: GODzilla|0 fnt
|faint|p1a: GODzilla
|-ability|p2a: Kartana|Beast Boost|boost
|-boost|p2a: Kartana|atk|1
|-damage|p2a: Kartana|85/100|[from] item: Life Orb
|
|-weather|Sandstorm|[upkeep]
|upkeep
|
|t:|1646788402
|switch|p1a: Claudio|Blaziken, F|100/100
|-damage|p1a: Claudio|88/100|[from] Stealth Rock
|turn|10
|
|t:|1646788407
|move|p2a: Kartana|Sacred Sword|p1a: Claudio
|-damage|p1a: Claudio|0 fnt
|faint|p1a: Claudio
|-ability|p2a: Kartana|Beast Boost|boost
|-boost|p2a: Kartana|atk|1
|-damage|p2a: Kartana|75/100|[from] item: Life Orb
|
|-weather|Sandstorm|[upkeep]
|upkeep
|-message|Fastpitchkiller forfeited.
|
|win|jaqwsedrftg
|raw|Fastpitchkiller's rating: 1567 &rarr; <strong>1548</strong><br />(-19 for losing)
|raw|jaqwsedrftg's rating: 1589 &rarr; <strong>1608</strong><br />(+19 for winning)
|l|☆Fastpitchkiller
||Ladder isn't responding, score probably updated but might not have (Request timeout).
