|j|☆noudle soop
|j|☆Libaa
|t:|1633277149
|gametype|singles
|player|p1|noudle soop|sailor|1742
|player|p2|Libaa|bianca-pwt|1751
|teamsize|p1|6
|teamsize|p2|6
|gen|8
|tier|[Gen 8] OU
|rated|
|rule|Sleep Clause Mod: Limit one foe put to sleep
|rule|Species Clause: Limit one of each Pokémon
|rule|OHKO Clause: OHKO moves are banned
|rule|Evasion Moves Clause: Evasion moves are banned
|rule|Endless Battle Clause: Forcing endless battles is banned
|rule|HP Percentage Mod: HP is shown in percentages
|rule|Dynamax Clause: You cannot dynamax
|clearpoke
|poke|p1|Landorus-Therian, M|
|poke|p1|Alakazam, M|
|poke|p1|Tapu Lele|
|poke|p1|Tangrowth, M|
|poke|p1|Blissey, F|
|poke|p1|Heatran, M|
|poke|p2|Hatterene, F|
|poke|p2|Mew|
|poke|p2|Bisharp, F|
|poke|p2|Blacephalon|
|poke|p2|Toxapex, M|
|poke|p2|Landorus-Therian, M|
|teampreview
|inactive|Battle timer is ON: inactive players will automatically lose when time's up. (requested by noudle soop)
|
|t:|1633277161
|start
|switch|p1a: Heatran|Heatran, M|100/100
|switch|p2a: Landorus|Landorus-Therian, M|100/100
|-ability|p2a: Landorus|Intimidate|boost
|-unboost|p1a: Heatran|atk|1
|turn|1
|
|t:|1633277166
|move|p2a: Landorus|Earthquake|p1a: Heatran
|-supereffective|p1a: Heatran
|-damage|p1a: Heatran|0 fnt
|faint|p1a: Heatran
|
|upkeep
|
|t:|1633277169
|switch|p1a: Tangrowth|Tangrowth, M|100/100
|turn|2
|j| xMagic247
|j| Black in it
|
|t:|1633277173
|switch|p2a: Hatterene|Hatterene, F|100/100
|move|p1a: Tangrowth|Knock Off|p2a: Hatterene
|-damage|p2a: Hatterene|73/100
|-enditem|p2a: Hatterene|Choice Specs|[from] move: Knock Off|[of] p1a: Tangrowth
|
|upkeep
|turn|3
|
|t:|1633277178
|switch|p1a: Blissey|Blissey, F|100/100
|move|p2a: Hatterene|Psyshock|p1a: Blissey
|-damage|p1a: Blissey|56/100
|
|upkeep
|turn|4
|
|t:|1633277191
|move|p1a: Blissey|Soft-Boiled|p1a: Blissey
|-heal|p1a: Blissey|100/100
|move|p2a: Hatterene|Psyshock|p1a: Blissey
|-damage|p1a: Blissey|60/100
|
|upkeep
|turn|5
|j| Cookwithrotomheat
|
|t:|1633277194
|move|p1a: Blissey|Soft-Boiled|p1a: Blissey
|-heal|p1a: Blissey|100/100
|move|p2a: Hatterene|Psyshock|p1a: Blissey
|-crit|p1a: Blissey
|-damage|p1a: Blissey|42/100
|
|upkeep
|turn|6
|
|t:|1633277197
|move|p1a: Blissey|Soft-Boiled|p1a: Blissey
|-heal|p1a: Blissey|92/100
|move|p2a: Hatterene|Psyshock|p1a: Blissey
|-damage|p1a: Blissey|54/100
|
|upkeep
|turn|7
|
|t:|1633277199
|move|p1a: Blissey|Soft-Boiled|p1a: Blissey
|-heal|p1a: Blissey|100/100
|move|p2a: Hatterene|Psyshock|p1a: Blissey
|-damage|p1a: Blissey|58/100
|
|upkeep
|turn|8
|j| vepp
|
|t:|1633277202
|move|p1a: Blissey|Soft-Boiled|p1a: Blissey
|-heal|p1a: Blissey|100/100
|move|p2a: Hatterene|Psyshock|p1a: Blissey
|-damage|p1a: Blissey|62/100
|
|upkeep
|turn|9
|
|t:|1633277204
|move|p1a: Blissey|Soft-Boiled|p1a: Blissey
|-heal|p1a: Blissey|100/100
|move|p2a: Hatterene|Psyshock|p1a: Blissey
|-damage|p1a: Blissey|60/100
|
|upkeep
|turn|10
|l| Black in it
|
|t:|1633277207
|move|p1a: Blissey|Soft-Boiled|p1a: Blissey
|-heal|p1a: Blissey|100/100
|move|p2a: Hatterene|Psyshock|p1a: Blissey
|-damage|p1a: Blissey|58/100
|
|upkeep
|turn|11
|
|t:|1633277210
|switch|p1a: Tangrowth|Tangrowth, M|100/100
|move|p2a: Hatterene|Psychic|p1a: Tangrowth
|-damage|p1a: Tangrowth|26/100
|
|upkeep
|turn|12
|
|t:|1633277218
|switch|p1a: Landorus|Landorus-Therian, M|100/100
|-ability|p1a: Landorus|Intimidate|boost
|-unboost|p2a: Hatterene|atk|1
|move|p2a: Hatterene|Psyshock|p1a: Landorus
|-damage|p1a: Landorus|55/100
|
|-heal|p1a: Landorus|61/100|[from] item: Leftovers
|upkeep
|turn|13
|
|t:|1633277224
|switch|p1a: Blissey|Blissey, F|58/100
|move|p2a: Hatterene|Psychic|p1a: Blissey
|-damage|p1a: Blissey|39/100
|
|upkeep
|turn|14
|
|t:|1633277230
|move|p1a: Blissey|Soft-Boiled|p1a: Blissey
|-heal|p1a: Blissey|89/100
|move|p2a: Hatterene|Psyshock|p1a: Blissey
|-damage|p1a: Blissey|49/100
|
|upkeep
|turn|15
|
|t:|1633277232
|switch|p2a: Bisharp|Bisharp, F|100/100
|move|p1a: Blissey|Soft-Boiled|p1a: Blissey
|-heal|p1a: Blissey|99/100
|
|upkeep
|turn|16
|
|t:|1633277236
|move|p2a: Bisharp|Knock Off|p1a: Blissey
|-damage|p1a: Blissey|40/100
|-enditem|p1a: Blissey|Heavy-Duty Boots|[from] move: Knock Off|[of] p2a: Bisharp
|-damage|p2a: Bisharp|91/100|[from] item: Life Orb
|move|p1a: Blissey|Teleport|p1a: Blissey
|
|t:|1633277239
|switch|p1a: Tapu Lele|Tapu Lele|100/100|[from]move: Teleport
|-fieldstart|move: Psychic Terrain|[from] ability: Psychic Surge|[of] p1a: Tapu Lele
|
|upkeep
|turn|17
|
|t:|1633277242
|switch|p1a: Alakazam|Alakazam, M|100/100
|switch|p2a: Mew|Mew|100/100
|
|upkeep
|turn|18
|j| Zombini62
|
|t:|1633277248
|move|p1a: Alakazam|Nasty Plot|p1a: Alakazam
|-boost|p1a: Alakazam|spa|2
|move|p2a: Mew|Ice Beam|p1a: Alakazam
|-damage|p1a: Alakazam|72/100
|
|upkeep
|turn|19
|
|t:|1633277255
|move|p1a: Alakazam|Psychic|p2a: Mew
|-resisted|p2a: Mew
|-damage|p2a: Mew|29/100
|-unboost|p2a: Mew|spd|1
|move|p2a: Mew|Spikes|p1a: Alakazam
|-sidestart|p1: noudle soop|Spikes
|
|-heal|p2a: Mew|35/100|[from] item: Leftovers
|upkeep
|turn|20
|
|t:|1633277258
|move|p1a: Alakazam|Psychic|p2a: Mew
|-resisted|p2a: Mew
|-damage|p2a: Mew|0 fnt
|faint|p2a: Mew
|
|-fieldend|move: Psychic Terrain
|upkeep
|
|t:|1633277264
|switch|p2a: Landorus|Landorus-Therian, M|100/100
|-ability|p2a: Landorus|Intimidate|boost
|-unboost|p1a: Alakazam|atk|1
|turn|21
|
|t:|1633277268
|switch|p1a: Landorus|Landorus-Therian, M|61/100
|-ability|p1a: Landorus|Intimidate|boost
|-unboost|p2a: Landorus|atk|1
|move|p2a: Landorus|U-turn|p1a: Landorus
|-resisted|p1a: Landorus
|-damage|p1a: Landorus|51/100
|
|t:|1633277271
|switch|p2a: Blacephalon|Blacephalon|100/100|[from]move: U-turn
|
|-heal|p1a: Landorus|57/100|[from] item: Leftovers
|upkeep
|turn|22
|
|t:|1633277276
|move|p2a: Blacephalon|Flamethrower|p1a: Landorus
|-damage|p1a: Landorus|0 fnt
|faint|p1a: Landorus
|-ability|p2a: Blacephalon|Beast Boost|boost
|-boost|p2a: Blacephalon|spa|1
|
|upkeep
|
|t:|1633277278
|switch|p1a: Tapu Lele|Tapu Lele|100/100
|-damage|p1a: Tapu Lele|88/100|[from] Spikes
|-fieldstart|move: Psychic Terrain|[from] ability: Psychic Surge|[of] p1a: Tapu Lele
|turn|23
|
|t:|1633277284
|switch|p2a: Hatterene|Hatterene, F|73/100
|move|p1a: Tapu Lele|Psychic|p2a: Hatterene
|-resisted|p2a: Hatterene
|-damage|p2a: Hatterene|37/100
|
|upkeep
|turn|24
|j| ShyGirl7
|
|t:|1633277304
|switch|p1a: Alakazam|Alakazam, M|72/100
|move|p2a: Hatterene|Psyshock|p1a: Alakazam
|-resisted|p1a: Alakazam
|-damage|p1a: Alakazam|0 fnt
|faint|p1a: Alakazam
|
|upkeep
|-message|noudle soop forfeited.
|
|win|Libaa
|raw|noudle soop's rating: 1742 &rarr; <strong>1723</strong><br />(-19 for losing)
|raw|Libaa's rating: 1751 &rarr; <strong>1770</strong><br />(+19 for winning)
|l|☆noudle soop
|c| Cookwithrotomheat|//friend liba
||Ladder isn't responding, score probably updated but might not have (Request timeout).
