|raw|<div class="broadcast-blue"><strong>This battle is required to be public due to a player having a name starting with 'lt93oq'.</div>
|j|☆LT93OQ Lio
|j|☆LudwigFrog
|t:|1660530377
|gametype|singles
|player|p1|LT93OQ Lio|2|1877
|player|p2|LudwigFrog|hilbert-wonderlauncher|1880
|teamsize|p1|6
|teamsize|p2|6
|gen|8
|tier|[Gen 8] OU
|rated|
|rule|Sleep Clause Mod: Limit one foe put to sleep
|rule|Species Clause: Limit one of each Pokémon
|rule|OHKO Clause: OHKO moves are banned
|rule|Evasion Items Clause: Evasion items are banned
|rule|Evasion Moves Clause: Evasion moves are banned
|rule|Endless Battle Clause: Forcing endless battles is banned
|rule|HP Percentage Mod: HP is shown in percentages
|rule|Dynamax Clause: You cannot dynamax
|clearpoke
|poke|p1|Pelipper, F|
|poke|p1|Barraskewda, F|
|poke|p1|Crawdaunt, F|
|poke|p1|Zapdos|
|poke|p1|Ferrothorn, M|
|poke|p1|Kingdra, M|
|poke|p2|Dragapult, M|
|poke|p2|Tyranitar, M|
|poke|p2|Ferrothorn, M|
|poke|p2|Rillaboom, F|
|poke|p2|Corviknight, M|
|poke|p2|Gastrodon-East, M|
|teampreview
|inactive|Battle timer is ON: inactive players will automatically lose when time's up. (requested by LudwigFrog)
|j| LT93OQ Bee
|l| LT93OQ Bee
|j| Sc0rcha
|l| Sc0rcha
|inactive|LudwigFrog has 120 seconds left.
|
|t:|1660530412
|start
|switch|p1a: Pelipper|Pelipper, F|100/100
|switch|p2a: Dragapult|Dragapult, M|100/100
|-weather|RainDance|[from] ability: Drizzle|[of] p1a: Pelipper
|turn|1
|
|t:|1660530416
|switch|p1a: Ferrothorn|Ferrothorn, M|100/100
|move|p2a: Dragapult|Shadow Ball|p1a: Ferrothorn
|-damage|p1a: Ferrothorn|52/100
|-unboost|p1a: Ferrothorn|spd|1
|-enditem|p1a: Ferrothorn|Eject Button
|
|t:|1660530418
|switch|p1a: Crawdaunt|Crawdaunt, F|100/100
|
|-weather|RainDance|[upkeep]
|upkeep
|turn|2
|j| qintara
|j| LT93OQ Nick
|
|t:|1660530426
|switch|p2a: Ferrothorn|Ferrothorn, M|100/100
|move|p1a: Crawdaunt|Knock Off|p2a: Ferrothorn
|-damage|p2a: Ferrothorn|42/100
|-damage|p1a: Crawdaunt|88/100|[from] ability: Iron Barbs|[of] p2a: Ferrothorn
|-damage|p1a: Crawdaunt|72/100|[from] item: Rocky Helmet|[of] p2a: Ferrothorn
|-enditem|p2a: Ferrothorn|Rocky Helmet|[from] move: Knock Off|[of] p1a: Crawdaunt
|
|-weather|RainDance|[upkeep]
|upkeep
|turn|3
|
|t:|1660530432
|move|p1a: Crawdaunt|Knock Off|p2a: Ferrothorn
|-damage|p2a: Ferrothorn|0 fnt
|-damage|p1a: Crawdaunt|59/100|[from] ability: Iron Barbs|[of] p2a: Ferrothorn
|faint|p2a: Ferrothorn
|
|-weather|RainDance|[upkeep]
|upkeep
|
|t:|1660530435
|switch|p2a: Dragapult|Dragapult, M|100/100
|turn|4
|
|t:|1660530444
|switch|p1a: Zapdos|Zapdos|100/100
|move|p2a: Dragapult|Shadow Ball|p1a: Zapdos
|-damage|p1a: Zapdos|40/100
|
|-weather|RainDance|[upkeep]
|upkeep
|turn|5
|
|t:|1660530456
|switch|p1a: Crawdaunt|Crawdaunt, F|59/100
|move|p2a: Dragapult|Shadow Ball|p1a: Crawdaunt
|-resisted|p1a: Crawdaunt
|-damage|p1a: Crawdaunt|5/100
|
|-weather|RainDance|[upkeep]
|upkeep
|turn|6
|j| ultimateswordnd
|
|t:|1660530485
|move|p1a: Crawdaunt|Aqua Jet|p2a: Dragapult
|-resisted|p2a: Dragapult
|-damage|p2a: Dragapult|56/100
|move|p2a: Dragapult|Shadow Ball|p1a: Crawdaunt
|-resisted|p1a: Crawdaunt
|-crit|p1a: Crawdaunt
|-damage|p1a: Crawdaunt|0 fnt
|faint|p1a: Crawdaunt
|
|-weather|RainDance|[upkeep]
|upkeep
|
|t:|1660530488
|switch|p1a: Barraskewda|Barraskewda, F|100/100
|turn|7
|
|t:|1660530493
|switch|p2a: Gastrodon|Gastrodon-East, M|100/100
|move|p1a: Barraskewda|Close Combat|p2a: Gastrodon
|-crit|p2a: Gastrodon
|-damage|p2a: Gastrodon|0 fnt
|-unboost|p1a: Barraskewda|def|1
|-unboost|p1a: Barraskewda|spd|1
|faint|p2a: Gastrodon
|
|-weather|RainDance|[upkeep]
|upkeep
|
|t:|1660530497
|switch|p2a: Dragapult|Dragapult, M|56/100
|turn|8
|j| samurott champloo
|
|t:|1660530503
|switch|p1a: Ferrothorn|Ferrothorn, M|52/100
|move|p2a: Dragapult|Shadow Ball|p1a: Ferrothorn
|-damage|p1a: Ferrothorn|7/100
|-unboost|p1a: Ferrothorn|spd|1
|
|-weather|none
|upkeep
|turn|9
|
|t:|1660530507
|switch|p1a: Pelipper|Pelipper, F|100/100
|-weather|RainDance|[from] ability: Drizzle|[of] p1a: Pelipper
|move|p2a: Dragapult|Shadow Ball|p1a: Pelipper
|-damage|p1a: Pelipper|22/100
|
|-weather|RainDance|[upkeep]
|upkeep
|turn|10
|
|t:|1660530509
|switch|p1a: Ferrothorn|Ferrothorn, M|7/100
|move|p2a: Dragapult|Shadow Ball|p1a: Ferrothorn
|-crit|p1a: Ferrothorn
|-damage|p1a: Ferrothorn|0 fnt
|faint|p1a: Ferrothorn
|
|-weather|RainDance|[upkeep]
|upkeep
|j| nightsuwu
|
|t:|1660530520
|switch|p1a: Barraskewda|Barraskewda, F|100/100
|turn|11
|
|t:|1660530528
|switch|p2a: Corviknight|Corviknight, M|100/100
|-ability|p2a: Corviknight|Pressure
|move|p1a: Barraskewda|Flip Turn|p2a: Corviknight
|-damage|p2a: Corviknight|48/100
|
|t:|1660530534
|switch|p1a: Kingdra|Kingdra, M|100/100|[from]move: Flip Turn
|
|-weather|RainDance|[upkeep]
|-heal|p2a: Corviknight|54/100|[from] item: Leftovers
|upkeep
|turn|12
|j| chokst du
|
|t:|1660530540
|move|p1a: Kingdra|Surf|p2a: Corviknight
|-damage|p2a: Corviknight|0 fnt
|faint|p2a: Corviknight
|
|-weather|RainDance|[upkeep]
|upkeep
|
|t:|1660530544
|switch|p2a: Tyranitar|Tyranitar, M|100/100
|-weather|Sandstorm|[from] ability: Sand Stream|[of] p2a: Tyranitar
|turn|13
|
|t:|1660530548
|move|p1a: Kingdra|Surf|p2a: Tyranitar
|-supereffective|p2a: Tyranitar
|-damage|p2a: Tyranitar|18/100
|move|p2a: Tyranitar|Crunch|p1a: Kingdra
|-crit|p1a: Kingdra
|-damage|p1a: Kingdra|0 fnt
|faint|p1a: Kingdra
|
|-weather|Sandstorm|[upkeep]
|upkeep
|
|t:|1660530553
|switch|p1a: Barraskewda|Barraskewda, F|100/100
|turn|14
|
|t:|1660530555
|move|p1a: Barraskewda|Flip Turn|p2a: Tyranitar
|-supereffective|p2a: Tyranitar
|-crit|p2a: Tyranitar
|-damage|p2a: Tyranitar|0 fnt
|faint|p2a: Tyranitar
|j| Sauromon
|
|t:|1660530558
|switch|p1a: Pelipper|Pelipper, F|22/100|[from]move: Flip Turn
|-weather|RainDance|[from] ability: Drizzle|[of] p1a: Pelipper
|
|-weather|RainDance|[upkeep]
|upkeep
|
|t:|1660530560
|switch|p2a: Rillaboom|Rillaboom, F|100/100
|-fieldstart|move: Grassy Terrain|[from] ability: Grassy Surge|[of] p2a: Rillaboom
|turn|15
|
|t:|1660530566
|move|p2a: Rillaboom|Swords Dance|p2a: Rillaboom
|-boost|p2a: Rillaboom|atk|2
|move|p1a: Pelipper|U-turn|p2a: Rillaboom
|-supereffective|p2a: Rillaboom
|-crit|p2a: Rillaboom
|-damage|p2a: Rillaboom|73/100
|
|t:|1660530567
|switch|p1a: Zapdos|Zapdos|40/100|[from]move: U-turn
|
|-weather|RainDance|[upkeep]
|-heal|p2a: Rillaboom|79/100|[from] Grassy Terrain
|upkeep
|turn|16
|
|t:|1660530569
|move|p2a: Rillaboom|Grassy Glide|p1a: Zapdos
|-resisted|p1a: Zapdos
|-damage|p1a: Zapdos|0 fnt
|faint|p1a: Zapdos
|-damage|p2a: Rillaboom|69/100|[from] item: Life Orb
|
|-weather|RainDance|[upkeep]
|-heal|p2a: Rillaboom|75/100|[from] Grassy Terrain
|upkeep
|-message|LT93OQ Lio forfeited.
|
|win|LudwigFrog
|raw|LT93OQ Lio's rating: 1877 &rarr; <strong>1857</strong><br />(-20 for losing)
|raw|LudwigFrog's rating: 1880 &rarr; <strong>1900</strong><br />(+20 for winning)
|l|☆LT93OQ Lio
|j| ripreckful
|c|☆LudwigFrog|gg
|l| samurott champloo
|l|☆LudwigFrog
|j|☆LT93OQ Lio
|player|p1|LT93OQ Lio|2
|j| Mimikyu Stardust
|l|☆LT93OQ Lio
|player|p1|
||Ladder isn't responding, score probably updated but might not have (Request timeout).
|l| Mimikyu Stardust
|l| chokst du
