|raw|<div class="broadcast-blue"><strong>This battle is required to be public due to a player having a name starting with 'lt92pf'.</div>
|j|☆Plasmeek
|j|☆LT92PF Dasmer
|t:|1659832585
|gametype|singles
|player|p1|Plasmeek|102|1852
|player|p2|LT92PF Dasmer|rei|1895
|teamsize|p1|6
|teamsize|p2|6
|gen|8
|tier|[Gen 8] OU
|rated|
|rule|Sleep Clause Mod: Limit one foe put to sleep
|rule|Species Clause: Limit one of each Pokémon
|rule|OHKO Clause: OHKO moves are banned
|rule|Evasion Items Clause: Evasion items are banned
|rule|Evasion Moves Clause: Evasion moves are banned
|rule|Endless Battle Clause: Forcing endless battles is banned
|rule|HP Percentage Mod: HP is shown in percentages
|rule|Dynamax Clause: You cannot dynamax
|clearpoke
|poke|p1|Pelipper, F|
|poke|p1|Seismitoad, M|
|poke|p1|Zapdos|
|poke|p1|Ferrothorn, F|
|poke|p1|Barraskewda, M|
|poke|p1|Crawdaunt, M|
|poke|p2|Volcarona, M|
|poke|p2|Clefable, M|
|poke|p2|Dragonite, F|
|poke|p2|Ferrothorn, M|
|poke|p2|Landorus-Therian, M|
|poke|p2|Zeraora|
|teampreview
|j| yop on the flux
|
|t:|1659832602
|start
|switch|p1a: Let's in the rain|Pelipper, F|100/100
|switch|p2a: Landorus|Landorus-Therian, M|100/100
|-ability|p2a: Landorus|Intimidate|boost
|-unboost|p1a: Let's in the rain|atk|1
|-weather|RainDance|[from] ability: Drizzle|[of] p1a: Let's in the rain
|turn|1
|
|t:|1659832611
|switch|p1a: Ferrothorn|Ferrothorn, F|100/100
|move|p2a: Landorus|Stealth Rock|p1a: Ferrothorn
|-sidestart|p1: Plasmeek|move: Stealth Rock
|
|-weather|RainDance|[upkeep]
|upkeep
|turn|2
|
|t:|1659832616
|move|p2a: Landorus|U-turn|p1a: Ferrothorn
|-damage|p1a: Ferrothorn|87/100
|-damage|p2a: Landorus|88/100|[from] ability: Iron Barbs|[of] p1a: Ferrothorn
|-enditem|p1a: Ferrothorn|Eject Button
|
|t:|1659832622
|switch|p1a: Seismitoad|Seismitoad, M|100/100
|-damage|p1a: Seismitoad|95/100|[from] Stealth Rock
|
|-weather|RainDance|[upkeep]
|-heal|p2a: Landorus|94/100|[from] item: Leftovers
|upkeep
|turn|3
|
|t:|1659832628
|switch|p2a: Ferrothorn|Ferrothorn, M|100/100
|move|p1a: Seismitoad|Weather Ball|p2a: Ferrothorn
|-resisted|p2a: Ferrothorn
|-damage|p2a: Ferrothorn|65/100
|-damage|p1a: Seismitoad|85/100|[from] item: Life Orb
|
|-weather|RainDance|[upkeep]
|-heal|p2a: Ferrothorn|71/100|[from] item: Leftovers
|upkeep
|turn|4
|
|t:|1659832633
|move|p1a: Seismitoad|Focus Blast|p2a: Ferrothorn|[miss]
|-miss|p1a: Seismitoad|p2a: Ferrothorn
|move|p2a: Ferrothorn|Gyro Ball|p1a: Seismitoad
|-resisted|p1a: Seismitoad
|-crit|p1a: Seismitoad
|-damage|p1a: Seismitoad|37/100
|
|-weather|RainDance|[upkeep]
|-heal|p2a: Ferrothorn|77/100|[from] item: Leftovers
|upkeep
|turn|5
|
|t:|1659832638
|move|p1a: Seismitoad|Focus Blast|p2a: Ferrothorn
|-supereffective|p2a: Ferrothorn
|-damage|p2a: Ferrothorn|2/100
|-damage|p1a: Seismitoad|27/100|[from] item: Life Orb
|move|p2a: Ferrothorn|Gyro Ball|p1a: Seismitoad
|-resisted|p1a: Seismitoad
|-damage|p1a: Seismitoad|0 fnt
|faint|p1a: Seismitoad
|
|-weather|RainDance|[upkeep]
|-heal|p2a: Ferrothorn|8/100|[from] item: Leftovers
|upkeep
|
|t:|1659832643
|switch|p1a: Zapdos|Zapdos|100/100
|turn|6
|
|t:|1659832648
|move|p1a: Zapdos|Hurricane|p2a: Ferrothorn
|-damage|p2a: Ferrothorn|0 fnt
|faint|p2a: Ferrothorn
|
|-weather|RainDance|[upkeep]
|upkeep
|
|t:|1659832653
|switch|p2a: Zeraora|Zeraora|100/100
|turn|7
|
|t:|1659832658
|move|p2a: Zeraora|Plasma Fists|p1a: Zapdos
|-damage|p1a: Zapdos|45/100
|-fieldactivate|move: Ion Deluge
|-hint|Normal-type moves become Electric-type after using Plasma Fists.
|move|p1a: Zapdos|Weather Ball|p2a: Zeraora
|-damage|p2a: Zeraora|34/100
|
|-weather|RainDance|[upkeep]
|upkeep
|turn|8
|j| Lt92pf nagi
|
|t:|1659832671
|switch|p1a: Ferrothorn|Ferrothorn, F|87/100
|-damage|p1a: Ferrothorn|81/100|[from] Stealth Rock
|move|p2a: Zeraora|Plasma Fists|p1a: Ferrothorn
|-resisted|p1a: Ferrothorn
|-damage|p1a: Ferrothorn|66/100
|-fieldactivate|move: Ion Deluge
|-hint|Normal-type moves become Electric-type after using Plasma Fists.
|-damage|p2a: Zeraora|22/100|[from] ability: Iron Barbs|[of] p1a: Ferrothorn
|
|-weather|none
|upkeep
|turn|9
|j| Keldeo
|
|t:|1659832677
|switch|p2a: Clefable|Clefable, M|100/100
|move|p1a: Ferrothorn|Knock Off|p2a: Clefable
|-resisted|p2a: Clefable
|-damage|p2a: Clefable|90/100
|-enditem|p2a: Clefable|Leftovers|[from] move: Knock Off|[of] p1a: Ferrothorn
|
|upkeep
|turn|10
|
|t:|1659832682
|move|p2a: Clefable|Thunder Wave|p1a: Ferrothorn
|-status|p1a: Ferrothorn|par
|move|p1a: Ferrothorn|Gyro Ball|p2a: Clefable
|-supereffective|p2a: Clefable
|-damage|p2a: Clefable|0 fnt
|faint|p2a: Clefable
|
|upkeep
|j| Parpar
|
|t:|1659832693
|switch|p2a: Volcarona|Volcarona, M|100/100
|turn|11
|
|t:|1659832702
|switch|p1a: Let's in the rain|Pelipper, F|100/100
|-damage|p1a: Let's in the rain|76/100|[from] Stealth Rock
|-weather|RainDance|[from] ability: Drizzle|[of] p1a: Let's in the rain
|move|p2a: Volcarona|Psychic|p1a: Let's in the rain
|-damage|p1a: Let's in the rain|40/100
|
|-weather|RainDance|[upkeep]
|upkeep
|turn|12
|
|t:|1659832707
|move|p2a: Volcarona|Psychic|p1a: Let's in the rain
|-damage|p1a: Let's in the rain|5/100
|move|p1a: Let's in the rain|Roost|p1a: Let's in the rain
|-heal|p1a: Let's in the rain|55/100
|-singleturn|p1a: Let's in the rain|move: Roost
|
|-weather|RainDance|[upkeep]
|upkeep
|turn|13
|
|t:|1659832711
|switch|p2a: Zeraora|Zeraora|22/100
|move|p1a: Let's in the rain|Roost|p1a: Let's in the rain
|-heal|p1a: Let's in the rain|100/100
|-singleturn|p1a: Let's in the rain|move: Roost
|
|-weather|RainDance|[upkeep]
|upkeep
|turn|14
|j| BabyPigsAreLaughin
|
|t:|1659832718
|switch|p1a: Ferrothorn|Ferrothorn, F|66/100 par
|-damage|p1a: Ferrothorn|60/100 par|[from] Stealth Rock
|move|p2a: Zeraora|Close Combat|p1a: Ferrothorn
|-supereffective|p1a: Ferrothorn
|-damage|p1a: Ferrothorn|9/100 par
|-unboost|p2a: Zeraora|def|1
|-unboost|p2a: Zeraora|spd|1
|-damage|p2a: Zeraora|9/100|[from] ability: Iron Barbs|[of] p1a: Ferrothorn
|
|-weather|RainDance|[upkeep]
|upkeep
|turn|15
|l| BabyPigsAreLaughin
|
|t:|1659832733
|move|p2a: Zeraora|Close Combat|p1a: Ferrothorn
|-supereffective|p1a: Ferrothorn
|-damage|p1a: Ferrothorn|0 fnt
|-unboost|p2a: Zeraora|def|1
|-unboost|p2a: Zeraora|spd|1
|-damage|p2a: Zeraora|0 fnt|[from] ability: Iron Barbs|[of] p1a: Ferrothorn
|faint|p1a: Ferrothorn
|faint|p2a: Zeraora
|
|-weather|RainDance|[upkeep]
|upkeep
|
|t:|1659832745
|switch|p2a: Dragonite|Dragonite, F|100/100
|switch|p1a: Zapdos|Zapdos|45/100
|turn|16
|
|t:|1659832750
|switch|p2a: Landorus|Landorus-Therian, M|94/100
|-ability|p2a: Landorus|Intimidate|boost
|-unboost|p1a: Zapdos|atk|1
|move|p1a: Zapdos|Roost|p1a: Zapdos
|-heal|p1a: Zapdos|96/100
|-singleturn|p1a: Zapdos|move: Roost
|
|-weather|RainDance|[upkeep]
|-heal|p2a: Landorus|99/100|[from] item: Leftovers
|upkeep
|turn|17
|
|t:|1659832753
|move|p1a: Zapdos|Weather Ball|p2a: Landorus
|-supereffective|p2a: Landorus
|-damage|p2a: Landorus|25/100
|move|p2a: Landorus|Toxic|p1a: Zapdos
|-status|p1a: Zapdos|tox
|
|-weather|RainDance|[upkeep]
|-heal|p2a: Landorus|31/100|[from] item: Leftovers
|-damage|p1a: Zapdos|89/100 tox|[from] psn
|upkeep
|turn|18
|
|t:|1659832757
|move|p1a: Zapdos|Hurricane|p2a: Landorus
|-damage|p2a: Landorus|0 fnt
|faint|p2a: Landorus
|
|-weather|none
|-damage|p1a: Zapdos|77/100 tox|[from] psn
|upkeep
|l| Lt92pf nagi
|
|t:|1659832759
|switch|p2a: Dragonite|Dragonite, F|100/100
|turn|19
|
|t:|1659832767
|switch|p1a: Let's in the rain|Pelipper, F|100/100
|-damage|p1a: Let's in the rain|76/100|[from] Stealth Rock
|-weather|RainDance|[from] ability: Drizzle|[of] p1a: Let's in the rain
|move|p2a: Dragonite|Dragon Dance|p2a: Dragonite
|-boost|p2a: Dragonite|atk|1
|-boost|p2a: Dragonite|spe|1
|
|-weather|RainDance|[upkeep]
|upkeep
|turn|20
|
|t:|1659832772
|move|p2a: Dragonite|Dragon Dance|p2a: Dragonite
|-boost|p2a: Dragonite|atk|1
|-boost|p2a: Dragonite|spe|1
|move|p1a: Let's in the rain|U-turn|p2a: Dragonite
|-resisted|p2a: Dragonite
|-damage|p2a: Dragonite|98/100
|
|t:|1659832775
|switch|p1a: Zapdos|Zapdos|77/100 tox|[from]move: U-turn
|
|-weather|RainDance|[upkeep]
|-damage|p1a: Zapdos|71/100 tox|[from] psn
|upkeep
|turn|21
|
|t:|1659832779
|move|p2a: Dragonite|Ice Punch|p1a: Zapdos
|-supereffective|p1a: Zapdos
|-damage|p1a: Zapdos|0 fnt
|faint|p1a: Zapdos
|
|-weather|RainDance|[upkeep]
|upkeep
|
|t:|1659832786
|switch|p1a: Crawdaunt|Crawdaunt, M|100/100
|-damage|p1a: Crawdaunt|88/100|[from] Stealth Rock
|turn|22
|
|t:|1659832789
|move|p2a: Dragonite|Earthquake|p1a: Crawdaunt
|-damage|p1a: Crawdaunt|0 fnt
|faint|p1a: Crawdaunt
|
|-weather|RainDance|[upkeep]
|upkeep
|-message|Plasmeek forfeited.
|
|win|LT92PF Dasmer
|raw|Plasmeek's rating: 1852 &rarr; <strong>1834</strong><br />(-18 for losing)
|raw|LT92PF Dasmer's rating: 1895 &rarr; <strong>1913</strong><br />(+18 for winning)
|l|☆Plasmeek
|l|☆LT92PF Dasmer
||Ladder isn't responding, score probably updated but might not have (Request timeout).
|l| Parpar
|j| Hamzeee
|l| Hamzeee
