|j|☆return nirvana
|j|☆La✘ Gliscor
|inactive|Battle timer is ON: inactive players will automatically lose when time's up.
|t:|1663685158
|gametype|singles
|player|p1|return nirvana|cynthia-gen4|
|player|p2|La✘ Gliscor|brock-gen1rb|
|teamsize|p1|6
|teamsize|p2|6
|gen|8
|tier|[Gen 8] OU
|rated|Tournament battle
|rule|Sleep Clause Mod: Limit one foe put to sleep
|rule|Species Clause: Limit one of each Pokémon
|rule|OHKO Clause: OHKO moves are banned
|rule|Evasion Items Clause: Evasion items are banned
|rule|Evasion Moves Clause: Evasion moves are banned
|rule|Endless Battle Clause: Forcing endless battles is banned
|rule|HP Percentage Mod: HP is shown in percentages
|rule|Dynamax Clause: You cannot dynamax
|clearpoke
|poke|p1|Mew|
|poke|p1|Dragapult, F|
|poke|p1|Melmetal|
|poke|p1|Weavile, M|
|poke|p1|Landorus-Therian, M|
|poke|p1|Bisharp, M|
|poke|p2|Tyranitar, M|
|poke|p2|Buzzwole|
|poke|p2|Shedinja|
|poke|p2|Magnezone|
|poke|p2|Flygon, M|
|poke|p2|Hatterene, F|
|teampreview
|inactive|return nirvana also wants the timer to be on.
|j| sufys12
|j| stunnagirl
|j| Darealchief
|c|☆return nirvana|lmao dafuq is this cteam
|inactive|return nirvana has 120 seconds left.
|
|t:|1663685189
|start
|switch|p1a: Dragapult|Dragapult, F|100/100
|switch|p2a: Brobee|Magnezone, shiny|100/100
|turn|1
|
|t:|1663685200
|move|p1a: Dragapult|Flamethrower|p2a: Brobee
|-supereffective|p2a: Brobee
|-damage|p2a: Brobee|16/100
|move|p2a: Brobee|Thunder Wave|p1a: Dragapult
|-status|p1a: Dragapult|par
|
|upkeep
|turn|2
|j| handsoapy
|c| Darealchief|gl hf
|
|t:|1663685207
|switch|p2a: Lando|Flygon, M, shiny|100/100
|move|p1a: Dragapult|Flamethrower|p2a: Lando
|-resisted|p2a: Lando
|-damage|p2a: Lando|86/100
|
|-heal|p2a: Lando|92/100|[from] item: Leftovers
|upkeep
|turn|3
|
|t:|1663685210
|switch|p1a: Mew|Mew|100/100
|move|p2a: Lando|U-turn|p1a: Mew
|-supereffective|p1a: Mew
|-damage|p1a: Mew|75/100
|
|t:|1663685216
|switch|p2a: Goz|Tyranitar, M|100/100|[from]move: U-turn
|-weather|Sandstorm|[from] ability: Sand Stream|[of] p2a: Goz
|
|-weather|Sandstorm|[upkeep]
|-damage|p1a: Mew|69/100|[from] Sandstorm
|upkeep
|turn|4
|
|t:|1663685220
|move|p1a: Mew|Thunder Wave|p2a: Goz
|-status|p2a: Goz|par
|move|p2a: Goz|Crunch|p1a: Mew
|-supereffective|p1a: Mew
|-damage|p1a: Mew|0 fnt
|faint|p1a: Mew
|
|-weather|Sandstorm|[upkeep]
|upkeep
|l| handsoapy
|
|t:|1663685226
|switch|p1a: Melmetal|Melmetal|100/100
|turn|5
|
|t:|1663685229
|switch|p2a: Buzzhole|Buzzwole, shiny|100/100
|move|p1a: Melmetal|Double Iron Bash|p2a: Buzzhole
|-damage|p2a: Buzzhole|79/100
|-damage|p1a: Melmetal|84/100|[from] item: Rocky Helmet|[of] p2a: Buzzhole
|-damage|p2a: Buzzhole|58/100
|-damage|p1a: Melmetal|67/100|[from] item: Rocky Helmet|[of] p2a: Buzzhole
|-hitcount|p2a: Buzzhole|2
|
|-weather|Sandstorm|[upkeep]
|-damage|p2a: Buzzhole|52/100|[from] Sandstorm
|upkeep
|turn|6
|
|t:|1663685236
|switch|p1a: Dragapult|Dragapult, F|100/100 par
|move|p2a: Buzzhole|Roost|p2a: Buzzhole
|-heal|p2a: Buzzhole|100/100
|-singleturn|p2a: Buzzhole|move: Roost
|
|-weather|Sandstorm|[upkeep]
|-damage|p1a: Dragapult|95/100 par|[from] Sandstorm
|-damage|p2a: Buzzhole|94/100|[from] Sandstorm
|upkeep
|turn|7
|
|t:|1663685244
|switch|p2a: Goz|Tyranitar, M|100/100 par
|move|p1a: Dragapult|U-turn|p2a: Goz
|-supereffective|p2a: Goz
|-damage|p2a: Goz|76/100 par
|
|t:|1663685249
|switch|p1a: Bisharp|Bisharp, M|100/100|[from]move: U-turn
|
|-weather|none
|upkeep
|turn|8
|j| Billaboom
|
|t:|1663685257
|switch|p2a: Buzzhole|Buzzwole, shiny|94/100
|move|p1a: Bisharp|Knock Off|p2a: Buzzhole
|-resisted|p2a: Buzzhole
|-damage|p2a: Buzzhole|80/100
|-damage|p1a: Bisharp|84/100|[from] item: Rocky Helmet|[of] p2a: Buzzhole
|-enditem|p2a: Buzzhole|Rocky Helmet|[from] move: Knock Off|[of] p1a: Bisharp
|
|upkeep
|turn|9
|
|t:|1663685263
|switch|p1a: Dragapult|Dragapult, F|95/100 par
|move|p2a: Buzzhole|Ice Punch|p1a: Dragapult
|-supereffective|p1a: Dragapult
|-damage|p1a: Dragapult|31/100 par
|
|upkeep
|turn|10
|l| Billaboom
|j| hoodieboiactive
|
|t:|1663685272
|switch|p2a: Goz|Tyranitar, M|76/100 par
|-weather|Sandstorm|[from] ability: Sand Stream|[of] p2a: Goz
|move|p1a: Dragapult|U-turn|p2a: Goz
|-supereffective|p2a: Goz
|-damage|p2a: Goz|51/100 par
|
|t:|1663685276
|switch|p1a: Bisharp|Bisharp, M|84/100|[from]move: U-turn
|
|-weather|Sandstorm|[upkeep]
|upkeep
|turn|11
|
|t:|1663685279
|switch|p2a: Buzzhole|Buzzwole, shiny|80/100
|move|p1a: Bisharp|Swords Dance|p1a: Bisharp
|-boost|p1a: Bisharp|atk|2
|
|-weather|Sandstorm|[upkeep]
|-damage|p2a: Buzzhole|74/100|[from] Sandstorm
|upkeep
|turn|12
|
|t:|1663685281
|move|p1a: Bisharp|Iron Head|p2a: Buzzhole
|-damage|p2a: Buzzhole|34/100
|move|p2a: Buzzhole|Roost|p2a: Buzzhole
|-heal|p2a: Buzzhole|84/100
|-singleturn|p2a: Buzzhole|move: Roost
|
|-weather|Sandstorm|[upkeep]
|-damage|p2a: Buzzhole|78/100|[from] Sandstorm
|upkeep
|turn|13
|
|t:|1663685284
|move|p1a: Bisharp|Iron Head|p2a: Buzzhole
|-damage|p2a: Buzzhole|36/100
|move|p2a: Buzzhole|Close Combat|p1a: Bisharp
|-supereffective|p1a: Bisharp
|-damage|p1a: Bisharp|0 fnt
|-unboost|p2a: Buzzhole|def|1
|-unboost|p2a: Buzzhole|spd|1
|faint|p1a: Bisharp
|-ability|p2a: Buzzhole|Beast Boost|boost
|-boost|p2a: Buzzhole|def|1
|
|-weather|Sandstorm|[upkeep]
|-damage|p2a: Buzzhole|30/100|[from] Sandstorm
|upkeep
|
|t:|1663685290
|switch|p1a: Weavile|Weavile, M|100/100
|-ability|p1a: Weavile|Pressure
|turn|14
|j| amsTan
|
|t:|1663685294
|switch|p2a: Brobee|Magnezone, shiny|16/100
|move|p1a: Weavile|Triple Axel|p2a: Brobee
|-resisted|p2a: Brobee
|-damage|p2a: Brobee|10/100
|-resisted|p2a: Brobee
|-damage|p2a: Brobee|0 fnt
|faint|p2a: Brobee
|-hitcount|p2: Brobee|2
|-damage|p1a: Weavile|91/100|[from] item: Life Orb
|
|-weather|none
|upkeep
|
|t:|1663685300
|switch|p2a: Hatterene|Hatterene, F|100/100
|turn|15
|
|t:|1663685305
|switch|p1a: Dragapult|Dragapult, F|31/100 par
|move|p2a: Hatterene|Mystical Fire|p1a: Dragapult
|-resisted|p1a: Dragapult
|-damage|p1a: Dragapult|11/100 par
|-unboost|p1a: Dragapult|spa|1
|
|upkeep
|turn|16
|
|t:|1663685310
|cant|p1a: Dragapult|par
|move|p2a: Hatterene|Future Sight|p1a: Dragapult
|-start|p2a: Hatterene|move: Future Sight
|
|upkeep
|turn|17
|
|t:|1663685317
|move|p1a: Dragapult|Shadow Ball|p2a: Hatterene
|-supereffective|p2a: Hatterene
|-damage|p2a: Hatterene|51/100
|move|p2a: Hatterene|Mystical Fire|p1a: Dragapult
|-resisted|p1a: Dragapult
|-damage|p1a: Dragapult|0 fnt
|faint|p1a: Dragapult
|
|upkeep
|
|t:|1663685321
|switch|p1a: Weavile|Weavile, M|91/100
|-ability|p1a: Weavile|Pressure
|turn|18
|
|t:|1663685327
|move|p1a: Weavile|Knock Off|p2a: Hatterene
|-damage|p2a: Hatterene|0 fnt
|-enditem|p2a: Hatterene|Assault Vest|[from] move: Knock Off|[of] p1a: Weavile
|faint|p2a: Hatterene
|-damage|p1a: Weavile|81/100|[from] item: Life Orb
|
|-end|p1a: Weavile|move: Future Sight
|-immune|p1a: Weavile
|upkeep
|
|t:|1663685337
|switch|p2a: Goz|Tyranitar, M|51/100 par
|-weather|Sandstorm|[from] ability: Sand Stream|[of] p2a: Goz
|turn|19
|
|t:|1663685342
|move|p1a: Weavile|Triple Axel|p2a: Goz
|-damage|p2a: Goz|40/100 par
|-damage|p2a: Goz|18/100 par
|-damage|p2a: Goz|0 fnt
|faint|p2a: Goz
|-hitcount|p2: Goz|3
|-damage|p1a: Weavile|71/100|[from] item: Life Orb
|
|-weather|Sandstorm|[upkeep]
|-damage|p1a: Weavile|65/100|[from] Sandstorm
|upkeep
|
|t:|1663685353
|switch|p2a: Buzzhole|Buzzwole, shiny|30/100
|turn|20
|
|t:|1663685356
|switch|p2a: Moses|Shedinja|100/100
|move|p1a: Weavile|Triple Axel|p2a: Moses
|-immune|p2a: Moses|[from] ability: Wonder Guard
|
|-weather|Sandstorm|[upkeep]
|-damage|p1a: Weavile|59/100|[from] Sandstorm
|upkeep
|turn|21
|
|t:|1663685366
|move|p1a: Weavile|Knock Off|p2a: Moses
|-supereffective|p2a: Moses
|-damage|p2a: Moses|0 fnt
|-enditem|p2a: Moses|Safety Goggles|[from] move: Knock Off|[of] p1a: Weavile
|faint|p2a: Moses
|-damage|p1a: Weavile|49/100|[from] item: Life Orb
|
|-weather|Sandstorm|[upkeep]
|-damage|p1a: Weavile|42/100|[from] Sandstorm
|upkeep
|c| sufys12|well the cteam has been defeated lmao
|-message|La✘ Gliscor forfeited.
|
|win|return nirvana
|n|☆return nirvana|returnnirvana
|n|☆La✘ Gliscor|lagliscor
|n| sufys12|sufys12
|n| stunnagirl|stunnagirl
|n| Darealchief|darealchief
|n| hoodieboiactive|hoodieboiactive
|n| amsTan|amstan
|l|☆La✘ Gliscor
|j| Billaboom
|c| Darealchief|gg wp
|l| stunnagirl
|c|☆return nirvana|ye idk how he lost that
|l| Billaboom
