|j|☆straightcashhomie
|j|☆ThedebatableReaper
|t:|1606883515
|player|p1|straightcashhomie|169|1860
|player|p2|ThedebatableReaper|169|1874
|teamsize|p1|6
|teamsize|p2|6
|gametype|singles
|gen|8
|tier|[Gen 8] OU
|rated|
|clearpoke
|poke|p1|Clefable, F|
|poke|p1|Tyranitar, M|
|poke|p1|Moltres|
|poke|p1|Pheromosa|
|poke|p1|Nidoking, M|
|poke|p1|Ferrothorn, M|
|poke|p2|Spectrier|
|poke|p2|Rillaboom, M|
|poke|p2|Heatran, M|
|poke|p2|Tapu Fini|
|poke|p2|Zapdos-Galar|
|poke|p2|Nidoking, M|
|rule|Sleep Clause Mod: Limit one foe put to sleep
|rule|Species Clause: Limit one of each Pokémon
|rule|OHKO Clause: OHKO moves are banned
|rule|Evasion Moves Clause: Evasion moves are banned
|rule|Endless Battle Clause: Forcing endless battles is banned
|rule|HP Percentage Mod: HP is shown in percentages
|rule|Dynamax Clause: You cannot dynamax
|teampreview
|
|t:|1606883540
|start
|switch|p1a: Pheromosa|Pheromosa|100/100
|switch|p2a: Zapdos|Zapdos-Galar|100/100
|turn|1
|j| back from pluto
|
|t:|1606883547
|switch|p1a: Ferrothorn|Ferrothorn, M|100/100
|move|p2a: Zapdos|U-turn|p1a: Ferrothorn
|-damage|p1a: Ferrothorn|85/100
|-damage|p2a: Zapdos|88/100|[from] ability: Iron Barbs|[of] p1a: Ferrothorn
|
|t:|1606883554
|switch|p2a: Nidoking|Nidoking, M|100/100|[from]move: U-turn
|
|-heal|p1a: Ferrothorn|91/100|[from] item: Leftovers
|upkeep
|turn|2
|j| stewpeed
|j| Devilex
|
|t:|1606883595
|switch|p1a: Clefable|Clefable, F|100/100
|move|p2a: Nidoking|Flamethrower|p1a: Clefable
|-damage|p1a: Clefable|58/100
|
|-heal|p1a: Clefable|64/100|[from] item: Leftovers
|upkeep
|turn|3
|
|t:|1606883602
|switch|p1a: Tyranitar|Tyranitar, M, shiny|100/100
|-weather|Sandstorm|[from] ability: Sand Stream|[of] p1a: Tyranitar
|move|p2a: Nidoking|Earth Power|p1a: Tyranitar
|-supereffective|p1a: Tyranitar
|-damage|p1a: Tyranitar|45/100
|
|-weather|Sandstorm|[upkeep]
|-heal|p1a: Tyranitar|51/100|[from] item: Leftovers
|upkeep
|turn|4
|j| Dylanronpa
|j| DoritoBreath
|
|t:|1606883622
|switch|p1a: Moltres|Moltres|100/100
|move|p2a: Nidoking|Earth Power|p1a: Moltres
|-immune|p1a: Moltres
|
|-weather|Sandstorm|[upkeep]
|-damage|p1a: Moltres|94/100|[from] Sandstorm
|upkeep
|turn|5
|
|t:|1606883631
|switch|p2a: Tapu Fini|Tapu Fini|100/100
|-fieldstart|move: Misty Terrain|[from] ability: Misty Surge|[of] p2a: Tapu Fini
|move|p1a: Moltres|Mystical Fire|p2a: Tapu Fini
|-resisted|p2a: Tapu Fini
|-damage|p2a: Tapu Fini|84/100
|-unboost|p2a: Tapu Fini|spa|1
|
|-weather|Sandstorm|[upkeep]
|-damage|p1a: Moltres|88/100|[from] Sandstorm
|-damage|p2a: Tapu Fini|78/100|[from] Sandstorm
|-heal|p2a: Tapu Fini|84/100|[from] item: Leftovers
|upkeep
|turn|6
|inactive|Battle timer is ON: inactive players will automatically lose when time's up. (requested by straightcashhomie)
|j| Jesus0501
|
|t:|1606883643
|switch|p1a: Ferrothorn|Ferrothorn, M|91/100
|switch|p2a: Nidoking|Nidoking, M|100/100
|
|-weather|Sandstorm|[upkeep]
|-heal|p1a: Ferrothorn|97/100|[from] item: Leftovers
|upkeep
|turn|7
|
|t:|1606883651
|switch|p1a: Moltres|Moltres|88/100
|move|p2a: Nidoking|Flamethrower|p1a: Moltres
|-resisted|p1a: Moltres
|-damage|p1a: Moltres|64/100
|
|-weather|none
|upkeep
|turn|8
|j| Yuno Delphine
|
|t:|1606883657
|move|p2a: Nidoking|Sludge Wave|p1a: Moltres
|-damage|p1a: Moltres|0 fnt
|faint|p1a: Moltres
|
|upkeep
|j| cscl
|
|t:|1606883664
|switch|p1a: Pheromosa|Pheromosa|100/100
|turn|9
|l| Yuno Delphine
|
|t:|1606883671
|switch|p2a: Tapu Fini|Tapu Fini|84/100
|move|p1a: Pheromosa|Triple Axel|p2a: Tapu Fini
|-resisted|p2a: Tapu Fini
|-damage|p2a: Tapu Fini|81/100
|-resisted|p2a: Tapu Fini
|-damage|p2a: Tapu Fini|76/100
|-resisted|p2a: Tapu Fini
|-damage|p2a: Tapu Fini|68/100
|-hitcount|p2a: Tapu Fini|3
|
|-heal|p2a: Tapu Fini|74/100|[from] item: Leftovers
|-fieldend|Misty Terrain
|upkeep
|turn|10
|j| Vessev
|
|t:|1606883682
|move|p1a: Pheromosa|U-turn|p2a: Tapu Fini
|-resisted|p2a: Tapu Fini
|-damage|p2a: Tapu Fini|61/100
|
|t:|1606883692
|switch|p1a: Ferrothorn|Ferrothorn, M|97/100|[from]move: U-turn
|move|p2a: Tapu Fini|Moonblast|p1a: Ferrothorn
|-resisted|p1a: Ferrothorn
|-damage|p1a: Ferrothorn|86/100
|-unboost|p1a: Ferrothorn|spa|1
|
|-heal|p2a: Tapu Fini|68/100|[from] item: Leftovers
|-heal|p1a: Ferrothorn|92/100|[from] item: Leftovers
|upkeep
|turn|11
|
|t:|1606883702
|move|p2a: Tapu Fini|Taunt|p1a: Ferrothorn
|-start|p1a: Ferrothorn|move: Taunt
|move|p1a: Ferrothorn|Power Whip|p2a: Tapu Fini
|-supereffective|p2a: Tapu Fini
|-damage|p2a: Tapu Fini|16/100
|
|-heal|p2a: Tapu Fini|22/100|[from] item: Leftovers
|-heal|p1a: Ferrothorn|99/100|[from] item: Leftovers
|upkeep
|turn|12
|
|t:|1606883718
|switch|p2a: Heatran|Heatran, M|100/100
|move|p1a: Ferrothorn|Knock Off|p2a: Heatran
|-damage|p2a: Heatran|82/100
|-enditem|p2a: Heatran|Leftovers|[from] move: Knock Off|[of] p1a: Ferrothorn
|
|-heal|p1a: Ferrothorn|100/100|[from] item: Leftovers
|upkeep
|turn|13
|
|t:|1606883727
|switch|p1a: Nidoking|Nidoking, M, shiny|100/100
|move|p2a: Heatran|Stealth Rock|p1a: Nidoking
|-sidestart|p1: straightcashhomie|move: Stealth Rock
|
|upkeep
|turn|14
|
|t:|1606883733
|move|p1a: Nidoking|Thunderbolt|p2a: Heatran
|-damage|p2a: Heatran|54/100
|move|p2a: Heatran|Earth Power|p1a: Nidoking
|-supereffective|p1a: Nidoking
|-damage|p1a: Nidoking|29/100
|
|upkeep
|turn|15
|
|t:|1606883742
|switch|p2a: Tapu Fini|Tapu Fini|22/100
|-fieldstart|move: Misty Terrain|[from] ability: Misty Surge|[of] p2a: Tapu Fini
|move|p1a: Nidoking|Thunderbolt|p2a: Tapu Fini
|-supereffective|p2a: Tapu Fini
|-damage|p2a: Tapu Fini|0 fnt
|faint|p2a: Tapu Fini
|
|upkeep
|inactive|ThedebatableReaper has 120 seconds left.
|
|t:|1606883772
|switch|p2a: Rillaboom|Rillaboom, M|100/100
|-fieldstart|move: Grassy Terrain|[from] ability: Grassy Surge|[of] p2a: Rillaboom
|turn|16
|
|t:|1606883777
|switch|p1a: Ferrothorn|Ferrothorn, M|100/100
|-damage|p1a: Ferrothorn|94/100|[from] Stealth Rock
|move|p2a: Rillaboom|Knock Off|p1a: Ferrothorn
|-crit|p1a: Ferrothorn
|-damage|p1a: Ferrothorn|39/100
|-damage|p2a: Rillaboom|88/100|[from] ability: Iron Barbs|[of] p1a: Ferrothorn
|-enditem|p1a: Ferrothorn|Leftovers|[from] move: Knock Off|[of] p2a: Rillaboom
|
|-heal|p2a: Rillaboom|94/100|[from] Grassy Terrain
|-heal|p1a: Ferrothorn|45/100|[from] Grassy Terrain
|upkeep
|turn|17
|j| Qiyaxu
|
|t:|1606883789
|switch|p2a: Heatran|Heatran, M|54/100
|move|p1a: Ferrothorn|Leech Seed|p2a: Heatran
|-start|p2a: Heatran|move: Leech Seed
|
|-heal|p2a: Heatran|60/100|[from] Grassy Terrain
|-heal|p1a: Ferrothorn|51/100|[from] Grassy Terrain
|-damage|p2a: Heatran|48/100|[from] Leech Seed|[of] p1a: Ferrothorn
|-heal|p1a: Ferrothorn|65/100|[silent]
|upkeep
|turn|18
|
|t:|1606883799
|switch|p2a: Nidoking|Nidoking, M|100/100
|switch|p1a: Tyranitar|Tyranitar, M, shiny|51/100
|-damage|p1a: Tyranitar|38/100|[from] Stealth Rock
|-weather|Sandstorm|[from] ability: Sand Stream|[of] p1a: Tyranitar
|
|-weather|Sandstorm|[upkeep]
|-heal|p1a: Tyranitar|45/100|[from] item: Leftovers
|-heal|p1a: Tyranitar|51/100|[from] Grassy Terrain
|upkeep
|turn|19
|j| Shrey44
|l| Qiyaxu
|
|t:|1606883812
|move|p2a: Nidoking|Earth Power|p1a: Tyranitar
|-supereffective|p1a: Tyranitar
|-damage|p1a: Tyranitar|0 fnt
|faint|p1a: Tyranitar
|
|-weather|Sandstorm|[upkeep]
|upkeep
|
|t:|1606883815
|switch|p1a: Pheromosa|Pheromosa|100/100
|-damage|p1a: Pheromosa|88/100|[from] Stealth Rock
|turn|20
|
|t:|1606883825
|switch|p2a: Heatran|Heatran, M|48/100
|move|p1a: Pheromosa|Triple Axel|p2a: Heatran
|-resisted|p2a: Heatran
|-damage|p2a: Heatran|46/100
|-resisted|p2a: Heatran
|-damage|p2a: Heatran|43/100
|-resisted|p2a: Heatran
|-damage|p2a: Heatran|38/100
|-hitcount|p2a: Heatran|3
|
|-weather|Sandstorm|[upkeep]
|-damage|p1a: Pheromosa|82/100|[from] Sandstorm
|-heal|p1a: Pheromosa|88/100|[from] Grassy Terrain
|-heal|p2a: Heatran|44/100|[from] Grassy Terrain
|-fieldend|move: Grassy Terrain
|upkeep
|turn|21
|
|t:|1606883847
|move|p1a: Pheromosa|Close Combat|p2a: Heatran
|-supereffective|p2a: Heatran
|-damage|p2a: Heatran|0 fnt
|-unboost|p1a: Pheromosa|def|1
|-unboost|p1a: Pheromosa|spd|1
|faint|p2a: Heatran
|-ability|p1a: Pheromosa|Beast Boost|boost
|-boost|p1a: Pheromosa|spe|1
|
|-weather|Sandstorm|[upkeep]
|-damage|p1a: Pheromosa|82/100|[from] Sandstorm
|upkeep
|j| colma5
|j| KevinKJV
|
|t:|1606883859
|switch|p2a: Spectrier|Spectrier|100/100
|turn|22
|l| colma5
|
|t:|1606883869
|move|p1a: Pheromosa|U-turn|p2a: Spectrier
|-resisted|p2a: Spectrier
|-damage|p2a: Spectrier|74/100
|
|t:|1606883872
|switch|p1a: Ferrothorn|Ferrothorn, M|65/100|[from]move: U-turn
|-damage|p1a: Ferrothorn|58/100|[from] Stealth Rock
|move|p2a: Spectrier|Shadow Ball|p1a: Ferrothorn
|-damage|p1a: Ferrothorn|15/100
|-unboost|p1a: Ferrothorn|spd|1
|
|-weather|none
|upkeep
|turn|23
|l| stewpeed
|
|t:|1606883887
|move|p2a: Spectrier|Shadow Ball|p1a: Ferrothorn
|-damage|p1a: Ferrothorn|0 fnt
|faint|p1a: Ferrothorn
|-ability|p2a: Spectrier|Grim Neigh|boost
|-boost|p2a: Spectrier|spa|1
|
|upkeep
|
|t:|1606883889
|switch|p1a: Pheromosa|Pheromosa|82/100
|-damage|p1a: Pheromosa|70/100|[from] Stealth Rock
|turn|24
|
|t:|1606883899
|move|p1a: Pheromosa|Triple Axel|p2a: Spectrier
|-damage|p2a: Spectrier|63/100
|-damage|p2a: Spectrier|39/100
|-damage|p2a: Spectrier|4/100
|-hitcount|p2a: Spectrier|3
|move|p2a: Spectrier|Shadow Ball|p1a: Pheromosa
|-damage|p1a: Pheromosa|0 fnt
|faint|p1a: Pheromosa
|-ability|p2a: Spectrier|Grim Neigh|boost
|-boost|p2a: Spectrier|spa|1
|
|upkeep
|-message|straightcashhomie forfeited.
|
|win|ThedebatableReaper
|l|☆straightcashhomie
|raw|straightcashhomie's rating: 1860 &rarr; <strong>1840</strong><br />(-20 for losing)
|raw|ThedebatableReaper's rating: 1865 &rarr; <strong>1885</strong><br />(+20 for winning)
|l|☆ThedebatableReaper
|l| DoritoBreath
|l| back from pluto
|j| Qiyaxu
|l| Vessev
|j| Vessev
