|raw|<div class="broadcast-blue"><strong>This battle is required to be public due to a player having a name starting with 'LT74PF'.</div>
|j|☆LT74PF Released
|j|☆ezwz
|t:|1599176789
|player|p1|LT74PF Released|winona-gen6|2024
|player|p2|ezwz|youngster-gen4|2058
|teamsize|p1|6
|teamsize|p2|6
|gametype|singles
|gen|8
|tier|[Gen 8] OU
|rated|
|clearpoke
|poke|p1|Coalossal, M|
|poke|p1|Rillaboom, F|
|poke|p1|Primarina, M|
|poke|p1|Volcarona, F|
|poke|p1|Jirachi|
|poke|p1|Urshifu-*, M|
|poke|p2|Excadrill, M|
|poke|p2|Ferrothorn, F|
|poke|p2|Volcarona, F|
|poke|p2|Primarina, M|
|poke|p2|Clefable, F|
|poke|p2|Hydreigon, F|
|rule|Sleep Clause Mod: Limit one foe put to sleep
|rule|Species Clause: Limit one of each Pokémon
|rule|OHKO Clause: OHKO moves are banned
|rule|Evasion Moves Clause: Evasion moves are banned
|rule|Endless Battle Clause: Forcing endless battles is banned
|rule|HP Percentage Mod: HP is shown in percentages
|rule|Dynamax Clause: You cannot dynamax
|teampreview
|j| egalvanc
|j| Yuipo
|j| susciety
|j| LT74PF Ash
|j| regnite ◕‿◕
|inactive|Battle timer is ON: inactive players will automatically lose when time's up. (requested by LT74PF Released)
|c| Yuipo|battle of the rinavolc cores
|j| vidachu
|j| up n coming
|
|t:|1599176839
|start
|switch|p1a: Primarina|Primarina, M|100/100
|switch|p2a: Hydreigon|Hydreigon, F|100/100
|turn|1
|
|t:|1599176843
|switch|p2a: Ferrothorn|Ferrothorn, F|100/100
|move|p1a: Primarina|Scald|p2a: Ferrothorn
|-resisted|p2a: Ferrothorn
|-damage|p2a: Ferrothorn|86/100
|
|-heal|p2a: Ferrothorn|92/100|[from] item: Leftovers
|upkeep
|turn|2
|
|t:|1599176846
|switch|p1a: Coalossal|Coalossal, M|100/100
|move|p2a: Ferrothorn|Knock Off|p1a: Coalossal
|-damage|p1a: Coalossal|88/100
|-enditem|p1a: Coalossal|Heavy-Duty Boots|[from] move: Knock Off|[of] p2a: Ferrothorn
|
|-heal|p2a: Ferrothorn|99/100|[from] item: Leftovers
|upkeep
|turn|3
|j| weezing41
|
|t:|1599176852
|switch|p2a: Excadrill|Excadrill, M|100/100
|-ability|p2a: Excadrill|Mold Breaker
|move|p1a: Coalossal|Stealth Rock|p2a: Excadrill
|-sidestart|p2: ezwz|move: Stealth Rock
|
|upkeep
|turn|4
|
|t:|1599176860
|move|p2a: Excadrill|Stealth Rock|p1a: Coalossal
|-sidestart|p1: LT74PF Released|move: Stealth Rock
|move|p1a: Coalossal|Flamethrower|p2a: Excadrill
|-supereffective|p2a: Excadrill
|-damage|p2a: Excadrill|62/100
|
|-heal|p2a: Excadrill|68/100|[from] item: Leftovers
|upkeep
|turn|5
|
|t:|1599176864
|switch|p1a: Rillaboom|Rillaboom, F|100/100
|-damage|p1a: Rillaboom|88/100|[from] Stealth Rock
|-fieldstart|move: Grassy Terrain|[from] ability: Grassy Surge|[of] p1a: Rillaboom
|move|p2a: Excadrill|Rapid Spin|p1a: Rillaboom
|-damage|p1a: Rillaboom|73/100
|-boost|p2a: Excadrill|spe|1
|-sideend|p2: ezwz|Stealth Rock|[from] move: Rapid Spin|[of] p2a: Excadrill
|
|-heal|p2a: Excadrill|75/100|[from] item: Leftovers
|-heal|p2a: Excadrill|81/100|[from] Grassy Terrain
|-heal|p1a: Rillaboom|79/100|[from] Grassy Terrain
|upkeep
|turn|6
|
|t:|1599176880
|switch|p2a: Volcarona|Volcarona, F|100/100
|move|p1a: Rillaboom|Superpower|p2a: Volcarona
|-resisted|p2a: Volcarona
|-damage|p2a: Volcarona|56/100
|-unboost|p1a: Rillaboom|atk|1
|-unboost|p1a: Rillaboom|def|1
|-damage|p1a: Rillaboom|69/100|[from] item: Life Orb
|
|-heal|p2a: Volcarona|62/100|[from] Grassy Terrain
|-heal|p1a: Rillaboom|75/100|[from] Grassy Terrain
|upkeep
|turn|7
|
|t:|1599176883
|switch|p1a: Coalossal|Coalossal, M|88/100
|-damage|p1a: Coalossal|63/100|[from] Stealth Rock
|move|p2a: Volcarona|Giga Drain|p1a: Coalossal
|-damage|p1a: Coalossal|32/100
|-heal|p2a: Volcarona|83/100|[from] drain|[of] p1a: Coalossal
|
|-heal|p2a: Volcarona|89/100|[from] Grassy Terrain
|-heal|p1a: Coalossal|39/100|[from] Grassy Terrain
|upkeep
|turn|8
|
|t:|1599176888
|switch|p2a: Excadrill|Excadrill, M|81/100
|-ability|p2a: Excadrill|Mold Breaker
|move|p1a: Coalossal|Rapid Spin|p2a: Excadrill
|-resisted|p2a: Excadrill
|-damage|p2a: Excadrill|74/100
|-boost|p1a: Coalossal|spe|1
|-sideend|p1: LT74PF Released|Stealth Rock|[from] move: Rapid Spin|[of] p1a: Coalossal
|
|-heal|p2a: Excadrill|80/100|[from] item: Leftovers
|-heal|p2a: Excadrill|87/100|[from] Grassy Terrain
|-heal|p1a: Coalossal|45/100|[from] Grassy Terrain
|upkeep
|turn|9
|
|t:|1599176892
|move|p2a: Excadrill|Stealth Rock|p1a: Coalossal
|-sidestart|p1: LT74PF Released|move: Stealth Rock
|move|p1a: Coalossal|Flamethrower|p2a: Excadrill
|-supereffective|p2a: Excadrill
|-damage|p2a: Excadrill|47/100
|
|-heal|p2a: Excadrill|53/100|[from] item: Leftovers
|-heal|p2a: Excadrill|59/100|[from] Grassy Terrain
|-heal|p1a: Coalossal|51/100|[from] Grassy Terrain
|-fieldend|move: Grassy Terrain
|upkeep
|turn|10
|j| fluffy cows
|
|t:|1599176902
|move|p2a: Excadrill|Iron Head|p1a: Coalossal
|-damage|p1a: Coalossal|31/100
|move|p1a: Coalossal|Stealth Rock|p2a: Excadrill
|-sidestart|p2: ezwz|move: Stealth Rock
|
|-heal|p2a: Excadrill|65/100|[from] item: Leftovers
|upkeep
|turn|11
|
|t:|1599176907
|move|p2a: Excadrill|Rapid Spin|p1a: Coalossal
|-resisted|p1a: Coalossal
|-damage|p1a: Coalossal|27/100
|-boost|p2a: Excadrill|spe|1
|-sideend|p2: ezwz|Stealth Rock|[from] move: Rapid Spin|[of] p2a: Excadrill
|move|p1a: Coalossal|Flamethrower|p2a: Excadrill
|-supereffective|p2a: Excadrill
|-damage|p2a: Excadrill|26/100
|
|-heal|p2a: Excadrill|32/100|[from] item: Leftovers
|upkeep
|turn|12
|
|t:|1599176911
|move|p2a: Excadrill|Earthquake|p1a: Coalossal
|-supereffective|p1a: Coalossal
|-damage|p1a: Coalossal|0 fnt
|faint|p1a: Coalossal
|
|-heal|p2a: Excadrill|38/100|[from] item: Leftovers
|upkeep
|
|t:|1599176913
|switch|p1a: Rillaboom|Rillaboom, F|75/100
|-damage|p1a: Rillaboom|63/100|[from] Stealth Rock
|-fieldstart|move: Grassy Terrain|[from] ability: Grassy Surge|[of] p1a: Rillaboom
|turn|13
|l| weezing41
|j| iwillprollydiesoon
|j| yxyyfxf
|
|t:|1599176943
|switch|p2a: Ferrothorn|Ferrothorn, F|99/100
|move|p1a: Rillaboom|Grassy Glide|p2a: Ferrothorn
|-resisted|p2a: Ferrothorn
|-damage|p2a: Ferrothorn|89/100
|-damage|p1a: Rillaboom|50/100|[from] ability: Iron Barbs|[of] p2a: Ferrothorn
|-damage|p1a: Rillaboom|40/100|[from] item: Life Orb
|
|-heal|p1a: Rillaboom|47/100|[from] Grassy Terrain
|-heal|p2a: Ferrothorn|95/100|[from] item: Leftovers
|-heal|p2a: Ferrothorn|100/100|[from] Grassy Terrain
|upkeep
|turn|14
|
|t:|1599176963
|move|p1a: Rillaboom|Superpower|p2a: Ferrothorn
|-supereffective|p2a: Ferrothorn
|-damage|p2a: Ferrothorn|35/100
|-unboost|p1a: Rillaboom|atk|1
|-unboost|p1a: Rillaboom|def|1
|-damage|p1a: Rillaboom|34/100|[from] ability: Iron Barbs|[of] p2a: Ferrothorn
|-damage|p1a: Rillaboom|24/100|[from] item: Life Orb
|move|p2a: Ferrothorn|Knock Off|p1a: Rillaboom
|-damage|p1a: Rillaboom|0 fnt
|-enditem|p1a: Rillaboom|Life Orb|[from] move: Knock Off|[of] p2a: Ferrothorn
|faint|p1a: Rillaboom
|
|-heal|p2a: Ferrothorn|42/100|[from] item: Leftovers
|-heal|p2a: Ferrothorn|48/100|[from] Grassy Terrain
|upkeep
|j| Melow03
|
|t:|1599176974
|switch|p1a: Volcarona|Volcarona, F|100/100
|turn|15
|
|t:|1599176987
|switch|p2a: Clefable|Clefable, F|100/100
|move|p1a: Volcarona|Quiver Dance|p1a: Volcarona
|-boost|p1a: Volcarona|spa|1
|-boost|p1a: Volcarona|spd|1
|-boost|p1a: Volcarona|spe|1
|
|upkeep
|turn|16
|
|t:|1599176990
|move|p1a: Volcarona|Fire Blast|p2a: Clefable
|-damage|p2a: Clefable|39/100
|-status|p2a: Clefable|brn
|move|p2a: Clefable|Calm Mind|p2a: Clefable
|-boost|p2a: Clefable|spa|1
|-boost|p2a: Clefable|spd|1
|
|-heal|p2a: Clefable|45/100 brn|[from] item: Leftovers
|-heal|p2a: Clefable|51/100 brn|[from] Grassy Terrain
|-damage|p2a: Clefable|45/100 brn|[from] brn
|upkeep
|turn|17
|
|t:|1599176996
|switch|p1a: Jirachi|Jirachi|100/100
|-damage|p1a: Jirachi|94/100|[from] Stealth Rock
|move|p2a: Clefable|Moonlight|p2a: Clefable
|-heal|p2a: Clefable|95/100 brn
|
|-heal|p1a: Jirachi|100/100|[from] Grassy Terrain
|-heal|p2a: Clefable|100/100 brn|[from] item: Leftovers
|-fieldend|move: Grassy Terrain
|-damage|p2a: Clefable|94/100 brn|[from] brn
|upkeep
|turn|18
|
|t:|1599177009
|switch|p2a: Ferrothorn|Ferrothorn, F|48/100
|move|p1a: Jirachi|Psychic|p2a: Ferrothorn
|-resisted|p2a: Ferrothorn
|-damage|p2a: Ferrothorn|31/100
|
|-heal|p2a: Ferrothorn|37/100|[from] item: Leftovers
|upkeep
|turn|19
|j| Nalorium ⊁
|c|☆LT74PF Released|miss
|
|t:|1599177018
|move|p1a: Jirachi|Aura Sphere|p2a: Ferrothorn
|-supereffective|p2a: Ferrothorn
|-damage|p2a: Ferrothorn|0 fnt
|faint|p2a: Ferrothorn
|
|upkeep
|
|t:|1599177023
|switch|p2a: Volcarona|Volcarona, F|89/100
|turn|20
|
|t:|1599177026
|move|p1a: Jirachi|Meteor Beam||[still]
|-prepare|p1a: Jirachi|Meteor Beam
|-boost|p1a: Jirachi|spa|1
|-enditem|p1a: Jirachi|Power Herb
|-anim|p1a: Jirachi|Meteor Beam|p2a: Volcarona
|-supereffective|p2a: Volcarona
|-damage|p2a: Volcarona|0 fnt
|faint|p2a: Volcarona
|
|upkeep
|c|☆ezwz|asaskaksksksk im dumb
|
|t:|1599177040
|switch|p2a: Excadrill|Excadrill, M|38/100
|-ability|p2a: Excadrill|Mold Breaker
|turn|21
|c|☆ezwz|why did i literally forget about that
|
|t:|1599177053
|move|p1a: Jirachi|Aura Sphere|p2a: Excadrill
|-supereffective|p2a: Excadrill
|-damage|p2a: Excadrill|0 fnt
|faint|p2a: Excadrill
|
|upkeep
|
|t:|1599177065
|switch|p2a: Hydreigon|Hydreigon, F|100/100
|turn|22
|j| AwesomeAdams
|
|t:|1599177070
|switch|p1a: Primarina|Primarina, M|100/100
|-damage|p1a: Primarina|88/100|[from] Stealth Rock
|move|p2a: Hydreigon|Dark Pulse|p1a: Primarina
|-resisted|p1a: Primarina
|-crit|p1a: Primarina
|-damage|p1a: Primarina|55/100
|-damage|p2a: Hydreigon|91/100|[from] item: Life Orb
|
|-heal|p1a: Primarina|61/100|[from] item: Leftovers
|upkeep
|turn|23
|
|t:|1599177093
|switch|p2a: Clefable|Clefable, F|94/100 brn
|move|p1a: Primarina|Draining Kiss|p2a: Clefable
|-damage|p2a: Clefable|75/100 brn
|-heal|p1a: Primarina|77/100|[from] drain|[of] p2a: Clefable
|
|-heal|p1a: Primarina|83/100|[from] item: Leftovers
|-heal|p2a: Clefable|81/100 brn|[from] item: Leftovers
|-damage|p2a: Clefable|75/100 brn|[from] brn
|upkeep
|turn|24
|
|t:|1599177096
|switch|p1a: Jirachi|Jirachi|100/100
|-damage|p1a: Jirachi|94/100|[from] Stealth Rock
|move|p2a: Clefable|Calm Mind|p2a: Clefable
|-boost|p2a: Clefable|spa|1
|-boost|p2a: Clefable|spd|1
|
|-heal|p2a: Clefable|81/100 brn|[from] item: Leftovers
|-damage|p2a: Clefable|75/100 brn|[from] brn
|upkeep
|turn|25
|
|t:|1599177101
|move|p1a: Jirachi|Iron Head|p2a: Clefable
|-supereffective|p2a: Clefable
|-damage|p2a: Clefable|30/100 brn
|cant|p2a: Clefable|flinch
|
|-heal|p2a: Clefable|36/100 brn|[from] item: Leftovers
|-damage|p2a: Clefable|30/100 brn|[from] brn
|upkeep
|turn|26
|l| Melow03
|inactive|ezwz has 120 seconds left.
|
|t:|1599177131
|move|p1a: Jirachi|Iron Head|p2a: Clefable
|-supereffective|p2a: Clefable
|-damage|p2a: Clefable|0 fnt
|faint|p2a: Clefable
|
|upkeep
|inactive|ezwz has 120 seconds left.
|j| Venom94
|
|t:|1599177139
|switch|p2a: Primarina|Primarina, M|100/100
|turn|27
|j| fddcccffv
|
|t:|1599177142
|move|p1a: Jirachi|Iron Head|p2a: Primarina
|-damage|p2a: Primarina|76/100
|cant|p2a: Primarina|flinch
|
|-heal|p2a: Primarina|82/100|[from] item: Leftovers
|upkeep
|turn|28
|
|t:|1599177144
|move|p1a: Jirachi|Iron Head|p2a: Primarina
|-damage|p2a: Primarina|56/100
|move|p2a: Primarina|Scald|p1a: Jirachi
|-damage|p1a: Jirachi|55/100
|
|-heal|p2a: Primarina|62/100|[from] item: Leftovers
|upkeep
|turn|29
|l| Venom94
|
|t:|1599177148
|move|p1a: Jirachi|Iron Head|p2a: Primarina
|-damage|p2a: Primarina|33/100
|move|p2a: Primarina|Scald|p1a: Jirachi
|-damage|p1a: Jirachi|0 fnt
|faint|p1a: Jirachi
|
|-heal|p2a: Primarina|40/100|[from] item: Leftovers
|upkeep
|
|t:|1599177155
|switch|p1a: Urshifu|Urshifu, M|100/100
|-damage|p1a: Urshifu|94/100|[from] Stealth Rock
|turn|30
|
|t:|1599177159
|switch|p2a: Hydreigon|Hydreigon, F|91/100
|move|p1a: Urshifu|Poison Jab|p2a: Hydreigon
|-damage|p2a: Hydreigon|52/100
|
|upkeep
|turn|31
|
|t:|1599177173
|switch|p1a: Primarina|Primarina, M|83/100
|-damage|p1a: Primarina|71/100|[from] Stealth Rock
|move|p2a: Hydreigon|Nasty Plot|p2a: Hydreigon
|-boost|p2a: Hydreigon|spa|2
|
|-heal|p1a: Primarina|77/100|[from] item: Leftovers
|upkeep
|turn|32
|
|t:|1599177192
|move|p2a: Hydreigon|Dark Pulse|p1a: Primarina
|-resisted|p1a: Primarina
|-damage|p1a: Primarina|31/100
|-damage|p2a: Hydreigon|43/100|[from] item: Life Orb
|move|p1a: Primarina|Draining Kiss|p2a: Hydreigon
|-supereffective|p2a: Hydreigon
|-damage|p2a: Hydreigon|0 fnt
|-heal|p1a: Primarina|59/100|[from] drain|[of] p2a: Hydreigon
|faint|p2a: Hydreigon
|
|-heal|p1a: Primarina|65/100|[from] item: Leftovers
|upkeep
|
|t:|1599177195
|switch|p2a: Primarina|Primarina, M|40/100
|turn|33
|
|t:|1599177204
|switch|p1a: Volcarona|Volcarona, F|100/100
|move|p2a: Primarina|Calm Mind|p2a: Primarina
|-boost|p2a: Primarina|spa|1
|-boost|p2a: Primarina|spd|1
|
|-heal|p2a: Primarina|46/100|[from] item: Leftovers
|upkeep
|turn|34
|
|t:|1599177208
|move|p1a: Volcarona|Giga Drain|p2a: Primarina
|-supereffective|p2a: Primarina
|-damage|p2a: Primarina|12/100
|move|p2a: Primarina|Substitute|p2a: Primarina
|-fail|p2a: Primarina|move: Substitute|[weak]
|
|-heal|p2a: Primarina|18/100|[from] item: Leftovers
|upkeep
|turn|35
|c|☆ezwz|i threw this lol gg
|-message|ezwz forfeited.
|
|win|LT74PF Released
|l|☆ezwz
|l| fddcccffv
|l| iwillprollydiesoon
|raw|LT74PF Released's rating: 2024 &rarr; <strong>2046</strong><br />(+22 for winning)
|raw|ezwz's rating: 2058 &rarr; <strong>2036</strong><br />(-22 for losing)
|l| susciety
|l| vidachu
