|j|☆Waynner
|j|☆grasssoul
|t:|1667463453
|gametype|singles
|player|p1|Waynner|chili|1472
|player|p2|grasssoul|169|1510
|teamsize|p1|6
|teamsize|p2|6
|gen|8
|tier|[Gen 8] OU
|rated|
|rule|Sleep Clause Mod: Limit one foe put to sleep
|rule|Species Clause: Limit one of each Pokémon
|rule|OHKO Clause: OHKO moves are banned
|rule|Evasion Items Clause: Evasion items are banned
|rule|Evasion Moves Clause: Evasion moves are banned
|rule|Endless Battle Clause: Forcing endless battles is banned
|rule|HP Percentage Mod: HP is shown in percentages
|rule|Dynamax Clause: You cannot dynamax
|clearpoke
|poke|p1|Mimikyu, F|
|poke|p1|Toxapex, M|
|poke|p1|Volcarona, M|
|poke|p1|Ferrothorn, F|
|poke|p1|Dragapult, M|
|poke|p1|Slowbro, F|
|poke|p2|Heatran, F|
|poke|p2|Slowking-Galar, M|
|poke|p2|Tapu Lele|
|poke|p2|Landorus-Therian, M|
|poke|p2|Dragapult, M|
|poke|p2|Zapdos|
|teampreview
|
|t:|1667463469
|start
|switch|p1a: Slowbro|Slowbro, F|100/100
|switch|p2a: Zapdos|Zapdos|100/100
|turn|1
|
|t:|1667463478
|switch|p1a: Ferrothorn|Ferrothorn, F|100/100
|move|p2a: Zapdos|Volt Switch|p1a: Ferrothorn
|-resisted|p1a: Ferrothorn
|-damage|p1a: Ferrothorn|89/100
|
|t:|1667463484
|switch|p2a: Heatran|Heatran, F|100/100|[from]move: Volt Switch
|
|-heal|p1a: Ferrothorn|95/100|[from] item: Leftovers
|upkeep
|turn|2
|
|t:|1667463487
|move|p1a: Ferrothorn|Protect|p1a: Ferrothorn
|-singleturn|p1a: Ferrothorn|Protect
|move|p2a: Heatran|Magma Storm|p1a: Ferrothorn
|-activate|p1a: Ferrothorn|move: Protect
|
|-heal|p1a: Ferrothorn|100/100|[from] item: Leftovers
|upkeep
|turn|3
|
|t:|1667463493
|switch|p1a: Slowbro|Slowbro, F|100/100
|move|p2a: Heatran|Magma Storm|p1a: Slowbro|[miss]
|-miss|p2a: Heatran|p1a: Slowbro
|
|upkeep
|turn|4
|
|t:|1667463499
|switch|p2a: Slowking|Slowking-Galar, M|100/100
|move|p1a: Slowbro|Teleport|p1a: Slowbro
|
|t:|1667463512
|switch|p1a: Mimikyu|Mimikyu, F|100/100|[from]move: Teleport
|
|upkeep
|turn|5
|
|t:|1667463515
|move|p1a: Mimikyu|Shadow Claw|p2a: Slowking
|-supereffective|p2a: Slowking
|-damage|p2a: Slowking|44/100
|move|p2a: Slowking|Sludge Bomb|p1a: Mimikyu
|-activate|p1a: Mimikyu|ability: Disguise
|-damage|p1a: Mimikyu|100/100
|detailschange|p1a: Mimikyu|Mimikyu-Busted, F
|-damage|p1a: Mimikyu|88/100|[from] pokemon: Mimikyu-Busted
|-enditem|p1a: Mimikyu|Red Card|[of] p2a: Slowking
|drag|p2a: Dragapult|Dragapult, M|100/100
|
|upkeep
|turn|6
|
|t:|1667463529
|switch|p2a: Zapdos|Zapdos|100/100
|move|p1a: Mimikyu|Shadow Sneak|p2a: Zapdos
|-damage|p2a: Zapdos|90/100
|-status|p1a: Mimikyu|par|[from] ability: Static|[of] p2a: Zapdos
|
|upkeep
|turn|7
|
|t:|1667463539
|switch|p1a: Ferrothorn|Ferrothorn, F|100/100
|move|p2a: Zapdos|Volt Switch|p1a: Ferrothorn
|-resisted|p1a: Ferrothorn
|-damage|p1a: Ferrothorn|87/100
|
|t:|1667463542
|switch|p2a: Heatran|Heatran, F|100/100|[from]move: Volt Switch
|
|-heal|p1a: Ferrothorn|94/100|[from] item: Leftovers
|upkeep
|turn|8
|
|t:|1667463548
|switch|p1a: Slowbro|Slowbro, F|100/100
|move|p2a: Heatran|Magma Storm|p1a: Slowbro
|-resisted|p1a: Slowbro
|-damage|p1a: Slowbro|77/100
|-activate|p1a: Slowbro|move: Magma Storm|[of] p2a: Heatran
|
|-damage|p1a: Slowbro|64/100|[from] move: Magma Storm|[partiallytrapped]
|upkeep
|turn|9
|
|t:|1667463553
|move|p2a: Heatran|Toxic|p1a: Slowbro
|-status|p1a: Slowbro|tox
|move|p1a: Slowbro|Teleport|p1a: Slowbro
|
|t:|1667463557
|switch|p1a: Mimikyu|Mimikyu-Busted, F|88/100 par|[from]move: Teleport
|
|upkeep
|turn|10
|
|t:|1667463587
|switch|p2a: Landorus|Landorus-Therian, M|100/100
|-ability|p2a: Landorus|Intimidate|boost
|-unboost|p1a: Mimikyu|atk|1
|move|p1a: Mimikyu|Drain Punch|p2a: Landorus
|-resisted|p2a: Landorus
|-damage|p2a: Landorus|95/100
|-heal|p1a: Mimikyu|93/100 par|[from] drain|[of] p2a: Landorus
|
|-heal|p2a: Landorus|100/100|[from] item: Leftovers
|upkeep
|turn|11
|
|t:|1667463593
|switch|p1a: Slowbro|Slowbro, F|98/100 tox
|move|p2a: Landorus|Stealth Rock|p1a: Slowbro
|-sidestart|p1: Waynner|move: Stealth Rock
|
|-damage|p1a: Slowbro|92/100 tox|[from] psn
|upkeep
|turn|12
|
|t:|1667463599
|move|p2a: Landorus|Knock Off|p1a: Slowbro
|-supereffective|p1a: Slowbro
|-damage|p1a: Slowbro|31/100 tox
|-damage|p2a: Landorus|84/100|[from] item: Rocky Helmet|[of] p1a: Slowbro
|-enditem|p1a: Slowbro|Rocky Helmet|[from] move: Knock Off|[of] p2a: Landorus
|move|p1a: Slowbro|Future Sight|p2a: Landorus
|-start|p1a: Slowbro|move: Future Sight
|
|-heal|p2a: Landorus|90/100|[from] item: Leftovers
|-damage|p1a: Slowbro|19/100 tox|[from] psn
|upkeep
|turn|13
|
|t:|1667463606
|move|p2a: Landorus|U-turn|p1a: Slowbro
|-supereffective|p1a: Slowbro
|-damage|p1a: Slowbro|0 fnt
|faint|p1a: Slowbro
|
|t:|1667463616
|switch|p2a: Slowking|Slowking-Galar, M|77/100|[from]move: U-turn
|
|upkeep
|
|t:|1667463623
|switch|p1a: Mimikyu|Mimikyu-Busted, F|93/100 par
|-damage|p1a: Mimikyu|80/100 par|[from] Stealth Rock
|turn|14
|inactive|Battle timer is ON: inactive players will automatically lose when time's up. (requested by grasssoul)
|
|t:|1667463629
|switch|p2a: Heatran|Heatran, F|100/100
|cant|p1a: Mimikyu|par
|
|-end|p2a: Heatran|move: Future Sight
|-resisted|p2a: Heatran
|-damage|p2a: Heatran|82/100
|-heal|p2a: Heatran|88/100|[from] item: Leftovers
|upkeep
|turn|15
|
|t:|1667463638
|switch|p2a: Zapdos|Zapdos|90/100
|switch|p1a: Ferrothorn|Ferrothorn, F|94/100
|-damage|p1a: Ferrothorn|87/100|[from] Stealth Rock
|
|-heal|p1a: Ferrothorn|94/100|[from] item: Leftovers
|upkeep
|turn|16
|
|t:|1667463642
|move|p2a: Zapdos|Heat Wave|p1a: Ferrothorn
|-supereffective|p1a: Ferrothorn
|-damage|p1a: Ferrothorn|0 fnt
|faint|p1a: Ferrothorn
|
|upkeep
|
|t:|1667463646
|switch|p1a: Dragapult|Dragapult, M|100/100
|-damage|p1a: Dragapult|88/100|[from] Stealth Rock
|turn|17
|
|t:|1667463650
|move|p1a: Dragapult|Dragon Dance|p1a: Dragapult
|-boost|p1a: Dragapult|atk|1
|-boost|p1a: Dragapult|spe|1
|move|p2a: Zapdos|Volt Switch|p1a: Dragapult
|-resisted|p1a: Dragapult
|-damage|p1a: Dragapult|67/100
|
|t:|1667463658
|switch|p2a: Landorus|Landorus-Therian, M|90/100|[from]move: Volt Switch
|-ability|p2a: Landorus|Intimidate|boost
|-fail|p1a: Dragapult|unboost|[from] ability: Clear Body|[of] p1a: Dragapult
|
|-heal|p1a: Dragapult|73/100|[from] item: Leftovers
|-heal|p2a: Landorus|96/100|[from] item: Leftovers
|upkeep
|turn|18
|
|t:|1667463666
|move|p1a: Dragapult|Dragon Darts|p2a: Landorus
|-damage|p2a: Landorus|65/100
|-anim|p1a: Dragapult|Dragon Darts|p2a: Landorus
|-damage|p2a: Landorus|32/100
|move|p2a: Landorus|Knock Off|p1a: Dragapult
|-supereffective|p1a: Dragapult
|-damage|p1a: Dragapult|0 fnt
|-enditem|p1a: Dragapult|Leftovers|[from] move: Knock Off|[of] p2a: Landorus
|faint|p1a: Dragapult
|
|-heal|p2a: Landorus|38/100|[from] item: Leftovers
|upkeep
|-message|Waynner forfeited.
|
|win|grasssoul
|raw|Waynner's rating: 1472 &rarr; <strong>1454</strong><br />(-18 for losing)
|raw|grasssoul's rating: 1510 &rarr; <strong>1528</strong><br />(+18 for winning)
|l|☆Waynner
