|j|☆Bassyxx
|j|☆Evanalt1
|t:|1614117238
|player|p1|Bassyxx|rocketgruntf|1304
|player|p2|Evanalt1|1|1269
|teamsize|p1|6
|teamsize|p2|6
|gametype|singles
|gen|8
|tier|[Gen 8] OU
|rated|
|clearpoke
|poke|p1|Melmetal|
|poke|p1|Tyranitar, M|
|poke|p1|Dracozolt|
|poke|p1|Latios, M|
|poke|p1|Moltres|
|poke|p1|Landorus-Therian, M|
|poke|p2|Kyurem|
|poke|p2|Obstagoon, F|
|poke|p2|Corviknight, M|
|poke|p2|Tapu Koko|
|poke|p2|Urshifu-*, M|
|poke|p2|Slowking-Galar, M|
|rule|Sleep Clause Mod: Limit one foe put to sleep
|rule|Species Clause: Limit one of each Pokémon
|rule|OHKO Clause: OHKO moves are banned
|rule|Evasion Moves Clause: Evasion moves are banned
|rule|Endless Battle Clause: Forcing endless battles is banned
|rule|HP Percentage Mod: HP is shown in percentages
|rule|Dynamax Clause: You cannot dynamax
|teampreview
|inactive|Battle timer is ON: inactive players will automatically lose when time's up. (requested by Evanalt1)
|inactive|Bassyxx has 120 seconds left.
|
|t:|1614117307
|start
|switch|p1a: Dracozolt|Dracozolt|100/100
|switch|p2a: Obstagoon|Obstagoon, F|100/100
|turn|1
|
|t:|1614117336
|switch|p1a: Landorus|Landorus-Therian, M|100/100
|-ability|p1a: Landorus|Intimidate|boost
|-unboost|p2a: Obstagoon|atk|1
|move|p2a: Obstagoon|Knock Off|p1a: Landorus
|-damage|p1a: Landorus|69/100
|-enditem|p1a: Landorus|Choice Scarf|[from] move: Knock Off|[of] p2a: Obstagoon
|
|-status|p2a: Obstagoon|brn|[from] item: Flame Orb
|upkeep
|turn|2
|
|t:|1614117348
|move|p2a: Obstagoon|Parting Shot|p1a: Landorus
|-unboost|p1a: Landorus|atk|1
|-unboost|p1a: Landorus|spa|1
|
|t:|1614117355
|switch|p2a: Corviknight|Corviknight, M|100/100|[from]move: Parting Shot
|-ability|p2a: Corviknight|Pressure
|move|p1a: Landorus|U-turn|p2a: Corviknight
|-resisted|p2a: Corviknight
|-damage|p2a: Corviknight|98/100
|-damage|p1a: Landorus|53/100|[from] item: Rocky Helmet|[of] p2a: Corviknight
|
|t:|1614117371
|switch|p1a: Melmetal|Melmetal|100/100|[from]move: U-turn
|
|upkeep
|turn|3
|
|t:|1614117389
|move|p2a: Corviknight|U-turn|p1a: Melmetal
|-resisted|p1a: Melmetal
|-damage|p1a: Melmetal|97/100
|
|t:|1614117395
|switch|p2a: Urshifu|Urshifu-Rapid-Strike, M|100/100|[from]move: U-turn
|move|p1a: Melmetal|Thunder Punch|p2a: Urshifu
|-supereffective|p2a: Urshifu
|-damage|p2a: Urshifu|0 fnt
|faint|p2a: Urshifu
|
|upkeep
|
|t:|1614117402
|switch|p2a: Obstagoon|Obstagoon, F|100/100 brn
|turn|4
|
|t:|1614117411
|switch|p1a: Landorus|Landorus-Therian, M|53/100
|-ability|p1a: Landorus|Intimidate|boost
|-unboost|p2a: Obstagoon|atk|1
|move|p2a: Obstagoon|Close Combat|p1a: Landorus
|-resisted|p1a: Landorus
|-damage|p1a: Landorus|35/100
|-unboost|p2a: Obstagoon|def|1
|-unboost|p2a: Obstagoon|spd|1
|
|-damage|p2a: Obstagoon|94/100 brn|[from] brn
|upkeep
|turn|5
|
|t:|1614117419
|move|p2a: Obstagoon|Parting Shot|p1a: Landorus
|-unboost|p1a: Landorus|atk|1
|-unboost|p1a: Landorus|spa|1
|
|t:|1614117426
|switch|p2a: Kyurem|Kyurem|100/100|[from]move: Parting Shot
|-ability|p2a: Kyurem|Pressure
|move|p1a: Landorus|Knock Off|p2a: Kyurem
|-crit|p2a: Kyurem
|-damage|p2a: Kyurem|51/100
|-enditem|p2a: Kyurem|Choice Specs|[from] move: Knock Off|[of] p1a: Landorus
|
|upkeep
|turn|6
|
|t:|1614117439
|switch|p1a: Tyranitar|Tyranitar, M|100/100
|-weather|Sandstorm|[from] ability: Sand Stream|[of] p1a: Tyranitar
|move|p2a: Kyurem|Earth Power|p1a: Tyranitar
|-supereffective|p1a: Tyranitar
|-damage|p1a: Tyranitar|74/100
|-unboost|p1a: Tyranitar|spd|1
|
|-weather|Sandstorm|[upkeep]
|-damage|p2a: Kyurem|44/100|[from] Sandstorm
|upkeep
|turn|7
|
|t:|1614117447
|switch|p2a: Corviknight|Corviknight, M|98/100
|-ability|p2a: Corviknight|Pressure
|move|p1a: Tyranitar|Thunder Wave|p2a: Corviknight
|-status|p2a: Corviknight|par
|
|-weather|Sandstorm|[upkeep]
|upkeep
|turn|8
|
|t:|1614117468
|switch|p1a: Dracozolt|Dracozolt|100/100
|move|p2a: Corviknight|U-turn|p1a: Dracozolt
|-damage|p1a: Dracozolt|84/100
|
|t:|1614117488
|switch|p2a: Tapu Koko|Tapu Koko|100/100|[from]move: U-turn
|-fieldstart|move: Electric Terrain|[from] ability: Electric Surge|[of] p2a: Tapu Koko
|
|-weather|Sandstorm|[upkeep]
|-damage|p2a: Tapu Koko|94/100|[from] Sandstorm
|upkeep
|turn|9
|
|t:|1614117499
|move|p1a: Dracozolt|Earthquake|p2a: Tapu Koko
|-supereffective|p2a: Tapu Koko
|-damage|p2a: Tapu Koko|0 fnt
|-damage|p1a: Dracozolt|74/100|[from] item: Life Orb
|faint|p2a: Tapu Koko
|
|-weather|Sandstorm|[upkeep]
|upkeep
|
|t:|1614117507
|switch|p2a: Obstagoon|Obstagoon, F|94/100 brn
|turn|10
|
|t:|1614117514
|move|p1a: Dracozolt|Bolt Beak|p2a: Obstagoon
|-damage|p2a: Obstagoon|0 fnt
|-damage|p1a: Dracozolt|64/100|[from] item: Life Orb
|faint|p2a: Obstagoon
|
|-weather|Sandstorm|[upkeep]
|upkeep
|
|t:|1614117517
|switch|p2a: Slowking|Slowking-Galar, M|100/100
|turn|11
|
|t:|1614117527
|move|p1a: Dracozolt|Bolt Beak|p2a: Slowking
|-damage|p2a: Slowking|0 fnt
|-damage|p1a: Dracozolt|54/100|[from] item: Life Orb
|faint|p2a: Slowking
|
|-weather|Sandstorm|[upkeep]
|upkeep
|
|t:|1614117530
|switch|p2a: Kyurem|Kyurem|44/100
|-ability|p2a: Kyurem|Pressure
|turn|12
|
|t:|1614117532
|move|p1a: Dracozolt|Bolt Beak|p2a: Kyurem
|-resisted|p2a: Kyurem
|-damage|p2a: Kyurem|0 fnt
|-damage|p1a: Dracozolt|44/100|[from] item: Life Orb
|faint|p2a: Kyurem
|
|-weather|Sandstorm|[upkeep]
|-fieldend|move: Electric Terrain
|upkeep
|
|t:|1614117534
|switch|p2a: Corviknight|Corviknight, M|98/100 par
|-ability|p2a: Corviknight|Pressure
|turn|13
|
|t:|1614117536
|move|p1a: Dracozolt|Bolt Beak|p2a: Corviknight
|-supereffective|p2a: Corviknight
|-damage|p2a: Corviknight|0 fnt
|-damage|p1a: Dracozolt|28/100|[from] item: Rocky Helmet|[of] p2a: Corviknight
|-damage|p1a: Dracozolt|18/100|[from] item: Life Orb
|faint|p2a: Corviknight
|
|win|Bassyxx
|l|☆Evanalt1
||Ladder (probably) updated, but score could not be retrieved (Request timeout).
|j|☆Evanalt1
|player|p2|Evanalt1|1
|l|☆Evanalt1
|player|p2|
