|raw|<div class="broadcast-blue"><strong>This battle is required to be public due to a player having a name starting with 'lt91bb'.</div>
|j|☆Pinkacross
|j|☆LT91BB animefan
|t:|1658984930
|gametype|singles
|player|p1|Pinkacross|artist|1899
|player|p2|LT91BB animefan|2|1839
|teamsize|p1|6
|teamsize|p2|6
|gen|8
|tier|[Gen 8] OU
|rated|
|rule|Sleep Clause Mod: Limit one foe put to sleep
|rule|Species Clause: Limit one of each Pokémon
|rule|OHKO Clause: OHKO moves are banned
|rule|Evasion Moves Clause: Evasion moves are banned
|rule|Endless Battle Clause: Forcing endless battles is banned
|rule|HP Percentage Mod: HP is shown in percentages
|rule|Dynamax Clause: You cannot dynamax
|clearpoke
|poke|p1|Magnezone|
|poke|p1|Tapu Koko|
|poke|p1|Landorus-Therian, M|
|poke|p1|Toxapex, F|
|poke|p1|Tornadus-Therian, M|
|poke|p1|Tyranitar, M|
|poke|p2|Weavile, F|
|poke|p2|Slowking-Galar, M|
|poke|p2|Volcarona, F|
|poke|p2|Gastrodon, F|
|poke|p2|Clefable, M|
|poke|p2|Corviknight, M|
|teampreview
|inactive|Battle timer is ON: inactive players will automatically lose when time's up. (requested by LT91BB animefan)
|inactive|Pinkacross has 120 seconds left.
|j| antarctozolt
|j| Charuru
|j| OLT Farmer
|j| Piyush21
|
|t:|1658984980
|start
|switch|p1a: Landorus|Landorus-Therian, M|100/100
|switch|p2a: Clefable|Clefable, M|100/100
|-ability|p1a: Landorus|Intimidate|boost
|-unboost|p2a: Clefable|atk|1
|turn|1
|j| LT91BB GSW
|l| Piyush21
|
|t:|1658984998
|move|p1a: Landorus|Substitute|p1a: Landorus
|-start|p1a: Landorus|Substitute
|-damage|p1a: Landorus|76/100
|move|p2a: Clefable|Knock Off|p1a: Landorus
|-activate|p1a: Landorus|move: Substitute|[damage]
|
|-heal|p1a: Landorus|82/100|[from] item: Leftovers
|upkeep
|turn|2
|
|t:|1658985002
|switch|p2a: Corviknight|Corviknight, M|100/100
|-ability|p2a: Corviknight|Pressure
|move|p1a: Landorus|Earthquake|p2a: Corviknight
|-immune|p2a: Corviknight
|
|-heal|p1a: Landorus|88/100|[from] item: Leftovers
|upkeep
|turn|3
|l| OLT Farmer
|
|t:|1658985004
|move|p1a: Landorus|Knock Off|p2a: Corviknight
|-damage|p2a: Corviknight|74/100
|-damage|p1a: Landorus|71/100|[from] item: Rocky Helmet|[of] p2a: Corviknight
|-enditem|p2a: Corviknight|Rocky Helmet|[from] move: Knock Off|[of] p1a: Landorus
|move|p2a: Corviknight|U-turn|p1a: Landorus
|-resisted|p1a: Landorus
|-activate|p1a: Landorus|move: Substitute|[damage]
|
|t:|1658985006
|switch|p2a: Weavile|Weavile, F|100/100|[from]move: U-turn
|-ability|p2a: Weavile|Pressure
|
|-heal|p1a: Landorus|78/100|[from] item: Leftovers
|upkeep
|turn|4
|j| AlIoutdragadarts
|
|t:|1658985015
|switch|p2a: Clefable|Clefable, M|100/100
|switch|p1a: Magnezone|Magnezone|100/100
|
|upkeep
|turn|5
|j| chongtian0329
|
|t:|1658985020
|move|p1a: Magnezone|Flash Cannon|p2a: Clefable
|-supereffective|p2a: Clefable
|-damage|p2a: Clefable|0 fnt
|faint|p2a: Clefable
|
|upkeep
|c|☆LT91BB animefan|wtf kek
|j| OMICORIO
|j| Mbouchon
|j| LT91BBEZ
|
|t:|1658985040
|switch|p2a: Gastrodon|Gastrodon, F|100/100
|turn|6
|j| Lunala
|
|t:|1658985043
|switch|p1a: Tornadus|Tornadus-Therian, M|100/100
|move|p2a: Gastrodon|Scald|p1a: Tornadus
|-damage|p1a: Tornadus|73/100
|
|upkeep
|turn|7
|j|@ironwater
|
|t:|1658985050
|move|p1a: Tornadus|U-turn|p2a: Gastrodon
|-damage|p2a: Gastrodon|84/100
|c| OMICORIO|the one flash mag
|
|t:|1658985052
|switch|p1a: Toxapex|Toxapex, F|100/100|[from]move: U-turn
|move|p2a: Gastrodon|Scald|p1a: Toxapex
|-resisted|p1a: Toxapex
|-damage|p1a: Toxapex|90/100
|-enditem|p1a: Toxapex|Eject Button
|j| drphdbj
|
|t:|1658985057
|switch|p1a: Landorus|Landorus-Therian, M|78/100
|-ability|p1a: Landorus|Intimidate|boost
|-unboost|p2a: Gastrodon|atk|1
|
|-heal|p1a: Landorus|84/100|[from] item: Leftovers
|-heal|p2a: Gastrodon|90/100|[from] item: Leftovers
|upkeep
|turn|8
|
|t:|1658985061
|switch|p1a: Toxapex|Toxapex, F|100/100
|switch|p2a: Corviknight|Corviknight, M|74/100
|-ability|p2a: Corviknight|Pressure
|
|upkeep
|turn|9
|
|t:|1658985063
|move|p2a: Corviknight|U-turn|p1a: Toxapex
|-resisted|p1a: Toxapex
|-damage|p1a: Toxapex|97/100
|
|t:|1658985064
|switch|p2a: Slowking|Slowking-Galar, M|100/100|[from]move: U-turn
|move|p1a: Toxapex|Toxic Spikes|p2a: Slowking
|-sidestart|p2: LT91BB animefan|move: Toxic Spikes
|
|upkeep
|turn|10
|
|t:|1658985067
|switch|p1a: Tyranitar|Tyranitar, M|100/100
|-weather|Sandstorm|[from] ability: Sand Stream|[of] p1a: Tyranitar
|move|p2a: Slowking|Trick|p1a: Tyranitar
|-activate|p2a: Slowking|move: Trick|[of] p1a: Tyranitar
|-item|p1a: Tyranitar|Black Sludge|[from] move: Trick
|-item|p2a: Slowking|Leftovers|[from] move: Trick
|
|-weather|Sandstorm|[upkeep]
|-damage|p2a: Slowking|94/100|[from] Sandstorm
|-damage|p1a: Tyranitar|88/100|[from] item: Black Sludge
|-heal|p2a: Slowking|100/100|[from] item: Leftovers
|upkeep
|turn|11
|j| Barracades
|
|t:|1658985073
|move|p1a: Tyranitar|Thunder Wave|p2a: Slowking
|-status|p2a: Slowking|par
|move|p2a: Slowking|Scald|p1a: Tyranitar
|-supereffective|p1a: Tyranitar
|-damage|p1a: Tyranitar|70/100
|
|-weather|Sandstorm|[upkeep]
|-damage|p2a: Slowking|94/100 par|[from] Sandstorm
|-damage|p1a: Tyranitar|58/100|[from] item: Black Sludge
|-heal|p2a: Slowking|100/100 par|[from] item: Leftovers
|upkeep
|turn|12
|j| MGZadfsdpofwfeee
|
|t:|1658985076
|switch|p1a: Magnezone|Magnezone|100/100
|cant|p2a: Slowking|par
|
|-weather|Sandstorm|[upkeep]
|-damage|p2a: Slowking|94/100 par|[from] Sandstorm
|-heal|p2a: Slowking|100/100 par|[from] item: Leftovers
|upkeep
|turn|13
|
|t:|1658985087
|move|p1a: Magnezone|Flash Cannon|p2a: Slowking
|-damage|p2a: Slowking|44/100 par
|move|p2a: Slowking|Scald|p1a: Magnezone
|-damage|p1a: Magnezone|75/100
|-status|p1a: Magnezone|brn
|
|-weather|Sandstorm|[upkeep]
|-damage|p2a: Slowking|38/100 par|[from] Sandstorm
|-heal|p2a: Slowking|44/100 par|[from] item: Leftovers
|-damage|p1a: Magnezone|68/100 brn|[from] brn
|upkeep
|turn|14
|j| picket wicket
|
|t:|1658985097
|switch|p2a: Weavile|Weavile, F|100/100
|-ability|p2a: Weavile|Pressure
|move|p1a: Magnezone|Flash Cannon|p2a: Weavile
|-supereffective|p2a: Weavile
|-damage|p2a: Weavile|0 fnt
|faint|p2a: Weavile
|
|-weather|none
|-damage|p1a: Magnezone|62/100 brn|[from] brn
|upkeep
|
|t:|1658985104
|switch|p2a: Slowking|Slowking-Galar, M|77/100 par
|-sideend|p2: LT91BB animefan|move: Toxic Spikes|[of] p2a: Slowking
|turn|15
|c|☆LT91BB animefan|i
|l| Lunala
|c|☆LT91BB animefan|read tbolt
|c|☆LT91BB animefan|not flash cannon
|
|t:|1658985121
|switch|p2a: Volcarona|Volcarona, F|100/100
|move|p1a: Magnezone|Flash Cannon|p2a: Volcarona
|-resisted|p2a: Volcarona
|-damage|p2a: Volcarona|68/100
|
|-damage|p1a: Magnezone|56/100 brn|[from] brn
|upkeep
|turn|16
|
|t:|1658985126
|switch|p1a: Toxapex|Toxapex, F|100/100
|move|p2a: Volcarona|Roost|p2a: Volcarona
|-heal|p2a: Volcarona|100/100
|-singleturn|p2a: Volcarona|move: Roost
|
|upkeep
|turn|17
|
|t:|1658985131
|switch|p2a: Corviknight|Corviknight, M|74/100
|-ability|p2a: Corviknight|Pressure
|move|p1a: Toxapex|Haze|p1a: Toxapex
|-clearallboost
|
|upkeep
|turn|18
|
|t:|1658985133
|move|p2a: Corviknight|U-turn|p1a: Toxapex
|-resisted|p1a: Toxapex
|-damage|p1a: Toxapex|97/100
|
|t:|1658985136
|switch|p2a: Slowking|Slowking-Galar, M|100/100 par|[from]move: U-turn
|move|p1a: Toxapex|Toxic Spikes|p2a: Slowking
|-sidestart|p2: LT91BB animefan|move: Toxic Spikes
|
|upkeep
|turn|19
|j| Lunala
|j|+lotiasite
|
|t:|1658985141
|switch|p2a: Volcarona|Volcarona, F|100/100
|move|p1a: Toxapex|Scald|p2a: Volcarona
|-supereffective|p2a: Volcarona
|-damage|p2a: Volcarona|69/100
|
|upkeep
|turn|20
|
|t:|1658985145
|switch|p2a: Slowking|Slowking-Galar, M|100/100 par
|-sideend|p2: LT91BB animefan|move: Toxic Spikes|[of] p2a: Slowking
|switch|p1a: Landorus|Landorus-Therian, M|84/100
|-ability|p1a: Landorus|Intimidate|boost
|-unboost|p2a: Slowking|atk|1
|
|-heal|p1a: Landorus|90/100|[from] item: Leftovers
|upkeep
|turn|21
|
|t:|1658985150
|move|p1a: Landorus|Earthquake|p2a: Slowking
|-supereffective|p2a: Slowking
|-damage|p2a: Slowking|9/100 par
|move|p2a: Slowking|Scald|p1a: Landorus
|-supereffective|p1a: Landorus
|-damage|p1a: Landorus|47/100
|
|-heal|p1a: Landorus|53/100|[from] item: Leftovers
|-heal|p2a: Slowking|15/100 par|[from] item: Leftovers
|upkeep
|turn|22
|
|t:|1658985154
|move|p1a: Landorus|Knock Off|p2a: Slowking
|-supereffective|p2a: Slowking
|-damage|p2a: Slowking|0 fnt
|-enditem|p2a: Slowking|Leftovers|[from] move: Knock Off|[of] p1a: Landorus
|faint|p2a: Slowking
|
|-heal|p1a: Landorus|59/100|[from] item: Leftovers
|upkeep
|-message|LT91BB animefan forfeited.
|
|win|Pinkacross
|raw|Pinkacross's rating: 1899 &rarr; <strong>1916</strong><br />(+17 for winning)
|raw|LT91BB animefan's rating: 1839 &rarr; <strong>1822</strong><br />(-17 for losing)
|l|☆LT91BB animefan
|c|☆Pinkacross|gg
|l| Barracades
|l| LT91BBEZ
|l| chongtian0329
