|j|☆ty-tyui↻
|j|☆Aitana y Zoilo
|t:|1665341089
|gametype|singles
|player|p1|ty-tyui↻|kamado|1626
|player|p2|Aitana y Zoilo|backpacker|1595
|teamsize|p1|6
|teamsize|p2|6
|gen|8
|tier|[Gen 8] OU
|rated|
|rule|Sleep Clause Mod: Limit one foe put to sleep
|rule|Species Clause: Limit one of each Pokémon
|rule|OHKO Clause: OHKO moves are banned
|rule|Evasion Items Clause: Evasion items are banned
|rule|Evasion Moves Clause: Evasion moves are banned
|rule|Endless Battle Clause: Forcing endless battles is banned
|rule|HP Percentage Mod: HP is shown in percentages
|rule|Dynamax Clause: You cannot dynamax
|clearpoke
|poke|p1|Mienshao, F|
|poke|p1|Ninetales-Alola, F|
|poke|p1|Blacephalon|
|poke|p1|Landorus-Therian, M|
|poke|p1|Corviknight, F|
|poke|p1|Rotom-Wash|
|poke|p2|Dragapult, F|
|poke|p2|Tapu Fini|
|poke|p2|Victini|
|poke|p2|Nidoking, M|
|poke|p2|Mandibuzz, F|
|poke|p2|Toxapex, F|
|teampreview
|j| futuro corno
|j| Gjisgaleic
|
|t:|1665341103
|start
|switch|p1a: Ninetales|Ninetales-Alola, F|100/100
|switch|p2a: Nidoking|Nidoking, M|100/100
|-weather|Hail|[from] ability: Snow Warning|[of] p1a: Ninetales
|turn|1
|
|t:|1665341124
|move|p1a: Ninetales|Freeze-Dry|p2a: Nidoking
|-supereffective|p2a: Nidoking
|-enditem|p2a: Nidoking|Focus Sash
|-damage|p2a: Nidoking|1/100
|move|p2a: Nidoking|Stealth Rock|p1a: Ninetales
|-sidestart|p1: ty-tyui↻|move: Stealth Rock
|
|-weather|Hail|[upkeep]
|-damage|p2a: Nidoking|0 fnt|[from] Hail
|faint|p2a: Nidoking
|upkeep
|
|t:|1665341130
|switch|p2a: Victini|Victini|100/100
|turn|2
|j| Va1dez
|
|t:|1665341145
|switch|p1a: Rotom|Rotom-Wash|100/100
|-damage|p1a: Rotom|88/100|[from] Stealth Rock
|move|p2a: Victini|Glaciate|p1a: Rotom
|-resisted|p1a: Rotom
|-damage|p1a: Rotom|82/100
|-unboost|p1a: Rotom|spe|1
|
|-weather|Hail|[upkeep]
|-damage|p2a: Victini|94/100|[from] Hail
|-damage|p1a: Rotom|76/100|[from] Hail
|-heal|p1a: Rotom|82/100|[from] item: Leftovers
|upkeep
|turn|3
|
|t:|1665341151
|move|p2a: Victini|Bolt Strike|p1a: Rotom
|-damage|p1a: Rotom|42/100
|move|p1a: Rotom|Thunder Wave|p2a: Victini
|-status|p2a: Victini|par
|
|-weather|Hail|[upkeep]
|-damage|p2a: Victini|88/100 par|[from] Hail
|-damage|p1a: Rotom|36/100|[from] Hail
|-heal|p1a: Rotom|42/100|[from] item: Leftovers
|upkeep
|turn|4
|
|t:|1665341157
|move|p2a: Victini|Bolt Strike|p1a: Rotom
|-damage|p1a: Rotom|1/100
|move|p1a: Rotom|Pain Split|p2a: Victini
|-sethp|p2a: Victini|45/100 par|[from] move: Pain Split|[silent]
|-sethp|p1a: Rotom|50/100|[from] move: Pain Split
|
|-weather|Hail|[upkeep]
|-damage|p2a: Victini|39/100 par|[from] Hail
|-damage|p1a: Rotom|44/100|[from] Hail
|-heal|p1a: Rotom|50/100|[from] item: Leftovers
|upkeep
|turn|5
|
|t:|1665341166
|switch|p1a: Landorus|Landorus-Therian, M|100/100
|-damage|p1a: Landorus|88/100|[from] Stealth Rock
|-ability|p1a: Landorus|Intimidate|boost
|-unboost|p2a: Victini|atk|1
|move|p2a: Victini|Bolt Strike|p1a: Landorus
|-immune|p1a: Landorus
|
|-weather|none
|-heal|p1a: Landorus|94/100|[from] item: Leftovers
|upkeep
|turn|6
|
|t:|1665341170
|move|p1a: Landorus|U-turn|p2a: Victini
|-damage|p2a: Victini|14/100 par
|
|t:|1665341177
|switch|p1a: Rotom|Rotom-Wash|50/100|[from]move: U-turn
|-damage|p1a: Rotom|38/100|[from] Stealth Rock
|move|p2a: Victini|Glaciate|p1a: Rotom
|-resisted|p1a: Rotom
|-damage|p1a: Rotom|31/100
|-unboost|p1a: Rotom|spe|1
|
|-heal|p1a: Rotom|37/100|[from] item: Leftovers
|upkeep
|turn|7
|
|t:|1665341194
|switch|p1a: Landorus|Landorus-Therian, M|94/100
|-damage|p1a: Landorus|82/100|[from] Stealth Rock
|-ability|p1a: Landorus|Intimidate|boost
|-unboost|p2a: Victini|atk|1
|move|p2a: Victini|Bolt Strike|p1a: Landorus
|-immune|p1a: Landorus
|
|-heal|p1a: Landorus|88/100|[from] item: Leftovers
|upkeep
|turn|8
|
|t:|1665341198
|switch|p2a: Mandibuzz|Mandibuzz, F|100/100
|move|p1a: Landorus|U-turn|p2a: Mandibuzz
|-damage|p2a: Mandibuzz|88/100
|-damage|p1a: Landorus|71/100|[from] item: Rocky Helmet|[of] p2a: Mandibuzz
|
|t:|1665341204
|switch|p1a: Corviknight|Corviknight, F|100/100|[from]move: U-turn
|-damage|p1a: Corviknight|88/100|[from] Stealth Rock
|-ability|p1a: Corviknight|Pressure
|
|upkeep
|turn|9
|inactive|Battle timer is ON: inactive players will automatically lose when time's up. (requested by ty-tyui↻)
|
|t:|1665341214
|switch|p2a: Victini|Victini|14/100 par
|move|p1a: Corviknight|Defog|p2a: Victini
|-unboost|p2a: Victini|evasion|1
|-sideend|p1: ty-tyui↻|Stealth Rock|[from] move: Defog|[of] p1a: Corviknight
|
|upkeep
|turn|10
|
|t:|1665341218
|move|p1a: Corviknight|U-turn|p2a: Victini
|-damage|p2a: Victini|0 fnt
|faint|p2a: Victini
|
|t:|1665341225
|switch|p1a: Ninetales|Ninetales-Alola, F|100/100|[from]move: U-turn
|-weather|Hail|[from] ability: Snow Warning|[of] p1a: Ninetales
|
|-weather|Hail|[upkeep]
|upkeep
|
|t:|1665341229
|switch|p2a: Tapu Fini|Tapu Fini|100/100
|-fieldstart|move: Misty Terrain|[from] ability: Misty Surge|[of] p2a: Tapu Fini
|turn|11
|
|t:|1665341231
|move|p2a: Tapu Fini|Trick|p1a: Ninetales
|-activate|p2a: Tapu Fini|move: Trick|[of] p1a: Ninetales
|-item|p1a: Ninetales|Choice Scarf|[from] move: Trick
|-item|p2a: Tapu Fini|Choice Specs|[from] move: Trick
|move|p1a: Ninetales|Freeze-Dry|p2a: Tapu Fini
|-supereffective|p2a: Tapu Fini
|-damage|p2a: Tapu Fini|58/100
|
|-weather|Hail|[upkeep]
|-damage|p2a: Tapu Fini|52/100|[from] Hail
|upkeep
|turn|12
|-message|Aitana y Zoilo forfeited.
|
|win|ty-tyui↻
|raw|ty-tyui↻'s rating: 1626 &rarr; <strong>1644</strong><br />(+18 for winning)
|raw|Aitana y Zoilo's rating: 1595 &rarr; <strong>1577</strong><br />(-18 for losing)
|l|☆Aitana y Zoilo
