|j|☆minimax_ai
|j|☆Stads
|t:|1661364078
|gametype|singles
|player|p1|minimax_ai|lusamine-nihilego|1629
|player|p2|Stads|102|1630
|teamsize|p1|6
|teamsize|p2|6
|gen|8
|tier|[Gen 8] OU
|rated|
|rule|Sleep Clause Mod: Limit one foe put to sleep
|rule|Species Clause: Limit one of each Pokémon
|rule|OHKO Clause: OHKO moves are banned
|rule|Evasion Items Clause: Evasion items are banned
|rule|Evasion Moves Clause: Evasion moves are banned
|rule|Endless Battle Clause: Forcing endless battles is banned
|rule|HP Percentage Mod: HP is shown in percentages
|rule|Dynamax Clause: You cannot dynamax
|clearpoke
|poke|p1|Rotom-Wash|
|poke|p1|Weavile, F|
|poke|p1|Landorus-Therian, M|
|poke|p1|Heatran, M|
|poke|p1|Tangrowth, M|
|poke|p1|Melmetal|
|poke|p2|Tornadus-Therian, M|
|poke|p2|Corviknight, M|
|poke|p2|Kartana|
|poke|p2|Toxapex, M|
|poke|p2|Hippowdon, F|
|poke|p2|Heatran, F|
|teampreview
|c|☆minimax_ai|hf
|inactive|Battle timer is ON: inactive players will automatically lose when time's up. (requested by minimax_ai)
|
|t:|1661364092
|start
|switch|p1a: Heatran|Heatran, M|100/100
|switch|p2a: Heatran|Heatran, F|100/100
|-item|p1a: Heatran|Air Balloon
|turn|1
|
|t:|1661364094
|switch|p2a: Tornadus|Tornadus-Therian, M|100/100
|move|p1a: Heatran|Earth Power|p2a: Tornadus
|-immune|p2a: Tornadus
|
|upkeep
|turn|2
|
|t:|1661364097
|move|p2a: Tornadus|Knock Off|p1a: Heatran
|-damage|p1a: Heatran|81/100
|-enditem|p1a: Heatran|Air Balloon
|move|p1a: Heatran|Stealth Rock|p2a: Tornadus
|-sidestart|p2: Stads|move: Stealth Rock
|
|upkeep
|turn|3
|
|t:|1661364100
|move|p2a: Tornadus|Hurricane|p1a: Heatran
|-resisted|p1a: Heatran
|-damage|p1a: Heatran|57/100
|move|p1a: Heatran|Earth Power|p2a: Tornadus
|-immune|p2a: Tornadus
|
|upkeep
|turn|4
|
|t:|1661364103
|move|p2a: Tornadus|Hurricane|p1a: Heatran
|-resisted|p1a: Heatran
|-damage|p1a: Heatran|32/100
|-start|p1a: Heatran|confusion
|-activate|p1a: Heatran|confusion
|-damage|p1a: Heatran|23/100|[from] confusion
|
|upkeep
|turn|5
|
|t:|1661364106
|move|p2a: Tornadus|Knock Off|p1a: Heatran
|-damage|p1a: Heatran|10/100
|-activate|p1a: Heatran|confusion
|move|p1a: Heatran|Magma Storm|p2a: Tornadus|[miss]
|-miss|p1a: Heatran|p2a: Tornadus
|
|upkeep
|turn|6
|
|t:|1661364108
|switch|p1a: rotomwash|Rotom-Wash|100/100
|move|p2a: Tornadus|Knock Off|p1a: rotomwash
|-damage|p1a: rotomwash|81/100
|-enditem|p1a: rotomwash|Leftovers|[from] move: Knock Off|[of] p2a: Tornadus
|
|upkeep
|turn|7
|
|t:|1661364110
|move|p2a: Tornadus|U-turn|p1a: rotomwash
|-damage|p1a: rotomwash|65/100
|
|t:|1661364112
|switch|p2a: Toxapex|Toxapex, M|100/100|[from]move: U-turn
|-damage|p2a: Toxapex|88/100|[from] Stealth Rock
|move|p1a: rotomwash|Thunderbolt|p2a: Toxapex
|-supereffective|p2a: Toxapex
|-damage|p2a: Toxapex|27/100
|
|upkeep
|turn|8
|
|t:|1661364116
|switch|p2a: Heatran|Heatran, F|100/100
|-damage|p2a: Heatran|88/100|[from] Stealth Rock
|move|p1a: rotomwash|Thunderbolt|p2a: Heatran
|-damage|p2a: Heatran|66/100
|
|-heal|p2a: Heatran|72/100|[from] item: Leftovers
|upkeep
|turn|9
|
|t:|1661364118
|move|p2a: Heatran|Protect|p2a: Heatran
|-singleturn|p2a: Heatran|Protect
|move|p1a: rotomwash|Hydro Pump|p2a: Heatran
|-activate|p2a: Heatran|move: Protect
|
|-heal|p2a: Heatran|78/100|[from] item: Leftovers
|upkeep
|turn|10
|
|t:|1661364120
|move|p1a: rotomwash|Hydro Pump|p2a: Heatran|[miss]
|-miss|p1a: rotomwash|p2a: Heatran
|move|p2a: Heatran|Toxic|p1a: rotomwash
|-status|p1a: rotomwash|tox
|
|-heal|p2a: Heatran|85/100|[from] item: Leftovers
|-damage|p1a: rotomwash|58/100 tox|[from] psn
|upkeep
|turn|11
|
|t:|1661364123
|switch|p1a: landorustherian|Landorus-Therian, M|100/100
|-ability|p1a: landorustherian|Intimidate|boost
|-unboost|p2a: Heatran|atk|1
|move|p2a: Heatran|Magma Storm|p1a: landorustherian
|-damage|p1a: landorustherian|68/100
|-activate|p1a: landorustherian|move: Magma Storm|[of] p2a: Heatran
|
|-heal|p1a: landorustherian|74/100|[from] item: Leftovers
|-heal|p2a: Heatran|91/100|[from] item: Leftovers
|-damage|p1a: landorustherian|62/100|[from] move: Magma Storm|[partiallytrapped]
|upkeep
|turn|12
|
|t:|1661364125
|move|p2a: Heatran|Protect|p2a: Heatran
|-singleturn|p2a: Heatran|Protect
|move|p1a: landorustherian|U-turn|p2a: Heatran
|-activate|p2a: Heatran|move: Protect
|
|-heal|p1a: landorustherian|68/100|[from] item: Leftovers
|-heal|p2a: Heatran|97/100|[from] item: Leftovers
|-damage|p1a: landorustherian|56/100|[from] move: Magma Storm|[partiallytrapped]
|upkeep
|turn|13
|
|t:|1661364128
|switch|p2a: Corviknight|Corviknight, M|100/100
|-damage|p2a: Corviknight|88/100|[from] Stealth Rock
|-ability|p2a: Corviknight|Pressure
|move|p1a: landorustherian|U-turn|p2a: Corviknight
|-resisted|p2a: Corviknight
|-damage|p2a: Corviknight|84/100
|
|t:|1661364128
|switch|p1a: Heatran|Heatran, M|10/100|[from]move: U-turn
|
|-heal|p2a: Corviknight|91/100|[from] item: Leftovers
|upkeep
|turn|14
|
|t:|1661364133
|switch|p2a: Tornadus|Tornadus-Therian, M|100/100
|-damage|p2a: Tornadus|76/100|[from] Stealth Rock
|move|p1a: Heatran|Magma Storm|p2a: Tornadus
|-damage|p2a: Tornadus|35/100
|-activate|p2a: Tornadus|move: Magma Storm|[of] p1a: Heatran
|
|-damage|p2a: Tornadus|23/100|[from] move: Magma Storm|[partiallytrapped]
|upkeep
|turn|15
|
|t:|1661364135
|switch|p1a: landorustherian|Landorus-Therian, M|56/100
|-ability|p1a: landorustherian|Intimidate|boost
|-unboost|p2a: Tornadus|atk|1
|move|p2a: Tornadus|Knock Off|p1a: landorustherian
|-damage|p1a: landorustherian|41/100
|-enditem|p1a: landorustherian|Leftovers|[from] move: Knock Off|[of] p2a: Tornadus
|
|-end|p2a: Tornadus|Magma Storm|[partiallytrapped]|[silent]
|upkeep
|turn|16
|
|t:|1661364138
|switch|p1a: Melmetal|Melmetal|100/100
|move|p2a: Tornadus|Hurricane|p1a: Melmetal
|-resisted|p1a: Melmetal
|-damage|p1a: Melmetal|88/100
|
|upkeep
|turn|17
|
|t:|1661364140
|move|p2a: Tornadus|Heat Wave|p1a: Melmetal
|-supereffective|p1a: Melmetal
|-damage|p1a: Melmetal|56/100
|move|p1a: Melmetal|Thunder Punch|p2a: Tornadus
|-supereffective|p2a: Tornadus
|-damage|p2a: Tornadus|0 fnt
|faint|p2a: Tornadus
|
|upkeep
|
|t:|1661364144
|switch|p2a: Corviknight|Corviknight, M|91/100
|-damage|p2a: Corviknight|78/100|[from] Stealth Rock
|-ability|p2a: Corviknight|Pressure
|turn|18
|
|t:|1661364145
|move|p2a: Corviknight|Defog|p1a: Melmetal
|-unboost|p1a: Melmetal|evasion|1
|-sideend|p2: Stads|Stealth Rock|[from] move: Defog|[of] p2a: Corviknight
|move|p1a: Melmetal|Thunder Punch|p2a: Corviknight
|-supereffective|p2a: Corviknight
|-damage|p2a: Corviknight|38/100
|
|-heal|p2a: Corviknight|44/100|[from] item: Leftovers
|upkeep
|turn|19
|
|t:|1661364147
|move|p2a: Corviknight|Roost|p2a: Corviknight
|-heal|p2a: Corviknight|94/100
|-singleturn|p2a: Corviknight|move: Roost
|move|p1a: Melmetal|Thunder Punch|p2a: Corviknight
|-damage|p2a: Corviknight|74/100
|
|-heal|p2a: Corviknight|80/100|[from] item: Leftovers
|upkeep
|turn|20
|
|t:|1661364150
|move|p2a: Corviknight|U-turn|p1a: Melmetal
|-resisted|p1a: Melmetal
|-damage|p1a: Melmetal|52/100
|
|t:|1661364152
|switch|p2a: Toxapex|Toxapex, M|60/100|[from]move: U-turn
|move|p1a: Melmetal|Thunder Punch|p2a: Toxapex
|-supereffective|p2a: Toxapex
|-damage|p2a: Toxapex|22/100
|
|upkeep
|turn|21
|
|t:|1661364156
|switch|p2a: Hippowdon|Hippowdon, F|100/100
|-weather|Sandstorm|[from] ability: Sand Stream|[of] p2a: Hippowdon
|move|p1a: Melmetal|Thunder Punch|p2a: Hippowdon
|-immune|p2a: Hippowdon
|
|-weather|Sandstorm|[upkeep]
|upkeep
|turn|22
|
|t:|1661364157
|switch|p1a: landorustherian|Landorus-Therian, M|41/100
|-ability|p1a: landorustherian|Intimidate|boost
|-unboost|p2a: Hippowdon|atk|1
|move|p2a: Hippowdon|Stealth Rock|p1a: landorustherian
|-sidestart|p1: minimax_ai|move: Stealth Rock
|
|-weather|Sandstorm|[upkeep]
|upkeep
|turn|23
|
|t:|1661364160
|switch|p2a: Toxapex|Toxapex, M|55/100
|move|p1a: landorustherian|Defog|p2a: Toxapex
|-unboost|p2a: Toxapex|evasion|1
|-sideend|p1: minimax_ai|Stealth Rock|[from] move: Defog|[of] p1a: landorustherian
|
|-weather|Sandstorm|[upkeep]
|-damage|p2a: Toxapex|49/100|[from] Sandstorm
|upkeep
|turn|24
|
|t:|1661364162
|switch|p2a: Corviknight|Corviknight, M|80/100
|-ability|p2a: Corviknight|Pressure
|move|p1a: landorustherian|Earthquake|p2a: Corviknight
|-immune|p2a: Corviknight
|
|-weather|Sandstorm|[upkeep]
|-heal|p2a: Corviknight|87/100|[from] item: Leftovers
|upkeep
|turn|25
|
|t:|1661364165
|move|p1a: landorustherian|U-turn|p2a: Corviknight
|-resisted|p2a: Corviknight
|-damage|p2a: Corviknight|83/100
|
|t:|1661364165
|switch|p1a: Tangrowth|Tangrowth, M|100/100|[from]move: U-turn
|move|p2a: Corviknight|U-turn|p1a: Tangrowth
|-supereffective|p1a: Tangrowth
|-damage|p1a: Tangrowth|84/100
|-damage|p2a: Corviknight|67/100|[from] item: Rocky Helmet|[of] p1a: Tangrowth
|
|t:|1661364170
|switch|p2a: Heatran|Heatran, F|97/100|[from]move: U-turn
|
|-weather|none
|-heal|p2a: Heatran|100/100|[from] item: Leftovers
|upkeep
|turn|26
|
|t:|1661364171
|switch|p1a: Heatran|Heatran, M|10/100
|move|p2a: Heatran|Magma Storm|p1a: Heatran
|-start|p1a: Heatran|ability: Flash Fire
|
|upkeep
|turn|27
|
|t:|1661364174
|move|p2a: Heatran|Protect|p2a: Heatran
|-singleturn|p2a: Heatran|Protect
|move|p1a: Heatran|Earth Power|p2a: Heatran
|-activate|p2a: Heatran|move: Protect
|
|upkeep
|turn|28
|
|t:|1661364183
|switch|p2a: Hippowdon|Hippowdon, F|100/100
|-weather|Sandstorm|[from] ability: Sand Stream|[of] p2a: Hippowdon
|move|p1a: Heatran|Earth Power|p2a: Hippowdon
|-damage|p2a: Hippowdon|78/100
|-unboost|p2a: Hippowdon|spd|1
|
|-weather|Sandstorm|[upkeep]
|-heal|p2a: Hippowdon|84/100|[from] item: Leftovers
|upkeep
|turn|29
|
|t:|1661364185
|move|p1a: Heatran|Magma Storm|p2a: Hippowdon
|-damage|p2a: Hippowdon|0 fnt
|faint|p2a: Hippowdon
|
|-weather|Sandstorm|[upkeep]
|upkeep
|
|t:|1661364188
|switch|p2a: Kartana|Kartana|100/100
|turn|30
|
|t:|1661364190
|-end|p1a: Heatran|ability: Flash Fire|[silent]
|switch|p1a: Tangrowth|Tangrowth, M|100/100
|move|p2a: Kartana|Knock Off|p1a: Tangrowth
|-damage|p1a: Tangrowth|79/100
|-damage|p2a: Kartana|84/100|[from] item: Rocky Helmet|[of] p1a: Tangrowth
|-enditem|p1a: Tangrowth|Rocky Helmet|[from] move: Knock Off|[of] p2a: Kartana
|
|-weather|Sandstorm|[upkeep]
|-damage|p1a: Tangrowth|73/100|[from] Sandstorm
|upkeep
|turn|31
|
|t:|1661364194
|switch|p2a: Corviknight|Corviknight, M|67/100
|-ability|p2a: Corviknight|Pressure
|switch|p1a: Melmetal|Melmetal|52/100
|
|-weather|Sandstorm|[upkeep]
|-heal|p2a: Corviknight|73/100|[from] item: Leftovers
|upkeep
|turn|32
|
|t:|1661364196
|move|p2a: Corviknight|Body Press|p1a: Melmetal
|-supereffective|p1a: Melmetal
|-crit|p1a: Melmetal
|-damage|p1a: Melmetal|7/100
|move|p1a: Melmetal|Thunder Punch|p2a: Corviknight
|-supereffective|p2a: Corviknight
|-damage|p2a: Corviknight|31/100
|
|-weather|none
|-heal|p2a: Corviknight|37/100|[from] item: Leftovers
|upkeep
|turn|33
|
|t:|1661364199
|switch|p1a: rotomwash|Rotom-Wash|58/100 tox
|move|p2a: Corviknight|Roost|p2a: Corviknight
|-heal|p2a: Corviknight|87/100
|-singleturn|p2a: Corviknight|move: Roost
|
|-heal|p2a: Corviknight|93/100|[from] item: Leftovers
|-damage|p1a: rotomwash|52/100 tox|[from] psn
|upkeep
|turn|34
|
|t:|1661364202
|switch|p2a: Heatran|Heatran, F|100/100
|move|p1a: rotomwash|Thunderbolt|p2a: Heatran
|-damage|p2a: Heatran|78/100
|-status|p2a: Heatran|par
|
|-heal|p2a: Heatran|84/100 par|[from] item: Leftovers
|-damage|p1a: rotomwash|40/100 tox|[from] psn
|upkeep
|turn|35
|
|t:|1661364205
|switch|p2a: Corviknight|Corviknight, M|93/100
|-ability|p2a: Corviknight|Pressure
|move|p1a: rotomwash|Pain Split|p2a: Corviknight
|-sethp|p2a: Corviknight|62/100|[from] move: Pain Split|[silent]
|-sethp|p1a: rotomwash|81/100 tox|[from] move: Pain Split
|
|-heal|p2a: Corviknight|68/100|[from] item: Leftovers
|-damage|p1a: rotomwash|62/100 tox|[from] psn
|upkeep
|turn|36
|
|t:|1661364208
|switch|p2a: Heatran|Heatran, F|84/100 par
|move|p1a: rotomwash|Thunderbolt|p2a: Heatran
|-damage|p2a: Heatran|63/100 par
|
|-heal|p2a: Heatran|69/100 par|[from] item: Leftovers
|-damage|p1a: rotomwash|37/100 tox|[from] psn
|upkeep
|turn|37
|
|t:|1661364211
|switch|p1a: Heatran|Heatran, M|10/100
|switch|p2a: Toxapex|Toxapex, M|82/100
|
|upkeep
|turn|38
|
|t:|1661364213
|move|p1a: Heatran|Magma Storm|p2a: Toxapex
|-resisted|p2a: Toxapex
|-damage|p2a: Toxapex|61/100
|-activate|p2a: Toxapex|move: Magma Storm|[of] p1a: Heatran
|move|p2a: Toxapex|Scald|p1a: Heatran
|-supereffective|p1a: Heatran
|-crit|p1a: Heatran
|-damage|p1a: Heatran|0 fnt
|faint|p1a: Heatran
|
|-end|p2a: Toxapex|Magma Storm|[partiallytrapped]|[silent]
|upkeep
|
|t:|1661364213
|switch|p1a: rotomwash|Rotom-Wash|37/100 tox
|turn|39
|
|t:|1661364216
|switch|p2a: Heatran|Heatran, F|69/100 par
|move|p1a: rotomwash|Thunderbolt|p2a: Heatran
|-damage|p2a: Heatran|49/100 par
|
|-heal|p2a: Heatran|55/100 par|[from] item: Leftovers
|-damage|p1a: rotomwash|31/100 tox|[from] psn
|upkeep
|turn|40
|
|t:|1661364218
|cant|p2a: Heatran|par
|move|p1a: rotomwash|Pain Split|p2a: Heatran
|-sethp|p2a: Heatran|40/100 par|[from] move: Pain Split|[silent]
|-sethp|p1a: rotomwash|50/100 tox|[from] move: Pain Split
|
|-heal|p2a: Heatran|46/100 par|[from] item: Leftovers
|-damage|p1a: rotomwash|38/100 tox|[from] psn
|upkeep
|turn|41
|
|t:|1661364221
|move|p2a: Heatran|Protect|p2a: Heatran
|-singleturn|p2a: Heatran|Protect
|move|p1a: rotomwash|Pain Split|p2a: Heatran
|-activate|p2a: Heatran|move: Protect
|
|-heal|p2a: Heatran|52/100 par|[from] item: Leftovers
|-damage|p1a: rotomwash|19/100 tox|[from] psn
|upkeep
|turn|42
|
|t:|1661364223
|move|p1a: rotomwash|Pain Split|p2a: Heatran
|-sethp|p2a: Heatran|33/100 par|[from] move: Pain Split|[silent]
|-sethp|p1a: rotomwash|42/100 tox|[from] move: Pain Split
|move|p2a: Heatran|Magma Storm|p1a: rotomwash
|-resisted|p1a: rotomwash
|-damage|p1a: rotomwash|20/100 tox
|-activate|p1a: rotomwash|move: Magma Storm|[of] p2a: Heatran
|
|-heal|p2a: Heatran|40/100 par|[from] item: Leftovers
|-damage|p1a: rotomwash|0 fnt|[from] psn
|faint|p1a: rotomwash
|upkeep
|
|t:|1661364223
|switch|p1a: Weavile|Weavile, F|100/100
|-ability|p1a: Weavile|Pressure
|turn|43
|
|t:|1661364226
|switch|p2a: Toxapex|Toxapex, M|95/100
|move|p1a: Weavile|Knock Off|p2a: Toxapex
|-damage|p2a: Toxapex|48/100
|-enditem|p2a: Toxapex|Shed Shell|[from] move: Knock Off|[of] p1a: Weavile
|
|upkeep
|turn|44
|
|t:|1661364229
|move|p1a: Weavile|Knock Off|p2a: Toxapex
|-damage|p2a: Toxapex|18/100
|move|p2a: Toxapex|Recover|p2a: Toxapex
|-heal|p2a: Toxapex|68/100
|
|upkeep
|turn|45
|
|t:|1661364230
|switch|p1a: Melmetal|Melmetal|7/100
|move|p2a: Toxapex|Recover|p2a: Toxapex
|-heal|p2a: Toxapex|100/100
|
|upkeep
|turn|46
|
|t:|1661364232
|move|p1a: Melmetal|Thunder Punch|p2a: Toxapex
|-supereffective|p2a: Toxapex
|-damage|p2a: Toxapex|64/100
|move|p2a: Toxapex|Scald|p1a: Melmetal
|-damage|p1a: Melmetal|0 fnt
|faint|p1a: Melmetal
|
|upkeep
|
|t:|1661364232
|switch|p1a: Weavile|Weavile, F|100/100
|-ability|p1a: Weavile|Pressure
|turn|47
|
|t:|1661364235
|move|p1a: Weavile|Knock Off|p2a: Toxapex
|-damage|p2a: Toxapex|35/100
|move|p2a: Toxapex|Recover|p2a: Toxapex
|-heal|p2a: Toxapex|85/100
|
|upkeep
|turn|48
|
|t:|1661364237
|move|p1a: Weavile|Knock Off|p2a: Toxapex
|-damage|p2a: Toxapex|56/100
|move|p2a: Toxapex|Scald|p1a: Weavile
|-damage|p1a: Weavile|77/100
|-status|p1a: Weavile|brn
|
|-damage|p1a: Weavile|71/100 brn|[from] brn
|upkeep
|turn|49
|
|t:|1661364238
|move|p1a: Weavile|Knock Off|p2a: Toxapex
|-damage|p2a: Toxapex|42/100
|move|p2a: Toxapex|Recover|p2a: Toxapex
|-heal|p2a: Toxapex|92/100
|
|-damage|p1a: Weavile|65/100 brn|[from] brn
|upkeep
|turn|50
|
|t:|1661364240
|move|p1a: Weavile|Knock Off|p2a: Toxapex
|-damage|p2a: Toxapex|78/100
|move|p2a: Toxapex|Scald|p1a: Weavile
|-damage|p1a: Weavile|42/100 brn
|
|-damage|p1a: Weavile|36/100 brn|[from] brn
|upkeep
|turn|51
|
|t:|1661364242
|switch|p1a: Tangrowth|Tangrowth, M|100/100
|move|p2a: Toxapex|Scald|p1a: Tangrowth
|-resisted|p1a: Tangrowth
|-damage|p1a: Tangrowth|89/100
|-status|p1a: Tangrowth|brn
|
|-damage|p1a: Tangrowth|83/100 brn|[from] brn
|upkeep
|turn|52
|
|t:|1661364243
|move|p1a: Tangrowth|Giga Drain|p2a: Toxapex
|-damage|p2a: Toxapex|56/100
|-heal|p1a: Tangrowth|91/100 brn|[from] drain|[of] p2a: Toxapex
|move|p2a: Toxapex|Knock Off|p1a: Tangrowth
|-crit|p1a: Tangrowth
|-damage|p1a: Tangrowth|83/100 brn
|
|-damage|p1a: Tangrowth|77/100 brn|[from] brn
|upkeep
|turn|53
|
|t:|1661364245
|move|p1a: Tangrowth|Giga Drain|p2a: Toxapex
|-damage|p2a: Toxapex|33/100
|-heal|p1a: Tangrowth|86/100 brn|[from] drain|[of] p2a: Toxapex
|move|p2a: Toxapex|Recover|p2a: Toxapex
|-heal|p2a: Toxapex|83/100
|
|-damage|p1a: Tangrowth|79/100 brn|[from] brn
|upkeep
|turn|54
|
|t:|1661364247
|switch|p2a: Corviknight|Corviknight, M|68/100
|-ability|p2a: Corviknight|Pressure
|move|p1a: Tangrowth|Focus Blast|p2a: Corviknight|[miss]
|-miss|p1a: Tangrowth|p2a: Corviknight
|
|-heal|p2a: Corviknight|74/100|[from] item: Leftovers
|-damage|p1a: Tangrowth|73/100 brn|[from] brn
|upkeep
|turn|55
|
|t:|1661364248
|move|p2a: Corviknight|Roost|p2a: Corviknight
|-heal|p2a: Corviknight|100/100
|-singleturn|p2a: Corviknight|move: Roost
|move|p1a: Tangrowth|Focus Blast|p2a: Corviknight|[miss]
|-miss|p1a: Tangrowth|p2a: Corviknight
|
|-damage|p1a: Tangrowth|67/100 brn|[from] brn
|upkeep
|turn|56
|
|t:|1661364251
|switch|p1a: landorustherian|Landorus-Therian, M|41/100
|-ability|p1a: landorustherian|Intimidate|boost
|-unboost|p2a: Corviknight|atk|1
|move|p2a: Corviknight|U-turn|p1a: landorustherian
|-resisted|p1a: landorustherian
|-damage|p1a: landorustherian|37/100
|
|t:|1661364253
|switch|p2a: Kartana|Kartana|84/100|[from]move: U-turn
|
|upkeep
|turn|57
|
|t:|1661364255
|switch|p2a: Corviknight|Corviknight, M|100/100
|-ability|p2a: Corviknight|Pressure
|switch|p1a: Tangrowth|Tangrowth, M|99/100 brn
|
|-damage|p1a: Tangrowth|94/100 brn|[from] brn
|upkeep
|turn|58
|
|t:|1661364259
|move|p2a: Corviknight|Body Press|p1a: Tangrowth
|-damage|p1a: Tangrowth|82/100 brn
|move|p1a: Tangrowth|Giga Drain|p2a: Corviknight
|-resisted|p2a: Corviknight
|-damage|p2a: Corviknight|94/100
|-heal|p1a: Tangrowth|85/100 brn|[from] drain|[of] p2a: Corviknight
|
|-heal|p2a: Corviknight|100/100|[from] item: Leftovers
|-damage|p1a: Tangrowth|79/100 brn|[from] brn
|upkeep
|turn|59
|
|t:|1661364262
|move|p2a: Corviknight|U-turn|p1a: Tangrowth
|-supereffective|p1a: Tangrowth
|-damage|p1a: Tangrowth|64/100 brn
|
|t:|1661364264
|switch|p2a: Toxapex|Toxapex, M|100/100|[from]move: U-turn
|move|p1a: Tangrowth|Knock Off|p2a: Toxapex
|-damage|p2a: Toxapex|96/100
|
|-damage|p1a: Tangrowth|58/100 brn|[from] brn
|upkeep
|turn|60
|
|t:|1661364268
|switch|p2a: Corviknight|Corviknight, M|100/100
|-ability|p2a: Corviknight|Pressure
|move|p1a: Tangrowth|Giga Drain|p2a: Corviknight
|-resisted|p2a: Corviknight
|-damage|p2a: Corviknight|95/100
|-heal|p1a: Tangrowth|61/100 brn|[from] drain|[of] p2a: Corviknight
|
|-heal|p2a: Corviknight|100/100|[from] item: Leftovers
|-damage|p1a: Tangrowth|55/100 brn|[from] brn
|upkeep
|turn|61
|
|t:|1661364270
|switch|p2a: Toxapex|Toxapex, M|100/100
|move|p1a: Tangrowth|Focus Blast|p2a: Toxapex
|-resisted|p2a: Toxapex
|-damage|p2a: Toxapex|89/100
|
|-damage|p1a: Tangrowth|49/100 brn|[from] brn
|upkeep
|turn|62
|
|t:|1661364273
|switch|p2a: Corviknight|Corviknight, M|100/100
|-ability|p2a: Corviknight|Pressure
|move|p1a: Tangrowth|Focus Blast|p2a: Corviknight
|-damage|p2a: Corviknight|73/100
|
|-heal|p2a: Corviknight|79/100|[from] item: Leftovers
|-damage|p1a: Tangrowth|42/100 brn|[from] brn
|upkeep
|turn|63
|
|t:|1661364275
|switch|p1a: landorustherian|Landorus-Therian, M|37/100
|-ability|p1a: landorustherian|Intimidate|boost
|-unboost|p2a: Corviknight|atk|1
|move|p2a: Corviknight|Roost|p2a: Corviknight
|-heal|p2a: Corviknight|100/100
|-singleturn|p2a: Corviknight|move: Roost
|
|upkeep
|turn|64
|
|t:|1661364277
|move|p1a: landorustherian|U-turn|p2a: Corviknight
|-resisted|p2a: Corviknight
|-damage|p2a: Corviknight|97/100
|
|t:|1661364277
|switch|p1a: Weavile|Weavile, F|36/100 brn|[from]move: U-turn
|-ability|p1a: Weavile|Pressure
|move|p2a: Corviknight|Body Press|p1a: Weavile
|-supereffective|p1a: Weavile
|-damage|p1a: Weavile|0 fnt
|faint|p1a: Weavile
|
|-heal|p2a: Corviknight|100/100|[from] item: Leftovers
|upkeep
|
|t:|1661364278
|switch|p1a: Tangrowth|Tangrowth, M|75/100 brn
|turn|65
|
|t:|1661364281
|switch|p1a: landorustherian|Landorus-Therian, M|37/100
|-ability|p1a: landorustherian|Intimidate|boost
|-unboost|p2a: Corviknight|atk|1
|move|p2a: Corviknight|U-turn|p1a: landorustherian
|-resisted|p1a: landorustherian
|-damage|p1a: landorustherian|34/100
|
|t:|1661364284
|switch|p2a: Heatran|Heatran, F|40/100 par|[from]move: U-turn
|
|-heal|p2a: Heatran|46/100 par|[from] item: Leftovers
|upkeep
|turn|66
|
|t:|1661364286
|switch|p2a: Corviknight|Corviknight, M|100/100
|-ability|p2a: Corviknight|Pressure
|move|p1a: landorustherian|Earthquake|p2a: Corviknight
|-immune|p2a: Corviknight
|
|upkeep
|turn|67
|
|t:|1661364288
|move|p1a: landorustherian|Defog|p2a: Corviknight
|-unboost|p2a: Corviknight|evasion|1
|move|p2a: Corviknight|Body Press|p1a: landorustherian
|-resisted|p1a: landorustherian
|-damage|p1a: landorustherian|22/100
|
|upkeep
|turn|68
|
|t:|1661364290
|move|p1a: landorustherian|Defog|p2a: Corviknight
|-unboost|p2a: Corviknight|evasion|1
|move|p2a: Corviknight|Body Press|p1a: landorustherian
|-resisted|p1a: landorustherian
|-damage|p1a: landorustherian|10/100
|
|upkeep
|turn|69
|
|t:|1661364291
|move|p1a: landorustherian|U-turn|p2a: Corviknight
|-resisted|p2a: Corviknight
|-damage|p2a: Corviknight|97/100
|
|t:|1661364291
|switch|p1a: Tangrowth|Tangrowth, M|100/100 brn|[from]move: U-turn
|move|p2a: Corviknight|Body Press|p1a: Tangrowth
|-damage|p1a: Tangrowth|88/100 brn
|
|-heal|p2a: Corviknight|100/100|[from] item: Leftovers
|-damage|p1a: Tangrowth|82/100 brn|[from] brn
|upkeep
|turn|70
|
|t:|1661364296
|move|p2a: Corviknight|U-turn|p1a: Tangrowth
|-supereffective|p1a: Tangrowth
|-damage|p1a: Tangrowth|67/100 brn
|
|t:|1661364297
|switch|p2a: Toxapex|Toxapex, M|100/100|[from]move: U-turn
|move|p1a: Tangrowth|Focus Blast|p2a: Toxapex
|-resisted|p2a: Toxapex
|-damage|p2a: Toxapex|88/100
|
|-damage|p1a: Tangrowth|61/100 brn|[from] brn
|upkeep
|turn|71
|
|t:|1661364301
|switch|p2a: Heatran|Heatran, F|46/100 par
|move|p1a: Tangrowth|Sleep Powder||[still]
|-fail|p1a: Tangrowth
|
|-heal|p2a: Heatran|52/100 par|[from] item: Leftovers
|-damage|p1a: Tangrowth|55/100 brn|[from] brn
|upkeep
|turn|72
|
|t:|1661364304
|switch|p1a: landorustherian|Landorus-Therian, M|10/100
|-ability|p1a: landorustherian|Intimidate|boost
|-unboost|p2a: Heatran|atk|1
|move|p2a: Heatran|Magma Storm|p1a: landorustherian
|-damage|p1a: landorustherian|0 fnt
|faint|p1a: landorustherian
|
|-heal|p2a: Heatran|58/100 par|[from] item: Leftovers
|upkeep
|
|t:|1661364304
|switch|p1a: Tangrowth|Tangrowth, M|88/100 brn
|turn|73
|
|t:|1661364307
|move|p1a: Tangrowth|Knock Off|p2a: Heatran
|-damage|p2a: Heatran|49/100 par
|-enditem|p2a: Heatran|Leftovers|[from] move: Knock Off|[of] p1a: Tangrowth
|cant|p2a: Heatran|par
|
|-damage|p1a: Tangrowth|82/100 brn|[from] brn
|upkeep
|turn|74
|
|t:|1661364309
|move|p1a: Tangrowth|Knock Off|p2a: Heatran
|-damage|p2a: Heatran|43/100 par
|move|p2a: Heatran|Magma Storm|p1a: Tangrowth
|-supereffective|p1a: Tangrowth
|-damage|p1a: Tangrowth|0 fnt
|faint|p1a: Tangrowth
|
|win|Stads
|raw|minimax_ai's rating: 1629 &rarr; <strong>1609</strong><br />(-20 for losing)
|raw|Stads's rating: 1630 &rarr; <strong>1650</strong><br />(+20 for winning)
|c|☆minimax_ai|gg
