|raw|<div class="broadcast-blue"><strong>This battle is required to be public due to a player having a name starting with 'lt81yl'.</div>
|j|☆LT81YL MimikyuStrD
|j|☆BestixL
|t:|1625069999
|gametype|singles
|player|p1|LT81YL MimikyuStrD|lillie-z|1712
|player|p2|BestixL|burnet|1794
|teamsize|p1|6
|teamsize|p2|6
|gen|8
|tier|[Gen 8] OU
|rated|
|rule|Sleep Clause Mod: Limit one foe put to sleep
|rule|Species Clause: Limit one of each Pokémon
|rule|OHKO Clause: OHKO moves are banned
|rule|Evasion Moves Clause: Evasion moves are banned
|rule|Endless Battle Clause: Forcing endless battles is banned
|rule|HP Percentage Mod: HP is shown in percentages
|rule|Dynamax Clause: You cannot dynamax
|clearpoke
|poke|p1|Cloyster, F|
|poke|p1|Druddigon, F|
|poke|p1|Slowbro-Galar, M|
|poke|p1|Togekiss, F|
|poke|p1|Volcarona, M|
|poke|p1|Kartana|
|poke|p2|Slowking-Galar, F|
|poke|p2|Landorus-Therian, M|
|poke|p2|Weavile, F|
|poke|p2|Toxapex, M|
|poke|p2|Tapu Fini|
|poke|p2|Corviknight, M|
|teampreview
|j| LT81YL Bpewn
|j| Red Parade
|l| LT81YL Bpewn
|j| LT81YL ISMAIL
|j| reje
|j| LT81YL Multiprise
|j| LT81YL Power
|j| LT81YL LOUAYE
|j| Down The Hatchet
|j| kani baru
|j| LT81YL cuzzie
|l| LT81YL cuzzie
|j| cute pink team
|inactive|Battle timer is ON: inactive players will automatically lose when time's up. (requested by LT81YL MimikyuStrD)
|j| vehtubi
|j| Freezerman
|j| I am a kingdra
|j| LT81YL Ojczul
|
|t:|1625070068
|start
|switch|p1a: get haxed|Druddigon, F|100/100
|switch|p2a: Landorus|Landorus-Therian, M|100/100
|-ability|p2a: Landorus|Intimidate|boost
|-unboost|p1a: get haxed|atk|1
|-ability|p1a: get haxed|Mold Breaker
|turn|1
|l| LT81YL Ojczul
|j| out bpj
|
|t:|1625070075
|move|p2a: Landorus|Stealth Rock|p1a: get haxed
|-sidestart|p1: LT81YL MimikyuStrD|move: Stealth Rock
|move|p1a: get haxed|Stealth Rock|p2a: Landorus
|-sidestart|p2: BestixL|move: Stealth Rock
|
|upkeep
|turn|2
|j| LT81YL goatzone
|c| I am a kingdra|where is god raboot
|
|t:|1625070087
|move|p2a: Landorus|U-turn|p1a: get haxed
|-damage|p1a: get haxed|75/100
|j| Dog shelters
|j| neveronmain
|c|☆LT81YL MimikyuStrD|not here
|j| kira's queen
|
|t:|1625070095
|switch|p2a: Tapu Fini|Tapu Fini|100/100|[from]move: U-turn
|-damage|p2a: Tapu Fini|88/100|[from] Stealth Rock
|-fieldstart|move: Misty Terrain|[from] ability: Misty Surge|[of] p2a: Tapu Fini
|move|p1a: get haxed|Glare|p2a: Tapu Fini
|-activate|p2a: Tapu Fini|move: Misty Terrain
|
|-heal|p2a: Tapu Fini|94/100|[from] item: Leftovers
|upkeep
|turn|3
|j| pliang838
|c| I am a kingdra|sdds
|
|t:|1625070105
|move|p2a: Tapu Fini|Scald|p1a: get haxed
|-resisted|p1a: get haxed
|-damage|p1a: get haxed|62/100
|move|p1a: get haxed|Roar|p2a: Tapu Fini
|drag|p2a: Slowking|Slowking-Galar, F|100/100
|-damage|p2a: Slowking|88/100|[from] Stealth Rock
|
|upkeep
|turn|4
|
|t:|1625070110
|move|p2a: Slowking|Ice Beam|p1a: get haxed
|-supereffective|p1a: get haxed
|-damage|p1a: get haxed|8/100
|move|p1a: get haxed|Roar|p2a: Slowking
|drag|p2a: Weavile|Weavile, F|100/100
|-ability|p2a: Weavile|Pressure
|
|upkeep
|turn|5
|
|t:|1625070114
|move|p2a: Weavile|Ice Shard|p1a: get haxed
|-supereffective|p1a: get haxed
|-damage|p1a: get haxed|0 fnt
|faint|p1a: get haxed
|
|upkeep
|j| LT81YL lSheik
|j| LT81YL Manolo
|j| forestcave
|c| Red Parade|Magic guard weavile
|
|t:|1625070126
|switch|p1a: trollface|Kartana|100/100
|-damage|p1a: trollface|94/100|[from] Stealth Rock
|turn|6
|j|%Pujo
|c| Red Parade|Pretty big room ngl
|
|t:|1625070134
|switch|p2a: Corviknight|Corviknight, M|100/100
|-damage|p2a: Corviknight|88/100|[from] Stealth Rock
|-ability|p2a: Corviknight|Pressure
|move|p1a: trollface|Leaf Blade|p2a: Corviknight
|-resisted|p2a: Corviknight
|-damage|p2a: Corviknight|80/100
|
|-heal|p2a: Corviknight|86/100|[from] item: Leftovers
|-fieldend|Misty Terrain
|upkeep
|turn|7
|c| vehtubi|24
|c| vehtubi|damn
|c| pliang838|yeah 24 users
|c| pliang838|wow
|c| vehtubi|now 23
|l| LT81YL lSheik
|c| vehtubi|bye
|l| vehtubi
|c| pliang838|bye
|
|t:|1625070150
|switch|p1a: olt deeznuts|Volcarona, M|100/100
|move|p2a: Corviknight|Defog|p1a: olt deeznuts
|-unboost|p1a: olt deeznuts|evasion|1
|-sideend|p1: LT81YL MimikyuStrD|Stealth Rock|[from] move: Defog|[of] p2a: Corviknight
|-sideend|p2: BestixL|Stealth Rock|[from] move: Defog|[of] p2a: Corviknight
|
|-heal|p2a: Corviknight|92/100|[from] item: Leftovers
|upkeep
|turn|8
|j| Maxouille
|
|t:|1625070161
|switch|p2a: Toxapex|Toxapex, M|100/100
|move|p1a: olt deeznuts|Quiver Dance|p1a: olt deeznuts
|-boost|p1a: olt deeznuts|spa|1
|-boost|p1a: olt deeznuts|spd|1
|-boost|p1a: olt deeznuts|spe|1
|
|upkeep
|turn|9
|
|t:|1625070163
|move|p1a: olt deeznuts|Psychic|p2a: Toxapex
|-supereffective|p2a: Toxapex
|-damage|p2a: Toxapex|39/100
|move|p2a: Toxapex|Haze|p2a: Toxapex
|-clearallboost
|
|upkeep
|turn|10
|j| Aniruddha Saha
|
|t:|1625070170
|switch|p2a: Landorus|Landorus-Therian, M|100/100
|-ability|p2a: Landorus|Intimidate|boost
|-unboost|p1a: olt deeznuts|atk|1
|move|p1a: olt deeznuts|Quiver Dance|p1a: olt deeznuts
|-boost|p1a: olt deeznuts|spa|1
|-boost|p1a: olt deeznuts|spd|1
|-boost|p1a: olt deeznuts|spe|1
|
|upkeep
|turn|11
|j| LT81YL Adri
|j| ej0114
|l|%Pujo
|j| Maxance
|j| karacoba
|
|t:|1625070195
|move|p1a: olt deeznuts|Fire Blast|p2a: Landorus
|-damage|p2a: Landorus|23/100
|move|p2a: Landorus|Earthquake|p1a: olt deeznuts
|-damage|p1a: olt deeznuts|25/100
|
|-heal|p2a: Landorus|29/100|[from] item: Leftovers
|upkeep
|turn|12
|l| Maxance
|j| AMC TO THE MOOON
|
|t:|1625070211
|move|p1a: olt deeznuts|Psychic|p2a: Landorus
|-damage|p2a: Landorus|0 fnt
|faint|p2a: Landorus
|
|upkeep
|
|t:|1625070215
|switch|p2a: Slowking|Slowking-Galar, F|100/100
|turn|13
|l| karacoba
|
|t:|1625070225
|move|p1a: olt deeznuts|Fire Blast|p2a: Slowking
|-damage|p2a: Slowking|63/100
|move|p2a: Slowking|Future Sight|p1a: olt deeznuts
|-start|p2a: Slowking|move: Future Sight
|
|upkeep
|turn|14
|
|t:|1625070240
|move|p1a: olt deeznuts|Fire Blast|p2a: Slowking
|-damage|p2a: Slowking|28/100
|-status|p2a: Slowking|brn
|move|p2a: Slowking|Sludge Bomb|p1a: olt deeznuts
|-damage|p1a: olt deeznuts|0 fnt
|faint|p1a: olt deeznuts
|
|-damage|p2a: Slowking|22/100 brn|[from] brn
|upkeep
|j| skyexperimenter
|j| ZAB0R
|
|t:|1625070250
|switch|p1a: trollface|Kartana|94/100
|turn|15
|
|t:|1625070254
|switch|p2a: Corviknight|Corviknight, M|92/100
|-ability|p2a: Corviknight|Pressure
|move|p1a: trollface|Knock Off|p2a: Corviknight
|-damage|p2a: Corviknight|64/100
|-enditem|p2a: Corviknight|Leftovers|[from] move: Knock Off|[of] p1a: trollface
|
|-end|p1a: trollface|move: Future Sight
|-resisted|p1a: trollface
|-damage|p1a: trollface|21/100
|upkeep
|turn|16
|c| Red Parade|Fs btw
|j| Mrdarkweep
|
|t:|1625070280
|switch|p1a: lol get smacked|Slowbro-Galar, M|100/100
|move|p2a: Corviknight|Roost|p2a: Corviknight
|-heal|p2a: Corviknight|100/100
|-singleturn|p2a: Corviknight|move: Roost
|
|upkeep
|turn|17
|j| LT81YL KZP
|j| skimmythegod
|j| LT81YL Pojian
|inactive|BestixL has 120 seconds left.
|l| LT81YL KZP
|c|☆BestixL|this shit is drain punch eq shell right
|
|t:|1625070306
|move|p2a: Corviknight|Iron Defense|p2a: Corviknight
|-boost|p2a: Corviknight|def|2
|move|p1a: lol get smacked|Belly Drum|p1a: lol get smacked
|-damage|p1a: lol get smacked|51/100
|-setboost|p1a: lol get smacked|atk|6|[from] move: Belly Drum
|
|upkeep
|turn|18
|j|%Ox the Fox
|c|☆LT81YL MimikyuStrD|prefer not to answer
|c|☆BestixL|and belly
|c| Red Parade|Oh
|-activate|p1a: lol get smacked|ability: Quick Draw
|
|t:|1625070315
|move|p1a: lol get smacked|Drain Punch|p2a: Corviknight
|-damage|p2a: Corviknight|73/100
|-heal|p1a: lol get smacked|66/100|[from] drain|[of] p2a: Corviknight
|move|p2a: Corviknight|Iron Defense|p2a: Corviknight
|-boost|p2a: Corviknight|def|2
|
|upkeep
|turn|19
|inactive|BestixL has 120 seconds left.
|c| I am a kingdra|nice chip
|j| LT81YL lSheik
|c| Red Parade|That did nothing lmao
|c| pliang838|wow
|-activate|p1a: lol get smacked|ability: Quick Draw
|
|t:|1625070322
|move|p1a: lol get smacked|Drain Punch|p2a: Corviknight
|-damage|p2a: Corviknight|56/100
|-heal|p1a: lol get smacked|75/100|[from] drain|[of] p2a: Corviknight
|move|p2a: Corviknight|Roost|p2a: Corviknight
|-heal|p2a: Corviknight|100/100
|-singleturn|p2a: Corviknight|move: Roost
|
|upkeep
|turn|20
|l| LT81YL lSheik
|
|t:|1625070327
|move|p2a: Corviknight|Iron Defense|p2a: Corviknight
|-boost|p2a: Corviknight|def|2
|move|p1a: lol get smacked|Drain Punch|p2a: Corviknight
|-damage|p2a: Corviknight|86/100
|-heal|p1a: lol get smacked|84/100|[from] drain|[of] p2a: Corviknight
|
|upkeep
|turn|21
|l| neveronmain
|
|t:|1625070333
|switch|p1a: screw fun|Togekiss, F|100/100
|move|p2a: Corviknight|Roost|p2a: Corviknight
|-heal|p2a: Corviknight|100/100
|-singleturn|p2a: Corviknight|move: Roost
|
|upkeep
|turn|22
|c| Red Parade|Flinch 14 times
|c| pliang838|yes
|c| pliang838|perfect
|c|☆BestixL|this is salac
|inactive|BestixL has 120 seconds left.
|c| Red Parade|Why would it be salac lol
|c| Red Parade|its boots
|l| LT81YL LOUAYE
|
|t:|1625070375
|switch|p2a: Weavile|Weavile, F|100/100
|-ability|p2a: Weavile|Pressure
|move|p1a: screw fun|Substitute|p1a: screw fun
|-start|p1a: screw fun|Substitute
|-damage|p1a: screw fun|75/100
|
|upkeep
|turn|23
|j| Okayu Supremacy
|
|t:|1625070381
|move|p2a: Weavile|Triple Axel|p1a: screw fun|[miss]
|-miss|p2a: Weavile|p1a: screw fun
|move|p1a: screw fun|Nasty Plot|p1a: screw fun
|-boost|p1a: screw fun|spa|2
|
|upkeep
|turn|24
|c| I am a kingdra|different
|inactive|BestixL has 120 seconds left.
|
|t:|1625070404
|move|p2a: Weavile|Triple Axel|p1a: screw fun
|-supereffective|p1a: screw fun
|-activate|p1a: screw fun|move: Substitute|[damage]
|-supereffective|p1a: screw fun
|-end|p1a: screw fun|Substitute
|-hitcount|p1a: screw fun|2
|move|p1a: screw fun|Air Slash|p2a: Weavile
|-damage|p2a: Weavile|0 fnt
|faint|p2a: Weavile
|
|upkeep
|j| regnite ◕‿◕
|c| Red Parade|Ooooo
|c| Red Parade|Spicy
|inactive|BestixL has 90 seconds left.
|c|☆LT81YL MimikyuStrD|HaxToClimbLadder
|l| Okayu Supremacy
|inactive|BestixL has 60 seconds left.
|c| Red Parade|I was gonna change my name to that but turns out it was taken
|
|t:|1625070464
|switch|p2a: Slowking|Slowking-Galar, F|55/100 brn
|turn|25
|
|t:|1625070469
|move|p1a: screw fun|Air Slash|p2a: Slowking
|-damage|p2a: Slowking|23/100 brn
|move|p2a: Slowking|Sludge Bomb|p1a: screw fun
|-supereffective|p1a: screw fun
|-damage|p1a: screw fun|4/100
|-status|p1a: screw fun|psn
|-enditem|p1a: screw fun|Salac Berry|[eat]
|-boost|p1a: screw fun|spe|1|[from] item: Salac Berry
|
|-damage|p1a: screw fun|0 fnt|[from] psn
|faint|p1a: screw fun
|-damage|p2a: Slowking|16/100 brn|[from] brn
|upkeep
|j| LT81YL Bpewn
|c| pliang838|rip
|c| I am a kingdra|robbed
|
|t:|1625070480
|switch|p1a: I dont like you|Cloyster, F, shiny|100/100
|turn|26
|c| pliang838|hax by king
|
|t:|1625070487
|move|p1a: I dont like you|Icicle Spear|p2a: Slowking
|-damage|p2a: Slowking|4/100 brn
|-damage|p2a: Slowking|0 fnt
|faint|p2a: Slowking
|-hitcount|p2: Slowking|2
|
|upkeep
|j| John W
|l| John W
|
|t:|1625070494
|switch|p2a: Corviknight|Corviknight, M|100/100
|-ability|p2a: Corviknight|Pressure
|turn|27
|j|+AM
|
|t:|1625070498
|move|p1a: I dont like you|Shell Smash|p1a: I dont like you
|-unboost|p1a: I dont like you|def|1
|-unboost|p1a: I dont like you|spd|1
|-boost|p1a: I dont like you|atk|2
|-boost|p1a: I dont like you|spa|2
|-boost|p1a: I dont like you|spe|2
|move|p2a: Corviknight|Iron Defense|p2a: Corviknight
|-boost|p2a: Corviknight|def|2
|
|upkeep
|turn|28
|c| Red Parade|u only need
|c| Red Parade|uh
|
|t:|1625070502
|move|p1a: I dont like you|Icicle Spear|p2a: Corviknight
|-damage|p2a: Corviknight|93/100
|-damage|p2a: Corviknight|86/100
|-damage|p2a: Corviknight|80/100
|-damage|p2a: Corviknight|73/100
|-damage|p2a: Corviknight|66/100
|-hitcount|p2a: Corviknight|5
|move|p2a: Corviknight|Body Press|p1a: I dont like you
|-supereffective|p1a: I dont like you
|-damage|p1a: I dont like you|0 fnt
|faint|p1a: I dont like you
|
|upkeep
|c| Red Parade|23 flinches
|c|☆BestixL|GG
|c| LT81YL goatzone|is dat moondazing lol
|c|☆LT81YL MimikyuStrD|:(
|c| Freezerman|Nope
|c| Red Parade|F
|
|t:|1625070515
|switch|p1a: trollface|Kartana|21/100
|turn|29
|l|+AM
|
|t:|1625070518
|move|p1a: trollface|Sacred Sword|p2a: Corviknight
|-damage|p2a: Corviknight|42/100
|move|p2a: Corviknight|Body Press|p1a: trollface
|-supereffective|p1a: trollface
|-damage|p1a: trollface|0 fnt
|faint|p1a: trollface
|
|upkeep
|
|t:|1625070525
|switch|p1a: lol get smacked|Slowbro-Galar, M|84/100
|turn|30
|l| out bpj
|
|t:|1625070528
|move|p2a: Corviknight|Roost|p2a: Corviknight
|-heal|p2a: Corviknight|92/100
|-singleturn|p2a: Corviknight|move: Roost
|move|p1a: lol get smacked|Belly Drum|p1a: lol get smacked
|-damage|p1a: lol get smacked|34/100
|-setboost|p1a: lol get smacked|atk|6|[from] move: Belly Drum
|
|upkeep
|turn|31
|c| I am a kingdra|slowbro will crit
|-activate|p1a: lol get smacked|ability: Quick Draw
|
|t:|1625070533
|move|p1a: lol get smacked|Drain Punch|p2a: Corviknight
|-damage|p2a: Corviknight|64/100
|-heal|p1a: lol get smacked|49/100|[from] drain|[of] p2a: Corviknight
|move|p2a: Corviknight|Iron Defense|p2a: Corviknight
|-boost|p2a: Corviknight|def|2
|
|upkeep
|turn|32
|c| Red Parade|Yes
|l| kira's queen
|
|t:|1625070540
|move|p2a: Corviknight|Roost|p2a: Corviknight
|-heal|p2a: Corviknight|100/100
|-singleturn|p2a: Corviknight|move: Roost
|move|p1a: lol get smacked|Zen Headbutt|p2a: Corviknight
|-resisted|p2a: Corviknight
|-damage|p2a: Corviknight|86/100
|
|upkeep
|turn|33
|c| Red Parade|Reveal specs belly drum fire blast
|-activate|p1a: lol get smacked|item: Quick Claw
|
|t:|1625070546
|move|p1a: lol get smacked|Zen Headbutt|p2a: Corviknight
|-resisted|p2a: Corviknight
|-damage|p2a: Corviknight|72/100
|cant|p2a: Corviknight|flinch
|
|upkeep
|turn|34
|
|t:|1625070549
|move|p2a: Corviknight|Roost|p2a: Corviknight
|-heal|p2a: Corviknight|100/100
|-singleturn|p2a: Corviknight|move: Roost
|move|p1a: lol get smacked|Zen Headbutt|p2a: Corviknight
|-resisted|p2a: Corviknight
|-damage|p2a: Corviknight|85/100
|
|upkeep
|turn|35
|
|t:|1625070554
|move|p2a: Corviknight|Iron Defense|p2a: Corviknight
|-boost|p2a: Corviknight|def|2
|move|p1a: lol get smacked|Drain Punch|p2a: Corviknight
|-damage|p2a: Corviknight|71/100
|-heal|p1a: lol get smacked|57/100|[from] drain|[of] p2a: Corviknight
|
|upkeep
|turn|36
|-activate|p1a: lol get smacked|ability: Quick Draw
|
|t:|1625070557
|move|p1a: lol get smacked|Zen Headbutt|p2a: Corviknight
|-resisted|p2a: Corviknight
|-damage|p2a: Corviknight|60/100
|move|p2a: Corviknight|Body Press|p1a: lol get smacked
|-resisted|p1a: lol get smacked
|-damage|p1a: lol get smacked|31/100
|
|upkeep
|turn|37
|
|t:|1625070562
|move|p2a: Corviknight|Body Press|p1a: lol get smacked
|-resisted|p1a: lol get smacked
|-damage|p1a: lol get smacked|3/100
|move|p1a: lol get smacked|Drain Punch|p2a: Corviknight
|-damage|p2a: Corviknight|45/100
|-heal|p1a: lol get smacked|11/100|[from] drain|[of] p2a: Corviknight
|
|upkeep
|turn|38
|-activate|p1a: lol get smacked|ability: Quick Draw
|
|t:|1625070565
|move|p1a: lol get smacked|Drain Punch|p2a: Corviknight
|-damage|p2a: Corviknight|30/100
|-heal|p1a: lol get smacked|19/100|[from] drain|[of] p2a: Corviknight
|move|p2a: Corviknight|Body Press|p1a: lol get smacked
|-resisted|p1a: lol get smacked
|-damage|p1a: lol get smacked|0 fnt
|faint|p1a: lol get smacked
|
|win|BestixL
|raw|LT81YL MimikyuStrD's rating: 1712 &rarr; <strong>1697</strong><br />(-15 for losing)
|raw|BestixL's rating: 1794 &rarr; <strong>1809</strong><br />(+15 for winning)
|c|☆LT81YL MimikyuStrD|gg
|c|☆BestixL|gg
|l| LT81YL goatzone
|l| LT81YL Multiprise
|l| Freezerman
|l| Mrdarkweep
|l|☆LT81YL MimikyuStrD
|l| I am a kingdra
|l| Dog shelters
|l| Maxouille
|l| forestcave
|l| kani baru
|l| reje
|l|%Ox the Fox
||Ladder isn't responding, score probably updated but might not have (Request timeout).
|l|☆BestixL
|j| yop on the flux
|l| LT81YL Pojian
