|j|☆gaasaa
|j|☆Suricata2000
|t:|1660886186
|gametype|singles
|player|p1|gaasaa|169|1555
|player|p2|Suricata2000|lady-gen4|1517
|teamsize|p1|6
|teamsize|p2|6
|gen|8
|tier|[Gen 8] OU
|rated|
|rule|Sleep Clause Mod: Limit one foe put to sleep
|rule|Species Clause: Limit one of each Pokémon
|rule|OHKO Clause: OHKO moves are banned
|rule|Evasion Items Clause: Evasion items are banned
|rule|Evasion Moves Clause: Evasion moves are banned
|rule|Endless Battle Clause: Forcing endless battles is banned
|rule|HP Percentage Mod: HP is shown in percentages
|rule|Dynamax Clause: You cannot dynamax
|clearpoke
|poke|p1|Volcarona, F|
|poke|p1|Dragapult, F|
|poke|p1|Blacephalon|
|poke|p1|Heatran, F|
|poke|p1|Tapu Koko|
|poke|p1|Rillaboom, M|
|poke|p2|Dragapult, F|
|poke|p2|Urshifu-*, F|
|poke|p2|Slowking-Galar, F|
|poke|p2|Corviknight, M|
|poke|p2|Landorus-Therian, M|
|poke|p2|Weavile, M|
|teampreview
|inactive|Battle timer is ON: inactive players will automatically lose when time's up. (requested by Suricata2000)
|inactive|gaasaa also wants the timer to be on.
|
|t:|1660886195
|start
|switch|p1a: Blacephalon|Blacephalon|100/100
|switch|p2a: Landorus|Landorus-Therian, M|100/100
|-ability|p2a: Landorus|Intimidate|boost
|-unboost|p1a: Blacephalon|atk|1
|turn|1
|
|t:|1660886204
|move|p1a: Blacephalon|Fire Blast|p2a: Landorus
|-damage|p2a: Landorus|28/100
|move|p2a: Landorus|Earthquake|p1a: Blacephalon
|-supereffective|p1a: Blacephalon
|-damage|p1a: Blacephalon|0 fnt
|faint|p1a: Blacephalon
|
|-heal|p2a: Landorus|34/100|[from] item: Leftovers
|upkeep
|
|t:|1660886210
|switch|p1a: Dragapult|Dragapult, F|100/100
|turn|2
|
|t:|1660886217
|switch|p2a: Corviknight|Corviknight, M|100/100
|-ability|p2a: Corviknight|Pressure
|move|p1a: Dragapult|Dragon Darts|p2a: Corviknight
|-resisted|p2a: Corviknight
|-damage|p2a: Corviknight|93/100
|-anim|p1a: Dragapult|Dragon Darts|p2a: Corviknight
|-resisted|p2a: Corviknight
|-damage|p2a: Corviknight|84/100
|
|upkeep
|turn|3
|
|t:|1660886228
|move|p1a: Dragapult|Fire Blast|p2a: Corviknight
|-supereffective|p2a: Corviknight
|-damage|p2a: Corviknight|35/100
|move|p2a: Corviknight|U-turn|p1a: Dragapult
|-resisted|p1a: Dragapult
|-damage|p1a: Dragapult|89/100
|inactive|Suricata2000 has 120 seconds left.
|
|t:|1660886259
|switch|p2a: Weavile|Weavile, M|100/100|[from]move: U-turn
|-ability|p2a: Weavile|Pressure
|
|upkeep
|turn|4
|inactive|Suricata2000 has 120 seconds left.
|
|t:|1660886271
|switch|p1a: Heatran|Heatran, F|100/100
|move|p2a: Weavile|Swords Dance|p2a: Weavile
|-boost|p2a: Weavile|atk|2
|
|upkeep
|turn|5
|
|t:|1660886279
|move|p2a: Weavile|Knock Off|p1a: Heatran
|-crit|p1a: Heatran
|-damage|p1a: Heatran|0 fnt
|-enditem|p1a: Heatran|Chople Berry|[from] move: Knock Off|[of] p2a: Weavile
|faint|p1a: Heatran
|
|upkeep
|
|t:|1660886283
|switch|p1a: Volcarona|Volcarona, F|100/100
|turn|6
|
|t:|1660886288
|move|p2a: Weavile|Knock Off|p1a: Volcarona
|-damage|p1a: Volcarona|6/100
|-enditem|p1a: Volcarona|Heavy-Duty Boots|[from] move: Knock Off|[of] p2a: Weavile
|move|p1a: Volcarona|Roost|p1a: Volcarona
|-heal|p1a: Volcarona|56/100
|-singleturn|p1a: Volcarona|move: Roost
|
|upkeep
|turn|7
|
|t:|1660886294
|move|p2a: Weavile|Knock Off|p1a: Volcarona
|-damage|p1a: Volcarona|0 fnt
|faint|p1a: Volcarona
|
|upkeep
|
|t:|1660886297
|switch|p1a: Tapu Koko|Tapu Koko|100/100
|-fieldstart|move: Electric Terrain|[from] ability: Electric Surge|[of] p1a: Tapu Koko
|turn|8
|
|t:|1660886306
|move|p2a: Weavile|Ice Shard|p1a: Tapu Koko
|-damage|p1a: Tapu Koko|53/100
|move|p1a: Tapu Koko|Dazzling Gleam|p2a: Weavile
|-supereffective|p2a: Weavile
|-damage|p2a: Weavile|24/100
|
|-heal|p1a: Tapu Koko|60/100|[from] item: Leftovers
|upkeep
|turn|9
|
|t:|1660886323
|switch|p2a: Slowking|Slowking-Galar, F|100/100
|move|p1a: Tapu Koko|Thunderbolt|p2a: Slowking
|-damage|p2a: Slowking|84/100
|-status|p2a: Slowking|par
|
|-heal|p1a: Tapu Koko|66/100|[from] item: Leftovers
|upkeep
|turn|10
|
|t:|1660886331
|move|p1a: Tapu Koko|Calm Mind|p1a: Tapu Koko
|-boost|p1a: Tapu Koko|spa|1
|-boost|p1a: Tapu Koko|spd|1
|cant|p2a: Slowking|par
|
|-heal|p1a: Tapu Koko|72/100|[from] item: Leftovers
|upkeep
|turn|11
|
|t:|1660886342
|move|p1a: Tapu Koko|Calm Mind|p1a: Tapu Koko
|-boost|p1a: Tapu Koko|spa|1
|-boost|p1a: Tapu Koko|spd|1
|move|p2a: Slowking|Sludge Bomb|p1a: Tapu Koko
|-supereffective|p1a: Tapu Koko
|-damage|p1a: Tapu Koko|25/100
|-status|p1a: Tapu Koko|psn
|
|-heal|p1a: Tapu Koko|31/100 psn|[from] item: Leftovers
|-damage|p1a: Tapu Koko|18/100 psn|[from] psn
|upkeep
|turn|12
|
|t:|1660886351
|move|p1a: Tapu Koko|Roost|p1a: Tapu Koko
|-heal|p1a: Tapu Koko|68/100 psn
|-singleturn|p1a: Tapu Koko|move: Roost
|move|p2a: Slowking|Sludge Bomb|p1a: Tapu Koko
|-supereffective|p1a: Tapu Koko
|-damage|p1a: Tapu Koko|22/100 psn
|
|-heal|p1a: Tapu Koko|28/100 psn|[from] item: Leftovers
|-damage|p1a: Tapu Koko|16/100 psn|[from] psn
|-fieldend|move: Electric Terrain
|upkeep
|turn|13
|
|t:|1660886361
|move|p1a: Tapu Koko|Roost|p1a: Tapu Koko
|-heal|p1a: Tapu Koko|66/100 psn
|-singleturn|p1a: Tapu Koko|move: Roost
|move|p2a: Slowking|Sludge Bomb|p1a: Tapu Koko
|-supereffective|p1a: Tapu Koko
|-damage|p1a: Tapu Koko|19/100 psn
|
|-heal|p1a: Tapu Koko|25/100 psn|[from] item: Leftovers
|-damage|p1a: Tapu Koko|12/100 psn|[from] psn
|upkeep
|turn|14
|
|t:|1660886370
|move|p1a: Tapu Koko|Roost|p1a: Tapu Koko
|-heal|p1a: Tapu Koko|62/100 psn
|-singleturn|p1a: Tapu Koko|move: Roost
|cant|p2a: Slowking|par
|
|-heal|p1a: Tapu Koko|69/100 psn|[from] item: Leftovers
|-damage|p1a: Tapu Koko|56/100 psn|[from] psn
|upkeep
|turn|15
|
|t:|1660886377
|move|p1a: Tapu Koko|Roost|p1a: Tapu Koko
|-heal|p1a: Tapu Koko|100/100 psn
|-singleturn|p1a: Tapu Koko|move: Roost
|move|p2a: Slowking|Sludge Bomb|p1a: Tapu Koko
|-supereffective|p1a: Tapu Koko
|-damage|p1a: Tapu Koko|58/100 psn
|
|-heal|p1a: Tapu Koko|64/100 psn|[from] item: Leftovers
|-damage|p1a: Tapu Koko|52/100 psn|[from] psn
|upkeep
|turn|16
|
|t:|1660886386
|move|p1a: Tapu Koko|Roost|p1a: Tapu Koko
|-heal|p1a: Tapu Koko|100/100 psn
|-singleturn|p1a: Tapu Koko|move: Roost
|move|p2a: Slowking|Sludge Bomb|p1a: Tapu Koko
|-supereffective|p1a: Tapu Koko
|-damage|p1a: Tapu Koko|55/100 psn
|
|-heal|p1a: Tapu Koko|61/100 psn|[from] item: Leftovers
|-damage|p1a: Tapu Koko|49/100 psn|[from] psn
|upkeep
|turn|17
|
|t:|1660886395
|move|p1a: Tapu Koko|Roost|p1a: Tapu Koko
|-heal|p1a: Tapu Koko|99/100 psn
|-singleturn|p1a: Tapu Koko|move: Roost
|move|p2a: Slowking|Sludge Bomb|p1a: Tapu Koko
|-supereffective|p1a: Tapu Koko
|-damage|p1a: Tapu Koko|52/100 psn
|
|-heal|p1a: Tapu Koko|58/100 psn|[from] item: Leftovers
|-damage|p1a: Tapu Koko|45/100 psn|[from] psn
|upkeep
|turn|18
|
|t:|1660886404
|move|p1a: Tapu Koko|Roost|p1a: Tapu Koko
|-heal|p1a: Tapu Koko|95/100 psn
|-singleturn|p1a: Tapu Koko|move: Roost
|cant|p2a: Slowking|par
|
|-heal|p1a: Tapu Koko|100/100 psn|[from] item: Leftovers
|-damage|p1a: Tapu Koko|88/100 psn|[from] psn
|upkeep
|turn|19
|
|t:|1660886411
|move|p1a: Tapu Koko|Calm Mind|p1a: Tapu Koko
|-boost|p1a: Tapu Koko|spa|1
|-boost|p1a: Tapu Koko|spd|1
|move|p2a: Slowking|Sludge Bomb|p1a: Tapu Koko
|-supereffective|p1a: Tapu Koko
|-damage|p1a: Tapu Koko|53/100 psn
|
|-heal|p1a: Tapu Koko|59/100 psn|[from] item: Leftovers
|-damage|p1a: Tapu Koko|46/100 psn|[from] psn
|upkeep
|turn|20
|
|t:|1660886419
|move|p1a: Tapu Koko|Roost|p1a: Tapu Koko
|-heal|p1a: Tapu Koko|96/100 psn
|-singleturn|p1a: Tapu Koko|move: Roost
|move|p2a: Slowking|Sludge Bomb|p1a: Tapu Koko
|-supereffective|p1a: Tapu Koko
|-damage|p1a: Tapu Koko|60/100 psn
|
|-heal|p1a: Tapu Koko|66/100 psn|[from] item: Leftovers
|-damage|p1a: Tapu Koko|53/100 psn|[from] psn
|upkeep
|turn|21
|
|t:|1660886428
|move|p1a: Tapu Koko|Roost|p1a: Tapu Koko
|-heal|p1a: Tapu Koko|100/100 psn
|-singleturn|p1a: Tapu Koko|move: Roost
|cant|p2a: Slowking|par
|
|-damage|p1a: Tapu Koko|88/100 psn|[from] psn
|upkeep
|turn|22
|
|t:|1660886434
|move|p1a: Tapu Koko|Calm Mind|p1a: Tapu Koko
|-boost|p1a: Tapu Koko|spa|1
|-boost|p1a: Tapu Koko|spd|1
|move|p2a: Slowking|Sludge Bomb|p1a: Tapu Koko
|-supereffective|p1a: Tapu Koko
|-damage|p1a: Tapu Koko|60/100 psn
|
|-heal|p1a: Tapu Koko|66/100 psn|[from] item: Leftovers
|-damage|p1a: Tapu Koko|54/100 psn|[from] psn
|upkeep
|turn|23
|
|t:|1660886442
|move|p1a: Tapu Koko|Roost|p1a: Tapu Koko
|-heal|p1a: Tapu Koko|100/100 psn
|-singleturn|p1a: Tapu Koko|move: Roost
|move|p2a: Slowking|Sludge Bomb|p1a: Tapu Koko
|-supereffective|p1a: Tapu Koko
|-damage|p1a: Tapu Koko|71/100 psn
|
|-heal|p1a: Tapu Koko|77/100 psn|[from] item: Leftovers
|-damage|p1a: Tapu Koko|64/100 psn|[from] psn
|upkeep
|turn|24
|
|t:|1660886450
|move|p1a: Tapu Koko|Thunderbolt|p2a: Slowking
|-damage|p2a: Slowking|49/100 par
|move|p2a: Slowking|Sludge Bomb|p1a: Tapu Koko
|-supereffective|p1a: Tapu Koko
|-damage|p1a: Tapu Koko|33/100 psn
|
|-heal|p1a: Tapu Koko|39/100 psn|[from] item: Leftovers
|-damage|p1a: Tapu Koko|27/100 psn|[from] psn
|upkeep
|turn|25
|
|t:|1660886459
|move|p1a: Tapu Koko|Roost|p1a: Tapu Koko
|-heal|p1a: Tapu Koko|77/100 psn
|-singleturn|p1a: Tapu Koko|move: Roost
|cant|p2a: Slowking|par
|
|-heal|p1a: Tapu Koko|83/100 psn|[from] item: Leftovers
|-damage|p1a: Tapu Koko|70/100 psn|[from] psn
|upkeep
|turn|26
|
|t:|1660886466
|move|p1a: Tapu Koko|Thunderbolt|p2a: Slowking
|-damage|p2a: Slowking|12/100 par
|cant|p2a: Slowking|par
|
|-heal|p1a: Tapu Koko|76/100 psn|[from] item: Leftovers
|-damage|p1a: Tapu Koko|64/100 psn|[from] psn
|upkeep
|turn|27
|
|t:|1660886474
|switch|p2a: Landorus|Landorus-Therian, M|34/100
|-ability|p2a: Landorus|Intimidate|boost
|-unboost|p1a: Tapu Koko|atk|1
|move|p1a: Tapu Koko|Roost|p1a: Tapu Koko
|-heal|p1a: Tapu Koko|100/100 psn
|-singleturn|p1a: Tapu Koko|move: Roost
|
|-heal|p2a: Landorus|40/100|[from] item: Leftovers
|-damage|p1a: Tapu Koko|88/100 psn|[from] psn
|upkeep
|turn|28
|
|t:|1660886487
|move|p1a: Tapu Koko|Dazzling Gleam|p2a: Landorus
|-damage|p2a: Landorus|0 fnt
|faint|p2a: Landorus
|
|-heal|p1a: Tapu Koko|94/100 psn|[from] item: Leftovers
|-damage|p1a: Tapu Koko|82/100 psn|[from] psn
|upkeep
|
|t:|1660886496
|switch|p2a: Slowking|Slowking-Galar, F|46/100 par
|turn|29
|
|t:|1660886500
|switch|p2a: Corviknight|Corviknight, M|35/100
|-ability|p2a: Corviknight|Pressure
|move|p1a: Tapu Koko|Thunderbolt|p2a: Corviknight
|-supereffective|p2a: Corviknight
|-damage|p2a: Corviknight|0 fnt
|faint|p2a: Corviknight
|
|-heal|p1a: Tapu Koko|88/100 psn|[from] item: Leftovers
|-damage|p1a: Tapu Koko|75/100 psn|[from] psn
|upkeep
|
|t:|1660886511
|switch|p2a: Slowking|Slowking-Galar, F|79/100 par
|turn|30
|
|t:|1660886516
|move|p1a: Tapu Koko|Dazzling Gleam|p2a: Slowking
|-resisted|p2a: Slowking
|-damage|p2a: Slowking|63/100 par
|cant|p2a: Slowking|par
|
|-heal|p1a: Tapu Koko|81/100 psn|[from] item: Leftovers
|-damage|p1a: Tapu Koko|69/100 psn|[from] psn
|upkeep
|turn|31
|
|t:|1660886524
|move|p1a: Tapu Koko|Dazzling Gleam|p2a: Slowking
|-resisted|p2a: Slowking
|-damage|p2a: Slowking|47/100 par
|move|p2a: Slowking|Sludge Bomb|p1a: Tapu Koko
|-supereffective|p1a: Tapu Koko
|-damage|p1a: Tapu Koko|39/100 psn
|
|-heal|p1a: Tapu Koko|45/100 psn|[from] item: Leftovers
|-damage|p1a: Tapu Koko|33/100 psn|[from] psn
|upkeep
|turn|32
|
|t:|1660886533
|move|p1a: Tapu Koko|Roost|p1a: Tapu Koko
|-heal|p1a: Tapu Koko|83/100 psn
|-singleturn|p1a: Tapu Koko|move: Roost
|move|p2a: Slowking|Sludge Bomb|p1a: Tapu Koko
|-supereffective|p1a: Tapu Koko
|-damage|p1a: Tapu Koko|53/100 psn
|
|-heal|p1a: Tapu Koko|59/100 psn|[from] item: Leftovers
|-damage|p1a: Tapu Koko|47/100 psn|[from] psn
|upkeep
|turn|33
|
|t:|1660886543
|move|p1a: Tapu Koko|Thunderbolt|p2a: Slowking
|-damage|p2a: Slowking|10/100 par
|move|p2a: Slowking|Sludge Bomb|p1a: Tapu Koko
|-supereffective|p1a: Tapu Koko
|-crit|p1a: Tapu Koko
|-damage|p1a: Tapu Koko|0 fnt
|faint|p1a: Tapu Koko
|
|upkeep
|c|☆Suricata2000|..
|
|t:|1660886554
|switch|p1a: Dragapult|Dragapult, F|89/100
|turn|34
|c|☆Suricata2000|lucky dog u
|c|☆gaasaa|lol you crit tran?
|
|t:|1660886571
|move|p1a: Dragapult|Dragon Dance|p1a: Dragapult
|-boost|p1a: Dragapult|atk|1
|-boost|p1a: Dragapult|spe|1
|move|p2a: Slowking|Future Sight|p1a: Dragapult
|-start|p2a: Slowking|move: Future Sight
|
|upkeep
|turn|35
|c|☆Suricata2000|meaningless ct
|
|t:|1660886579
|move|p1a: Dragapult|Dragon Darts|p2a: Slowking
|-damage|p2a: Slowking|0 fnt
|faint|p2a: Slowking
|
|upkeep
|c|☆gaasaa|no cos i survive?
|inactive|Suricata2000 has 120 seconds left.
|
|t:|1660886611
|switch|p2a: Weavile|Weavile, M|24/100
|-ability|p2a: Weavile|Pressure
|turn|36
|inactive|Suricata2000 has 120 seconds left.
|
|t:|1660886622
|move|p1a: Dragapult|Dragon Darts|p2a: Weavile
|-damage|p2a: Weavile|0 fnt
|faint|p2a: Weavile
|
|-end|p1a: Dragapult|move: Future Sight
|-damage|p1a: Dragapult|29/100
|upkeep
|inactive|Suricata2000 has 120 seconds left.
|
|t:|1660886629
|switch|p2a: Urshifu|Urshifu-Rapid-Strike, F|100/100
|turn|37
|
|t:|1660886635
|move|p2a: Urshifu|Aqua Jet|p1a: Dragapult
|-resisted|p1a: Dragapult
|-damage|p1a: Dragapult|5/100
|-enditem|p1a: Dragapult|Liechi Berry|[eat]
|-boost|p1a: Dragapult|atk|1|[from] item: Liechi Berry
|move|p1a: Dragapult|Dragon Darts|p2a: Urshifu
|-damage|p2a: Urshifu|44/100
|-anim|p1a: Dragapult|Dragon Darts|p2a: Urshifu
|-damage|p2a: Urshifu|0 fnt
|faint|p2a: Urshifu
|
|upkeep
|inactive|Suricata2000 has 120 seconds left.
|c|☆gaasaa|gg no re
|-message|Suricata2000 forfeited.
|
|win|gaasaa
|raw|gaasaa's rating: 1555 &rarr; <strong>1573</strong><br />(+18 for winning)
|raw|Suricata2000's rating: 1517 &rarr; <strong>1499</strong><br />(-18 for losing)
|l|☆Suricata2000
