|j|☆crescendoww
|j|☆310YM4N74N3R0
|t:|1667728049
|gametype|singles
|player|p1|crescendoww|falkner|1546
|player|p2|310YM4N74N3R0|gambler|1688
|teamsize|p1|6
|teamsize|p2|6
|gen|8
|tier|[Gen 8] OU
|rated|
|rule|Sleep Clause Mod: Limit one foe put to sleep
|rule|Species Clause: Limit one of each Pokémon
|rule|OHKO Clause: OHKO moves are banned
|rule|Evasion Items Clause: Evasion items are banned
|rule|Evasion Moves Clause: Evasion moves are banned
|rule|Endless Battle Clause: Forcing endless battles is banned
|rule|HP Percentage Mod: HP is shown in percentages
|rule|Dynamax Clause: You cannot dynamax
|clearpoke
|poke|p1|Volcarona, M|
|poke|p1|Zygarde-10%|
|poke|p1|Jirachi|
|poke|p1|Rillaboom, M|
|poke|p1|Mamoswine, F|
|poke|p1|Tornadus-Therian, M|
|poke|p2|Tapu Lele|
|poke|p2|Landorus-Therian, M|
|poke|p2|Rillaboom, M|
|poke|p2|Blaziken, F|
|poke|p2|Blastoise, F|
|poke|p2|Tyranitar, F|
|teampreview
|j| machicoulis
|inactive|Battle timer is ON: inactive players will automatically lose when time's up. (requested by crescendoww)
|
|t:|1667728090
|start
|switch|p1a: Mamoswine|Mamoswine, F|100/100
|switch|p2a: Blaziken|Blaziken, F|100/100
|turn|1
|
|t:|1667728100
|move|p1a: Mamoswine|Earthquake|p2a: Blaziken
|-supereffective|p2a: Blaziken
|-enditem|p2a: Blaziken|Focus Sash
|-damage|p2a: Blaziken|1/100
|move|p2a: Blaziken|Close Combat|p1a: Mamoswine
|-supereffective|p1a: Mamoswine
|-damage|p1a: Mamoswine|0 fnt
|-unboost|p2a: Blaziken|def|1
|-unboost|p2a: Blaziken|spd|1
|faint|p1a: Mamoswine
|
|-ability|p2a: Blaziken|Speed Boost|boost
|-boost|p2a: Blaziken|spe|1
|upkeep
|
|t:|1667728113
|switch|p1a: Rillaboom|Rillaboom, M|100/100
|-fieldstart|move: Grassy Terrain|[from] ability: Grassy Surge|[of] p1a: Rillaboom
|turn|2
|
|t:|1667728120
|move|p1a: Rillaboom|Grassy Glide|p2a: Blaziken
|-resisted|p2a: Blaziken
|-damage|p2a: Blaziken|0 fnt
|faint|p2a: Blaziken
|
|upkeep
|
|t:|1667728126
|switch|p2a: Landorus|Landorus-Therian, M|100/100
|-ability|p2a: Landorus|Intimidate|boost
|-unboost|p1a: Rillaboom|atk|1
|turn|3
|
|t:|1667728130
|move|p2a: Landorus|Stealth Rock|p1a: Rillaboom
|-sidestart|p1: crescendoww|move: Stealth Rock
|move|p1a: Rillaboom|Knock Off|p2a: Landorus
|-damage|p2a: Landorus|87/100
|-damage|p1a: Rillaboom|84/100|[from] item: Rocky Helmet|[of] p2a: Landorus
|-enditem|p2a: Landorus|Rocky Helmet|[from] move: Knock Off|[of] p1a: Rillaboom
|
|-heal|p1a: Rillaboom|90/100|[from] Grassy Terrain
|-heal|p1a: Rillaboom|96/100|[from] item: Leftovers
|upkeep
|turn|4
|
|t:|1667728139
|move|p2a: Landorus|Rock Tomb|p1a: Rillaboom
|-damage|p1a: Rillaboom|84/100
|-unboost|p1a: Rillaboom|spe|1
|move|p1a: Rillaboom|U-turn|p2a: Landorus
|-resisted|p2a: Landorus
|-damage|p2a: Landorus|82/100
|
|t:|1667728147
|switch|p1a: Zygarde|Zygarde-10%|100/100|[from]move: U-turn
|-damage|p1a: Zygarde|94/100|[from] Stealth Rock
|-ability|p1a: Zygarde|Aura Break
|
|-heal|p1a: Zygarde|100/100|[from] Grassy Terrain
|upkeep
|turn|5
|
|t:|1667728159
|move|p1a: Zygarde|Glare|p2a: Landorus
|-status|p2a: Landorus|par
|move|p2a: Landorus|U-turn|p1a: Zygarde
|-damage|p1a: Zygarde|56/100
|
|t:|1667728166
|switch|p2a: Tapu Lele|Tapu Lele|100/100|[from]move: U-turn
|-fieldstart|move: Psychic Terrain|[from] ability: Psychic Surge|[of] p2a: Tapu Lele
|
|upkeep
|turn|6
|
|t:|1667728169
|switch|p1a: Jirachi|Jirachi|100/100
|-damage|p1a: Jirachi|94/100|[from] Stealth Rock
|move|p2a: Tapu Lele|Psyshock|p1a: Jirachi
|-resisted|p1a: Jirachi
|-damage|p1a: Jirachi|81/100
|
|-heal|p1a: Jirachi|88/100|[from] item: Leftovers
|upkeep
|turn|7
|
|t:|1667728176
|switch|p2a: Landorus|Landorus-Therian, M|82/100 par
|-ability|p2a: Landorus|Intimidate|boost
|-unboost|p1a: Jirachi|atk|1
|move|p1a: Jirachi|Aura Sphere|p2a: Landorus
|-resisted|p2a: Landorus
|-damage|p2a: Landorus|72/100 par
|
|-heal|p1a: Jirachi|94/100|[from] item: Leftovers
|upkeep
|turn|8
|
|t:|1667728185
|switch|p1a: Rillaboom|Rillaboom, M|84/100
|-damage|p1a: Rillaboom|72/100|[from] Stealth Rock
|-fieldstart|move: Grassy Terrain|[from] ability: Grassy Surge|[of] p1a: Rillaboom
|move|p2a: Landorus|Earthquake|p1a: Rillaboom
|-resisted|p1a: Rillaboom
|-damage|p1a: Rillaboom|64/100
|
|-heal|p1a: Rillaboom|70/100|[from] Grassy Terrain
|-heal|p1a: Rillaboom|77/100|[from] item: Leftovers
|upkeep
|turn|9
|
|t:|1667728193
|move|p1a: Rillaboom|Protect|p1a: Rillaboom
|-singleturn|p1a: Rillaboom|Protect
|cant|p2a: Landorus|par
|
|-heal|p1a: Rillaboom|83/100|[from] Grassy Terrain
|-heal|p1a: Rillaboom|89/100|[from] item: Leftovers
|upkeep
|turn|10
|
|t:|1667728199
|move|p1a: Rillaboom|Grassy Glide|p2a: Landorus
|-damage|p2a: Landorus|46/100 par
|move|p2a: Landorus|U-turn|p1a: Rillaboom
|-supereffective|p1a: Rillaboom
|-damage|p1a: Rillaboom|58/100
|j| timzerinho
|
|t:|1667728208
|switch|p2a: Tapu Lele|Tapu Lele|100/100|[from]move: U-turn
|-fieldstart|move: Psychic Terrain|[from] ability: Psychic Surge|[of] p2a: Tapu Lele
|
|-heal|p1a: Rillaboom|64/100|[from] item: Leftovers
|upkeep
|turn|11
|
|t:|1667728211
|move|p1a: Rillaboom|Protect|p1a: Rillaboom
|-singleturn|p1a: Rillaboom|Protect
|move|p2a: Tapu Lele|Moonblast|p1a: Rillaboom
|-activate|p1a: Rillaboom|move: Protect
|
|-heal|p1a: Rillaboom|70/100|[from] item: Leftovers
|upkeep
|turn|12
|
|t:|1667728217
|switch|p2a: Landorus|Landorus-Therian, M|46/100 par
|-ability|p2a: Landorus|Intimidate|boost
|-unboost|p1a: Rillaboom|atk|1
|switch|p1a: Volcarona|Volcarona, M|100/100
|
|upkeep
|turn|13
|
|t:|1667728223
|switch|p1a: Rillaboom|Rillaboom, M|70/100
|-damage|p1a: Rillaboom|58/100|[from] Stealth Rock
|-fieldstart|move: Grassy Terrain|[from] ability: Grassy Surge|[of] p1a: Rillaboom
|move|p2a: Landorus|Rock Tomb|p1a: Rillaboom
|-damage|p1a: Rillaboom|45/100
|-unboost|p1a: Rillaboom|spe|1
|
|-heal|p1a: Rillaboom|51/100|[from] Grassy Terrain
|-heal|p1a: Rillaboom|57/100|[from] item: Leftovers
|upkeep
|turn|14
|
|t:|1667728232
|move|p1a: Rillaboom|Protect|p1a: Rillaboom
|-singleturn|p1a: Rillaboom|Protect
|move|p2a: Landorus|U-turn|p1a: Rillaboom
|-activate|p1a: Rillaboom|move: Protect
|
|-heal|p1a: Rillaboom|63/100|[from] Grassy Terrain
|-heal|p1a: Rillaboom|69/100|[from] item: Leftovers
|upkeep
|turn|15
|
|t:|1667728237
|move|p1a: Rillaboom|Grassy Glide|p2a: Landorus
|-damage|p2a: Landorus|19/100 par
|cant|p2a: Landorus|par
|
|-heal|p1a: Rillaboom|76/100|[from] Grassy Terrain
|-heal|p1a: Rillaboom|82/100|[from] item: Leftovers
|upkeep
|turn|16
|
|t:|1667728244
|move|p1a: Rillaboom|Grassy Glide|p2a: Landorus
|-damage|p2a: Landorus|0 fnt
|faint|p2a: Landorus
|
|-heal|p1a: Rillaboom|88/100|[from] Grassy Terrain
|-heal|p1a: Rillaboom|94/100|[from] item: Leftovers
|upkeep
|
|t:|1667728252
|switch|p2a: Tapu Lele|Tapu Lele|100/100
|-fieldstart|move: Psychic Terrain|[from] ability: Psychic Surge|[of] p2a: Tapu Lele
|turn|17
|
|t:|1667728258
|switch|p2a: Blastoise|Blastoise, F|100/100
|move|p1a: Rillaboom|Protect||[still]
|-fail|p1a: Rillaboom
|
|-heal|p1a: Rillaboom|100/100|[from] item: Leftovers
|upkeep
|turn|18
|
|t:|1667728268
|move|p2a: Blastoise|Ice Beam|p1a: Rillaboom
|-supereffective|p1a: Rillaboom
|-damage|p1a: Rillaboom|37/100
|move|p1a: Rillaboom|U-turn|p2a: Blastoise
|-damage|p2a: Blastoise|76/100
|l| timzerinho
|
|t:|1667728281
|switch|p1a: Zygarde|Zygarde-10%|56/100|[from]move: U-turn
|-damage|p1a: Zygarde|50/100|[from] Stealth Rock
|-ability|p1a: Zygarde|Aura Break
|
|upkeep
|turn|19
|
|t:|1667728287
|move|p1a: Zygarde|Thousand Arrows|p2a: Blastoise
|-damage|p2a: Blastoise|8/100
|move|p2a: Blastoise|Ice Beam|p1a: Zygarde
|-supereffective|p1a: Zygarde
|-damage|p1a: Zygarde|0 fnt
|faint|p1a: Zygarde
|
|upkeep
|
|t:|1667728290
|switch|p1a: Jirachi|Jirachi|94/100
|-damage|p1a: Jirachi|88/100|[from] Stealth Rock
|turn|20
|
|t:|1667728293
|move|p2a: Blastoise|Yawn|p1a: Jirachi
|-start|p1a: Jirachi|move: Yawn|[of] p2a: Blastoise
|move|p1a: Jirachi|Aura Sphere|p2a: Blastoise
|-damage|p2a: Blastoise|0 fnt
|faint|p2a: Blastoise
|
|-heal|p1a: Jirachi|94/100|[from] item: Leftovers
|upkeep
|
|t:|1667728318
|switch|p2a: Rillaboom|Rillaboom, M|100/100
|-fieldstart|move: Grassy Terrain|[from] ability: Grassy Surge|[of] p2a: Rillaboom
|-enditem|p2a: Rillaboom|Grassy Seed
|-boost|p2a: Rillaboom|def|1|[from] item: Grassy Seed
|turn|21
|
|t:|1667728331
|switch|p1a: Tornadus|Tornadus-Therian, M|100/100
|move|p2a: Rillaboom|Swords Dance|p2a: Rillaboom
|-boost|p2a: Rillaboom|atk|2
|
|upkeep
|turn|22
|
|t:|1667728336
|move|p1a: Tornadus|Hurricane|p2a: Rillaboom
|-supereffective|p2a: Rillaboom
|-damage|p2a: Rillaboom|0 fnt
|faint|p2a: Rillaboom
|
|upkeep
|j| Fantominus83
|
|t:|1667728342
|switch|p2a: Tyranitar|Tyranitar, F, shiny|100/100
|-weather|Sandstorm|[from] ability: Sand Stream|[of] p2a: Tyranitar
|turn|23
|
|t:|1667728349
|move|p1a: Tornadus|Defog|p2a: Tyranitar
|-unboost|p2a: Tyranitar|evasion|1
|-sideend|p1: crescendoww|Stealth Rock|[from] move: Defog|[of] p1a: Tornadus
|-fieldend|move: Grassy Terrain
|move|p2a: Tyranitar|Dragon Dance|p2a: Tyranitar
|-boost|p2a: Tyranitar|atk|1
|-boost|p2a: Tyranitar|spe|1
|
|-weather|Sandstorm|[upkeep]
|-damage|p1a: Tornadus|94/100|[from] Sandstorm
|upkeep
|turn|24
|
|t:|1667728357
|move|p1a: Tornadus|U-turn|p2a: Tyranitar
|-supereffective|p2a: Tyranitar
|-damage|p2a: Tyranitar|74/100
|
|t:|1667728361
|switch|p1a: Volcarona|Volcarona, M|100/100|[from]move: U-turn
|move|p2a: Tyranitar|Stone Edge|p1a: Volcarona
|-supereffective|p1a: Volcarona
|-damage|p1a: Volcarona|0 fnt
|faint|p1a: Volcarona
|-damage|p2a: Tyranitar|64/100|[from] item: Life Orb
|
|-weather|Sandstorm|[upkeep]
|upkeep
|
|t:|1667728364
|switch|p1a: Rillaboom|Rillaboom, M|37/100
|-fieldstart|move: Grassy Terrain|[from] ability: Grassy Surge|[of] p1a: Rillaboom
|turn|25
|
|t:|1667728374
|switch|p2a: Tapu Lele|Tapu Lele|100/100
|-fieldstart|move: Psychic Terrain|[from] ability: Psychic Surge|[of] p2a: Tapu Lele
|move|p1a: Rillaboom|Grassy Glide|p2a: Tapu Lele
|-damage|p2a: Tapu Lele|51/100
|
|-weather|Sandstorm|[upkeep]
|-damage|p2a: Tapu Lele|45/100|[from] Sandstorm
|-damage|p1a: Rillaboom|31/100|[from] Sandstorm
|-heal|p1a: Rillaboom|37/100|[from] item: Leftovers
|upkeep
|turn|26
|
|t:|1667728382
|move|p1a: Rillaboom|Protect|p1a: Rillaboom
|-singleturn|p1a: Rillaboom|Protect
|move|p2a: Tapu Lele|Psyshock|p1a: Rillaboom
|-activate|p1a: Rillaboom|move: Protect
|
|-weather|Sandstorm|[upkeep]
|-damage|p2a: Tapu Lele|39/100|[from] Sandstorm
|-damage|p1a: Rillaboom|31/100|[from] Sandstorm
|-heal|p1a: Rillaboom|37/100|[from] item: Leftovers
|upkeep
|turn|27
|
|t:|1667728385
|switch|p1a: Jirachi|Jirachi|94/100
|move|p2a: Tapu Lele|Psyshock|p1a: Jirachi
|-resisted|p1a: Jirachi
|-damage|p1a: Jirachi|82/100
|
|-weather|none
|-heal|p1a: Jirachi|88/100|[from] item: Leftovers
|upkeep
|turn|28
|
|t:|1667728397
|switch|p2a: Tyranitar|Tyranitar, F, shiny|64/100
|-weather|Sandstorm|[from] ability: Sand Stream|[of] p2a: Tyranitar
|move|p1a: Jirachi|Calm Mind|p1a: Jirachi
|-boost|p1a: Jirachi|spa|1
|-boost|p1a: Jirachi|spd|1
|
|-weather|Sandstorm|[upkeep]
|-heal|p1a: Jirachi|94/100|[from] item: Leftovers
|upkeep
|turn|29
|
|t:|1667728404
|move|p1a: Jirachi|Aura Sphere|p2a: Tyranitar
|-supereffective|p2a: Tyranitar
|-damage|p2a: Tyranitar|0 fnt
|faint|p2a: Tyranitar
|
|-weather|Sandstorm|[upkeep]
|-heal|p1a: Jirachi|99/100|[from] item: Leftovers
|-fieldend|move: Psychic Terrain
|upkeep
|-message|310YM4N74N3R0 forfeited.
|
|win|crescendoww
|raw|crescendoww's rating: 1546 &rarr; <strong>1574</strong><br />(+28 for winning)
|raw|310YM4N74N3R0's rating: 1688 &rarr; <strong>1660</strong><br />(-28 for losing)
|l|☆310YM4N74N3R0
