|raw|<div class="broadcast-blue"><strong>This battle is required to be public due to a player having a name starting with 'lt91bb'.</div>
|j|☆cute pink team
|j|☆LT91BB rrm
|t:|1659382438
|gametype|singles
|player|p1|cute pink team|youngster|1801
|player|p2|LT91BB rrm|lady|1779
|teamsize|p1|6
|teamsize|p2|6
|gen|8
|tier|[Gen 8] OU
|rated|
|rule|Sleep Clause Mod: Limit one foe put to sleep
|rule|Species Clause: Limit one of each Pokémon
|rule|OHKO Clause: OHKO moves are banned
|rule|Evasion Moves Clause: Evasion moves are banned
|rule|Endless Battle Clause: Forcing endless battles is banned
|rule|HP Percentage Mod: HP is shown in percentages
|rule|Dynamax Clause: You cannot dynamax
|clearpoke
|poke|p1|Tyranitar, F|
|poke|p1|Excadrill, M|
|poke|p1|Corviknight, M|
|poke|p1|Volcanion|
|poke|p1|Zapdos|
|poke|p1|Blacephalon|
|poke|p2|Tapu Lele|
|poke|p2|Blissey, F|
|poke|p2|Urshifu-*, M|
|poke|p2|Landorus-Therian, M|
|poke|p2|Heatran, F|
|poke|p2|Slowbro, F|
|teampreview
|
|t:|1659382456
|start
|switch|p1a: Zapdos|Zapdos|100/100
|switch|p2a: Tapu Lele|Tapu Lele|100/100
|-fieldstart|move: Psychic Terrain|[from] ability: Psychic Surge|[of] p2a: Tapu Lele
|-ability|p1a: Zapdos|Pressure
|turn|1
|
|t:|1659382462
|move|p2a: Tapu Lele|Psychic|p1a: Zapdos
|-damage|p1a: Zapdos|0 fnt
|faint|p1a: Zapdos
|
|upkeep
|
|t:|1659382468
|switch|p1a: Tyranitar|Tyranitar, F|100/100
|-weather|Sandstorm|[from] ability: Sand Stream|[of] p1a: Tyranitar
|turn|2
|
|t:|1659382470
|switch|p2a: Landorus|Landorus-Therian, M|100/100
|-ability|p2a: Landorus|Intimidate|boost
|-unboost|p1a: Tyranitar|atk|1
|move|p1a: Tyranitar|Stone Edge|p2a: Landorus
|-damage|p2a: Landorus|57/100
|
|-weather|Sandstorm|[upkeep]
|-heal|p2a: Landorus|63/100|[from] item: Leftovers
|upkeep
|turn|3
|
|t:|1659382473
|move|p2a: Landorus|U-turn|p1a: Tyranitar
|-supereffective|p1a: Tyranitar
|-damage|p1a: Tyranitar|62/100
|
|t:|1659382477
|switch|p2a: Urshifu|Urshifu-Rapid-Strike, M|100/100|[from]move: U-turn
|move|p1a: Tyranitar|Stone Edge|p2a: Urshifu
|-resisted|p2a: Urshifu
|-damage|p2a: Urshifu|69/100
|
|-weather|Sandstorm|[upkeep]
|-damage|p2a: Urshifu|63/100|[from] Sandstorm
|upkeep
|turn|4
|
|t:|1659382479
|switch|p1a: Volcanion|Volcanion|100/100
|move|p2a: Urshifu|U-turn|p1a: Volcanion
|-resisted|p1a: Volcanion
|-damage|p1a: Volcanion|88/100
|
|t:|1659382481
|switch|p2a: Tapu Lele|Tapu Lele|100/100|[from]move: U-turn
|
|-weather|Sandstorm|[upkeep]
|-damage|p2a: Tapu Lele|94/100|[from] Sandstorm
|-damage|p1a: Volcanion|82/100|[from] Sandstorm
|upkeep
|turn|5
|
|t:|1659382486
|switch|p1a: Corviknight|Corviknight, M|100/100
|-ability|p1a: Corviknight|Pressure
|move|p2a: Tapu Lele|Moonblast|p1a: Corviknight
|-resisted|p1a: Corviknight
|-damage|p1a: Corviknight|74/100
|
|-weather|Sandstorm|[upkeep]
|-damage|p2a: Tapu Lele|88/100|[from] Sandstorm
|-heal|p1a: Corviknight|80/100|[from] item: Leftovers
|-fieldend|move: Psychic Terrain
|upkeep
|turn|6
|
|t:|1659382494
|switch|p2a: Heatran|Heatran, F|100/100
|move|p1a: Corviknight|U-turn|p2a: Heatran
|-resisted|p2a: Heatran
|-damage|p2a: Heatran|98/100
|
|t:|1659382500
|switch|p1a: Tyranitar|Tyranitar, F|62/100|[from]move: U-turn
|
|-weather|none
|-heal|p2a: Heatran|100/100|[from] item: Leftovers
|upkeep
|turn|7
|
|t:|1659382507
|move|p1a: Tyranitar|Superpower|p2a: Heatran
|-supereffective|p2a: Heatran
|-damage|p2a: Heatran|0 fnt
|-unboost|p1a: Tyranitar|atk|1
|-unboost|p1a: Tyranitar|def|1
|faint|p2a: Heatran
|
|upkeep
|
|t:|1659382513
|switch|p2a: Landorus|Landorus-Therian, M|63/100
|-ability|p2a: Landorus|Intimidate|boost
|-unboost|p1a: Tyranitar|atk|1
|turn|8
|
|t:|1659382517
|switch|p1a: Corviknight|Corviknight, M|80/100
|-ability|p1a: Corviknight|Pressure
|move|p2a: Landorus|Knock Off|p1a: Corviknight
|-damage|p1a: Corviknight|57/100
|-enditem|p1a: Corviknight|Leftovers|[from] move: Knock Off|[of] p2a: Landorus
|
|-heal|p2a: Landorus|69/100|[from] item: Leftovers
|upkeep
|turn|9
|
|t:|1659382519
|move|p2a: Landorus|U-turn|p1a: Corviknight
|-resisted|p1a: Corviknight
|-damage|p1a: Corviknight|52/100
|
|t:|1659382521
|switch|p2a: Slowbro|Slowbro, F|100/100|[from]move: U-turn
|move|p1a: Corviknight|Roost|p1a: Corviknight
|-heal|p1a: Corviknight|100/100
|-singleturn|p1a: Corviknight|move: Roost
|
|upkeep
|turn|10
|
|t:|1659382523
|move|p1a: Corviknight|U-turn|p2a: Slowbro
|-supereffective|p2a: Slowbro
|-damage|p2a: Slowbro|83/100
|-damage|p1a: Corviknight|84/100|[from] item: Rocky Helmet|[of] p2a: Slowbro
|
|t:|1659382525
|switch|p1a: Tyranitar|Tyranitar, F|62/100|[from]move: U-turn
|-weather|Sandstorm|[from] ability: Sand Stream|[of] p1a: Tyranitar
|move|p2a: Slowbro|Future Sight|p1a: Tyranitar
|-start|p2a: Slowbro|move: Future Sight
|
|-weather|Sandstorm|[upkeep]
|-damage|p2a: Slowbro|77/100|[from] Sandstorm
|upkeep
|turn|11
|
|t:|1659382535
|switch|p2a: Landorus|Landorus-Therian, M|69/100
|-ability|p2a: Landorus|Intimidate|boost
|-unboost|p1a: Tyranitar|atk|1
|move|p1a: Tyranitar|Crunch|p2a: Landorus
|-damage|p2a: Landorus|38/100
|
|-weather|Sandstorm|[upkeep]
|-heal|p2a: Landorus|44/100|[from] item: Leftovers
|upkeep
|turn|12
|
|t:|1659382543
|switch|p1a: Corviknight|Corviknight, M|84/100
|-ability|p1a: Corviknight|Pressure
|move|p2a: Landorus|U-turn|p1a: Corviknight
|-resisted|p1a: Corviknight
|-damage|p1a: Corviknight|79/100
|
|t:|1659382546
|switch|p2a: Tapu Lele|Tapu Lele|88/100|[from]move: U-turn
|-fieldstart|move: Psychic Terrain|[from] ability: Psychic Surge|[of] p2a: Tapu Lele
|
|-weather|Sandstorm|[upkeep]
|-damage|p2a: Tapu Lele|82/100|[from] Sandstorm
|-end|p1a: Corviknight|move: Future Sight
|-resisted|p1a: Corviknight
|-damage|p1a: Corviknight|60/100
|upkeep
|turn|13
|
|t:|1659382550
|switch|p1a: Excadrill|Excadrill, M|100/100
|-ability|p1a: Excadrill|Mold Breaker
|-item|p1a: Excadrill|Air Balloon
|move|p2a: Tapu Lele|Focus Blast|p1a: Excadrill
|-supereffective|p1a: Excadrill
|-damage|p1a: Excadrill|0 fnt
|-enditem|p1a: Excadrill|Air Balloon
|faint|p1a: Excadrill
|
|-weather|Sandstorm|[upkeep]
|-damage|p2a: Tapu Lele|76/100|[from] Sandstorm
|upkeep
|
|t:|1659382557
|switch|p1a: Volcanion|Volcanion|82/100
|turn|14
|
|t:|1659382559
|switch|p2a: Blissey|Blissey, F|100/100
|switch|p1a: Tyranitar|Tyranitar, F|62/100
|
|-weather|none
|upkeep
|turn|15
|
|t:|1659382564
|move|p1a: Tyranitar|Stone Edge|p2a: Blissey
|-damage|p2a: Blissey|24/100
|move|p2a: Blissey|Soft-Boiled|p2a: Blissey
|-heal|p2a: Blissey|74/100
|
|upkeep
|turn|16
|
|t:|1659382567
|switch|p2a: Urshifu|Urshifu-Rapid-Strike, M|63/100
|move|p1a: Tyranitar|Stone Edge|p2a: Urshifu|[miss]
|-miss|p1a: Tyranitar|p2a: Urshifu
|
|-fieldend|move: Psychic Terrain
|upkeep
|turn|17
|
|t:|1659382571
|switch|p1a: Volcanion|Volcanion|82/100
|move|p2a: Urshifu|U-turn|p1a: Volcanion
|-resisted|p1a: Volcanion
|-damage|p1a: Volcanion|70/100
|
|t:|1659382574
|switch|p2a: Tapu Lele|Tapu Lele|76/100|[from]move: U-turn
|-fieldstart|move: Psychic Terrain|[from] ability: Psychic Surge|[of] p2a: Tapu Lele
|
|upkeep
|turn|18
|
|t:|1659382601
|switch|p1a: Corviknight|Corviknight, M|60/100
|-ability|p1a: Corviknight|Pressure
|move|p2a: Tapu Lele|Psychic|p1a: Corviknight
|-resisted|p1a: Corviknight
|-damage|p1a: Corviknight|27/100
|
|upkeep
|turn|19
|
|t:|1659382606
|switch|p1a: Tyranitar|Tyranitar, F|62/100
|-weather|Sandstorm|[from] ability: Sand Stream|[of] p1a: Tyranitar
|move|p2a: Tapu Lele|Psychic|p1a: Tyranitar
|-immune|p1a: Tyranitar
|
|-weather|Sandstorm|[upkeep]
|-damage|p2a: Tapu Lele|70/100|[from] Sandstorm
|upkeep
|turn|20
|
|t:|1659382610
|switch|p2a: Landorus|Landorus-Therian, M|44/100
|-ability|p2a: Landorus|Intimidate|boost
|-unboost|p1a: Tyranitar|atk|1
|move|p1a: Tyranitar|Stone Edge|p2a: Landorus|[miss]
|-miss|p1a: Tyranitar|p2a: Landorus
|
|-weather|Sandstorm|[upkeep]
|-heal|p2a: Landorus|50/100|[from] item: Leftovers
|upkeep
|turn|21
|-message|cute pink team forfeited.
|
|win|LT91BB rrm
|raw|cute pink team's rating: 1801 &rarr; <strong>1780</strong><br />(-21 for losing)
|raw|LT91BB rrm's rating: 1779 &rarr; <strong>1800</strong><br />(+21 for winning)
|l|☆cute pink team
||Ladder isn't responding, score probably updated but might not have (Request timeout).
