|j|☆Adel19
|j|☆UnzipsCrogre
|t:|1664945964
|gametype|singles
|player|p1|Adel19|101|1953
|player|p2|UnzipsCrogre|170|1810
|teamsize|p1|6
|teamsize|p2|6
|gen|8
|tier|[Gen 8] OU
|rated|
|rule|Sleep Clause Mod: Limit one foe put to sleep
|rule|Species Clause: Limit one of each Pokémon
|rule|OHKO Clause: OHKO moves are banned
|rule|Evasion Items Clause: Evasion items are banned
|rule|Evasion Moves Clause: Evasion moves are banned
|rule|Endless Battle Clause: Forcing endless battles is banned
|rule|HP Percentage Mod: HP is shown in percentages
|rule|Dynamax Clause: You cannot dynamax
|clearpoke
|poke|p1|Landorus-Therian, M|
|poke|p1|Tapu Fini|
|poke|p1|Zapdos|
|poke|p1|Blissey, F|
|poke|p1|Kartana|
|poke|p1|Hydreigon, F|
|poke|p2|Melmetal|
|poke|p2|Cresselia, F|
|poke|p2|Crawdaunt, M|
|poke|p2|Hatterene, F|
|poke|p2|Porygon2|
|poke|p2|Marowak-Alola, F|
|teampreview
|inactive|Battle timer is ON: inactive players will automatically lose when time's up. (requested by UnzipsCrogre)
|
|t:|1664945992
|start
|switch|p1a: Landorus|Landorus-Therian, M|100/100
|switch|p2a: Hatterene|Hatterene, F|100/100
|-ability|p1a: Landorus|Intimidate|boost
|-unboost|p2a: Hatterene|atk|1
|turn|1
|j| foundation trilogy
|j| Hgeryam
|
|t:|1664946009
|move|p1a: Landorus|Earthquake|p2a: Hatterene
|-damage|p2a: Hatterene|28/100
|move|p2a: Hatterene|Trick Room|p2a: Hatterene
|-fieldstart|move: Trick Room|[of] p2a: Hatterene
|
|upkeep
|turn|2
|
|t:|1664946013
|move|p2a: Hatterene|Healing Wish|p2a: Hatterene
|faint|p2a: Hatterene
|move|p1a: Landorus|Substitute|p1a: Landorus
|-start|p1a: Landorus|Substitute
|-damage|p1a: Landorus|76/100
|
|upkeep
|
|t:|1664946017
|switch|p2a: Melmetal|Melmetal|100/100
|turn|3
|
|t:|1664946020
|switch|p1a: Zapdos|Zapdos|100/100
|move|p2a: Melmetal|Double Iron Bash|p1a: Zapdos
|-resisted|p1a: Zapdos
|-damage|p1a: Zapdos|75/100
|-status|p2a: Melmetal|par|[from] ability: Static|[of] p1a: Zapdos
|-resisted|p1a: Zapdos
|-damage|p1a: Zapdos|51/100
|-hitcount|p1a: Zapdos|2
|
|upkeep
|turn|4
|j| PANDA EXPRESS HR
|
|t:|1664946028
|move|p2a: Melmetal|Double Iron Bash|p1a: Zapdos
|-resisted|p1a: Zapdos
|-damage|p1a: Zapdos|25/100
|-resisted|p1a: Zapdos
|-damage|p1a: Zapdos|3/100
|-hitcount|p1a: Zapdos|2
|move|p1a: Zapdos|Roost|p1a: Zapdos
|-heal|p1a: Zapdos|53/100
|-singleturn|p1a: Zapdos|move: Roost
|
|upkeep
|turn|5
|j| Rem!x
|
|t:|1664946036
|switch|p2a: Porygon2|Porygon2|100/100
|-ability|p2a: Porygon2|Download|boost
|-boost|p2a: Porygon2|spa|1
|move|p1a: Zapdos|Roost|p1a: Zapdos
|-heal|p1a: Zapdos|100/100
|-singleturn|p1a: Zapdos|move: Roost
|
|-fieldend|move: Trick Room
|upkeep
|turn|6
|
|t:|1664946040
|move|p1a: Zapdos|Toxic|p2a: Porygon2
|-status|p2a: Porygon2|tox
|move|p2a: Porygon2|Trick Room|p2a: Porygon2
|-fieldstart|move: Trick Room|[of] p2a: Porygon2
|
|-damage|p2a: Porygon2|94/100 tox|[from] psn
|upkeep
|turn|7
|
|t:|1664946044
|move|p1a: Zapdos|Hurricane|p2a: Porygon2|[miss]
|-miss|p1a: Zapdos|p2a: Porygon2
|move|p2a: Porygon2|Teleport|p2a: Porygon2
|
|t:|1664946047
|switch|p2a: Marowak|Marowak-Alola, F|100/100|[from]move: Teleport
|
|upkeep
|turn|8
|
|t:|1664946055
|move|p2a: Marowak|Swords Dance|p2a: Marowak
|-boost|p2a: Marowak|atk|2
|move|p1a: Zapdos|Roost||[still]
|-fail|p1a: Zapdos|heal
|
|upkeep
|turn|9
|
|t:|1664946064
|switch|p1a: Blissey|Blissey, F|100/100
|move|p2a: Marowak|Flare Blitz|p1a: Blissey
|-damage|p1a: Blissey|0 fnt
|faint|p1a: Blissey
|
|upkeep
|
|t:|1664946080
|switch|p1a: Hydreigon|Hydreigon, F|100/100
|turn|10
|
|t:|1664946085
|move|p2a: Marowak|Flare Blitz|p1a: Hydreigon
|-resisted|p1a: Hydreigon
|-damage|p1a: Hydreigon|0 fnt
|faint|p1a: Hydreigon
|
|-fieldend|move: Trick Room
|upkeep
|
|t:|1664946096
|switch|p1a: Tapu Fini|Tapu Fini|100/100
|-fieldstart|move: Misty Terrain|[from] ability: Misty Surge|[of] p1a: Tapu Fini
|turn|11
|
|t:|1664946107
|move|p1a: Tapu Fini|Surf|p2a: Marowak
|-supereffective|p2a: Marowak
|-damage|p2a: Marowak|22/100
|move|p2a: Marowak|Poltergeist|p1a: Tapu Fini
|-activate|p1a: Tapu Fini|move: Poltergeist|Leftovers
|-damage|p1a: Tapu Fini|0 fnt
|faint|p1a: Tapu Fini
|
|upkeep
|
|t:|1664946126
|switch|p1a: Kartana|Kartana|100/100
|turn|12
|
|t:|1664946130
|switch|p2a: Knocked|Crawdaunt, M, shiny|100/100
|move|p1a: Kartana|Knock Off|p2a: Knocked
|-resisted|p2a: Knocked
|-damage|p2a: Knocked|80/100
|-enditem|p2a: Knocked|Life Orb|[from] move: Knock Off|[of] p1a: Kartana
|
|upkeep
|turn|13
|
|t:|1664946134
|move|p1a: Kartana|Sacred Sword|p2a: Knocked
|-supereffective|p2a: Knocked
|-damage|p2a: Knocked|2/100
|move|p2a: Knocked|Knock Off|p1a: Kartana
|-damage|p1a: Kartana|43/100
|-enditem|p1a: Kartana|Protective Pads|[from] move: Knock Off|[of] p2a: Knocked
|
|upkeep
|turn|14
|
|t:|1664946143
|move|p2a: Knocked|Aqua Jet|p1a: Kartana
|-resisted|p1a: Kartana
|-damage|p1a: Kartana|32/100
|move|p1a: Kartana|Knock Off|p2a: Knocked
|-resisted|p2a: Knocked
|-damage|p2a: Knocked|0 fnt
|faint|p2a: Knocked
|-ability|p1a: Kartana|Beast Boost|boost
|-boost|p1a: Kartana|spe|1
|
|upkeep
|
|t:|1664946147
|switch|p2a: Cresselia|Cresselia, F|100/100
|turn|15
|l| PANDA EXPRESS HR
|
|t:|1664946169
|move|p1a: Kartana|Swords Dance|p1a: Kartana
|-boost|p1a: Kartana|atk|2
|move|p2a: Cresselia|Trick Room|p2a: Cresselia
|-fieldstart|move: Trick Room|[of] p2a: Cresselia
|
|-fieldend|Misty Terrain
|upkeep
|turn|16
|j| Panfles
|inactive|UnzipsCrogre has 120 seconds left.
|
|t:|1664946199
|switch|p2a: Melmetal|Melmetal|100/100 par
|-heal|p2a: Melmetal|100/100|[from] move: Healing Wish
|move|p1a: Kartana|Knock Off|p2a: Melmetal
|-damage|p2a: Melmetal|66/100
|-enditem|p2a: Melmetal|Choice Band|[from] move: Knock Off|[of] p1a: Kartana
|
|upkeep
|turn|17
|
|t:|1664946210
|switch|p1a: Zapdos|Zapdos|100/100
|move|p2a: Melmetal|Ice Punch|p1a: Zapdos
|-supereffective|p1a: Zapdos
|-damage|p1a: Zapdos|51/100
|
|upkeep
|turn|18
|
|t:|1664946216
|move|p2a: Melmetal|Double Iron Bash|p1a: Zapdos
|-resisted|p1a: Zapdos
|-damage|p1a: Zapdos|35/100
|-status|p2a: Melmetal|par|[from] ability: Static|[of] p1a: Zapdos
|-resisted|p1a: Zapdos
|-damage|p1a: Zapdos|18/100
|-hitcount|p1a: Zapdos|2
|move|p1a: Zapdos|Roost|p1a: Zapdos
|-heal|p1a: Zapdos|68/100
|-singleturn|p1a: Zapdos|move: Roost
|
|upkeep
|turn|19
|
|t:|1664946224
|move|p2a: Melmetal|Ice Punch|p1a: Zapdos
|-supereffective|p1a: Zapdos
|-damage|p1a: Zapdos|18/100
|move|p1a: Zapdos|Roost|p1a: Zapdos
|-heal|p1a: Zapdos|68/100
|-singleturn|p1a: Zapdos|move: Roost
|
|-fieldend|move: Trick Room
|upkeep
|turn|20
|j| Noob 0_o
|
|t:|1664946230
|move|p1a: Zapdos|Hurricane|p2a: Melmetal
|-resisted|p2a: Melmetal
|-damage|p2a: Melmetal|41/100 par
|move|p2a: Melmetal|Ice Punch|p1a: Zapdos
|-supereffective|p1a: Zapdos
|-damage|p1a: Zapdos|15/100
|
|upkeep
|turn|21
|
|t:|1664946239
|move|p1a: Zapdos|Roost|p1a: Zapdos
|-heal|p1a: Zapdos|65/100
|-singleturn|p1a: Zapdos|move: Roost
|move|p2a: Melmetal|Ice Punch|p1a: Zapdos
|-damage|p1a: Zapdos|37/100
|
|upkeep
|turn|22
|
|t:|1664946246
|switch|p2a: Porygon2|Porygon2|94/100 tox
|-ability|p2a: Porygon2|Download|boost
|-boost|p2a: Porygon2|spa|1
|move|p1a: Zapdos|Roost|p1a: Zapdos
|-heal|p1a: Zapdos|87/100
|-singleturn|p1a: Zapdos|move: Roost
|
|-damage|p2a: Porygon2|88/100 tox|[from] psn
|upkeep
|turn|23
|
|t:|1664946254
|move|p1a: Zapdos|Hurricane|p2a: Porygon2|[miss]
|-miss|p1a: Zapdos|p2a: Porygon2
|move|p2a: Porygon2|Trick Room|p2a: Porygon2
|-fieldstart|move: Trick Room|[of] p2a: Porygon2
|
|-damage|p2a: Porygon2|76/100 tox|[from] psn
|upkeep
|turn|24
|
|t:|1664946259
|move|p2a: Porygon2|Ice Beam|p1a: Zapdos
|-supereffective|p1a: Zapdos
|-damage|p1a: Zapdos|5/100
|move|p1a: Zapdos|Roost|p1a: Zapdos
|-heal|p1a: Zapdos|55/100
|-singleturn|p1a: Zapdos|move: Roost
|
|-damage|p2a: Porygon2|57/100 tox|[from] psn
|upkeep
|turn|25
|
|t:|1664946267
|move|p2a: Porygon2|Ice Beam|p1a: Zapdos
|-supereffective|p1a: Zapdos
|-damage|p1a: Zapdos|0 fnt
|faint|p1a: Zapdos
|
|-damage|p2a: Porygon2|33/100 tox|[from] psn
|upkeep
|-message|Adel19 forfeited.
|
|win|UnzipsCrogre
|raw|Adel19's rating: 1953 &rarr; <strong>1925</strong><br />(-28 for losing)
|raw|UnzipsCrogre's rating: 1810 &rarr; <strong>1838</strong><br />(+28 for winning)
|l|☆Adel19
|l|☆UnzipsCrogre
