|j|☆knexhawk2
|j|☆lowelofunn
|inactive|Battle timer is ON: inactive players will automatically lose when time's up.
|t:|1666835149
|gametype|singles
|player|p1|knexhawk2|red-masters|
|player|p2|lowelofunn|sabrina|
|teamsize|p1|6
|teamsize|p2|6
|gen|8
|tier|[Gen 8] OU
|rated|Tournament battle
|rule|Sleep Clause Mod: Limit one foe put to sleep
|rule|Species Clause: Limit one of each Pokémon
|rule|OHKO Clause: OHKO moves are banned
|rule|Evasion Items Clause: Evasion items are banned
|rule|Evasion Moves Clause: Evasion moves are banned
|rule|Endless Battle Clause: Forcing endless battles is banned
|rule|HP Percentage Mod: HP is shown in percentages
|rule|Dynamax Clause: You cannot dynamax
|rule|Re-Evolution Mod: Pokémon gain the boosts they would gain from evolving again
|clearpoke
|poke|p1|Slowbro-Galar, F|
|poke|p1|Golisopod, M|
|poke|p1|Chansey, F|
|poke|p1|Quagsire, F|
|poke|p1|Umbreon, M|
|poke|p1|Corviknight, F|
|poke|p2|Toxapex, M|
|poke|p2|Corviknight, M|
|poke|p2|Chansey, F|
|poke|p2|Clefable, F|
|poke|p2|Giratina|
|poke|p2|Gastrodon, M|
|teampreview
|inactive|lowelofunn also wants the timer to be on.
|c|☆knexhawk2|oh boy
|j|+booclipse
|j| amstan (-_-)
|j| wintrmint
|j| ronnie.dgaf
|c| amstan (-_-)|stall v stall
|inactive|lowelofunn has 120 seconds left.
|j| Freshiest
|j|%htcl
|c| amstan (-_-)|but one is good stall
|
|t:|1666835201
|start
|switch|p1a: Golisopod|Golisopod, M|100/100
|switch|p2a: Clefable|Clefable, F|100/100
|turn|1
|c| ronnie.dgaf|what are these teams stall
|j| xXElTobyXx
|c|☆knexhawk2|its mine
|j| CartiWins
|c|☆knexhawk2|( i have quagsire)
|l| amstan (-_-)
|j| amstan (-_-)
|c| amstan (-_-)|good point
|
|t:|1666835226
|switch|p2a: Toxapex|Toxapex, M|100/100
|switch|p1a: Slowbro|Slowbro-Galar, F|100/100
|
|upkeep
|turn|2
|
|t:|1666835238
|switch|p2a: Chansey|Chansey, F|100/100
|move|p1a: Slowbro|Future Sight|p2a: Chansey
|-start|p1a: Slowbro|move: Future Sight
|
|upkeep
|turn|3
|l| amstan (-_-)
|
|t:|1666835245
|switch|p1a: Golisopod|Golisopod, M|100/100
|move|p2a: Chansey|Toxic|p1a: Golisopod
|-status|p1a: Golisopod|tox
|
|-damage|p1a: Golisopod|94/100 tox|[from] psn
|upkeep
|turn|4
|j| zaydapoketrainer
|
|t:|1666835259
|switch|p2a: Giratina|Giratina|100/100
|-ability|p2a: Giratina|Pressure
|move|p1a: Golisopod|Knock Off|p2a: Giratina
|-supereffective|p2a: Giratina
|-damage|p2a: Giratina|64/100
|-enditem|p2a: Giratina|Leftovers|[from] move: Knock Off|[of] p1a: Golisopod
|
|-end|p2a: Giratina|move: Future Sight
|-damage|p2a: Giratina|31/100
|-damage|p1a: Golisopod|82/100 tox|[from] psn
|upkeep
|turn|5
|c|☆knexhawk2|go sleep
|l|+booclipse
|
|t:|1666835282
|switch|p2a: Toxapex|Toxapex, M|100/100
|move|p1a: Golisopod|Spikes|p2a: Toxapex
|-sidestart|p2: lowelofunn|Spikes
|
|-damage|p1a: Golisopod|63/100 tox|[from] psn
|upkeep
|turn|6
|j| Faceblue
|l| Faceblue
|
|t:|1666835311
|move|p2a: Toxapex|Knock Off|p1a: Golisopod
|-damage|p1a: Golisopod|59/100 tox
|-enditem|p1a: Golisopod|Heavy-Duty Boots|[from] move: Knock Off|[of] p2a: Toxapex
|move|p1a: Golisopod|Knock Off|p2a: Toxapex
|-damage|p2a: Toxapex|83/100
|-damage|p1a: Golisopod|42/100 tox|[from] item: Rocky Helmet|[of] p2a: Toxapex
|-enditem|p2a: Toxapex|Rocky Helmet|[from] move: Knock Off|[of] p1a: Golisopod
|-activate|p1a: Golisopod|ability: Emergency Exit
|j| BandedAi
|
|t:|1666835316
|switch|p1a: Umbreon|Umbreon, M|100/100
|
|upkeep
|turn|7
|
|t:|1666835319
|move|p1a: Umbreon|Wish|p1a: Umbreon
|move|p2a: Toxapex|Block|p1a: Umbreon
|-activate|p1a: Umbreon|trapped
|
|upkeep
|turn|8
|j| ProXXDev
|c|☆lowelofunn|xd
|
|t:|1666835326
|move|p1a: Umbreon|Protect|p1a: Umbreon
|-singleturn|p1a: Umbreon|Protect
|move|p2a: Toxapex|Spite|p1a: Umbreon
|-activate|p1a: Umbreon|move: Protect
|
|upkeep
|turn|9
|
|t:|1666835328
|move|p1a: Umbreon|Foul Play|p2a: Toxapex
|-damage|p2a: Toxapex|72/100
|move|p2a: Toxapex|Spite|p1a: Umbreon
|-activate|p1a: Umbreon|move: Spite|Foul Play|4
|
|upkeep
|turn|10
|
|t:|1666835330
|move|p1a: Umbreon|Protect|p1a: Umbreon
|-singleturn|p1a: Umbreon|Protect
|move|p2a: Toxapex|Knock Off|p1a: Umbreon
|-activate|p1a: Umbreon|move: Protect
|
|upkeep
|turn|11
|
|t:|1666835332
|move|p1a: Umbreon|Heal Bell|p1a: Umbreon
|-activate|p1a: Umbreon|move: Heal Bell
|-curestatus|p1: Golisopod|tox|[msg]
|move|p2a: Toxapex|Spite|p1a: Umbreon
|-activate|p1a: Umbreon|move: Spite|Heal Bell|4
|
|upkeep
|turn|12
|
|t:|1666835337
|move|p1a: Umbreon|Protect|p1a: Umbreon
|-singleturn|p1a: Umbreon|Protect
|move|p2a: Toxapex|Knock Off|p1a: Umbreon
|-activate|p1a: Umbreon|move: Protect
|
|upkeep
|turn|13
|
|t:|1666835341
|move|p1a: Umbreon|Wish|p1a: Umbreon
|move|p2a: Toxapex|Spite|p1a: Umbreon
|-activate|p1a: Umbreon|move: Spite|Wish|4
|
|upkeep
|turn|14
|j| amstan (-_-)
|l| amstan (-_-)
|
|t:|1666835348
|move|p1a: Umbreon|Foul Play|p2a: Toxapex
|-damage|p2a: Toxapex|61/100
|move|p2a: Toxapex|Knock Off|p1a: Umbreon
|-resisted|p1a: Umbreon
|-damage|p1a: Umbreon|97/100
|-enditem|p1a: Umbreon|Leftovers|[from] move: Knock Off|[of] p2a: Toxapex
|
|-heal|p1a: Umbreon|100/100|[from] move: Wish|[wisher] Umbreon
|upkeep
|turn|15
|
|t:|1666835352
|move|p1a: Umbreon|Protect|p1a: Umbreon
|-singleturn|p1a: Umbreon|Protect
|move|p2a: Toxapex|Knock Off|p1a: Umbreon
|-activate|p1a: Umbreon|move: Protect
|
|upkeep
|turn|16
|l| CartiWins
|
|t:|1666835353
|move|p1a: Umbreon|Protect|p1a: Umbreon
|-singleturn|p1a: Umbreon|Protect
|move|p2a: Toxapex|Spite|p1a: Umbreon
|-activate|p1a: Umbreon|move: Protect
|
|upkeep
|turn|17
|
|t:|1666835356
|move|p1a: Umbreon|Foul Play|p2a: Toxapex
|-damage|p2a: Toxapex|50/100
|move|p2a: Toxapex|Knock Off|p1a: Umbreon
|-resisted|p1a: Umbreon
|-damage|p1a: Umbreon|98/100
|
|upkeep
|turn|18
|
|t:|1666835359
|move|p1a: Umbreon|Foul Play|p2a: Toxapex
|-damage|p2a: Toxapex|39/100
|move|p2a: Toxapex|Recover|p2a: Toxapex
|-heal|p2a: Toxapex|89/100
|
|upkeep
|turn|19
|
|t:|1666835362
|move|p1a: Umbreon|Protect|p1a: Umbreon
|-singleturn|p1a: Umbreon|Protect
|move|p2a: Toxapex|Knock Off|p1a: Umbreon
|-activate|p1a: Umbreon|move: Protect
|
|upkeep
|turn|20
|
|t:|1666835365
|move|p1a: Umbreon|Foul Play|p2a: Toxapex
|-damage|p2a: Toxapex|79/100
|move|p2a: Toxapex|Spite|p1a: Umbreon
|-activate|p1a: Umbreon|move: Spite|Foul Play|4
|
|upkeep
|turn|21
|
|t:|1666835372
|move|p1a: Umbreon|Wish|p1a: Umbreon
|move|p2a: Toxapex|Knock Off|p1a: Umbreon
|-resisted|p1a: Umbreon
|-damage|p1a: Umbreon|96/100
|
|upkeep
|turn|22
|
|t:|1666835373
|move|p1a: Umbreon|Protect|p1a: Umbreon
|-singleturn|p1a: Umbreon|Protect
|move|p2a: Toxapex|Spite|p1a: Umbreon
|-activate|p1a: Umbreon|move: Protect
|
|-heal|p1a: Umbreon|100/100|[from] move: Wish|[wisher] Umbreon
|upkeep
|turn|23
|
|t:|1666835376
|move|p1a: Umbreon|Protect|p1a: Umbreon
|-singleturn|p1a: Umbreon|Protect
|move|p2a: Toxapex|Spite|p1a: Umbreon
|-activate|p1a: Umbreon|move: Protect
|
|upkeep
|turn|24
|c| zaydapoketrainer|both of yal
|
|t:|1666835382
|move|p1a: Umbreon|Wish|p1a: Umbreon
|move|p2a: Toxapex|Spite|p1a: Umbreon
|-activate|p1a: Umbreon|move: Spite|Wish|4
|
|upkeep
|turn|25
|c| zaydapoketrainer|picked stall
|c|☆knexhawk2|im not using block toxapex
|c| zaydapoketrainer|knexhawk2 why do u always stall?
|
|t:|1666835390
|move|p1a: Umbreon|Protect|p1a: Umbreon
|-singleturn|p1a: Umbreon|Protect
|move|p2a: Toxapex|Knock Off|p1a: Umbreon
|-activate|p1a: Umbreon|move: Protect
|
|upkeep
|turn|26
|c|☆knexhawk2|cuz
|
|t:|1666835395
|move|p1a: Umbreon|Protect|p1a: Umbreon
|-singleturn|p1a: Umbreon|Protect
|move|p2a: Toxapex|Knock Off|p1a: Umbreon
|-activate|p1a: Umbreon|move: Protect
|
|upkeep
|turn|27
|c|☆knexhawk2|its funny
|c| zaydapoketrainer|have some respect
|
|t:|1666835399
|move|p1a: Umbreon|Protect||[still]
|-fail|p1a: Umbreon
|move|p2a: Toxapex|Spite|p1a: Umbreon
|-activate|p1a: Umbreon|move: Spite|Protect|4
|
|upkeep
|turn|28
|
|t:|1666835403
|move|p1a: Umbreon|Heal Bell||[still]
|-activate|p1a: Umbreon|move: Heal Bell
|-fail|p1a: Umbreon
|move|p2a: Toxapex|Knock Off|p1a: Umbreon
|-resisted|p1a: Umbreon
|-damage|p1a: Umbreon|98/100
|
|upkeep
|turn|29
|c| zaydapoketrainer|ur a human bro
|
|t:|1666835406
|move|p1a: Umbreon|Foul Play|p2a: Toxapex
|-crit|p2a: Toxapex
|-damage|p2a: Toxapex|64/100
|move|p2a: Toxapex|Knock Off|p1a: Umbreon
|-resisted|p1a: Umbreon
|-damage|p1a: Umbreon|96/100
|
|upkeep
|turn|30
|
|t:|1666835409
|move|p1a: Umbreon|Protect|p1a: Umbreon
|-singleturn|p1a: Umbreon|Protect
|move|p2a: Toxapex|Knock Off|p1a: Umbreon
|-activate|p1a: Umbreon|move: Protect
|
|upkeep
|turn|31
|c| zaydapoketrainer|any stall player doesnt get bitches
|
|t:|1666835413
|move|p1a: Umbreon|Foul Play|p2a: Toxapex
|-damage|p2a: Toxapex|52/100
|move|p2a: Toxapex|Spite|p1a: Umbreon
|-activate|p1a: Umbreon|move: Spite|Foul Play|4
|
|upkeep
|turn|32
|l| BandedAi
|
|t:|1666835416
|move|p1a: Umbreon|Foul Play|p2a: Toxapex
|-damage|p2a: Toxapex|42/100
|move|p2a: Toxapex|Knock Off|p1a: Umbreon
|-resisted|p1a: Umbreon
|-damage|p1a: Umbreon|94/100
|
|upkeep
|turn|33
|
|t:|1666835418
|move|p1a: Umbreon|Foul Play|p2a: Toxapex
|-crit|p2a: Toxapex
|-damage|p2a: Toxapex|25/100
|move|p2a: Toxapex|Recover|p2a: Toxapex
|-heal|p2a: Toxapex|75/100
|
|upkeep
|turn|34
|
|t:|1666835421
|move|p1a: Umbreon|Foul Play|p2a: Toxapex
|-damage|p2a: Toxapex|65/100
|move|p2a: Toxapex|Block||[still]
|-fail|p2a: Toxapex
|
|upkeep
|turn|35
|
|t:|1666835424
|move|p1a: Umbreon|Foul Play|p2a: Toxapex
|-damage|p2a: Toxapex|55/100
|move|p2a: Toxapex|Knock Off|p1a: Umbreon
|-resisted|p1a: Umbreon
|-damage|p1a: Umbreon|92/100
|
|upkeep
|turn|36
|
|t:|1666835429
|move|p1a: Umbreon|Foul Play|p2a: Toxapex
|-damage|p2a: Toxapex|44/100
|move|p2a: Toxapex|Spite||[still]
|-fail|p2a: Toxapex
|
|upkeep
|turn|37
|
|t:|1666835434
|move|p1a: Umbreon|Wish|p1a: Umbreon
|move|p2a: Toxapex|Recover|p2a: Toxapex
|-heal|p2a: Toxapex|94/100
|
|upkeep
|turn|38
|
|t:|1666835439
|move|p1a: Umbreon|Heal Bell||[still]
|-activate|p1a: Umbreon|move: Heal Bell
|-fail|p1a: Umbreon
|move|p2a: Toxapex|Knock Off|p1a: Umbreon
|-resisted|p1a: Umbreon
|-damage|p1a: Umbreon|90/100
|
|-heal|p1a: Umbreon|100/100|[from] move: Wish|[wisher] Umbreon
|upkeep
|turn|39
|
|t:|1666835443
|move|p1a: Umbreon|Wish|p1a: Umbreon
|move|p2a: Toxapex|Knock Off|p1a: Umbreon
|-resisted|p1a: Umbreon
|-damage|p1a: Umbreon|98/100
|
|upkeep
|turn|40
|
|t:|1666835446
|move|p1a: Umbreon|Heal Bell||[still]
|-activate|p1a: Umbreon|move: Heal Bell
|-fail|p1a: Umbreon
|move|p2a: Toxapex|Block||[still]
|-fail|p2a: Toxapex
|
|-heal|p1a: Umbreon|100/100|[from] move: Wish|[wisher] Umbreon
|upkeep
|turn|41
|
|t:|1666835448
|move|p1a: Umbreon|Wish|p1a: Umbreon
|move|p2a: Toxapex|Knock Off|p1a: Umbreon
|-resisted|p1a: Umbreon
|-damage|p1a: Umbreon|98/100
|
|upkeep
|turn|42
|c| zaydapoketrainer|get rekt
|
|t:|1666835450
|move|p1a: Umbreon|Wish||[still]
|-fail|p1a: Umbreon
|move|p2a: Toxapex|Knock Off|p1a: Umbreon
|-resisted|p1a: Umbreon
|-damage|p1a: Umbreon|96/100
|
|-heal|p1a: Umbreon|100/100|[from] move: Wish|[wisher] Umbreon
|upkeep
|turn|43
|
|t:|1666835453
|-activate|p1a: Umbreon|move: Struggle
|move|p1a: Umbreon|Struggle|p2a: Toxapex
|-damage|p2a: Toxapex|91/100
|-damage|p1a: Umbreon|75/100|[from] recoil
|move|p2a: Toxapex|Knock Off|p1a: Umbreon
|-resisted|p1a: Umbreon
|-damage|p1a: Umbreon|73/100
|
|upkeep
|turn|44
|c|☆knexhawk2|i mean i dont need this
|c|☆knexhawk2|tbf
|
|t:|1666835458
|-activate|p1a: Umbreon|move: Struggle
|move|p1a: Umbreon|Struggle|p2a: Toxapex
|-damage|p2a: Toxapex|87/100
|-damage|p1a: Umbreon|48/100|[from] recoil
|move|p2a: Toxapex|Knock Off|p1a: Umbreon
|-resisted|p1a: Umbreon
|-damage|p1a: Umbreon|46/100
|
|upkeep
|turn|45
|c| zaydapoketrainer|excuse
|c|☆knexhawk2|its good to know his pex is useless
|
|t:|1666835469
|-activate|p1a: Umbreon|move: Struggle
|move|p1a: Umbreon|Struggle|p2a: Toxapex
|-damage|p2a: Toxapex|84/100
|-damage|p1a: Umbreon|21/100|[from] recoil
|move|p2a: Toxapex|Block||[still]
|-fail|p2a: Toxapex
|
|upkeep
|turn|46
|
|t:|1666835475
|switch|p2a: Giratina|Giratina|31/100
|-damage|p2a: Giratina|18/100|[from] Spikes
|-ability|p2a: Giratina|Pressure
|-activate|p1a: Umbreon|move: Struggle
|move|p1a: Umbreon|Struggle|p2a: Giratina
|-damage|p2a: Giratina|15/100
|-damage|p1a: Umbreon|0 fnt|[from] recoil
|faint|p1a: Umbreon
|
|upkeep
|c|☆lowelofunn|shit
|l| zaydapoketrainer
|
|t:|1666835496
|switch|p1a: Slowbro|Slowbro-Galar, F|100/100
|turn|47
|
|t:|1666835502
|move|p2a: Giratina|Rest|p2a: Giratina
|-status|p2a: Giratina|slp|[from] move: Rest
|-heal|p2a: Giratina|100/100 slp|[silent]
|move|p1a: Slowbro|Ice Beam|p2a: Giratina
|-supereffective|p2a: Giratina
|-damage|p2a: Giratina|65/100 slp
|
|upkeep
|turn|48
|
|t:|1666835509
|switch|p2a: Chansey|Chansey, F|100/100
|-damage|p2a: Chansey|88/100|[from] Spikes
|move|p1a: Slowbro|Ice Beam|p2a: Chansey
|-damage|p2a: Chansey|81/100
|
|upkeep
|turn|49
|j|+booclipse
|c|☆knexhawk2|yeah i cant outspeed that lol
|j| george malone
|
|t:|1666835516
|switch|p1a: Corviknight|Corviknight, F|100/100
|-ability|p1a: Corviknight|Pressure
|move|p2a: Chansey|Heal Bell|p2a: Chansey
|-activate|p2a: Chansey|move: Heal Bell
|-curestatus|p2: Giratina|slp|[msg]
|
|upkeep
|turn|50
|
|t:|1666835523
|switch|p2a: Corviknight|Corviknight, M|100/100
|-ability|p2a: Corviknight|Pressure
|switch|p1a: Chansey|Chansey, F|100/100
|
|upkeep
|turn|51
|j| d18l
|
|t:|1666835531
|switch|p1a: Corviknight|Corviknight, F|100/100
|-ability|p1a: Corviknight|Pressure
|switch|p2a: Gastrodon|Gastrodon, M|100/100
|-damage|p2a: Gastrodon|88/100|[from] Spikes
|
|-heal|p2a: Gastrodon|94/100|[from] item: Leftovers
|upkeep
|turn|52
|j| Duranti-Meta
|
|t:|1666835534
|switch|p1a: Chansey|Chansey, F|100/100
|switch|p2a: Corviknight|Corviknight, M|100/100
|-ability|p2a: Corviknight|Pressure
|
|upkeep
|turn|53
|
|t:|1666835535
|switch|p1a: Corviknight|Corviknight, F|100/100
|-ability|p1a: Corviknight|Pressure
|switch|p2a: Gastrodon|Gastrodon, M|94/100
|-damage|p2a: Gastrodon|82/100|[from] Spikes
|
|-heal|p2a: Gastrodon|88/100|[from] item: Leftovers
|upkeep
|turn|54
|
|t:|1666835537
|switch|p1a: Chansey|Chansey, F|100/100
|switch|p2a: Corviknight|Corviknight, M|100/100
|-ability|p2a: Corviknight|Pressure
|
|upkeep
|turn|55
|
|t:|1666835538
|switch|p1a: Corviknight|Corviknight, F|100/100
|-ability|p1a: Corviknight|Pressure
|switch|p2a: Gastrodon|Gastrodon, M|88/100
|-damage|p2a: Gastrodon|75/100|[from] Spikes
|
|-heal|p2a: Gastrodon|82/100|[from] item: Leftovers
|upkeep
|turn|56
|c| george malone|this shit look fun asl
|
|t:|1666835539
|switch|p1a: Chansey|Chansey, F|100/100
|switch|p2a: Corviknight|Corviknight, M|100/100
|-ability|p2a: Corviknight|Pressure
|
|upkeep
|turn|57
|
|t:|1666835541
|switch|p1a: Corviknight|Corviknight, F|100/100
|-ability|p1a: Corviknight|Pressure
|move|p2a: Corviknight|Defog|p1a: Corviknight
|-unboost|p1a: Corviknight|evasion|1
|-sideend|p2: lowelofunn|Spikes|[from] move: Defog|[of] p2a: Corviknight
|
|upkeep
|turn|58
|c| george malone|50 turns in
|c|☆knexhawk2|-2 pp ha
|
|t:|1666835548
|switch|p2a: Toxapex|Toxapex, M|100/100
|switch|p1a: Chansey|Chansey, F|100/100
|
|upkeep
|turn|59
|
|t:|1666835554
|switch|p2a: Gastrodon|Gastrodon, M|82/100
|move|p1a: Chansey|Stealth Rock|p2a: Gastrodon
|-sidestart|p2: lowelofunn|move: Stealth Rock
|
|-heal|p2a: Gastrodon|88/100|[from] item: Leftovers
|upkeep
|turn|60
|
|t:|1666835561
|switch|p2a: Corviknight|Corviknight, M|100/100
|-damage|p2a: Corviknight|88/100|[from] Stealth Rock
|-ability|p2a: Corviknight|Pressure
|move|p1a: Chansey|Wish|p1a: Chansey
|
|upkeep
|turn|61
|c|☆lowelofunn|good thing i killed umbri
|l|+booclipse
|c| Duranti-Meta|lmao double stall
|c|☆knexhawk2|good thing
|
|t:|1666835590
|switch|p1a: Golisopod|Golisopod, M|42/100
|move|p2a: Corviknight|Defog|p1a: Golisopod
|-unboost|p1a: Golisopod|evasion|1
|-sideend|p2: lowelofunn|Stealth Rock|[from] move: Defog|[of] p2a: Corviknight
|
|-heal|p1a: Golisopod|100/100|[from] move: Wish|[wisher] Chansey
|upkeep
|turn|62
|c|☆knexhawk2|almost like i cant wishpass anymore
|
|t:|1666835595
|switch|p2a: Toxapex|Toxapex, M|100/100
|move|p1a: Golisopod|Knock Off|p2a: Toxapex
|-damage|p2a: Toxapex|88/100
|
|upkeep
|turn|63
|c| george malone|who doesnt go corv on corvs defog
|
|t:|1666835605
|switch|p1a: Corviknight|Corviknight, F|100/100
|-ability|p1a: Corviknight|Pressure
|move|p2a: Toxapex|Knock Off|p1a: Corviknight
|-damage|p1a: Corviknight|94/100
|-enditem|p1a: Corviknight|Shed Shell|[from] move: Knock Off|[of] p2a: Toxapex
|
|upkeep
|turn|64
|c|☆knexhawk2|i wanted my heal
|
|t:|1666835616
|switch|p1a: Quagsire|Quagsire, F|100/100
|switch|p2a: Clefable|Clefable, F|100/100
|
|upkeep
|turn|65
|
|t:|1666835622
|switch|p1a: Slowbro|Slowbro-Galar, F|100/100
|move|p2a: Clefable|Stealth Rock|p1a: Slowbro
|-sidestart|p1: knexhawk2|move: Stealth Rock
|
|upkeep
|turn|66
|
|t:|1666835626
|switch|p2a: Chansey|Chansey, F|81/100
|move|p1a: Slowbro|Future Sight|p2a: Chansey
|-start|p1a: Slowbro|move: Future Sight
|
|upkeep
|turn|67
|c| Duranti-Meta|this is why i hate stall
|
|t:|1666835638
|switch|p1a: Chansey|Chansey, F|100/100
|-damage|p1a: Chansey|88/100|[from] Stealth Rock
|move|p2a: Chansey|Toxic|p1a: Chansey
|-status|p1a: Chansey|tox
|
|-damage|p1a: Chansey|82/100 tox|[from] psn
|upkeep
|turn|68
|
|t:|1666835643
|switch|p2a: Corviknight|Corviknight, M|88/100
|-ability|p2a: Corviknight|Pressure
|move|p1a: Chansey|Stealth Rock|p2a: Corviknight
|-sidestart|p2: lowelofunn|move: Stealth Rock
|
|-end|p2a: Corviknight|move: Future Sight
|-resisted|p2a: Corviknight
|-crit|p2a: Corviknight
|-damage|p2a: Corviknight|59/100
|-damage|p1a: Chansey|70/100 tox|[from] psn
|upkeep
|turn|69
|j| anoxx17
|
|t:|1666835646
|-curestatus|p1a: Chansey|tox|[from] ability: Natural Cure
|switch|p1a: Corviknight|Corviknight, F|94/100
|-damage|p1a: Corviknight|81/100|[from] Stealth Rock
|-ability|p1a: Corviknight|Pressure
|move|p2a: Corviknight|Defog|p1a: Corviknight
|-unboost|p1a: Corviknight|evasion|1
|-sideend|p1: knexhawk2|Stealth Rock|[from] move: Defog|[of] p2a: Corviknight
|-sideend|p2: lowelofunn|Stealth Rock|[from] move: Defog|[of] p2a: Corviknight
|
|upkeep
|turn|70
|
|t:|1666835652
|switch|p1a: Slowbro|Slowbro-Galar, F|100/100
|move|p2a: Corviknight|Roost|p2a: Corviknight
|-heal|p2a: Corviknight|100/100
|-singleturn|p2a: Corviknight|move: Roost
|
|upkeep
|turn|71
|
|t:|1666835657
|switch|p2a: Giratina|Giratina|65/100
|-ability|p2a: Giratina|Pressure
|switch|p1a: Quagsire|Quagsire, F|100/100
|
|upkeep
|turn|72
|
|t:|1666835662
|switch|p2a: Clefable|Clefable, F|100/100
|switch|p1a: Chansey|Chansey, F|70/100
|
|upkeep
|turn|73
|
|t:|1666835668
|switch|p1a: Corviknight|Corviknight, F|81/100
|-ability|p1a: Corviknight|Pressure
|move|p2a: Clefable|Knock Off|p1a: Corviknight
|-damage|p1a: Corviknight|76/100
|
|upkeep
|turn|74
|
|t:|1666835673
|switch|p2a: Giratina|Giratina|65/100
|-ability|p2a: Giratina|Pressure
|switch|p1a: Golisopod|Golisopod, M|100/100
|
|upkeep
|turn|75
|
|t:|1666835680
|switch|p2a: Corviknight|Corviknight, M|100/100
|-ability|p2a: Corviknight|Pressure
|move|p1a: Golisopod|Spikes|p2a: Corviknight
|-sidestart|p2: lowelofunn|Spikes
|
|upkeep
|turn|76
|
|t:|1666835687
|switch|p2a: Clefable|Clefable, F|100/100
|move|p1a: Golisopod|Knock Off|p2a: Clefable
|-resisted|p2a: Clefable
|-damage|p2a: Clefable|87/100
|-enditem|p2a: Clefable|Leftovers|[from] move: Knock Off|[of] p1a: Golisopod
|
|upkeep
|turn|77
|c| george malone|think we can call it a knex win
|
|t:|1666835702
|switch|p2a: Corviknight|Corviknight, M|100/100
|-ability|p2a: Corviknight|Pressure
|switch|p1a: Corviknight|Corviknight, F|76/100
|-ability|p1a: Corviknight|Pressure
|
|upkeep
|turn|78
|c|☆knexhawk2|true
|
|t:|1666835711
|switch|p2a: Giratina|Giratina|65/100
|-damage|p2a: Giratina|53/100|[from] Spikes
|-ability|p2a: Giratina|Pressure
|move|p1a: Corviknight|Body Press|p2a: Giratina
|-immune|p2a: Giratina
|
|upkeep
|turn|79
|
|t:|1666835718
|switch|p1a: Chansey|Chansey, F|70/100
|move|p2a: Giratina|Will-O-Wisp|p1a: Chansey
|-status|p1a: Chansey|brn
|
|-damage|p1a: Chansey|63/100 brn|[from] brn
|upkeep
|turn|80
|
|t:|1666835727
|switch|p2a: Toxapex|Toxapex, M|100/100
|-damage|p2a: Toxapex|88/100|[from] Spikes
|move|p1a: Chansey|Stealth Rock|p2a: Toxapex
|-sidestart|p2: lowelofunn|move: Stealth Rock
|
|-damage|p1a: Chansey|57/100 brn|[from] brn
|upkeep
|turn|81
|
|t:|1666835741
|-curestatus|p1a: Chansey|brn|[from] ability: Natural Cure
|switch|p1a: Quagsire|Quagsire, F|100/100
|switch|p2a: Corviknight|Corviknight, M|100/100
|-damage|p2a: Corviknight|88/100|[from] Stealth Rock
|-ability|p2a: Corviknight|Pressure
|
|upkeep
|turn|82
|
|t:|1666835747
|switch|p2a: Giratina|Giratina|53/100
|-damage|p2a: Giratina|40/100|[from] Spikes
|-damage|p2a: Giratina|28/100|[from] Stealth Rock
|-ability|p2a: Giratina|Pressure
|switch|p1a: Corviknight|Corviknight, F|76/100
|-ability|p1a: Corviknight|Pressure
|
|upkeep
|turn|83
|
|t:|1666835753
|switch|p1a: Chansey|Chansey, F|57/100
|move|p2a: Giratina|Rest|p2a: Giratina
|-status|p2a: Giratina|slp|[from] move: Rest
|-heal|p2a: Giratina|100/100 slp|[silent]
|
|upkeep
|turn|84
|l| d18l
|
|t:|1666835758
|cant|p2a: Giratina|slp
|move|p1a: Chansey|Seismic Toss|p2a: Giratina
|-immune|p2a: Giratina
|
|upkeep
|turn|85
|
|t:|1666835760
|cant|p2a: Giratina|slp
|move|p1a: Chansey|Soft-Boiled|p1a: Chansey
|-heal|p1a: Chansey|100/100
|
|upkeep
|turn|86
|
|t:|1666835765
|switch|p1a: Slowbro|Slowbro-Galar, F|100/100
|-curestatus|p2a: Giratina|slp|[msg]
|move|p2a: Giratina|Will-O-Wisp|p1a: Slowbro
|-status|p1a: Slowbro|brn
|
|-damage|p1a: Slowbro|94/100 brn|[from] brn
|upkeep
|turn|87
|
|t:|1666835772
|switch|p1a: Chansey|Chansey, F|100/100
|move|p2a: Giratina|Defog|p1a: Chansey
|-unboost|p1a: Chansey|evasion|1
|-sideend|p2: lowelofunn|Spikes|[from] move: Defog|[of] p2a: Giratina
|-sideend|p2: lowelofunn|Stealth Rock|[from] move: Defog|[of] p2a: Giratina
|
|upkeep
|turn|88
|c| george malone|nvm
|
|t:|1666835783
|switch|p2a: Toxapex|Toxapex, M|100/100
|switch|p1a: Slowbro|Slowbro-Galar, F|100/100 brn
|
|-damage|p1a: Slowbro|94/100 brn|[from] brn
|upkeep
|turn|89
|l| george malone
|
|t:|1666835799
|switch|p1a: Chansey|Chansey, F|100/100
|switch|p2a: Giratina|Giratina|100/100
|-ability|p2a: Giratina|Pressure
|
|upkeep
|turn|90
|
|t:|1666835812
|switch|p2a: Corviknight|Corviknight, M|88/100
|-ability|p2a: Corviknight|Pressure
|switch|p1a: Slowbro|Slowbro-Galar, F|100/100 brn
|
|-damage|p1a: Slowbro|94/100 brn|[from] brn
|upkeep
|turn|91
|c|☆knexhawk2|feels like stalemate
|
|t:|1666835827
|switch|p2a: Giratina|Giratina|100/100
|-ability|p2a: Giratina|Pressure
|switch|p1a: Quagsire|Quagsire, F|100/100
|
|upkeep
|turn|92
|
|t:|1666835834
|switch|p1a: Slowbro|Slowbro-Galar, F|100/100 brn
|move|p2a: Giratina|Will-O-Wisp|p1a: Slowbro
|-fail|p1a: Slowbro|brn
|
|-damage|p1a: Slowbro|94/100 brn|[from] brn
|upkeep
|turn|93
|
|t:|1666835840
|switch|p2a: Gastrodon|Gastrodon, M|88/100
|switch|p1a: Chansey|Chansey, F|100/100
|
|-heal|p2a: Gastrodon|94/100|[from] item: Leftovers
|upkeep
|turn|94
|
|t:|1666835844
|switch|p2a: Corviknight|Corviknight, M|88/100
|-ability|p2a: Corviknight|Pressure
|move|p1a: Chansey|Stealth Rock|p2a: Corviknight
|-sidestart|p2: lowelofunn|move: Stealth Rock
|
|upkeep
|turn|95
|
|t:|1666835850
|switch|p1a: Corviknight|Corviknight, F|76/100
|-ability|p1a: Corviknight|Pressure
|move|p2a: Corviknight|Defog|p1a: Corviknight
|-unboost|p1a: Corviknight|evasion|1
|-sideend|p2: lowelofunn|Stealth Rock|[from] move: Defog|[of] p2a: Corviknight
|
|upkeep
|turn|96
|
|t:|1666835856
|switch|p1a: Slowbro|Slowbro-Galar, F|100/100 brn
|switch|p2a: Clefable|Clefable, F|87/100
|
|-damage|p1a: Slowbro|94/100 brn|[from] brn
|upkeep
|turn|97
|
|t:|1666835861
|move|p2a: Clefable|Stealth Rock|p1a: Slowbro
|-sidestart|p1: knexhawk2|move: Stealth Rock
|move|p1a: Slowbro|Ice Beam|p2a: Clefable
|-damage|p2a: Clefable|70/100
|
|-damage|p1a: Slowbro|88/100 brn|[from] brn
|upkeep
|turn|98
|
|t:|1666835871
|move|p2a: Clefable|Moonblast|p1a: Slowbro
|-resisted|p1a: Slowbro
|-crit|p1a: Slowbro
|-damage|p1a: Slowbro|75/100 brn
|move|p1a: Slowbro|Flamethrower|p2a: Clefable
|-damage|p2a: Clefable|51/100
|-status|p2a: Clefable|brn
|
|-damage|p1a: Slowbro|69/100 brn|[from] brn
|upkeep
|turn|99
|
|t:|1666835876
|move|p2a: Clefable|Soft-Boiled|p2a: Clefable
|-heal|p2a: Clefable|100/100 brn
|move|p1a: Slowbro|Shell Side Arm|p2a: Clefable|[anim] Shell Side Arm Special
|-supereffective|p2a: Clefable
|-damage|p2a: Clefable|48/100 brn
|-hint|Special Shell Side Arm
|
|-damage|p1a: Slowbro|63/100 brn|[from] brn
|upkeep
|turn|100
|
|t:|1666835882
|move|p2a: Clefable|Soft-Boiled|p2a: Clefable
|-heal|p2a: Clefable|98/100 brn
|move|p1a: Slowbro|Ice Beam|p2a: Clefable
|-damage|p2a: Clefable|78/100 brn
|
|-damage|p1a: Slowbro|57/100 brn|[from] brn
|upkeep
|turn|101
|
|t:|1666835890
|switch|p2a: Chansey|Chansey, F|81/100
|switch|p1a: Corviknight|Corviknight, F|76/100
|-damage|p1a: Corviknight|64/100|[from] Stealth Rock
|-ability|p1a: Corviknight|Pressure
|
|upkeep
|turn|102
|
|t:|1666835894
|switch|p2a: Giratina|Giratina|100/100
|-ability|p2a: Giratina|Pressure
|move|p1a: Corviknight|Body Press|p2a: Giratina
|-immune|p2a: Giratina
|
|upkeep
|turn|103
|
|t:|1666835899
|switch|p2a: Corviknight|Corviknight, M|88/100
|-ability|p2a: Corviknight|Pressure
|move|p1a: Corviknight|Defog|p2a: Corviknight
|-unboost|p2a: Corviknight|evasion|1
|-sideend|p1: knexhawk2|Stealth Rock|[from] move: Defog|[of] p1a: Corviknight
|
|upkeep
|turn|104
|
|t:|1666835908
|switch|p1a: Slowbro|Slowbro-Galar, F|90/100 brn
|switch|p2a: Clefable|Clefable, F|78/100 brn
|
|-damage|p1a: Slowbro|84/100 brn|[from] brn
|upkeep
|turn|105
|c| Duranti-Meta|hahahahahahahahahahahahahahahahahahahahahahah
|
|t:|1666835915
|switch|p2a: Gastrodon|Gastrodon, M|94/100
|switch|p1a: Corviknight|Corviknight, F|64/100
|-ability|p1a: Corviknight|Pressure
|
|-heal|p2a: Gastrodon|100/100|[from] item: Leftovers
|upkeep
|turn|106
|
|t:|1666835920
|switch|p1a: Chansey|Chansey, F|100/100
|move|p2a: Gastrodon|Scald|p1a: Chansey
|-crit|p1a: Chansey
|-damage|p1a: Chansey|89/100
|
|upkeep
|turn|107
|c|☆knexhawk2|htcl you created this
|j| icnincieninec
|c|☆knexhawk2|This is your creation
|
|t:|1666835935
|switch|p2a: Giratina|Giratina|100/100
|-ability|p2a: Giratina|Pressure
|move|p1a: Chansey|Stealth Rock|p2a: Giratina
|-sidestart|p2: lowelofunn|move: Stealth Rock
|
|upkeep
|turn|108
|c|%htcl|its not my fault
|c|%htcl|no one brought
|
|t:|1666835941
|switch|p1a: Corviknight|Corviknight, F|64/100
|-ability|p1a: Corviknight|Pressure
|move|p2a: Giratina|Will-O-Wisp|p1a: Corviknight
|-status|p1a: Corviknight|brn
|
|-damage|p1a: Corviknight|58/100 brn|[from] brn
|upkeep
|turn|109
|c| Duranti-Meta|i feel like im going insane
|c|%htcl|stall breakers
|c|☆knexhawk2|How is gallade beating a giratina
|c|☆knexhawk2|Please enlighten me
|
|t:|1666835961
|switch|p1a: Chansey|Chansey, F|89/100
|move|p2a: Giratina|Defog|p1a: Chansey
|-unboost|p1a: Chansey|evasion|1
|-sideend|p2: lowelofunn|Stealth Rock|[from] move: Defog|[of] p2a: Giratina
|
|upkeep
|turn|110
|c|%htcl|it has knock off
|
|t:|1666835972
|switch|p2a: Chansey|Chansey, F|81/100
|move|p1a: Chansey|Stealth Rock|p2a: Chansey
|-sidestart|p2: lowelofunn|move: Stealth Rock
|
|upkeep
|turn|111
|c|☆knexhawk2|? ok its getting willowed
|c| Duranti-Meta|ok and
|c|%htcl|you literally ohko
|
|t:|1666835978
|switch|p1a: Corviknight|Corviknight, F|58/100 brn
|-ability|p1a: Corviknight|Pressure
|switch|p2a: Clefable|Clefable, F|78/100 brn
|
|-damage|p1a: Corviknight|52/100 brn|[from] brn
|upkeep
|turn|112
|c|%htcl|at +2
|c|%htcl|if you get an sd
|
|t:|1666835987
|move|p2a: Clefable|Knock Off|p1a: Corviknight
|-damage|p1a: Corviknight|49/100 brn
|move|p1a: Corviknight|Roost|p1a: Corviknight
|-heal|p1a: Corviknight|99/100 brn
|-singleturn|p1a: Corviknight|move: Roost
|
|-damage|p1a: Corviknight|93/100 brn|[from] brn
|upkeep
|turn|113
|
|t:|1666835992
|switch|p1a: Slowbro|Slowbro-Galar, F|100/100 brn
|move|p2a: Clefable|Moonblast|p1a: Slowbro
|-resisted|p1a: Slowbro
|-damage|p1a: Slowbro|93/100 brn
|
|-damage|p1a: Slowbro|86/100 brn|[from] brn
|upkeep
|turn|114
|
|t:|1666836001
|switch|p2a: Gastrodon|Gastrodon, M|100/100
|-damage|p2a: Gastrodon|94/100|[from] Stealth Rock
|switch|p1a: Corviknight|Corviknight, F|93/100 brn
|-ability|p1a: Corviknight|Pressure
|
|-heal|p2a: Gastrodon|100/100|[from] item: Leftovers
|-damage|p1a: Corviknight|87/100 brn|[from] brn
|upkeep
|turn|115
|
|t:|1666836009
|switch|p1a: Chansey|Chansey, F|89/100
|move|p2a: Gastrodon|Scald|p1a: Chansey
|-damage|p1a: Chansey|80/100
|
|upkeep
|turn|116
|
|t:|1666836013
|switch|p1a: Golisopod|Golisopod, M|100/100
|switch|p2a: Giratina|Giratina|100/100
|-damage|p2a: Giratina|88/100|[from] Stealth Rock
|-ability|p2a: Giratina|Pressure
|
|upkeep
|turn|117
|
|t:|1666836019
|switch|p1a: Slowbro|Slowbro-Galar, F|100/100 brn
|move|p2a: Giratina|Will-O-Wisp|p1a: Slowbro
|-fail|p1a: Slowbro|brn
|
|-damage|p1a: Slowbro|94/100 brn|[from] brn
|upkeep
|turn|118
|
|t:|1666836022
|switch|p1a: Corviknight|Corviknight, F|87/100 brn
|-ability|p1a: Corviknight|Pressure
|move|p2a: Giratina|Defog|p1a: Corviknight
|-unboost|p1a: Corviknight|evasion|1
|-sideend|p2: lowelofunn|Stealth Rock|[from] move: Defog|[of] p2a: Giratina
|
|-damage|p1a: Corviknight|81/100 brn|[from] brn
|upkeep
|turn|119
|c|%htcl|+2 252+ Atk Gallade Knock Off (97.5 BP) vs. 248 HP / 252+ Def Giratina: 434-512 (86.2 - 101.7%) -- 12.5% chance to OHKO
|
|t:|1666836028
|switch|p2a: Clefable|Clefable, F|78/100 brn
|switch|p1a: Slowbro|Slowbro-Galar, F|100/100 brn
|
|-damage|p1a: Slowbro|94/100 brn|[from] brn
|upkeep
|turn|120
|c|%htcl|just run like life orb
|c|☆knexhawk2|12.5
|c|☆knexhawk2|....
|c|%htcl|or even just like muscle band
|c|%htcl|for a bit of extra power
|
|t:|1666836042
|switch|p2a: Gastrodon|Gastrodon, M|100/100
|switch|p1a: Corviknight|Corviknight, F|81/100 brn
|-ability|p1a: Corviknight|Pressure
|
|-damage|p1a: Corviknight|75/100 brn|[from] brn
|upkeep
|turn|121
|
|t:|1666836047
|switch|p1a: Chansey|Chansey, F|80/100
|switch|p2a: Corviknight|Corviknight, M|88/100
|-ability|p2a: Corviknight|Pressure
|
|upkeep
|turn|122
|c|%htcl|or get up rocks
|c|☆knexhawk2|Yeah im gonna get up rocks
|c|☆knexhawk2|with unkillable corvi
|
|t:|1666836071
|switch|p1a: Golisopod|Golisopod, M|100/100
|move|p2a: Corviknight|Body Press|p1a: Golisopod
|-resisted|p1a: Golisopod
|-damage|p1a: Golisopod|95/100
|
|upkeep
|turn|123
|c|%htcl|uh
|c|☆knexhawk2|tell me another one
|c|%htcl|just run magnezone
|
|t:|1666836082
|switch|p2a: Giratina|Giratina|88/100
|-ability|p2a: Giratina|Pressure
|move|p1a: Golisopod|Spikes|p2a: Giratina
|-sidestart|p2: lowelofunn|Spikes
|
|upkeep
|turn|124
|c| Duranti-Meta|fair, but i dont think anyone thought so deep for this tour format
|c|☆knexhawk2|magneton is trash
|c|☆knexhawk2|but its only viable cuz corv broken
|c| Duranti-Meta|otherwise we'd actually be seeing gallade
|c|%htcl|!reevo magnezone
|raw|<div class="message"><ul class="utilichart"><li class="result"><span class="col numcol">OU</span> <span class="col iconcol"><psicon pokemon="magnezone"/></span> <span class="col pokemonnamecol" style="white-space:nowrap"><a href="https://dex.pokemonshowdown.com/pokemon/magnezone" target="_blank">Magnezone</a></span> <span class="col typecol"><img src="https://play.pokemonshowdown.com/sprites/types/Electric.png" alt="Electric" height="14" width="32"><img src="https://play.pokemonshowdown.com/sprites/types/Steel.png" alt="Steel" height="14" width="32"></span> <span style="float:left;min-height:26px"><span class="col twoabilitycol">Magnet Pull<br />Sturdy</span><span class="col abilitycol"><em>Analytic</em></span></span><span style="float:left;min-height:26px"><span class="col statcol"><em>HP</em><br />90</span> <span class="col statcol"><em>Atk</em><br />80</span> <span class="col statcol"><em>Def</em><br />135</span> <span class="col statcol"><em>SpA</em><br />140</span> <span class="col statcol"><em>SpD</em><br />110</span> <span class="col statcol"><em>Spe</em><br />50</span> <span class="col bstcol"><em>BST<br />605</em></span> </span></li><li style="clear:both"></li></ul></div>
|c| ronnie.dgaf|this is still goin
|
|t:|1666836095
|switch|p2a: Corviknight|Corviknight, M|88/100
|-ability|p2a: Corviknight|Pressure
|switch|p1a: Corviknight|Corviknight, F|75/100 brn
|-ability|p1a: Corviknight|Pressure
|
|-damage|p1a: Corviknight|69/100 brn|[from] brn
|upkeep
|turn|125
|c|%htcl|its not terrible
|c|☆knexhawk2|magneton is better
|c|☆knexhawk2|btw
|c|☆knexhawk2|!reevo magneton
|raw|<div class="message"><ul class="utilichart"><li class="result"><span class="col numcol">PU</span> <span class="col iconcol"><psicon pokemon="magneton"/></span> <span class="col pokemonnamecol" style="white-space:nowrap"><a href="https://dex.pokemonshowdown.com/pokemon/magneton" target="_blank">Magneton</a></span> <span class="col typecol"><img src="https://play.pokemonshowdown.com/sprites/types/Electric.png" alt="Electric" height="14" width="32"><img src="https://play.pokemonshowdown.com/sprites/types/Steel.png" alt="Steel" height="14" width="32"></span> <span style="float:left;min-height:26px"><span class="col twoabilitycol">Magnet Pull<br />Sturdy</span><span class="col abilitycol"><em>Analytic</em></span></span><span style="float:left;min-height:26px"><span class="col statcol"><em>HP</em><br />75</span> <span class="col statcol"><em>Atk</em><br />85</span> <span class="col statcol"><em>Def</em><br />120</span> <span class="col statcol"><em>SpA</em><br />145</span> <span class="col statcol"><em>SpD</em><br />85</span> <span class="col statcol"><em>Spe</em><br />95</span> <span class="col bstcol"><em>BST<br />605</em></span> </span></li><li style="clear:both"></li></ul></div>
|c|%htcl|o
|c|%htcl|either way
|c|%htcl|u could also run
|inactive|knexhawk2 has 120 seconds left.
|c|%htcl|togekiss
|c|%htcl|and just flinch
|c|%htcl|all 6 mons
|c|☆knexhawk2|!reevo togekiss
|raw|<div class="message"><ul class="utilichart"><li class="result"><span class="col numcol">RU</span> <span class="col iconcol"><psicon pokemon="togekiss"/></span> <span class="col pokemonnamecol" style="white-space:nowrap"><a href="https://dex.pokemonshowdown.com/pokemon/togekiss" target="_blank">Togekiss</a></span> <span class="col typecol"><img src="https://play.pokemonshowdown.com/sprites/types/Fairy.png" alt="Fairy" height="14" width="32"><img src="https://play.pokemonshowdown.com/sprites/types/Flying.png" alt="Flying" height="14" width="32"></span> <span style="float:left;min-height:26px"><span class="col twoabilitycol">Hustle<br />Serene Grace</span><span class="col abilitycol"><em>Super Luck</em></span></span><span style="float:left;min-height:26px"><span class="col statcol"><em>HP</em><br />115</span> <span class="col statcol"><em>Atk</em><br />60</span> <span class="col statcol"><em>Def</em><br />105</span> <span class="col statcol"><em>SpA</em><br />160</span> <span class="col statcol"><em>SpD</em><br />125</span> <span class="col statcol"><em>Spe</em><br />120</span> <span class="col bstcol"><em>BST<br />685</em></span> </span></li><li style="clear:both"></li></ul></div>
|c|☆knexhawk2|do you know
|c|☆knexhawk2|how many air slashes
|c|☆knexhawk2|that will take
|c|%htcl|just NP up
|c|%htcl|with roost and heal bell
|
|t:|1666836141
|switch|p2a: Toxapex|Toxapex, M|100/100
|-damage|p2a: Toxapex|88/100|[from] Spikes
|move|p1a: Corviknight|Body Press|p2a: Toxapex
|-resisted|p2a: Toxapex
|-damage|p2a: Toxapex|85/100
|
|-damage|p1a: Corviknight|63/100 brn|[from] brn
|upkeep
|turn|126
|c|%htcl|literally nothing can touch you
|c|%htcl|u just get +6
|c|☆knexhawk2|except the corviknight
|c|☆knexhawk2|stalling me
|
|t:|1666836154
|switch|p1a: Chansey|Chansey, F|80/100
|move|p2a: Toxapex|Knock Off|p1a: Chansey
|-damage|p1a: Chansey|68/100
|-enditem|p1a: Chansey|Eviolite|[from] move: Knock Off|[of] p2a: Toxapex
|
|upkeep
|turn|127
|c|%htcl|theres no way corv lives
|c|%htcl|multiple +6 air slashes
|c| Duranti-Meta|look i think we can all agree that a mistake was made here in some form
|c|%htcl|hello
|
|t:|1666836166
|switch|p2a: Clefable|Clefable, F|78/100 brn
|move|p1a: Chansey|Stealth Rock|p2a: Clefable
|-sidestart|p2: lowelofunn|move: Stealth Rock
|
|upkeep
|turn|128
|c|%htcl|corv is also
|c|%htcl|mono body press
|l| anoxx17
|c|%htcl|tf is it gonna do back
|c|%htcl|nothing
|c| Duranti-Meta|otherwise we wouldnt have to live with stall on stall
|inactive|knexhawk2 has 90 seconds left.
|c| Duranti-Meta|lol
|c|☆knexhawk2|!reevo corviknight
|raw|<div class="message"><ul class="utilichart"><li class="result"><span class="col numcol">OU</span> <span class="col iconcol"><psicon pokemon="corviknight"/></span> <span class="col pokemonnamecol" style="white-space:nowrap"><a href="https://dex.pokemonshowdown.com/pokemon/corviknight" target="_blank">Corviknight</a></span> <span class="col typecol"><img src="https://play.pokemonshowdown.com/sprites/types/Flying.png" alt="Flying" height="14" width="32"><img src="https://play.pokemonshowdown.com/sprites/types/Steel.png" alt="Steel" height="14" width="32"></span> <span style="float:left;min-height:26px"><span class="col twoabilitycol">Pressure<br />Unnerve</span><span class="col abilitycol"><em>Mirror Armor</em></span></span><span style="float:left;min-height:26px"><span class="col statcol"><em>HP</em><br />128</span> <span class="col statcol"><em>Atk</em><br />107</span> <span class="col statcol"><em>Def</em><br />155</span> <span class="col statcol"><em>SpA</em><br />63</span> <span class="col statcol"><em>SpD</em><br />115</span> <span class="col statcol"><em>Spe</em><br />57</span> <span class="col bstcol"><em>BST<br />625</em></span> </span></li><li style="clear:both"></li></ul></div>
|c|☆knexhawk2|+6 252 SpA Togekiss Air Slash vs. 252 HP / 252+ SpD Corviknight: 186-220 (40.4 - 47.8%) -- guaranteed 3HKO after Leftovers recovery
|c|☆knexhawk2|with the stats
|inactive|knexhawk2 has 60 seconds left.
|
|t:|1666836214
|switch|p1a: Corviknight|Corviknight, F|63/100 brn
|-ability|p1a: Corviknight|Pressure
|move|p2a: Clefable|Stealth Rock|p1a: Corviknight
|-sidestart|p1: knexhawk2|move: Stealth Rock
|
|-damage|p1a: Corviknight|57/100 brn|[from] brn
|upkeep
|turn|129
|c|%htcl|ya thats like
|c|%htcl|2 flinches
|c|%htcl|piss easy
|
|t:|1666836225
|switch|p2a: Giratina|Giratina|88/100
|-damage|p2a: Giratina|75/100|[from] Spikes
|-damage|p2a: Giratina|63/100|[from] Stealth Rock
|-ability|p2a: Giratina|Pressure
|switch|p1a: Chansey|Chansey, F|68/100
|-damage|p1a: Chansey|56/100|[from] Stealth Rock
|
|upkeep
|turn|130
|c|☆knexhawk2|so half the air slashes
|c|%htcl|?
|c|%htcl|2 flinches is 3 air slashes
|inactive|lowelofunn has 120 seconds left.
|c|☆knexhawk2|pressure
|c|%htcl|6 with pressure
|
|t:|1666836238
|switch|p2a: Corviknight|Corviknight, M|88/100
|-damage|p2a: Corviknight|76/100|[from] Stealth Rock
|-ability|p2a: Corviknight|Pressure
|move|p1a: Chansey|Soft-Boiled|p1a: Chansey
|-heal|p1a: Chansey|100/100
|
|upkeep
|turn|131
|inactive|lowelofunn has 120 seconds left.
|c|%htcl|you'll be fine
|
|t:|1666836253
|switch|p1a: Corviknight|Corviknight, F|57/100 brn
|-damage|p1a: Corviknight|44/100 brn|[from] Stealth Rock
|-ability|p1a: Corviknight|Pressure
|move|p2a: Corviknight|Body Press|p1a: Corviknight
|-damage|p1a: Corviknight|31/100 brn
|
|-damage|p1a: Corviknight|25/100 brn|[from] brn
|upkeep
|turn|132
|c|%htcl|if you're really terrified u can just run sub lefties roostless
|
|t:|1666836264
|switch|p2a: Toxapex|Toxapex, M|100/100
|-damage|p2a: Toxapex|88/100|[from] Spikes
|-damage|p2a: Toxapex|75/100|[from] Stealth Rock
|move|p1a: Corviknight|Roost|p1a: Corviknight
|-heal|p1a: Corviknight|75/100 brn
|-singleturn|p1a: Corviknight|move: Roost
|
|-damage|p1a: Corviknight|69/100 brn|[from] brn
|upkeep
|turn|133
|c|%htcl|with flamethrower
|c| Duranti-Meta|uhh
|
|t:|1666836279
|switch|p1a: Chansey|Chansey, F|100/100
|-damage|p1a: Chansey|88/100|[from] Stealth Rock
|switch|p2a: Chansey|Chansey, F|81/100
|-damage|p2a: Chansey|69/100|[from] Spikes
|-damage|p2a: Chansey|56/100|[from] Stealth Rock
|
|upkeep
|turn|134
|c| Duranti-Meta|are solgaleo and lunala banned in this format
|c|%htcl|yes
|c|%htcl|chansey cant even break ur sub
|c| Duranti-Meta|figured lol
|c|%htcl|!reevo togekiss
|raw|<div class="message"><ul class="utilichart"><li class="result"><span class="col numcol">RU</span> <span class="col iconcol"><psicon pokemon="togekiss"/></span> <span class="col pokemonnamecol" style="white-space:nowrap"><a href="https://dex.pokemonshowdown.com/pokemon/togekiss" target="_blank">Togekiss</a></span> <span class="col typecol"><img src="https://play.pokemonshowdown.com/sprites/types/Fairy.png" alt="Fairy" height="14" width="32"><img src="https://play.pokemonshowdown.com/sprites/types/Flying.png" alt="Flying" height="14" width="32"></span> <span style="float:left;min-height:26px"><span class="col twoabilitycol">Hustle<br />Serene Grace</span><span class="col abilitycol"><em>Super Luck</em></span></span><span style="float:left;min-height:26px"><span class="col statcol"><em>HP</em><br />115</span> <span class="col statcol"><em>Atk</em><br />60</span> <span class="col statcol"><em>Def</em><br />105</span> <span class="col statcol"><em>SpA</em><br />160</span> <span class="col statcol"><em>SpD</em><br />125</span> <span class="col statcol"><em>Spe</em><br />120</span> <span class="col bstcol"><em>BST<br />685</em></span> </span></li><li style="clear:both"></li></ul></div>
|
|t:|1666836293
|switch|p1a: Slowbro|Slowbro-Galar, F|100/100 brn
|-damage|p1a: Slowbro|88/100 brn|[from] Stealth Rock
|move|p2a: Chansey|Soft-Boiled|p2a: Chansey
|-heal|p2a: Chansey|100/100
|
|-damage|p1a: Slowbro|82/100 brn|[from] brn
|upkeep
|turn|135
|c|☆knexhawk2|!reevo lunala
|raw|<div class="message"><ul class="utilichart"><li class="result"><span class="col numcol">Uber</span> <span class="col iconcol"><psicon pokemon="lunala"/></span> <span class="col pokemonnamecol" style="white-space:nowrap"><a href="https://dex.pokemonshowdown.com/pokemon/lunala" target="_blank">Lunala</a></span> <span class="col typecol"><img src="https://play.pokemonshowdown.com/sprites/types/Psychic.png" alt="Psychic" height="14" width="32"><img src="https://play.pokemonshowdown.com/sprites/types/Ghost.png" alt="Ghost" height="14" width="32"></span> <span style="float:left;min-height:26px"><span class="col abilitycol">Shadow Shield</span><span class="col abilitycol"></span></span><span style="float:left;min-height:26px"><span class="col statcol"><em>HP</em><br />231</span> <span class="col statcol"><em>Atk</em><br />197</span> <span class="col statcol"><em>Def</em><br />47</span> <span class="col statcol"><em>SpA</em><br />245</span> <span class="col statcol"><em>SpD</em><br />83</span> <span class="col statcol"><em>Spe</em><br />157</span> <span class="col bstcol"><em>BST<br />960</em></span> </span></li><li style="clear:both"></li></ul></div>
|c|%htcl|115 base hp
|c|☆knexhawk2|!reevo solgaleo
|raw|<div class="message"><ul class="utilichart"><li class="result"><span class="col numcol">Uber</span> <span class="col iconcol"><psicon pokemon="solgaleo"/></span> <span class="col pokemonnamecol" style="white-space:nowrap"><a href="https://dex.pokemonshowdown.com/pokemon/solgaleo" target="_blank">Solgaleo</a></span> <span class="col typecol"><img src="https://play.pokemonshowdown.com/sprites/types/Psychic.png" alt="Psychic" height="14" width="32"><img src="https://play.pokemonshowdown.com/sprites/types/Steel.png" alt="Steel" height="14" width="32"></span> <span style="float:left;min-height:26px"><span class="col abilitycol">Full Metal Body</span><span class="col abilitycol"></span></span><span style="float:left;min-height:26px"><span class="col statcol"><em>HP</em><br />231</span> <span class="col statcol"><em>Atk</em><br />245</span> <span class="col statcol"><em>Def</em><br />83</span> <span class="col statcol"><em>SpA</em><br />197</span> <span class="col statcol"><em>SpD</em><br />47</span> <span class="col statcol"><em>Spe</em><br />157</span> <span class="col bstcol"><em>BST<br />960</em></span> </span></li><li style="clear:both"></li></ul></div>
|c|%htcl|lets you sub on chansey
|c|%htcl|with ease
|c|☆knexhawk2|ur not killing either of those
|c| Duranti-Meta|lmao
|c|☆knexhawk2|i guess u can sucker punch lunala
|c|☆knexhawk2|but thats it
|inactive|knexhawk2 has 60 seconds left.
|
|t:|1666836324
|switch|p1a: Corviknight|Corviknight, F|69/100 brn
|-damage|p1a: Corviknight|56/100 brn|[from] Stealth Rock
|-ability|p1a: Corviknight|Pressure
|move|p2a: Chansey|Seismic Toss|p1a: Corviknight
|-damage|p1a: Corviknight|34/100 brn
|
|-damage|p1a: Corviknight|28/100 brn|[from] brn
|upkeep
|turn|136
|c| Duranti-Meta|look at those attacking stats
|
|t:|1666836331
|move|p2a: Chansey|Seismic Toss|p1a: Corviknight
|-damage|p1a: Corviknight|7/100 brn
|move|p1a: Corviknight|Roost|p1a: Corviknight
|-heal|p1a: Corviknight|57/100 brn
|-singleturn|p1a: Corviknight|move: Roost
|
|-damage|p1a: Corviknight|50/100 brn|[from] brn
|upkeep
|turn|137
|c|☆knexhawk2|!reevo darmanitan galar
|raw|<div class="message"><ul class="utilichart"><li class="result"><span class="col numcol">Uber</span> <span class="col iconcol"><psicon pokemon="darmanitangalar"/></span> <span class="col pokemonnamecol" style="white-space:nowrap"><a href="https://dex.pokemonshowdown.com/pokemon/darmanitangalar" target="_blank">Darmanitan-Galar</a></span> <span class="col typecol"><img src="https://play.pokemonshowdown.com/sprites/types/Ice.png" alt="Ice" height="14" width="32"></span> <span style="float:left;min-height:26px"><span class="col abilitycol">Gorilla Tactics</span><span class="col abilitycol"><em>Zen Mode</em></span></span><span style="float:left;min-height:26px"><span class="col statcol"><em>HP</em><br />140</span> <span class="col statcol"><em>Atk</em><br />190</span> <span class="col statcol"><em>Def</em><br />65</span> <span class="col statcol"><em>SpA</em><br />45</span> <span class="col statcol"><em>SpD</em><br />65</span> <span class="col statcol"><em>Spe</em><br />140</span> <span class="col bstcol"><em>BST<br />645</em></span> </span></li><li style="clear:both"></li></ul></div>
|
|t:|1666836342
|move|p2a: Chansey|Seismic Toss|p1a: Corviknight
|-damage|p1a: Corviknight|29/100 brn
|move|p1a: Corviknight|Roost|p1a: Corviknight
|-heal|p1a: Corviknight|79/100 brn
|-singleturn|p1a: Corviknight|move: Roost
|
|-damage|p1a: Corviknight|73/100 brn|[from] brn
|upkeep
|turn|138
|inactive|knexhawk2 has 60 seconds left.
|c|☆knexhawk2|!reevo darmanitan galar zen
|error|Error: Darmanitan-Galar-Zen is not an evolution.
|c|☆knexhawk2|doesnt work
|c|☆knexhawk2|guess it gets weaker
|inactive|lowelofunn has 90 seconds left.
|j| ghostvein
|
|t:|1666836368
|move|p2a: Chansey|Seismic Toss|p1a: Corviknight
|-damage|p1a: Corviknight|51/100 brn
|move|p1a: Corviknight|Body Press|p2a: Chansey
|-supereffective|p2a: Chansey
|-damage|p2a: Chansey|77/100
|
|-damage|p1a: Corviknight|45/100 brn|[from] brn
|upkeep
|turn|139
|j| yeshahr
|
|t:|1666836377
|move|p2a: Chansey|Seismic Toss|p1a: Corviknight
|-damage|p1a: Corviknight|23/100 brn
|move|p1a: Corviknight|Roost|p1a: Corviknight
|-heal|p1a: Corviknight|73/100 brn
|-singleturn|p1a: Corviknight|move: Roost
|
|-damage|p1a: Corviknight|67/100 brn|[from] brn
|upkeep
|turn|140
|
|t:|1666836383
|move|p2a: Chansey|Seismic Toss|p1a: Corviknight
|-damage|p1a: Corviknight|45/100 brn
|move|p1a: Corviknight|Roost|p1a: Corviknight
|-heal|p1a: Corviknight|95/100 brn
|-singleturn|p1a: Corviknight|move: Roost
|
|-damage|p1a: Corviknight|89/100 brn|[from] brn
|upkeep
|turn|141
|
|t:|1666836389
|switch|p2a: Toxapex|Toxapex, M|100/100
|-damage|p2a: Toxapex|88/100|[from] Spikes
|-damage|p2a: Toxapex|75/100|[from] Stealth Rock
|move|p1a: Corviknight|Body Press|p2a: Toxapex
|-resisted|p2a: Toxapex
|-damage|p2a: Toxapex|72/100
|
|-damage|p1a: Corviknight|83/100 brn|[from] brn
|upkeep
|turn|142
|
|t:|1666836396
|switch|p1a: Chansey|Chansey, F|88/100
|-damage|p1a: Chansey|76/100|[from] Stealth Rock
|switch|p2a: Giratina|Giratina|63/100
|-damage|p2a: Giratina|50/100|[from] Spikes
|-damage|p2a: Giratina|38/100|[from] Stealth Rock
|-ability|p2a: Giratina|Pressure
|
|upkeep
|turn|143
|
|t:|1666836406
|move|p2a: Giratina|Rest|p2a: Giratina
|-status|p2a: Giratina|slp|[from] move: Rest
|-heal|p2a: Giratina|100/100 slp|[silent]
|move|p1a: Chansey|Wish|p1a: Chansey
|
|upkeep
|turn|144
|c| Duranti-Meta|are gyarados milotic and golisopod banned?
|c| yeshahr|why is there a fucking giratina LOL
|c|☆knexhawk2|first 2
|c|☆knexhawk2|are
|
|t:|1666836420
|switch|p2a: Gastrodon|Gastrodon, M|100/100
|-damage|p2a: Gastrodon|88/100|[from] Spikes
|-damage|p2a: Gastrodon|82/100|[from] Stealth Rock
|switch|p1a: Golisopod|Golisopod, M|95/100
|-damage|p1a: Golisopod|71/100|[from] Stealth Rock
|
|-heal|p1a: Golisopod|100/100|[from] move: Wish|[wisher] Chansey
|-heal|p2a: Gastrodon|88/100|[from] item: Leftovers
|upkeep
|turn|145
|c| Duranti-Meta|makes sense
|j| boy_poochie
|c| Duranti-Meta|wait wtf golisopod isnt banned
|
|t:|1666836441
|switch|p2a: Corviknight|Corviknight, M|76/100
|-damage|p2a: Corviknight|63/100|[from] Stealth Rock
|-ability|p2a: Corviknight|Pressure
|move|p1a: Golisopod|Knock Off|p2a: Corviknight
|-damage|p2a: Corviknight|46/100
|-enditem|p2a: Corviknight|Shed Shell|[from] move: Knock Off|[of] p1a: Golisopod
|
|upkeep
|turn|146
|
|t:|1666836447
|move|p2a: Corviknight|Roost|p2a: Corviknight
|-heal|p2a: Corviknight|96/100
|-singleturn|p2a: Corviknight|move: Roost
|move|p1a: Golisopod|Knock Off|p2a: Corviknight
|-damage|p2a: Corviknight|85/100
|
|upkeep
|turn|147
|c| Duranti-Meta|that thing must have crazy bst
|
|t:|1666836453
|switch|p1a: Corviknight|Corviknight, F|83/100 brn
|-damage|p1a: Corviknight|71/100 brn|[from] Stealth Rock
|-ability|p1a: Corviknight|Pressure
|move|p2a: Corviknight|Body Press|p1a: Corviknight
|-damage|p1a: Corviknight|57/100 brn
|
|-damage|p1a: Corviknight|51/100 brn|[from] brn
|upkeep
|turn|148
|c| Duranti-Meta|wait its being used
|inactive|knexhawk2 has 90 seconds left.
|c|☆knexhawk2|it has negative speed
|c| Duranti-Meta|i wasnt even paying attention lol
|c| Duranti-Meta|oh that makes sense
|inactive|lowelofunn has 60 seconds left.
|c| Duranti-Meta|lol 1 speed
|
|t:|1666836479
|switch|p2a: Giratina|Giratina|100/100 slp
|-damage|p2a: Giratina|88/100 slp|[from] Spikes
|-damage|p2a: Giratina|75/100 slp|[from] Stealth Rock
|-ability|p2a: Giratina|Pressure
|move|p1a: Corviknight|Roost|p1a: Corviknight
|-heal|p1a: Corviknight|100/100 brn
|-singleturn|p1a: Corviknight|move: Roost
|
|-damage|p1a: Corviknight|94/100 brn|[from] brn
|upkeep
|turn|149
|c| Duranti-Meta|but it still has 831 bst
|
|t:|1666836484
|switch|p1a: Golisopod|Golisopod, M|100/100
|-damage|p1a: Golisopod|76/100|[from] Stealth Rock
|cant|p2a: Giratina|slp
|
|upkeep
|turn|150
|l| boy_poochie
|
|t:|1666836490
|switch|p2a: Corviknight|Corviknight, M|85/100
|-damage|p2a: Corviknight|72/100|[from] Stealth Rock
|-ability|p2a: Corviknight|Pressure
|move|p1a: Golisopod|Knock Off|p2a: Corviknight
|-damage|p2a: Corviknight|60/100
|
|upkeep
|turn|151
|c|☆knexhawk2|yeah. Wild
|inactive|knexhawk2 has 90 seconds left.
|
|t:|1666836498
|move|p1a: Golisopod|Aqua Jet|p2a: Corviknight
|-damage|p2a: Corviknight|50/100
|move|p2a: Corviknight|Roost|p2a: Corviknight
|-heal|p2a: Corviknight|100/100
|-singleturn|p2a: Corviknight|move: Roost
|
|upkeep
|turn|152
|
|t:|1666836503
|move|p1a: Golisopod|Aqua Jet|p2a: Corviknight
|-damage|p2a: Corviknight|91/100
|move|p2a: Corviknight|Iron Defense|p2a: Corviknight
|-boost|p2a: Corviknight|def|2
|
|upkeep
|turn|153
|
|t:|1666836517
|switch|p1a: Quagsire|Quagsire, F|100/100
|-damage|p1a: Quagsire|94/100|[from] Stealth Rock
|move|p2a: Corviknight|Body Press|p1a: Quagsire
|-damage|p1a: Quagsire|79/100
|
|-heal|p1a: Quagsire|85/100|[from] item: Leftovers
|upkeep
|turn|154
|j| boy_poochie
|
|t:|1666836525
|switch|p2a: Giratina|Giratina|75/100 slp
|-damage|p2a: Giratina|63/100 slp|[from] Spikes
|-damage|p2a: Giratina|50/100 slp|[from] Stealth Rock
|-ability|p2a: Giratina|Pressure
|move|p1a: Quagsire|Scald|p2a: Giratina
|-resisted|p2a: Giratina
|-damage|p2a: Giratina|43/100 slp
|
|-heal|p1a: Quagsire|91/100|[from] item: Leftovers
|upkeep
|turn|155
|
|t:|1666836532
|cant|p2a: Giratina|slp
|move|p1a: Quagsire|Earthquake|p2a: Giratina
|-damage|p2a: Giratina|26/100 slp
|
|-heal|p1a: Quagsire|97/100|[from] item: Leftovers
|upkeep
|turn|156
|
|t:|1666836541
|switch|p1a: Chansey|Chansey, F|76/100
|-damage|p1a: Chansey|63/100|[from] Stealth Rock
|-curestatus|p2a: Giratina|slp|[msg]
|move|p2a: Giratina|Rest|p2a: Giratina
|-status|p2a: Giratina|slp|[from] move: Rest
|-heal|p2a: Giratina|100/100 slp|[silent]
|
|upkeep
|turn|157
|l| yeshahr
|c| Duranti-Meta|found the thread and i find it hilarious that Zacian-Crowned was STILL banned in this format
|c|☆knexhawk2|zacian hero is legal
|j| VIodyne
|j|+booclipse
|l| boy_poochie
|j| hy is garbage
|
|t:|1666836561
|switch|p2a: Toxapex|Toxapex, M|100/100
|-damage|p2a: Toxapex|88/100|[from] Spikes
|-damage|p2a: Toxapex|75/100|[from] Stealth Rock
|move|p1a: Chansey|Wish|p1a: Chansey
|
|upkeep
|turn|158
|j| boy_poochie
|
|t:|1666836577
|switch|p1a: Golisopod|Golisopod, M|76/100
|-damage|p1a: Golisopod|51/100|[from] Stealth Rock
|switch|p2a: Giratina|Giratina|100/100 slp
|-damage|p2a: Giratina|88/100 slp|[from] Spikes
|-damage|p2a: Giratina|75/100 slp|[from] Stealth Rock
|-ability|p2a: Giratina|Pressure
|
|-heal|p1a: Golisopod|100/100|[from] move: Wish|[wisher] Chansey
|upkeep
|turn|159
|c| Duranti-Meta|https://www.smogon.com/forums/threads/re-evolution.3703643/
|c|+booclipse|'
|inactive|lowelofunn has 30 seconds left.
|
|t:|1666836590
|switch|p2a: Corviknight|Corviknight, M|91/100
|-damage|p2a: Corviknight|78/100|[from] Stealth Rock
|-ability|p2a: Corviknight|Pressure
|move|p1a: Golisopod|Knock Off|p2a: Corviknight
|-damage|p2a: Corviknight|68/100
|
|upkeep
|turn|160
|
|t:|1666836593
|move|p2a: Corviknight|Iron Defense|p2a: Corviknight
|-boost|p2a: Corviknight|def|2
|move|p1a: Golisopod|Knock Off|p2a: Corviknight
|-damage|p2a: Corviknight|62/100
|
|upkeep
|turn|161
|c|☆knexhawk2|!learn golisopod, scald
|c| knexhawk2|/raw <div class="infobox">In [Gen 8] OU, Golisopod <span class="message-learn-canlearn">can</span> learn Scald from:<ul class="message-learn-list"><li>anywhere (move is level-up/tutor/TM/HM/egg in Gen 8)</ul></div>
|c|☆knexhawk2|should of did that
|inactive|lowelofunn has 30 seconds left.
|
|t:|1666836608
|switch|p1a: Quagsire|Quagsire, F|97/100
|-damage|p1a: Quagsire|91/100|[from] Stealth Rock
|move|p2a: Corviknight|Defog|p1a: Quagsire
|-unboost|p1a: Quagsire|evasion|1
|-sideend|p1: knexhawk2|Stealth Rock|[from] move: Defog|[of] p2a: Corviknight
|-sideend|p2: lowelofunn|Spikes|[from] move: Defog|[of] p2a: Corviknight
|-sideend|p2: lowelofunn|Stealth Rock|[from] move: Defog|[of] p2a: Corviknight
|
|-heal|p1a: Quagsire|97/100|[from] item: Leftovers
|upkeep
|turn|162
|inactive|lowelofunn has 30 seconds left.
|
|t:|1666836618
|switch|p2a: Chansey|Chansey, F|77/100
|switch|p1a: Golisopod|Golisopod, M|100/100
|
|upkeep
|turn|163
|inactive|lowelofunn has 30 seconds left this turn.
|inactive|lowelofunn has 20 seconds left.
|
|t:|1666836630
|move|p2a: Chansey|Toxic|p1a: Golisopod
|-status|p1a: Golisopod|tox
|move|p1a: Golisopod|Spikes|p2a: Chansey
|-sidestart|p2: lowelofunn|Spikes
|
|-damage|p1a: Golisopod|94/100 tox|[from] psn
|upkeep
|turn|164
|inactive|lowelofunn has 25 seconds left this turn.
|j| yeshahr
|inactive|lowelofunn has 20 seconds left.
|
|t:|1666836638
|switch|p2a: Corviknight|Corviknight, M|62/100
|-ability|p2a: Corviknight|Pressure
|switch|p1a: Chansey|Chansey, F|63/100
|
|upkeep
|turn|165
|inactive|lowelofunn has 25 seconds left this turn.
|inactive|lowelofunn has 20 seconds left.
|
|t:|1666836645
|switch|p1a: Corviknight|Corviknight, F|94/100 brn
|-ability|p1a: Corviknight|Pressure
|move|p2a: Corviknight|Body Press|p1a: Corviknight
|-damage|p1a: Corviknight|82/100 brn
|
|-damage|p1a: Corviknight|75/100 brn|[from] brn
|upkeep
|turn|166
|inactive|lowelofunn has 25 seconds left this turn.
|
|t:|1666836650
|switch|p1a: Slowbro|Slowbro-Galar, F|100/100 brn
|switch|p2a: Toxapex|Toxapex, M|100/100
|-damage|p2a: Toxapex|88/100|[from] Spikes
|
|-damage|p1a: Slowbro|94/100 brn|[from] brn
|upkeep
|turn|167
|inactive|lowelofunn has 30 seconds left this turn.
|
|t:|1666836656
|switch|p2a: Giratina|Giratina|75/100 slp
|-damage|p2a: Giratina|63/100 slp|[from] Spikes
|-ability|p2a: Giratina|Pressure
|move|p1a: Slowbro|Future Sight|p2a: Giratina
|-start|p1a: Slowbro|move: Future Sight
|
|-damage|p1a: Slowbro|88/100 brn|[from] brn
|upkeep
|turn|168
|inactive|lowelofunn has 30 seconds left this turn.
|
|t:|1666836664
|switch|p2a: Corviknight|Corviknight, M|62/100
|-ability|p2a: Corviknight|Pressure
|move|p1a: Slowbro|Ice Beam|p2a: Corviknight
|-damage|p2a: Corviknight|42/100
|
|-damage|p1a: Slowbro|82/100 brn|[from] brn
|upkeep
|turn|169
|inactive|lowelofunn has 30 seconds left this turn.
|
|t:|1666836669
|switch|p2a: Chansey|Chansey, F|77/100
|-damage|p2a: Chansey|65/100|[from] Spikes
|move|p1a: Slowbro|Flamethrower|p2a: Chansey
|-damage|p2a: Chansey|58/100
|
|-end|p2a: Chansey|move: Future Sight
|-crit|p2a: Chansey
|-damage|p2a: Chansey|35/100
|-damage|p1a: Slowbro|76/100 brn|[from] brn
|upkeep
|turn|170
|inactive|lowelofunn has 30 seconds left this turn.
|
|t:|1666836677
|switch|p1a: Chansey|Chansey, F|63/100
|move|p2a: Chansey|Soft-Boiled|p2a: Chansey
|-heal|p2a: Chansey|85/100
|
|upkeep
|turn|171
|inactive|lowelofunn has 30 seconds left.
|
|t:|1666836686
|switch|p2a: Corviknight|Corviknight, M|42/100
|-ability|p2a: Corviknight|Pressure
|move|p1a: Chansey|Seismic Toss|p2a: Corviknight
|-damage|p2a: Corviknight|20/100
|
|upkeep
|turn|172
|c|☆knexhawk2|throwinggg
|inactive|lowelofunn has 30 seconds left.
|
|t:|1666836693
|switch|p2a: Toxapex|Toxapex, M|100/100
|-damage|p2a: Toxapex|88/100|[from] Spikes
|move|p1a: Chansey|Seismic Toss|p2a: Toxapex
|-damage|p2a: Toxapex|55/100
|
|upkeep
|turn|173
|
|t:|1666836698
|move|p1a: Chansey|Stealth Rock|p2a: Toxapex
|-sidestart|p2: lowelofunn|move: Stealth Rock
|move|p2a: Toxapex|Recover|p2a: Toxapex
|-heal|p2a: Toxapex|100/100
|
|upkeep
|turn|174
|
|t:|1666836703
|switch|p1a: Golisopod|Golisopod, M|94/100 tox
|switch|p2a: Chansey|Chansey, F|85/100
|-damage|p2a: Chansey|73/100|[from] Spikes
|-damage|p2a: Chansey|60/100|[from] Stealth Rock
|
|-damage|p1a: Golisopod|88/100 tox|[from] psn
|upkeep
|turn|175
|
|t:|1666836713
|switch|p2a: Toxapex|Toxapex, M|100/100
|-damage|p2a: Toxapex|88/100|[from] Spikes
|-damage|p2a: Toxapex|75/100|[from] Stealth Rock
|move|p1a: Golisopod|Knock Off|p2a: Toxapex
|-damage|p2a: Toxapex|63/100
|
|-damage|p1a: Golisopod|76/100 tox|[from] psn
|upkeep
|turn|176
|
|t:|1666836722
|switch|p1a: Quagsire|Quagsire, F|97/100
|move|p2a: Toxapex|Knock Off|p1a: Quagsire
|-damage|p1a: Quagsire|90/100
|-enditem|p1a: Quagsire|Leftovers|[from] move: Knock Off|[of] p2a: Toxapex
|
|upkeep
|turn|177
|
|t:|1666836733
|switch|p2a: Chansey|Chansey, F|60/100
|-damage|p2a: Chansey|48/100|[from] Spikes
|-damage|p2a: Chansey|35/100|[from] Stealth Rock
|move|p1a: Quagsire|Scald|p2a: Chansey
|-damage|p2a: Chansey|29/100
|
|upkeep
|turn|178
|
|t:|1666836736
|move|p2a: Chansey|Soft-Boiled|p2a: Chansey
|-heal|p2a: Chansey|79/100
|move|p1a: Quagsire|Earthquake|p2a: Chansey
|-damage|p2a: Chansey|53/100
|
|upkeep
|turn|179
|
|t:|1666836740
|switch|p1a: Slowbro|Slowbro-Galar, F|100/100 brn
|move|p2a: Chansey|Soft-Boiled|p2a: Chansey
|-heal|p2a: Chansey|100/100
|
|-damage|p1a: Slowbro|94/100 brn|[from] brn
|upkeep
|turn|180
|
|t:|1666836743
|move|p2a: Chansey|Heal Bell|p2a: Chansey
|-activate|p2a: Chansey|move: Heal Bell
|-curestatus|p2: Clefable|brn|[msg]
|-curestatus|p2: Giratina|slp|[msg]
|move|p1a: Slowbro|Future Sight|p2a: Chansey
|-start|p1a: Slowbro|move: Future Sight
|
|-damage|p1a: Slowbro|88/100 brn|[from] brn
|upkeep
|turn|181
|
|t:|1666836750
|move|p2a: Chansey|Seismic Toss|p1a: Slowbro
|-damage|p1a: Slowbro|63/100 brn
|move|p1a: Slowbro|Shell Side Arm|p2a: Chansey|[anim] Shell Side Arm Physical
|-damage|p2a: Chansey|88/100
|-hint|Physical Shell Side Arm
|-status|p2a: Chansey|psn
|
|-damage|p2a: Chansey|75/100 psn|[from] psn
|-damage|p1a: Slowbro|57/100 brn|[from] brn
|upkeep
|turn|182
|c|☆knexhawk2|holy zero
|
|t:|1666836761
|switch|p1a: Chansey|Chansey, F|63/100
|move|p2a: Chansey|Seismic Toss|p1a: Chansey
|-damage|p1a: Chansey|49/100
|
|-end|p2a: Chansey|move: Future Sight
|-damage|p2a: Chansey|62/100 psn
|-damage|p2a: Chansey|50/100 psn|[from] psn
|upkeep
|turn|183
|
|t:|1666836767
|move|p2a: Chansey|Soft-Boiled|p2a: Chansey
|-heal|p2a: Chansey|99/100 psn
|move|p1a: Chansey|Soft-Boiled|p1a: Chansey
|-heal|p1a: Chansey|99/100
|
|-damage|p2a: Chansey|87/100 psn|[from] psn
|upkeep
|turn|184
|c| Duranti-Meta|if someone is throwing, man i hope you guys throw faster this is torture lol
|
|t:|1666836776
|switch|p1a: Slowbro|Slowbro-Galar, F|90/100 brn
|-curestatus|p2a: Chansey|psn|[from] ability: Natural Cure
|switch|p2a: Giratina|Giratina|63/100
|-damage|p2a: Giratina|50/100|[from] Spikes
|-damage|p2a: Giratina|38/100|[from] Stealth Rock
|-ability|p2a: Giratina|Pressure
|
|-damage|p1a: Slowbro|84/100 brn|[from] brn
|upkeep
|turn|185
|c|☆knexhawk2|lol
|c| Duranti-Meta|who actually likes playing stall
|c|☆knexhawk2|me
|
|t:|1666836785
|move|p2a: Giratina|Rest|p2a: Giratina
|-status|p2a: Giratina|slp|[from] move: Rest
|-heal|p2a: Giratina|100/100 slp|[silent]
|move|p1a: Slowbro|Ice Beam|p2a: Giratina
|-supereffective|p2a: Giratina
|-damage|p2a: Giratina|66/100 slp
|
|-damage|p1a: Slowbro|78/100 brn|[from] brn
|upkeep
|turn|186
|c| Duranti-Meta|you're a psychopath
|c|☆knexhawk2|i dont like stall vs stall
|
|t:|1666836799
|switch|p2a: Chansey|Chansey, F|87/100
|-damage|p2a: Chansey|75/100|[from] Spikes
|-damage|p2a: Chansey|62/100|[from] Stealth Rock
|move|p1a: Slowbro|Ice Beam|p2a: Chansey
|-damage|p2a: Chansey|55/100
|
|-damage|p1a: Slowbro|72/100 brn|[from] brn
|upkeep
|turn|187
|c| Duranti-Meta|yeah lol
|c|☆knexhawk2|but stall vs offense or balance is fine
|
|t:|1666836808
|move|p2a: Chansey|Heal Bell|p2a: Chansey
|-activate|p2a: Chansey|move: Heal Bell
|-curestatus|p2: Giratina|slp|[msg]
|move|p1a: Slowbro|Shell Side Arm|p2a: Chansey|[anim] Shell Side Arm Physical
|-damage|p2a: Chansey|42/100
|-hint|Physical Shell Side Arm
|-status|p2a: Chansey|psn
|
|-damage|p2a: Chansey|29/100 psn|[from] psn
|-damage|p1a: Slowbro|66/100 brn|[from] brn
|upkeep
|turn|188
|
|t:|1666836814
|switch|p1a: Quagsire|Quagsire, F|90/100
|move|p2a: Chansey|Soft-Boiled|p2a: Chansey
|-heal|p2a: Chansey|79/100 psn
|
|-damage|p2a: Chansey|67/100 psn|[from] psn
|upkeep
|turn|189
|
|t:|1666836826
|switch|p1a: Slowbro|Slowbro-Galar, F|99/100 brn
|move|p2a: Chansey|Toxic||[still]
|-fail|p2a: Chansey
|
|-damage|p2a: Chansey|54/100 psn|[from] psn
|-damage|p1a: Slowbro|93/100 brn|[from] brn
|upkeep
|turn|190
|
|t:|1666836832
|move|p2a: Chansey|Soft-Boiled|p2a: Chansey
|-heal|p2a: Chansey|100/100 psn
|move|p1a: Slowbro|Future Sight|p2a: Chansey
|-start|p1a: Slowbro|move: Future Sight
|
|-damage|p2a: Chansey|88/100 psn|[from] psn
|-damage|p1a: Slowbro|86/100 brn|[from] brn
|upkeep
|turn|191
|
|t:|1666836838
|-curestatus|p2a: Chansey|psn|[from] ability: Natural Cure
|switch|p2a: Gastrodon|Gastrodon, M|88/100
|-damage|p2a: Gastrodon|75/100|[from] Spikes
|-damage|p2a: Gastrodon|69/100|[from] Stealth Rock
|switch|p1a: Chansey|Chansey, F|99/100
|
|-heal|p2a: Gastrodon|75/100|[from] item: Leftovers
|upkeep
|turn|192
|l| wintrmint
|
|t:|1666836851
|move|p1a: Chansey|Seismic Toss|p2a: Gastrodon
|-damage|p2a: Gastrodon|55/100
|move|p2a: Gastrodon|Confide|p1a: Chansey
|-unboost|p1a: Chansey|spa|1
|
|-end|p2a: Gastrodon|move: Future Sight
|-damage|p2a: Gastrodon|27/100
|-heal|p2a: Gastrodon|34/100|[from] item: Leftovers
|upkeep
|turn|193
|c|☆knexhawk2|condife lol
|c|☆knexhawk2|what is that for
|c|☆lowelofunn|for kyogre
|c|☆lowelofunn|sub kyogre
|c|☆knexhawk2|u dont wall that?
|c|☆knexhawk2|already?
|c|☆lowelofunn|sub cm
|c|☆knexhawk2|just eq?
|c|☆knexhawk2|ur immune to spout + thunder
|c|☆lowelofunn|calm mind ice beam
|inactive|knexhawk2 has 120 seconds left.
|j|%faless
|
|t:|1666836890
|switch|p1a: Slowbro|Slowbro-Galar, F|100/100 brn
|move|p2a: Gastrodon|Recover|p2a: Gastrodon
|-heal|p2a: Gastrodon|84/100
|
|-heal|p2a: Gastrodon|90/100|[from] item: Leftovers
|-damage|p1a: Slowbro|94/100 brn|[from] brn
|upkeep
|turn|194
|c|☆knexhawk2|i would think you can just eq thru that
|
|t:|1666836901
|switch|p1a: Corviknight|Corviknight, F|75/100 brn
|-ability|p1a: Corviknight|Pressure
|switch|p2a: Giratina|Giratina|66/100
|-damage|p2a: Giratina|54/100|[from] Spikes
|-damage|p2a: Giratina|41/100|[from] Stealth Rock
|-ability|p2a: Giratina|Pressure
|
|-damage|p1a: Corviknight|69/100 brn|[from] brn
|upkeep
|turn|195
|inactive|knexhawk2 has 120 seconds left.
|
|t:|1666836908
|move|p2a: Giratina|Defog|p1a: Corviknight
|-unboost|p1a: Corviknight|evasion|1
|-sideend|p2: lowelofunn|Spikes|[from] move: Defog|[of] p2a: Giratina
|-sideend|p2: lowelofunn|Stealth Rock|[from] move: Defog|[of] p2a: Giratina
|move|p1a: Corviknight|Brave Bird|p2a: Giratina
|-damage|p2a: Giratina|32/100
|-damage|p1a: Corviknight|66/100 brn|[from] Recoil
|
|-damage|p1a: Corviknight|60/100 brn|[from] brn
|upkeep
|turn|196
|
|t:|1666836912
|switch|p1a: Chansey|Chansey, F|99/100
|move|p2a: Giratina|Rest|p2a: Giratina
|-status|p2a: Giratina|slp|[from] move: Rest
|-heal|p2a: Giratina|100/100 slp|[silent]
|
|upkeep
|turn|197
|l| ghostvein
|
|t:|1666836926
|switch|p2a: Gastrodon|Gastrodon, M|90/100
|move|p1a: Chansey|Stealth Rock|p2a: Gastrodon
|-sidestart|p2: lowelofunn|move: Stealth Rock
|
|-heal|p2a: Gastrodon|96/100|[from] item: Leftovers
|upkeep
|turn|198
|
|t:|1666836935
|switch|p1a: Golisopod|Golisopod, M|76/100 tox
|move|p2a: Gastrodon|Confide|p1a: Golisopod
|-unboost|p1a: Golisopod|spa|1
|
|-heal|p2a: Gastrodon|100/100|[from] item: Leftovers
|-damage|p1a: Golisopod|70/100 tox|[from] psn
|upkeep
|turn|199
|
|t:|1666836941
|switch|p2a: Toxapex|Toxapex, M|96/100
|-damage|p2a: Toxapex|83/100|[from] Stealth Rock
|move|p1a: Golisopod|Knock Off|p2a: Toxapex
|-damage|p2a: Toxapex|72/100
|
|-damage|p1a: Golisopod|57/100 tox|[from] psn
|upkeep
|turn|200
|inactive|lowelofunn has 30 seconds left.
|c|☆knexhawk2|trap me
|
|t:|1666836949
|move|p2a: Toxapex|Knock Off|p1a: Golisopod
|-damage|p1a: Golisopod|54/100 tox
|move|p1a: Golisopod|Spikes|p2a: Toxapex
|-sidestart|p2: lowelofunn|Spikes
|
|-damage|p1a: Golisopod|35/100 tox|[from] psn
|upkeep
|-activate|p1a: Golisopod|ability: Emergency Exit
|
|t:|1666836953
|switch|p1a: Quagsire|Quagsire, F|90/100
|turn|201
|inactive|lowelofunn has 30 seconds left.
|c|☆knexhawk2|wait
|
|t:|1666836962
|switch|p2a: Giratina|Giratina|100/100 slp
|-damage|p2a: Giratina|88/100 slp|[from] Stealth Rock
|-damage|p2a: Giratina|75/100 slp|[from] Spikes
|-ability|p2a: Giratina|Pressure
|move|p1a: Quagsire|Scald|p2a: Giratina
|-resisted|p2a: Giratina
|-damage|p2a: Giratina|69/100 slp
|
|upkeep
|turn|202
|c|☆knexhawk2|!dt emergency exit
|raw|<ul class="utilichart"><li class="result"><span class="col namecol"><a href="https://dex.pokemonshowdown.com/abilities/emergencyexit">Emergency Exit</a></span> <span class="col abilitydesccol">This Pokemon switches out when it reaches 1/2 or less of its maximum HP.</span> </li><li style="clear:both"></li></ul>
|raw|<font size="1"><font color="#686868">Gen:</font> 7</font>

|c|☆knexhawk2|can i get out of block
|c|%htcl|yes
|c|☆knexhawk2|if you block me
|c|☆lowelofunn|omg
|
|t:|1666836976
|cant|p2a: Giratina|slp
|move|p1a: Quagsire|Earthquake|p2a: Giratina
|-damage|p2a: Giratina|51/100 slp
|
|upkeep
|turn|203
|inactive|lowelofunn has 30 seconds left.
|c|☆knexhawk2|wild
|
|t:|1666836982
|switch|p1a: Slowbro|Slowbro-Galar, F|100/100 brn
|cant|p2a: Giratina|slp
|
|-damage|p1a: Slowbro|94/100 brn|[from] brn
|upkeep
|turn|204
|inactive|lowelofunn has 30 seconds left.
|
|t:|1666836989
|switch|p1a: Chansey|Chansey, F|99/100
|-curestatus|p2a: Giratina|slp|[msg]
|move|p2a: Giratina|Rest|p2a: Giratina
|-status|p2a: Giratina|slp|[from] move: Rest
|-heal|p2a: Giratina|100/100 slp|[silent]
|
|upkeep
|turn|205
|inactive|lowelofunn has 30 seconds left this turn.
|
|t:|1666836998
|cant|p2a: Giratina|slp
|move|p1a: Chansey|Wish|p1a: Chansey
|
|upkeep
|turn|206
|inactive|lowelofunn has 30 seconds left this turn.
|j| amstan (-_-)
|inactive|lowelofunn has 20 seconds left.
|
|t:|1666837009
|switch|p1a: Golisopod|Golisopod, M|35/100 tox
|cant|p2a: Giratina|slp
|
|-heal|p1a: Golisopod|100/100 tox|[from] move: Wish|[wisher] Chansey
|-damage|p1a: Golisopod|94/100 tox|[from] psn
|upkeep
|turn|207
|inactive|lowelofunn has 20 seconds left this turn.
|
|t:|1666837018
|switch|p1a: Quagsire|Quagsire, F|90/100
|-curestatus|p2a: Giratina|slp|[msg]
|move|p2a: Giratina|Defog|p1a: Quagsire
|-unboost|p1a: Quagsire|evasion|1
|-sideend|p2: lowelofunn|Spikes|[from] move: Defog|[of] p2a: Giratina
|-sideend|p2: lowelofunn|Stealth Rock|[from] move: Defog|[of] p2a: Giratina
|
|upkeep
|turn|208
|inactive|lowelofunn has 25 seconds left this turn.
|c|☆knexhawk2|misclick
|inactive|lowelofunn has 20 seconds left.
|
|t:|1666837026
|switch|p2a: Gastrodon|Gastrodon, M|100/100
|switch|p1a: Corviknight|Corviknight, F|60/100 brn
|-ability|p1a: Corviknight|Pressure
|
|-damage|p1a: Corviknight|54/100 brn|[from] brn
|upkeep
|turn|209
|inactive|lowelofunn has 20 seconds left this turn.
|
|t:|1666837031
|switch|p1a: Chansey|Chansey, F|99/100
|switch|p2a: Giratina|Giratina|100/100
|-ability|p2a: Giratina|Pressure
|
|upkeep
|turn|210
|inactive|lowelofunn has 25 seconds left this turn.
|c| amstan (-_-)|very interesting gameplay
|inactive|lowelofunn has 20 seconds left.
|
|t:|1666837038
|switch|p2a: Toxapex|Toxapex, M|100/100
|switch|p1a: Slowbro|Slowbro-Galar, F|100/100 brn
|
|-damage|p1a: Slowbro|94/100 brn|[from] brn
|upkeep
|turn|211
|inactive|lowelofunn has 20 seconds left this turn.
|
|t:|1666837041
|switch|p1a: Chansey|Chansey, F|99/100
|switch|p2a: Giratina|Giratina|100/100
|-ability|p2a: Giratina|Pressure
|
|upkeep
|turn|212
|inactive|lowelofunn has 25 seconds left this turn.
|
|t:|1666837044
|switch|p2a: Toxapex|Toxapex, M|100/100
|switch|p1a: Slowbro|Slowbro-Galar, F|100/100 brn
|
|-damage|p1a: Slowbro|94/100 brn|[from] brn
|upkeep
|turn|213
|inactive|lowelofunn has 25 seconds left this turn.
|l| amstan (-_-)
|
|t:|1666837046
|switch|p1a: Chansey|Chansey, F|99/100
|switch|p2a: Giratina|Giratina|100/100
|-ability|p2a: Giratina|Pressure
|
|upkeep
|turn|214
|inactive|lowelofunn has 30 seconds left this turn.
|
|t:|1666837047
|switch|p2a: Toxapex|Toxapex, M|100/100
|move|p1a: Chansey|Stealth Rock|p2a: Toxapex
|-sidestart|p2: lowelofunn|move: Stealth Rock
|
|upkeep
|turn|215
|inactive|lowelofunn has 30 seconds left this turn.
|
|t:|1666837048
|switch|p1a: Slowbro|Slowbro-Galar, F|100/100 brn
|switch|p2a: Giratina|Giratina|100/100
|-damage|p2a: Giratina|88/100|[from] Stealth Rock
|-ability|p2a: Giratina|Pressure
|
|-damage|p1a: Slowbro|94/100 brn|[from] brn
|upkeep
|turn|216
|
|t:|1666837053
|switch|p1a: Corviknight|Corviknight, F|54/100 brn
|-ability|p1a: Corviknight|Pressure
|move|p2a: Giratina|Defog|p1a: Corviknight
|-unboost|p1a: Corviknight|evasion|1
|-sideend|p2: lowelofunn|Stealth Rock|[from] move: Defog|[of] p2a: Giratina
|
|-damage|p1a: Corviknight|48/100 brn|[from] brn
|upkeep
|turn|217
|inactive|lowelofunn has 30 seconds left.
|c|☆knexhawk2|agreed
|
|t:|1666837060
|switch|p2a: Toxapex|Toxapex, M|100/100
|switch|p1a: Chansey|Chansey, F|99/100
|
|upkeep
|turn|218
|inactive|lowelofunn has 30 seconds left.
|
|t:|1666837065
|switch|p1a: Quagsire|Quagsire, F|90/100
|move|p2a: Toxapex|Spite||[still]
|-fail|p2a: Toxapex
|
|upkeep
|turn|219
|inactive|lowelofunn has 30 seconds left this turn.
|c| Duranti-Meta|this game is nothing short of assisted suicide
|
|t:|1666837073
|switch|p2a: Clefable|Clefable, F|78/100
|move|p1a: Quagsire|Scald|p2a: Clefable
|-damage|p2a: Clefable|62/100
|
|upkeep
|turn|220
|inactive|lowelofunn has 30 seconds left this turn.
|
|t:|1666837080
|switch|p1a: Corviknight|Corviknight, F|48/100 brn
|-ability|p1a: Corviknight|Pressure
|move|p2a: Clefable|Moonblast|p1a: Corviknight
|-resisted|p1a: Corviknight
|-damage|p1a: Corviknight|35/100 brn
|-unboost|p1a: Corviknight|spa|1
|
|-damage|p1a: Corviknight|29/100 brn|[from] brn
|upkeep
|turn|221
|inactive|lowelofunn has 25 seconds left this turn.
|c|☆knexhawk2|I dont need assistance.
|c| Duranti-Meta|i pray it doesnt reach the 1000 turn limit
|inactive|lowelofunn has 20 seconds left.
|
|t:|1666837085
|switch|p2a: Corviknight|Corviknight, M|20/100
|-ability|p2a: Corviknight|Pressure
|move|p1a: Corviknight|Roost|p1a: Corviknight
|-heal|p1a: Corviknight|79/100 brn
|-singleturn|p1a: Corviknight|move: Roost
|
|-damage|p1a: Corviknight|73/100 brn|[from] brn
|upkeep
|turn|222
|inactive|lowelofunn has 25 seconds left this turn.
|
|t:|1666837090
|move|p2a: Corviknight|Roost|p2a: Corviknight
|-heal|p2a: Corviknight|70/100
|-singleturn|p2a: Corviknight|move: Roost
|move|p1a: Corviknight|Body Press|p2a: Corviknight
|-supereffective|p2a: Corviknight
|-damage|p2a: Corviknight|56/100
|
|-damage|p1a: Corviknight|67/100 brn|[from] brn
|upkeep
|turn|223
|inactive|lowelofunn has 25 seconds left this turn.
|c|☆knexhawk2|fuck
|inactive|lowelofunn has 20 seconds left.
|c|☆knexhawk2|oh well
|
|t:|1666837098
|switch|p1a: Slowbro|Slowbro-Galar, F|100/100 brn
|move|p2a: Corviknight|Roost|p2a: Corviknight
|-heal|p2a: Corviknight|100/100
|-singleturn|p2a: Corviknight|move: Roost
|
|-damage|p1a: Slowbro|94/100 brn|[from] brn
|upkeep
|turn|224
|inactive|lowelofunn has 25 seconds left this turn.
|
|t:|1666837105
|switch|p2a: Giratina|Giratina|88/100
|-ability|p2a: Giratina|Pressure
|switch|p1a: Corviknight|Corviknight, F|67/100 brn
|-ability|p1a: Corviknight|Pressure
|
|-damage|p1a: Corviknight|60/100 brn|[from] brn
|upkeep
|turn|225
|inactive|lowelofunn has 25 seconds left this turn.
|
|t:|1666837109
|switch|p2a: Corviknight|Corviknight, M|100/100
|-ability|p2a: Corviknight|Pressure
|switch|p1a: Slowbro|Slowbro-Galar, F|100/100 brn
|
|-damage|p1a: Slowbro|94/100 brn|[from] brn
|upkeep
|turn|226
|inactive|lowelofunn has 30 seconds left this turn.
|
|t:|1666837112
|switch|p2a: Giratina|Giratina|88/100
|-ability|p2a: Giratina|Pressure
|move|p1a: Slowbro|Ice Beam|p2a: Giratina
|-supereffective|p2a: Giratina
|-damage|p2a: Giratina|49/100
|
|-damage|p1a: Slowbro|88/100 brn|[from] brn
|upkeep
|turn|227
|inactive|lowelofunn has 30 seconds left this turn.
|
|t:|1666837119
|switch|p1a: Chansey|Chansey, F|99/100
|move|p2a: Giratina|Rest|p2a: Giratina
|-status|p2a: Giratina|slp|[from] move: Rest
|-heal|p2a: Giratina|100/100 slp|[silent]
|
|upkeep
|turn|228
|inactive|lowelofunn has 30 seconds left this turn.
|
|t:|1666837129
|cant|p2a: Giratina|slp
|move|p1a: Chansey|Stealth Rock|p2a: Giratina
|-sidestart|p2: lowelofunn|move: Stealth Rock
|
|upkeep
|turn|229
|inactive|lowelofunn has 25 seconds left this turn.
|
|t:|1666837132
|switch|p1a: Golisopod|Golisopod, M|94/100 tox
|cant|p2a: Giratina|slp
|
|-damage|p1a: Golisopod|88/100 tox|[from] psn
|upkeep
|turn|230
|inactive|lowelofunn has 30 seconds left this turn.
|
|t:|1666837137
|switch|p1a: Corviknight|Corviknight, F|60/100 brn
|-ability|p1a: Corviknight|Pressure
|-curestatus|p2a: Giratina|slp|[msg]
|move|p2a: Giratina|Defog|p1a: Corviknight
|-unboost|p1a: Corviknight|evasion|1
|-sideend|p2: lowelofunn|Stealth Rock|[from] move: Defog|[of] p2a: Giratina
|
|-damage|p1a: Corviknight|54/100 brn|[from] brn
|upkeep
|turn|231
|inactive|lowelofunn has 25 seconds left this turn.
|inactive|lowelofunn has 20 seconds left.
|l|+booclipse
|
|t:|1666837144
|switch|p2a: Clefable|Clefable, F|62/100
|switch|p1a: Chansey|Chansey, F|99/100
|
|upkeep
|turn|232
|inactive|lowelofunn has 25 seconds left this turn.
|
|t:|1666837149
|switch|p1a: Corviknight|Corviknight, F|54/100 brn
|-ability|p1a: Corviknight|Pressure
|move|p2a: Clefable|Stealth Rock|p1a: Corviknight
|-sidestart|p1: knexhawk2|move: Stealth Rock
|
|-damage|p1a: Corviknight|48/100 brn|[from] brn
|upkeep
|turn|233
|inactive|lowelofunn has 25 seconds left this turn.
|
|t:|1666837154
|switch|p2a: Corviknight|Corviknight, M|100/100
|-ability|p2a: Corviknight|Pressure
|move|p1a: Corviknight|Roost|p1a: Corviknight
|-heal|p1a: Corviknight|98/100 brn
|-singleturn|p1a: Corviknight|move: Roost
|
|-damage|p1a: Corviknight|92/100 brn|[from] brn
|upkeep
|turn|234
|inactive|lowelofunn has 30 seconds left this turn.
|j| i love fs
|
|t:|1666837161
|switch|p2a: Toxapex|Toxapex, M|100/100
|switch|p1a: Golisopod|Golisopod, M|88/100 tox
|-damage|p1a: Golisopod|63/100 tox|[from] Stealth Rock
|
|-damage|p1a: Golisopod|57/100 tox|[from] psn
|upkeep
|turn|235
|inactive|lowelofunn has 30 seconds left this turn.
|
|t:|1666837168
|switch|p2a: Gastrodon|Gastrodon, M|100/100
|move|p1a: Golisopod|Spikes|p2a: Gastrodon
|-sidestart|p2: lowelofunn|Spikes
|
|-damage|p1a: Golisopod|45/100 tox|[from] psn
|upkeep
|-activate|p1a: Golisopod|ability: Emergency Exit
|inactive|lowelofunn has 30 seconds left this turn.
|
|t:|1666837172
|switch|p1a: Chansey|Chansey, F|99/100
|-damage|p1a: Chansey|87/100|[from] Stealth Rock
|turn|236
|inactive|lowelofunn has 30 seconds left this turn.
|
|t:|1666837179
|switch|p2a: Toxapex|Toxapex, M|100/100
|-damage|p2a: Toxapex|88/100|[from] Spikes
|move|p1a: Chansey|Wish|p1a: Chansey
|
|upkeep
|turn|237
|inactive|lowelofunn has 30 seconds left this turn.
|
|t:|1666837188
|switch|p1a: Golisopod|Golisopod, M|45/100 tox
|-damage|p1a: Golisopod|20/100 tox|[from] Stealth Rock
|switch|p2a: Gastrodon|Gastrodon, M|100/100
|-damage|p2a: Gastrodon|88/100|[from] Spikes
|
|-heal|p1a: Golisopod|98/100 tox|[from] move: Wish|[wisher] Chansey
|-heal|p2a: Gastrodon|94/100|[from] item: Leftovers
|-damage|p1a: Golisopod|92/100 tox|[from] psn
|upkeep
|turn|238
|inactive|lowelofunn has 25 seconds left this turn.
|inactive|lowelofunn has 20 seconds left.
|
|t:|1666837213
|switch|p2a: Giratina|Giratina|100/100
|-damage|p2a: Giratina|88/100|[from] Spikes
|-ability|p2a: Giratina|Pressure
|move|p1a: Golisopod|Knock Off|p2a: Giratina
|-supereffective|p2a: Giratina
|-damage|p2a: Giratina|62/100
|
|-damage|p1a: Golisopod|80/100 tox|[from] psn
|upkeep
|turn|239
|inactive|lowelofunn has 25 seconds left this turn.
|inactive|lowelofunn has 20 seconds left.
|
|t:|1666837221
|switch|p2a: Corviknight|Corviknight, M|100/100
|-ability|p2a: Corviknight|Pressure
|switch|p1a: Slowbro|Slowbro-Galar, F|100/100 brn
|-damage|p1a: Slowbro|88/100 brn|[from] Stealth Rock
|
|-damage|p1a: Slowbro|82/100 brn|[from] brn
|upkeep
|turn|240
|inactive|lowelofunn has 20 seconds left this turn.
|inactive|lowelofunn has 15 seconds left.
|
|t:|1666837226
|switch|p2a: Giratina|Giratina|62/100
|-damage|p2a: Giratina|50/100|[from] Spikes
|-ability|p2a: Giratina|Pressure
|switch|p1a: Corviknight|Corviknight, F|92/100 brn
|-damage|p1a: Corviknight|80/100 brn|[from] Stealth Rock
|-ability|p1a: Corviknight|Pressure
|
|-damage|p1a: Corviknight|74/100 brn|[from] brn
|upkeep
|turn|241
|inactive|lowelofunn has 20 seconds left this turn.
|inactive|lowelofunn has 15 seconds left.
|
|t:|1666837234
|switch|p1a: Chansey|Chansey, F|87/100
|-damage|p1a: Chansey|74/100|[from] Stealth Rock
|move|p2a: Giratina|Rest|p2a: Giratina
|-status|p2a: Giratina|slp|[from] move: Rest
|-heal|p2a: Giratina|100/100 slp|[silent]
|
|upkeep
|turn|242
|inactive|lowelofunn has 15 seconds left this turn.
|
|t:|1666837237
|switch|p2a: Toxapex|Toxapex, M|100/100
|-damage|p2a: Toxapex|88/100|[from] Spikes
|move|p1a: Chansey|Stealth Rock|p2a: Toxapex
|-sidestart|p2: lowelofunn|move: Stealth Rock
|
|upkeep
|turn|243
|inactive|lowelofunn has 20 seconds left this turn.
|inactive|lowelofunn has 15 seconds left.
|
|t:|1666837244
|switch|p1a: Quagsire|Quagsire, F|90/100
|-damage|p1a: Quagsire|83/100|[from] Stealth Rock
|move|p2a: Toxapex|Recover|p2a: Toxapex
|-heal|p2a: Toxapex|100/100
|
|upkeep
|turn|244
|inactive|lowelofunn has 15 seconds left this turn.
|inactive|lowelofunn has 10 seconds left.
|
|t:|1666837250
|switch|p2a: Corviknight|Corviknight, M|100/100
|-damage|p2a: Corviknight|88/100|[from] Stealth Rock
|-ability|p2a: Corviknight|Pressure
|move|p1a: Quagsire|Scald|p2a: Corviknight
|-damage|p2a: Corviknight|72/100
|
|upkeep
|turn|245
|inactive|lowelofunn has 15 seconds left this turn.
|
|t:|1666837254
|switch|p2a: Gastrodon|Gastrodon, M|94/100
|-damage|p2a: Gastrodon|82/100|[from] Spikes
|-damage|p2a: Gastrodon|75/100|[from] Stealth Rock
|switch|p1a: Corviknight|Corviknight, F|74/100 brn
|-damage|p1a: Corviknight|61/100 brn|[from] Stealth Rock
|-ability|p1a: Corviknight|Pressure
|
|-heal|p2a: Gastrodon|82/100|[from] item: Leftovers
|-damage|p1a: Corviknight|55/100 brn|[from] brn
|upkeep
|turn|246
|inactive|lowelofunn has 15 seconds left this turn.
|
|t:|1666837257
|switch|p1a: Quagsire|Quagsire, F|83/100
|-damage|p1a: Quagsire|77/100|[from] Stealth Rock
|switch|p2a: Giratina|Giratina|100/100 slp
|-damage|p2a: Giratina|88/100 slp|[from] Spikes
|-damage|p2a: Giratina|75/100 slp|[from] Stealth Rock
|-ability|p2a: Giratina|Pressure
|
|upkeep
|turn|247
|inactive|lowelofunn has 20 seconds left this turn.
|
|t:|1666837260
|switch|p2a: Corviknight|Corviknight, M|72/100
|-damage|p2a: Corviknight|60/100|[from] Stealth Rock
|-ability|p2a: Corviknight|Pressure
|move|p1a: Quagsire|Earthquake|p2a: Corviknight
|-immune|p2a: Corviknight
|
|upkeep
|turn|248
|inactive|lowelofunn has 20 seconds left this turn.
|
|t:|1666837265
|switch|p2a: Chansey|Chansey, F|88/100
|-damage|p2a: Chansey|76/100|[from] Spikes
|-damage|p2a: Chansey|63/100|[from] Stealth Rock
|switch|p1a: Corviknight|Corviknight, F|55/100 brn
|-damage|p1a: Corviknight|43/100 brn|[from] Stealth Rock
|-ability|p1a: Corviknight|Pressure
|
|-damage|p1a: Corviknight|37/100 brn|[from] brn
|upkeep
|turn|249
|inactive|lowelofunn has 25 seconds left this turn.
|
|t:|1666837271
|move|p2a: Chansey|Seismic Toss|p1a: Corviknight
|-damage|p1a: Corviknight|15/100 brn
|move|p1a: Corviknight|Roost|p1a: Corviknight
|-heal|p1a: Corviknight|65/100 brn
|-singleturn|p1a: Corviknight|move: Roost
|
|-damage|p1a: Corviknight|59/100 brn|[from] brn
|upkeep
|turn|250
|inactive|lowelofunn has 25 seconds left this turn.
|inactive|lowelofunn has 20 seconds left.
|
|t:|1666837277
|move|p2a: Chansey|Soft-Boiled|p2a: Chansey
|-heal|p2a: Chansey|100/100
|move|p1a: Corviknight|Roost|p1a: Corviknight
|-heal|p1a: Corviknight|100/100 brn
|-singleturn|p1a: Corviknight|move: Roost
|
|-damage|p1a: Corviknight|94/100 brn|[from] brn
|upkeep
|turn|251
|inactive|lowelofunn has 25 seconds left this turn.
|
|t:|1666837280
|switch|p1a: Chansey|Chansey, F|74/100
|-damage|p1a: Chansey|62/100|[from] Stealth Rock
|move|p2a: Chansey|Heal Bell|p2a: Chansey
|-activate|p2a: Chansey|move: Heal Bell
|-curestatus|p2: Giratina|slp|[msg]
|
|upkeep
|turn|252
|inactive|lowelofunn has 25 seconds left this turn.
|inactive|lowelofunn has 20 seconds left.
|
|t:|1666837287
|switch|p2a: Giratina|Giratina|75/100
|-damage|p2a: Giratina|63/100|[from] Spikes
|-damage|p2a: Giratina|50/100|[from] Stealth Rock
|-ability|p2a: Giratina|Pressure
|move|p1a: Chansey|Soft-Boiled|p1a: Chansey
|-heal|p1a: Chansey|100/100
|
|upkeep
|turn|253
|inactive|lowelofunn has 25 seconds left this turn.
|inactive|lowelofunn has 20 seconds left.
|
|t:|1666837294
|switch|p1a: Corviknight|Corviknight, F|94/100 brn
|-damage|p1a: Corviknight|82/100 brn|[from] Stealth Rock
|-ability|p1a: Corviknight|Pressure
|move|p2a: Giratina|Defog|p1a: Corviknight
|-unboost|p1a: Corviknight|evasion|1
|-sideend|p1: knexhawk2|Stealth Rock|[from] move: Defog|[of] p2a: Giratina
|-sideend|p2: lowelofunn|Spikes|[from] move: Defog|[of] p2a: Giratina
|-sideend|p2: lowelofunn|Stealth Rock|[from] move: Defog|[of] p2a: Giratina
|
|-damage|p1a: Corviknight|76/100 brn|[from] brn
|upkeep
|turn|254
|inactive|lowelofunn has 20 seconds left this turn.
|c|☆knexhawk2|i lost this game so fast without spikes
|inactive|lowelofunn has 15 seconds left.
|
|t:|1666837300
|switch|p2a: Toxapex|Toxapex, M|100/100
|switch|p1a: Chansey|Chansey, F|100/100
|
|upkeep
|turn|255
|inactive|lowelofunn has 20 seconds left this turn.
|inactive|lowelofunn has 15 seconds left.
|
|t:|1666837308
|switch|p1a: Slowbro|Slowbro-Galar, F|100/100 brn
|switch|p2a: Giratina|Giratina|50/100
|-ability|p2a: Giratina|Pressure
|
|-damage|p1a: Slowbro|94/100 brn|[from] brn
|upkeep
|turn|256
|inactive|lowelofunn has 15 seconds left this turn.
|
|t:|1666837312
|move|p2a: Giratina|Rest|p2a: Giratina
|-status|p2a: Giratina|slp|[from] move: Rest
|-heal|p2a: Giratina|100/100 slp|[silent]
|move|p1a: Slowbro|Ice Beam|p2a: Giratina
|-supereffective|p2a: Giratina
|-damage|p2a: Giratina|64/100 slp
|
|-damage|p1a: Slowbro|88/100 brn|[from] brn
|upkeep
|turn|257
|inactive|lowelofunn has 20 seconds left this turn.
|
|t:|1666837317
|switch|p2a: Chansey|Chansey, F|100/100
|move|p1a: Slowbro|Future Sight|p2a: Chansey
|-start|p1a: Slowbro|move: Future Sight
|
|-damage|p1a: Slowbro|82/100 brn|[from] brn
|upkeep
|turn|258
|inactive|lowelofunn has 20 seconds left this turn.
|inactive|lowelofunn has 15 seconds left.
|
|t:|1666837323
|switch|p1a: Chansey|Chansey, F|100/100
|move|p2a: Chansey|Seismic Toss|p1a: Chansey
|-damage|p1a: Chansey|86/100
|
|upkeep
|turn|259
|inactive|lowelofunn has 20 seconds left this turn.
|inactive|lowelofunn has 15 seconds left.
|
|t:|1666837330
|switch|p2a: Gastrodon|Gastrodon, M|82/100
|move|p1a: Chansey|Stealth Rock|p2a: Gastrodon
|-sidestart|p2: lowelofunn|move: Stealth Rock
|
|-end|p2a: Gastrodon|move: Future Sight
|-damage|p2a: Gastrodon|53/100
|-heal|p2a: Gastrodon|59/100|[from] item: Leftovers
|upkeep
|turn|260
|inactive|lowelofunn has 15 seconds left this turn.
|inactive|lowelofunn has 10 seconds left.
|
|t:|1666837338
|move|p1a: Chansey|Seismic Toss|p2a: Gastrodon
|-damage|p2a: Gastrodon|39/100
|move|p2a: Gastrodon|Recover|p2a: Gastrodon
|-heal|p2a: Gastrodon|89/100
|
|-heal|p2a: Gastrodon|95/100|[from] item: Leftovers
|upkeep
|turn|261
|inactive|lowelofunn has 15 seconds left this turn.
|c| hy is garbage|2 defoggers tho
|c|☆knexhawk2|!reevo gastrodonm
|error|Error: Pokémon gastrodonm not found.
|c|☆knexhawk2|!reevo gastrodon
|raw|<div class="message"><ul class="utilichart"><li class="result"><span class="col numcol">NU</span> <span class="col iconcol"><psicon pokemon="gastrodon"/></span> <span class="col pokemonnamecol" style="white-space:nowrap"><a href="https://dex.pokemonshowdown.com/pokemon/gastrodon" target="_blank">Gastrodon</a></span> <span class="col typecol"><img src="https://play.pokemonshowdown.com/sprites/types/Water.png" alt="Water" height="14" width="32"><img src="https://play.pokemonshowdown.com/sprites/types/Ground.png" alt="Ground" height="14" width="32"></span> <span style="float:left;min-height:26px"><span class="col twoabilitycol">Sticky Hold<br />Storm Drain</span><span class="col abilitycol"><em>Sand Force</em></span></span><span style="float:left;min-height:26px"><span class="col statcol"><em>HP</em><br />146</span> <span class="col statcol"><em>Atk</em><br />118</span> <span class="col statcol"><em>Def</em><br />88</span> <span class="col statcol"><em>SpA</em><br />127</span> <span class="col statcol"><em>SpD</em><br />102</span> <span class="col statcol"><em>Spe</em><br />44</span> <span class="col bstcol"><em>BST<br />625</em></span> </span></li><li style="clear:both"></li></ul></div>
|c|☆knexhawk2|146 hp jesus
|
|t:|1666837352
|switch|p1a: Slowbro|Slowbro-Galar, F|100/100 brn
|move|p2a: Gastrodon|Confide|p1a: Slowbro
|-unboost|p1a: Slowbro|spa|1
|
|-heal|p2a: Gastrodon|100/100|[from] item: Leftovers
|-damage|p1a: Slowbro|94/100 brn|[from] brn
|upkeep
|turn|262
|inactive|lowelofunn has 15 seconds left this turn.
|inactive|lowelofunn has 10 seconds left.
|
|t:|1666837358
|switch|p1a: Chansey|Chansey, F|86/100
|move|p2a: Gastrodon|Scald|p1a: Chansey
|-damage|p1a: Chansey|75/100
|
|upkeep
|turn|263
|inactive|lowelofunn has 15 seconds left this turn.
|c|☆knexhawk2|yeah 2 defoggers
|c|☆knexhawk2|but i can pressure them at least
|inactive|lowelofunn has 10 seconds left.
|c|☆knexhawk2|i need some hazards to exert pressure
|
|t:|1666837369
|switch|p1a: Slowbro|Slowbro-Galar, F|100/100 brn
|switch|p2a: Clefable|Clefable, F|62/100
|
|-damage|p1a: Slowbro|94/100 brn|[from] brn
|upkeep
|turn|264
|inactive|lowelofunn has 10 seconds left this turn.
|
|t:|1666837372
|switch|p1a: Corviknight|Corviknight, F|76/100 brn
|-ability|p1a: Corviknight|Pressure
|move|p2a: Clefable|Stealth Rock|p1a: Corviknight
|-sidestart|p1: knexhawk2|move: Stealth Rock
|
|-damage|p1a: Corviknight|70/100 brn|[from] brn
|upkeep
|turn|265
|inactive|lowelofunn has 15 seconds left this turn.
|inactive|lowelofunn has 10 seconds left.
|
|t:|1666837381
|switch|p1a: Chansey|Chansey, F|75/100
|-damage|p1a: Chansey|62/100|[from] Stealth Rock
|move|p2a: Clefable|Moonblast|p1a: Chansey
|-damage|p1a: Chansey|48/100
|-unboost|p1a: Chansey|spa|1
|
|upkeep
|turn|266
|inactive|lowelofunn has 10 seconds left this turn.
|
|t:|1666837385
|switch|p2a: Toxapex|Toxapex, M|100/100
|-damage|p2a: Toxapex|88/100|[from] Stealth Rock
|move|p1a: Chansey|Soft-Boiled|p1a: Chansey
|-heal|p1a: Chansey|98/100
|
|upkeep
|turn|267
|inactive|lowelofunn has 15 seconds left this turn.
|
|t:|1666837389
|switch|p1a: Slowbro|Slowbro-Galar, F|100/100 brn
|-damage|p1a: Slowbro|88/100 brn|[from] Stealth Rock
|move|p2a: Toxapex|Recover|p2a: Toxapex
|-heal|p2a: Toxapex|100/100
|
|-damage|p1a: Slowbro|82/100 brn|[from] brn
|upkeep
|turn|268
|inactive|lowelofunn has 15 seconds left this turn.
|inactive|knexhawk2 has 120 seconds left.
|
|t:|1666837414
|switch|p1a: Quagsire|Quagsire, F|77/100
|-damage|p1a: Quagsire|71/100|[from] Stealth Rock
|switch|p2a: Chansey|Chansey, F|100/100
|-damage|p2a: Chansey|88/100|[from] Stealth Rock
|
|upkeep
|turn|269
|inactive|lowelofunn has 20 seconds left this turn.
|l| i love fs
|inactive|lowelofunn has 15 seconds left.
|
|t:|1666837420
|switch|p1a: Chansey|Chansey, F|98/100
|-damage|p1a: Chansey|86/100|[from] Stealth Rock
|move|p2a: Chansey|Toxic|p1a: Chansey
|-status|p1a: Chansey|tox
|
|-damage|p1a: Chansey|80/100 tox|[from] psn
|upkeep
|turn|270
|inactive|lowelofunn has 15 seconds left this turn.
|
|t:|1666837424
|switch|p2a: Clefable|Clefable, F|62/100
|move|p1a: Chansey|Wish|p1a: Chansey
|
|-damage|p1a: Chansey|67/100 tox|[from] psn
|upkeep
|turn|271
|inactive|lowelofunn has 20 seconds left this turn.
|inactive|lowelofunn has 15 seconds left.
|
|t:|1666837430
|switch|p2a: Toxapex|Toxapex, M|100/100
|-damage|p2a: Toxapex|88/100|[from] Stealth Rock
|-curestatus|p1a: Chansey|tox|[from] ability: Natural Cure
|switch|p1a: Corviknight|Corviknight, F|70/100 brn
|-damage|p1a: Corviknight|57/100 brn|[from] Stealth Rock
|-ability|p1a: Corviknight|Pressure
|
|-heal|p1a: Corviknight|100/100 brn|[from] move: Wish|[wisher] Chansey
|-damage|p1a: Corviknight|94/100 brn|[from] brn
|upkeep
|turn|272
|inactive|lowelofunn has 15 seconds left this turn.
|inactive|lowelofunn has 10 seconds left.
|
|t:|1666837438
|switch|p1a: Slowbro|Slowbro-Galar, F|100/100 brn
|-damage|p1a: Slowbro|88/100 brn|[from] Stealth Rock
|move|p2a: Toxapex|Block|p1a: Slowbro
|-activate|p1a: Slowbro|trapped
|
|-damage|p1a: Slowbro|82/100 brn|[from] brn
|upkeep
|turn|273
|inactive|lowelofunn has 15 seconds left this turn.
|inactive|lowelofunn has 10 seconds left.
|
|t:|1666837444
|move|p1a: Slowbro|Future Sight|p2a: Toxapex
|-start|p1a: Slowbro|move: Future Sight
|move|p2a: Toxapex|Spite|p1a: Slowbro
|-activate|p1a: Slowbro|move: Spite|Future Sight|4
|
|-damage|p1a: Slowbro|76/100 brn|[from] brn
|upkeep
|turn|274
|inactive|lowelofunn has 10 seconds left this turn.
|
|t:|1666837448
|switch|p2a: Giratina|Giratina|64/100 slp
|-damage|p2a: Giratina|51/100 slp|[from] Stealth Rock
|-ability|p2a: Giratina|Pressure
|move|p1a: Slowbro|Flamethrower|p2a: Giratina
|-resisted|p2a: Giratina
|-damage|p2a: Giratina|42/100 slp
|
|-damage|p1a: Slowbro|70/100 brn|[from] brn
|upkeep
|turn|275
|inactive|lowelofunn has 15 seconds left this turn.
|
|t:|1666837452
|switch|p2a: Chansey|Chansey, F|88/100
|-damage|p2a: Chansey|76/100|[from] Stealth Rock
|move|p1a: Slowbro|Ice Beam|p2a: Chansey
|-damage|p2a: Chansey|68/100
|
|-end|p2a: Chansey|move: Future Sight
|-damage|p2a: Chansey|54/100
|-damage|p1a: Slowbro|63/100 brn|[from] brn
|upkeep
|turn|276
|inactive|lowelofunn has 15 seconds left this turn.
|
|t:|1666837455
|move|p2a: Chansey|Soft-Boiled|p2a: Chansey
|-heal|p2a: Chansey|100/100
|move|p1a: Slowbro|Shell Side Arm|p2a: Chansey|[anim] Shell Side Arm Physical
|-damage|p2a: Chansey|88/100
|-hint|Physical Shell Side Arm
|
|-damage|p1a: Slowbro|57/100 brn|[from] brn
|upkeep
|turn|277
|inactive|lowelofunn has 20 seconds left this turn.
|
|t:|1666837457
|move|p2a: Chansey|Heal Bell|p2a: Chansey
|-activate|p2a: Chansey|move: Heal Bell
|-curestatus|p2: Giratina|slp|[msg]
|move|p1a: Slowbro|Shell Side Arm|p2a: Chansey|[anim] Shell Side Arm Physical
|-damage|p2a: Chansey|76/100
|-hint|Physical Shell Side Arm
|-status|p2a: Chansey|psn
|
|-damage|p2a: Chansey|63/100 psn|[from] psn
|-damage|p1a: Slowbro|51/100 brn|[from] brn
|upkeep
|turn|278
|inactive|lowelofunn has 20 seconds left this turn.
|
|t:|1666837464
|-curestatus|p2a: Chansey|psn|[from] ability: Natural Cure
|switch|p2a: Gastrodon|Gastrodon, M|100/100
|-damage|p2a: Gastrodon|94/100|[from] Stealth Rock
|switch|p1a: Quagsire|Quagsire, F|71/100
|-damage|p1a: Quagsire|65/100|[from] Stealth Rock
|
|-heal|p2a: Gastrodon|100/100|[from] item: Leftovers
|upkeep
|turn|279
|inactive|lowelofunn has 25 seconds left this turn.
|
|t:|1666837467
|move|p1a: Quagsire|Toxic|p2a: Gastrodon
|-status|p2a: Gastrodon|tox
|move|p2a: Gastrodon|Confide|p1a: Quagsire
|-unboost|p1a: Quagsire|spa|1
|
|-damage|p2a: Gastrodon|94/100 tox|[from] psn
|upkeep
|turn|280
|inactive|lowelofunn has 25 seconds left this turn.
|
|t:|1666837472
|switch|p1a: Chansey|Chansey, F|67/100
|-damage|p1a: Chansey|55/100|[from] Stealth Rock
|switch|p2a: Toxapex|Toxapex, M|100/100
|-damage|p2a: Toxapex|88/100|[from] Stealth Rock
|
|upkeep
|turn|281
|inactive|lowelofunn has 30 seconds left this turn.
|
|t:|1666837477
|switch|p2a: Giratina|Giratina|42/100
|-damage|p2a: Giratina|30/100|[from] Stealth Rock
|-ability|p2a: Giratina|Pressure
|move|p1a: Chansey|Seismic Toss|p2a: Giratina
|-immune|p2a: Giratina
|
|upkeep
|turn|282
|inactive|lowelofunn has 25 seconds left this turn.
|
|t:|1666837483
|move|p2a: Giratina|Rest|p2a: Giratina
|-status|p2a: Giratina|slp|[from] move: Rest
|-heal|p2a: Giratina|100/100 slp|[silent]
|move|p1a: Chansey|Soft-Boiled|p1a: Chansey
|-heal|p1a: Chansey|100/100
|
|upkeep
|turn|283
|inactive|lowelofunn has 30 seconds left this turn.
|c|☆knexhawk2|crazy u have rested 11 times so far
|
|t:|1666837496
|switch|p2a: Toxapex|Toxapex, M|100/100
|-damage|p2a: Toxapex|88/100|[from] Stealth Rock
|switch|p1a: Golisopod|Golisopod, M|80/100 tox
|-damage|p1a: Golisopod|55/100 tox|[from] Stealth Rock
|
|-damage|p1a: Golisopod|49/100 tox|[from] psn
|upkeep
|-activate|p1a: Golisopod|ability: Emergency Exit
|inactive|lowelofunn has 30 seconds left this turn.
|c|☆lowelofunn|ya
|
|t:|1666837499
|switch|p1a: Chansey|Chansey, F|100/100
|-damage|p1a: Chansey|88/100|[from] Stealth Rock
|turn|284
|inactive|lowelofunn has 30 seconds left.
|c|☆knexhawk2|alot of rests
|
|t:|1666837505
|switch|p1a: Slowbro|Slowbro-Galar, F|84/100 brn
|-damage|p1a: Slowbro|72/100 brn|[from] Stealth Rock
|move|p2a: Toxapex|Knock Off|p1a: Slowbro
|-supereffective|p1a: Slowbro
|-damage|p1a: Slowbro|48/100 brn
|-enditem|p1a: Slowbro|Assault Vest|[from] move: Knock Off|[of] p2a: Toxapex
|
|-damage|p1a: Slowbro|41/100 brn|[from] brn
|upkeep
|turn|285
|inactive|lowelofunn has 30 seconds left this turn.
|c|☆knexhawk2|nooo my av: C
|
|t:|1666837514
|switch|p1a: Quagsire|Quagsire, F|65/100
|-damage|p1a: Quagsire|59/100|[from] Stealth Rock
|switch|p2a: Chansey|Chansey, F|63/100
|-damage|p2a: Chansey|51/100|[from] Stealth Rock
|
|upkeep
|turn|286
|inactive|lowelofunn has 30 seconds left this turn.
|
|t:|1666837520
|switch|p1a: Slowbro|Slowbro-Galar, F|75/100 brn
|-damage|p1a: Slowbro|62/100 brn|[from] Stealth Rock
|move|p2a: Chansey|Soft-Boiled|p2a: Chansey
|-heal|p2a: Chansey|100/100
|
|-damage|p1a: Slowbro|56/100 brn|[from] brn
|upkeep
|turn|287
|inactive|lowelofunn has 30 seconds left this turn.
|
|t:|1666837525
|switch|p2a: Gastrodon|Gastrodon, M|94/100 tox
|-damage|p2a: Gastrodon|88/100 tox|[from] Stealth Rock
|switch|p1a: Chansey|Chansey, F|88/100
|-damage|p1a: Chansey|76/100|[from] Stealth Rock
|
|-heal|p2a: Gastrodon|94/100 tox|[from] item: Leftovers
|-damage|p2a: Gastrodon|88/100 tox|[from] psn
|upkeep
|turn|288
|inactive|lowelofunn has 30 seconds left this turn.
|
|t:|1666837531
|move|p1a: Chansey|Wish|p1a: Chansey
|move|p2a: Gastrodon|Scald|p1a: Chansey
|-damage|p1a: Chansey|64/100
|-status|p1a: Chansey|brn
|
|-heal|p2a: Gastrodon|94/100 tox|[from] item: Leftovers
|-damage|p2a: Gastrodon|82/100 tox|[from] psn
|-damage|p1a: Chansey|58/100 brn|[from] brn
|upkeep
|turn|289
|inactive|lowelofunn has 25 seconds left this turn.
|inactive|lowelofunn has 20 seconds left.
|
|t:|1666837539
|-curestatus|p1a: Chansey|brn|[from] ability: Natural Cure
|switch|p1a: Golisopod|Golisopod, M|49/100 tox
|-damage|p1a: Golisopod|24/100 tox|[from] Stealth Rock
|switch|p2a: Toxapex|Toxapex, M|100/100
|-damage|p2a: Toxapex|88/100|[from] Stealth Rock
|
|-heal|p1a: Golisopod|100/100 tox|[from] move: Wish|[wisher] Chansey
|-damage|p1a: Golisopod|94/100 tox|[from] psn
|upkeep
|turn|290
|inactive|lowelofunn has 25 seconds left this turn.
|inactive|lowelofunn has 20 seconds left.
|
|t:|1666837562
|switch|p2a: Giratina|Giratina|100/100 slp
|-damage|p2a: Giratina|88/100 slp|[from] Stealth Rock
|-ability|p2a: Giratina|Pressure
|move|p1a: Golisopod|Spikes|p2a: Giratina
|-sidestart|p2: lowelofunn|Spikes
|
|-damage|p1a: Golisopod|82/100 tox|[from] psn
|upkeep
|turn|291
|inactive|lowelofunn has 20 seconds left this turn.
|inactive|knexhawk2 has 120 seconds left.
|inactive|lowelofunn has 15 seconds left.
|
|t:|1666837569
|switch|p1a: Chansey|Chansey, F|58/100
|-damage|p1a: Chansey|45/100|[from] Stealth Rock
|cant|p2a: Giratina|slp
|
|upkeep
|turn|292
|inactive|lowelofunn has 20 seconds left this turn.
|
|t:|1666837572
|cant|p2a: Giratina|slp
|move|p1a: Chansey|Soft-Boiled|p1a: Chansey
|-heal|p1a: Chansey|95/100
|
|upkeep
|turn|293
|inactive|lowelofunn has 20 seconds left this turn.
|
|t:|1666837575
|switch|p2a: Toxapex|Toxapex, M|100/100
|-damage|p2a: Toxapex|88/100|[from] Stealth Rock
|-damage|p2a: Toxapex|75/100|[from] Spikes
|switch|p1a: Corviknight|Corviknight, F|94/100 brn
|-damage|p1a: Corviknight|82/100 brn|[from] Stealth Rock
|-ability|p1a: Corviknight|Pressure
|
|-damage|p1a: Corviknight|76/100 brn|[from] brn
|upkeep
|turn|294
|inactive|lowelofunn has 25 seconds left this turn.
|
|t:|1666837580
|switch|p1a: Quagsire|Quagsire, F|59/100
|-damage|p1a: Quagsire|53/100|[from] Stealth Rock
|switch|p2a: Chansey|Chansey, F|100/100
|-damage|p2a: Chansey|88/100|[from] Stealth Rock
|-damage|p2a: Chansey|76/100|[from] Spikes
|
|upkeep
|turn|295
|inactive|lowelofunn has 25 seconds left this turn.
|
|t:|1666837584
|move|p2a: Chansey|Seismic Toss|p1a: Quagsire
|-damage|p1a: Quagsire|32/100
|move|p1a: Quagsire|Recover|p1a: Quagsire
|-heal|p1a: Quagsire|82/100
|
|upkeep
|turn|296
|inactive|lowelofunn has 30 seconds left this turn.
|
|t:|1666837593
|switch|p1a: Slowbro|Slowbro-Galar, F|89/100 brn
|-damage|p1a: Slowbro|77/100 brn|[from] Stealth Rock
|move|p2a: Chansey|Seismic Toss|p1a: Slowbro
|-damage|p1a: Slowbro|52/100 brn
|
|-damage|p1a: Slowbro|46/100 brn|[from] brn
|upkeep
|turn|297
|inactive|lowelofunn has 25 seconds left this turn.
|inactive|lowelofunn has 20 seconds left.
|inactive|knexhawk2 has 120 seconds left.
|
|t:|1666837606
|switch|p2a: Giratina|Giratina|88/100 slp
|-damage|p2a: Giratina|75/100 slp|[from] Stealth Rock
|-damage|p2a: Giratina|63/100 slp|[from] Spikes
|-ability|p2a: Giratina|Pressure
|switch|p1a: Chansey|Chansey, F|95/100
|-damage|p1a: Chansey|83/100|[from] Stealth Rock
|
|upkeep
|turn|298
|inactive|lowelofunn has 25 seconds left this turn.
|inactive|knexhawk2 has 120 seconds left.
|inactive|lowelofunn has 20 seconds left.
|
|t:|1666837613
|switch|p1a: Corviknight|Corviknight, F|76/100 brn
|-damage|p1a: Corviknight|64/100 brn|[from] Stealth Rock
|-ability|p1a: Corviknight|Pressure
|-curestatus|p2a: Giratina|slp|[msg]
|move|p2a: Giratina|Toxic||[still]
|-fail|p2a: Giratina
|
|-damage|p1a: Corviknight|57/100 brn|[from] brn
|upkeep
|turn|299
|inactive|lowelofunn has 20 seconds left this turn.
|inactive|lowelofunn has 15 seconds left.
|
|t:|1666837623
|switch|p2a: Toxapex|Toxapex, M|100/100
|-damage|p2a: Toxapex|88/100|[from] Stealth Rock
|-damage|p2a: Toxapex|75/100|[from] Spikes
|move|p1a: Corviknight|Brave Bird|p2a: Toxapex
|-damage|p2a: Toxapex|66/100
|-damage|p1a: Corviknight|55/100 brn|[from] Recoil
|
|-damage|p1a: Corviknight|49/100 brn|[from] brn
|upkeep
|turn|300
|inactive|lowelofunn has 20 seconds left this turn.
|inactive|lowelofunn has 15 seconds left.
|c|☆knexhawk2|no attacks
|c|☆knexhawk2|lol
|
|t:|1666837631
|switch|p1a: Slowbro|Slowbro-Galar, F|79/100 brn
|-damage|p1a: Slowbro|67/100 brn|[from] Stealth Rock
|switch|p2a: Gastrodon|Gastrodon, M|82/100 tox
|-damage|p2a: Gastrodon|75/100 tox|[from] Stealth Rock
|-damage|p2a: Gastrodon|63/100 tox|[from] Spikes
|
|-heal|p2a: Gastrodon|69/100 tox|[from] item: Leftovers
|-damage|p2a: Gastrodon|63/100 tox|[from] psn
|-damage|p1a: Slowbro|60/100 brn|[from] brn
|upkeep
|turn|301
|inactive|lowelofunn has 15 seconds left this turn.
|inactive|lowelofunn has 10 seconds left.
|l| Duranti-Meta
|c| ronnie.dgaf|bro whats going on
|c| ronnie.dgaf|301
|
|t:|1666837659
|switch|p1a: Chansey|Chansey, F|83/100
|-damage|p1a: Chansey|70/100|[from] Stealth Rock
|move|p2a: Gastrodon|Earthquake|p1a: Chansey
|-damage|p1a: Chansey|29/100
|
|-heal|p2a: Gastrodon|69/100 tox|[from] item: Leftovers
|-damage|p2a: Gastrodon|57/100 tox|[from] psn
|upkeep
|turn|302
|inactive|lowelofunn has 15 seconds left this turn.
|inactive|lowelofunn has 10 seconds left.
|
|t:|1666837667
|move|p1a: Chansey|Soft-Boiled|p1a: Chansey
|-heal|p1a: Chansey|79/100
|move|p2a: Gastrodon|Scald|p1a: Chansey
|-damage|p1a: Chansey|68/100
|
|-heal|p2a: Gastrodon|63/100 tox|[from] item: Leftovers
|-damage|p2a: Gastrodon|44/100 tox|[from] psn
|upkeep
|turn|303
|inactive|lowelofunn has 10 seconds left this turn.
|
|t:|1666837671
|move|p1a: Chansey|Wish|p1a: Chansey
|move|p2a: Gastrodon|Earthquake|p1a: Chansey
|-damage|p1a: Chansey|32/100
|
|-heal|p2a: Gastrodon|50/100 tox|[from] item: Leftovers
|-damage|p2a: Gastrodon|25/100 tox|[from] psn
|upkeep
|turn|304
|inactive|lowelofunn has 15 seconds left this turn.
|inactive|lowelofunn has 10 seconds left.
|c|☆lowelofunn|whoops
|
|t:|1666837679
|switch|p1a: Corviknight|Corviknight, F|49/100 brn
|-damage|p1a: Corviknight|37/100 brn|[from] Stealth Rock
|-ability|p1a: Corviknight|Pressure
|move|p2a: Gastrodon|Recover|p2a: Gastrodon
|-heal|p2a: Gastrodon|75/100 tox
|
|-heal|p1a: Corviknight|100/100 brn|[from] move: Wish|[wisher] Chansey
|-heal|p2a: Gastrodon|82/100 tox|[from] item: Leftovers
|-damage|p2a: Gastrodon|50/100 tox|[from] psn
|-damage|p1a: Corviknight|94/100 brn|[from] brn
|upkeep
|turn|305
|inactive|lowelofunn has 10 seconds left this turn.
|
|t:|1666837683
|switch|p1a: Quagsire|Quagsire, F|82/100
|-damage|p1a: Quagsire|76/100|[from] Stealth Rock
|switch|p2a: Giratina|Giratina|63/100
|-damage|p2a: Giratina|50/100|[from] Stealth Rock
|-damage|p2a: Giratina|38/100|[from] Spikes
|-ability|p2a: Giratina|Pressure
|
|upkeep
|turn|306
|inactive|lowelofunn has 15 seconds left this turn.
|c|☆lowelofunn|nvm
|
|t:|1666837689
|switch|p1a: Chansey|Chansey, F|32/100
|-damage|p1a: Chansey|20/100|[from] Stealth Rock
|move|p2a: Giratina|Rest|p2a: Giratina
|-status|p2a: Giratina|slp|[from] move: Rest
|-heal|p2a: Giratina|100/100 slp|[silent]
|
|upkeep
|turn|307
|inactive|lowelofunn has 15 seconds left this turn.
|
|t:|1666837692
|switch|p2a: Toxapex|Toxapex, M|99/100
|-damage|p2a: Toxapex|87/100|[from] Stealth Rock
|-damage|p2a: Toxapex|74/100|[from] Spikes
|move|p1a: Chansey|Soft-Boiled|p1a: Chansey
|-heal|p1a: Chansey|70/100
|
|upkeep
|turn|308
|inactive|lowelofunn has 20 seconds left this turn.
|inactive|lowelofunn has 15 seconds left.
|c|☆knexhawk2|i like a bit of toxic chip
|inactive|lowelofunn has 10 seconds left.
|inactive|lowelofunn has 5 seconds left.
|
|t:|1666837709
|switch|p1a: Slowbro|Slowbro-Galar, F|94/100 brn
|-damage|p1a: Slowbro|81/100 brn|[from] Stealth Rock
|switch|p2a: Gastrodon|Gastrodon, M|50/100 tox
|-damage|p2a: Gastrodon|44/100 tox|[from] Stealth Rock
|-damage|p2a: Gastrodon|32/100 tox|[from] Spikes
|
|-heal|p2a: Gastrodon|38/100 tox|[from] item: Leftovers
|-damage|p2a: Gastrodon|32/100 tox|[from] psn
|-damage|p1a: Slowbro|75/100 brn|[from] brn
|upkeep
|turn|309
|inactive|lowelofunn has 5 seconds left this turn.
|c| ronnie.dgaf|you guys wanna place bets
|inactive|knexhawk2 has 90 seconds left.
|
|t:|1666837717
|move|p1a: Slowbro|Future Sight|p2a: Gastrodon
|-start|p1a: Slowbro|move: Future Sight
|move|p2a: Gastrodon|Recover|p2a: Gastrodon
|-heal|p2a: Gastrodon|82/100 tox
|
|-heal|p2a: Gastrodon|88/100 tox|[from] item: Leftovers
|-damage|p2a: Gastrodon|75/100 tox|[from] psn
|-damage|p1a: Slowbro|69/100 brn|[from] brn
|upkeep
|turn|310
|inactive|lowelofunn has 10 seconds left this turn.
|c|☆knexhawk2|Me.
|inactive|lowelofunn has 5 seconds left.
|
|t:|1666837724
|switch|p1a: Quagsire|Quagsire, F|76/100
|-damage|p1a: Quagsire|69/100|[from] Stealth Rock
|switch|p2a: Corviknight|Corviknight, M|60/100
|-damage|p2a: Corviknight|48/100|[from] Stealth Rock
|-ability|p2a: Corviknight|Pressure
|
|upkeep
|turn|311
|inactive|lowelofunn has 5 seconds left this turn.
|c|☆knexhawk2|I win
|
|t:|1666837728
|move|p2a: Corviknight|Roost|p2a: Corviknight
|-heal|p2a: Corviknight|98/100
|-singleturn|p2a: Corviknight|move: Roost
|move|p1a: Quagsire|Earthquake|p2a: Corviknight
|-supereffective|p2a: Corviknight
|-damage|p2a: Corviknight|62/100
|
|-end|p2a: Corviknight|move: Future Sight
|-resisted|p2a: Corviknight
|-damage|p2a: Corviknight|43/100
|upkeep
|turn|312
|inactive|lowelofunn has 10 seconds left this turn.
|inactive|lowelofunn has 5 seconds left.
|
|t:|1666837734
|move|p2a: Corviknight|Roost|p2a: Corviknight
|-heal|p2a: Corviknight|93/100
|-singleturn|p2a: Corviknight|move: Roost
|move|p1a: Quagsire|Scald|p2a: Corviknight
|-damage|p2a: Corviknight|77/100
|-status|p2a: Corviknight|brn
|
|-damage|p2a: Corviknight|71/100 brn|[from] brn
|upkeep
|turn|313
|inactive|lowelofunn has 5 seconds left this turn.
|-message|lowelofunn lost due to inactivity.
|
|win|knexhawk2
|n|☆knexhawk2|knexhawk2
|n|☆lowelofunn|lowelofunn
|n| ronnie.dgaf|ronniedgaf
|n| Freshiest|freshiest
|n| htcl|htcl
|n| xXElTobyXx|xxeltobyxx
|n| ProXXDev|proxxdev
|n| icnincieninec|icnincieninec
|n| VIodyne|viodyne
|n| hy is garbage|hyisgarbage
|n| boy_poochie|boypoochie
|n| yeshahr|yeshahr
|n| faless|faless
