|raw|<div class="broadcast-blue"><strong>This battle is required to be public due to a player having a name starting with 'lt81yl'.</div>
|j|☆BestixL
|j|☆LT81YL crying
|t:|1625435485
|gametype|singles
|player|p1|BestixL|flannery|1940
|player|p2|LT81YL crying|lass-gen4dp|1936
|teamsize|p1|6
|teamsize|p2|6
|gen|8
|tier|[Gen 8] OU
|rated|
|rule|Sleep Clause Mod: Limit one foe put to sleep
|rule|Species Clause: Limit one of each Pokémon
|rule|OHKO Clause: OHKO moves are banned
|rule|Evasion Moves Clause: Evasion moves are banned
|rule|Endless Battle Clause: Forcing endless battles is banned
|rule|HP Percentage Mod: HP is shown in percentages
|rule|Dynamax Clause: You cannot dynamax
|clearpoke
|poke|p1|Skarmory, M|
|poke|p1|Hippowdon, M|
|poke|p1|Reuniclus, F|
|poke|p1|Toxapex, M|
|poke|p1|Tapu Koko|
|poke|p1|Buzzwole|
|poke|p2|Mew|
|poke|p2|Garchomp, F|
|poke|p2|Kartana|
|poke|p2|Togekiss, M|
|poke|p2|Kyurem|
|poke|p2|Melmetal|
|teampreview
|inactive|Battle timer is ON: inactive players will automatically lose when time's up. (requested by LT81YL crying)
|j| croo
|j| Wertsd26
|j| storm zone
|inactive|LT81YL crying has 120 seconds left.
|j| Showtime Lakers 24
|
|t:|1625435522
|start
|switch|p1a: wockstar|Tapu Koko|100/100
|switch|p2a: Mew|Mew|100/100
|-fieldstart|move: Electric Terrain|[from] ability: Electric Surge|[of] p1a: wockstar
|turn|1
|j| inninj
|
|t:|1625435527
|move|p1a: wockstar|Thunderbolt|p2a: Mew
|-damage|p2a: Mew|57/100
|move|p2a: Mew|Stealth Rock|p1a: wockstar
|-sidestart|p1: BestixL|move: Stealth Rock
|
|upkeep
|turn|2
|j| LT81YL SW
|
|t:|1625435545
|move|p1a: wockstar|Thunderbolt|p2a: Mew
|-damage|p2a: Mew|15/100
|move|p2a: Mew|Spikes|p1a: wockstar
|-sidestart|p1: BestixL|Spikes
|
|upkeep
|turn|3
|
|t:|1625435548
|move|p1a: wockstar|Dazzling Gleam|p2a: Mew
|-damage|p2a: Mew|0 fnt
|faint|p2a: Mew
|
|upkeep
|j| HYper
|j| LGLegendary
|
|t:|1625435555
|switch|p2a: Kyurem|Kyurem|100/100
|-ability|p2a: Kyurem|Pressure
|turn|4
|j| kawaiidrip
|
|t:|1625435571
|switch|p1a: Itsuki|Reuniclus, F|100/100
|move|p2a: Kyurem|Earth Power|p1a: Itsuki
|-damage|p1a: Itsuki|78/100
|
|upkeep
|turn|5
|l| LGLegendary
|
|t:|1625435585
|switch|p2a: Melmetal|Melmetal|100/100
|switch|p1a: the reaper|Skarmory, M|100/100
|-damage|p1a: the reaper|88/100|[from] Stealth Rock
|
|-fieldend|move: Electric Terrain
|upkeep
|turn|6
|
|t:|1625435588
|switch|p2a: Togekiss|Togekiss, M|100/100
|move|p1a: the reaper|Spikes|p2a: Togekiss
|-sidestart|p2: LT81YL crying|Spikes
|
|upkeep
|turn|7
|
|t:|1625435597
|switch|p1a: wockstar|Tapu Koko|100/100
|-fieldstart|move: Electric Terrain|[from] ability: Electric Surge|[of] p1a: wockstar
|move|p2a: Togekiss|Flamethrower|p1a: wockstar
|-damage|p1a: wockstar|55/100
|
|upkeep
|turn|8
|
|t:|1625435599
|switch|p2a: Kyurem|Kyurem|100/100
|-damage|p2a: Kyurem|88/100|[from] Spikes
|-ability|p2a: Kyurem|Pressure
|move|p1a: wockstar|Roost|p1a: wockstar
|-heal|p1a: wockstar|100/100
|-singleturn|p1a: wockstar|move: Roost
|
|upkeep
|turn|9
|j| Caterpie is great
|j| sdflkuuhsdfiug
|inactive|BestixL has 120 seconds left.
|
|t:|1625435638
|switch|p1a: just friends|Toxapex, M|100/100
|-damage|p1a: just friends|88/100|[from] Stealth Rock
|-damage|p1a: just friends|75/100|[from] Spikes
|move|p2a: Kyurem|Ice Beam|p1a: just friends
|-resisted|p1a: just friends
|-damage|p1a: just friends|56/100
|
|upkeep
|turn|10
|inactive|BestixL has 120 seconds left.
|j| Only attack
|
|t:|1625435660
|switch|p2a: Garchomp|Garchomp, F|100/100
|-damage|p2a: Garchomp|88/100|[from] Spikes
|move|p1a: just friends|Knock Off|p2a: Garchomp
|-damage|p2a: Garchomp|73/100
|-damage|p1a: just friends|43/100|[from] ability: Rough Skin|[of] p2a: Garchomp
|-enditem|p2a: Garchomp|Life Orb|[from] move: Knock Off|[of] p1a: just friends
|
|upkeep
|turn|11
|inactive|BestixL has 120 seconds left.
|
|t:|1625435679
|switch|p1a: Yotsuba|Buzzwole|100/100
|move|p2a: Garchomp|Swords Dance|p2a: Garchomp
|-boost|p2a: Garchomp|atk|2
|
|-fieldend|move: Electric Terrain
|upkeep
|turn|12
|
|t:|1625435681
|move|p2a: Garchomp|Fire Fang|p1a: Yotsuba
|-supereffective|p1a: Yotsuba
|-damage|p1a: Yotsuba|42/100
|move|p1a: Yotsuba|Ice Punch|p2a: Garchomp
|-supereffective|p2a: Garchomp
|-damage|p2a: Garchomp|0 fnt
|-damage|p1a: Yotsuba|30/100|[from] ability: Rough Skin|[of] p2a: Garchomp
|faint|p2a: Garchomp
|-ability|p1a: Yotsuba|Beast Boost|boost
|-boost|p1a: Yotsuba|atk|1
|
|upkeep
|
|t:|1625435697
|switch|p2a: Togekiss|Togekiss, M|100/100
|turn|13
|inactive|BestixL has 120 seconds left.
|
|t:|1625435722
|switch|p1a: wockstar|Tapu Koko|100/100
|-fieldstart|move: Electric Terrain|[from] ability: Electric Surge|[of] p1a: wockstar
|move|p2a: Togekiss|Flamethrower|p1a: wockstar
|-damage|p1a: wockstar|57/100
|
|upkeep
|turn|14
|
|t:|1625435726
|switch|p2a: Melmetal|Melmetal|100/100
|-damage|p2a: Melmetal|88/100|[from] Spikes
|move|p1a: wockstar|Roost|p1a: wockstar
|-heal|p1a: wockstar|100/100
|-singleturn|p1a: wockstar|move: Roost
|
|upkeep
|turn|15
|j| zudolio
|
|t:|1625435731
|move|p1a: wockstar|U-turn|p2a: Melmetal
|-resisted|p2a: Melmetal
|-damage|p2a: Melmetal|83/100
|j| boredsoiplayrandom
|l| boredsoiplayrandom
|
|t:|1625435740
|switch|p1a: just friends|Toxapex, M|76/100|[from]move: U-turn
|-damage|p1a: just friends|64/100|[from] Stealth Rock
|-damage|p1a: just friends|51/100|[from] Spikes
|move|p2a: Melmetal|Thunder Punch|p1a: just friends
|-supereffective|p1a: just friends
|-damage|p1a: just friends|4/100
|-status|p1a: just friends|par
|
|upkeep
|turn|16
|
|t:|1625435747
|move|p2a: Melmetal|Double Iron Bash|p1a: just friends
|-resisted|p1a: just friends
|-damage|p1a: just friends|0 fnt
|faint|p1a: just friends
|-hitcount|p1: just friends|1
|
|upkeep
|
|t:|1625435763
|switch|p1a: 2 soon|Hippowdon, M|100/100
|-weather|Sandstorm|[from] ability: Sand Stream|[of] p1a: 2 soon
|turn|17
|
|t:|1625435771
|switch|p2a: Togekiss|Togekiss, M|100/100
|move|p1a: 2 soon|Stealth Rock|p2a: Togekiss
|-sidestart|p2: LT81YL crying|move: Stealth Rock
|
|-weather|Sandstorm|[upkeep]
|-damage|p2a: Togekiss|94/100|[from] Sandstorm
|-fieldend|move: Electric Terrain
|upkeep
|turn|18
|inactive|BestixL has 120 seconds left.
|
|t:|1625435806
|move|p2a: Togekiss|Substitute|p2a: Togekiss
|-start|p2a: Togekiss|Substitute
|-damage|p2a: Togekiss|69/100
|move|p1a: 2 soon|Toxic|p2a: Togekiss|[miss]
|-miss|p1a: 2 soon|p2a: Togekiss
|
|-weather|Sandstorm|[upkeep]
|-damage|p2a: Togekiss|63/100|[from] Sandstorm
|upkeep
|turn|19
|j| fresh lucas
|
|t:|1625435813
|switch|p1a: wockstar|Tapu Koko|100/100
|-fieldstart|move: Electric Terrain|[from] ability: Electric Surge|[of] p1a: wockstar
|move|p2a: Togekiss|Nasty Plot|p2a: Togekiss
|-boost|p2a: Togekiss|spa|2
|
|-weather|Sandstorm|[upkeep]
|-damage|p1a: wockstar|94/100|[from] Sandstorm
|-damage|p2a: Togekiss|57/100|[from] Sandstorm
|upkeep
|turn|20
|
|t:|1625435824
|move|p1a: wockstar|Thunderbolt|p2a: Togekiss
|-supereffective|p2a: Togekiss
|-end|p2a: Togekiss|Substitute
|move|p2a: Togekiss|Substitute|p2a: Togekiss
|-start|p2a: Togekiss|Substitute
|-damage|p2a: Togekiss|32/100
|
|-weather|Sandstorm|[upkeep]
|-damage|p1a: wockstar|88/100|[from] Sandstorm
|-damage|p2a: Togekiss|26/100|[from] Sandstorm
|upkeep
|turn|21
|
|t:|1625435833
|move|p1a: wockstar|Thunderbolt|p2a: Togekiss
|-supereffective|p2a: Togekiss
|-end|p2a: Togekiss|Substitute
|move|p2a: Togekiss|Flamethrower|p1a: wockstar
|-damage|p1a: wockstar|0 fnt
|faint|p1a: wockstar
|
|-weather|none
|upkeep
|inactive|BestixL has 120 seconds left.
|c| Only attack|Why tapu koko not have effect on stealth rock?
|inactive|BestixL has 90 seconds left.
|
|t:|1625435894
|switch|p1a: 2 soon|Hippowdon, M|100/100
|-weather|Sandstorm|[from] ability: Sand Stream|[of] p1a: 2 soon
|turn|22
|
|t:|1625435897
|move|p2a: Togekiss|Air Slash|p1a: 2 soon
|-damage|p1a: 2 soon|44/100
|cant|p1a: 2 soon|flinch
|
|-weather|Sandstorm|[upkeep]
|-damage|p2a: Togekiss|20/100|[from] Sandstorm
|-enditem|p2a: Togekiss|Salac Berry|[eat]
|-boost|p2a: Togekiss|spe|1|[from] item: Salac Berry
|upkeep
|turn|23
|inactive|BestixL has 90 seconds left.
|
|t:|1625435911
|move|p2a: Togekiss|Air Slash|p1a: 2 soon
|-damage|p1a: 2 soon|0 fnt
|faint|p1a: 2 soon
|
|-weather|Sandstorm|[upkeep]
|-damage|p2a: Togekiss|14/100|[from] Sandstorm
|-fieldend|move: Electric Terrain
|upkeep
|inactive|BestixL has 90 seconds left.
|
|t:|1625435925
|switch|p1a: Itsuki|Reuniclus, F|78/100
|turn|24
|
|t:|1625435927
|move|p2a: Togekiss|Air Slash|p1a: Itsuki
|-damage|p1a: Itsuki|26/100
|cant|p1a: Itsuki|flinch
|
|-weather|Sandstorm|[upkeep]
|-damage|p2a: Togekiss|8/100|[from] Sandstorm
|upkeep
|turn|25
|
|t:|1625435932
|move|p2a: Togekiss|Flamethrower|p1a: Itsuki
|-damage|p1a: Itsuki|0 fnt
|faint|p1a: Itsuki
|
|-weather|Sandstorm|[upkeep]
|-damage|p2a: Togekiss|2/100|[from] Sandstorm
|upkeep
|
|t:|1625435935
|switch|p1a: Yotsuba|Buzzwole|30/100
|turn|26
|-message|BestixL forfeited.
|
|win|LT81YL crying
|raw|BestixL's rating: 1940 &rarr; <strong>1920</strong><br />(-20 for losing)
|raw|LT81YL crying's rating: 1946 &rarr; <strong>1966</strong><br />(+20 for winning)
|l|☆BestixL
|l| LT81YL SW
|l|☆LT81YL crying
|l| Wertsd26
|l| Only attack
||Ladder isn't responding, score probably updated but might not have (Request timeout).
|l| croo
|l| inninj
|l| HYper
|l| fresh lucas
