|j|☆Real Pokeaim 2010
|j|☆ezwz
|t:|1597686041
|player|p1|Real Pokeaim 2010|143|1807
|player|p2|ezwz|youngster-gen4|1871
|teamsize|p1|6
|teamsize|p2|6
|gametype|singles
|gen|8
|tier|[Gen 8] OU
|rated|
|clearpoke
|poke|p1|Amoonguss, F|
|poke|p1|Clefable, M|
|poke|p1|Dragapult, F|
|poke|p1|Hippowdon, M|
|poke|p1|Excadrill, F|
|poke|p1|Rotom-Heat|
|poke|p2|Pelipper, F|
|poke|p2|Seismitoad, F|
|poke|p2|Kingdra, F|
|poke|p2|Urshifu-*, F|
|poke|p2|Ferrothorn, M|
|poke|p2|Mandibuzz, F|
|rule|Sleep Clause Mod: Limit one foe put to sleep
|rule|Species Clause: Limit one of each Pokémon
|rule|OHKO Clause: OHKO moves are banned
|rule|Evasion Moves Clause: Evasion moves are banned
|rule|Endless Battle Clause: Forcing endless battles is banned
|rule|HP Percentage Mod: HP is shown in percentages
|rule|Dynamax Clause: You cannot dynamax
|teampreview
|inactive|Battle timer is ON: inactive players will automatically lose when time's up. (requested by Real Pokeaim 2010)
|
|t:|1597686072
|start
|switch|p1a: Dragapult|Dragapult, F|100/100
|switch|p2a: Pelipper|Pelipper, F|100/100
|-weather|RainDance|[from] ability: Drizzle|[of] p2a: Pelipper
|turn|1
|
|t:|1597686077
|switch|p2a: Ferrothorn|Ferrothorn, M|100/100
|move|p1a: Dragapult|Shadow Ball|p2a: Ferrothorn
|-damage|p2a: Ferrothorn|52/100
|
|-weather|RainDance|[upkeep]
|-heal|p2a: Ferrothorn|58/100|[from] item: Leftovers
|upkeep
|turn|2
|
|t:|1597686085
|switch|p1a: Clefable|Clefable, M|100/100
|move|p2a: Ferrothorn|Gyro Ball|p1a: Clefable
|-supereffective|p1a: Clefable
|-damage|p1a: Clefable|0 fnt
|faint|p1a: Clefable
|
|-weather|RainDance|[upkeep]
|-heal|p2a: Ferrothorn|64/100|[from] item: Leftovers
|upkeep
|c|☆ezwz|we
|
|t:|1597686092
|switch|p1a: Hippowdon|Hippowdon, M|100/100
|-weather|Sandstorm|[from] ability: Sand Stream|[of] p1a: Hippowdon
|turn|3
|j| heracrossrocks
|
|t:|1597686095
|move|p1a: Hippowdon|Stealth Rock|p2a: Ferrothorn
|-sidestart|p2: ezwz|move: Stealth Rock
|move|p2a: Ferrothorn|Spikes|p1a: Hippowdon
|-sidestart|p1: Real Pokeaim 2010|Spikes
|
|-weather|Sandstorm|[upkeep]
|-heal|p2a: Ferrothorn|70/100|[from] item: Leftovers
|upkeep
|turn|4
|
|t:|1597686098
|switch|p1a: Rotom|Rotom-Heat|100/100
|move|p2a: Ferrothorn|Leech Seed|p1a: Rotom
|-start|p1a: Rotom|move: Leech Seed
|
|-weather|Sandstorm|[upkeep]
|-damage|p1a: Rotom|95/100|[from] Sandstorm
|-heal|p2a: Ferrothorn|77/100|[from] item: Leftovers
|-damage|p1a: Rotom|82/100|[from] Leech Seed|[of] p2a: Ferrothorn
|-heal|p2a: Ferrothorn|87/100|[silent]
|upkeep
|turn|5
|
|t:|1597686102
|switch|p2a: Seismitoad|Seismitoad, F|100/100
|-damage|p2a: Seismitoad|94/100|[from] Stealth Rock
|move|p1a: Rotom|Discharge|p2a: Seismitoad
|-immune|p2a: Seismitoad
|
|-weather|Sandstorm|[upkeep]
|-damage|p1a: Rotom|76/100|[from] Sandstorm
|-damage|p1a: Rotom|64/100|[from] Leech Seed|[of] p2a: Seismitoad
|-heal|p2a: Seismitoad|100/100|[silent]
|upkeep
|turn|6
|
|t:|1597686107
|switch|p1a: Dragapult|Dragapult, F|100/100
|-damage|p1a: Dragapult|88/100|[from] Spikes
|move|p2a: Seismitoad|Stealth Rock|p1a: Dragapult
|-sidestart|p1: Real Pokeaim 2010|move: Stealth Rock
|
|-weather|Sandstorm|[upkeep]
|-damage|p1a: Dragapult|82/100|[from] Sandstorm
|upkeep
|turn|7
|
|t:|1597686111
|switch|p2a: Mandibuzz|Mandibuzz, F|100/100
|move|p1a: Dragapult|Draco Meteor|p2a: Mandibuzz
|-damage|p2a: Mandibuzz|34/100
|-unboost|p1a: Dragapult|spa|2
|
|-weather|none
|upkeep
|turn|8
|
|t:|1597686115
|move|p1a: Dragapult|Draco Meteor|p2a: Mandibuzz
|-damage|p2a: Mandibuzz|0 fnt
|-unboost|p1a: Dragapult|spa|2
|faint|p2a: Mandibuzz
|
|upkeep
|
|t:|1597686132
|switch|p2a: Pelipper|Pelipper, F|100/100
|-damage|p2a: Pelipper|76/100|[from] Stealth Rock
|-weather|RainDance|[from] ability: Drizzle|[of] p2a: Pelipper
|turn|9
|
|t:|1597686142
|switch|p1a: Rotom|Rotom-Heat|64/100
|move|p2a: Pelipper|Scald|p1a: Rotom
|-supereffective|p1a: Rotom
|-damage|p1a: Rotom|0 fnt
|faint|p1a: Rotom
|
|-weather|RainDance|[upkeep]
|upkeep
|
|t:|1597686143
|switch|p1a: Dragapult|Dragapult, F|82/100
|-damage|p1a: Dragapult|70/100|[from] Spikes
|-damage|p1a: Dragapult|58/100|[from] Stealth Rock
|turn|10
|
|t:|1597686149
|switch|p2a: Ferrothorn|Ferrothorn, M|87/100
|-damage|p2a: Ferrothorn|81/100|[from] Stealth Rock
|move|p1a: Dragapult|Shadow Ball|p2a: Ferrothorn
|-damage|p2a: Ferrothorn|30/100
|
|-weather|RainDance|[upkeep]
|-heal|p2a: Ferrothorn|37/100|[from] item: Leftovers
|upkeep
|turn|11
|
|t:|1597686160
|switch|p2a: Seismitoad|Seismitoad, F|100/100
|-damage|p2a: Seismitoad|94/100|[from] Stealth Rock
|move|p1a: Dragapult|Shadow Ball|p2a: Seismitoad
|-damage|p2a: Seismitoad|23/100
|
|-weather|RainDance|[upkeep]
|upkeep
|turn|12
|
|t:|1597686164
|switch|p1a: Hippowdon|Hippowdon, M|100/100
|-damage|p1a: Hippowdon|94/100|[from] Stealth Rock
|-damage|p1a: Hippowdon|82/100|[from] Spikes
|-weather|Sandstorm|[from] ability: Sand Stream|[of] p1a: Hippowdon
|move|p2a: Seismitoad|Earth Power|p1a: Hippowdon
|-damage|p1a: Hippowdon|30/100
|-damage|p2a: Seismitoad|13/100|[from] item: Life Orb
|
|-weather|Sandstorm|[upkeep]
|upkeep
|turn|13
|
|t:|1597686178
|switch|p1a: Excadrill|Excadrill, F|100/100
|-damage|p1a: Excadrill|97/100|[from] Stealth Rock
|-damage|p1a: Excadrill|85/100|[from] Spikes
|move|p2a: Seismitoad|Earth Power|p1a: Excadrill
|-supereffective|p1a: Excadrill
|-damage|p1a: Excadrill|0 fnt
|-damage|p2a: Seismitoad|3/100|[from] item: Life Orb
|faint|p1a: Excadrill
|
|-weather|Sandstorm|[upkeep]
|upkeep
|
|t:|1597686180
|switch|p1a: Dragapult|Dragapult, F|58/100
|-damage|p1a: Dragapult|45/100|[from] Spikes
|-damage|p1a: Dragapult|33/100|[from] Stealth Rock
|turn|14
|
|t:|1597686186
|move|p1a: Dragapult|Shadow Ball|p2a: Seismitoad
|-damage|p2a: Seismitoad|0 fnt
|faint|p2a: Seismitoad
|
|-weather|Sandstorm|[upkeep]
|-damage|p1a: Dragapult|27/100|[from] Sandstorm
|upkeep
|
|t:|1597686189
|switch|p2a: Urshifu|Urshifu-Rapid-Strike, F|100/100
|-damage|p2a: Urshifu|94/100|[from] Stealth Rock
|turn|15
|
|t:|1597686193
|switch|p1a: Amoonguss|Amoonguss, F|100/100
|-damage|p1a: Amoonguss|88/100|[from] Stealth Rock
|-damage|p1a: Amoonguss|76/100|[from] Spikes
|move|p2a: Urshifu|Aqua Jet|p1a: Amoonguss
|-resisted|p1a: Amoonguss
|-damage|p1a: Amoonguss|63/100
|-damage|p2a: Urshifu|78/100|[from] item: Rocky Helmet|[of] p1a: Amoonguss
|
|-weather|Sandstorm|[upkeep]
|-damage|p2a: Urshifu|72/100|[from] Sandstorm
|-damage|p1a: Amoonguss|57/100|[from] Sandstorm
|upkeep
|turn|16
|
|t:|1597686199
|switch|p2a: Ferrothorn|Ferrothorn, M|37/100
|-damage|p2a: Ferrothorn|30/100|[from] Stealth Rock
|switch|p1a: Dragapult|Dragapult, F|27/100
|-damage|p1a: Dragapult|15/100|[from] Stealth Rock
|-damage|p1a: Dragapult|2/100|[from] Spikes
|
|-weather|none
|-heal|p2a: Ferrothorn|37/100|[from] item: Leftovers
|upkeep
|turn|17
|
|t:|1597686212
|move|p1a: Dragapult|Shadow Ball|p2a: Ferrothorn
|-damage|p2a: Ferrothorn|0 fnt
|faint|p2a: Ferrothorn
|
|upkeep
|
|t:|1597686214
|switch|p2a: Urshifu|Urshifu-Rapid-Strike, F|72/100
|-damage|p2a: Urshifu|66/100|[from] Stealth Rock
|turn|18
|
|t:|1597686217
|switch|p1a: Amoonguss|Amoonguss, F|90/100
|-damage|p1a: Amoonguss|78/100|[from] Stealth Rock
|-damage|p1a: Amoonguss|66/100|[from] Spikes
|move|p2a: Urshifu|Aqua Jet|p1a: Amoonguss
|-resisted|p1a: Amoonguss
|-damage|p1a: Amoonguss|54/100
|-damage|p2a: Urshifu|49/100|[from] item: Rocky Helmet|[of] p1a: Amoonguss
|
|upkeep
|turn|19
|
|t:|1597686226
|move|p2a: Urshifu|Aqua Jet|p1a: Amoonguss
|-resisted|p1a: Amoonguss
|-damage|p1a: Amoonguss|42/100
|-damage|p2a: Urshifu|33/100|[from] item: Rocky Helmet|[of] p1a: Amoonguss
|move|p1a: Amoonguss|Spore|p2a: Urshifu
|-status|p2a: Urshifu|slp|[from] move: Spore
|
|upkeep
|turn|20
|
|t:|1597686238
|switch|p2a: Kingdra|Kingdra, F|100/100
|-damage|p2a: Kingdra|88/100|[from] Stealth Rock
|move|p1a: Amoonguss|Sludge Bomb|p2a: Kingdra
|-damage|p2a: Kingdra|57/100
|-status|p2a: Kingdra|psn
|
|-damage|p2a: Kingdra|45/100 psn|[from] psn
|upkeep
|turn|21
|
|t:|1597686248
|switch|p1a: Dragapult|Dragapult, F|2/100
|-damage|p1a: Dragapult|0 fnt|[from] Stealth Rock
|faint|p1a: Dragapult
|move|p2a: Kingdra|Draco Meteor|p1: Dragapult|[notarget]
|-fail|p2a: Kingdra
|
|-damage|p2a: Kingdra|32/100 psn|[from] psn
|upkeep
|
|t:|1597686256
|switch|p1a: Amoonguss|Amoonguss, F|75/100
|-damage|p1a: Amoonguss|63/100|[from] Spikes
|-damage|p1a: Amoonguss|50/100|[from] Stealth Rock
|turn|22
|
|t:|1597686261
|switch|p1a: Hippowdon|Hippowdon, M|30/100
|-damage|p1a: Hippowdon|24/100|[from] Stealth Rock
|-damage|p1a: Hippowdon|12/100|[from] Spikes
|-weather|Sandstorm|[from] ability: Sand Stream|[of] p1a: Hippowdon
|move|p2a: Kingdra|Draco Meteor|p1a: Hippowdon
|-damage|p1a: Hippowdon|0 fnt
|-unboost|p2a: Kingdra|spa|2
|faint|p1a: Hippowdon
|
|-weather|Sandstorm|[upkeep]
|-damage|p2a: Kingdra|26/100 psn|[from] Sandstorm
|-damage|p2a: Kingdra|14/100 psn|[from] psn
|upkeep
|
|t:|1597686263
|switch|p1a: Amoonguss|Amoonguss, F|84/100
|-damage|p1a: Amoonguss|71/100|[from] Spikes
|-damage|p1a: Amoonguss|59/100|[from] Stealth Rock
|turn|23
|
|t:|1597686272
|switch|p2a: Pelipper|Pelipper, F|76/100
|-damage|p2a: Pelipper|51/100|[from] Stealth Rock
|-weather|RainDance|[from] ability: Drizzle|[of] p2a: Pelipper
|move|p1a: Amoonguss|Giga Drain|p2a: Pelipper
|-damage|p2a: Pelipper|18/100
|-heal|p1a: Amoonguss|71/100|[from] drain|[of] p2a: Pelipper
|
|-weather|RainDance|[upkeep]
|upkeep
|turn|24
|
|t:|1597686274
|move|p2a: Pelipper|Hurricane|p1a: Amoonguss
|-supereffective|p1a: Amoonguss
|-damage|p1a: Amoonguss|5/100
|move|p1a: Amoonguss|Giga Drain|p2a: Pelipper
|-damage|p2a: Pelipper|0 fnt
|-heal|p1a: Amoonguss|12/100|[from] drain|[of] p2a: Pelipper
|faint|p2a: Pelipper
|
|-weather|RainDance|[upkeep]
|upkeep
|
|t:|1597686276
|switch|p2a: Kingdra|Kingdra, F|14/100 psn
|-damage|p2a: Kingdra|2/100 psn|[from] Stealth Rock
|turn|25
|-message|Real Pokeaim 2010 forfeited.
|
|win|ezwz
|l|☆Real Pokeaim 2010
