|j|☆Pinks1ip
|j|☆gusv2v
|t:|1656617673
|gametype|singles
|player|p1|Pinks1ip|skierf|1353
|player|p2|gusv2v|byron|1366
|teamsize|p1|6
|teamsize|p2|6
|gen|8
|tier|[Gen 8] OU
|rated|
|rule|Sleep Clause Mod: Limit one foe put to sleep
|rule|Species Clause: Limit one of each Pokémon
|rule|OHKO Clause: OHKO moves are banned
|rule|Evasion Moves Clause: Evasion moves are banned
|rule|Endless Battle Clause: Forcing endless battles is banned
|rule|HP Percentage Mod: HP is shown in percentages
|rule|Dynamax Clause: You cannot dynamax
|clearpoke
|poke|p1|Crawdaunt, F|
|poke|p1|Mamoswine, F|
|poke|p1|Landorus-Therian, M|
|poke|p1|Tornadus-Therian, M|
|poke|p1|Tapu Koko|
|poke|p1|Hawlucha, F|
|poke|p2|Torkoal, M|
|poke|p2|Heatran, M|
|poke|p2|Venusaur, F|
|poke|p2|Weavile, M|
|poke|p2|Darmanitan, M|
|poke|p2|Landorus-Therian, M|
|teampreview
|
|t:|1656617688
|start
|switch|p1a: Mamoswine|Mamoswine, F|100/100
|switch|p2a: Torkoal|Torkoal, M|100/100
|-weather|SunnyDay|[from] ability: Drought|[of] p2a: Torkoal
|turn|1
|
|t:|1656617697
|move|p1a: Mamoswine|Stealth Rock|p2a: Torkoal
|-sidestart|p2: gusv2v|move: Stealth Rock
|move|p2a: Torkoal|Body Press|p1a: Mamoswine
|-supereffective|p1a: Mamoswine
|-damage|p1a: Mamoswine|26/100
|
|-weather|SunnyDay|[upkeep]
|upkeep
|turn|2
|
|t:|1656617704
|move|p1a: Mamoswine|Endeavor|p2a: Torkoal
|-damage|p2a: Torkoal|27/100
|move|p2a: Torkoal|Lava Plume|p1a: Mamoswine
|-supereffective|p1a: Mamoswine
|-crit|p1a: Mamoswine
|-damage|p1a: Mamoswine|0 fnt
|faint|p1a: Mamoswine
|
|-weather|SunnyDay|[upkeep]
|upkeep
|
|t:|1656617721
|switch|p1a: Crawdaunt|Crawdaunt, F|100/100
|turn|3
|
|t:|1656617735
|switch|p2a: Landorus|Landorus-Therian, M|100/100
|-damage|p2a: Landorus|88/100|[from] Stealth Rock
|-ability|p2a: Landorus|Intimidate|boost
|-unboost|p1a: Crawdaunt|atk|1
|move|p1a: Crawdaunt|Knock Off|p2a: Landorus
|-damage|p2a: Landorus|48/100
|-damage|p1a: Crawdaunt|84/100|[from] item: Rocky Helmet|[of] p2a: Landorus
|-enditem|p2a: Landorus|Rocky Helmet|[from] move: Knock Off|[of] p1a: Crawdaunt
|-damage|p1a: Crawdaunt|74/100|[from] item: Life Orb
|
|-weather|SunnyDay|[upkeep]
|upkeep
|turn|4
|
|t:|1656617748
|switch|p1a: Landorus|Landorus-Therian, M|100/100
|-ability|p1a: Landorus|Intimidate|boost
|-unboost|p2a: Landorus|atk|1
|move|p2a: Landorus|Defog|p1a: Landorus
|-unboost|p1a: Landorus|evasion|1
|-sideend|p2: gusv2v|Stealth Rock|[from] move: Defog|[of] p2a: Landorus
|
|-weather|SunnyDay|[upkeep]
|upkeep
|turn|5
|
|t:|1656617759
|move|p1a: Landorus|Stone Edge|p2a: Landorus
|-damage|p2a: Landorus|24/100
|move|p2a: Landorus|U-turn|p1a: Landorus
|-resisted|p1a: Landorus
|-damage|p1a: Landorus|93/100
|
|t:|1656617766
|switch|p2a: Heatran|Heatran, M|100/100|[from]move: U-turn
|
|-weather|SunnyDay|[upkeep]
|upkeep
|turn|6
|
|t:|1656617770
|switch|p1a: Tornadus|Tornadus-Therian, M, shiny|100/100
|move|p2a: Heatran|Eruption|p1a: Tornadus
|-damage|p1a: Tornadus|0 fnt
|faint|p1a: Tornadus
|
|-weather|SunnyDay|[upkeep]
|upkeep
|
|t:|1656617775
|switch|p1a: Landorus|Landorus-Therian, M|93/100
|-ability|p1a: Landorus|Intimidate|boost
|-unboost|p2a: Heatran|atk|1
|turn|7
|
|t:|1656617780
|move|p1a: Landorus|U-turn|p2a: Heatran
|-resisted|p2a: Heatran
|-damage|p2a: Heatran|94/100
|
|t:|1656617783
|switch|p1a: Tapu Koko|Tapu Koko, shiny|100/100|[from]move: U-turn
|-fieldstart|move: Electric Terrain|[from] ability: Electric Surge|[of] p1a: Tapu Koko
|move|p2a: Heatran|Eruption|p1a: Tapu Koko
|-damage|p1a: Tapu Koko|0 fnt
|faint|p1a: Tapu Koko
|
|-weather|SunnyDay|[upkeep]
|upkeep
|
|t:|1656617790
|switch|p1a: Hawlucha|Hawlucha, F, shiny|100/100
|-enditem|p1a: Hawlucha|Electric Seed
|-boost|p1a: Hawlucha|def|1|[from] item: Electric Seed
|turn|8
|c|☆gusv2v|omg
|
|t:|1656617800
|switch|p2a: Landorus|Landorus-Therian, M|24/100
|-ability|p2a: Landorus|Intimidate|boost
|-unboost|p1a: Hawlucha|atk|1
|move|p1a: Hawlucha|Swords Dance|p1a: Hawlucha
|-boost|p1a: Hawlucha|atk|2
|
|-weather|none
|upkeep
|turn|9
|
|t:|1656617811
|move|p1a: Hawlucha|Swords Dance|p1a: Hawlucha
|-boost|p1a: Hawlucha|atk|2
|move|p2a: Landorus|Rock Slide|p1a: Hawlucha
|-damage|p1a: Hawlucha|78/100
|
|upkeep
|turn|10
|
|t:|1656617817
|move|p1a: Hawlucha|Acrobatics|p2a: Landorus
|-damage|p2a: Landorus|0 fnt
|faint|p2a: Landorus
|
|upkeep
|
|t:|1656617827
|switch|p2a: Darmanitan|Darmanitan, M|100/100
|turn|11
|
|t:|1656617831
|move|p1a: Hawlucha|Acrobatics|p2a: Darmanitan
|-damage|p2a: Darmanitan|0 fnt
|faint|p2a: Darmanitan
|
|-fieldend|move: Electric Terrain
|upkeep
|
|t:|1656617837
|switch|p2a: Torkoal|Torkoal, M|27/100
|-weather|SunnyDay|[from] ability: Drought|[of] p2a: Torkoal
|turn|12
|
|t:|1656617842
|move|p1a: Hawlucha|Acrobatics|p2a: Torkoal
|-damage|p2a: Torkoal|0 fnt
|faint|p2a: Torkoal
|
|-weather|SunnyDay|[upkeep]
|upkeep
|
|t:|1656617850
|switch|p2a: Heatran|Heatran, M|94/100
|turn|13
|
|t:|1656617854
|move|p1a: Hawlucha|Close Combat|p2a: Heatran
|-supereffective|p2a: Heatran
|-damage|p2a: Heatran|0 fnt
|-unboost|p1a: Hawlucha|def|1
|-unboost|p1a: Hawlucha|spd|1
|faint|p2a: Heatran
|
|-weather|SunnyDay|[upkeep]
|upkeep
|
|t:|1656617861
|switch|p2a: Venusaur|Venusaur, F|100/100
|turn|14
|
|t:|1656617864
|move|p1a: Hawlucha|Acrobatics|p2a: Venusaur
|-supereffective|p2a: Venusaur
|-damage|p2a: Venusaur|0 fnt
|faint|p2a: Venusaur
|
|-weather|SunnyDay|[upkeep]
|upkeep
|
|t:|1656617869
|switch|p2a: Weavile|Weavile, M|100/100
|-ability|p2a: Weavile|Pressure
|turn|15
|
|t:|1656617872
|move|p1a: Hawlucha|Close Combat|p2a: Weavile
|-supereffective|p2a: Weavile
|-damage|p2a: Weavile|0 fnt
|-unboost|p1a: Hawlucha|def|1
|-unboost|p1a: Hawlucha|spd|1
|faint|p2a: Weavile
|
|win|Pinks1ip
|raw|Pinks1ip's rating: 1353 &rarr; <strong>1374</strong><br />(+21 for winning)
|raw|gusv2v's rating: 1366 &rarr; <strong>1345</strong><br />(-21 for losing)
|l|☆gusv2v
