|j|☆daveybaby69
|j|☆Corumba
|t:|1608421883
|player|p1|daveybaby69|pokemonranger|1705
|player|p2|Corumba|schoolkid-gen4|1663
|teamsize|p1|6
|teamsize|p2|6
|gametype|singles
|gen|8
|tier|[Gen 8] OU
|rated|
|clearpoke
|poke|p1|Heatran, M|
|poke|p1|Rillaboom, M|
|poke|p1|Hawlucha, M|
|poke|p1|Slowbro, F|
|poke|p1|Spectrier|
|poke|p1|Landorus-Therian, M|
|poke|p2|Jirachi|
|poke|p2|Latios, M|
|poke|p2|Latias, F|
|poke|p2|Mamoswine, M|
|poke|p2|Cinderace, M|
|poke|p2|Kyurem|
|rule|Sleep Clause Mod: Limit one foe put to sleep
|rule|Species Clause: Limit one of each Pokémon
|rule|OHKO Clause: OHKO moves are banned
|rule|Evasion Moves Clause: Evasion moves are banned
|rule|Endless Battle Clause: Forcing endless battles is banned
|rule|HP Percentage Mod: HP is shown in percentages
|rule|Dynamax Clause: You cannot dynamax
|teampreview
|j| FriskySunny
|
|t:|1608421907
|start
|switch|p1a: Landorus|Landorus-Therian, M|100/100
|switch|p2a: Jirachi|Jirachi, shiny|100/100
|-ability|p1a: Landorus|Intimidate|boost
|-unboost|p2a: Jirachi|atk|1
|turn|1
|
|t:|1608421914
|move|p2a: Jirachi|Icy Wind|p1a: Landorus
|-supereffective|p1a: Landorus
|-damage|p1a: Landorus|32/100
|-unboost|p1a: Landorus|spe|1
|move|p1a: Landorus|Earthquake|p2a: Jirachi
|-supereffective|p2a: Jirachi
|-damage|p2a: Jirachi|7/100
|
|upkeep
|turn|2
|
|t:|1608421924
|move|p2a: Jirachi|Stealth Rock|p1a: Landorus
|-sidestart|p1: daveybaby69|move: Stealth Rock
|move|p1a: Landorus|U-turn|p2a: Jirachi
|-damage|p2a: Jirachi|0 fnt
|faint|p2a: Jirachi
|
|t:|1608421937
|switch|p1a: Heatran|Heatran, M|100/100|[from]move: U-turn
|-damage|p1a: Heatran|88/100|[from] Stealth Rock
|
|-heal|p1a: Heatran|94/100|[from] item: Leftovers
|upkeep
|
|t:|1608421947
|switch|p2a: Latias|Latias, F|100/100
|turn|3
|
|t:|1608421950
|move|p2a: Latias|Calm Mind|p2a: Latias
|-boost|p2a: Latias|spa|1
|-boost|p2a: Latias|spd|1
|move|p1a: Heatran|Magma Storm|p2a: Latias|[miss]
|-miss|p1a: Heatran|p2a: Latias
|
|-heal|p1a: Heatran|100/100|[from] item: Leftovers
|upkeep
|turn|4
|
|t:|1608421958
|move|p2a: Latias|Calm Mind|p2a: Latias
|-boost|p2a: Latias|spa|1
|-boost|p2a: Latias|spd|1
|move|p1a: Heatran|Taunt|p2a: Latias
|-start|p2a: Latias|move: Taunt
|
|upkeep
|turn|5
|
|t:|1608421962
|move|p2a: Latias|Aura Sphere|p1a: Heatran
|-supereffective|p1a: Heatran
|-damage|p1a: Heatran|0 fnt
|faint|p1a: Heatran
|
|upkeep
|
|t:|1608421968
|switch|p1a: Rillaboom|Rillaboom, M|100/100
|-damage|p1a: Rillaboom|88/100|[from] Stealth Rock
|-fieldstart|move: Grassy Terrain|[from] ability: Grassy Surge|[of] p1a: Rillaboom
|turn|6
|
|t:|1608421973
|move|p2a: Latias|Mystical Fire|p1a: Rillaboom
|-supereffective|p1a: Rillaboom
|-damage|p1a: Rillaboom|0 fnt
|faint|p1a: Rillaboom
|
|upkeep
|
|t:|1608421979
|switch|p1a: Hawlucha|Hawlucha, M|100/100
|-damage|p1a: Hawlucha|88/100|[from] Stealth Rock
|-enditem|p1a: Hawlucha|Grassy Seed
|-boost|p1a: Hawlucha|def|1|[from] item: Grassy Seed
|turn|7
|
|t:|1608421984
|move|p1a: Hawlucha|Acrobatics|p2a: Latias
|-damage|p2a: Latias|38/100
|move|p2a: Latias|Psychic|p1a: Hawlucha
|-supereffective|p1a: Hawlucha
|-damage|p1a: Hawlucha|0 fnt
|faint|p1a: Hawlucha
|
|-end|p2a: Latias|move: Taunt
|upkeep
|
|t:|1608421988
|switch|p1a: Spectrier|Spectrier|100/100
|-damage|p1a: Spectrier|88/100|[from] Stealth Rock
|turn|8
|
|t:|1608421994
|move|p1a: Spectrier|Substitute|p1a: Spectrier
|-start|p1a: Spectrier|Substitute
|-damage|p1a: Spectrier|63/100
|move|p2a: Latias|Psychic|p1a: Spectrier
|-end|p1a: Spectrier|Substitute
|
|-heal|p1a: Spectrier|69/100|[from] item: Leftovers
|-heal|p1a: Spectrier|75/100|[from] Grassy Terrain
|upkeep
|turn|9
|
|t:|1608421998
|move|p1a: Spectrier|Hex|p2a: Latias
|-supereffective|p2a: Latias
|-damage|p2a: Latias|6/100
|move|p2a: Latias|Mystical Fire|p1a: Spectrier
|-damage|p1a: Spectrier|25/100
|-unboost|p1a: Spectrier|spa|1
|
|-heal|p1a: Spectrier|31/100|[from] item: Leftovers
|-heal|p1a: Spectrier|37/100|[from] Grassy Terrain
|upkeep
|turn|10
|
|t:|1608422003
|move|p1a: Spectrier|Hex|p2a: Latias
|-supereffective|p2a: Latias
|-damage|p2a: Latias|0 fnt
|faint|p2a: Latias
|-ability|p1a: Spectrier|Grim Neigh|boost
|-boost|p1a: Spectrier|spa|1
|
|-heal|p1a: Spectrier|43/100|[from] item: Leftovers
|-heal|p1a: Spectrier|49/100|[from] Grassy Terrain
|-fieldend|move: Grassy Terrain
|upkeep
|
|t:|1608422007
|switch|p2a: Mamoswine|Mamoswine, M|100/100
|turn|11
|
|t:|1608422016
|switch|p1a: Slowbro|Slowbro, F|100/100
|-damage|p1a: Slowbro|88/100|[from] Stealth Rock
|move|p2a: Mamoswine|Freeze-Dry|p1a: Slowbro
|-supereffective|p1a: Slowbro
|-damage|p1a: Slowbro|44/100
|
|upkeep
|turn|12
|
|t:|1608422024
|move|p2a: Mamoswine|Freeze-Dry|p1a: Slowbro
|-supereffective|p1a: Slowbro
|-damage|p1a: Slowbro|4/100
|move|p1a: Slowbro|Slack Off|p1a: Slowbro
|-heal|p1a: Slowbro|54/100
|
|upkeep
|turn|13
|
|t:|1608422030
|move|p2a: Mamoswine|Freeze-Dry|p1a: Slowbro
|-supereffective|p1a: Slowbro
|-damage|p1a: Slowbro|12/100
|move|p1a: Slowbro|Slack Off|p1a: Slowbro
|-heal|p1a: Slowbro|62/100
|
|upkeep
|turn|14
|
|t:|1608422035
|switch|p1a: Landorus|Landorus-Therian, M|32/100
|-damage|p1a: Landorus|20/100|[from] Stealth Rock
|-ability|p1a: Landorus|Intimidate|boost
|-unboost|p2a: Mamoswine|atk|1
|move|p2a: Mamoswine|Freeze-Dry|p1a: Landorus
|-supereffective|p1a: Landorus
|-damage|p1a: Landorus|0 fnt
|faint|p1a: Landorus
|
|upkeep
|
|t:|1608422043
|switch|p1a: Slowbro|Slowbro, F|95/100
|-damage|p1a: Slowbro|82/100|[from] Stealth Rock
|turn|15
|
|t:|1608422049
|switch|p2a: Kyurem|Kyurem|100/100
|-ability|p2a: Kyurem|Pressure
|move|p1a: Slowbro|Scald|p2a: Kyurem
|-resisted|p2a: Kyurem
|-damage|p2a: Kyurem|88/100
|
|-heal|p2a: Kyurem|94/100|[from] item: Leftovers
|upkeep
|turn|16
|
|t:|1608422052
|move|p2a: Kyurem|Substitute|p2a: Kyurem
|-start|p2a: Kyurem|Substitute
|-damage|p2a: Kyurem|69/100
|move|p1a: Slowbro|Future Sight|p2a: Kyurem
|-start|p1a: Slowbro|move: Future Sight
|
|-heal|p2a: Kyurem|75/100|[from] item: Leftovers
|upkeep
|turn|17
|
|t:|1608422068
|move|p2a: Kyurem|Dragon Dance|p2a: Kyurem
|-boost|p2a: Kyurem|atk|1
|-boost|p2a: Kyurem|spe|1
|move|p1a: Slowbro|Scald|p2a: Kyurem
|-resisted|p2a: Kyurem
|-activate|p2a: Kyurem|move: Substitute|[damage]
|
|-heal|p2a: Kyurem|81/100|[from] item: Leftovers
|upkeep
|turn|18
|
|t:|1608422072
|move|p2a: Kyurem|Dragon Dance|p2a: Kyurem
|-boost|p2a: Kyurem|atk|1
|-boost|p2a: Kyurem|spe|1
|move|p1a: Slowbro|Scald|p2a: Kyurem
|-resisted|p2a: Kyurem
|-end|p2a: Kyurem|Substitute
|
|-end|p2a: Kyurem|move: Future Sight
|-damage|p2a: Kyurem|43/100
|-heal|p2a: Kyurem|50/100|[from] item: Leftovers
|upkeep
|turn|19
|
|t:|1608422078
|move|p2a: Kyurem|Freeze-Dry|p1a: Slowbro
|-supereffective|p1a: Slowbro
|-damage|p1a: Slowbro|20/100
|move|p1a: Slowbro|Future Sight|p2a: Kyurem
|-start|p1a: Slowbro|move: Future Sight
|
|-heal|p2a: Kyurem|56/100|[from] item: Leftovers
|upkeep
|turn|20
|
|t:|1608422084
|move|p2a: Kyurem|Freeze-Dry|p1a: Slowbro
|-supereffective|p1a: Slowbro
|-damage|p1a: Slowbro|0 fnt
|faint|p1a: Slowbro
|
|-heal|p2a: Kyurem|62/100|[from] item: Leftovers
|upkeep
|
|t:|1608422088
|switch|p1a: Spectrier|Spectrier|49/100
|-damage|p1a: Spectrier|37/100|[from] Stealth Rock
|turn|21
|
|t:|1608422092
|move|p2a: Kyurem|Icicle Spear|p1a: Spectrier
|-damage|p1a: Spectrier|3/100
|-damage|p1a: Spectrier|0 fnt
|-hitcount|p1a: Spectrier|2
|faint|p1a: Spectrier
|
|win|Corumba
|l|☆daveybaby69
