|j|☆Cowsrule247
|j|☆mattfab34
|player|p1|Cowsrule247|192|1215
|player|p2|mattfab34|176|1190
|teamsize|p1|6
|teamsize|p2|6
|gametype|singles
|gen|8
|tier|[Gen 8] OU
|rated|
|clearpoke
|poke|p1|Dugtrio, M|
|poke|p1|Corviknight, F|
|poke|p1|Ferrothorn, F|
|poke|p1|Hippowdon, F|
|poke|p1|Toxapex, M|
|poke|p1|Ditto|
|poke|p2|Kyurem|
|poke|p2|Ninetales-Alola, F|
|poke|p2|Seismitoad, M|
|poke|p2|Excadrill, M|
|poke|p2|Hydreigon, M|
|poke|p2|Chandelure, M|
|rule|Sleep Clause Mod: Limit one foe put to sleep
|rule|Species Clause: Limit one of each Pokémon
|rule|OHKO Clause: OHKO moves are banned
|rule|Evasion Moves Clause: Evasion moves are banned
|rule|Endless Battle Clause: Forcing endless battles is banned
|rule|HP Percentage Mod: HP is shown in percentages
|rule|Dynamax Clause: You cannot dynamax
|teampreview
|inactive|Battle timer is ON: inactive players will automatically lose when time's up. (requested by Cowsrule247)
|
|start
|switch|p1a: Ferrothorn|Ferrothorn, F|100/100
|switch|p2a: Big Eats|Hydreigon, M, shiny|100/100
|turn|1
|
|switch|p1a: Ditto|Ditto|100/100
|-transform|p1a: Ditto|p2a: Big Eats|[from] ability: Imposter
|move|p2a: Big Eats|Flamethrower|p1a: Ditto
|-resisted|p1a: Ditto
|-damage|p1a: Ditto|81/100
|
|upkeep
|turn|2
|
|switch|p2a: Doge|Ninetales-Alola, F|100/100
|-weather|Hail|[from] ability: Snow Warning|[of] p2a: Doge
|move|p1a: Ditto|U-turn|p2a: Doge
|-resisted|p2a: Doge
|-damage|p2a: Doge|88/100
|
|switch|p1a: Hippowdon|Hippowdon, F|100/100|[from]move: U-turn
|-weather|Sandstorm|[from] ability: Sand Stream|[of] p1a: Hippowdon
|
|-weather|Sandstorm|[upkeep]
|-damage|p2a: Doge|82/100|[from] Sandstorm
|upkeep
|turn|3
|
|switch|p2a: Beats|Seismitoad, M|100/100
|move|p1a: Hippowdon|Stealth Rock|p2a: Beats
|-sidestart|p2: mattfab34|move: Stealth Rock
|
|-weather|Sandstorm|[upkeep]
|upkeep
|turn|4
|
|switch|p1a: Ferrothorn|Ferrothorn, F|100/100
|move|p2a: Beats|Stealth Rock|p1a: Ferrothorn
|-sidestart|p1: Cowsrule247|move: Stealth Rock
|
|-weather|Sandstorm|[upkeep]
|upkeep
|turn|5
|
|switch|p2a: Big Eats|Hydreigon, M, shiny|100/100
|-damage|p2a: Big Eats|88/100|[from] Stealth Rock
|move|p1a: Ferrothorn|Leech Seed|p2a: Big Eats
|-start|p2a: Big Eats|move: Leech Seed
|
|-weather|Sandstorm|[upkeep]
|-damage|p2a: Big Eats|82/100|[from] Sandstorm
|-damage|p2a: Big Eats|70/100|[from] Leech Seed|[of] p1a: Ferrothorn
|upkeep
|turn|6
|
|switch|p1a: Toxapex|Toxapex, M|100/100
|-damage|p1a: Toxapex|88/100|[from] Stealth Rock
|move|p2a: Big Eats|U-turn|p1a: Toxapex
|-resisted|p1a: Toxapex
|-damage|p1a: Toxapex|84/100
|
|switch|p2a: Spin to Win|Excadrill, M|100/100|[from]move: U-turn
|-damage|p2a: Spin to Win|97/100|[from] Stealth Rock
|-ability|p2a: Spin to Win|Mold Breaker
|
|-weather|none
|-heal|p1a: Toxapex|90/100|[from] item: Black Sludge
|upkeep
|turn|7
|
|switch|p1a: Corviknight|Corviknight, F|100/100
|-damage|p1a: Corviknight|88/100|[from] Stealth Rock
|-ability|p1a: Corviknight|Pressure
|move|p2a: Spin to Win|Earthquake|p1a: Corviknight
|-immune|p1a: Corviknight
|
|-heal|p1a: Corviknight|94/100|[from] item: Leftovers
|upkeep
|turn|8
|
|move|p2a: Spin to Win|Rapid Spin|p1a: Corviknight
|-resisted|p1a: Corviknight
|-damage|p1a: Corviknight|88/100
|-boost|p2a: Spin to Win|spe|1
|-sideend|p2: mattfab34|Stealth Rock|[from] move: Rapid Spin|[of] p2a: Spin to Win
|move|p1a: Corviknight|U-turn|p2a: Spin to Win
|-resisted|p2a: Spin to Win
|-damage|p2a: Spin to Win|87/100
|
|switch|p1a: Ferrothorn|Ferrothorn, F|100/100|[from]move: U-turn
|-damage|p1a: Ferrothorn|94/100|[from] Stealth Rock
|
|-heal|p1a: Ferrothorn|100/100|[from] item: Leftovers
|upkeep
|turn|9
|
|move|p2a: Spin to Win|Earthquake|p1a: Ferrothorn
|-damage|p1a: Ferrothorn|58/100
|move|p1a: Ferrothorn|Leech Seed|p2a: Spin to Win
|-start|p2a: Spin to Win|move: Leech Seed
|
|-heal|p1a: Ferrothorn|64/100|[from] item: Leftovers
|-damage|p2a: Spin to Win|74/100|[from] Leech Seed|[of] p1a: Ferrothorn
|-heal|p1a: Ferrothorn|77/100|[silent]
|upkeep
|turn|10
|
|switch|p2a: Doge|Ninetales-Alola, F|82/100
|-weather|Hail|[from] ability: Snow Warning|[of] p2a: Doge
|switch|p1a: Corviknight|Corviknight, F|88/100
|-damage|p1a: Corviknight|76/100|[from] Stealth Rock
|-ability|p1a: Corviknight|Pressure
|
|-weather|Hail|[upkeep]
|-damage|p1a: Corviknight|69/100|[from] Hail
|-heal|p1a: Corviknight|76/100|[from] item: Leftovers
|upkeep
|turn|11
|
|switch|p2a: Terry|Kyurem|100/100
|-ability|p2a: Terry|Pressure
|move|p1a: Corviknight|Defog|p2a: Terry
|-unboost|p2a: Terry|evasion|1
|-sideend|p1: Cowsrule247|Stealth Rock|[from] move: Defog|[of] p1a: Corviknight
|
|-weather|Hail|[upkeep]
|-damage|p1a: Corviknight|69/100|[from] Hail
|-heal|p1a: Corviknight|76/100|[from] item: Leftovers
|upkeep
|turn|12
|
|switch|p1a: Hippowdon|Hippowdon, F|100/100
|-weather|Sandstorm|[from] ability: Sand Stream|[of] p1a: Hippowdon
|move|p2a: Terry|Dragon Dance|p2a: Terry
|-boost|p2a: Terry|atk|1
|-boost|p2a: Terry|spe|1
|
|-weather|Sandstorm|[upkeep]
|-damage|p2a: Terry|94/100|[from] Sandstorm
|-heal|p2a: Terry|100/100|[from] item: Leftovers
|upkeep
|turn|13
|
|move|p2a: Terry|Dragon Dance|p2a: Terry
|-boost|p2a: Terry|atk|1
|-boost|p2a: Terry|spe|1
|move|p1a: Hippowdon|Whirlwind|p2a: Terry
|drag|p2a: Spin to Win|Excadrill, M|74/100
|-ability|p2a: Spin to Win|Mold Breaker
|
|-weather|Sandstorm|[upkeep]
|upkeep
|turn|14
|
|move|p2a: Spin to Win|Earthquake|p1a: Hippowdon
|-damage|p1a: Hippowdon|69/100
|move|p1a: Hippowdon|Stealth Rock|p2a: Spin to Win
|-sidestart|p2: mattfab34|move: Stealth Rock
|
|-weather|Sandstorm|[upkeep]
|-heal|p1a: Hippowdon|75/100|[from] item: Leftovers
|upkeep
|turn|15
|
|move|p2a: Spin to Win|Rapid Spin|p1a: Hippowdon
|-damage|p1a: Hippowdon|64/100
|-boost|p2a: Spin to Win|spe|1
|-sideend|p2: mattfab34|Stealth Rock|[from] move: Rapid Spin|[of] p2a: Spin to Win
|move|p1a: Hippowdon|Whirlwind|p2a: Spin to Win
|drag|p2a: Beats|Seismitoad, M|100/100
|
|-weather|Sandstorm|[upkeep]
|-heal|p1a: Hippowdon|70/100|[from] item: Leftovers
|upkeep
|turn|16
|
|switch|p2a: Sp00p|Chandelure, M|100/100
|switch|p1a: Ferrothorn|Ferrothorn, F|77/100
|
|-weather|none
|-heal|p1a: Ferrothorn|83/100|[from] item: Leftovers
|upkeep
|turn|17
|
|switch|p1a: Ditto|Ditto|81/100
|-transform|p1a: Ditto|p2a: Sp00p|[from] ability: Imposter
|move|p2a: Sp00p|Shadow Ball|p1a: Ditto
|-supereffective|p1a: Ditto
|-damage|p1a: Ditto|0 fnt
|faint|p1a: Ditto
|
|upkeep
|
|switch|p1a: Hippowdon|Hippowdon, F|70/100
|-weather|Sandstorm|[from] ability: Sand Stream|[of] p1a: Hippowdon
|turn|18
|
|switch|p2a: Beats|Seismitoad, M|100/100
|move|p1a: Hippowdon|Stealth Rock|p2a: Beats
|-sidestart|p2: mattfab34|move: Stealth Rock
|
|-weather|Sandstorm|[upkeep]
|-heal|p1a: Hippowdon|76/100|[from] item: Leftovers
|upkeep
|turn|19
|
|switch|p1a: Ferrothorn|Ferrothorn, F|83/100
|move|p2a: Beats|Liquidation|p1a: Ferrothorn
|-resisted|p1a: Ferrothorn
|-crit|p1a: Ferrothorn
|-damage|p1a: Ferrothorn|59/100
|-unboost|p1a: Ferrothorn|def|1
|-damage|p2a: Beats|88/100|[from] ability: Iron Barbs|[of] p1a: Ferrothorn
|
|-weather|Sandstorm|[upkeep]
|-heal|p2a: Beats|94/100|[from] item: Leftovers
|-heal|p1a: Ferrothorn|65/100|[from] item: Leftovers
|upkeep
|turn|20
|
|move|p2a: Beats|Stealth Rock|p1a: Ferrothorn
|-sidestart|p1: Cowsrule247|move: Stealth Rock
|move|p1a: Ferrothorn|Leech Seed|p2a: Beats
|-start|p2a: Beats|move: Leech Seed
|
|-weather|Sandstorm|[upkeep]
|-heal|p2a: Beats|99/100|[from] item: Leftovers
|-heal|p1a: Ferrothorn|72/100|[from] item: Leftovers
|-damage|p2a: Beats|88/100|[from] Leech Seed|[of] p1a: Ferrothorn
|-heal|p1a: Ferrothorn|86/100|[silent]
|upkeep
|turn|21
|
|switch|p2a: Spin to Win|Excadrill, M|74/100
|-damage|p2a: Spin to Win|71/100|[from] Stealth Rock
|-ability|p2a: Spin to Win|Mold Breaker
|move|p1a: Ferrothorn|Leech Seed|p2a: Spin to Win
|-start|p2a: Spin to Win|move: Leech Seed
|
|-weather|Sandstorm|[upkeep]
|-heal|p1a: Ferrothorn|92/100|[from] item: Leftovers
|-damage|p2a: Spin to Win|59/100|[from] Leech Seed|[of] p1a: Ferrothorn
|-heal|p1a: Ferrothorn|100/100|[silent]
|upkeep
|turn|22
|
|move|p2a: Spin to Win|Rapid Spin|p1a: Ferrothorn
|-resisted|p1a: Ferrothorn
|-damage|p1a: Ferrothorn|90/100
|-boost|p2a: Spin to Win|spe|1
|-damage|p2a: Spin to Win|46/100|[from] ability: Iron Barbs|[of] p1a: Ferrothorn
|-end|p2a: Spin to Win|Leech Seed|[from] move: Rapid Spin|[of] p2a: Spin to Win
|-sideend|p2: mattfab34|Stealth Rock|[from] move: Rapid Spin|[of] p2a: Spin to Win
|move|p1a: Ferrothorn|Spikes|p2a: Spin to Win
|-sidestart|p2: mattfab34|Spikes
|
|-weather|none
|-heal|p1a: Ferrothorn|97/100|[from] item: Leftovers
|upkeep
|turn|23
|
|move|p2a: Spin to Win|Earthquake|p1a: Ferrothorn
|-damage|p1a: Ferrothorn|31/100
|move|p1a: Ferrothorn|Leech Seed|p2a: Spin to Win
|-start|p2a: Spin to Win|move: Leech Seed
|
|-heal|p1a: Ferrothorn|37/100|[from] item: Leftovers
|-damage|p2a: Spin to Win|34/100|[from] Leech Seed|[of] p1a: Ferrothorn
|-heal|p1a: Ferrothorn|50/100|[silent]
|upkeep
|turn|24
|
|switch|p1a: Corviknight|Corviknight, F|76/100
|-damage|p1a: Corviknight|63/100|[from] Stealth Rock
|-ability|p1a: Corviknight|Pressure
|move|p2a: Spin to Win|Rapid Spin|p1a: Corviknight
|-resisted|p1a: Corviknight
|-damage|p1a: Corviknight|57/100
|-boost|p2a: Spin to Win|spe|1
|-end|p2a: Spin to Win|Leech Seed|[from] move: Rapid Spin|[of] p2a: Spin to Win
|-sideend|p2: mattfab34|Spikes|[from] move: Rapid Spin|[of] p2a: Spin to Win
|
|-heal|p1a: Corviknight|63/100|[from] item: Leftovers
|upkeep
|turn|25
|
|switch|p2a: Terry|Kyurem|100/100
|-ability|p2a: Terry|Pressure
|move|p1a: Corviknight|Defog|p2a: Terry
|-unboost|p2a: Terry|evasion|1
|-sideend|p1: Cowsrule247|Stealth Rock|[from] move: Defog|[of] p1a: Corviknight
|
|-heal|p1a: Corviknight|70/100|[from] item: Leftovers
|upkeep
|turn|26
|
|move|p2a: Terry|Dragon Dance|p2a: Terry
|-boost|p2a: Terry|atk|1
|-boost|p2a: Terry|spe|1
|move|p1a: Corviknight|Roost|p1a: Corviknight
|-heal|p1a: Corviknight|100/100
|-singleturn|p1a: Corviknight|move: Roost
|
|upkeep
|turn|27
|
|move|p2a: Terry|Dragon Dance|p2a: Terry
|-boost|p2a: Terry|atk|1
|-boost|p2a: Terry|spe|1
|move|p1a: Corviknight|U-turn|p2a: Terry
|-damage|p2a: Terry|86/100
|
|switch|p1a: Toxapex|Toxapex, M|100/100|[from]move: U-turn
|
|-heal|p2a: Terry|93/100|[from] item: Leftovers
|upkeep
|turn|28
|
|move|p1a: Toxapex|Baneful Bunker|p1a: Toxapex
|-singleturn|p1a: Toxapex|move: Protect
|move|p2a: Terry|Dragon Claw|p1a: Toxapex
|-activate|p1a: Toxapex|move: Protect
|-status|p2a: Terry|psn
|
|-heal|p2a: Terry|99/100 psn|[from] item: Leftovers
|-damage|p2a: Terry|86/100 psn|[from] psn
|upkeep
|turn|29
|
|move|p2a: Terry|Dragon Claw|p1a: Toxapex
|-damage|p1a: Toxapex|48/100
|move|p1a: Toxapex|Recover|p1a: Toxapex
|-heal|p1a: Toxapex|98/100
|
|-heal|p2a: Terry|93/100 psn|[from] item: Leftovers
|-heal|p1a: Toxapex|100/100|[from] item: Black Sludge
|-damage|p2a: Terry|80/100 psn|[from] psn
|upkeep
|turn|30
|
|switch|p2a: Beats|Seismitoad, M|88/100
|switch|p1a: Hippowdon|Hippowdon, F|76/100
|-weather|Sandstorm|[from] ability: Sand Stream|[of] p1a: Hippowdon
|
|-weather|Sandstorm|[upkeep]
|-heal|p2a: Beats|94/100|[from] item: Leftovers
|-heal|p1a: Hippowdon|83/100|[from] item: Leftovers
|upkeep
|turn|31
|
|switch|p2a: Big Eats|Hydreigon, M, shiny|70/100
|switch|p1a: Ferrothorn|Ferrothorn, F|50/100
|
|-weather|Sandstorm|[upkeep]
|-damage|p2a: Big Eats|64/100|[from] Sandstorm
|-heal|p1a: Ferrothorn|56/100|[from] item: Leftovers
|upkeep
|turn|32
|
|switch|p1a: Toxapex|Toxapex, M|100/100
|move|p2a: Big Eats|Dark Pulse|p1a: Toxapex
|-damage|p1a: Toxapex|65/100
|
|-weather|Sandstorm|[upkeep]
|-damage|p2a: Big Eats|57/100|[from] Sandstorm
|-damage|p1a: Toxapex|59/100|[from] Sandstorm
|-heal|p1a: Toxapex|65/100|[from] item: Black Sludge
|upkeep
|turn|33
|
|move|p2a: Big Eats|Dark Pulse|p1a: Toxapex
|-damage|p1a: Toxapex|32/100
|cant|p1a: Toxapex|flinch
|
|-weather|Sandstorm|[upkeep]
|-damage|p2a: Big Eats|51/100|[from] Sandstorm
|-damage|p1a: Toxapex|26/100|[from] Sandstorm
|-heal|p1a: Toxapex|32/100|[from] item: Black Sludge
|upkeep
|turn|34
|
|switch|p1a: Corviknight|Corviknight, F|100/100
|-ability|p1a: Corviknight|Pressure
|move|p2a: Big Eats|Dark Pulse|p1a: Corviknight
|-damage|p1a: Corviknight|65/100
|
|-weather|none
|-heal|p1a: Corviknight|71/100|[from] item: Leftovers
|upkeep
|turn|35
|
|move|p2a: Big Eats|Dark Pulse|p1a: Corviknight
|-damage|p1a: Corviknight|40/100
|move|p1a: Corviknight|U-turn|p2a: Big Eats
|-supereffective|p2a: Big Eats
|-damage|p2a: Big Eats|18/100
|
|switch|p1a: Hippowdon|Hippowdon, F|83/100|[from]move: U-turn
|-weather|Sandstorm|[from] ability: Sand Stream|[of] p1a: Hippowdon
|
|-weather|Sandstorm|[upkeep]
|-damage|p2a: Big Eats|12/100|[from] Sandstorm
|-heal|p1a: Hippowdon|89/100|[from] item: Leftovers
|upkeep
|turn|36
|
|switch|p1a: Toxapex|Toxapex, M|65/100
|move|p2a: Big Eats|Dark Pulse|p1a: Toxapex
|-damage|p1a: Toxapex|33/100
|
|-weather|Sandstorm|[upkeep]
|-damage|p2a: Big Eats|6/100|[from] Sandstorm
|-damage|p1a: Toxapex|26/100|[from] Sandstorm
|-heal|p1a: Toxapex|33/100|[from] item: Black Sludge
|upkeep
|turn|37
|
|move|p2a: Big Eats|Dark Pulse|p1a: Toxapex
|-damage|p1a: Toxapex|0 fnt
|faint|p1a: Toxapex
|
|-weather|Sandstorm|[upkeep]
|-damage|p2a: Big Eats|0 fnt|[from] Sandstorm
|faint|p2a: Big Eats
|upkeep
|
|switch|p2a: Doge|Ninetales-Alola, F|82/100
|switch|p1a: Corviknight|Corviknight, F|40/100
|-weather|Hail|[from] ability: Snow Warning|[of] p2a: Doge
|-ability|p1a: Corviknight|Pressure
|turn|38
|
|move|p2a: Doge|Blizzard|p1a: Corviknight
|-damage|p1a: Corviknight|7/100
|move|p1a: Corviknight|Roost|p1a: Corviknight
|-heal|p1a: Corviknight|57/100
|-singleturn|p1a: Corviknight|move: Roost
|
|-weather|Hail|[upkeep]
|-damage|p1a: Corviknight|50/100|[from] Hail
|-heal|p1a: Corviknight|57/100|[from] item: Leftovers
|upkeep
|turn|39
|
|switch|p1a: Hippowdon|Hippowdon, F|89/100
|-weather|Sandstorm|[from] ability: Sand Stream|[of] p1a: Hippowdon
|move|p2a: Doge|Aurora Veil||[still]
|-fail|p2a: Doge
|
|-weather|Sandstorm|[upkeep]
|-damage|p2a: Doge|76/100|[from] Sandstorm
|-heal|p1a: Hippowdon|95/100|[from] item: Leftovers
|upkeep
|turn|40
|
|switch|p2a: Beats|Seismitoad, M|94/100
|switch|p1a: Corviknight|Corviknight, F|57/100
|-ability|p1a: Corviknight|Pressure
|
|-weather|Sandstorm|[upkeep]
|-heal|p2a: Beats|99/100|[from] item: Leftovers
|-heal|p1a: Corviknight|63/100|[from] item: Leftovers
|upkeep
|turn|41
|
|move|p2a: Beats|Liquidation|p1a: Corviknight
|-damage|p1a: Corviknight|37/100
|move|p1a: Corviknight|Roost|p1a: Corviknight
|-heal|p1a: Corviknight|87/100
|-singleturn|p1a: Corviknight|move: Roost
|
|-weather|Sandstorm|[upkeep]
|-heal|p2a: Beats|100/100|[from] item: Leftovers
|-heal|p1a: Corviknight|93/100|[from] item: Leftovers
|upkeep
|turn|42
|
|move|p2a: Beats|Liquidation|p1a: Corviknight
|-damage|p1a: Corviknight|66/100
|move|p1a: Corviknight|U-turn|p2a: Beats
|-damage|p2a: Beats|85/100
|
|switch|p1a: Ferrothorn|Ferrothorn, F|56/100|[from]move: U-turn
|
|-weather|Sandstorm|[upkeep]
|-heal|p2a: Beats|91/100|[from] item: Leftovers
|-heal|p1a: Ferrothorn|62/100|[from] item: Leftovers
|upkeep
|turn|43
|
|move|p2a: Beats|Earthquake|p1a: Ferrothorn
|-damage|p1a: Ferrothorn|27/100
|move|p1a: Ferrothorn|Leech Seed|p2a: Beats
|-start|p2a: Beats|move: Leech Seed
|
|-weather|none
|-heal|p2a: Beats|97/100|[from] item: Leftovers
|-heal|p1a: Ferrothorn|33/100|[from] item: Leftovers
|-damage|p2a: Beats|85/100|[from] Leech Seed|[of] p1a: Ferrothorn
|-heal|p1a: Ferrothorn|48/100|[silent]
|upkeep
|turn|44
|
|switch|p2a: Sp00p|Chandelure, M|100/100
|move|p1a: Ferrothorn|Leech Seed|p2a: Sp00p
|-start|p2a: Sp00p|move: Leech Seed
|
|-heal|p1a: Ferrothorn|54/100|[from] item: Leftovers
|-damage|p2a: Sp00p|88/100|[from] Leech Seed|[of] p1a: Ferrothorn
|-heal|p1a: Ferrothorn|63/100|[silent]
|upkeep
|turn|45
|
|switch|p1a: Hippowdon|Hippowdon, F|95/100
|-weather|Sandstorm|[from] ability: Sand Stream|[of] p1a: Hippowdon
|move|p2a: Sp00p|Energy Ball|p1a: Hippowdon
|-supereffective|p1a: Hippowdon
|-damage|p1a: Hippowdon|35/100
|
|-weather|Sandstorm|[upkeep]
|-damage|p2a: Sp00p|82/100|[from] Sandstorm
|-heal|p1a: Hippowdon|41/100|[from] item: Leftovers
|-damage|p2a: Sp00p|70/100|[from] Leech Seed|[of] p1a: Hippowdon
|-heal|p1a: Hippowdon|48/100|[silent]
|upkeep
|turn|46
|
|switch|p2a: Doge|Ninetales-Alola, F|76/100
|-weather|Hail|[from] ability: Snow Warning|[of] p2a: Doge
|move|p1a: Hippowdon|Slack Off|p1a: Hippowdon
|-heal|p1a: Hippowdon|98/100
|
|-weather|Hail|[upkeep]
|-damage|p1a: Hippowdon|92/100|[from] Hail
|-heal|p1a: Hippowdon|98/100|[from] item: Leftovers
|upkeep
|turn|47
|
|switch|p1a: Corviknight|Corviknight, F|66/100
|-ability|p1a: Corviknight|Pressure
|move|p2a: Doge|Aurora Veil|p2a: Doge
|-sidestart|p2: mattfab34|move: Aurora Veil
|
|-weather|Hail|[upkeep]
|-damage|p1a: Corviknight|59/100|[from] Hail
|-heal|p1a: Corviknight|66/100|[from] item: Leftovers
|upkeep
|turn|48
|
|move|p2a: Doge|Blizzard|p1a: Corviknight
|-damage|p1a: Corviknight|29/100
|move|p1a: Corviknight|U-turn|p2a: Doge
|-resisted|p2a: Doge
|-damage|p2a: Doge|71/100
|
|switch|p1a: Hippowdon|Hippowdon, F|98/100|[from]move: U-turn
|-weather|Sandstorm|[from] ability: Sand Stream|[of] p1a: Hippowdon
|
|-weather|Sandstorm|[upkeep]
|-damage|p2a: Doge|65/100|[from] Sandstorm
|-heal|p1a: Hippowdon|100/100|[from] item: Leftovers
|upkeep
|turn|49
|
|move|p2a: Doge|Blizzard|p1a: Hippowdon
|-supereffective|p1a: Hippowdon
|-damage|p1a: Hippowdon|31/100
|move|p1a: Hippowdon|Stealth Rock|p2a: Doge
|-sidestart|p2: mattfab34|move: Stealth Rock
|
|-weather|Sandstorm|[upkeep]
|-damage|p2a: Doge|59/100|[from] Sandstorm
|-heal|p1a: Hippowdon|38/100|[from] item: Leftovers
|upkeep
|turn|50
|
|move|p2a: Doge|Freeze-Dry|p1a: Hippowdon
|-supereffective|p1a: Hippowdon
|-damage|p1a: Hippowdon|0 fnt
|faint|p1a: Hippowdon
|
|-weather|Sandstorm|[upkeep]
|-damage|p2a: Doge|53/100|[from] Sandstorm
|upkeep
|
|switch|p1a: Corviknight|Corviknight, F|29/100
|-ability|p1a: Corviknight|Pressure
|turn|51
|
|move|p2a: Doge|Blizzard|p1a: Corviknight
|-damage|p1a: Corviknight|0 fnt
|faint|p1a: Corviknight
|
|-weather|Sandstorm|[upkeep]
|-damage|p2a: Doge|48/100|[from] Sandstorm
|upkeep
|inactive|Cowsrule247 has 120 seconds left.
|inactive|Cowsrule247 has 90 seconds left.
|
|switch|p1a: Dugtrio|Dugtrio, M|100/100
|turn|52
|
|move|p1a: Dugtrio|Stone Edge|p2a: Doge
|-supereffective|p2a: Doge
|-damage|p2a: Doge|0 fnt
|faint|p2a: Doge
|
|-weather|none
|upkeep
|
|switch|p2a: Beats|Seismitoad, M|85/100
|-damage|p2a: Beats|79/100|[from] Stealth Rock
|turn|53
|
|switch|p1a: Ferrothorn|Ferrothorn, F|63/100
|move|p2a: Beats|Earthquake|p1a: Ferrothorn
|-damage|p1a: Ferrothorn|30/100
|
|-heal|p2a: Beats|85/100|[from] item: Leftovers
|-heal|p1a: Ferrothorn|36/100|[from] item: Leftovers
|upkeep
|turn|54
|
|move|p2a: Beats|Earthquake|p1a: Ferrothorn
|-damage|p1a: Ferrothorn|0 fnt
|faint|p1a: Ferrothorn
|
|-heal|p2a: Beats|91/100|[from] item: Leftovers
|-sideend|p2: mattfab34|move: Aurora Veil
|upkeep
|
|switch|p1a: Dugtrio|Dugtrio, M|100/100
|turn|55
|c|☆mattfab34|gg
|c|☆mattfab34|U played REALLY well
|
|move|p1a: Dugtrio|Earthquake|p2a: Beats
|-damage|p2a: Beats|25/100
|move|p2a: Beats|Liquidation|p1a: Dugtrio
|-supereffective|p1a: Dugtrio
|-damage|p1a: Dugtrio|0 fnt
|faint|p1a: Dugtrio
|
|win|mattfab34
|l|☆Cowsrule247
||Ladder (probably) updated, but score could not be retrieved (Response not received).
