|j|☆chansey and lulu
|j|☆Windsom
|t:|1663261306
|gametype|singles
|player|p1|chansey and lulu|hooligans|1518
|player|p2|Windsom|cyrus-masters|1560
|teamsize|p1|6
|teamsize|p2|6
|gen|8
|tier|[Gen 8] OU
|rated|
|rule|Sleep Clause Mod: Limit one foe put to sleep
|rule|Species Clause: Limit one of each Pokémon
|rule|OHKO Clause: OHKO moves are banned
|rule|Evasion Items Clause: Evasion items are banned
|rule|Evasion Moves Clause: Evasion moves are banned
|rule|Endless Battle Clause: Forcing endless battles is banned
|rule|HP Percentage Mod: HP is shown in percentages
|rule|Dynamax Clause: You cannot dynamax
|clearpoke
|poke|p1|Zapdos|
|poke|p1|Clefable, M|
|poke|p1|Toxapex, F|
|poke|p1|Skarmory, M|
|poke|p1|Quagsire, M|
|poke|p1|Cresselia, F|
|poke|p2|Ninetales-Alola, F|
|poke|p2|Latios, M|
|poke|p2|Mew|
|poke|p2|Dragapult, M|
|poke|p2|Moltres-Galar|
|poke|p2|Celesteela|
|teampreview
|
|t:|1663261334
|start
|switch|p1a: Toxapex|Toxapex, F|100/100
|switch|p2a: Ninetales|Ninetales-Alola, F|100/100
|-weather|Hail|[from] ability: Snow Warning|[of] p2a: Ninetales
|turn|1
|inactive|Battle timer is ON: inactive players will automatically lose when time's up. (requested by Windsom)
|
|t:|1663261341
|move|p2a: Ninetales|Aurora Veil|p2a: Ninetales
|-sidestart|p2: Windsom|move: Aurora Veil
|move|p1a: Toxapex|Knock Off|p2a: Ninetales
|-resisted|p2a: Ninetales
|-damage|p2a: Ninetales|95/100
|-enditem|p2a: Ninetales|Light Clay|[from] move: Knock Off|[of] p1a: Toxapex
|
|-weather|Hail|[upkeep]
|-damage|p1a: Toxapex|95/100|[from] Hail
|upkeep
|turn|2
|
|t:|1663261349
|move|p2a: Ninetales|Encore|p1a: Toxapex
|-start|p1a: Toxapex|Encore
|move|p1a: Toxapex|Knock Off|p2a: Ninetales
|-resisted|p2a: Ninetales
|-damage|p2a: Ninetales|91/100
|
|-weather|Hail|[upkeep]
|-damage|p1a: Toxapex|89/100|[from] Hail
|upkeep
|turn|3
|
|t:|1663261357
|switch|p2a: Latios|Latios, M|100/100
|move|p1a: Toxapex|Knock Off|p2a: Latios
|-supereffective|p2a: Latios
|-damage|p2a: Latios|79/100
|-enditem|p2a: Latios|Weakness Policy
|-boost|p2a: Latios|atk|2|[from] item: Weakness Policy
|-boost|p2a: Latios|spa|2|[from] item: Weakness Policy
|
|-weather|Hail|[upkeep]
|-damage|p2a: Latios|73/100|[from] Hail
|-damage|p1a: Toxapex|83/100|[from] Hail
|upkeep
|turn|4
|
|t:|1663261367
|switch|p1a: Quagsire|Quagsire, M|100/100
|move|p2a: Latios|Calm Mind|p2a: Latios
|-boost|p2a: Latios|spa|1
|-boost|p2a: Latios|spd|1
|
|-weather|Hail|[upkeep]
|-damage|p2a: Latios|67/100|[from] Hail
|-damage|p1a: Quagsire|94/100|[from] Hail
|-heal|p1a: Quagsire|100/100|[from] item: Leftovers
|upkeep
|turn|5
|
|t:|1663261376
|move|p2a: Latios|Stored Power|p1a: Quagsire
|-damage|p1a: Quagsire|0 fnt
|faint|p1a: Quagsire
|
|-weather|none
|upkeep
|
|t:|1663261381
|switch|p1a: Cresselia|Cresselia, F|100/100
|turn|6
|
|t:|1663261391
|move|p2a: Latios|Calm Mind|p2a: Latios
|-boost|p2a: Latios|spa|1
|-boost|p2a: Latios|spd|1
|move|p1a: Cresselia|Toxic|p2a: Latios
|-status|p2a: Latios|tox
|
|-damage|p2a: Latios|61/100 tox|[from] psn
|upkeep
|turn|7
|
|t:|1663261401
|move|p2a: Latios|Stored Power|p1a: Cresselia
|-resisted|p1a: Cresselia
|-damage|p1a: Cresselia|31/100
|move|p1a: Cresselia|Ice Beam|p2a: Latios
|-supereffective|p2a: Latios
|-damage|p2a: Latios|52/100 tox
|
|-heal|p1a: Cresselia|37/100|[from] item: Leftovers
|-damage|p2a: Latios|40/100 tox|[from] psn
|upkeep
|turn|8
|
|t:|1663261411
|move|p1a: Cresselia|Protect|p1a: Cresselia
|-singleturn|p1a: Cresselia|Protect
|move|p2a: Latios|Stored Power|p1a: Cresselia
|-activate|p1a: Cresselia|move: Protect
|
|-heal|p1a: Cresselia|43/100|[from] item: Leftovers
|-damage|p2a: Latios|22/100 tox|[from] psn
|-sideend|p2: Windsom|move: Aurora Veil
|upkeep
|turn|9
|
|t:|1663261419
|move|p1a: Cresselia|Protect||[still]
|-fail|p1a: Cresselia
|move|p2a: Latios|Stored Power|p1a: Cresselia
|-resisted|p1a: Cresselia
|-damage|p1a: Cresselia|0 fnt
|faint|p1a: Cresselia
|
|-damage|p2a: Latios|0 fnt|[from] psn
|faint|p2a: Latios
|upkeep
|
|t:|1663261431
|switch|p2a: Ninetales|Ninetales-Alola, F|91/100
|switch|p1a: Clefable|Clefable, M|100/100
|-weather|Hail|[from] ability: Snow Warning|[of] p2a: Ninetales
|turn|10
|
|t:|1663261437
|move|p2a: Ninetales|Aurora Veil|p2a: Ninetales
|-sidestart|p2: Windsom|move: Aurora Veil
|move|p1a: Clefable|Stealth Rock|p2a: Ninetales
|-sidestart|p2: Windsom|move: Stealth Rock
|
|-weather|Hail|[upkeep]
|upkeep
|turn|11
|
|t:|1663261445
|switch|p2a: Celesteela|Celesteela|100/100
|-damage|p2a: Celesteela|88/100|[from] Stealth Rock
|switch|p1a: Toxapex|Toxapex, F|100/100
|
|-weather|Hail|[upkeep]
|-damage|p2a: Celesteela|82/100|[from] Hail
|-damage|p1a: Toxapex|95/100|[from] Hail
|upkeep
|turn|12
|
|t:|1663261456
|move|p2a: Celesteela|Meteor Beam||[still]
|-prepare|p2a: Celesteela|Meteor Beam
|-boost|p2a: Celesteela|spa|1
|-enditem|p2a: Celesteela|Power Herb
|-anim|p2a: Celesteela|Meteor Beam|p1a: Toxapex
|-crit|p1a: Toxapex
|-damage|p1a: Toxapex|42/100
|move|p1a: Toxapex|Haze|p1a: Toxapex
|-clearallboost
|
|-weather|Hail|[upkeep]
|-damage|p2a: Celesteela|76/100|[from] Hail
|-damage|p1a: Toxapex|36/100|[from] Hail
|upkeep
|turn|13
|
|t:|1663261467
|move|p2a: Celesteela|Earthquake|p1a: Toxapex
|-supereffective|p1a: Toxapex
|-damage|p1a: Toxapex|0 fnt
|faint|p1a: Toxapex
|-ability|p2a: Celesteela|Beast Boost|boost
|-boost|p2a: Celesteela|spa|1
|
|-weather|Hail|[upkeep]
|-damage|p2a: Celesteela|70/100|[from] Hail
|upkeep
|
|t:|1663261475
|switch|p1a: Zapdos|Zapdos|100/100
|-ability|p1a: Zapdos|Pressure
|turn|14
|
|t:|1663261484
|move|p1a: Zapdos|Volt Switch|p2a: Celesteela
|-supereffective|p2a: Celesteela
|-damage|p2a: Celesteela|40/100
|
|t:|1663261488
|switch|p1a: Skarmory|Skarmory, M|100/100|[from]move: Volt Switch
|move|p2a: Celesteela|Meteor Beam||[still]
|-prepare|p2a: Celesteela|Meteor Beam
|-boost|p2a: Celesteela|spa|1
|
|-weather|none
|-sideend|p2: Windsom|move: Aurora Veil
|upkeep
|turn|15
|
|t:|1663261498
|move|p2a: Celesteela|Meteor Beam|p1a: Skarmory|[from]lockedmove
|-ability|p1a: Skarmory|Sturdy
|-damage|p1a: Skarmory|1/100
|move|p1a: Skarmory|Body Press|p2a: Celesteela
|-crit|p2a: Celesteela
|-damage|p2a: Celesteela|0 fnt
|faint|p2a: Celesteela
|
|upkeep
|
|t:|1663261519
|switch|p2a: Moltres|Moltres-Galar|100/100
|turn|16
|
|t:|1663261522
|move|p2a: Moltres|Agility|p2a: Moltres
|-boost|p2a: Moltres|spe|2
|move|p1a: Skarmory|Toxic|p2a: Moltres
|-status|p2a: Moltres|tox
|
|-damage|p2a: Moltres|94/100 tox|[from] psn
|upkeep
|turn|17
|
|t:|1663261534
|move|p2a: Moltres|Nasty Plot|p2a: Moltres
|-boost|p2a: Moltres|spa|2
|move|p1a: Skarmory|Roost|p1a: Skarmory
|-heal|p1a: Skarmory|51/100
|-singleturn|p1a: Skarmory|move: Roost
|
|-damage|p2a: Moltres|82/100 tox|[from] psn
|upkeep
|turn|18
|
|t:|1663261546
|switch|p1a: Zapdos|Zapdos|100/100
|-ability|p1a: Zapdos|Pressure
|move|p2a: Moltres|Fiery Wrath|p1a: Zapdos
|-damage|p1a: Zapdos|41/100
|
|-damage|p2a: Moltres|63/100 tox|[from] psn
|upkeep
|turn|19
|
|t:|1663261555
|switch|p1a: Clefable|Clefable, M|100/100
|move|p2a: Moltres|Fiery Wrath|p1a: Clefable
|-resisted|p1a: Clefable
|-damage|p1a: Clefable|70/100
|
|-damage|p2a: Moltres|38/100 tox|[from] psn
|upkeep
|turn|20
|
|t:|1663261563
|move|p2a: Moltres|Hurricane|p1a: Clefable|[miss]
|-miss|p2a: Moltres|p1a: Clefable
|move|p1a: Clefable|Soft-Boiled|p1a: Clefable
|-heal|p1a: Clefable|100/100
|
|-damage|p2a: Moltres|7/100 tox|[from] psn
|upkeep
|turn|21
|
|t:|1663261573
|switch|p1a: Zapdos|Zapdos|41/100
|-ability|p1a: Zapdos|Pressure
|move|p2a: Moltres|Hurricane|p1a: Zapdos
|-resisted|p1a: Zapdos
|-damage|p1a: Zapdos|7/100
|
|-damage|p2a: Moltres|0 fnt|[from] psn
|faint|p2a: Moltres
|upkeep
|
|t:|1663261590
|switch|p2a: Ninetales|Ninetales-Alola, F|91/100
|-damage|p2a: Ninetales|66/100|[from] Stealth Rock
|-weather|Hail|[from] ability: Snow Warning|[of] p2a: Ninetales
|turn|22
|
|t:|1663261597
|move|p2a: Ninetales|Aurora Veil|p2a: Ninetales
|-sidestart|p2: Windsom|move: Aurora Veil
|move|p1a: Zapdos|Roost|p1a: Zapdos
|-heal|p1a: Zapdos|57/100
|-singleturn|p1a: Zapdos|move: Roost
|
|-weather|Hail|[upkeep]
|-damage|p1a: Zapdos|51/100|[from] Hail
|upkeep
|turn|23
|
|t:|1663261605
|move|p2a: Ninetales|Freeze-Dry|p1a: Zapdos
|-supereffective|p1a: Zapdos
|-damage|p1a: Zapdos|16/100
|move|p1a: Zapdos|Roost|p1a: Zapdos
|-heal|p1a: Zapdos|67/100
|-singleturn|p1a: Zapdos|move: Roost
|
|-weather|Hail|[upkeep]
|-damage|p1a: Zapdos|61/100|[from] Hail
|upkeep
|turn|24
|
|t:|1663261614
|move|p2a: Ninetales|Encore|p1a: Zapdos
|-start|p1a: Zapdos|Encore
|move|p1a: Zapdos|Roost|p1a: Zapdos
|-heal|p1a: Zapdos|100/100
|-singleturn|p1a: Zapdos|move: Roost
|
|-weather|Hail|[upkeep]
|-damage|p1a: Zapdos|94/100|[from] Hail
|upkeep
|turn|25
|
|t:|1663261623
|switch|p2a: Dragapult|Dragapult, M|100/100
|-damage|p2a: Dragapult|88/100|[from] Stealth Rock
|switch|p1a: Skarmory|Skarmory, M|51/100
|
|-weather|Hail|[upkeep]
|-damage|p2a: Dragapult|82/100|[from] Hail
|-damage|p1a: Skarmory|45/100|[from] Hail
|upkeep
|turn|26
|
|t:|1663261632
|move|p2a: Dragapult|Flamethrower|p1a: Skarmory
|-supereffective|p1a: Skarmory
|-crit|p1a: Skarmory
|-damage|p1a: Skarmory|0 fnt
|faint|p1a: Skarmory
|-damage|p2a: Dragapult|72/100|[from] item: Life Orb
|
|-weather|none
|-sideend|p2: Windsom|move: Aurora Veil
|upkeep
|
|t:|1663261639
|switch|p1a: Clefable|Clefable, M|100/100
|turn|27
|
|t:|1663261652
|move|p2a: Dragapult|Phantom Force||[still]
|-prepare|p2a: Dragapult|Phantom Force
|move|p1a: Clefable|Moonblast|p2a: Dragapult|[miss]
|-miss|p1a: Clefable|p2a: Dragapult
|
|upkeep
|turn|28
|
|t:|1663261660
|move|p2a: Dragapult|Phantom Force|p1a: Clefable|[from]lockedmove
|-damage|p1a: Clefable|30/100
|-damage|p2a: Dragapult|63/100|[from] item: Life Orb
|move|p1a: Clefable|Moonblast|p2a: Dragapult
|-supereffective|p2a: Dragapult
|-damage|p2a: Dragapult|0 fnt
|faint|p2a: Dragapult
|
|upkeep
|
|t:|1663261667
|switch|p2a: Mew|Mew|100/100
|-damage|p2a: Mew|88/100|[from] Stealth Rock
|turn|29
|
|t:|1663261671
|move|p2a: Mew|Cosmic Power|p2a: Mew
|-boost|p2a: Mew|def|1
|-boost|p2a: Mew|spd|1
|move|p1a: Clefable|Moonblast|p2a: Mew
|-damage|p2a: Mew|70/100
|
|upkeep
|turn|30
|-message|chansey and lulu forfeited.
|
|win|Windsom
|raw|chansey and lulu's rating: 1518 &rarr; <strong>1500</strong><br />(-18 for losing)
|raw|Windsom's rating: 1560 &rarr; <strong>1578</strong><br />(+18 for winning)
|l|☆chansey and lulu
