|j|☆DA COME UP
|j|☆gaenisalbino
|t:|1635567462
|gametype|singles
|player|p1|DA COME UP|liza|
|player|p2|gaenisalbino|101|
|teamsize|p1|6
|teamsize|p2|6
|gen|8
|tier|[Gen 8] OU
|rule|Sleep Clause Mod: Limit one foe put to sleep
|rule|Species Clause: Limit one of each Pokémon
|rule|OHKO Clause: OHKO moves are banned
|rule|Evasion Moves Clause: Evasion moves are banned
|rule|Endless Battle Clause: Forcing endless battles is banned
|rule|HP Percentage Mod: HP is shown in percentages
|rule|Dynamax Clause: You cannot dynamax
|clearpoke
|poke|p1|Kyurem|
|poke|p1|Ferrothorn, F|
|poke|p1|Zapdos-Galar|
|poke|p1|Slowbro, F|
|poke|p1|Volcarona, F|
|poke|p1|Garchomp, M|
|poke|p2|Tapu Lele|
|poke|p2|Kartana|
|poke|p2|Heatran, F|
|poke|p2|Weavile, F|
|poke|p2|Garchomp, M|
|poke|p2|Rillaboom, M|
|teampreview
|inactive|Battle timer is ON: inactive players will automatically lose when time's up. (requested by gaenisalbino)
|
|t:|1635567468
|start
|switch|p1a: Kyurem|Kyurem|100/100
|switch|p2a: Weavile|Weavile, F|100/100
|-ability|p2a: Weavile|Pressure
|-ability|p1a: Kyurem|Pressure
|turn|1
|
|t:|1635567477
|switch|p2a: Heatran|Heatran, F|100/100
|-item|p2a: Heatran|Air Balloon
|move|p1a: Kyurem|Focus Blast|p2a: Heatran
|-supereffective|p2a: Heatran
|-damage|p2a: Heatran|0 fnt
|-enditem|p2a: Heatran|Air Balloon
|faint|p2a: Heatran
|
|upkeep
|
|t:|1635567487
|switch|p2a: Tapu Lele|Tapu Lele, shiny|100/100
|-fieldstart|move: Psychic Terrain|[from] ability: Psychic Surge|[of] p2a: Tapu Lele
|turn|2
|j| BillyTheFlash
|
|t:|1635567503
|switch|p1a: Slowbro|Slowbro, F|100/100
|move|p2a: Tapu Lele|Focus Blast|p1a: Slowbro
|-resisted|p1a: Slowbro
|-damage|p1a: Slowbro|64/100
|
|upkeep
|turn|3
|
|t:|1635567513
|switch|p2a: Weavile|Weavile, F|100/100
|-ability|p2a: Weavile|Pressure
|move|p1a: Slowbro|Teleport|p1a: Slowbro
|
|t:|1635567518
|switch|p1a: Volcarona|Volcarona, F|100/100|[from]move: Teleport
|
|upkeep
|turn|4
|
|t:|1635567523
|switch|p2a: Garchomp|Garchomp, M|100/100
|move|p1a: Volcarona|Quiver Dance|p1a: Volcarona
|-boost|p1a: Volcarona|spa|1
|-boost|p1a: Volcarona|spd|1
|-boost|p1a: Volcarona|spe|1
|
|upkeep
|turn|5
|
|t:|1635567527
|switch|p1a: Slowbro|Slowbro, F|98/100
|move|p2a: Garchomp|Scale Shot|p1a: Slowbro
|-damage|p1a: Slowbro|90/100
|-crit|p1a: Slowbro
|-damage|p1a: Slowbro|77/100
|-damage|p1a: Slowbro|70/100
|-damage|p1a: Slowbro|61/100
|-damage|p1a: Slowbro|54/100
|-hitcount|p1a: Slowbro|5
|-unboost|p2a: Garchomp|def|1
|-boost|p2a: Garchomp|spe|1
|
|upkeep
|turn|6
|
|t:|1635567532
|move|p2a: Garchomp|Swords Dance|p2a: Garchomp
|-boost|p2a: Garchomp|atk|2
|move|p1a: Slowbro|Slack Off|p1a: Slowbro
|-heal|p1a: Slowbro|100/100
|
|-fieldend|move: Psychic Terrain
|upkeep
|turn|7
|
|t:|1635567537
|move|p2a: Garchomp|Swords Dance|p2a: Garchomp
|-boost|p2a: Garchomp|atk|2
|move|p1a: Slowbro|Scald|p2a: Garchomp
|-damage|p2a: Garchomp|69/100
|-status|p2a: Garchomp|brn
|
|-heal|p2a: Garchomp|75/100 brn|[from] item: Leftovers
|-damage|p2a: Garchomp|69/100 brn|[from] brn
|upkeep
|turn|8
|
|t:|1635567541
|move|p2a: Garchomp|Earthquake|p1a: Slowbro
|-damage|p1a: Slowbro|59/100
|move|p1a: Slowbro|Future Sight|p2a: Garchomp
|-start|p1a: Slowbro|move: Future Sight
|
|-heal|p2a: Garchomp|75/100 brn|[from] item: Leftovers
|-damage|p2a: Garchomp|69/100 brn|[from] brn
|upkeep
|turn|9
|
|t:|1635567548
|move|p2a: Garchomp|Scale Shot|p1a: Slowbro
|-damage|p1a: Slowbro|47/100
|-damage|p1a: Slowbro|37/100
|-damage|p1a: Slowbro|26/100
|-damage|p1a: Slowbro|14/100
|-hitcount|p1a: Slowbro|4
|-unboost|p2a: Garchomp|def|1
|-boost|p2a: Garchomp|spe|1
|move|p1a: Slowbro|Slack Off|p1a: Slowbro
|-heal|p1a: Slowbro|64/100
|
|-heal|p2a: Garchomp|75/100 brn|[from] item: Leftovers
|-damage|p2a: Garchomp|69/100 brn|[from] brn
|upkeep
|turn|10
|
|t:|1635567558
|move|p2a: Garchomp|Swords Dance|p2a: Garchomp
|-boost|p2a: Garchomp|atk|2
|move|p1a: Slowbro|Slack Off|p1a: Slowbro
|-heal|p1a: Slowbro|100/100
|
|-end|p2a: Garchomp|move: Future Sight
|-damage|p2a: Garchomp|24/100 brn
|-heal|p2a: Garchomp|30/100 brn|[from] item: Leftovers
|-damage|p2a: Garchomp|24/100 brn|[from] brn
|upkeep
|turn|11
|
|t:|1635567566
|move|p2a: Garchomp|Earthquake|p1a: Slowbro
|-damage|p1a: Slowbro|36/100
|move|p1a: Slowbro|Scald|p2a: Garchomp
|-damage|p2a: Garchomp|0 fnt
|faint|p2a: Garchomp
|
|upkeep
|
|t:|1635567568
|switch|p2a: Tapu Lele|Tapu Lele, shiny|100/100
|-fieldstart|move: Psychic Terrain|[from] ability: Psychic Surge|[of] p2a: Tapu Lele
|turn|12
|
|t:|1635567573
|switch|p1a: Ferrothorn|Ferrothorn, F|100/100
|move|p2a: Tapu Lele|Psychic|p1a: Ferrothorn
|-resisted|p1a: Ferrothorn
|-damage|p1a: Ferrothorn|60/100
|
|-heal|p1a: Ferrothorn|67/100|[from] item: Leftovers
|upkeep
|turn|13
|
|t:|1635567578
|move|p2a: Tapu Lele|Psychic|p1a: Ferrothorn
|-resisted|p1a: Ferrothorn
|-damage|p1a: Ferrothorn|25/100
|move|p1a: Ferrothorn|Gyro Ball|p2a: Tapu Lele
|-supereffective|p2a: Tapu Lele
|-damage|p2a: Tapu Lele|0 fnt
|faint|p2a: Tapu Lele
|
|-heal|p1a: Ferrothorn|31/100|[from] item: Leftovers
|upkeep
|
|t:|1635567580
|switch|p2a: Weavile|Weavile, F|100/100
|-ability|p2a: Weavile|Pressure
|turn|14
|
|t:|1635567585
|move|p2a: Weavile|Triple Axel|p1a: Ferrothorn|[miss]
|-miss|p2a: Weavile|p1a: Ferrothorn
|move|p1a: Ferrothorn|Gyro Ball|p2a: Weavile
|-supereffective|p2a: Weavile
|-damage|p2a: Weavile|0 fnt
|faint|p2a: Weavile
|
|-heal|p1a: Ferrothorn|37/100|[from] item: Leftovers
|upkeep
|
|t:|1635567588
|switch|p2a: Kartana|Kartana|100/100
|turn|15
|
|t:|1635567592
|switch|p1a: Volcarona|Volcarona, F|100/100
|move|p2a: Kartana|Swords Dance|p2a: Kartana
|-boost|p2a: Kartana|atk|2
|
|upkeep
|turn|16
|
|t:|1635567595
|move|p2a: Kartana|Knock Off|p1a: Volcarona
|-crit|p1a: Volcarona
|-damage|p1a: Volcarona|0 fnt
|-enditem|p1a: Volcarona|Heavy-Duty Boots|[from] move: Knock Off|[of] p2a: Kartana
|faint|p1a: Volcarona
|-ability|p2a: Kartana|Beast Boost|boost
|-boost|p2a: Kartana|spe|1
|-damage|p2a: Kartana|91/100|[from] item: Life Orb
|
|-fieldend|move: Psychic Terrain
|upkeep
|
|t:|1635567599
|switch|p1a: Zapdos|Zapdos-Galar|100/100
|turn|17
|
|t:|1635567607
|move|p2a: Kartana|Leaf Blade|p1a: Zapdos
|-resisted|p1a: Zapdos
|-damage|p1a: Zapdos|33/100
|-damage|p2a: Kartana|81/100|[from] item: Life Orb
|move|p1a: Zapdos|Close Combat|p2a: Kartana
|-supereffective|p2a: Kartana
|-damage|p2a: Kartana|0 fnt
|-unboost|p1a: Zapdos|def|1
|-unboost|p1a: Zapdos|spd|1
|faint|p2a: Kartana
|
|upkeep
|
|t:|1635567609
|switch|p2a: Rillaboom|Rillaboom, M|100/100
|-fieldstart|move: Grassy Terrain|[from] ability: Grassy Surge|[of] p2a: Rillaboom
|turn|18
|
|t:|1635567614
|switch|p1a: Garchomp|Garchomp, M|100/100
|move|p2a: Rillaboom|Grassy Glide|p1a: Garchomp
|-damage|p1a: Garchomp|51/100
|-damage|p2a: Rillaboom|88/100|[from] ability: Rough Skin|[of] p1a: Garchomp
|-damage|p2a: Rillaboom|72/100|[from] item: Rocky Helmet|[of] p1a: Garchomp
|-damage|p2a: Rillaboom|62/100|[from] item: Life Orb
|
|-heal|p1a: Garchomp|57/100|[from] Grassy Terrain
|-heal|p2a: Rillaboom|68/100|[from] Grassy Terrain
|upkeep
|turn|19
|
|t:|1635567618
|move|p2a: Rillaboom|Grassy Glide|p1a: Garchomp
|-damage|p1a: Garchomp|7/100
|-damage|p2a: Rillaboom|56/100|[from] ability: Rough Skin|[of] p1a: Garchomp
|-damage|p2a: Rillaboom|39/100|[from] item: Rocky Helmet|[of] p1a: Garchomp
|-damage|p2a: Rillaboom|29/100|[from] item: Life Orb
|move|p1a: Garchomp|Flamethrower|p2a: Rillaboom
|-supereffective|p2a: Rillaboom
|-damage|p2a: Rillaboom|0 fnt
|faint|p2a: Rillaboom
|
|win|DA COME UP
