|j|☆bramitoboy
|j|☆Casino Boi
|t:|1661384282
|gametype|singles
|player|p1|bramitoboy|170|1846
|player|p2|Casino Boi|gambler|1865
|teamsize|p1|6
|teamsize|p2|6
|gen|8
|tier|[Gen 8] OU
|rated|
|rule|Sleep Clause Mod: Limit one foe put to sleep
|rule|Species Clause: Limit one of each Pokémon
|rule|OHKO Clause: OHKO moves are banned
|rule|Evasion Items Clause: Evasion items are banned
|rule|Evasion Moves Clause: Evasion moves are banned
|rule|Endless Battle Clause: Forcing endless battles is banned
|rule|HP Percentage Mod: HP is shown in percentages
|rule|Dynamax Clause: You cannot dynamax
|clearpoke
|poke|p1|Zarude-Dada|
|poke|p1|Keldeo-Resolute|
|poke|p1|Tapu Lele|
|poke|p1|Tapu Koko|
|poke|p1|Heatran, F|
|poke|p1|Landorus-Therian, M|
|poke|p2|Melmetal|
|poke|p2|Bisharp, F|
|poke|p2|Landorus-Therian, M|
|poke|p2|Dragonite, F|
|poke|p2|Dragapult, M|
|poke|p2|Weavile, M|
|teampreview
|inactive|Battle timer is ON: inactive players will automatically lose when time's up. (requested by Casino Boi)
|
|t:|1661384295
|start
|switch|p1a: Keldeo|Keldeo-Resolute|100/100
|switch|p2a: Melmetal|Melmetal, shiny|100/100
|turn|1
|j| ChiefGreenLeaf3
|
|t:|1661384302
|switch|p1a: Heatran|Heatran, F|100/100
|-item|p1a: Heatran|Air Balloon
|switch|p2a: Dragapult|Dragapult, M, shiny|100/100
|
|upkeep
|turn|2
|
|t:|1661384309
|move|p2a: Dragapult|U-turn|p1a: Heatran
|-resisted|p1a: Heatran
|-damage|p1a: Heatran|92/100
|-enditem|p1a: Heatran|Air Balloon
|
|t:|1661384313
|switch|p2a: Landorus|Landorus-Therian, M, shiny|100/100|[from]move: U-turn
|-ability|p2a: Landorus|Intimidate|boost
|-unboost|p1a: Heatran|atk|1
|move|p1a: Heatran|Stealth Rock|p2a: Landorus
|-sidestart|p2: Casino Boi|move: Stealth Rock
|
|upkeep
|turn|3
|
|t:|1661384322
|move|p2a: Landorus|Stealth Rock|p1a: Heatran
|-sidestart|p1: bramitoboy|move: Stealth Rock
|move|p1a: Heatran|Magma Storm|p2a: Landorus|[miss]
|-miss|p1a: Heatran|p2a: Landorus
|
|upkeep
|turn|4
|
|t:|1661384328
|move|p2a: Landorus|Earthquake|p1a: Heatran
|-supereffective|p1a: Heatran
|-damage|p1a: Heatran|0 fnt
|faint|p1a: Heatran
|
|upkeep
|
|t:|1661384332
|switch|p1a: Keldeo|Keldeo-Resolute|100/100
|-damage|p1a: Keldeo|94/100|[from] Stealth Rock
|turn|5
|
|t:|1661384337
|switch|p2a: Dragapult|Dragapult, M, shiny|100/100
|-damage|p2a: Dragapult|88/100|[from] Stealth Rock
|move|p1a: Keldeo|Scald|p2a: Dragapult
|-resisted|p2a: Dragapult
|-damage|p2a: Dragapult|62/100
|
|-heal|p1a: Keldeo|100/100|[from] item: Leftovers
|upkeep
|turn|6
|
|t:|1661384345
|switch|p1a: Tapu Lele|Tapu Lele|100/100
|-damage|p1a: Tapu Lele|88/100|[from] Stealth Rock
|-fieldstart|move: Psychic Terrain|[from] ability: Psychic Surge|[of] p1a: Tapu Lele
|move|p2a: Dragapult|U-turn|p1a: Tapu Lele
|-damage|p1a: Tapu Lele|33/100
|
|t:|1661384362
|switch|p2a: Weavile|Weavile, M, shiny|100/100|[from]move: U-turn
|-damage|p2a: Weavile|76/100|[from] Stealth Rock
|-ability|p2a: Weavile|Pressure
|
|upkeep
|turn|7
|
|t:|1661384367
|switch|p1a: Keldeo|Keldeo-Resolute|100/100
|-damage|p1a: Keldeo|94/100|[from] Stealth Rock
|move|p2a: Weavile|Knock Off|p1a: Keldeo
|-resisted|p1a: Keldeo
|-damage|p1a: Keldeo|55/100
|-ability|p1a: Keldeo|Justified|boost
|-boost|p1a: Keldeo|atk|1
|-enditem|p1a: Keldeo|Leftovers|[from] move: Knock Off|[of] p2a: Weavile
|-damage|p2a: Weavile|66/100|[from] item: Life Orb
|
|upkeep
|turn|8
|
|t:|1661384371
|move|p2a: Weavile|Triple Axel|p1a: Keldeo
|-resisted|p1a: Keldeo
|-damage|p1a: Keldeo|46/100
|-resisted|p1a: Keldeo
|-damage|p1a: Keldeo|30/100
|-resisted|p1a: Keldeo
|-damage|p1a: Keldeo|4/100
|-hitcount|p1a: Keldeo|3
|-damage|p2a: Weavile|56/100|[from] item: Life Orb
|move|p1a: Keldeo|Scald|p2a: Weavile
|-damage|p2a: Weavile|0 fnt
|faint|p2a: Weavile
|
|upkeep
|
|t:|1661384378
|switch|p2a: Dragapult|Dragapult, M, shiny|62/100
|-damage|p2a: Dragapult|50/100|[from] Stealth Rock
|turn|9
|
|t:|1661384385
|move|p2a: Dragapult|U-turn|p1a: Keldeo
|-resisted|p1a: Keldeo
|-damage|p1a: Keldeo|0 fnt
|faint|p1a: Keldeo
|
|t:|1661384401
|switch|p2a: Melmetal|Melmetal, shiny|100/100|[from]move: U-turn
|-damage|p2a: Melmetal|94/100|[from] Stealth Rock
|
|-heal|p2a: Melmetal|100/100|[from] item: Leftovers
|upkeep
|
|t:|1661384407
|switch|p1a: Tapu Lele|Tapu Lele|33/100
|-damage|p1a: Tapu Lele|20/100|[from] Stealth Rock
|turn|10
|
|t:|1661384412
|switch|p2a: Landorus|Landorus-Therian, M, shiny|100/100
|-damage|p2a: Landorus|88/100|[from] Stealth Rock
|-ability|p2a: Landorus|Intimidate|boost
|-unboost|p1a: Tapu Lele|atk|1
|move|p1a: Tapu Lele|Focus Blast|p2a: Landorus|[miss]
|-miss|p1a: Tapu Lele|p2a: Landorus
|
|-fieldend|move: Psychic Terrain
|upkeep
|turn|11
|
|t:|1661384422
|switch|p1a: Landorus|Landorus-Therian, M|100/100
|-damage|p1a: Landorus|88/100|[from] Stealth Rock
|-ability|p1a: Landorus|Intimidate|boost
|-unboost|p2a: Landorus|atk|1
|move|p2a: Landorus|Earthquake|p1a: Landorus
|-immune|p1a: Landorus
|
|upkeep
|turn|12
|
|t:|1661384425
|move|p2a: Landorus|Toxic|p1a: Landorus
|-status|p1a: Landorus|tox
|move|p1a: Landorus|Knock Off|p2a: Landorus
|-damage|p2a: Landorus|56/100
|-enditem|p2a: Landorus|Eject Button|[from] move: Knock Off|[of] p1a: Landorus
|
|-damage|p1a: Landorus|82/100 tox|[from] psn
|upkeep
|turn|13
|
|t:|1661384437
|move|p2a: Landorus|Earthquake|p1a: Landorus
|-immune|p1a: Landorus
|move|p1a: Landorus|Earthquake|p2a: Landorus
|-immune|p2a: Landorus
|
|-damage|p1a: Landorus|70/100 tox|[from] psn
|upkeep
|turn|14
|
|t:|1661384451
|move|p2a: Landorus|U-turn|p1a: Landorus
|-resisted|p1a: Landorus
|-damage|p1a: Landorus|64/100 tox
|-damage|p2a: Landorus|39/100|[from] item: Rocky Helmet|[of] p1a: Landorus
|
|t:|1661384455
|switch|p2a: Dragonite|Dragonite, F, shiny|100/100|[from]move: U-turn
|move|p1a: Landorus|Knock Off|p2a: Dragonite
|-damage|p2a: Dragonite|81/100
|-enditem|p2a: Dragonite|Heavy-Duty Boots|[from] move: Knock Off|[of] p1a: Landorus
|
|-damage|p1a: Landorus|46/100 tox|[from] psn
|upkeep
|turn|15
|
|t:|1661384461
|switch|p1a: Tapu Koko|Tapu Koko|100/100
|-damage|p1a: Tapu Koko|88/100|[from] Stealth Rock
|-fieldstart|move: Electric Terrain|[from] ability: Electric Surge|[of] p1a: Tapu Koko
|move|p2a: Dragonite|Ice Punch|p1a: Tapu Koko
|-crit|p1a: Tapu Koko
|-damage|p1a: Tapu Koko|28/100
|
|upkeep
|turn|16
|
|t:|1661384474
|switch|p2a: Melmetal|Melmetal, shiny|100/100
|-damage|p2a: Melmetal|94/100|[from] Stealth Rock
|move|p1a: Tapu Koko|Dazzling Gleam|p2a: Melmetal
|-resisted|p2a: Melmetal
|-damage|p2a: Melmetal|72/100
|
|-heal|p2a: Melmetal|78/100|[from] item: Leftovers
|upkeep
|turn|17
|
|t:|1661384481
|switch|p1a: Landorus|Landorus-Therian, M|46/100 tox
|-damage|p1a: Landorus|34/100 tox|[from] Stealth Rock
|-ability|p1a: Landorus|Intimidate|boost
|-unboost|p2a: Melmetal|atk|1
|move|p2a: Melmetal|Double Iron Bash|p1a: Landorus
|-damage|p1a: Landorus|12/100 tox
|-damage|p2a: Melmetal|62/100|[from] item: Rocky Helmet|[of] p1a: Landorus
|-crit|p1a: Landorus
|-damage|p1a: Landorus|0 fnt
|-damage|p2a: Melmetal|45/100|[from] item: Rocky Helmet|[of] p1a: Landorus
|faint|p1a: Landorus
|-hitcount|p1: Landorus|2
|
|-heal|p2a: Melmetal|51/100|[from] item: Leftovers
|upkeep
|
|t:|1661384484
|switch|p1a: Zarude|Zarude-Dada|100/100
|-damage|p1a: Zarude|88/100|[from] Stealth Rock
|turn|18
|
|t:|1661384494
|move|p1a: Zarude|Bulk Up|p1a: Zarude
|-boost|p1a: Zarude|atk|1
|-boost|p1a: Zarude|def|1
|move|p2a: Melmetal|Double Iron Bash|p1a: Zarude
|-damage|p1a: Zarude|69/100
|-damage|p1a: Zarude|52/100
|-hitcount|p1a: Zarude|2
|
|-heal|p2a: Melmetal|58/100|[from] item: Leftovers
|upkeep
|turn|19
|
|t:|1661384501
|move|p1a: Zarude|Synthesis|p1a: Zarude
|-heal|p1a: Zarude|100/100
|move|p2a: Melmetal|Ice Punch|p1a: Zarude
|-supereffective|p1a: Zarude
|-damage|p1a: Zarude|68/100
|
|-heal|p2a: Melmetal|64/100|[from] item: Leftovers
|-fieldend|move: Electric Terrain
|upkeep
|turn|20
|
|t:|1661384504
|move|p1a: Zarude|Bulk Up|p1a: Zarude
|-boost|p1a: Zarude|atk|1
|-boost|p1a: Zarude|def|1
|move|p2a: Melmetal|Double Iron Bash|p1a: Zarude
|-damage|p1a: Zarude|54/100
|-damage|p1a: Zarude|40/100
|-hitcount|p1a: Zarude|2
|
|-heal|p2a: Melmetal|70/100|[from] item: Leftovers
|upkeep
|turn|21
|j| Dnjsjdjdj
|
|t:|1661384509
|move|p1a: Zarude|Synthesis|p1a: Zarude
|-heal|p1a: Zarude|90/100
|move|p2a: Melmetal|Double Iron Bash|p1a: Zarude
|-damage|p1a: Zarude|75/100
|-damage|p1a: Zarude|62/100
|-hitcount|p1a: Zarude|2
|
|-heal|p2a: Melmetal|76/100|[from] item: Leftovers
|upkeep
|turn|22
|
|t:|1661384516
|move|p1a: Zarude|Bulk Up|p1a: Zarude
|-boost|p1a: Zarude|atk|1
|-boost|p1a: Zarude|def|1
|move|p2a: Melmetal|Ice Punch|p1a: Zarude
|-supereffective|p1a: Zarude
|-damage|p1a: Zarude|43/100
|-status|p1a: Zarude|frz
|
|-heal|p2a: Melmetal|82/100|[from] item: Leftovers
|upkeep
|turn|23
|c|☆bramitoboy|no way
|c|☆bramitoboy|too unlucky this game
|
|t:|1661384530
|switch|p2a: Dragapult|Dragapult, M, shiny|50/100
|-damage|p2a: Dragapult|38/100|[from] Stealth Rock
|-curestatus|p1a: Zarude|frz|[msg]
|move|p1a: Zarude|Synthesis|p1a: Zarude
|-heal|p1a: Zarude|93/100
|
|upkeep
|turn|24
|
|t:|1661384536
|move|p2a: Dragapult|U-turn|p1a: Zarude
|-supereffective|p1a: Zarude
|-damage|p1a: Zarude|35/100
|j| ChandosH
|
|t:|1661384544
|switch|p2a: Bisharp|Bisharp, F, shiny|100/100|[from]move: U-turn
|-damage|p2a: Bisharp|94/100|[from] Stealth Rock
|move|p1a: Zarude|Synthesis|p1a: Zarude
|-heal|p1a: Zarude|85/100
|
|upkeep
|turn|25
|
|t:|1661384550
|move|p1a: Zarude|Bulk Up|p1a: Zarude
|-boost|p1a: Zarude|atk|1
|-boost|p1a: Zarude|def|1
|move|p2a: Bisharp|Iron Head|p1a: Zarude
|-damage|p1a: Zarude|71/100
|
|upkeep
|turn|26
|
|t:|1661384555
|move|p1a: Zarude|Bulk Up|p1a: Zarude
|-boost|p1a: Zarude|atk|1
|-boost|p1a: Zarude|def|1
|move|p2a: Bisharp|Swords Dance|p2a: Bisharp
|-boost|p2a: Bisharp|atk|2
|
|upkeep
|turn|27
|
|t:|1661384564
|move|p1a: Zarude|Darkest Lariat|p2a: Bisharp
|-resisted|p2a: Bisharp
|-damage|p2a: Bisharp|0 fnt
|faint|p2a: Bisharp
|-damage|p1a: Zarude|61/100|[from] item: Life Orb
|
|upkeep
|
|t:|1661384568
|switch|p2a: Dragapult|Dragapult, M, shiny|38/100
|-damage|p2a: Dragapult|25/100|[from] Stealth Rock
|turn|28
|c| ChiefGreenLeaf3|casino u dont run flame as filler?
|
|t:|1661384573
|move|p2a: Dragapult|U-turn|p1a: Zarude
|-supereffective|p1a: Zarude
|-damage|p1a: Zarude|16/100
|
|t:|1661384579
|switch|p2a: Dragonite|Dragonite, F, shiny|81/100|[from]move: U-turn
|-damage|p2a: Dragonite|56/100|[from] Stealth Rock
|move|p1a: Zarude|Synthesis|p1a: Zarude
|-heal|p1a: Zarude|66/100
|
|upkeep
|turn|29
|
|t:|1661384591
|move|p1a: Zarude|Synthesis|p1a: Zarude
|-heal|p1a: Zarude|100/100
|move|p2a: Dragonite|Ice Punch|p1a: Zarude
|-supereffective|p1a: Zarude
|-damage|p1a: Zarude|86/100
|
|upkeep
|turn|30
|c|☆Casino Boi|You could but this team doesn't
|c| ChiefGreenLeaf3|oh its band
|c|☆Casino Boi|:(
|c| ChiefGreenLeaf3|rip
|
|t:|1661384607
|move|p1a: Zarude|Darkest Lariat|p2a: Dragonite
|-damage|p2a: Dragonite|0 fnt
|faint|p2a: Dragonite
|-damage|p1a: Zarude|76/100|[from] item: Life Orb
|
|upkeep
|
|t:|1661384609
|switch|p2a: Dragapult|Dragapult, M, shiny|25/100
|-damage|p2a: Dragapult|13/100|[from] Stealth Rock
|turn|31
|
|t:|1661384614
|move|p2a: Dragapult|U-turn|p1a: Zarude
|-supereffective|p1a: Zarude
|-damage|p1a: Zarude|33/100
|c| ChiefGreenLeaf3|i still throw flame on all my pults stg lol
|
|t:|1661384617
|switch|p2a: Landorus|Landorus-Therian, M, shiny|39/100|[from]move: U-turn
|-damage|p2a: Landorus|27/100|[from] Stealth Rock
|-ability|p2a: Landorus|Intimidate|boost
|-unboost|p1a: Zarude|atk|1
|move|p1a: Zarude|Synthesis|p1a: Zarude
|-heal|p1a: Zarude|83/100
|
|upkeep
|turn|32
|
|t:|1661384622
|move|p1a: Zarude|Darkest Lariat|p2a: Landorus
|-damage|p2a: Landorus|0 fnt
|faint|p2a: Landorus
|-damage|p1a: Zarude|73/100|[from] item: Life Orb
|
|upkeep
|
|t:|1661384624
|switch|p2a: Dragapult|Dragapult, M, shiny|13/100
|-damage|p2a: Dragapult|1/100|[from] Stealth Rock
|turn|33
|c| ChiefGreenLeaf3|Zarude is bad until its not
|
|t:|1661384630
|move|p2a: Dragapult|U-turn|p1a: Zarude
|-supereffective|p1a: Zarude
|-damage|p1a: Zarude|28/100
|c| ChiefGreenLeaf3|dont feel bad lol
|j| god kawaiiii
|
|t:|1661384633
|switch|p2a: Melmetal|Melmetal, shiny|82/100|[from]move: U-turn
|-damage|p2a: Melmetal|76/100|[from] Stealth Rock
|move|p1a: Zarude|Darkest Lariat|p2a: Melmetal
|-damage|p2a: Melmetal|0 fnt
|faint|p2a: Melmetal
|-damage|p1a: Zarude|18/100|[from] item: Life Orb
|
|upkeep
|
|t:|1661384634
|switch|p2a: Dragapult|Dragapult, M, shiny|1/100
|-damage|p2a: Dragapult|0 fnt|[from] Stealth Rock
|faint|p2a: Dragapult
|
|win|bramitoboy
|raw|bramitoboy's rating: 1846 &rarr; <strong>1867</strong><br />(+21 for winning)
|raw|Casino Boi's rating: 1865 &rarr; <strong>1844</strong><br />(-21 for losing)
|l|☆Casino Boi
|c|☆bramitoboy|zarude the goat
|c| ChiefGreenLeaf3|lowkey
|l| god kawaiiii
||Ladder isn't responding, score probably updated but might not have (Request timeout).
|l| ChiefGreenLeaf3
