|j|☆Stunfisk2140
|j|☆best to be worst
|t:|1643098052
|gametype|singles
|player|p1|Stunfisk2140|169|
|player|p2|best to be worst|ethan|
|teamsize|p1|6
|teamsize|p2|6
|gen|8
|tier|[Gen 8] OU
|rule|Sleep Clause Mod: Limit one foe put to sleep
|rule|Species Clause: Limit one of each Pokémon
|rule|OHKO Clause: OHKO moves are banned
|rule|Evasion Moves Clause: Evasion moves are banned
|rule|Endless Battle Clause: Forcing endless battles is banned
|rule|HP Percentage Mod: HP is shown in percentages
|rule|Dynamax Clause: You cannot dynamax
|clearpoke
|poke|p1|Landorus-Therian, M|
|poke|p1|Ferrothorn, M|
|poke|p1|Slowbro, F|
|poke|p1|Blaziken, M|
|poke|p1|Dragapult, F|
|poke|p1|Tornadus-Therian, M|
|poke|p2|Magnezone|
|poke|p2|Volcarona, F|
|poke|p2|Urshifu-*, M|
|poke|p2|Garchomp, M|
|poke|p2|Tornadus-Therian, M|
|poke|p2|Zeraora|
|teampreview
|c|☆Stunfisk2140|pls
|c|☆best to be worst|hm?
|c|☆Stunfisk2140|no sub or tect spam
|c|☆best to be worst|LOL
|
|t:|1643098071
|start
|switch|p1a: Toothless|Dragapult, F, shiny|100/100
|switch|p2a: Urshifu|Urshifu-Rapid-Strike, M|100/100
|turn|1
|
|t:|1643098081
|switch|p2a: Tornadus|Tornadus-Therian, M|100/100
|move|p1a: Toothless|Shadow Ball|p2a: Tornadus
|-damage|p2a: Tornadus|49/100
|
|upkeep
|turn|2
|
|t:|1643098087
|switch|p2a: Magnezone|Magnezone|100/100
|move|p1a: Toothless|Shadow Ball|p2a: Magnezone
|-damage|p2a: Magnezone|60/100
|
|-heal|p2a: Magnezone|66/100|[from] item: Leftovers
|upkeep
|turn|3
|c|☆best to be worst|wait
|c|☆best to be worst|i get 6-0ed
|
|t:|1643098105
|move|p1a: Toothless|Shadow Ball|p2a: Magnezone
|-damage|p2a: Magnezone|27/100
|move|p2a: Magnezone|Mirror Coat|p1a: Toothless
|-damage|p1a: Toothless|17/100
|
|-heal|p2a: Magnezone|33/100|[from] item: Leftovers
|upkeep
|turn|4
|c|☆Stunfisk2140|ye u do
|c|☆best to be worst|cap
|
|t:|1643098112
|move|p1a: Toothless|Shadow Ball|p2a: Magnezone
|-damage|p2a: Magnezone|0 fnt
|faint|p2a: Magnezone
|
|upkeep
|
|t:|1643098132
|switch|p2a: Tornadus|Tornadus-Therian, M|82/100
|turn|5
|
|t:|1643098135
|switch|p1a: Orlando Bloom|Landorus-Therian, M|100/100
|-ability|p1a: Orlando Bloom|Intimidate|boost
|-unboost|p2a: Tornadus|atk|1
|move|p2a: Tornadus|Knock Off|p1a: Orlando Bloom
|-damage|p1a: Orlando Bloom|88/100
|-enditem|p1a: Orlando Bloom|Leftovers|[from] move: Knock Off|[of] p2a: Tornadus
|
|upkeep
|turn|6
|
|t:|1643098144
|move|p2a: Tornadus|U-turn|p1a: Orlando Bloom
|-resisted|p1a: Orlando Bloom
|-damage|p1a: Orlando Bloom|84/100
|
|t:|1643098147
|switch|p2a: Garchomp|Garchomp, M|100/100|[from]move: U-turn
|move|p1a: Orlando Bloom|Toxic|p2a: Garchomp
|-status|p2a: Garchomp|tox
|
|-damage|p2a: Garchomp|94/100 tox|[from] psn
|upkeep
|turn|7
|
|t:|1643098155
|switch|p1a: Pain|Ferrothorn, M|100/100
|move|p2a: Garchomp|Stealth Rock|p1a: Pain
|-sidestart|p1: Stunfisk2140|move: Stealth Rock
|
|-heal|p2a: Garchomp|100/100 tox|[from] item: Leftovers
|-damage|p2a: Garchomp|88/100 tox|[from] psn
|upkeep
|turn|8
|
|t:|1643098162
|move|p2a: Garchomp|Swords Dance|p2a: Garchomp
|-boost|p2a: Garchomp|atk|2
|move|p1a: Pain|Leech Seed|p2a: Garchomp
|-start|p2a: Garchomp|move: Leech Seed
|
|-heal|p2a: Garchomp|94/100 tox|[from] item: Leftovers
|-damage|p2a: Garchomp|82/100 tox|[from] Leech Seed|[of] p1a: Pain
|-damage|p2a: Garchomp|63/100 tox|[from] psn
|upkeep
|turn|9
|
|t:|1643098171
|switch|p1a: Orlando Bloom|Landorus-Therian, M|84/100
|-damage|p1a: Orlando Bloom|72/100|[from] Stealth Rock
|-ability|p1a: Orlando Bloom|Intimidate|boost
|-unboost|p2a: Garchomp|atk|1
|move|p2a: Garchomp|Fire Fang|p1a: Orlando Bloom
|-damage|p1a: Orlando Bloom|45/100
|
|-heal|p2a: Garchomp|70/100 tox|[from] item: Leftovers
|-damage|p2a: Garchomp|57/100 tox|[from] Leech Seed|[of] p1a: Orlando Bloom
|-heal|p1a: Orlando Bloom|59/100|[silent]
|-damage|p2a: Garchomp|32/100 tox|[from] psn
|upkeep
|turn|10
|
|t:|1643098185
|switch|p2a: Urshifu|Urshifu-Rapid-Strike, M|100/100
|move|p1a: Orlando Bloom|U-turn|p2a: Urshifu
|-resisted|p2a: Urshifu
|-damage|p2a: Urshifu|88/100
|
|t:|1643098193
|switch|p1a: Deidara Senpai|Tornadus-Therian, M|100/100|[from]move: U-turn
|-damage|p1a: Deidara Senpai|76/100|[from] Stealth Rock
|
|upkeep
|turn|11
|
|t:|1643098198
|switch|p2a: Tornadus|Tornadus-Therian, M|100/100
|move|p1a: Deidara Senpai|Hurricane|p2a: Tornadus
|-damage|p2a: Tornadus|61/100
|-start|p2a: Tornadus|confusion
|
|upkeep
|turn|12
|
|t:|1643098206
|-activate|p2a: Tornadus|confusion
|move|p2a: Tornadus|Knock Off|p1a: Deidara Senpai
|-damage|p1a: Deidara Senpai|56/100
|-enditem|p1a: Deidara Senpai|Assault Vest|[from] move: Knock Off|[of] p2a: Tornadus
|move|p1a: Deidara Senpai|U-turn|p2a: Tornadus
|-resisted|p2a: Tornadus
|-damage|p2a: Tornadus|53/100
|
|t:|1643098223
|switch|p1a: Big Brain Boov|Slowbro, F, shiny|100/100|[from]move: U-turn
|
|upkeep
|turn|13
|
|t:|1643098228
|-activate|p2a: Tornadus|confusion
|-damage|p2a: Tornadus|44/100|[from] confusion
|move|p1a: Big Brain Boov|Future Sight|p2a: Tornadus
|-start|p1a: Big Brain Boov|move: Future Sight
|
|upkeep
|turn|14
|
|t:|1643098233
|-activate|p2a: Tornadus|confusion
|move|p2a: Tornadus|U-turn|p1a: Big Brain Boov
|-supereffective|p1a: Big Brain Boov
|-damage|p1a: Big Brain Boov|84/100
|
|t:|1643098236
|switch|p2a: Garchomp|Garchomp, M|32/100 tox|[from]move: U-turn
|move|p1a: Big Brain Boov|Teleport|p1a: Big Brain Boov
|
|t:|1643098239
|switch|p1a: SUPER SAIYAN|Blaziken, M|100/100|[from]move: Teleport
|-damage|p1a: SUPER SAIYAN|88/100|[from] Stealth Rock
|
|-heal|p2a: Garchomp|39/100 tox|[from] item: Leftovers
|-damage|p2a: Garchomp|32/100 tox|[from] psn
|upkeep
|turn|15
|
|t:|1643098248
|move|p1a: SUPER SAIYAN|Protect|p1a: SUPER SAIYAN
|-singleturn|p1a: SUPER SAIYAN|Protect
|move|p2a: Garchomp|Earthquake|p1a: SUPER SAIYAN
|-activate|p1a: SUPER SAIYAN|move: Protect
|
|-end|p2a: Garchomp|move: Future Sight
|-damage|p2a: Garchomp|0 fnt
|faint|p2a: Garchomp
|-ability|p1a: SUPER SAIYAN|Speed Boost|boost
|-boost|p1a: SUPER SAIYAN|spe|1
|upkeep
|
|t:|1643098253
|switch|p2a: Urshifu|Urshifu-Rapid-Strike, M|88/100
|turn|16
|
|t:|1643098260
|switch|p1a: Pain|Ferrothorn, M|100/100
|-damage|p1a: Pain|94/100|[from] Stealth Rock
|move|p2a: Urshifu|Close Combat|p1a: Pain
|-supereffective|p1a: Pain
|-damage|p1a: Pain|0 fnt
|-unboost|p2a: Urshifu|def|1
|-unboost|p2a: Urshifu|spd|1
|-damage|p2a: Urshifu|76/100|[from] ability: Iron Barbs|[of] p1a: Pain
|faint|p1a: Pain
|
|upkeep
|
|t:|1643098271
|switch|p1a: Toothless|Dragapult, F, shiny|17/100
|-damage|p1a: Toothless|4/100|[from] Stealth Rock
|turn|17
|
|t:|1643098284
|switch|p2a: Zeraora|Zeraora|100/100
|move|p1a: Toothless|Shadow Ball|p2a: Zeraora
|-crit|p2a: Zeraora
|-damage|p2a: Zeraora|0 fnt
|faint|p2a: Zeraora
|
|upkeep
|c|☆best to be worst|damn
|
|t:|1643098290
|switch|p2a: Volcarona|Volcarona, F|100/100
|turn|18
|c|☆Stunfisk2140|deserved
|c|☆best to be worst|LOL
|
|t:|1643098305
|switch|p1a: Orlando Bloom|Landorus-Therian, M|59/100
|-damage|p1a: Orlando Bloom|47/100|[from] Stealth Rock
|-ability|p1a: Orlando Bloom|Intimidate|boost
|-unboost|p2a: Volcarona|atk|1
|move|p2a: Volcarona|Quiver Dance|p2a: Volcarona
|-boost|p2a: Volcarona|spa|1
|-boost|p2a: Volcarona|spd|1
|-boost|p2a: Volcarona|spe|1
|
|upkeep
|turn|19
|c|☆best to be worst|but i win rn i think
|c|☆Stunfisk2140|ig
|c|☆best to be worst|oh yeah
|c|☆best to be worst|gg
|
|t:|1643098314
|move|p2a: Volcarona|Flamethrower|p1a: Orlando Bloom
|-damage|p1a: Orlando Bloom|1/100
|move|p1a: Orlando Bloom|Toxic|p2a: Volcarona
|-status|p2a: Volcarona|tox
|
|-damage|p2a: Volcarona|94/100 tox|[from] psn
|upkeep
|turn|20
|c|☆Stunfisk2140|not so fast bubba
|c|☆best to be worst|THE LOW ROLL
|
|t:|1643098323
|move|p2a: Volcarona|Psychic|p1a: Orlando Bloom
|-damage|p1a: Orlando Bloom|0 fnt
|faint|p1a: Orlando Bloom
|
|-damage|p2a: Volcarona|82/100 tox|[from] psn
|upkeep
|
|t:|1643098330
|switch|p1a: Big Brain Boov|Slowbro, F, shiny|100/100
|turn|21
|
|t:|1643098334
|switch|p1a: Deidara Senpai|Tornadus-Therian, M|89/100
|-damage|p1a: Deidara Senpai|65/100|[from] Stealth Rock
|move|p2a: Volcarona|Quiver Dance|p2a: Volcarona
|-boost|p2a: Volcarona|spa|1
|-boost|p2a: Volcarona|spd|1
|-boost|p2a: Volcarona|spe|1
|
|-damage|p2a: Volcarona|64/100 tox|[from] psn
|upkeep
|turn|22
|
|t:|1643098343
|move|p2a: Volcarona|Flamethrower|p1a: Deidara Senpai
|-damage|p1a: Deidara Senpai|0 fnt
|faint|p1a: Deidara Senpai
|
|-damage|p2a: Volcarona|39/100 tox|[from] psn
|upkeep
|
|t:|1643098356
|switch|p1a: Big Brain Boov|Slowbro, F, shiny|100/100
|turn|23
|
|t:|1643098360
|switch|p1a: Toothless|Dragapult, F, shiny|4/100
|-damage|p1a: Toothless|0 fnt|[from] Stealth Rock
|faint|p1a: Toothless
|move|p2a: Volcarona|Roost|p2a: Volcarona
|-heal|p2a: Volcarona|89/100 tox
|-singleturn|p2a: Volcarona|move: Roost
|
|-damage|p2a: Volcarona|58/100 tox|[from] psn
|upkeep
|
|t:|1643098375
|switch|p1a: Big Brain Boov|Slowbro, F, shiny|100/100
|turn|24
|
|t:|1643098402
|move|p2a: Volcarona|Flamethrower|p1a: Big Brain Boov
|-resisted|p1a: Big Brain Boov
|-damage|p1a: Big Brain Boov|60/100
|move|p1a: Big Brain Boov|Teleport|p1a: Big Brain Boov
|
|t:|1643098408
|switch|p1a: SUPER SAIYAN|Blaziken, M|88/100|[from]move: Teleport
|-damage|p1a: SUPER SAIYAN|76/100|[from] Stealth Rock
|
|-damage|p2a: Volcarona|21/100 tox|[from] psn
|upkeep
|turn|25
|
|t:|1643098417
|switch|p1a: Big Brain Boov|Slowbro, F, shiny|93/100
|move|p2a: Volcarona|Roost|p2a: Volcarona
|-heal|p2a: Volcarona|71/100 tox
|-singleturn|p2a: Volcarona|move: Roost
|
|-damage|p2a: Volcarona|28/100 tox|[from] psn
|upkeep
|turn|26
|
|t:|1643098424
|switch|p2a: Tornadus|Tornadus-Therian, M|77/100
|move|p1a: Big Brain Boov|Teleport|p1a: Big Brain Boov
|
|t:|1643098428
|switch|p1a: SUPER SAIYAN|Blaziken, M|76/100|[from]move: Teleport
|-damage|p1a: SUPER SAIYAN|64/100|[from] Stealth Rock
|
|upkeep
|turn|27
|
|t:|1643098434
|move|p2a: Tornadus|Hurricane|p1a: SUPER SAIYAN|[miss]
|-miss|p2a: Tornadus|p1a: SUPER SAIYAN
|move|p1a: SUPER SAIYAN|Overheat|p2a: Tornadus|[miss]
|-miss|p1a: SUPER SAIYAN|p2a: Tornadus
|
|-ability|p1a: SUPER SAIYAN|Speed Boost|boost
|-boost|p1a: SUPER SAIYAN|spe|1
|upkeep
|turn|28
|c|☆best to be worst|LOL
|
|t:|1643098443
|move|p1a: SUPER SAIYAN|Overheat|p2a: Tornadus
|-damage|p2a: Tornadus|6/100
|-unboost|p1a: SUPER SAIYAN|spa|2
|-damage|p1a: SUPER SAIYAN|54/100|[from] item: Life Orb
|move|p2a: Tornadus|Hurricane|p1a: SUPER SAIYAN
|-supereffective|p1a: SUPER SAIYAN
|-damage|p1a: SUPER SAIYAN|0 fnt
|faint|p1a: SUPER SAIYAN
|
|upkeep
|c|☆Stunfisk2140|smh
|c|☆best to be worst|gg
|
|t:|1643098452
|switch|p1a: Big Brain Boov|Slowbro, F, shiny|100/100
|turn|29
|
|t:|1643098455
|move|p2a: Tornadus|U-turn|p1a: Big Brain Boov
|-supereffective|p1a: Big Brain Boov
|-damage|p1a: Big Brain Boov|84/100
|
|t:|1643098457
|switch|p2a: Volcarona|Volcarona, F|28/100 tox|[from]move: U-turn
|move|p1a: Big Brain Boov|Ice Beam|p2a: Volcarona
|-resisted|p2a: Volcarona
|-damage|p2a: Volcarona|18/100 tox
|
|-damage|p2a: Volcarona|12/100 tox|[from] psn
|upkeep
|turn|30
|
|t:|1643098465
|move|p2a: Volcarona|Roost|p2a: Volcarona
|-heal|p2a: Volcarona|62/100 tox
|-singleturn|p2a: Volcarona|move: Roost
|move|p1a: Big Brain Boov|Future Sight|p2a: Volcarona
|-start|p1a: Big Brain Boov|move: Future Sight
|
|-damage|p2a: Volcarona|50/100 tox|[from] psn
|upkeep
|turn|31
|c|☆Stunfisk2140|gg
|
|t:|1643098474
|move|p2a: Volcarona|Roost|p2a: Volcarona
|-heal|p2a: Volcarona|99/100 tox
|-singleturn|p2a: Volcarona|move: Roost
|move|p1a: Big Brain Boov|Ice Beam|p2a: Volcarona
|-resisted|p2a: Volcarona
|-damage|p2a: Volcarona|90/100 tox
|
|-damage|p2a: Volcarona|72/100 tox|[from] psn
|upkeep
|turn|32
|
|t:|1643098482
|move|p2a: Volcarona|Flamethrower|p1a: Big Brain Boov
|-resisted|p1a: Big Brain Boov
|-damage|p1a: Big Brain Boov|63/100
|move|p1a: Big Brain Boov|Ice Beam|p2a: Volcarona
|-resisted|p2a: Volcarona
|-damage|p2a: Volcarona|63/100 tox
|
|-end|p2a: Volcarona|move: Future Sight
|-damage|p2a: Volcarona|27/100 tox
|-damage|p2a: Volcarona|2/100 tox|[from] psn
|upkeep
|turn|33
|
|t:|1643098493
|move|p2a: Volcarona|Flamethrower|p1a: Big Brain Boov
|-resisted|p1a: Big Brain Boov
|-damage|p1a: Big Brain Boov|41/100
|move|p1a: Big Brain Boov|Slack Off|p1a: Big Brain Boov
|-heal|p1a: Big Brain Boov|91/100
|
|-damage|p2a: Volcarona|0 fnt|[from] psn
|faint|p2a: Volcarona
|upkeep
|
|t:|1643098496
|switch|p2a: Tornadus|Tornadus-Therian, M|39/100
|turn|34
|
|t:|1643098503
|move|p2a: Tornadus|U-turn|p1a: Big Brain Boov
|-supereffective|p1a: Big Brain Boov
|-damage|p1a: Big Brain Boov|74/100
|
|t:|1643098506
|switch|p2a: Urshifu|Urshifu-Rapid-Strike, M|76/100|[from]move: U-turn
|move|p1a: Big Brain Boov|Ice Beam|p2a: Urshifu
|-resisted|p2a: Urshifu
|-crit|p2a: Urshifu
|-damage|p2a: Urshifu|52/100
|
|upkeep
|turn|35
|
|t:|1643098513
|move|p2a: Urshifu|U-turn|p1a: Big Brain Boov
|-supereffective|p1a: Big Brain Boov
|-damage|p1a: Big Brain Boov|31/100
|
|t:|1643098516
|switch|p2a: Tornadus|Tornadus-Therian, M|73/100|[from]move: U-turn
|move|p1a: Big Brain Boov|Slack Off|p1a: Big Brain Boov
|-heal|p1a: Big Brain Boov|81/100
|
|upkeep
|turn|36
|
|t:|1643098522
|move|p2a: Tornadus|U-turn|p1a: Big Brain Boov
|-supereffective|p1a: Big Brain Boov
|-damage|p1a: Big Brain Boov|62/100
|
|t:|1643098525
|switch|p2a: Urshifu|Urshifu-Rapid-Strike, M|52/100|[from]move: U-turn
|move|p1a: Big Brain Boov|Slack Off|p1a: Big Brain Boov
|-heal|p1a: Big Brain Boov|100/100
|
|upkeep
|turn|37
|
|t:|1643098531
|move|p2a: Urshifu|U-turn|p1a: Big Brain Boov
|-supereffective|p1a: Big Brain Boov
|-damage|p1a: Big Brain Boov|59/100
|
|t:|1643098533
|switch|p2a: Tornadus|Tornadus-Therian, M|100/100|[from]move: U-turn
|move|p1a: Big Brain Boov|Future Sight|p2a: Tornadus
|-start|p1a: Big Brain Boov|move: Future Sight
|
|upkeep
|turn|38
|
|t:|1643098538
|move|p2a: Tornadus|Hurricane|p1a: Big Brain Boov|[miss]
|-miss|p2a: Tornadus|p1a: Big Brain Boov
|move|p1a: Big Brain Boov|Teleport||[still]
|-fail|p1a: Big Brain Boov
|
|upkeep
|turn|39
|
|t:|1643098544
|move|p2a: Tornadus|Hurricane|p1a: Big Brain Boov
|-damage|p1a: Big Brain Boov|14/100
|-start|p1a: Big Brain Boov|confusion
|-activate|p1a: Big Brain Boov|confusion
|move|p1a: Big Brain Boov|Slack Off|p1a: Big Brain Boov
|-heal|p1a: Big Brain Boov|64/100
|
|-end|p2a: Tornadus|move: Future Sight
|-damage|p2a: Tornadus|59/100
|upkeep
|turn|40
|c|☆best to be worst|hit your self
|
|t:|1643098553
|move|p2a: Tornadus|Hurricane|p1a: Big Brain Boov|[miss]
|-miss|p2a: Tornadus|p1a: Big Brain Boov
|-end|p1a: Big Brain Boov|confusion
|move|p1a: Big Brain Boov|Slack Off|p1a: Big Brain Boov
|-heal|p1a: Big Brain Boov|100/100
|
|upkeep
|turn|41
|c|☆Stunfisk2140|no
|c|☆best to be worst|holt shit
|
|t:|1643098560
|move|p2a: Tornadus|Hurricane|p1a: Big Brain Boov
|-damage|p1a: Big Brain Boov|57/100
|move|p1a: Big Brain Boov|Future Sight|p2a: Tornadus
|-start|p1a: Big Brain Boov|move: Future Sight
|
|upkeep
|turn|42
|c|☆best to be worst|how many hurricans
|c|☆best to be worst|have i missed
|c|☆Stunfisk2140|my slowbro refuses
|
|t:|1643098567
|move|p2a: Tornadus|Hurricane|p1a: Big Brain Boov
|-damage|p1a: Big Brain Boov|11/100
|move|p1a: Big Brain Boov|Slack Off|p1a: Big Brain Boov
|-heal|p1a: Big Brain Boov|61/100
|
|upkeep
|turn|43
|
|t:|1643098574
|move|p2a: Tornadus|Hurricane|p1a: Big Brain Boov|[miss]
|-miss|p2a: Tornadus|p1a: Big Brain Boov
|move|p1a: Big Brain Boov|Slack Off|p1a: Big Brain Boov
|-heal|p1a: Big Brain Boov|100/100
|
|-end|p2a: Tornadus|move: Future Sight
|-damage|p2a: Tornadus|19/100
|upkeep
|turn|44
|
|t:|1643098581
|move|p2a: Tornadus|U-turn|p1a: Big Brain Boov
|-supereffective|p1a: Big Brain Boov
|-damage|p1a: Big Brain Boov|83/100
|
|t:|1643098583
|switch|p2a: Urshifu|Urshifu-Rapid-Strike, M|52/100|[from]move: U-turn
|move|p1a: Big Brain Boov|Future Sight|p2a: Urshifu
|-start|p1a: Big Brain Boov|move: Future Sight
|
|upkeep
|turn|45
|
|t:|1643098591
|move|p2a: Urshifu|U-turn|p1a: Big Brain Boov
|-supereffective|p1a: Big Brain Boov
|-damage|p1a: Big Brain Boov|42/100
|
|t:|1643098593
|switch|p2a: Tornadus|Tornadus-Therian, M|52/100|[from]move: U-turn
|move|p1a: Big Brain Boov|Ice Beam|p2a: Tornadus
|-supereffective|p2a: Tornadus
|-damage|p2a: Tornadus|12/100
|
|upkeep
|turn|46
|c|☆best to be worst|gg
|
|t:|1643098599
|move|p2a: Tornadus|Hurricane|p1a: Big Brain Boov|[miss]
|-miss|p2a: Tornadus|p1a: Big Brain Boov
|move|p1a: Big Brain Boov|Slack Off|p1a: Big Brain Boov
|-heal|p1a: Big Brain Boov|92/100
|
|-end|p2a: Tornadus|move: Future Sight
|-damage|p2a: Tornadus|0 fnt
|faint|p2a: Tornadus
|upkeep
|c|☆best to be worst|i swear
|c|☆best to be worst|this game
|c|☆Stunfisk2140|not so fast
|c|☆best to be worst|is rigged
|
|t:|1643098607
|switch|p2a: Urshifu|Urshifu-Rapid-Strike, M|52/100
|turn|47
|
|t:|1643098611
|move|p2a: Urshifu|U-turn|p1a: Big Brain Boov
|-supereffective|p1a: Big Brain Boov
|-damage|p1a: Big Brain Boov|48/100
|move|p1a: Big Brain Boov|Future Sight|p2a: Urshifu
|-start|p1a: Big Brain Boov|move: Future Sight
|
|upkeep
|turn|48
|
|t:|1643098615
|move|p2a: Urshifu|U-turn|p1a: Big Brain Boov
|-supereffective|p1a: Big Brain Boov
|-damage|p1a: Big Brain Boov|6/100
|move|p1a: Big Brain Boov|Slack Off|p1a: Big Brain Boov
|-heal|p1a: Big Brain Boov|56/100
|
|upkeep
|turn|49
|
|t:|1643098621
|move|p2a: Urshifu|U-turn|p1a: Big Brain Boov
|-supereffective|p1a: Big Brain Boov
|-damage|p1a: Big Brain Boov|12/100
|move|p1a: Big Brain Boov|Slack Off|p1a: Big Brain Boov
|-heal|p1a: Big Brain Boov|62/100
|
|-end|p2a: Urshifu|move: Future Sight
|-supereffective|p2a: Urshifu
|-damage|p2a: Urshifu|0 fnt
|faint|p2a: Urshifu
|
|win|Stunfisk2140
|upkeep
|c|☆best to be worst|winning cause of rng :/
|c|☆Stunfisk2140|slowbro GOAT
|c|☆Stunfisk2140|bro its even
|c|☆best to be worst|bro
|c|☆Stunfisk2140|u tect spammed
|c|☆Stunfisk2140|u deserve it
|c|☆Stunfisk2140|also
|c|☆best to be worst|i missed 5 hurricanes
|c|☆Stunfisk2140|!dt hurricane
|raw|<ul class="utilichart"><li class="result"><span class="col movenamecol"><a href="https://dex.pokemonshowdown.com/moves/hurricane">Hurricane</a></span> <span class="col typecol"><img src="//play.pokemonshowdown.com/sprites/types/Flying.png" alt="Flying" width="32" height="14"><img src="//play.pokemonshowdown.com/sprites/categories/Special.png" alt="Special" width="32" height="14"></span> <span class="col labelcol"><em>Power</em><br>110</span> <span class="col widelabelcol"><em>Accuracy</em><br>70%</span> <span class="col pplabelcol"><em>PP</em><br>16</span> <span class="col movedesccol">30% chance to confuse target. Can't miss in rain.</span> </li><li style="clear:both"></li></ul>
|raw|<font size="1"><font color="#686868">Priority:</font> 0&nbsp;|&ThickSpace;<font color="#686868">Gen:</font> 5&nbsp;|&ThickSpace;&#10003; Secondary effect&nbsp;|&ThickSpace;<font color="#686868">Z-Power:</font> 185&nbsp;|&ThickSpace;<font color="#686868">Dynamax Power:</font> 140&nbsp;|&ThickSpace;<font color="#686868">Target:</font> Any Pokémon</font>

|c|☆Stunfisk2140|bound to miss
|c|☆best to be worst|wooow
|c|☆best to be worst|im suppose to miss more then i hit?
|c|☆best to be worst|cause its 70
|c|☆Stunfisk2140|anything below 100 is automatically 50%
