|raw|<div class="broadcast-blue"><strong>This battle is required to be public due to a player having a name prefixed by 'LT71LX'.</div>
|j|☆lt71lx zokuru
|j|☆ezwz
|t:|1596837087
|player|p1|lt71lx zokuru|cress|1923
|player|p2|ezwz|youngster-gen4|1949
|teamsize|p1|6
|teamsize|p2|6
|gametype|singles
|gen|8
|tier|[Gen 8] OU
|rated|
|clearpoke
|poke|p1|Pelipper, F|
|poke|p1|Ferrothorn, F|
|poke|p1|Kingdra, F|
|poke|p1|Urshifu-*, F|
|poke|p1|Clefable, M|
|poke|p1|Kyurem|
|poke|p2|Pelipper, M|
|poke|p2|Seismitoad, F|
|poke|p2|Kingdra, F|
|poke|p2|Urshifu-*, F|
|poke|p2|Ferrothorn, M|
|poke|p2|Mandibuzz, F|
|rule|Sleep Clause Mod: Limit one foe put to sleep
|rule|Species Clause: Limit one of each Pokémon
|rule|OHKO Clause: OHKO moves are banned
|rule|Evasion Moves Clause: Evasion moves are banned
|rule|Endless Battle Clause: Forcing endless battles is banned
|rule|HP Percentage Mod: HP is shown in percentages
|rule|Dynamax Clause: You cannot dynamax
|teampreview
|j| Deckline
|j| Luthier
|c|☆lt71lx zokuru|hf
|j| HYper
|j| Sumo~(Mega)
|j| Bloody alfa
|c|☆ezwz|u2
|j| cypherstest
|j| LT71LX Storm
|j| Nacho Varga
|j| phil c
|j| LT71LX life
|j|%Adri
|
|t:|1596837116
|start
|switch|p1a: Kyurem|Kyurem|100/100
|switch|p2a: Ferrothorn|Ferrothorn, M|100/100
|-ability|p1a: Kyurem|Pressure
|turn|1
|j| idontsellcrack
|j| xdsdasdasdfasf
|j| LT71LX SW
|c| xdsdasdasdfasf|why so many ppl watching? is this a tournament?
|j| I dont reply
|j| NastyPlotZammer
|inactive|Battle timer is ON: inactive players will automatically lose when time's up. (requested by lt71lx zokuru)
|j| IchabodRB
|j| VvvV1250
|j| lt71lx ACII
|c| VvvV1250|1.9k+
|j| nonante huit
|inactive|ezwz has 120 seconds left.
|l| HYper
|l| phil c
|
|t:|1596837201
|move|p1a: Kyurem|Substitute|p1a: Kyurem
|-start|p1a: Kyurem|Substitute
|-damage|p1a: Kyurem|76/100
|move|p2a: Ferrothorn|Knock Off|p1a: Kyurem
|-activate|p1a: Kyurem|move: Substitute|[damage]
|
|-heal|p1a: Kyurem|82/100|[from] item: Leftovers
|upkeep
|turn|2
|j| North
|
|t:|1596837208
|switch|p2a: Pelipper|Pelipper, M|100/100
|-weather|RainDance|[from] ability: Drizzle|[of] p2a: Pelipper
|move|p1a: Kyurem|Icicle Spear|p2a: Pelipper
|-damage|p2a: Pelipper|90/100
|-damage|p2a: Pelipper|80/100
|-hitcount|p2a: Pelipper|2
|
|-weather|RainDance|[upkeep]
|-heal|p1a: Kyurem|88/100|[from] item: Leftovers
|upkeep
|turn|3
|
|t:|1596837211
|move|p1a: Kyurem|Freeze-Dry|p2a: Pelipper
|-supereffective|p2a: Pelipper
|-damage|p2a: Pelipper|0 fnt
|faint|p2a: Pelipper
|
|-weather|RainDance|[upkeep]
|-heal|p1a: Kyurem|94/100|[from] item: Leftovers
|upkeep
|
|t:|1596837218
|switch|p2a: Ferrothorn|Ferrothorn, M|100/100
|turn|4
|
|t:|1596837220
|move|p1a: Kyurem|Icicle Spear|p2a: Ferrothorn
|-damage|p2a: Ferrothorn|93/100
|-damage|p2a: Ferrothorn|85/100
|-damage|p2a: Ferrothorn|77/100
|-damage|p2a: Ferrothorn|68/100
|-damage|p2a: Ferrothorn|61/100
|-hitcount|p2a: Ferrothorn|5
|move|p2a: Ferrothorn|Spikes|p1a: Kyurem
|-sidestart|p1: lt71lx zokuru|Spikes
|
|-weather|RainDance|[upkeep]
|-heal|p1a: Kyurem|99/100|[from] item: Leftovers
|upkeep
|turn|5
|j| PaperMilk
|
|t:|1596837226
|move|p1a: Kyurem|Icicle Spear|p2a: Ferrothorn
|-damage|p2a: Ferrothorn|53/100
|-damage|p2a: Ferrothorn|44/100
|-damage|p2a: Ferrothorn|36/100
|-damage|p2a: Ferrothorn|27/100
|-crit|p2a: Ferrothorn
|-damage|p2a: Ferrothorn|16/100
|-hitcount|p2a: Ferrothorn|5
|move|p2a: Ferrothorn|Knock Off|p1a: Kyurem
|-end|p1a: Kyurem|Substitute
|
|-weather|RainDance|[upkeep]
|-heal|p1a: Kyurem|100/100|[from] item: Leftovers
|upkeep
|turn|6
|j| LT71LX La Grimb
|j| anak jahad
|
|t:|1596837237
|move|p1a: Kyurem|Substitute|p1a: Kyurem
|-start|p1a: Kyurem|Substitute
|-damage|p1a: Kyurem|76/100
|move|p2a: Ferrothorn|Body Press|p1a: Kyurem
|-supereffective|p1a: Kyurem
|-end|p1a: Kyurem|Substitute
|
|-weather|RainDance|[upkeep]
|-heal|p1a: Kyurem|82/100|[from] item: Leftovers
|upkeep
|turn|7
|j| AwesomeAdams
|j| im_noob_go_ez
|
|t:|1596837241
|move|p1a: Kyurem|Icicle Spear|p2a: Ferrothorn
|-damage|p2a: Ferrothorn|8/100
|-damage|p2a: Ferrothorn|0 fnt
|-hitcount|p2a: Ferrothorn|2
|faint|p2a: Ferrothorn
|
|-weather|RainDance|[upkeep]
|-heal|p1a: Kyurem|88/100|[from] item: Leftovers
|upkeep
|j| Ririne
|
|t:|1596837245
|switch|p2a: Kingdra|Kingdra, F|100/100
|turn|8
|c| LT71LX La Grimb|déjà vu
|n| cypherstest|cypherstest
|
|t:|1596837249
|switch|p1a: Clefable|Clefable, M|100/100
|move|p2a: Kingdra|Draco Meteor|p1a: Clefable
|-immune|p1a: Clefable
|
|-weather|RainDance|[upkeep]
|upkeep
|turn|9
|l| AwesomeAdams
|
|t:|1596837257
|switch|p2a: Seismitoad|Seismitoad, F|100/100
|move|p1a: Clefable|Moonblast|p2a: Seismitoad
|-damage|p2a: Seismitoad|64/100
|
|-weather|none
|upkeep
|turn|10
|
|t:|1596837265
|switch|p1a: Pelipper|Pelipper, F|100/100
|-weather|RainDance|[from] ability: Drizzle|[of] p1a: Pelipper
|move|p2a: Seismitoad|Stealth Rock|p1a: Pelipper
|-sidestart|p1: lt71lx zokuru|move: Stealth Rock
|
|-weather|RainDance|[upkeep]
|upkeep
|turn|11
|l| LT71LX life
|
|t:|1596837284
|move|p2a: Seismitoad|Liquidation|p1a: Pelipper
|-resisted|p1a: Pelipper
|-damage|p1a: Pelipper|70/100
|-damage|p2a: Seismitoad|54/100|[from] item: Life Orb
|move|p1a: Pelipper|Defog|p2a: Seismitoad
|-unboost|p2a: Seismitoad|evasion|1
|-sideend|p1: lt71lx zokuru|Spikes|[from] move: Defog|[of] p1a: Pelipper
|-sideend|p1: lt71lx zokuru|Stealth Rock|[from] move: Defog|[of] p1a: Pelipper
|
|-weather|RainDance|[upkeep]
|upkeep
|turn|12
|j| BoomBoomBoo
|
|t:|1596837288
|move|p2a: Seismitoad|Stealth Rock|p1a: Pelipper
|-sidestart|p1: lt71lx zokuru|move: Stealth Rock
|move|p1a: Pelipper|U-turn|p2a: Seismitoad
|-damage|p2a: Seismitoad|43/100
|
|t:|1596837289
|switch|p1a: Kingdra|Kingdra, F|100/100|[from]move: U-turn
|-damage|p1a: Kingdra|88/100|[from] Stealth Rock
|
|-weather|RainDance|[upkeep]
|upkeep
|turn|13
|j| LT71LX JOKERDOG
|
|t:|1596837298
|move|p1a: Kingdra|Surf|p2a: Seismitoad
|-damage|p2a: Seismitoad|0 fnt
|faint|p2a: Seismitoad
|
|-weather|RainDance|[upkeep]
|upkeep
|
|t:|1596837301
|switch|p2a: Kingdra|Kingdra, F|100/100
|turn|14
|
|t:|1596837303
|move|p2a: Kingdra|Hurricane|p1a: Kingdra
|-crit|p1a: Kingdra
|-damage|p1a: Kingdra|0 fnt
|faint|p1a: Kingdra
|
|-weather|RainDance|[upkeep]
|upkeep
|j| LT71LX Stareal
|
|t:|1596837309
|switch|p1a: Clefable|Clefable, M|100/100
|turn|15
|
|t:|1596837322
|switch|p2a: Urshifu|Urshifu-Rapid-Strike, F|100/100
|move|p1a: Clefable|Teleport|p1a: Clefable
|
|t:|1596837328
|switch|p1a: Urshifu|Urshifu-Rapid-Strike, F|100/100|[from]move: Teleport
|-damage|p1a: Urshifu|94/100|[from] Stealth Rock
|
|-weather|RainDance|[upkeep]
|upkeep
|turn|16
|
|t:|1596837335
|move|p1a: Urshifu|Close Combat|p2a: Urshifu
|-damage|p2a: Urshifu|5/100
|-unboost|p1a: Urshifu|def|1
|-unboost|p1a: Urshifu|spd|1
|move|p2a: Urshifu|Close Combat|p1a: Urshifu
|-damage|p1a: Urshifu|0 fnt
|-unboost|p2a: Urshifu|def|1
|-unboost|p2a: Urshifu|spd|1
|faint|p1a: Urshifu
|
|-weather|RainDance|[upkeep]
|upkeep
|j| im$o juggin
|j| ironwater
|
|t:|1596837339
|switch|p1a: Clefable|Clefable, M|100/100
|turn|17
|
|t:|1596837352
|move|p2a: Urshifu|Close Combat|p1a: Clefable
|-resisted|p1a: Clefable
|-damage|p1a: Clefable|58/100
|-unboost|p2a: Urshifu|def|1
|-unboost|p2a: Urshifu|spd|1
|move|p1a: Clefable|Wish|p1a: Clefable
|
|-weather|none
|-heal|p1a: Clefable|64/100|[from] item: Leftovers
|upkeep
|turn|18
|
|t:|1596837358
|move|p2a: Urshifu|Close Combat|p1a: Clefable
|-resisted|p1a: Clefable
|-damage|p1a: Clefable|22/100
|-unboost|p2a: Urshifu|def|1
|-unboost|p2a: Urshifu|spd|1
|move|p1a: Clefable|Moonblast|p2a: Urshifu
|-supereffective|p2a: Urshifu
|-crit|p2a: Urshifu
|-damage|p2a: Urshifu|0 fnt
|faint|p2a: Urshifu
|
|-heal|p1a: Clefable|72/100|[from] move: Wish|[wisher] Clefable
|-heal|p1a: Clefable|78/100|[from] item: Leftovers
|upkeep
|
|t:|1596837360
|switch|p2a: Kingdra|Kingdra, F|100/100
|turn|19
|
|t:|1596837362
|move|p1a: Clefable|Protect|p1a: Clefable
|-singleturn|p1a: Clefable|Protect
|move|p2a: Kingdra|Hydro Pump|p1a: Clefable
|-activate|p1a: Clefable|move: Protect
|
|-heal|p1a: Clefable|84/100|[from] item: Leftovers
|upkeep
|turn|20
|
|t:|1596837367
|move|p2a: Kingdra|Hydro Pump|p1a: Clefable|[miss]
|-miss|p2a: Kingdra|p1a: Clefable
|move|p1a: Clefable|Wish|p1a: Clefable
|
|-heal|p1a: Clefable|90/100|[from] item: Leftovers
|upkeep
|turn|21
|
|t:|1596837370
|move|p2a: Kingdra|Hydro Pump|p1a: Clefable
|-damage|p1a: Clefable|26/100
|move|p1a: Clefable|Teleport|p1a: Clefable
|
|t:|1596837372
|switch|p1a: Kyurem|Kyurem|88/100|[from]move: Teleport
|-damage|p1a: Kyurem|63/100|[from] Stealth Rock
|-ability|p1a: Kyurem|Pressure
|
|-heal|p1a: Kyurem|100/100|[from] move: Wish|[wisher] Clefable
|upkeep
|turn|22
|
|t:|1596837376
|switch|p2a: Mandibuzz|Mandibuzz, F|100/100
|move|p1a: Kyurem|Substitute|p1a: Kyurem
|-start|p1a: Kyurem|Substitute
|-damage|p1a: Kyurem|76/100
|
|-heal|p1a: Kyurem|82/100|[from] item: Leftovers
|upkeep
|turn|23
|c|☆ezwz|gg
|c|☆lt71lx zokuru|gg
|-message|ezwz forfeited.
|
|win|lt71lx zokuru
|l|☆ezwz
|l| cypherstest
|l| I dont reply
|j| brouha
|l| Deckline
|j| Ox the Fox
|l| Bloody alfa
|j| Flag wo Tatero
|l| ironwater
|l| brouha
|l| LT71LX Stareal
|l|☆lt71lx zokuru
|l| VvvV1250
|l| xdsdasdasdfasf
|l| im$o juggin
|l| im_noob_go_ez
|l|%Adri
|raw|lt71lx zokuru's rating: 1923 &rarr; <strong>1943</strong><br />(+20 for winning)
|raw|ezwz's rating: 1926 &rarr; <strong>1906</strong><br />(-20 for losing)
|l| Flag wo Tatero
|l| North
|l| NastyPlotZammer
|l| LT71LX SW
|j| lt71lx apologies
|l| lt71lx apologies
|l| IchabodRB
|j| Celtis
|l| Celtis
|l| LT71LX La Grimb
|l| Nacho Varga
|l| lt71lx ACII
|l| idontsellcrack
|l| PaperMilk
|j| GTOsprey
|j| tr0viD
|l| tr0viD
|l| Sumo~(Mega)
|l| nonante huit
|j| Sunny Dae
|l| LT71LX JOKERDOG
|j| Wertsd26
|j|☆lt71lx zokuru
|player|p1|lt71lx zokuru|cress
|l| Wertsd26
|l|☆lt71lx zokuru
|player|p1|
|l| anak jahad
|j| LT71LX TSAU
|l| Ox the Fox
|l| Luthier
|l| LT71LX TSAU
|l| GTOsprey
|l| Sunny Dae
|j| LT71LX life
|l| LT71LX life
|l| LT71LX Storm
|l| Ririne
