|j|☆tystys
|j|☆InvincibleRoserade
|t:|1662437207
|gametype|singles
|player|p1|tystys|265|1569
|player|p2|InvincibleRoserade|dawn|1670
|teamsize|p1|6
|teamsize|p2|6
|gen|8
|tier|[Gen 8] OU
|rated|
|rule|Sleep Clause Mod: Limit one foe put to sleep
|rule|Species Clause: Limit one of each Pokémon
|rule|OHKO Clause: OHKO moves are banned
|rule|Evasion Items Clause: Evasion items are banned
|rule|Evasion Moves Clause: Evasion moves are banned
|rule|Endless Battle Clause: Forcing endless battles is banned
|rule|HP Percentage Mod: HP is shown in percentages
|rule|Dynamax Clause: You cannot dynamax
|clearpoke
|poke|p1|Tapu Lele|
|poke|p1|Porygon-Z|
|poke|p1|Pelipper, F|
|poke|p1|Ferrothorn, F|
|poke|p1|Barraskewda, F|
|poke|p1|Garchomp, M|
|poke|p2|Clefable, F|
|poke|p2|Tornadus-Therian, M|
|poke|p2|Nidoking, M|
|poke|p2|Slowking, F|
|poke|p2|Urshifu-*, M|
|poke|p2|Ferrothorn, M|
|teampreview
|inactive|Battle timer is ON: inactive players will automatically lose when time's up. (requested by tystys)
|
|t:|1662437255
|start
|switch|p1a: Garchomp|Garchomp, M|100/100
|switch|p2a: Urshifu|Urshifu-Rapid-Strike, M|100/100
|turn|1
|
|t:|1662437260
|move|p2a: Urshifu|Ice Punch|p1a: Garchomp
|-supereffective|p1a: Garchomp
|-damage|p1a: Garchomp|0 fnt
|-damage|p2a: Urshifu|88/100|[from] ability: Rough Skin|[of] p1a: Garchomp
|faint|p1a: Garchomp
|
|upkeep
|
|t:|1662437269
|switch|p1a: Pelipper|Pelipper, F|100/100
|-weather|RainDance|[from] ability: Drizzle|[of] p1a: Pelipper
|turn|2
|
|t:|1662437281
|switch|p2a: Slowking|Slowking, F, shiny|100/100
|move|p1a: Pelipper|U-turn|p2a: Slowking
|-supereffective|p2a: Slowking
|-damage|p2a: Slowking|82/100
|
|t:|1662437293
|switch|p1a: Porygon-Z|Porygon-Z|100/100|[from]move: U-turn
|-ability|p1a: Porygon-Z|Download|boost
|-boost|p1a: Porygon-Z|atk|1
|
|-weather|RainDance|[upkeep]
|upkeep
|turn|3
|j| KiLlUsIoNiSt
|
|t:|1662437308
|move|p1a: Porygon-Z|Tri Attack|p2a: Slowking
|-damage|p2a: Slowking|43/100
|-status|p2a: Slowking|frz
|-curestatus|p2a: Slowking|frz|[from] move: Scald
|move|p2a: Slowking|Scald|p1a: Porygon-Z
|-damage|p1a: Porygon-Z|42/100
|
|-weather|RainDance|[upkeep]
|upkeep
|turn|4
|
|t:|1662437321
|switch|p1a: Ferrothorn|Ferrothorn, F|100/100
|move|p2a: Slowking|Scald|p1a: Ferrothorn
|-resisted|p1a: Ferrothorn
|-damage|p1a: Ferrothorn|83/100
|-status|p1a: Ferrothorn|brn
|
|-weather|RainDance|[upkeep]
|-damage|p1a: Ferrothorn|77/100 brn|[from] brn
|upkeep
|turn|5
|inactive|InvincibleRoserade has 120 seconds left.
|
|t:|1662437352
|switch|p2a: Tornadus|Tornadus-Therian, M, shiny|100/100
|move|p1a: Ferrothorn|Spikes|p2a: Tornadus
|-sidestart|p2: InvincibleRoserade|Spikes
|
|-weather|RainDance|[upkeep]
|-damage|p1a: Ferrothorn|71/100 brn|[from] brn
|upkeep
|turn|6
|inactive|InvincibleRoserade has 120 seconds left.
|
|t:|1662437361
|switch|p1a: Tapu Lele|Tapu Lele|100/100
|-fieldstart|move: Psychic Terrain|[from] ability: Psychic Surge|[of] p1a: Tapu Lele
|move|p2a: Tornadus|Hurricane|p1a: Tapu Lele
|-damage|p1a: Tapu Lele|59/100
|
|-weather|RainDance|[upkeep]
|upkeep
|turn|7
|inactive|InvincibleRoserade has 120 seconds left.
|
|t:|1662437374
|switch|p2a: Ferrothorn|Ferrothorn, M, shiny|100/100
|-damage|p2a: Ferrothorn|88/100|[from] Spikes
|move|p1a: Tapu Lele|Psychic|p2a: Ferrothorn
|-resisted|p2a: Ferrothorn
|-damage|p2a: Ferrothorn|58/100
|
|-weather|RainDance|[upkeep]
|upkeep
|turn|8
|
|t:|1662437383
|switch|p1a: Ferrothorn|Ferrothorn, F|71/100 brn
|switch|p2a: Slowking|Slowking, F, shiny|77/100
|
|-weather|RainDance|[upkeep]
|-damage|p1a: Ferrothorn|65/100 brn|[from] brn
|upkeep
|turn|9
|
|t:|1662437395
|move|p1a: Ferrothorn|Spikes|p2a: Slowking
|-sidestart|p2: InvincibleRoserade|Spikes
|move|p2a: Slowking|Teleport|p2a: Slowking
|
|t:|1662437401
|switch|p2a: Nidoking|Nidoking, M|100/100|[from]move: Teleport
|-damage|p2a: Nidoking|84/100|[from] Spikes
|
|-weather|none
|-damage|p1a: Ferrothorn|59/100 brn|[from] brn
|upkeep
|turn|10
|
|t:|1662437412
|switch|p1a: Pelipper|Pelipper, F|100/100
|-weather|RainDance|[from] ability: Drizzle|[of] p1a: Pelipper
|move|p2a: Nidoking|Sludge Wave|p1a: Pelipper
|-damage|p1a: Pelipper|32/100
|
|-weather|RainDance|[upkeep]
|-fieldend|move: Psychic Terrain
|upkeep
|turn|11
|
|t:|1662437419
|move|p2a: Nidoking|Sludge Wave|p1a: Pelipper
|-damage|p1a: Pelipper|0 fnt
|faint|p1a: Pelipper
|
|-weather|RainDance|[upkeep]
|upkeep
|
|t:|1662437421
|switch|p1a: Barraskewda|Barraskewda, F|100/100
|turn|12
|
|t:|1662437425
|switch|p2a: Slowking|Slowking, F, shiny|100/100
|move|p1a: Barraskewda|Liquidation|p2a: Slowking
|-resisted|p2a: Slowking
|-damage|p2a: Slowking|46/100
|
|-weather|RainDance|[upkeep]
|upkeep
|turn|13
|
|t:|1662437432
|switch|p2a: Ferrothorn|Ferrothorn, M, shiny|58/100
|-damage|p2a: Ferrothorn|41/100|[from] Spikes
|move|p1a: Barraskewda|Liquidation|p2a: Ferrothorn
|-resisted|p2a: Ferrothorn
|-damage|p2a: Ferrothorn|9/100
|-damage|p1a: Barraskewda|88/100|[from] ability: Iron Barbs|[of] p2a: Ferrothorn
|-damage|p1a: Barraskewda|72/100|[from] item: Rocky Helmet|[of] p2a: Ferrothorn
|
|-weather|RainDance|[upkeep]
|upkeep
|turn|14
|
|t:|1662437442
|move|p1a: Barraskewda|Liquidation|p2a: Ferrothorn
|-resisted|p2a: Ferrothorn
|-damage|p2a: Ferrothorn|0 fnt
|-damage|p1a: Barraskewda|60/100|[from] ability: Iron Barbs|[of] p2a: Ferrothorn
|-damage|p1a: Barraskewda|43/100|[from] item: Rocky Helmet|[of] p2a: Ferrothorn
|faint|p2a: Ferrothorn
|
|-weather|RainDance|[upkeep]
|upkeep
|
|t:|1662437451
|switch|p2a: Urshifu|Urshifu-Rapid-Strike, M|88/100
|-damage|p2a: Urshifu|72/100|[from] Spikes
|turn|15
|
|t:|1662437458
|move|p1a: Barraskewda|Liquidation|p2a: Urshifu
|-resisted|p2a: Urshifu
|-damage|p2a: Urshifu|19/100
|move|p2a: Urshifu|U-turn|p1a: Barraskewda
|-damage|p1a: Barraskewda|0 fnt
|faint|p1a: Barraskewda
|
|t:|1662437472
|switch|p2a: Slowking|Slowking, F, shiny|79/100|[from]move: U-turn
|
|-weather|RainDance|[upkeep]
|upkeep
|
|t:|1662437486
|switch|p1a: Ferrothorn|Ferrothorn, F|59/100 brn
|turn|16
|
|t:|1662437492
|move|p1a: Ferrothorn|Leech Seed|p2a: Slowking
|-start|p2a: Slowking|move: Leech Seed
|move|p2a: Slowking|Teleport|p2a: Slowking
|inactive|InvincibleRoserade has 120 seconds left.
|
|t:|1662437526
|switch|p2a: Nidoking|Nidoking, M|84/100|[from]move: Teleport
|-damage|p2a: Nidoking|67/100|[from] Spikes
|
|-weather|RainDance|[upkeep]
|-damage|p1a: Ferrothorn|53/100 brn|[from] brn
|upkeep
|turn|17
|
|t:|1662437535
|move|p2a: Nidoking|Flamethrower|p1a: Ferrothorn
|-supereffective|p1a: Ferrothorn
|-damage|p1a: Ferrothorn|0 fnt
|faint|p1a: Ferrothorn
|
|-weather|none
|upkeep
|
|t:|1662437538
|switch|p1a: Tapu Lele|Tapu Lele|59/100
|-fieldstart|move: Psychic Terrain|[from] ability: Psychic Surge|[of] p1a: Tapu Lele
|turn|18
|
|t:|1662437543
|switch|p2a: Slowking|Slowking, F, shiny|100/100
|move|p1a: Tapu Lele|Psychic|p2a: Slowking
|-resisted|p2a: Slowking
|-damage|p2a: Slowking|82/100
|
|upkeep
|turn|19
|-message|tystys forfeited.
|
|win|InvincibleRoserade
|raw|tystys's rating: 1569 &rarr; <strong>1555</strong><br />(-14 for losing)
|raw|InvincibleRoserade's rating: 1670 &rarr; <strong>1684</strong><br />(+14 for winning)
|l|☆tystys
||Ladder isn't responding, score probably updated but might not have (Request timeout).
