|raw|<div class="broadcast-blue"><strong>This battle is required to be public due to a player having a name starting with 'lt84jm'.</div>
|j|☆LT84JMsorryimtoxic
|j|☆Coach Jones 6fifth
|t:|1627340945
|gametype|singles
|player|p1|LT84JMsorryimtoxic|169|1814
|player|p2|Coach Jones 6fifth|lusamine-nihilego|1828
|teamsize|p1|6
|teamsize|p2|6
|gen|8
|tier|[Gen 8] OU
|rated|
|rule|Sleep Clause Mod: Limit one foe put to sleep
|rule|Species Clause: Limit one of each Pokémon
|rule|OHKO Clause: OHKO moves are banned
|rule|Evasion Moves Clause: Evasion moves are banned
|rule|Endless Battle Clause: Forcing endless battles is banned
|rule|HP Percentage Mod: HP is shown in percentages
|rule|Dynamax Clause: You cannot dynamax
|clearpoke
|poke|p1|Scizor, M|
|poke|p1|Toxapex, M|
|poke|p1|Clefable, F|
|poke|p1|Hippowdon, M|
|poke|p1|Skarmory, M|
|poke|p1|Tapu Koko|
|poke|p2|Urshifu-*, M|
|poke|p2|Corviknight, F|
|poke|p2|Landorus-Therian, M|
|poke|p2|Heatran, M|
|poke|p2|Dragapult, M|
|poke|p2|Zapdos|
|teampreview
|inactive|Battle timer is ON: inactive players will automatically lose when time's up. (requested by LT84JMsorryimtoxic)
|j| yacht
|
|t:|1627340966
|start
|switch|p1a: Clefable|Clefable, F|100/100
|switch|p2a: Landorus|Landorus-Therian, M|100/100
|-ability|p2a: Landorus|Intimidate|boost
|-unboost|p1a: Clefable|atk|1
|turn|1
|j| storm zone
|
|t:|1627340974
|move|p2a: Landorus|Toxic|p1a: Clefable|[miss]
|-miss|p2a: Landorus|p1a: Clefable
|move|p1a: Clefable|Knock Off|p2a: Landorus
|-damage|p2a: Landorus|94/100
|-enditem|p2a: Landorus|Leftovers|[from] move: Knock Off|[of] p1a: Clefable
|
|upkeep
|turn|2
|j| Fardin fan 102
|
|t:|1627340978
|move|p2a: Landorus|Toxic|p1a: Clefable
|-status|p1a: Clefable|tox
|move|p1a: Clefable|Moonblast|p2a: Landorus
|-crit|p2a: Landorus
|-damage|p2a: Landorus|41/100
|
|upkeep
|turn|3
|j| Siirin
|c| Fardin fan 102|Whoa it’s a goat versus a goat
|
|t:|1627340991
|switch|p2a: Corviknight|Corviknight, F|100/100
|-ability|p2a: Corviknight|Pressure
|move|p1a: Clefable|Thunder Wave|p2a: Corviknight
|-status|p2a: Corviknight|par
|
|upkeep
|turn|4
|c| Fardin fan 102|this is so crazy
|raw|<div class="broadcast-red"><strong>Moderated chat was set to +!</strong><br />Only users of rank + and higher can talk.</div>
|
|t:|1627340997
|move|p1a: Clefable|Knock Off|p2a: Corviknight
|-damage|p2a: Corviknight|92/100 par
|-enditem|p2a: Corviknight|Leftovers|[from] move: Knock Off|[of] p1a: Clefable
|cant|p2a: Corviknight|par
|
|upkeep
|turn|5
|inactive|Coach Jones 6fifth has 120 seconds left.
|
|t:|1627341035
|switch|p1a: Hippowdon|Hippowdon, M|100/100
|-weather|Sandstorm|[from] ability: Sand Stream|[of] p1a: Hippowdon
|move|p2a: Corviknight|Iron Head|p1a: Hippowdon
|-damage|p1a: Hippowdon|83/100
|
|-weather|Sandstorm|[upkeep]
|upkeep
|turn|6
|
|t:|1627341040
|move|p1a: Hippowdon|Stealth Rock|p2a: Corviknight
|-sidestart|p2: Coach Jones 6fifth|move: Stealth Rock
|move|p2a: Corviknight|Defog|p1a: Hippowdon
|-unboost|p1a: Hippowdon|evasion|1
|-sideend|p2: Coach Jones 6fifth|Stealth Rock|[from] move: Defog|[of] p2a: Corviknight
|
|-weather|Sandstorm|[upkeep]
|upkeep
|turn|7
|inactive|Coach Jones 6fifth has 120 seconds left.
|
|t:|1627341082
|move|p1a: Hippowdon|Stealth Rock|p2a: Corviknight
|-sidestart|p2: Coach Jones 6fifth|move: Stealth Rock
|move|p2a: Corviknight|Iron Head|p1a: Hippowdon
|-damage|p1a: Hippowdon|67/100
|
|-weather|Sandstorm|[upkeep]
|upkeep
|turn|8
|
|t:|1627341086
|move|p1a: Hippowdon|Slack Off|p1a: Hippowdon
|-heal|p1a: Hippowdon|100/100
|move|p2a: Corviknight|Defog|p1a: Hippowdon
|-unboost|p1a: Hippowdon|evasion|1
|-sideend|p2: Coach Jones 6fifth|Stealth Rock|[from] move: Defog|[of] p2a: Corviknight
|
|-weather|Sandstorm|[upkeep]
|upkeep
|turn|9
|
|t:|1627341108
|switch|p2a: Landorus|Landorus-Therian, M|41/100
|-ability|p2a: Landorus|Intimidate|boost
|-unboost|p1a: Hippowdon|atk|1
|move|p1a: Hippowdon|Stealth Rock|p2a: Landorus
|-sidestart|p2: Coach Jones 6fifth|move: Stealth Rock
|
|-weather|none
|upkeep
|turn|10
|
|t:|1627341113
|switch|p1a: Skarmory|Skarmory, M|100/100
|move|p2a: Landorus|Toxic|p1a: Skarmory
|-immune|p1a: Skarmory
|
|upkeep
|turn|11
|
|t:|1627341118
|switch|p2a: Zapdos|Zapdos|100/100
|move|p1a: Skarmory|Spikes|p2a: Zapdos
|-sidestart|p2: Coach Jones 6fifth|Spikes
|
|upkeep
|turn|12
|inactive|Coach Jones 6fifth has 120 seconds left.
|
|t:|1627341124
|switch|p2a: Corviknight|Corviknight, F|92/100 par
|-damage|p2a: Corviknight|79/100 par|[from] Stealth Rock
|-ability|p2a: Corviknight|Pressure
|switch|p1a: Clefable|Clefable, F|100/100 tox
|
|upkeep
|turn|13
|
|t:|1627341128
|switch|p1a: Tapu Koko|Tapu Koko|100/100
|-fieldstart|move: Electric Terrain|[from] ability: Electric Surge|[of] p1a: Tapu Koko
|move|p2a: Corviknight|Defog|p1a: Tapu Koko
|-unboost|p1a: Tapu Koko|evasion|1
|-sideend|p2: Coach Jones 6fifth|Spikes|[from] move: Defog|[of] p2a: Corviknight
|-sideend|p2: Coach Jones 6fifth|Stealth Rock|[from] move: Defog|[of] p2a: Corviknight
|-fieldend|move: Electric Terrain
|
|upkeep
|turn|14
|
|t:|1627341131
|switch|p2a: Heatran|Heatran, M|100/100
|move|p1a: Tapu Koko|Volt Switch|p2a: Heatran
|-damage|p2a: Heatran|83/100
|
|t:|1627341132
|switch|p1a: Hippowdon|Hippowdon, M|100/100|[from]move: Volt Switch
|-weather|Sandstorm|[from] ability: Sand Stream|[of] p1a: Hippowdon
|
|-weather|Sandstorm|[upkeep]
|-heal|p2a: Heatran|90/100|[from] item: Leftovers
|upkeep
|turn|15
|
|t:|1627341135
|switch|p2a: Corviknight|Corviknight, F|79/100 par
|-ability|p2a: Corviknight|Pressure
|move|p1a: Hippowdon|Stealth Rock|p2a: Corviknight
|-sidestart|p2: Coach Jones 6fifth|move: Stealth Rock
|
|-weather|Sandstorm|[upkeep]
|upkeep
|turn|16
|
|t:|1627341138
|switch|p1a: Tapu Koko|Tapu Koko|100/100
|-fieldstart|move: Electric Terrain|[from] ability: Electric Surge|[of] p1a: Tapu Koko
|cant|p2a: Corviknight|par
|
|-weather|Sandstorm|[upkeep]
|-damage|p1a: Tapu Koko|94/100|[from] Sandstorm
|upkeep
|turn|17
|
|t:|1627341144
|switch|p2a: Landorus|Landorus-Therian, M|41/100
|-damage|p2a: Landorus|28/100|[from] Stealth Rock
|-ability|p2a: Landorus|Intimidate|boost
|-unboost|p1a: Tapu Koko|atk|1
|move|p1a: Tapu Koko|Thunderbolt|p2a: Landorus
|-immune|p2a: Landorus
|
|-weather|Sandstorm|[upkeep]
|-damage|p1a: Tapu Koko|88/100|[from] Sandstorm
|upkeep
|turn|18
|
|t:|1627341149
|switch|p1a: Skarmory|Skarmory, M|100/100
|switch|p2a: Heatran|Heatran, M|90/100
|-damage|p2a: Heatran|77/100|[from] Stealth Rock
|
|-weather|none
|-heal|p2a: Heatran|83/100|[from] item: Leftovers
|upkeep
|turn|19
|
|t:|1627341153
|switch|p1a: Hippowdon|Hippowdon, M|100/100
|-weather|Sandstorm|[from] ability: Sand Stream|[of] p1a: Hippowdon
|move|p2a: Heatran|Magma Storm|p1a: Hippowdon
|-damage|p1a: Hippowdon|73/100
|-activate|p1a: Hippowdon|move: Magma Storm|[of] p2a: Heatran
|
|-weather|Sandstorm|[upkeep]
|-heal|p2a: Heatran|90/100|[from] item: Leftovers
|-damage|p1a: Hippowdon|60/100|[from] move: Magma Storm|[partiallytrapped]
|upkeep
|turn|20
|
|t:|1627341158
|switch|p2a: Corviknight|Corviknight, F|79/100 par
|-damage|p2a: Corviknight|67/100 par|[from] Stealth Rock
|-ability|p2a: Corviknight|Pressure
|move|p1a: Hippowdon|Slack Off|p1a: Hippowdon
|-heal|p1a: Hippowdon|100/100
|
|-weather|Sandstorm|[upkeep]
|-end|p1a: Hippowdon|Magma Storm|[partiallytrapped]|[silent]
|-fieldend|move: Electric Terrain
|upkeep
|turn|21
|
|t:|1627341160
|switch|p1a: Tapu Koko|Tapu Koko|88/100
|-fieldstart|move: Electric Terrain|[from] ability: Electric Surge|[of] p1a: Tapu Koko
|move|p2a: Corviknight|Defog|p1a: Tapu Koko
|-unboost|p1a: Tapu Koko|evasion|1
|-sideend|p2: Coach Jones 6fifth|Stealth Rock|[from] move: Defog|[of] p2a: Corviknight
|-fieldend|move: Electric Terrain
|
|-weather|Sandstorm|[upkeep]
|-damage|p1a: Tapu Koko|82/100|[from] Sandstorm
|upkeep
|turn|22
|
|t:|1627341163
|switch|p2a: Zapdos|Zapdos|100/100
|move|p1a: Tapu Koko|Volt Switch|p2a: Zapdos
|-damage|p2a: Zapdos|69/100
|
|t:|1627341169
|switch|p1a: Hippowdon|Hippowdon, M|100/100|[from]move: Volt Switch
|
|-weather|Sandstorm|[upkeep]
|-damage|p2a: Zapdos|63/100|[from] Sandstorm
|upkeep
|turn|23
|
|t:|1627341194
|move|p2a: Zapdos|Roost|p2a: Zapdos
|-heal|p2a: Zapdos|100/100
|-singleturn|p2a: Zapdos|move: Roost
|move|p1a: Hippowdon|Stealth Rock|p2a: Zapdos
|-sidestart|p2: Coach Jones 6fifth|move: Stealth Rock
|
|-weather|none
|upkeep
|turn|24
|
|t:|1627341198
|switch|p2a: Corviknight|Corviknight, F|67/100 par
|-damage|p2a: Corviknight|54/100 par|[from] Stealth Rock
|-ability|p2a: Corviknight|Pressure
|move|p1a: Hippowdon|Toxic||[still]
|-fail|p1a: Hippowdon
|
|upkeep
|turn|25
|
|t:|1627341200
|switch|p1a: Tapu Koko|Tapu Koko|82/100
|-fieldstart|move: Electric Terrain|[from] ability: Electric Surge|[of] p1a: Tapu Koko
|move|p2a: Corviknight|Defog|p1a: Tapu Koko
|-unboost|p1a: Tapu Koko|evasion|1
|-sideend|p2: Coach Jones 6fifth|Stealth Rock|[from] move: Defog|[of] p2a: Corviknight
|-fieldend|move: Electric Terrain
|
|upkeep
|turn|26
|
|t:|1627341204
|switch|p2a: Landorus|Landorus-Therian, M|28/100
|-ability|p2a: Landorus|Intimidate|boost
|-unboost|p1a: Tapu Koko|atk|1
|move|p1a: Tapu Koko|Volt Switch|p2a: Landorus
|-immune|p2a: Landorus
|
|upkeep
|turn|27
|
|t:|1627341207
|switch|p2a: Heatran|Heatran, M|90/100
|move|p1a: Tapu Koko|Dazzling Gleam|p2a: Heatran
|-resisted|p2a: Heatran
|-damage|p2a: Heatran|84/100
|
|-heal|p2a: Heatran|90/100|[from] item: Leftovers
|upkeep
|turn|28
|
|t:|1627341210
|move|p1a: Tapu Koko|Volt Switch|p2a: Heatran
|-damage|p2a: Heatran|74/100
|
|t:|1627341212
|switch|p1a: Hippowdon|Hippowdon, M|100/100|[from]move: Volt Switch
|-weather|Sandstorm|[from] ability: Sand Stream|[of] p1a: Hippowdon
|move|p2a: Heatran|Taunt|p1a: Hippowdon
|-start|p1a: Hippowdon|move: Taunt
|
|-weather|Sandstorm|[upkeep]
|-heal|p2a: Heatran|80/100|[from] item: Leftovers
|upkeep
|turn|29
|
|t:|1627341219
|switch|p2a: Corviknight|Corviknight, F|54/100 par
|-ability|p2a: Corviknight|Pressure
|switch|p1a: Clefable|Clefable, F|100/100 tox
|
|-weather|Sandstorm|[upkeep]
|upkeep
|turn|30
|
|t:|1627341227
|switch|p1a: Skarmory|Skarmory, M|100/100
|move|p2a: Corviknight|Roost|p2a: Corviknight
|-heal|p2a: Corviknight|100/100 par
|-singleturn|p2a: Corviknight|move: Roost
|
|-weather|Sandstorm|[upkeep]
|upkeep
|turn|31
|
|t:|1627341231
|switch|p2a: Zapdos|Zapdos|100/100
|move|p1a: Skarmory|Spikes|p2a: Zapdos
|-sidestart|p2: Coach Jones 6fifth|Spikes
|
|-weather|Sandstorm|[upkeep]
|-damage|p2a: Zapdos|94/100|[from] Sandstorm
|upkeep
|turn|32
|inactive|LT84JMsorryimtoxic has 120 seconds left.
|
|t:|1627341266
|switch|p1a: Clefable|Clefable, F|100/100 tox
|move|p2a: Zapdos|Heat Wave|p1a: Clefable
|-damage|p1a: Clefable|80/100 tox
|
|-weather|none
|-heal|p1a: Clefable|86/100 tox|[from] item: Leftovers
|upkeep
|turn|33
|
|t:|1627341273
|switch|p1a: Hippowdon|Hippowdon, M|100/100
|-weather|Sandstorm|[from] ability: Sand Stream|[of] p1a: Hippowdon
|move|p2a: Zapdos|Volt Switch|p1a: Hippowdon
|-immune|p1a: Hippowdon
|
|-weather|Sandstorm|[upkeep]
|-damage|p2a: Zapdos|88/100|[from] Sandstorm
|upkeep
|turn|34
|
|t:|1627341276
|switch|p2a: Corviknight|Corviknight, F|100/100 par
|-ability|p2a: Corviknight|Pressure
|move|p1a: Hippowdon|Stealth Rock|p2a: Corviknight
|-sidestart|p2: Coach Jones 6fifth|move: Stealth Rock
|
|-weather|Sandstorm|[upkeep]
|upkeep
|turn|35
|
|t:|1627341282
|switch|p1a: Skarmory|Skarmory, M|100/100
|move|p2a: Corviknight|Defog|p1a: Skarmory
|-unboost|p1a: Skarmory|evasion|1
|-sideend|p2: Coach Jones 6fifth|Spikes|[from] move: Defog|[of] p2a: Corviknight
|-sideend|p2: Coach Jones 6fifth|Stealth Rock|[from] move: Defog|[of] p2a: Corviknight
|
|-weather|Sandstorm|[upkeep]
|upkeep
|turn|36
|
|t:|1627341300
|switch|p2a: Dragapult|Dragapult, M|100/100
|move|p1a: Skarmory|Spikes|p2a: Dragapult
|-sidestart|p2: Coach Jones 6fifth|Spikes
|
|-weather|Sandstorm|[upkeep]
|-damage|p2a: Dragapult|95/100|[from] Sandstorm
|upkeep
|turn|37
|
|t:|1627341325
|switch|p1a: Toxapex|Toxapex, M|100/100
|move|p2a: Dragapult|Shadow Ball|p1a: Toxapex
|-damage|p1a: Toxapex|65/100
|
|-weather|none
|-heal|p1a: Toxapex|71/100|[from] item: Black Sludge
|upkeep
|turn|38
|
|t:|1627341350
|switch|p2a: Corviknight|Corviknight, F|100/100 par
|-ability|p2a: Corviknight|Pressure
|move|p1a: Toxapex|Light Screen|p1a: Toxapex
|-sidestart|p1: LT84JMsorryimtoxic|move: Light Screen
|
|-heal|p1a: Toxapex|77/100|[from] item: Black Sludge
|upkeep
|turn|39
|
|t:|1627341364
|switch|p1a: Skarmory|Skarmory, M|100/100
|cant|p2a: Corviknight|par
|
|upkeep
|turn|40
|
|t:|1627341368
|switch|p1a: Hippowdon|Hippowdon, M|100/100
|-weather|Sandstorm|[from] ability: Sand Stream|[of] p1a: Hippowdon
|move|p2a: Corviknight|U-turn|p1a: Hippowdon
|-damage|p1a: Hippowdon|91/100
|
|t:|1627341373
|switch|p2a: Landorus|Landorus-Therian, M|28/100|[from]move: U-turn
|-ability|p2a: Landorus|Intimidate|boost
|-unboost|p1a: Hippowdon|atk|1
|
|-weather|Sandstorm|[upkeep]
|upkeep
|turn|41
|
|t:|1627341377
|switch|p1a: Skarmory|Skarmory, M|100/100
|move|p2a: Landorus|Stealth Rock|p1a: Skarmory
|-sidestart|p1: LT84JMsorryimtoxic|move: Stealth Rock
|
|-weather|Sandstorm|[upkeep]
|upkeep
|turn|42
|
|t:|1627341379
|switch|p2a: Dragapult|Dragapult, M|95/100
|-damage|p2a: Dragapult|82/100|[from] Spikes
|move|p1a: Skarmory|Spikes|p2a: Dragapult
|-sidestart|p2: Coach Jones 6fifth|Spikes
|
|-weather|Sandstorm|[upkeep]
|-damage|p2a: Dragapult|76/100|[from] Sandstorm
|-sideend|p1: LT84JMsorryimtoxic|move: Light Screen
|upkeep
|turn|43
|
|t:|1627341383
|switch|p1a: Toxapex|Toxapex, M|100/100
|-damage|p1a: Toxapex|88/100|[from] Stealth Rock
|move|p2a: Dragapult|Draco Meteor|p1a: Toxapex
|-damage|p1a: Toxapex|29/100
|-unboost|p2a: Dragapult|spa|2
|
|-weather|Sandstorm|[upkeep]
|-damage|p2a: Dragapult|70/100|[from] Sandstorm
|-damage|p1a: Toxapex|23/100|[from] Sandstorm
|-heal|p1a: Toxapex|29/100|[from] item: Black Sludge
|upkeep
|turn|44
|inactive|Coach Jones 6fifth has 120 seconds left.
|inactive|Coach Jones 6fifth has 90 seconds left.
|
|t:|1627341446
|switch|p2a: Urshifu|Urshifu-Rapid-Strike, M|100/100
|-damage|p2a: Urshifu|84/100|[from] Spikes
|switch|p1a: Tapu Koko|Tapu Koko|82/100
|-fieldstart|move: Electric Terrain|[from] ability: Electric Surge|[of] p1a: Tapu Koko
|
|-weather|none
|upkeep
|turn|45
|
|t:|1627341455
|switch|p1a: Toxapex|Toxapex, M|63/100
|-damage|p1a: Toxapex|50/100|[from] Stealth Rock
|switch|p2a: Heatran|Heatran, M|80/100
|-damage|p2a: Heatran|63/100|[from] Spikes
|
|-heal|p2a: Heatran|70/100|[from] item: Leftovers
|-heal|p1a: Toxapex|56/100|[from] item: Black Sludge
|upkeep
|turn|46
|
|t:|1627341460
|switch|p1a: Hippowdon|Hippowdon, M|91/100
|-weather|Sandstorm|[from] ability: Sand Stream|[of] p1a: Hippowdon
|move|p2a: Heatran|Magma Storm|p1a: Hippowdon
|-damage|p1a: Hippowdon|64/100
|-activate|p1a: Hippowdon|move: Magma Storm|[of] p2a: Heatran
|
|-weather|Sandstorm|[upkeep]
|-heal|p2a: Heatran|76/100|[from] item: Leftovers
|-damage|p1a: Hippowdon|51/100|[from] move: Magma Storm|[partiallytrapped]
|upkeep
|turn|47
|
|t:|1627341463
|move|p2a: Heatran|Taunt|p1a: Hippowdon
|-start|p1a: Hippowdon|move: Taunt
|move|p1a: Hippowdon|Earthquake|p2a: Heatran
|-supereffective|p2a: Heatran
|-damage|p2a: Heatran|0 fnt
|faint|p2a: Heatran
|
|-weather|Sandstorm|[upkeep]
|-end|p1a: Hippowdon|Magma Storm|[partiallytrapped]|[silent]
|upkeep
|
|t:|1627341470
|switch|p2a: Urshifu|Urshifu-Rapid-Strike, M|84/100
|-damage|p2a: Urshifu|68/100|[from] Spikes
|turn|48
|inactive|Coach Jones 6fifth has 120 seconds left.
|
|t:|1627341489
|move|p2a: Urshifu|Surging Strikes|p1a: Hippowdon
|-supereffective|p1a: Hippowdon
|-crit|p1a: Hippowdon
|-damage|p1a: Hippowdon|7/100
|-supereffective|p1a: Hippowdon
|-crit|p1a: Hippowdon
|-damage|p1a: Hippowdon|0 fnt
|faint|p1a: Hippowdon
|-hitcount|p1: Hippowdon|2
|
|-weather|Sandstorm|[upkeep]
|-damage|p2a: Urshifu|61/100|[from] Sandstorm
|-fieldend|move: Electric Terrain
|upkeep
|
|t:|1627341495
|switch|p1a: Tapu Koko|Tapu Koko|82/100
|-fieldstart|move: Electric Terrain|[from] ability: Electric Surge|[of] p1a: Tapu Koko
|turn|49
|
|t:|1627341499
|switch|p2a: Landorus|Landorus-Therian, M|28/100
|-ability|p2a: Landorus|Intimidate|boost
|-unboost|p1a: Tapu Koko|atk|1
|move|p1a: Tapu Koko|Dazzling Gleam|p2a: Landorus
|-damage|p2a: Landorus|0 fnt
|faint|p2a: Landorus
|
|-weather|Sandstorm|[upkeep]
|-damage|p1a: Tapu Koko|76/100|[from] Sandstorm
|upkeep
|
|t:|1627341509
|switch|p2a: Dragapult|Dragapult, M|70/100
|-damage|p2a: Dragapult|54/100|[from] Spikes
|turn|50
|
|t:|1627341529
|switch|p1a: Toxapex|Toxapex, M|90/100
|-damage|p1a: Toxapex|77/100|[from] Stealth Rock
|move|p2a: Dragapult|Shadow Ball|p1a: Toxapex
|-damage|p1a: Toxapex|38/100
|
|-weather|none
|-heal|p1a: Toxapex|45/100|[from] item: Black Sludge
|upkeep
|turn|51
|
|t:|1627341531
|move|p2a: Dragapult|Shadow Ball|p1a: Toxapex
|-damage|p1a: Toxapex|9/100
|move|p1a: Toxapex|Recover|p1a: Toxapex
|-heal|p1a: Toxapex|59/100
|
|-heal|p1a: Toxapex|65/100|[from] item: Black Sludge
|upkeep
|turn|52
|
|t:|1627341534
|switch|p2a: Zapdos|Zapdos|88/100
|move|p1a: Toxapex|Light Screen|p1a: Toxapex
|-sidestart|p1: LT84JMsorryimtoxic|move: Light Screen
|
|-heal|p1a: Toxapex|72/100|[from] item: Black Sludge
|upkeep
|turn|53
|
|t:|1627341538
|move|p2a: Zapdos|Volt Switch|p1a: Toxapex
|-supereffective|p1a: Toxapex
|-damage|p1a: Toxapex|53/100
|
|t:|1627341541
|switch|p2a: Corviknight|Corviknight, F|100/100 par|[from]move: Volt Switch
|-ability|p2a: Corviknight|Pressure
|move|p1a: Toxapex|Scald|p2a: Corviknight
|-damage|p2a: Corviknight|88/100 par
|
|-heal|p1a: Toxapex|59/100|[from] item: Black Sludge
|-fieldend|move: Electric Terrain
|upkeep
|turn|54
|
|t:|1627341544
|switch|p1a: Tapu Koko|Tapu Koko|76/100
|-fieldstart|move: Electric Terrain|[from] ability: Electric Surge|[of] p1a: Tapu Koko
|cant|p2a: Corviknight|par
|
|upkeep
|turn|55
|
|t:|1627341546
|move|p1a: Tapu Koko|Thunderbolt|p2a: Corviknight
|-supereffective|p2a: Corviknight
|-damage|p2a: Corviknight|22/100 par
|move|p2a: Corviknight|Defog|p1a: Tapu Koko
|-unboost|p1a: Tapu Koko|evasion|1
|-sideend|p1: LT84JMsorryimtoxic|move: Light Screen
|-sideend|p1: LT84JMsorryimtoxic|Stealth Rock|[from] move: Defog|[of] p2a: Corviknight
|-sideend|p2: Coach Jones 6fifth|Spikes|[from] move: Defog|[of] p2a: Corviknight
|-fieldend|move: Electric Terrain
|
|upkeep
|turn|56
|
|t:|1627341549
|switch|p2a: Zapdos|Zapdos|88/100
|move|p1a: Tapu Koko|Volt Switch|p2a: Zapdos
|-damage|p2a: Zapdos|60/100
|
|t:|1627341551
|switch|p1a: Clefable|Clefable, F|86/100 tox|[from]move: Volt Switch
|
|-heal|p1a: Clefable|92/100 tox|[from] item: Leftovers
|upkeep
|turn|57
|
|t:|1627341556
|move|p2a: Zapdos|Roost|p2a: Zapdos
|-heal|p2a: Zapdos|100/100
|-singleturn|p2a: Zapdos|move: Roost
|move|p1a: Clefable|Moonblast|p2a: Zapdos
|-damage|p2a: Zapdos|71/100
|
|-heal|p1a: Clefable|98/100 tox|[from] item: Leftovers
|upkeep
|turn|58
|
|t:|1627341562
|move|p2a: Zapdos|Hurricane|p1a: Clefable|[miss]
|-miss|p2a: Zapdos|p1a: Clefable
|move|p1a: Clefable|Moonblast|p2a: Zapdos
|-damage|p2a: Zapdos|42/100
|
|-heal|p1a: Clefable|100/100 tox|[from] item: Leftovers
|upkeep
|turn|59
|inactive|LT84JMsorryimtoxic has 120 seconds left.
|
|t:|1627341592
|move|p2a: Zapdos|Roost|p2a: Zapdos
|-heal|p2a: Zapdos|92/100
|-singleturn|p2a: Zapdos|move: Roost
|move|p1a: Clefable|Moonblast|p2a: Zapdos
|-damage|p2a: Zapdos|60/100
|-unboost|p2a: Zapdos|spa|1
|
|upkeep
|turn|60
|l|☆Coach Jones 6fifth
|inactive|Coach Jones 6fifth disconnected and has a minute to reconnect!
|player|p2|
|j|☆Coach Jones 6fifth
|inactive|Coach Jones 6fifth reconnected and has 135 seconds left.
|player|p2|Coach Jones 6fifth|lusamine-nihilego
|inactive|Coach Jones 6fifth has 120 seconds left.
|
|t:|1627341634
|switch|p1a: Tapu Koko|Tapu Koko|76/100
|-fieldstart|move: Electric Terrain|[from] ability: Electric Surge|[of] p1a: Tapu Koko
|move|p2a: Zapdos|Roost|p2a: Zapdos
|-heal|p2a: Zapdos|100/100
|-singleturn|p2a: Zapdos|move: Roost
|
|upkeep
|turn|61
|inactive|LT84JMsorryimtoxic has 120 seconds left.
|inactive|Coach Jones 6fifth has 90 seconds left.
|
|t:|1627341668
|move|p1a: Tapu Koko|Thunderbolt|p2a: Zapdos
|-damage|p2a: Zapdos|51/100
|move|p2a: Zapdos|Volt Switch|p1a: Tapu Koko
|-resisted|p1a: Tapu Koko
|-damage|p1a: Tapu Koko|60/100
|
|t:|1627341670
|switch|p2a: Dragapult|Dragapult, M|54/100|[from]move: Volt Switch
|
|upkeep
|turn|62
|
|t:|1627341677
|switch|p1a: Toxapex|Toxapex, M|92/100
|move|p2a: Dragapult|Shadow Ball|p1a: Toxapex
|-damage|p1a: Toxapex|50/100
|
|-heal|p1a: Toxapex|57/100|[from] item: Black Sludge
|upkeep
|turn|63
|
|t:|1627341681
|move|p2a: Dragapult|Shadow Ball|p1a: Toxapex
|-damage|p1a: Toxapex|17/100
|move|p1a: Toxapex|Recover|p1a: Toxapex
|-heal|p1a: Toxapex|67/100
|
|-heal|p1a: Toxapex|74/100|[from] item: Black Sludge
|upkeep
|turn|64
|
|t:|1627341685
|move|p2a: Dragapult|Shadow Ball|p1a: Toxapex
|-damage|p1a: Toxapex|38/100
|move|p1a: Toxapex|Light Screen|p1a: Toxapex
|-sidestart|p1: LT84JMsorryimtoxic|move: Light Screen
|
|-heal|p1a: Toxapex|44/100|[from] item: Black Sludge
|-fieldend|move: Electric Terrain
|upkeep
|turn|65
|
|t:|1627341691
|move|p2a: Dragapult|Shadow Ball|p1a: Toxapex
|-damage|p1a: Toxapex|8/100
|-unboost|p1a: Toxapex|spd|1
|move|p1a: Toxapex|Recover|p1a: Toxapex
|-heal|p1a: Toxapex|58/100
|
|-heal|p1a: Toxapex|65/100|[from] item: Black Sludge
|upkeep
|turn|66
|
|t:|1627341695
|switch|p1a: Clefable|Clefable, F|100/100 tox
|move|p2a: Dragapult|Shadow Ball|p1a: Clefable
|-damage|p1a: Clefable|58/100 tox
|
|-heal|p1a: Clefable|64/100 tox|[from] item: Leftovers
|upkeep
|turn|67
|
|t:|1627341700
|move|p2a: Dragapult|Shadow Ball|p1a: Clefable
|-damage|p1a: Clefable|16/100 tox
|move|p1a: Clefable|Soft-Boiled|p1a: Clefable
|-heal|p1a: Clefable|66/100 tox
|
|-heal|p1a: Clefable|72/100 tox|[from] item: Leftovers
|upkeep
|turn|68
|
|t:|1627341703
|switch|p2a: Urshifu|Urshifu-Rapid-Strike, M|61/100
|move|p1a: Clefable|Knock Off|p2a: Urshifu
|-resisted|p2a: Urshifu
|-damage|p2a: Urshifu|54/100
|-enditem|p2a: Urshifu|Choice Band|[from] move: Knock Off|[of] p1a: Clefable
|
|-heal|p1a: Clefable|78/100 tox|[from] item: Leftovers
|-sideend|p1: LT84JMsorryimtoxic|move: Light Screen
|upkeep
|turn|69
|
|t:|1627341707
|move|p2a: Urshifu|Surging Strikes|p1a: Clefable
|-crit|p1a: Clefable
|-damage|p1a: Clefable|62/100 tox
|-crit|p1a: Clefable
|-damage|p1a: Clefable|44/100 tox
|-crit|p1a: Clefable
|-damage|p1a: Clefable|27/100 tox
|-hitcount|p1a: Clefable|3
|move|p1a: Clefable|Moonblast|p2a: Urshifu
|-supereffective|p2a: Urshifu
|-damage|p2a: Urshifu|0 fnt
|faint|p2a: Urshifu
|
|-heal|p1a: Clefable|33/100 tox|[from] item: Leftovers
|upkeep
|
|t:|1627341711
|switch|p2a: Dragapult|Dragapult, M|54/100
|turn|70
|
|t:|1627341714
|switch|p1a: Toxapex|Toxapex, M|98/100
|move|p2a: Dragapult|Shadow Ball|p1a: Toxapex
|-damage|p1a: Toxapex|59/100
|
|-heal|p1a: Toxapex|65/100|[from] item: Black Sludge
|upkeep
|turn|71
|
|t:|1627341716
|move|p2a: Dragapult|Shadow Ball|p1a: Toxapex
|-damage|p1a: Toxapex|24/100
|move|p1a: Toxapex|Recover|p1a: Toxapex
|-heal|p1a: Toxapex|74/100
|
|-heal|p1a: Toxapex|80/100|[from] item: Black Sludge
|upkeep
|turn|72
|
|t:|1627341720
|move|p2a: Dragapult|Shadow Ball|p1a: Toxapex
|-damage|p1a: Toxapex|41/100
|move|p1a: Toxapex|Recover|p1a: Toxapex
|-heal|p1a: Toxapex|91/100
|
|-heal|p1a: Toxapex|97/100|[from] item: Black Sludge
|upkeep
|turn|73
|
|t:|1627341722
|move|p2a: Dragapult|Shadow Ball|p1a: Toxapex
|-damage|p1a: Toxapex|58/100
|move|p1a: Toxapex|Scald|p2a: Dragapult
|-resisted|p2a: Dragapult
|-damage|p2a: Dragapult|42/100
|-status|p2a: Dragapult|brn
|
|-heal|p1a: Toxapex|64/100|[from] item: Black Sludge
|-damage|p2a: Dragapult|36/100 brn|[from] brn
|upkeep
|turn|74
|
|t:|1627341728
|move|p2a: Dragapult|Shadow Ball|p1a: Toxapex
|-damage|p1a: Toxapex|26/100
|move|p1a: Toxapex|Recover|p1a: Toxapex
|-heal|p1a: Toxapex|76/100
|
|-heal|p1a: Toxapex|83/100|[from] item: Black Sludge
|-damage|p2a: Dragapult|30/100 brn|[from] brn
|upkeep
|turn|75
|
|t:|1627341731
|switch|p1a: Scizor|Scizor, M|100/100
|move|p2a: Dragapult|Shadow Ball|p1a: Scizor
|-damage|p1a: Scizor|52/100
|-unboost|p1a: Scizor|spd|1
|
|-damage|p2a: Dragapult|24/100 brn|[from] brn
|upkeep
|turn|76
|
|t:|1627341735
|move|p1a: Scizor|Bullet Punch|p2a: Dragapult
|-damage|p2a: Dragapult|0 fnt
|faint|p2a: Dragapult
|
|upkeep
|
|t:|1627341736
|switch|p2a: Zapdos|Zapdos|51/100
|turn|77
|
|t:|1627341742
|move|p2a: Zapdos|Roost|p2a: Zapdos
|-heal|p2a: Zapdos|100/100
|-singleturn|p2a: Zapdos|move: Roost
|move|p1a: Scizor|Knock Off|p2a: Zapdos
|-damage|p2a: Zapdos|81/100
|-enditem|p2a: Zapdos|Heavy-Duty Boots|[from] move: Knock Off|[of] p1a: Scizor
|
|upkeep
|turn|78
|
|t:|1627341745
|switch|p1a: Toxapex|Toxapex, M|100/100
|move|p2a: Zapdos|Heat Wave|p1a: Toxapex
|-resisted|p1a: Toxapex
|-damage|p1a: Toxapex|92/100
|
|-heal|p1a: Toxapex|98/100|[from] item: Black Sludge
|upkeep
|turn|79
|
|t:|1627341748
|move|p2a: Zapdos|Hurricane|p1a: Toxapex
|-crit|p1a: Toxapex
|-damage|p1a: Toxapex|52/100
|move|p1a: Toxapex|Light Screen|p1a: Toxapex
|-sidestart|p1: LT84JMsorryimtoxic|move: Light Screen
|
|-heal|p1a: Toxapex|58/100|[from] item: Black Sludge
|upkeep
|turn|80
|
|t:|1627341754
|switch|p1a: Tapu Koko|Tapu Koko|60/100
|-fieldstart|move: Electric Terrain|[from] ability: Electric Surge|[of] p1a: Tapu Koko
|move|p2a: Zapdos|Roost|p2a: Zapdos
|-heal|p2a: Zapdos|100/100
|-singleturn|p2a: Zapdos|move: Roost
|
|upkeep
|turn|81
|
|t:|1627341756
|move|p1a: Tapu Koko|Thunderbolt|p2a: Zapdos
|-damage|p2a: Zapdos|52/100
|move|p2a: Zapdos|Heat Wave|p1a: Tapu Koko
|-damage|p1a: Tapu Koko|41/100
|-status|p1a: Tapu Koko|brn
|
|-damage|p1a: Tapu Koko|35/100 brn|[from] brn
|upkeep
|turn|82
|
|t:|1627341759
|move|p1a: Tapu Koko|Volt Switch|p2a: Zapdos
|-damage|p2a: Zapdos|15/100
|
|t:|1627341760
|switch|p1a: Clefable|Clefable, F|33/100 tox|[from]move: Volt Switch
|move|p2a: Zapdos|Roost|p2a: Zapdos
|-heal|p2a: Zapdos|65/100
|-singleturn|p2a: Zapdos|move: Roost
|
|-heal|p1a: Clefable|39/100 tox|[from] item: Leftovers
|upkeep
|turn|83
|
|t:|1627341762
|move|p2a: Zapdos|Hurricane|p1a: Clefable|[miss]
|-miss|p2a: Zapdos|p1a: Clefable
|move|p1a: Clefable|Soft-Boiled|p1a: Clefable
|-heal|p1a: Clefable|89/100 tox
|
|-heal|p1a: Clefable|95/100 tox|[from] item: Leftovers
|-sideend|p1: LT84JMsorryimtoxic|move: Light Screen
|upkeep
|turn|84
|c|☆Coach Jones 6fifth|gg
|c|☆LT84JMsorryimtoxic|gg
|-message|Coach Jones 6fifth forfeited.
|
|win|LT84JMsorryimtoxic
|raw|LT84JMsorryimtoxic's rating: 1794 &rarr; <strong>1816</strong><br />(+22 for winning)
|raw|Coach Jones 6fifth's rating: 1828 &rarr; <strong>1806</strong><br />(-22 for losing)
|l|☆Coach Jones 6fifth
|l|☆LT84JMsorryimtoxic
