|j|☆friedfreak
|j|☆swiscool
|t:|1615743004
|player|p1|friedfreak|101|1826
|player|p2|swiscool|265|1667
|teamsize|p1|6
|teamsize|p2|6
|gametype|singles
|gen|8
|tier|[Gen 8] OU
|rated|
|clearpoke
|poke|p1|Clefable, F|
|poke|p1|Nidoking, M|
|poke|p1|Ferrothorn, F|
|poke|p1|Tapu Koko|
|poke|p1|Mandibuzz, F|
|poke|p1|Urshifu-*, M|
|poke|p2|Rillaboom, M|
|poke|p2|Heatran, F|
|poke|p2|Slowking, M|
|poke|p2|Dragapult, F|
|poke|p2|Landorus-Therian, M|
|poke|p2|Bisharp, M|
|rule|Sleep Clause Mod: Limit one foe put to sleep
|rule|Species Clause: Limit one of each Pokémon
|rule|OHKO Clause: OHKO moves are banned
|rule|Evasion Moves Clause: Evasion moves are banned
|rule|Endless Battle Clause: Forcing endless battles is banned
|rule|HP Percentage Mod: HP is shown in percentages
|rule|Dynamax Clause: You cannot dynamax
|teampreview
|inactive|Battle timer is ON: inactive players will automatically lose when time's up. (requested by friedfreak)
|
|t:|1615743023
|start
|switch|p1a: Clefable|Clefable, F|100/100
|switch|p2a: Heatran|Heatran, F|100/100
|turn|1
|
|t:|1615743031
|move|p2a: Heatran|Magma Storm|p1a: Clefable
|-damage|p1a: Clefable|42/100
|-activate|p1a: Clefable|move: Magma Storm|[of] p2a: Heatran
|move|p1a: Clefable|Knock Off|p2a: Heatran
|-damage|p2a: Heatran|85/100
|-enditem|p2a: Heatran|Power Herb|[from] move: Knock Off|[of] p1a: Clefable
|
|-heal|p1a: Clefable|48/100|[from] item: Leftovers
|upkeep
|turn|2
|j| OU make me yawn
|
|t:|1615743040
|move|p2a: Heatran|Flash Cannon|p1a: Clefable
|-supereffective|p1a: Clefable
|-damage|p1a: Clefable|0 fnt
|faint|p1a: Clefable
|
|upkeep
|l| OU make me yawn
|
|t:|1615743045
|switch|p1a: Nidoking|Nidoking, M|100/100
|turn|3
|
|t:|1615743050
|switch|p2a: Slowking|Slowking, M|100/100
|move|p1a: Nidoking|Stealth Rock|p2a: Slowking
|-sidestart|p2: swiscool|move: Stealth Rock
|
|upkeep
|turn|4
|
|t:|1615743066
|move|p1a: Nidoking|Sludge Wave|p2a: Slowking
|-damage|p2a: Slowking|60/100
|move|p2a: Slowking|Scald|p1a: Nidoking
|-supereffective|p1a: Nidoking
|-damage|p1a: Nidoking|23/100
|
|upkeep
|turn|5
|
|t:|1615743086
|switch|p1a: Mandibuzz|Mandibuzz, F|100/100
|move|p2a: Slowking|Slack Off|p2a: Slowking
|-heal|p2a: Slowking|100/100
|
|upkeep
|turn|6
|
|t:|1615743091
|switch|p2a: Heatran|Heatran, F|85/100
|-damage|p2a: Heatran|72/100|[from] Stealth Rock
|move|p1a: Mandibuzz|Knock Off|p2a: Heatran
|-damage|p2a: Heatran|57/100
|
|upkeep
|turn|7
|
|t:|1615743103
|switch|p1a: Urshifu|Urshifu-Rapid-Strike, M|100/100
|move|p2a: Heatran|Magma Storm|p1a: Urshifu|[miss]
|-miss|p2a: Heatran|p1a: Urshifu
|
|upkeep
|turn|8
|
|t:|1615743111
|switch|p2a: Slowking|Slowking, M|100/100
|move|p1a: Urshifu|Surging Strikes|p2a: Slowking
|-resisted|p2a: Slowking
|-crit|p2a: Slowking
|-damage|p2a: Slowking|87/100
|-resisted|p2a: Slowking
|-crit|p2a: Slowking
|-damage|p2a: Slowking|72/100
|-resisted|p2a: Slowking
|-crit|p2a: Slowking
|-damage|p2a: Slowking|58/100
|-hitcount|p2a: Slowking|3
|
|upkeep
|turn|9
|
|t:|1615743127
|switch|p1a: Ferrothorn|Ferrothorn, F|100/100
|move|p2a: Slowking|Future Sight|p1a: Ferrothorn
|-start|p2a: Slowking|move: Future Sight
|
|upkeep
|turn|10
|
|t:|1615743150
|switch|p2a: Heatran|Heatran, F|57/100
|-damage|p2a: Heatran|45/100|[from] Stealth Rock
|move|p1a: Ferrothorn|Body Press|p2a: Heatran
|-supereffective|p2a: Heatran
|-damage|p2a: Heatran|0 fnt
|faint|p2a: Heatran
|
|upkeep
|inactive|swiscool has 120 seconds left.
|
|t:|1615743182
|switch|p2a: Dragapult|Dragapult, F|100/100
|-damage|p2a: Dragapult|88/100|[from] Stealth Rock
|turn|11
|
|t:|1615743188
|switch|p1a: Mandibuzz|Mandibuzz, F|100/100
|move|p2a: Dragapult|Will-O-Wisp|p1a: Mandibuzz
|-status|p1a: Mandibuzz|brn
|
|-end|p1a: Mandibuzz|move: Future Sight
|-immune|p1a: Mandibuzz
|-damage|p1a: Mandibuzz|94/100 brn|[from] brn
|upkeep
|turn|12
|
|t:|1615743199
|switch|p2a: Landorus|Landorus-Therian, M|100/100
|-damage|p2a: Landorus|88/100|[from] Stealth Rock
|-ability|p2a: Landorus|Intimidate|boost
|-unboost|p1a: Mandibuzz|atk|1
|move|p1a: Mandibuzz|Knock Off|p2a: Landorus
|-damage|p2a: Landorus|83/100
|-enditem|p2a: Landorus|Leftovers|[from] move: Knock Off|[of] p1a: Mandibuzz
|
|-damage|p1a: Mandibuzz|88/100 brn|[from] brn
|upkeep
|turn|13
|
|t:|1615743207
|move|p2a: Landorus|Stealth Rock|p1a: Mandibuzz
|-sidestart|p1: friedfreak|move: Stealth Rock
|move|p1a: Mandibuzz|Toxic|p2a: Landorus
|-status|p2a: Landorus|tox
|
|-damage|p2a: Landorus|77/100 tox|[from] psn
|-damage|p1a: Mandibuzz|82/100 brn|[from] brn
|upkeep
|turn|14
|j| vip10086
|inactive|friedfreak has 120 seconds left.
|j| OU make me yawn
|
|t:|1615743247
|switch|p1a: Nidoking|Nidoking, M|23/100
|-damage|p1a: Nidoking|17/100|[from] Stealth Rock
|move|p2a: Landorus|U-turn|p1a: Nidoking
|-resisted|p1a: Nidoking
|-damage|p1a: Nidoking|2/100
|l| OU make me yawn
|
|t:|1615743261
|switch|p2a: Dragapult|Dragapult, F|88/100|[from]move: U-turn
|-damage|p2a: Dragapult|76/100|[from] Stealth Rock
|
|upkeep
|turn|15
|
|t:|1615743267
|move|p2a: Dragapult|Shadow Ball|p1a: Nidoking
|-crit|p1a: Nidoking
|-damage|p1a: Nidoking|0 fnt
|faint|p1a: Nidoking
|
|upkeep
|inactive|friedfreak has 120 seconds left.
|
|t:|1615743289
|switch|p1a: Mandibuzz|Mandibuzz, F|82/100 brn
|turn|16
|
|t:|1615743297
|switch|p2a: Bisharp|Bisharp, M|100/100
|-damage|p2a: Bisharp|94/100|[from] Stealth Rock
|move|p1a: Mandibuzz|Knock Off|p2a: Bisharp
|-resisted|p2a: Bisharp
|-damage|p2a: Bisharp|87/100
|-enditem|p2a: Bisharp|Assault Vest|[from] move: Knock Off|[of] p1a: Mandibuzz
|
|-damage|p1a: Mandibuzz|76/100 brn|[from] brn
|upkeep
|turn|17
|inactive|friedfreak has 120 seconds left.
|
|t:|1615743302
|switch|p1a: Ferrothorn|Ferrothorn, F|100/100
|-damage|p1a: Ferrothorn|95/100|[from] Stealth Rock
|move|p2a: Bisharp|Knock Off|p1a: Ferrothorn
|-damage|p1a: Ferrothorn|66/100
|-damage|p2a: Bisharp|74/100|[from] ability: Iron Barbs|[of] p1a: Ferrothorn
|-enditem|p1a: Ferrothorn|Leftovers|[from] move: Knock Off|[of] p2a: Bisharp
|
|upkeep
|turn|18
|
|t:|1615743313
|switch|p2a: Landorus|Landorus-Therian, M|77/100 tox
|-damage|p2a: Landorus|64/100 tox|[from] Stealth Rock
|-ability|p2a: Landorus|Intimidate|boost
|-unboost|p1a: Ferrothorn|atk|1
|move|p1a: Ferrothorn|Spikes|p2a: Landorus
|-sidestart|p2: swiscool|Spikes
|
|-damage|p2a: Landorus|58/100 tox|[from] psn
|upkeep
|turn|19
|
|t:|1615743320
|move|p2a: Landorus|Earth Power|p1a: Ferrothorn
|-damage|p1a: Ferrothorn|39/100
|move|p1a: Ferrothorn|Leech Seed|p2a: Landorus
|-start|p2a: Landorus|move: Leech Seed
|
|-damage|p2a: Landorus|46/100 tox|[from] Leech Seed|[of] p1a: Ferrothorn
|-heal|p1a: Ferrothorn|52/100|[silent]
|-damage|p2a: Landorus|34/100 tox|[from] psn
|upkeep
|turn|20
|j| Ghhbvcfg
|
|t:|1615743331
|switch|p2a: Slowking|Slowking, M|91/100
|move|p1a: Ferrothorn|Spikes|p2a: Slowking
|-sidestart|p2: swiscool|Spikes
|
|upkeep
|turn|21
|
|t:|1615743338
|move|p2a: Slowking|Scald|p1a: Ferrothorn
|-resisted|p1a: Ferrothorn
|-damage|p1a: Ferrothorn|41/100
|move|p1a: Ferrothorn|Knock Off|p2a: Slowking
|-supereffective|p2a: Slowking
|-damage|p2a: Slowking|61/100
|-enditem|p2a: Slowking|Heavy-Duty Boots|[from] move: Knock Off|[of] p1a: Ferrothorn
|
|upkeep
|turn|22
|
|t:|1615743347
|move|p2a: Slowking|Scald|p1a: Ferrothorn
|-resisted|p1a: Ferrothorn
|-damage|p1a: Ferrothorn|30/100
|-status|p1a: Ferrothorn|brn
|move|p1a: Ferrothorn|Leech Seed|p2a: Slowking
|-start|p2a: Slowking|move: Leech Seed
|
|-damage|p2a: Slowking|49/100|[from] Leech Seed|[of] p1a: Ferrothorn
|-heal|p1a: Ferrothorn|44/100 brn|[silent]
|-damage|p1a: Ferrothorn|38/100 brn|[from] brn
|upkeep
|turn|23
|
|t:|1615743359
|switch|p2a: Rillaboom|Rillaboom, M|100/100
|-damage|p2a: Rillaboom|88/100|[from] Stealth Rock
|-damage|p2a: Rillaboom|72/100|[from] Spikes
|-fieldstart|move: Grassy Terrain|[from] ability: Grassy Surge|[of] p2a: Rillaboom
|move|p1a: Ferrothorn|Spikes|p2a: Rillaboom
|-sidestart|p2: swiscool|Spikes
|
|-heal|p2a: Rillaboom|78/100|[from] Grassy Terrain
|-heal|p1a: Ferrothorn|44/100 brn|[from] Grassy Terrain
|-damage|p1a: Ferrothorn|38/100 brn|[from] brn
|upkeep
|turn|24
|
|t:|1615743371
|move|p2a: Rillaboom|Superpower|p1a: Ferrothorn
|-supereffective|p1a: Ferrothorn
|-damage|p1a: Ferrothorn|0 fnt
|-unboost|p2a: Rillaboom|atk|1
|-unboost|p2a: Rillaboom|def|1
|-damage|p2a: Rillaboom|65/100|[from] ability: Iron Barbs|[of] p1a: Ferrothorn
|faint|p1a: Ferrothorn
|
|-heal|p2a: Rillaboom|71/100|[from] Grassy Terrain
|upkeep
|inactive|friedfreak has 120 seconds left.
|
|t:|1615743398
|switch|p1a: Urshifu|Urshifu-Rapid-Strike, M|100/100
|-damage|p1a: Urshifu|94/100|[from] Stealth Rock
|turn|25
|
|t:|1615743404
|switch|p2a: Landorus|Landorus-Therian, M|34/100 tox
|-damage|p2a: Landorus|21/100 tox|[from] Stealth Rock
|-ability|p2a: Landorus|Intimidate|boost
|-unboost|p1a: Urshifu|atk|1
|move|p1a: Urshifu|U-turn|p2a: Landorus
|-resisted|p2a: Landorus
|-damage|p2a: Landorus|12/100 tox
|
|t:|1615743411
|switch|p1a: Tapu Koko|Tapu Koko|100/100|[from]move: U-turn
|-fieldstart|move: Electric Terrain|[from] ability: Electric Surge|[of] p1a: Tapu Koko
|
|-damage|p2a: Landorus|6/100 tox|[from] psn
|upkeep
|turn|26
|
|t:|1615743418
|move|p1a: Tapu Koko|Dazzling Gleam|p2a: Landorus
|-damage|p2a: Landorus|0 fnt
|faint|p2a: Landorus
|
|upkeep
|
|t:|1615743423
|switch|p2a: Rillaboom|Rillaboom, M|71/100
|-damage|p2a: Rillaboom|59/100|[from] Stealth Rock
|-damage|p2a: Rillaboom|34/100|[from] Spikes
|-fieldstart|move: Grassy Terrain|[from] ability: Grassy Surge|[of] p2a: Rillaboom
|turn|27
|inactive|friedfreak has 120 seconds left.
|
|t:|1615743465
|switch|p1a: Urshifu|Urshifu-Rapid-Strike, M|94/100
|-damage|p1a: Urshifu|88/100|[from] Stealth Rock
|move|p2a: Rillaboom|Grassy Glide|p1a: Urshifu
|-supereffective|p1a: Urshifu
|-damage|p1a: Urshifu|0 fnt
|faint|p1a: Urshifu
|
|-heal|p2a: Rillaboom|40/100|[from] Grassy Terrain
|upkeep
|
|t:|1615743468
|switch|p1a: Tapu Koko|Tapu Koko|100/100
|-fieldstart|move: Electric Terrain|[from] ability: Electric Surge|[of] p1a: Tapu Koko
|turn|28
|inactive|friedfreak has 120 seconds left.
|
|t:|1615743479
|switch|p2a: Slowking|Slowking, M|82/100
|-damage|p2a: Slowking|70/100|[from] Stealth Rock
|-damage|p2a: Slowking|45/100|[from] Spikes
|move|p1a: Tapu Koko|U-turn|p2a: Slowking
|-supereffective|p2a: Slowking
|-damage|p2a: Slowking|14/100
|
|t:|1615743483
|switch|p1a: Mandibuzz|Mandibuzz, F|76/100 brn|[from]move: U-turn
|
|-damage|p1a: Mandibuzz|70/100 brn|[from] brn
|upkeep
|turn|29
|inactive|friedfreak has 120 seconds left.
|
|t:|1615743504
|switch|p1a: Tapu Koko|Tapu Koko|100/100
|move|p2a: Slowking|Slack Off|p2a: Slowking
|-heal|p2a: Slowking|64/100
|
|upkeep
|turn|30
|j| th3m3nt3
|j| th3sauceboss
|
|t:|1615743511
|move|p1a: Tapu Koko|Thunderbolt|p2a: Slowking
|-supereffective|p2a: Slowking
|-crit|p2a: Slowking
|-damage|p2a: Slowking|0 fnt
|faint|p2a: Slowking
|
|upkeep
|
|t:|1615743514
|switch|p2a: Rillaboom|Rillaboom, M|40/100
|-damage|p2a: Rillaboom|15/100|[from] Spikes
|-damage|p2a: Rillaboom|3/100|[from] Stealth Rock
|-fieldstart|move: Grassy Terrain|[from] ability: Grassy Surge|[of] p2a: Rillaboom
|turn|31
|inactive|friedfreak has 120 seconds left.
|
|t:|1615743527
|switch|p1a: Mandibuzz|Mandibuzz, F|70/100 brn
|move|p2a: Rillaboom|Grassy Glide|p1a: Mandibuzz
|-resisted|p1a: Mandibuzz
|-damage|p1a: Mandibuzz|42/100 brn
|
|-heal|p2a: Rillaboom|9/100|[from] Grassy Terrain
|-damage|p1a: Mandibuzz|36/100 brn|[from] brn
|upkeep
|turn|32
|inactive|friedfreak has 120 seconds left.
|
|t:|1615743545
|switch|p2a: Bisharp|Bisharp, M|74/100
|-damage|p2a: Bisharp|68/100|[from] Stealth Rock
|-damage|p2a: Bisharp|43/100|[from] Spikes
|move|p1a: Mandibuzz|Knock Off|p2a: Bisharp
|-resisted|p2a: Bisharp
|-damage|p2a: Bisharp|38/100
|
|-heal|p2a: Bisharp|44/100|[from] Grassy Terrain
|-damage|p1a: Mandibuzz|30/100 brn|[from] brn
|upkeep
|turn|33
|
|t:|1615743554
|move|p2a: Bisharp|Iron Head|p1a: Mandibuzz
|-damage|p1a: Mandibuzz|0 fnt
|faint|p1a: Mandibuzz
|
|-heal|p2a: Bisharp|51/100|[from] Grassy Terrain
|upkeep
|
|t:|1615743558
|switch|p1a: Tapu Koko|Tapu Koko|100/100
|-fieldstart|move: Electric Terrain|[from] ability: Electric Surge|[of] p1a: Tapu Koko
|turn|34
|
|t:|1615743563
|move|p2a: Bisharp|Sucker Punch|p1a: Tapu Koko
|-resisted|p1a: Tapu Koko
|-damage|p1a: Tapu Koko|73/100
|move|p1a: Tapu Koko|Thunderbolt|p2a: Bisharp
|-damage|p2a: Bisharp|0 fnt
|faint|p2a: Bisharp
|
|upkeep
|
|t:|1615743569
|switch|p2a: Dragapult|Dragapult, F|76/100
|-damage|p2a: Dragapult|64/100|[from] Stealth Rock
|-damage|p2a: Dragapult|39/100|[from] Spikes
|turn|35
|
|t:|1615743572
|move|p2a: Dragapult|Shadow Ball|p1a: Tapu Koko
|-damage|p1a: Tapu Koko|0 fnt
|faint|p1a: Tapu Koko
|
|win|swiscool
|raw|friedfreak's rating: 1831 &rarr; <strong>1808</strong><br />(-23 for losing)
|raw|swiscool's rating: 1667 &rarr; <strong>1690</strong><br />(+23 for winning)
|l|☆friedfreak
|l| vip10086
||Ladder (probably) updated, but score could not be retrieved (Request timeout).
