|raw|<div class="broadcast-blue"><strong>This battle is required to be public due to a player having a name starting with 'lt93oq'.</div>
|j|‽LT93OQ ES
|j|☆OUT Kazt
|t:|1660882929
|gametype|singles
|player|p1|LT93OQ ES|cynthia-masters|1906
|player|p2|OUT Kazt|acetrainersnowf|1764
|teamsize|p1|6
|teamsize|p2|6
|gen|8
|tier|[Gen 8] OU
|rated|
|rule|Sleep Clause Mod: Limit one foe put to sleep
|rule|Species Clause: Limit one of each Pokémon
|rule|OHKO Clause: OHKO moves are banned
|rule|Evasion Items Clause: Evasion items are banned
|rule|Evasion Moves Clause: Evasion moves are banned
|rule|Endless Battle Clause: Forcing endless battles is banned
|rule|HP Percentage Mod: HP is shown in percentages
|rule|Dynamax Clause: You cannot dynamax
|clearpoke
|poke|p1|Clefable, M|
|poke|p1|Dragonite, M|
|poke|p1|Landorus-Therian, M|
|poke|p1|Melmetal|
|poke|p1|Toxapex, F|
|poke|p1|Weavile, F|
|poke|p2|Heatran, M|
|poke|p2|Heracross, M|
|poke|p2|Landorus-Therian, M|
|poke|p2|Slowbro, M|
|poke|p2|Mandibuzz, F|
|poke|p2|Gengar, F|
|teampreview
|
|t:|1660882938
|start
|switch|p1a: Clefable|Clefable, M|100/100
|switch|p2a: Landorus|Landorus-Therian, M|100/100
|-ability|p2a: Landorus|Intimidate|boost
|-unboost|p1a: Clefable|atk|1
|turn|1
|inactive|Battle timer is ON: inactive players will automatically lose when time's up. (requested by OUT Kazt)
|
|t:|1660882943
|move|p2a: Landorus|U-turn|p1a: Clefable
|-resisted|p1a: Clefable
|-damage|p1a: Clefable|90/100
|
|t:|1660882946
|switch|p2a: Gengar|Gengar, F|100/100|[from]move: U-turn
|move|p1a: Clefable|Knock Off|p2a: Gengar
|-supereffective|p2a: Gengar
|-damage|p2a: Gengar|61/100
|-start|p1a: Clefable|Disable|Knock Off|[from] ability: Cursed Body|[of] p2a: Gengar
|-enditem|p2a: Gengar|Choice Specs|[from] move: Knock Off|[of] p1a: Clefable
|
|-heal|p1a: Clefable|96/100|[from] item: Leftovers
|upkeep
|turn|2
|
|t:|1660882952
|move|p2a: Gengar|Trick|p1a: Clefable
|-activate|p2a: Gengar|move: Trick|[of] p1a: Clefable
|-enditem|p1a: Clefable|Leftovers|[silent]|[from] move: Trick
|-item|p2a: Gengar|Leftovers|[from] move: Trick
|move|p1a: Clefable|Stealth Rock|p2a: Gengar
|-sidestart|p2: OUT Kazt|move: Stealth Rock
|
|-heal|p2a: Gengar|67/100|[from] item: Leftovers
|upkeep
|turn|3
|
|t:|1660882959
|switch|p1a: Toxapex|Toxapex, F|100/100
|move|p2a: Gengar|Sludge Wave|p1a: Toxapex
|-resisted|p1a: Toxapex
|-damage|p1a: Toxapex|79/100
|
|-heal|p2a: Gengar|73/100|[from] item: Leftovers
|-heal|p1a: Toxapex|85/100|[from] item: Black Sludge
|upkeep
|turn|4
|
|t:|1660882964
|switch|p2a: Mandibuzz|Mandibuzz, F|100/100
|move|p1a: Toxapex|Scald|p2a: Mandibuzz
|-damage|p2a: Mandibuzz|86/100
|
|-heal|p1a: Toxapex|91/100|[from] item: Black Sludge
|upkeep
|turn|5
|
|t:|1660882967
|switch|p1a: Clefable|Clefable, M|96/100
|move|p2a: Mandibuzz|Defog|p1a: Clefable
|-unboost|p1a: Clefable|evasion|1
|-sideend|p2: OUT Kazt|Stealth Rock|[from] move: Defog|[of] p2a: Mandibuzz
|
|upkeep
|turn|6
|
|t:|1660882969
|move|p2a: Mandibuzz|U-turn|p1a: Clefable
|-resisted|p1a: Clefable
|-damage|p1a: Clefable|92/100
|
|t:|1660882971
|switch|p2a: Heatran|Heatran, M|100/100|[from]move: U-turn
|move|p1a: Clefable|Stealth Rock|p2a: Heatran
|-sidestart|p2: OUT Kazt|move: Stealth Rock
|
|upkeep
|turn|7
|
|t:|1660882975
|switch|p1a: Landorus|Landorus-Therian, M|100/100
|-ability|p1a: Landorus|Intimidate|boost
|-unboost|p2a: Heatran|atk|1
|move|p2a: Heatran|Magma Storm|p1a: Landorus
|-damage|p1a: Landorus|65/100
|-activate|p1a: Landorus|move: Magma Storm|[of] p2a: Heatran
|
|-heal|p1a: Landorus|71/100|[from] item: Leftovers
|-damage|p1a: Landorus|59/100|[from] move: Magma Storm|[partiallytrapped]
|upkeep
|turn|8
|
|t:|1660882980
|switch|p2a: Slowbro|Slowbro, M|100/100
|-damage|p2a: Slowbro|88/100|[from] Stealth Rock
|move|p1a: Landorus|Knock Off|p2a: Slowbro
|-supereffective|p2a: Slowbro
|-damage|p2a: Slowbro|53/100
|-damage|p1a: Landorus|42/100|[from] item: Rocky Helmet|[of] p2a: Slowbro
|-enditem|p2a: Slowbro|Rocky Helmet|[from] move: Knock Off|[of] p1a: Landorus
|
|-heal|p1a: Landorus|48/100|[from] item: Leftovers
|-end|p1a: Landorus|Magma Storm|[partiallytrapped]|[silent]
|upkeep
|turn|9
|
|t:|1660882984
|move|p1a: Landorus|U-turn|p2a: Slowbro
|-supereffective|p2a: Slowbro
|-damage|p2a: Slowbro|25/100
|j| Fffyhhug
|
|t:|1660882992
|switch|p1a: Clefable|Clefable, M|92/100|[from]move: U-turn
|move|p2a: Slowbro|Future Sight|p1a: Clefable
|-start|p2a: Slowbro|move: Future Sight
|
|upkeep
|turn|10
|
|t:|1660882998
|switch|p2a: Mandibuzz|Mandibuzz, F|86/100
|move|p1a: Clefable|Knock Off|p2a: Mandibuzz
|-resisted|p2a: Mandibuzz
|-damage|p2a: Mandibuzz|82/100
|-enditem|p2a: Mandibuzz|Heavy-Duty Boots|[from] move: Knock Off|[of] p1a: Clefable
|
|upkeep
|turn|11
|
|t:|1660883002
|move|p2a: Mandibuzz|Defog|p1a: Clefable
|-unboost|p1a: Clefable|evasion|1
|-sideend|p2: OUT Kazt|Stealth Rock|[from] move: Defog|[of] p2a: Mandibuzz
|move|p1a: Clefable|Moonblast|p2a: Mandibuzz
|-supereffective|p2a: Mandibuzz
|-damage|p2a: Mandibuzz|27/100
|
|-end|p1a: Clefable|move: Future Sight
|-damage|p1a: Clefable|54/100
|upkeep
|turn|12
|
|t:|1660883006
|move|p2a: Mandibuzz|Roost|p2a: Mandibuzz
|-heal|p2a: Mandibuzz|77/100
|-singleturn|p2a: Mandibuzz|move: Roost
|move|p1a: Clefable|Stealth Rock|p2a: Mandibuzz
|-sidestart|p2: OUT Kazt|move: Stealth Rock
|
|upkeep
|turn|13
|
|t:|1660883008
|move|p2a: Mandibuzz|U-turn|p1a: Clefable
|-resisted|p1a: Clefable
|-damage|p1a: Clefable|50/100
|
|t:|1660883010
|switch|p2a: Heatran|Heatran, M|100/100|[from]move: U-turn
|-damage|p2a: Heatran|88/100|[from] Stealth Rock
|move|p1a: Clefable|Moonblast|p2a: Heatran
|-resisted|p2a: Heatran
|-damage|p2a: Heatran|83/100
|
|-heal|p2a: Heatran|89/100|[from] item: Leftovers
|upkeep
|turn|14
|
|t:|1660883015
|switch|p1a: Dragonite|Dragonite, M|100/100
|move|p2a: Heatran|Stealth Rock|p1a: Dragonite
|-sidestart|p1: LT93OQ ES|move: Stealth Rock
|
|-heal|p2a: Heatran|95/100|[from] item: Leftovers
|upkeep
|turn|15
|
|t:|1660883021
|switch|p2a: Mandibuzz|Mandibuzz, F|77/100
|-damage|p2a: Mandibuzz|53/100|[from] Stealth Rock
|move|p1a: Dragonite|Dragon Dance|p1a: Dragonite
|-boost|p1a: Dragonite|atk|1
|-boost|p1a: Dragonite|spe|1
|
|upkeep
|turn|16
|
|t:|1660883025
|move|p1a: Dragonite|Dual Wingbeat|p2a: Mandibuzz
|-damage|p2a: Mandibuzz|35/100
|-damage|p2a: Mandibuzz|18/100
|-hitcount|p2a: Mandibuzz|2
|move|p2a: Mandibuzz|Roost|p2a: Mandibuzz
|-heal|p2a: Mandibuzz|68/100
|-singleturn|p2a: Mandibuzz|move: Roost
|
|upkeep
|turn|17
|
|t:|1660883030
|switch|p1a: Clefable|Clefable, M|50/100
|move|p2a: Mandibuzz|Roost|p2a: Mandibuzz
|-heal|p2a: Mandibuzz|100/100
|-singleturn|p2a: Mandibuzz|move: Roost
|
|upkeep
|turn|18
|
|t:|1660883032
|move|p2a: Mandibuzz|U-turn|p1a: Clefable
|-resisted|p1a: Clefable
|-damage|p1a: Clefable|45/100
|
|t:|1660883036
|switch|p2a: Heatran|Heatran, M|95/100|[from]move: U-turn
|-damage|p2a: Heatran|83/100|[from] Stealth Rock
|move|p1a: Clefable|Soft-Boiled|p1a: Clefable
|-heal|p1a: Clefable|95/100
|
|-heal|p2a: Heatran|89/100|[from] item: Leftovers
|upkeep
|turn|19
|
|t:|1660883041
|switch|p1a: Dragonite|Dragonite, M|100/100
|move|p2a: Heatran|Magma Storm|p1a: Dragonite
|-resisted|p1a: Dragonite
|-damage|p1a: Dragonite|89/100
|-activate|p1a: Dragonite|move: Magma Storm|[of] p2a: Heatran
|
|-heal|p2a: Heatran|95/100|[from] item: Leftovers
|-damage|p1a: Dragonite|76/100|[from] move: Magma Storm|[partiallytrapped]
|upkeep
|turn|20
|
|t:|1660883046
|switch|p2a: Mandibuzz|Mandibuzz, F|100/100
|-damage|p2a: Mandibuzz|76/100|[from] Stealth Rock
|move|p1a: Dragonite|Earthquake|p2a: Mandibuzz
|-immune|p2a: Mandibuzz
|
|-end|p1a: Dragonite|Magma Storm|[partiallytrapped]|[silent]
|upkeep
|turn|21
|
|t:|1660883049
|switch|p1a: Clefable|Clefable, M|95/100
|move|p2a: Mandibuzz|Roost|p2a: Mandibuzz
|-heal|p2a: Mandibuzz|100/100
|-singleturn|p2a: Mandibuzz|move: Roost
|
|upkeep
|turn|22
|
|t:|1660883053
|move|p2a: Mandibuzz|U-turn|p1a: Clefable
|-resisted|p1a: Clefable
|-damage|p1a: Clefable|91/100
|
|t:|1660883055
|switch|p2a: Slowbro|Slowbro, M|58/100|[from]move: U-turn
|-damage|p2a: Slowbro|46/100|[from] Stealth Rock
|move|p1a: Clefable|Knock Off|p2a: Slowbro
|-supereffective|p2a: Slowbro
|-crit|p2a: Slowbro
|-damage|p2a: Slowbro|27/100
|
|upkeep
|turn|23
|
|t:|1660883060
|switch|p2a: Heatran|Heatran, M|95/100
|-damage|p2a: Heatran|83/100|[from] Stealth Rock
|move|p1a: Clefable|Knock Off|p2a: Heatran
|-damage|p2a: Heatran|70/100
|-enditem|p2a: Heatran|Leftovers|[from] move: Knock Off|[of] p1a: Clefable
|
|upkeep
|turn|24
|
|t:|1660883066
|switch|p1a: Dragonite|Dragonite, M|76/100
|move|p2a: Heatran|Taunt|p1a: Dragonite
|-start|p1a: Dragonite|move: Taunt
|
|upkeep
|turn|25
|
|t:|1660883072
|switch|p2a: Slowbro|Slowbro, M|60/100
|-damage|p2a: Slowbro|47/100|[from] Stealth Rock
|move|p1a: Dragonite|Earthquake|p2a: Slowbro
|-damage|p2a: Slowbro|28/100
|
|upkeep
|turn|26
|
|t:|1660883078
|switch|p2a: Mandibuzz|Mandibuzz, F|100/100
|-damage|p2a: Mandibuzz|76/100|[from] Stealth Rock
|move|p1a: Dragonite|Dual Wingbeat|p2a: Mandibuzz|[miss]
|-miss|p1a: Dragonite|p2a: Mandibuzz
|
|-end|p1a: Dragonite|move: Taunt
|upkeep
|turn|27
|
|t:|1660883083
|switch|p1a: Clefable|Clefable, M|91/100
|move|p2a: Mandibuzz|Roost|p2a: Mandibuzz
|-heal|p2a: Mandibuzz|100/100
|-singleturn|p2a: Mandibuzz|move: Roost
|
|upkeep
|turn|28
|
|t:|1660883089
|move|p2a: Mandibuzz|U-turn|p1a: Clefable
|-resisted|p1a: Clefable
|-damage|p1a: Clefable|86/100
|
|t:|1660883091
|switch|p2a: Heatran|Heatran, M|70/100|[from]move: U-turn
|-damage|p2a: Heatran|58/100|[from] Stealth Rock
|move|p1a: Clefable|Moonblast|p2a: Heatran
|-resisted|p2a: Heatran
|-damage|p2a: Heatran|53/100
|-unboost|p2a: Heatran|spa|1
|
|upkeep
|turn|29
|
|t:|1660883097
|switch|p1a: Dragonite|Dragonite, M|76/100
|move|p2a: Heatran|Taunt|p1a: Dragonite
|-start|p1a: Dragonite|move: Taunt
|
|upkeep
|turn|30
|j| kaluo123
|
|t:|1660883101
|switch|p2a: Slowbro|Slowbro, M|61/100
|-damage|p2a: Slowbro|49/100|[from] Stealth Rock
|move|p1a: Dragonite|Earthquake|p2a: Slowbro
|-damage|p2a: Slowbro|27/100
|
|upkeep
|turn|31
|
|t:|1660883105
|move|p1a: Dragonite|Dual Wingbeat|p2a: Slowbro
|-damage|p2a: Slowbro|15/100
|-damage|p2a: Slowbro|3/100
|-hitcount|p2a: Slowbro|2
|move|p2a: Slowbro|Slack Off|p2a: Slowbro
|-heal|p2a: Slowbro|53/100
|
|-end|p1a: Dragonite|move: Taunt
|upkeep
|turn|32
|
|t:|1660883120
|move|p1a: Dragonite|Roost|p1a: Dragonite
|-heal|p1a: Dragonite|100/100
|-singleturn|p1a: Dragonite|move: Roost
|move|p2a: Slowbro|Teleport|p2a: Slowbro
|
|t:|1660883133
|switch|p2a: Landorus|Landorus-Therian, M|100/100|[from]move: Teleport
|-damage|p2a: Landorus|88/100|[from] Stealth Rock
|-ability|p2a: Landorus|Intimidate|boost
|-unboost|p1a: Dragonite|atk|1
|
|upkeep
|turn|33
|
|t:|1660883140
|switch|p1a: Toxapex|Toxapex, F|100/100
|-damage|p1a: Toxapex|88/100|[from] Stealth Rock
|move|p2a: Landorus|Knock Off|p1a: Toxapex
|-crit|p1a: Toxapex
|-damage|p1a: Toxapex|55/100
|-enditem|p1a: Toxapex|Black Sludge|[from] move: Knock Off|[of] p2a: Landorus
|
|upkeep
|turn|34
|
|t:|1660883147
|switch|p2a: Slowbro|Slowbro, M|86/100
|-damage|p2a: Slowbro|73/100|[from] Stealth Rock
|switch|p1a: Landorus|Landorus-Therian, M|48/100
|-damage|p1a: Landorus|36/100|[from] Stealth Rock
|-ability|p1a: Landorus|Intimidate|boost
|-unboost|p2a: Slowbro|atk|1
|
|-heal|p1a: Landorus|42/100|[from] item: Leftovers
|upkeep
|turn|35
|
|t:|1660883151
|move|p1a: Landorus|U-turn|p2a: Slowbro
|-supereffective|p2a: Slowbro
|-damage|p2a: Slowbro|47/100
|
|t:|1660883159
|switch|p1a: Melmetal|Melmetal|100/100|[from]move: U-turn
|-damage|p1a: Melmetal|94/100|[from] Stealth Rock
|move|p2a: Slowbro|Scald|p1a: Melmetal
|-damage|p1a: Melmetal|71/100
|-status|p1a: Melmetal|brn
|
|-heal|p1a: Melmetal|78/100 brn|[from] item: Leftovers
|-damage|p1a: Melmetal|71/100 brn|[from] brn
|upkeep
|turn|36
|
|t:|1660883164
|switch|p1a: Clefable|Clefable, M|86/100
|move|p2a: Slowbro|Slack Off|p2a: Slowbro
|-heal|p2a: Slowbro|97/100
|
|upkeep
|turn|37
|
|t:|1660883167
|move|p1a: Clefable|Moonblast|p2a: Slowbro
|-damage|p2a: Slowbro|65/100
|move|p2a: Slowbro|Future Sight|p1a: Clefable
|-start|p2a: Slowbro|move: Future Sight
|
|upkeep
|turn|38
|l| kaluo123
|
|t:|1660883172
|move|p1a: Clefable|Moonblast|p2a: Slowbro
|-damage|p2a: Slowbro|35/100
|move|p2a: Slowbro|Teleport|p2a: Slowbro
|
|t:|1660883182
|switch|p2a: Heracross|Heracross, M|100/100|[from]move: Teleport
|-damage|p2a: Heracross|88/100|[from] Stealth Rock
|
|-status|p2a: Heracross|brn|[from] item: Flame Orb
|upkeep
|turn|39
|
|t:|1660883187
|move|p2a: Heracross|Facade|p1a: Clefable
|-damage|p1a: Clefable|24/100
|move|p1a: Clefable|Moonblast|p2a: Heracross
|-supereffective|p2a: Heracross
|-damage|p2a: Heracross|19/100 brn
|
|-end|p1a: Clefable|move: Future Sight
|-damage|p1a: Clefable|0 fnt
|faint|p1a: Clefable
|-damage|p2a: Heracross|13/100 brn|[from] brn
|upkeep
|
|t:|1660883193
|switch|p1a: Weavile|Weavile, F|100/100
|-ability|p1a: Weavile|Pressure
|turn|40
|
|t:|1660883198
|move|p1a: Weavile|Knock Off|p2a: Heracross
|-resisted|p2a: Heracross
|-damage|p2a: Heracross|0 fnt
|-enditem|p2a: Heracross|Flame Orb|[from] move: Knock Off|[of] p1a: Weavile
|faint|p2a: Heracross
|
|upkeep
|
|t:|1660883203
|switch|p2a: Heatran|Heatran, M|53/100
|-damage|p2a: Heatran|41/100|[from] Stealth Rock
|turn|41
|
|t:|1660883210
|switch|p1a: Dragonite|Dragonite, M|100/100
|switch|p2a: Mandibuzz|Mandibuzz, F|100/100
|-damage|p2a: Mandibuzz|76/100|[from] Stealth Rock
|
|upkeep
|turn|42
|
|t:|1660883215
|switch|p1a: Weavile|Weavile, F|100/100
|-ability|p1a: Weavile|Pressure
|move|p2a: Mandibuzz|Defog|p1a: Weavile
|-unboost|p1a: Weavile|evasion|1
|-sideend|p1: LT93OQ ES|Stealth Rock|[from] move: Defog|[of] p2a: Mandibuzz
|-sideend|p2: OUT Kazt|Stealth Rock|[from] move: Defog|[of] p2a: Mandibuzz
|
|upkeep
|turn|43
|l| Fffyhhug
|
|t:|1660883219
|switch|p2a: Slowbro|Slowbro, M|68/100
|move|p1a: Weavile|Icicle Crash|p2a: Slowbro
|-resisted|p2a: Slowbro
|-damage|p2a: Slowbro|57/100
|
|upkeep
|turn|44
|
|t:|1660883223
|move|p1a: Weavile|Swords Dance|p1a: Weavile
|-boost|p1a: Weavile|atk|2
|move|p2a: Slowbro|Scald|p1a: Weavile
|-damage|p1a: Weavile|65/100
|-status|p1a: Weavile|brn
|
|-damage|p1a: Weavile|59/100 brn|[from] brn
|upkeep
|turn|45
|
|t:|1660883231
|move|p1a: Weavile|Swords Dance|p1a: Weavile
|-boost|p1a: Weavile|atk|2
|move|p2a: Slowbro|Scald|p1a: Weavile
|-damage|p1a: Weavile|20/100 brn
|
|-damage|p1a: Weavile|14/100 brn|[from] brn
|upkeep
|turn|46
|
|t:|1660883241
|switch|p2a: Landorus|Landorus-Therian, M|88/100
|-ability|p2a: Landorus|Intimidate|boost
|-unboost|p1a: Weavile|atk|1
|move|p1a: Weavile|Knock Off|p2a: Landorus
|-damage|p2a: Landorus|13/100
|-enditem|p2a: Landorus|Choice Scarf|[from] move: Knock Off|[of] p1a: Weavile
|
|-damage|p1a: Weavile|8/100 brn|[from] brn
|upkeep
|turn|47
|
|t:|1660883246
|move|p1a: Weavile|Knock Off|p2a: Landorus
|-damage|p2a: Landorus|0 fnt
|faint|p2a: Landorus
|
|-damage|p1a: Weavile|2/100 brn|[from] brn
|upkeep
|
|t:|1660883252
|switch|p2a: Slowbro|Slowbro, M|90/100
|turn|48
|
|t:|1660883259
|switch|p1a: Toxapex|Toxapex, F|89/100
|move|p2a: Slowbro|Slack Off|p2a: Slowbro
|-heal|p2a: Slowbro|100/100
|
|upkeep
|turn|49
|
|t:|1660883264
|move|p1a: Toxapex|Scald|p2a: Slowbro
|-resisted|p2a: Slowbro
|-damage|p2a: Slowbro|91/100
|move|p2a: Slowbro|Future Sight|p1a: Toxapex
|-start|p2a: Slowbro|move: Future Sight
|
|upkeep
|turn|50
|
|t:|1660883266
|move|p1a: Toxapex|Scald|p2a: Slowbro
|-resisted|p2a: Slowbro
|-crit|p2a: Slowbro
|-damage|p2a: Slowbro|78/100
|move|p2a: Slowbro|Teleport|p2a: Slowbro
|
|t:|1660883268
|switch|p2a: Gengar|Gengar, F|73/100|[from]move: Teleport
|
|-heal|p2a: Gengar|79/100|[from] item: Leftovers
|upkeep
|turn|51
|
|t:|1660883276
|switch|p1a: Weavile|Weavile, F|2/100 brn
|-ability|p1a: Weavile|Pressure
|move|p2a: Gengar|Shadow Ball|p1a: Weavile
|-resisted|p1a: Weavile
|-damage|p1a: Weavile|0 fnt
|faint|p1a: Weavile
|
|-hint|Future Sight did not hit because the target is fainted.
|-heal|p2a: Gengar|85/100|[from] item: Leftovers
|upkeep
|
|t:|1660883285
|switch|p1a: Landorus|Landorus-Therian, M|42/100
|-ability|p1a: Landorus|Intimidate|boost
|-unboost|p2a: Gengar|atk|1
|turn|52
|
|t:|1660883287
|switch|p2a: Slowbro|Slowbro, M|100/100
|move|p1a: Landorus|U-turn|p2a: Slowbro
|-supereffective|p2a: Slowbro
|-damage|p2a: Slowbro|75/100
|
|t:|1660883290
|switch|p1a: Toxapex|Toxapex, F|100/100|[from]move: U-turn
|
|upkeep
|turn|53
|
|t:|1660883294
|move|p1a: Toxapex|Scald|p2a: Slowbro
|-resisted|p2a: Slowbro
|-damage|p2a: Slowbro|67/100
|-status|p2a: Slowbro|brn
|move|p2a: Slowbro|Scald|p1a: Toxapex
|-resisted|p1a: Toxapex
|-damage|p1a: Toxapex|89/100
|-status|p1a: Toxapex|brn
|
|-damage|p1a: Toxapex|83/100 brn|[from] brn
|-damage|p2a: Slowbro|61/100 brn|[from] brn
|upkeep
|turn|54
|j| Cookie.aoe
|l| Cookie.aoe
|
|t:|1660883307
|move|p1a: Toxapex|Scald|p2a: Slowbro
|-resisted|p2a: Slowbro
|-damage|p2a: Slowbro|51/100 brn
|move|p2a: Slowbro|Future Sight|p1a: Toxapex
|-start|p2a: Slowbro|move: Future Sight
|
|-damage|p1a: Toxapex|76/100 brn|[from] brn
|-damage|p2a: Slowbro|45/100 brn|[from] brn
|upkeep
|turn|55
|
|t:|1660883312
|move|p1a: Toxapex|Recover|p1a: Toxapex
|-heal|p1a: Toxapex|100/100 brn
|move|p2a: Slowbro|Teleport|p2a: Slowbro
|
|t:|1660883314
|switch|p2a: Gengar|Gengar, F|85/100|[from]move: Teleport
|
|-heal|p2a: Gengar|91/100|[from] item: Leftovers
|-damage|p1a: Toxapex|94/100 brn|[from] brn
|upkeep
|turn|56
|
|t:|1660883329
|move|p2a: Gengar|Nasty Plot|p2a: Gengar
|-boost|p2a: Gengar|spa|2
|move|p1a: Toxapex|Recover|p1a: Toxapex
|-heal|p1a: Toxapex|100/100 brn
|
|-end|p1a: Toxapex|move: Future Sight
|-supereffective|p1a: Toxapex
|-damage|p1a: Toxapex|35/100 brn
|-heal|p2a: Gengar|97/100|[from] item: Leftovers
|-damage|p1a: Toxapex|29/100 brn|[from] brn
|upkeep
|turn|57
|
|t:|1660883338
|switch|p1a: Landorus|Landorus-Therian, M|42/100
|-ability|p1a: Landorus|Intimidate|boost
|-unboost|p2a: Gengar|atk|1
|move|p2a: Gengar|Shadow Ball|p1a: Landorus
|-damage|p1a: Landorus|0 fnt
|faint|p1a: Landorus
|
|-heal|p2a: Gengar|100/100|[from] item: Leftovers
|upkeep
|
|t:|1660883341
|switch|p1a: Dragonite|Dragonite, M|100/100
|turn|58
|
|t:|1660883349
|switch|p2a: Mandibuzz|Mandibuzz, F|76/100
|move|p1a: Dragonite|Roost||[still]
|-fail|p1a: Dragonite|heal
|
|upkeep
|turn|59
|
|t:|1660883355
|switch|p1a: Toxapex|Toxapex, F|62/100 brn
|move|p2a: Mandibuzz|Roost|p2a: Mandibuzz
|-heal|p2a: Mandibuzz|100/100
|-singleturn|p2a: Mandibuzz|move: Roost
|
|-damage|p1a: Toxapex|56/100 brn|[from] brn
|upkeep
|turn|60
|
|t:|1660883360
|move|p2a: Mandibuzz|U-turn|p1a: Toxapex
|-resisted|p1a: Toxapex
|-damage|p1a: Toxapex|52/100 brn
|
|t:|1660883362
|switch|p2a: Heatran|Heatran, M|41/100|[from]move: U-turn
|move|p1a: Toxapex|Scald|p2a: Heatran
|-supereffective|p2a: Heatran
|-damage|p2a: Heatran|20/100
|
|-damage|p1a: Toxapex|46/100 brn|[from] brn
|upkeep
|turn|61
|
|t:|1660883366
|move|p2a: Heatran|Earth Power|p1a: Toxapex
|-supereffective|p1a: Toxapex
|-damage|p1a: Toxapex|1/100 brn
|move|p1a: Toxapex|Scald|p2a: Heatran
|-supereffective|p2a: Heatran
|-damage|p2a: Heatran|0 fnt
|faint|p2a: Heatran
|
|-damage|p1a: Toxapex|0 fnt|[from] brn
|faint|p1a: Toxapex
|upkeep
|
|t:|1660883373
|switch|p2a: Slowbro|Slowbro, M|78/100 brn
|switch|p1a: Melmetal|Melmetal|71/100 brn
|turn|62
|
|t:|1660883378
|move|p1a: Melmetal|Iron Defense|p1a: Melmetal
|-boost|p1a: Melmetal|def|2
|move|p2a: Slowbro|Scald|p1a: Melmetal
|-damage|p1a: Melmetal|47/100 brn
|
|-heal|p1a: Melmetal|53/100 brn|[from] item: Leftovers
|-damage|p1a: Melmetal|47/100 brn|[from] brn
|-damage|p2a: Slowbro|72/100 brn|[from] brn
|upkeep
|turn|63
|
|t:|1660883384
|move|p1a: Melmetal|Double Iron Bash|p2a: Slowbro
|-resisted|p2a: Slowbro
|-damage|p2a: Slowbro|68/100 brn
|-resisted|p2a: Slowbro
|-damage|p2a: Slowbro|63/100 brn
|-hitcount|p2a: Slowbro|2
|move|p2a: Slowbro|Scald|p1a: Melmetal
|-damage|p1a: Melmetal|25/100 brn
|
|-heal|p1a: Melmetal|31/100 brn|[from] item: Leftovers
|-damage|p1a: Melmetal|25/100 brn|[from] brn
|-damage|p2a: Slowbro|57/100 brn|[from] brn
|upkeep
|turn|64
|
|t:|1660883390
|move|p1a: Melmetal|Double Iron Bash|p2a: Slowbro
|-resisted|p2a: Slowbro
|-damage|p2a: Slowbro|52/100 brn
|-resisted|p2a: Slowbro
|-damage|p2a: Slowbro|47/100 brn
|-hitcount|p2a: Slowbro|2
|cant|p2a: Slowbro|flinch
|
|-heal|p1a: Melmetal|31/100 brn|[from] item: Leftovers
|-damage|p1a: Melmetal|25/100 brn|[from] brn
|-damage|p2a: Slowbro|41/100 brn|[from] brn
|upkeep
|turn|65
|
|t:|1660883394
|move|p1a: Melmetal|Double Iron Bash|p2a: Slowbro
|-resisted|p2a: Slowbro
|-crit|p2a: Slowbro
|-damage|p2a: Slowbro|33/100 brn
|-resisted|p2a: Slowbro
|-damage|p2a: Slowbro|28/100 brn
|-hitcount|p2a: Slowbro|2
|cant|p2a: Slowbro|flinch
|
|-heal|p1a: Melmetal|31/100 brn|[from] item: Leftovers
|-damage|p1a: Melmetal|25/100 brn|[from] brn
|-damage|p2a: Slowbro|22/100 brn|[from] brn
|upkeep
|turn|66
|
|t:|1660883399
|move|p1a: Melmetal|Double Iron Bash|p2a: Slowbro
|-resisted|p2a: Slowbro
|-damage|p2a: Slowbro|18/100 brn
|-resisted|p2a: Slowbro
|-damage|p2a: Slowbro|13/100 brn
|-hitcount|p2a: Slowbro|2
|move|p2a: Slowbro|Slack Off|p2a: Slowbro
|-heal|p2a: Slowbro|63/100 brn
|
|-heal|p1a: Melmetal|31/100 brn|[from] item: Leftovers
|-damage|p1a: Melmetal|25/100 brn|[from] brn
|-damage|p2a: Slowbro|57/100 brn|[from] brn
|upkeep
|turn|67
|
|t:|1660883404
|switch|p1a: Dragonite|Dragonite, M|100/100
|move|p2a: Slowbro|Slack Off|p2a: Slowbro
|-heal|p2a: Slowbro|100/100 brn
|
|-damage|p2a: Slowbro|94/100 brn|[from] brn
|upkeep
|turn|68
|j| kaluo123
|
|t:|1660883407
|switch|p2a: Mandibuzz|Mandibuzz, F|100/100
|move|p1a: Dragonite|Dragon Dance|p1a: Dragonite
|-boost|p1a: Dragonite|atk|1
|-boost|p1a: Dragonite|spe|1
|
|upkeep
|turn|69
|
|t:|1660883410
|move|p1a: Dragonite|Dragon Dance|p1a: Dragonite
|-boost|p1a: Dragonite|atk|1
|-boost|p1a: Dragonite|spe|1
|move|p2a: Mandibuzz|Foul Play|p1a: Dragonite
|-damage|p1a: Dragonite|44/100
|
|upkeep
|turn|70
|c|☆OUT Kazt|gg
|
|t:|1660883415
|move|p1a: Dragonite|Dual Wingbeat|p2a: Mandibuzz
|-damage|p2a: Mandibuzz|76/100
|-damage|p2a: Mandibuzz|53/100
|-hitcount|p2a: Mandibuzz|2
|move|p2a: Mandibuzz|Foul Play|p1a: Dragonite
|-crit|p1a: Dragonite
|-damage|p1a: Dragonite|0 fnt
|faint|p1a: Dragonite
|
|upkeep
|-message|LT93OQ ES forfeited.
|
|win|OUT Kazt
|raw|LT93OQ ES's rating: 1906 &rarr; <strong>1878</strong><br />(-28 for losing)
|raw|OUT Kazt's rating: 1764 &rarr; <strong>1792</strong><br />(+28 for winning)
|l|‽LT93OQ ES
