|j|☆LolzMachine
|j|☆dealmaker
|t:|1610290845
|player|p1|LolzMachine|294|1782
|player|p2|dealmaker|phoebe-gen3|1704
|teamsize|p1|6
|teamsize|p2|6
|gametype|singles
|gen|8
|tier|[Gen 8] OU
|rated|
|clearpoke
|poke|p1|Aggron, M|
|poke|p1|Araquanid, F|
|poke|p1|Garchomp, M|
|poke|p1|Zapdos-Galar|
|poke|p1|Obstagoon, F|
|poke|p1|Regieleki|
|poke|p2|Hippowdon, M|
|poke|p2|Corviknight, F|
|poke|p2|Toxapex, F|
|poke|p2|Mandibuzz, F|
|poke|p2|Clefable, F|
|poke|p2|Blissey, F|
|rule|Sleep Clause Mod: Limit one foe put to sleep
|rule|Species Clause: Limit one of each Pokémon
|rule|OHKO Clause: OHKO moves are banned
|rule|Evasion Moves Clause: Evasion moves are banned
|rule|Endless Battle Clause: Forcing endless battles is banned
|rule|HP Percentage Mod: HP is shown in percentages
|rule|Dynamax Clause: You cannot dynamax
|teampreview
|j| avernuxite
|
|t:|1610290854
|start
|switch|p1a: Araquanid|Araquanid, F|100/100
|switch|p2a: Pink 3|Clefable, F|100/100
|turn|1
|
|t:|1610290858
|move|p1a: Araquanid|Liquidation|p2a: Pink 3
|-damage|p2a: Pink 3|49/100
|move|p2a: Pink 3|Stealth Rock|p1a: Araquanid
|-sidestart|p1: LolzMachine|move: Stealth Rock
|
|upkeep
|turn|2
|
|t:|1610290863
|switch|p2a: Pink 1|Toxapex, F, shiny|100/100
|move|p1a: Araquanid|Liquidation|p2a: Pink 1
|-resisted|p2a: Pink 1
|-damage|p2a: Pink 1|78/100
|
|-heal|p2a: Pink 1|84/100|[from] item: Black Sludge
|upkeep
|turn|3
|
|t:|1610290872
|move|p1a: Araquanid|Magic Coat|p1a: Araquanid
|-singleturn|p1a: Araquanid|move: Magic Coat
|move|p2a: Pink 1|Scald|p1a: Araquanid
|-resisted|p1a: Araquanid
|-damage|p1a: Araquanid|92/100
|
|-heal|p2a: Pink 1|90/100|[from] item: Black Sludge
|upkeep
|turn|4
|
|t:|1610290875
|move|p1a: Araquanid|Sticky Web|p2a: Pink 1
|-sidestart|p2: dealmaker|move: Sticky Web
|move|p2a: Pink 1|Poison Jab|p1a: Araquanid
|-damage|p1a: Araquanid|65/100
|
|-heal|p2a: Pink 1|96/100|[from] item: Black Sludge
|upkeep
|turn|5
|
|t:|1610290878
|switch|p1a: Garchomp|Garchomp, M|100/100
|-damage|p1a: Garchomp|94/100|[from] Stealth Rock
|move|p2a: Pink 1|Poison Jab|p1a: Garchomp
|-resisted|p1a: Garchomp
|-damage|p1a: Garchomp|86/100
|-status|p1a: Garchomp|psn
|-damage|p2a: Pink 1|83/100|[from] ability: Rough Skin|[of] p1a: Garchomp
|-damage|p2a: Pink 1|67/100|[from] item: Rocky Helmet|[of] p1a: Garchomp
|
|-heal|p2a: Pink 1|73/100|[from] item: Black Sludge
|-damage|p1a: Garchomp|74/100 psn|[from] psn
|upkeep
|turn|6
|
|t:|1610290886
|switch|p1a: Obstagoon|Obstagoon, F|100/100
|-damage|p1a: Obstagoon|88/100|[from] Stealth Rock
|switch|p2a: Rolls Royce|Corviknight, F, shiny|100/100
|-ability|p2a: Rolls Royce|Pressure
|
|-status|p1a: Obstagoon|brn|[from] item: Flame Orb
|upkeep
|turn|7
|
|t:|1610290892
|move|p1a: Obstagoon|Fire Punch|p2a: Rolls Royce
|-supereffective|p2a: Rolls Royce
|-damage|p2a: Rolls Royce|67/100
|-status|p2a: Rolls Royce|brn
|move|p2a: Rolls Royce|Body Press|p1a: Obstagoon
|-supereffective|p1a: Obstagoon
|-damage|p1a: Obstagoon|30/100 brn
|
|-heal|p2a: Rolls Royce|73/100 brn|[from] item: Leftovers
|-damage|p1a: Obstagoon|23/100 brn|[from] brn
|-damage|p2a: Rolls Royce|67/100 brn|[from] brn
|upkeep
|turn|8
|
|t:|1610290895
|move|p1a: Obstagoon|Taunt|p2a: Rolls Royce
|-start|p2a: Rolls Royce|move: Taunt
|cant|p2a: Rolls Royce|move: Taunt|Roost
|
|-heal|p2a: Rolls Royce|73/100 brn|[from] item: Leftovers
|-damage|p1a: Obstagoon|17/100 brn|[from] brn
|-damage|p2a: Rolls Royce|67/100 brn|[from] brn
|upkeep
|turn|9
|
|t:|1610290898
|switch|p1a: Garchomp|Garchomp, M|74/100 psn
|-damage|p1a: Garchomp|68/100 psn|[from] Stealth Rock
|move|p2a: Rolls Royce|Body Press|p1a: Garchomp
|-damage|p1a: Garchomp|56/100 psn
|-damage|p2a: Rolls Royce|55/100 brn|[from] ability: Rough Skin|[of] p1a: Garchomp
|-damage|p2a: Rolls Royce|38/100 brn|[from] item: Rocky Helmet|[of] p1a: Garchomp
|
|-heal|p2a: Rolls Royce|44/100 brn|[from] item: Leftovers
|-damage|p1a: Garchomp|44/100 psn|[from] psn
|-damage|p2a: Rolls Royce|38/100 brn|[from] brn
|upkeep
|turn|10
|j| Crushing_Blows
|
|t:|1610290902
|move|p1a: Garchomp|Fire Blast|p2a: Rolls Royce
|-supereffective|p2a: Rolls Royce
|-damage|p2a: Rolls Royce|0 fnt
|faint|p2a: Rolls Royce
|
|-damage|p1a: Garchomp|32/100 psn|[from] psn
|upkeep
|
|t:|1610290908
|switch|p2a: Pink 2|Mandibuzz, F, shiny|100/100
|turn|11
|
|t:|1610290910
|move|p2a: Pink 2|Foul Play|p1a: Garchomp
|-damage|p1a: Garchomp|0 fnt
|-damage|p2a: Pink 2|88/100|[from] ability: Rough Skin|[of] p1a: Garchomp
|-damage|p2a: Pink 2|71/100|[from] item: Rocky Helmet|[of] p1a: Garchomp
|faint|p1a: Garchomp
|
|upkeep
|
|t:|1610290923
|switch|p1a: Zapdos|Zapdos-Galar|100/100
|-damage|p1a: Zapdos|88/100|[from] Stealth Rock
|turn|12
|
|t:|1610290927
|move|p1a: Zapdos|Bulk Up|p1a: Zapdos
|-boost|p1a: Zapdos|atk|1
|-boost|p1a: Zapdos|def|1
|move|p2a: Pink 2|Roost|p2a: Pink 2
|-heal|p2a: Pink 2|100/100
|-singleturn|p2a: Pink 2|move: Roost
|
|-heal|p1a: Zapdos|94/100|[from] item: Leftovers
|upkeep
|turn|13
|l| Crushing_Blows
|
|t:|1610290934
|move|p1a: Zapdos|Taunt|p2a: Pink 2
|-start|p2a: Pink 2|move: Taunt
|move|p2a: Pink 2|Foul Play|p1a: Zapdos
|-resisted|p1a: Zapdos
|-damage|p1a: Zapdos|66/100
|
|-heal|p1a: Zapdos|72/100|[from] item: Leftovers
|upkeep
|turn|14
|
|t:|1610290938
|move|p1a: Zapdos|Thunderous Kick|p2a: Pink 2
|-damage|p2a: Pink 2|61/100
|-unboost|p2a: Pink 2|def|1
|move|p2a: Pink 2|Knock Off|p1a: Zapdos
|-resisted|p1a: Zapdos
|-damage|p1a: Zapdos|62/100
|-enditem|p1a: Zapdos|Leftovers|[from] move: Knock Off|[of] p2a: Pink 2
|
|upkeep
|turn|15
|
|t:|1610290942
|switch|p2a: Pink 1|Toxapex, F, shiny|100/100
|-activate|p2a: Pink 1|move: Sticky Web
|-unboost|p2a: Pink 1|spe|1
|move|p1a: Zapdos|Brave Bird|p2a: Pink 1
|-damage|p2a: Pink 1|36/100
|-damage|p1a: Zapdos|43/100|[from] Recoil
|
|-heal|p2a: Pink 1|42/100|[from] item: Black Sludge
|upkeep
|turn|16
|
|t:|1610290949
|move|p1a: Zapdos|Brave Bird|p2a: Pink 1
|-damage|p2a: Pink 1|0 fnt
|-damage|p1a: Zapdos|29/100|[from] Recoil
|faint|p2a: Pink 1
|
|upkeep
|
|t:|1610290952
|switch|p2a: Range Rover|Hippowdon, M|100/100
|-activate|p2a: Range Rover|move: Sticky Web
|-unboost|p2a: Range Rover|spe|1
|-weather|Sandstorm|[from] ability: Sand Stream|[of] p2a: Range Rover
|turn|17
|
|t:|1610290956
|move|p1a: Zapdos|Taunt|p2a: Range Rover
|-start|p2a: Range Rover|move: Taunt
|cant|p2a: Range Rover|move: Taunt|Toxic
|
|-weather|Sandstorm|[upkeep]
|-damage|p1a: Zapdos|23/100|[from] Sandstorm
|upkeep
|turn|18
|
|t:|1610290961
|switch|p2a: Pink 3|Clefable, F|49/100
|-activate|p2a: Pink 3|move: Sticky Web
|-unboost|p2a: Pink 3|spe|1
|move|p1a: Zapdos|Thunderous Kick|p2a: Pink 3
|-resisted|p2a: Pink 3
|-damage|p2a: Pink 3|24/100
|-unboost|p2a: Pink 3|def|1
|
|-weather|Sandstorm|[upkeep]
|-damage|p1a: Zapdos|17/100|[from] Sandstorm
|-damage|p1a: Zapdos|5/100|[from] item: Sticky Barb
|upkeep
|turn|19
|j| outw lool
|
|t:|1610290967
|move|p1a: Zapdos|Thunderous Kick|p2a: Pink 3
|-resisted|p2a: Pink 3
|-damage|p2a: Pink 3|0 fnt
|faint|p2a: Pink 3
|
|-weather|Sandstorm|[upkeep]
|-damage|p1a: Zapdos|0 fnt|[from] Sandstorm
|faint|p1a: Zapdos
|upkeep
|
|t:|1610290979
|switch|p1a: Obstagoon|Obstagoon, F|17/100 brn
|switch|p2a: Pink 2|Mandibuzz, F, shiny|61/100
|-damage|p1a: Obstagoon|5/100 brn|[from] Stealth Rock
|turn|20
|
|t:|1610290982
|move|p1a: Obstagoon|Facade|p2a: Pink 2
|-damage|p2a: Pink 2|15/100
|move|p2a: Pink 2|Roost|p2a: Pink 2
|-heal|p2a: Pink 2|65/100
|-singleturn|p2a: Pink 2|move: Roost
|
|-weather|Sandstorm|[upkeep]
|-damage|p1a: Obstagoon|0 fnt|[from] Sandstorm
|faint|p1a: Obstagoon
|upkeep
|
|t:|1610290984
|switch|p1a: Aggron|Aggron, M|100/100
|-damage|p1a: Aggron|94/100|[from] Stealth Rock
|turn|21
|
|t:|1610290988
|move|p1a: Aggron|Aqua Tail|p2a: Pink 2
|-damage|p2a: Pink 2|38/100
|move|p2a: Pink 2|U-turn|p1a: Aggron
|-resisted|p1a: Aggron
|-damage|p1a: Aggron|90/100
|
|t:|1610290990
|switch|p2a: Range Rover|Hippowdon, M|100/100|[from]move: U-turn
|-activate|p2a: Range Rover|move: Sticky Web
|-unboost|p2a: Range Rover|spe|1
|
|-weather|none
|upkeep
|turn|22
|
|t:|1610290993
|switch|p1a: Araquanid|Araquanid, F|65/100
|-damage|p1a: Araquanid|40/100|[from] Stealth Rock
|move|p2a: Range Rover|Earthquake|p1a: Araquanid
|-resisted|p1a: Araquanid
|-damage|p1a: Araquanid|16/100
|
|upkeep
|turn|23
|
|t:|1610290996
|switch|p2a: Pink 2|Mandibuzz, F, shiny|38/100
|move|p1a: Araquanid|Liquidation|p2a: Pink 2
|-damage|p2a: Pink 2|4/100
|
|upkeep
|turn|24
|
|t:|1610291003
|switch|p1a: Aggron|Aggron, M|90/100
|-damage|p1a: Aggron|84/100|[from] Stealth Rock
|move|p2a: Pink 2|Knock Off|p1a: Aggron
|-damage|p1a: Aggron|67/100
|-enditem|p1a: Aggron|Choice Band|[from] move: Knock Off|[of] p2a: Pink 2
|
|upkeep
|turn|25
|
|t:|1610291008
|move|p1a: Aggron|Head Smash|p2a: Pink 2
|-supereffective|p2a: Pink 2
|-damage|p2a: Pink 2|0 fnt
|faint|p2a: Pink 2
|
|upkeep
|
|t:|1610291009
|switch|p2a: Range Rover|Hippowdon, M|100/100
|-activate|p2a: Range Rover|move: Sticky Web
|-unboost|p2a: Range Rover|spe|1
|-weather|Sandstorm|[from] ability: Sand Stream|[of] p2a: Range Rover
|turn|26
|
|t:|1610291014
|move|p1a: Aggron|Aqua Tail|p2a: Range Rover
|-supereffective|p2a: Range Rover
|-damage|p2a: Range Rover|56/100
|move|p2a: Range Rover|Earthquake|p1a: Aggron
|-supereffective|p1a: Aggron
|-damage|p1a: Aggron|0 fnt
|faint|p1a: Aggron
|
|-weather|Sandstorm|[upkeep]
|-heal|p2a: Range Rover|62/100|[from] item: Leftovers
|upkeep
|
|t:|1610291016
|switch|p1a: Regieleki|Regieleki|100/100
|-damage|p1a: Regieleki|88/100|[from] Stealth Rock
|turn|27
|j| lrjia
|
|t:|1610291020
|move|p1a: Regieleki|Rapid Spin|p2a: Range Rover
|-damage|p2a: Range Rover|54/100
|-boost|p1a: Regieleki|spe|1
|-sideend|p1: LolzMachine|Stealth Rock|[from] move: Rapid Spin|[of] p1a: Regieleki
|move|p2a: Range Rover|Earthquake|p1a: Regieleki
|-supereffective|p1a: Regieleki
|-damage|p1a: Regieleki|0 fnt
|faint|p1a: Regieleki
|
|-weather|Sandstorm|[upkeep]
|-heal|p2a: Range Rover|61/100|[from] item: Leftovers
|upkeep
|
|t:|1610291022
|switch|p1a: Araquanid|Araquanid, F|16/100
|turn|28
|
|t:|1610291028
|move|p1a: Araquanid|Liquidation|p2a: Range Rover
|-supereffective|p2a: Range Rover
|-damage|p2a: Range Rover|0 fnt
|faint|p2a: Range Rover
|
|-weather|Sandstorm|[upkeep]
|-damage|p1a: Araquanid|10/100|[from] Sandstorm
|upkeep
|
|t:|1610291030
|switch|p2a: Pink 4|Blissey, F|100/100
|turn|29
|
|t:|1610291032
|move|p1a: Araquanid|Leech Life|p2a: Pink 4
|-damage|p2a: Pink 4|72/100
|-heal|p1a: Araquanid|44/100|[from] drain|[of] p2a: Pink 4
|move|p2a: Pink 4|Seismic Toss|p1a: Araquanid
|-damage|p1a: Araquanid|8/100
|
|-weather|Sandstorm|[upkeep]
|-damage|p1a: Araquanid|2/100|[from] Sandstorm
|-damage|p2a: Pink 4|65/100|[from] Sandstorm
|upkeep
|turn|30
|
|t:|1610291036
|move|p1a: Araquanid|Leech Life|p2a: Pink 4
|-damage|p2a: Pink 4|34/100
|-heal|p1a: Araquanid|38/100|[from] drain|[of] p2a: Pink 4
|move|p2a: Pink 4|Seismic Toss|p1a: Araquanid
|-damage|p1a: Araquanid|2/100
|
|-weather|none
|upkeep
|turn|31
|
|t:|1610291042
|move|p1a: Araquanid|Liquidation|p2a: Pink 4
|-damage|p2a: Pink 4|0 fnt
|faint|p2a: Pink 4
|
|win|LolzMachine
|c|☆LolzMachine|gg
|c|☆dealmaker|ygg
|c|☆dealmaker|well played!
|raw|LolzMachine's rating: 1782 &rarr; <strong>1798</strong><br />(+16 for winning)
|raw|dealmaker's rating: 1704 &rarr; <strong>1688</strong><br />(-16 for losing)
|l|☆dealmaker
|l| lrjia
|l| outw lool
|l|☆LolzMachine
|j|☆LolzMachine
|player|p1|LolzMachine|294
