|j|☆PokemonCestDur
|j|☆someidiot19
|t:|1658607453
|gametype|singles
|player|p1|PokemonCestDur|#ruplixsleekslushrushers|1831
|player|p2|someidiot19|karen-gen2|1734
|teamsize|p1|6
|teamsize|p2|6
|gen|8
|tier|[Gen 8] OU
|rated|
|rule|Sleep Clause Mod: Limit one foe put to sleep
|rule|Species Clause: Limit one of each Pokémon
|rule|OHKO Clause: OHKO moves are banned
|rule|Evasion Moves Clause: Evasion moves are banned
|rule|Endless Battle Clause: Forcing endless battles is banned
|rule|HP Percentage Mod: HP is shown in percentages
|rule|Dynamax Clause: You cannot dynamax
|clearpoke
|poke|p1|Tapu Bulu|
|poke|p1|Kartana|
|poke|p1|Zapdos|
|poke|p1|Landorus-Therian, M|
|poke|p1|Toxapex, M|
|poke|p1|Heatran, M|
|poke|p2|Keldeo-Resolute|
|poke|p2|Tyranitar, F|
|poke|p2|Excadrill, M|
|poke|p2|Jirachi|
|poke|p2|Clefable, F|
|poke|p2|Tangrowth, F|
|teampreview
|inactive|Battle timer is ON: inactive players will automatically lose when time's up. (requested by someidiot19)
|j| DiscoinChurno
|inactive|PokemonCestDur has 120 seconds left.
|inactive|PokemonCestDur has 90 seconds left.
|
|t:|1658607533
|start
|switch|p1a: Toxapex|Toxapex, M|100/100
|switch|p2a: Thinkin Bout You|Keldeo-Resolute|100/100
|turn|1
|
|t:|1658607544
|switch|p2a: Pink Matter|Clefable, F, shiny|100/100
|move|p1a: Toxapex|Scald|p2a: Pink Matter
|-damage|p2a: Pink Matter|85/100
|
|-heal|p2a: Pink Matter|91/100|[from] item: Leftovers
|upkeep
|turn|2
|
|t:|1658607556
|switch|p1a: Heatran|Heatran, M|100/100
|move|p2a: Pink Matter|Thunder Wave|p1a: Heatran
|-status|p1a: Heatran|par
|
|-heal|p2a: Pink Matter|97/100|[from] item: Leftovers
|upkeep
|turn|3
|
|t:|1658607562
|switch|p2a: Thinkin Bout You|Keldeo-Resolute|100/100
|move|p1a: Heatran|Stealth Rock|p2a: Thinkin Bout You
|-sidestart|p2: someidiot19|move: Stealth Rock
|
|upkeep
|turn|4
|
|t:|1658607569
|switch|p1a: Toxapex|Toxapex, M|100/100
|move|p2a: Thinkin Bout You|Scald|p1a: Toxapex
|-resisted|p1a: Toxapex
|-damage|p1a: Toxapex|75/100
|-status|p1a: Toxapex|brn
|
|-damage|p1a: Toxapex|69/100 brn|[from] brn
|upkeep
|turn|5
|
|t:|1658607581
|switch|p2a: Bad Religion|Jirachi|100/100
|-damage|p2a: Bad Religion|94/100|[from] Stealth Rock
|move|p1a: Toxapex|Scald|p2a: Bad Religion
|-damage|p2a: Bad Religion|85/100
|
|-heal|p2a: Bad Religion|91/100|[from] item: Leftovers
|-damage|p1a: Toxapex|63/100 brn|[from] brn
|upkeep
|turn|6
|
|t:|1658607586
|move|p2a: Bad Religion|Stealth Rock|p1a: Toxapex
|-sidestart|p1: PokemonCestDur|move: Stealth Rock
|move|p1a: Toxapex|Scald|p2a: Bad Religion
|-damage|p2a: Bad Religion|79/100
|
|-heal|p2a: Bad Religion|85/100|[from] item: Leftovers
|-damage|p1a: Toxapex|57/100 brn|[from] brn
|upkeep
|turn|7
|
|t:|1658607592
|move|p2a: Bad Religion|Iron Head|p1a: Toxapex
|-resisted|p1a: Toxapex
|-damage|p1a: Toxapex|48/100 brn
|-damage|p2a: Bad Religion|69/100|[from] item: Rocky Helmet|[of] p1a: Toxapex
|cant|p1a: Toxapex|flinch
|
|-heal|p2a: Bad Religion|75/100|[from] item: Leftovers
|-damage|p1a: Toxapex|42/100 brn|[from] brn
|upkeep
|turn|8
|
|t:|1658607603
|switch|p2a: Pyramids|Excadrill, M|100/100
|-damage|p2a: Pyramids|97/100|[from] Stealth Rock
|move|p1a: Toxapex|Recover|p1a: Toxapex
|-heal|p1a: Toxapex|93/100 brn
|
|-heal|p2a: Pyramids|100/100|[from] item: Leftovers
|-damage|p1a: Toxapex|87/100 brn|[from] brn
|upkeep
|turn|9
|
|t:|1658607613
|move|p2a: Pyramids|Rapid Spin|p1a: Toxapex
|-damage|p1a: Toxapex|74/100 brn
|-boost|p2a: Pyramids|spe|1
|-damage|p2a: Pyramids|84/100|[from] item: Rocky Helmet|[of] p1a: Toxapex
|-sideend|p2: someidiot19|Stealth Rock|[from] move: Rapid Spin|[of] p2a: Pyramids
|move|p1a: Toxapex|Scald|p2a: Pyramids
|-supereffective|p2a: Pyramids
|-damage|p2a: Pyramids|42/100
|-status|p2a: Pyramids|brn
|
|-heal|p2a: Pyramids|48/100 brn|[from] item: Leftovers
|-damage|p2a: Pyramids|42/100 brn|[from] brn
|-damage|p1a: Toxapex|68/100 brn|[from] brn
|upkeep
|turn|10
|
|t:|1658607629
|switch|p2a: Pink Matter|Clefable, F, shiny|97/100
|move|p1a: Toxapex|Scald|p2a: Pink Matter
|-damage|p2a: Pink Matter|81/100
|-status|p2a: Pink Matter|brn
|
|-heal|p2a: Pink Matter|87/100 brn|[from] item: Leftovers
|-damage|p1a: Toxapex|62/100 brn|[from] brn
|upkeep
|turn|11
|
|t:|1658607643
|move|p2a: Pink Matter|Moonblast|p1a: Toxapex
|-resisted|p1a: Toxapex
|-damage|p1a: Toxapex|49/100 brn
|move|p1a: Toxapex|Recover|p1a: Toxapex
|-heal|p1a: Toxapex|99/100 brn
|
|-heal|p2a: Pink Matter|93/100 brn|[from] item: Leftovers
|-damage|p1a: Toxapex|94/100 brn|[from] brn
|upkeep
|turn|12
|c|☆PokemonCestDur|i love thinkin bout you
|c|☆someidiot19|goated song
|j| sdiubfgadfig
|c|☆PokemonCestDur|yes and goat album
|inactive|PokemonCestDur has 120 seconds left.
|c|☆someidiot19|:)
|
|t:|1658607676
|move|p2a: Pink Matter|Calm Mind|p2a: Pink Matter
|-boost|p2a: Pink Matter|spa|1
|-boost|p2a: Pink Matter|spd|1
|move|p1a: Toxapex|Scald|p2a: Pink Matter
|-damage|p2a: Pink Matter|81/100 brn
|
|-heal|p2a: Pink Matter|88/100 brn|[from] item: Leftovers
|-damage|p1a: Toxapex|88/100 brn|[from] brn
|upkeep
|turn|13
|
|t:|1658607679
|move|p2a: Pink Matter|Moonblast|p1a: Toxapex
|-resisted|p1a: Toxapex
|-damage|p1a: Toxapex|70/100 brn
|move|p1a: Toxapex|Haze|p1a: Toxapex
|-clearallboost
|
|-heal|p2a: Pink Matter|94/100 brn|[from] item: Leftovers
|-damage|p1a: Toxapex|64/100 brn|[from] brn
|upkeep
|turn|14
|
|t:|1658607690
|switch|p2a: Forrest Gump|Tangrowth, F|100/100
|move|p1a: Toxapex|Scald|p2a: Forrest Gump
|-resisted|p2a: Forrest Gump
|-damage|p2a: Forrest Gump|88/100
|-status|p2a: Forrest Gump|brn
|
|-damage|p2a: Forrest Gump|82/100 brn|[from] brn
|-damage|p1a: Toxapex|58/100 brn|[from] brn
|upkeep
|turn|15
|
|t:|1658607707
|switch|p1a: Heatran|Heatran, M|100/100 par
|-damage|p1a: Heatran|88/100 par|[from] Stealth Rock
|move|p2a: Forrest Gump|Knock Off|p1a: Heatran
|-damage|p1a: Heatran|79/100 par
|-enditem|p1a: Heatran|Leftovers|[from] move: Knock Off|[of] p2a: Forrest Gump
|
|-damage|p2a: Forrest Gump|75/100 brn|[from] brn
|upkeep
|turn|16
|
|t:|1658607715
|switch|p2a: Thinkin Bout You|Keldeo-Resolute|100/100
|move|p1a: Heatran|Stealth Rock|p2a: Thinkin Bout You
|-sidestart|p2: someidiot19|move: Stealth Rock
|
|upkeep
|turn|17
|
|t:|1658607725
|switch|p1a: Toxapex|Toxapex, M|92/100 brn
|-damage|p1a: Toxapex|79/100 brn|[from] Stealth Rock
|move|p2a: Thinkin Bout You|Hydro Pump|p1a: Toxapex
|-resisted|p1a: Toxapex
|-damage|p1a: Toxapex|48/100 brn
|
|-damage|p1a: Toxapex|42/100 brn|[from] brn
|upkeep
|turn|18
|
|t:|1658607732
|move|p2a: Thinkin Bout You|Hydro Pump|p1a: Toxapex
|-resisted|p1a: Toxapex
|-damage|p1a: Toxapex|8/100 brn
|move|p1a: Toxapex|Recover|p1a: Toxapex
|-heal|p1a: Toxapex|58/100 brn
|
|-damage|p1a: Toxapex|52/100 brn|[from] brn
|upkeep
|turn|19
|
|t:|1658607741
|switch|p2a: Forrest Gump|Tangrowth, F|100/100 brn
|move|p1a: Toxapex|Recover|p1a: Toxapex
|-heal|p1a: Toxapex|100/100 brn
|
|-damage|p2a: Forrest Gump|94/100 brn|[from] brn
|-damage|p1a: Toxapex|95/100 brn|[from] brn
|upkeep
|turn|20
|
|t:|1658607766
|switch|p1a: Heatran|Heatran, M|79/100 par
|-damage|p1a: Heatran|66/100 par|[from] Stealth Rock
|move|p2a: Forrest Gump|Knock Off|p1a: Heatran
|-damage|p1a: Heatran|61/100 par
|
|-damage|p2a: Forrest Gump|88/100 brn|[from] brn
|upkeep
|turn|21
|j| Subarashi Konosuba
|
|t:|1658607774
|switch|p2a: Sierra Leone|Tyranitar, F, shiny|100/100
|-damage|p2a: Sierra Leone|88/100|[from] Stealth Rock
|-weather|Sandstorm|[from] ability: Sand Stream|[of] p2a: Sierra Leone
|move|p1a: Heatran|Magma Storm|p2a: Sierra Leone
|-resisted|p2a: Sierra Leone
|-damage|p2a: Sierra Leone|74/100
|-activate|p2a: Sierra Leone|move: Magma Storm|[of] p1a: Heatran
|
|-weather|Sandstorm|[upkeep]
|-damage|p2a: Sierra Leone|62/100|[from] move: Magma Storm|[partiallytrapped]
|upkeep
|turn|22
|
|t:|1658607786
|move|p2a: Sierra Leone|Stone Edge|p1a: Heatran
|-damage|p1a: Heatran|0 fnt
|faint|p1a: Heatran
|
|-weather|Sandstorm|[upkeep]
|-end|p2a: Sierra Leone|Magma Storm|[partiallytrapped]|[silent]
|upkeep
|
|t:|1658607794
|switch|p1a: Kartana|Kartana|100/100
|-damage|p1a: Kartana|94/100|[from] Stealth Rock
|turn|23
|
|t:|1658607797
|switch|p2a: Forrest Gump|Tangrowth, F|100/100 brn
|move|p1a: Kartana|Knock Off|p2a: Forrest Gump
|-damage|p2a: Forrest Gump|79/100 brn
|-enditem|p2a: Forrest Gump|Heavy-Duty Boots|[from] move: Knock Off|[of] p1a: Kartana
|
|-weather|Sandstorm|[upkeep]
|-damage|p2a: Forrest Gump|73/100 brn|[from] Sandstorm
|-damage|p2a: Forrest Gump|67/100 brn|[from] brn
|upkeep
|turn|24
|
|t:|1658607815
|switch|p1a: Zapdos|Zapdos|100/100
|move|p2a: Forrest Gump|Knock Off|p1a: Zapdos
|-damage|p1a: Zapdos|88/100
|-enditem|p1a: Zapdos|Heavy-Duty Boots|[from] move: Knock Off|[of] p2a: Forrest Gump
|
|-weather|Sandstorm|[upkeep]
|-damage|p1a: Zapdos|81/100|[from] Sandstorm
|-damage|p2a: Forrest Gump|61/100 brn|[from] Sandstorm
|-damage|p2a: Forrest Gump|54/100 brn|[from] brn
|upkeep
|turn|25
|
|t:|1658607824
|switch|p2a: Bad Religion|Jirachi|75/100
|-damage|p2a: Bad Religion|69/100|[from] Stealth Rock
|move|p1a: Zapdos|Volt Switch|p2a: Bad Religion
|-damage|p2a: Bad Religion|47/100
|
|t:|1658607837
|switch|p1a: Landorus|Landorus-Therian, M|100/100|[from]move: Volt Switch
|-damage|p1a: Landorus|88/100|[from] Stealth Rock
|-ability|p1a: Landorus|Intimidate|boost
|-unboost|p2a: Bad Religion|atk|1
|
|-weather|none
|-heal|p2a: Bad Religion|53/100|[from] item: Leftovers
|-heal|p1a: Landorus|94/100|[from] item: Leftovers
|upkeep
|turn|26
|
|t:|1658607842
|switch|p2a: Forrest Gump|Tangrowth, F|88/100 brn
|-damage|p2a: Forrest Gump|75/100 brn|[from] Stealth Rock
|move|p1a: Landorus|U-turn|p2a: Forrest Gump
|-supereffective|p2a: Forrest Gump
|-damage|p2a: Forrest Gump|51/100 brn
|
|t:|1658607848
|switch|p1a: Zapdos|Zapdos|81/100|[from]move: U-turn
|-damage|p1a: Zapdos|56/100|[from] Stealth Rock
|
|-damage|p2a: Forrest Gump|45/100 brn|[from] brn
|upkeep
|turn|27
|
|t:|1658607852
|switch|p2a: Pink Matter|Clefable, F, shiny|94/100 brn
|move|p1a: Zapdos|Roost|p1a: Zapdos
|-heal|p1a: Zapdos|100/100
|-singleturn|p1a: Zapdos|move: Roost
|
|-heal|p2a: Pink Matter|99/100 brn|[from] item: Leftovers
|upkeep
|turn|28
|
|t:|1658607859
|move|p1a: Zapdos|Volt Switch|p2a: Pink Matter
|-crit|p2a: Pink Matter
|-damage|p2a: Pink Matter|45/100 brn
|j| CB Bhris Breezy
|
|t:|1658607872
|switch|p1a: Toxapex|Toxapex, M|100/100 brn|[from]move: Volt Switch
|-damage|p1a: Toxapex|88/100 brn|[from] Stealth Rock
|move|p2a: Pink Matter|Moonblast|p1a: Toxapex
|-resisted|p1a: Toxapex
|-crit|p1a: Toxapex
|-damage|p1a: Toxapex|68/100 brn
|
|-heal|p2a: Pink Matter|51/100 brn|[from] item: Leftovers
|-damage|p1a: Toxapex|63/100 brn|[from] brn
|upkeep
|turn|29
|
|t:|1658607879
|move|p2a: Pink Matter|Soft-Boiled|p2a: Pink Matter
|-heal|p2a: Pink Matter|100/100 brn
|move|p1a: Toxapex|Scald|p2a: Pink Matter
|-damage|p2a: Pink Matter|85/100 brn
|
|-heal|p2a: Pink Matter|91/100 brn|[from] item: Leftovers
|-damage|p1a: Toxapex|57/100 brn|[from] brn
|upkeep
|turn|30
|
|t:|1658607893
|move|p2a: Pink Matter|Moonblast|p1a: Toxapex
|-resisted|p1a: Toxapex
|-crit|p1a: Toxapex
|-damage|p1a: Toxapex|40/100 brn
|-unboost|p1a: Toxapex|spa|1
|move|p1a: Toxapex|Recover|p1a: Toxapex
|-heal|p1a: Toxapex|90/100 brn
|
|-heal|p2a: Pink Matter|97/100 brn|[from] item: Leftovers
|-damage|p1a: Toxapex|84/100 brn|[from] brn
|upkeep
|turn|31
|
|t:|1658607901
|switch|p1a: Zapdos|Zapdos|100/100
|-damage|p1a: Zapdos|76/100|[from] Stealth Rock
|move|p2a: Pink Matter|Moonblast|p1a: Zapdos
|-damage|p1a: Zapdos|45/100
|
|-heal|p2a: Pink Matter|100/100 brn|[from] item: Leftovers
|upkeep
|turn|32
|
|t:|1658607906
|move|p1a: Zapdos|Roost|p1a: Zapdos
|-heal|p1a: Zapdos|95/100
|-singleturn|p1a: Zapdos|move: Roost
|move|p2a: Pink Matter|Calm Mind|p2a: Pink Matter
|-boost|p2a: Pink Matter|spa|1
|-boost|p2a: Pink Matter|spd|1
|
|upkeep
|turn|33
|
|t:|1658607909
|move|p1a: Zapdos|Volt Switch|p2a: Pink Matter
|-damage|p2a: Pink Matter|78/100 brn
|
|t:|1658607912
|switch|p1a: Toxapex|Toxapex, M|100/100 brn|[from]move: Volt Switch
|-damage|p1a: Toxapex|88/100 brn|[from] Stealth Rock
|move|p2a: Pink Matter|Moonblast|p1a: Toxapex
|-resisted|p1a: Toxapex
|-damage|p1a: Toxapex|69/100 brn
|
|-heal|p2a: Pink Matter|84/100 brn|[from] item: Leftovers
|-damage|p1a: Toxapex|64/100 brn|[from] brn
|upkeep
|turn|34
|
|t:|1658607916
|move|p2a: Pink Matter|Moonblast|p1a: Toxapex
|-resisted|p1a: Toxapex
|-damage|p1a: Toxapex|45/100 brn
|-unboost|p1a: Toxapex|spa|1
|move|p1a: Toxapex|Haze|p1a: Toxapex
|-clearallboost
|
|-heal|p2a: Pink Matter|90/100 brn|[from] item: Leftovers
|-damage|p1a: Toxapex|39/100 brn|[from] brn
|upkeep
|turn|35
|
|t:|1658607924
|move|p2a: Pink Matter|Calm Mind|p2a: Pink Matter
|-boost|p2a: Pink Matter|spa|1
|-boost|p2a: Pink Matter|spd|1
|move|p1a: Toxapex|Recover|p1a: Toxapex
|-heal|p1a: Toxapex|90/100 brn
|
|-heal|p2a: Pink Matter|96/100 brn|[from] item: Leftovers
|-damage|p1a: Toxapex|84/100 brn|[from] brn
|upkeep
|turn|36
|
|t:|1658607929
|move|p2a: Pink Matter|Moonblast|p1a: Toxapex
|-resisted|p1a: Toxapex
|-damage|p1a: Toxapex|66/100 brn
|move|p1a: Toxapex|Haze|p1a: Toxapex
|-clearallboost
|
|-heal|p2a: Pink Matter|100/100 brn|[from] item: Leftovers
|-damage|p1a: Toxapex|60/100 brn|[from] brn
|upkeep
|turn|37
|
|t:|1658607936
|move|p2a: Pink Matter|Calm Mind|p2a: Pink Matter
|-boost|p2a: Pink Matter|spa|1
|-boost|p2a: Pink Matter|spd|1
|move|p1a: Toxapex|Scald|p2a: Pink Matter
|-damage|p2a: Pink Matter|90/100 brn
|
|-heal|p2a: Pink Matter|96/100 brn|[from] item: Leftovers
|-damage|p1a: Toxapex|54/100 brn|[from] brn
|upkeep
|turn|38
|
|t:|1658607942
|move|p2a: Pink Matter|Moonblast|p1a: Toxapex
|-resisted|p1a: Toxapex
|-damage|p1a: Toxapex|35/100 brn
|move|p1a: Toxapex|Recover|p1a: Toxapex
|-heal|p1a: Toxapex|85/100 brn
|
|-heal|p2a: Pink Matter|100/100 brn|[from] item: Leftovers
|-damage|p1a: Toxapex|79/100 brn|[from] brn
|upkeep
|turn|39
|
|t:|1658607946
|move|p2a: Pink Matter|Moonblast|p1a: Toxapex
|-resisted|p1a: Toxapex
|-damage|p1a: Toxapex|60/100 brn
|-unboost|p1a: Toxapex|spa|1
|move|p1a: Toxapex|Haze|p1a: Toxapex
|-clearallboost
|
|-damage|p1a: Toxapex|54/100 brn|[from] brn
|upkeep
|turn|40
|
|t:|1658607957
|switch|p2a: Forrest Gump|Tangrowth, F|78/100 brn
|-damage|p2a: Forrest Gump|66/100 brn|[from] Stealth Rock
|move|p1a: Toxapex|Scald|p2a: Forrest Gump
|-resisted|p2a: Forrest Gump
|-crit|p2a: Forrest Gump
|-damage|p2a: Forrest Gump|49/100 brn
|
|-damage|p2a: Forrest Gump|43/100 brn|[from] brn
|-damage|p1a: Toxapex|48/100 brn|[from] brn
|upkeep
|turn|41
|
|t:|1658607966
|switch|p2a: Pink Matter|Clefable, F, shiny|100/100 brn
|switch|p1a: Zapdos|Zapdos|95/100
|-damage|p1a: Zapdos|70/100|[from] Stealth Rock
|
|upkeep
|turn|42
|
|t:|1658607972
|move|p1a: Zapdos|Discharge|p2a: Pink Matter
|-damage|p2a: Pink Matter|59/100 brn
|move|p2a: Pink Matter|Calm Mind|p2a: Pink Matter
|-boost|p2a: Pink Matter|spa|1
|-boost|p2a: Pink Matter|spd|1
|
|-heal|p2a: Pink Matter|65/100 brn|[from] item: Leftovers
|upkeep
|turn|43
|
|t:|1658607977
|move|p1a: Zapdos|Volt Switch|p2a: Pink Matter
|-damage|p2a: Pink Matter|43/100 brn
|
|t:|1658607987
|switch|p1a: Toxapex|Toxapex, M|81/100 brn|[from]move: Volt Switch
|-damage|p1a: Toxapex|69/100 brn|[from] Stealth Rock
|move|p2a: Pink Matter|Soft-Boiled|p2a: Pink Matter
|-heal|p2a: Pink Matter|93/100 brn
|
|-heal|p2a: Pink Matter|99/100 brn|[from] item: Leftovers
|-damage|p1a: Toxapex|63/100 brn|[from] brn
|upkeep
|turn|44
|
|t:|1658607992
|move|p2a: Pink Matter|Moonblast|p1a: Toxapex
|-resisted|p1a: Toxapex
|-damage|p1a: Toxapex|44/100 brn
|-unboost|p1a: Toxapex|spa|1
|move|p1a: Toxapex|Haze|p1a: Toxapex
|-clearallboost
|
|-heal|p2a: Pink Matter|100/100 brn|[from] item: Leftovers
|-damage|p1a: Toxapex|38/100 brn|[from] brn
|upkeep
|turn|45
|
|t:|1658608019
|switch|p2a: Bad Religion|Jirachi|53/100
|-damage|p2a: Bad Religion|47/100|[from] Stealth Rock
|switch|p1a: Landorus|Landorus-Therian, M|94/100
|-damage|p1a: Landorus|82/100|[from] Stealth Rock
|-ability|p1a: Landorus|Intimidate|boost
|-unboost|p2a: Bad Religion|atk|1
|
|-heal|p2a: Bad Religion|53/100|[from] item: Leftovers
|-heal|p1a: Landorus|88/100|[from] item: Leftovers
|upkeep
|turn|46
|
|t:|1658608030
|move|p2a: Bad Religion|Healing Wish|p2a: Bad Religion
|faint|p2a: Bad Religion
|move|p1a: Landorus|Defog|p2: Bad Religion|[notarget]
|-fail|p1a: Landorus
|
|-heal|p1a: Landorus|94/100|[from] item: Leftovers
|upkeep
|
|t:|1658608033
|switch|p2a: Pyramids|Excadrill, M|42/100 brn
|-heal|p2a: Pyramids|100/100|[from] move: Healing Wish
|-damage|p2a: Pyramids|97/100|[from] Stealth Rock
|turn|47
|inactive|someidiot19 has 120 seconds left.
|
|t:|1658608059
|switch|p2a: Forrest Gump|Tangrowth, F|76/100 brn
|-damage|p2a: Forrest Gump|64/100 brn|[from] Stealth Rock
|move|p1a: Landorus|Defog|p2a: Forrest Gump
|-unboost|p2a: Forrest Gump|evasion|1
|-sideend|p2: someidiot19|Stealth Rock|[from] move: Defog|[of] p1a: Landorus
|-sideend|p1: PokemonCestDur|Stealth Rock|[from] move: Defog|[of] p1a: Landorus
|
|-heal|p1a: Landorus|99/100|[from] item: Leftovers
|-damage|p2a: Forrest Gump|58/100 brn|[from] brn
|upkeep
|turn|48
|
|t:|1658608067
|move|p1a: Landorus|U-turn|p2a: Forrest Gump
|-supereffective|p2a: Forrest Gump
|-damage|p2a: Forrest Gump|35/100 brn
|
|t:|1658608071
|switch|p1a: Zapdos|Zapdos|70/100|[from]move: U-turn
|move|p2a: Forrest Gump|Toxic|p1a: Zapdos
|-status|p1a: Zapdos|tox
|
|-damage|p1a: Zapdos|64/100 tox|[from] psn
|-damage|p2a: Forrest Gump|29/100 brn|[from] brn
|upkeep
|turn|49
|
|t:|1658608085
|switch|p1a: Kartana|Kartana|94/100
|switch|p2a: Pink Matter|Clefable, F, shiny|100/100 brn
|
|upkeep
|turn|50
|
|t:|1658608096
|switch|p1a: Landorus|Landorus-Therian, M|99/100
|-ability|p1a: Landorus|Intimidate|boost
|-unboost|p2a: Pink Matter|atk|1
|move|p2a: Pink Matter|Thunder Wave|p1a: Landorus
|-immune|p1a: Landorus
|
|-heal|p1a: Landorus|100/100|[from] item: Leftovers
|upkeep
|turn|51
|
|t:|1658608116
|move|p1a: Landorus|Earthquake|p2a: Pink Matter
|-damage|p2a: Pink Matter|65/100 brn
|move|p2a: Pink Matter|Calm Mind|p2a: Pink Matter
|-boost|p2a: Pink Matter|spa|1
|-boost|p2a: Pink Matter|spd|1
|
|-heal|p2a: Pink Matter|71/100 brn|[from] item: Leftovers
|upkeep
|turn|52
|
|t:|1658608123
|move|p1a: Landorus|U-turn|p2a: Pink Matter
|-resisted|p2a: Pink Matter
|-damage|p2a: Pink Matter|62/100 brn
|
|t:|1658608125
|switch|p1a: Toxapex|Toxapex, M|71/100 brn|[from]move: U-turn
|move|p2a: Pink Matter|Moonblast|p1a: Toxapex
|-resisted|p1a: Toxapex
|-damage|p1a: Toxapex|53/100 brn
|
|-heal|p2a: Pink Matter|68/100 brn|[from] item: Leftovers
|-damage|p1a: Toxapex|47/100 brn|[from] brn
|upkeep
|turn|53
|
|t:|1658608138
|switch|p2a: Sierra Leone|Tyranitar, F, shiny|62/100
|-weather|Sandstorm|[from] ability: Sand Stream|[of] p2a: Sierra Leone
|move|p1a: Toxapex|Haze|p1a: Toxapex
|-clearallboost
|
|-weather|Sandstorm|[upkeep]
|-damage|p1a: Toxapex|41/100 brn|[from] Sandstorm
|-damage|p1a: Toxapex|35/100 brn|[from] brn
|upkeep
|turn|54
|
|t:|1658608149
|switch|p1a: Landorus|Landorus-Therian, M|100/100
|-ability|p1a: Landorus|Intimidate|boost
|-unboost|p2a: Sierra Leone|atk|1
|move|p2a: Sierra Leone|Ice Punch|p1a: Landorus
|-supereffective|p1a: Landorus
|-damage|p1a: Landorus|0 fnt
|faint|p1a: Landorus
|
|-weather|Sandstorm|[upkeep]
|upkeep
|
|t:|1658608153
|switch|p1a: Tapu Bulu|Tapu Bulu|100/100
|-fieldstart|move: Grassy Terrain|[from] ability: Grassy Surge|[of] p1a: Tapu Bulu
|turn|55
|
|t:|1658608158
|switch|p2a: Forrest Gump|Tangrowth, F|62/100 brn
|move|p1a: Tapu Bulu|Swords Dance|p1a: Tapu Bulu
|-boost|p1a: Tapu Bulu|atk|2
|
|-weather|Sandstorm|[upkeep]
|-damage|p1a: Tapu Bulu|94/100|[from] Sandstorm
|-damage|p2a: Forrest Gump|56/100 brn|[from] Sandstorm
|-heal|p1a: Tapu Bulu|100/100|[from] Grassy Terrain
|-heal|p2a: Forrest Gump|62/100 brn|[from] Grassy Terrain
|-damage|p2a: Forrest Gump|56/100 brn|[from] brn
|upkeep
|turn|56
|
|t:|1658608164
|move|p1a: Tapu Bulu|Close Combat|p2a: Forrest Gump
|-damage|p2a: Forrest Gump|0 fnt
|-unboost|p1a: Tapu Bulu|def|1
|-unboost|p1a: Tapu Bulu|spd|1
|faint|p2a: Forrest Gump
|-damage|p1a: Tapu Bulu|91/100|[from] item: Life Orb
|
|-weather|Sandstorm|[upkeep]
|-damage|p1a: Tapu Bulu|84/100|[from] Sandstorm
|-heal|p1a: Tapu Bulu|91/100|[from] Grassy Terrain
|upkeep
|
|t:|1658608170
|switch|p2a: Pyramids|Excadrill, M|97/100
|turn|57
|
|t:|1658608179
|switch|p1a: Zapdos|Zapdos|64/100 tox
|move|p2a: Pyramids|Iron Head|p1a: Zapdos
|-resisted|p1a: Zapdos
|-damage|p1a: Zapdos|39/100 tox
|
|-weather|none
|-heal|p2a: Pyramids|100/100|[from] Grassy Terrain
|-damage|p1a: Zapdos|33/100 tox|[from] psn
|upkeep
|turn|58
|
|t:|1658608189
|move|p2a: Pyramids|Swords Dance|p2a: Pyramids
|-boost|p2a: Pyramids|atk|2
|move|p1a: Zapdos|Roost|p1a: Zapdos
|-heal|p1a: Zapdos|83/100 tox
|-singleturn|p1a: Zapdos|move: Roost
|
|-heal|p1a: Zapdos|89/100 tox|[from] Grassy Terrain
|-damage|p1a: Zapdos|77/100 tox|[from] psn
|upkeep
|turn|59
|j| HaloKappa
|
|t:|1658608216
|switch|p2a: Sierra Leone|Tyranitar, F, shiny|62/100
|-weather|Sandstorm|[from] ability: Sand Stream|[of] p2a: Sierra Leone
|move|p1a: Zapdos|Hurricane|p2a: Sierra Leone
|-resisted|p2a: Sierra Leone
|-damage|p2a: Sierra Leone|42/100
|
|-weather|Sandstorm|[upkeep]
|-damage|p1a: Zapdos|71/100 tox|[from] Sandstorm
|-heal|p2a: Sierra Leone|49/100|[from] Grassy Terrain
|-damage|p1a: Zapdos|52/100 tox|[from] psn
|-fieldend|move: Grassy Terrain
|upkeep
|turn|60
|
|t:|1658608223
|move|p1a: Zapdos|Volt Switch|p2a: Sierra Leone
|-crit|p2a: Sierra Leone
|-damage|p2a: Sierra Leone|10/100
|
|t:|1658608226
|switch|p1a: Tapu Bulu|Tapu Bulu|91/100|[from]move: Volt Switch
|-fieldstart|move: Grassy Terrain|[from] ability: Grassy Surge|[of] p1a: Tapu Bulu
|move|p2a: Sierra Leone|Stone Edge|p1a: Tapu Bulu
|-damage|p1a: Tapu Bulu|0 fnt
|faint|p1a: Tapu Bulu
|
|-weather|Sandstorm|[upkeep]
|-heal|p2a: Sierra Leone|17/100|[from] Grassy Terrain
|upkeep
|
|t:|1658608228
|switch|p1a: Kartana|Kartana|94/100
|turn|61
|
|t:|1658608249
|move|p1a: Kartana|Leaf Blade|p2a: Sierra Leone
|-supereffective|p2a: Sierra Leone
|-damage|p2a: Sierra Leone|0 fnt
|faint|p2a: Sierra Leone
|-ability|p1a: Kartana|Beast Boost|boost
|-boost|p1a: Kartana|atk|1
|
|-weather|Sandstorm|[upkeep]
|-heal|p1a: Kartana|100/100|[from] Grassy Terrain
|upkeep
|
|t:|1658608252
|switch|p2a: Pyramids|Excadrill, M|100/100
|turn|62
|j| Top G Drew
|inactive|PokemonCestDur has 120 seconds left.
|
|t:|1658608289
|move|p2a: Pyramids|Iron Head|p1a: Kartana
|-resisted|p1a: Kartana
|-damage|p1a: Kartana|76/100
|move|p1a: Kartana|Leaf Blade|p2a: Pyramids
|-damage|p2a: Pyramids|0 fnt
|faint|p2a: Pyramids
|-ability|p1a: Kartana|Beast Boost|boost
|-boost|p1a: Kartana|atk|1
|
|-weather|Sandstorm|[upkeep]
|-heal|p1a: Kartana|82/100|[from] Grassy Terrain
|upkeep
|c|☆someidiot19|gg
|
|t:|1658608299
|switch|p2a: Thinkin Bout You|Keldeo-Resolute|100/100
|turn|63
|c| Top G Drew|gg blud
|c|☆PokemonCestDur|gg
|
|t:|1658608304
|move|p1a: Kartana|Leaf Blade|p2a: Thinkin Bout You
|-supereffective|p2a: Thinkin Bout You
|-damage|p2a: Thinkin Bout You|0 fnt
|faint|p2a: Thinkin Bout You
|-ability|p1a: Kartana|Beast Boost|boost
|-boost|p1a: Kartana|atk|1
|
|-weather|none
|-heal|p1a: Kartana|89/100|[from] Grassy Terrain
|upkeep
|-message|someidiot19 forfeited.
|
|win|PokemonCestDur
|raw|PokemonCestDur's rating: 1831 &rarr; <strong>1846</strong><br />(+15 for winning)
|raw|someidiot19's rating: 1734 &rarr; <strong>1719</strong><br />(-15 for losing)
|l|☆someidiot19
|l|☆PokemonCestDur
|l| DiscoinChurno
