|html|<div class="broadcast-blue"><strong>[Gen 8] OU is currently suspecting Melmetal! For information on how to participate check out the <a href="https://www.smogon.com/forums/threads/np-ss-ou-suspect-process-round-12-monster-mash.3709234/">suspect thread</a>.</strong></div>
|j|☆sfesgfew
|j|☆HQSNonsense
|t:|1666509190
|gametype|singles
|player|p1|sfesgfew|skyla|1602
|player|p2|HQSNonsense|veteranf|1724
|teamsize|p1|6
|teamsize|p2|6
|gen|8
|tier|[Gen 8] OU
|rated|
|rule|Sleep Clause Mod: Limit one foe put to sleep
|rule|Species Clause: Limit one of each Pokémon
|rule|OHKO Clause: OHKO moves are banned
|rule|Evasion Items Clause: Evasion items are banned
|rule|Evasion Moves Clause: Evasion moves are banned
|rule|Endless Battle Clause: Forcing endless battles is banned
|rule|HP Percentage Mod: HP is shown in percentages
|rule|Dynamax Clause: You cannot dynamax
|clearpoke
|poke|p1|Melmetal|
|poke|p1|Tyranitar, F|
|poke|p1|Landorus-Therian, M|
|poke|p1|Urshifu-*, F|
|poke|p1|Slowbro, F|
|poke|p1|Dragalge, M|
|poke|p2|Melmetal|
|poke|p2|Urshifu-*, F|
|poke|p2|Tapu Lele|
|poke|p2|Landorus-Therian, M|
|poke|p2|Zapdos|
|poke|p2|Volcanion|
|teampreview
|
|t:|1666509203
|start
|switch|p1a: Slowbro|Slowbro, F|100/100
|switch|p2a: Melmetal|Melmetal|100/100
|turn|1
|inactive|Battle timer is ON: inactive players will automatically lose when time's up. (requested by sfesgfew)
|
|t:|1666509211
|move|p2a: Melmetal|Substitute|p2a: Melmetal
|-start|p2a: Melmetal|Substitute
|-damage|p2a: Melmetal|76/100
|move|p1a: Slowbro|Future Sight|p2a: Melmetal
|-start|p1a: Slowbro|move: Future Sight
|
|-heal|p2a: Melmetal|82/100|[from] item: Leftovers
|upkeep
|turn|2
|
|t:|1666509216
|move|p2a: Melmetal|Toxic|p1a: Slowbro
|-status|p1a: Slowbro|tox
|move|p1a: Slowbro|Scald|p2a: Melmetal
|-end|p2a: Melmetal|Substitute
|
|-heal|p2a: Melmetal|88/100|[from] item: Leftovers
|-damage|p1a: Slowbro|94/100 tox|[from] psn
|upkeep
|turn|3
|
|t:|1666509227
|move|p2a: Melmetal|Substitute|p2a: Melmetal
|-start|p2a: Melmetal|Substitute
|-damage|p2a: Melmetal|63/100
|move|p1a: Slowbro|Scald|p2a: Melmetal
|-end|p2a: Melmetal|Substitute
|
|-end|p2a: Melmetal|move: Future Sight
|-resisted|p2a: Melmetal
|-damage|p2a: Melmetal|44/100
|-heal|p2a: Melmetal|51/100|[from] item: Leftovers
|-damage|p1a: Slowbro|82/100 tox|[from] psn
|upkeep
|turn|4
|
|t:|1666509236
|switch|p2a: Volcanion|Volcanion|100/100
|move|p1a: Slowbro|Teleport|p1a: Slowbro
|
|t:|1666509241
|switch|p1a: Dragalge|Dragalge, M|100/100|[from]move: Teleport
|
|upkeep
|turn|5
|
|t:|1666509245
|move|p2a: Volcanion|Earth Power|p1a: Dragalge
|-supereffective|p1a: Dragalge
|-damage|p1a: Dragalge|45/100
|move|p1a: Dragalge|Draco Meteor|p2a: Volcanion
|-damage|p2a: Volcanion|0 fnt
|-unboost|p1a: Dragalge|spa|2
|faint|p2a: Volcanion
|
|upkeep
|
|t:|1666509260
|switch|p2a: Urshifu|Urshifu-Rapid-Strike, F|100/100
|turn|6
|
|t:|1666509263
|move|p2a: Urshifu|U-turn|p1a: Dragalge
|-resisted|p1a: Dragalge
|-damage|p1a: Dragalge|25/100
|
|t:|1666509265
|switch|p2a: Tapu Lele|Tapu Lele|100/100|[from]move: U-turn
|-fieldstart|move: Psychic Terrain|[from] ability: Psychic Surge|[of] p2a: Tapu Lele
|move|p1a: Dragalge|Draco Meteor|p2a: Tapu Lele
|-immune|p2a: Tapu Lele
|
|upkeep
|turn|7
|
|t:|1666509280
|switch|p1a: Slowbro|Slowbro, F|100/100 tox
|move|p2a: Tapu Lele|Future Sight|p1a: Slowbro
|-start|p2a: Tapu Lele|move: Future Sight
|
|-damage|p1a: Slowbro|94/100 tox|[from] psn
|upkeep
|turn|8
|
|t:|1666509289
|switch|p2a: Urshifu|Urshifu-Rapid-Strike, F|100/100
|move|p1a: Slowbro|Future Sight|p2a: Urshifu
|-start|p1a: Slowbro|move: Future Sight
|
|-damage|p1a: Slowbro|82/100 tox|[from] psn
|upkeep
|turn|9
|
|t:|1666509296
|move|p2a: Urshifu|U-turn|p1a: Slowbro
|-supereffective|p1a: Slowbro
|-crit|p1a: Slowbro
|-damage|p1a: Slowbro|19/100 tox
|-damage|p2a: Urshifu|84/100|[from] item: Rocky Helmet|[of] p1a: Slowbro
|j| I'M AT MY LIMIT!
|
|t:|1666509320
|switch|p2a: Melmetal|Melmetal|51/100|[from]move: U-turn
|move|p1a: Slowbro|Teleport|p1a: Slowbro
|
|t:|1666509323
|switch|p1a: Tyranitar|Tyranitar, F|100/100|[from]move: Teleport
|-weather|Sandstorm|[from] ability: Sand Stream|[of] p1a: Tyranitar
|
|-weather|Sandstorm|[upkeep]
|-end|p1a: Tyranitar|move: Future Sight
|-immune|p1a: Tyranitar
|-heal|p2a: Melmetal|57/100|[from] item: Leftovers
|upkeep
|turn|10
|
|t:|1666509328
|move|p1a: Tyranitar|Superpower|p2a: Melmetal
|-supereffective|p2a: Melmetal
|-damage|p2a: Melmetal|0 fnt
|-unboost|p1a: Tyranitar|atk|1
|-unboost|p1a: Tyranitar|def|1
|faint|p2a: Melmetal
|
|-weather|Sandstorm|[upkeep]
|-hint|Future Sight did not hit because the target is fainted.
|-fieldend|move: Psychic Terrain
|upkeep
|
|t:|1666509333
|switch|p2a: Urshifu|Urshifu-Rapid-Strike, F|84/100
|turn|11
|
|t:|1666509339
|switch|p1a: Dragalge|Dragalge, M|25/100
|move|p2a: Urshifu|U-turn|p1a: Dragalge
|-resisted|p1a: Dragalge
|-damage|p1a: Dragalge|3/100
|
|t:|1666509344
|switch|p2a: Landorus|Landorus-Therian, M|100/100|[from]move: U-turn
|-ability|p2a: Landorus|Intimidate|boost
|-unboost|p1a: Dragalge|atk|1
|
|-weather|Sandstorm|[upkeep]
|-damage|p1a: Dragalge|0 fnt|[from] Sandstorm
|faint|p1a: Dragalge
|upkeep
|
|t:|1666509348
|switch|p1a: Urshifu|Urshifu-Rapid-Strike, F|100/100
|turn|12
|
|t:|1666509361
|switch|p1a: Tyranitar|Tyranitar, F|100/100
|switch|p2a: Zapdos|Zapdos|100/100
|
|-weather|Sandstorm|[upkeep]
|-damage|p2a: Zapdos|94/100|[from] Sandstorm
|upkeep
|turn|13
|
|t:|1666509367
|switch|p2a: Landorus|Landorus-Therian, M|100/100
|-ability|p2a: Landorus|Intimidate|boost
|-unboost|p1a: Tyranitar|atk|1
|move|p1a: Tyranitar|Ice Punch|p2a: Landorus
|-supereffective|p2a: Landorus
|-damage|p2a: Landorus|0 fnt
|faint|p2a: Landorus
|
|-weather|none
|upkeep
|
|t:|1666509373
|switch|p2a: Urshifu|Urshifu-Rapid-Strike, F|84/100
|turn|14
|
|t:|1666509378
|switch|p1a: Landorus|Landorus-Therian, M|100/100
|-ability|p1a: Landorus|Intimidate|boost
|-unboost|p2a: Urshifu|atk|1
|move|p2a: Urshifu|Surging Strikes|p1a: Landorus
|-supereffective|p1a: Landorus
|-crit|p1a: Landorus
|-damage|p1a: Landorus|53/100
|-supereffective|p1a: Landorus
|-crit|p1a: Landorus
|-damage|p1a: Landorus|3/100
|-supereffective|p1a: Landorus
|-crit|p1a: Landorus
|-damage|p1a: Landorus|0 fnt
|faint|p1a: Landorus
|-hitcount|p1: Landorus|3
|
|upkeep
|
|t:|1666509380
|switch|p1a: Slowbro|Slowbro, F|53/100 tox
|turn|15
|
|t:|1666509384
|switch|p2a: Tapu Lele|Tapu Lele|100/100
|-fieldstart|move: Psychic Terrain|[from] ability: Psychic Surge|[of] p2a: Tapu Lele
|move|p1a: Slowbro|Teleport|p1a: Slowbro
|
|t:|1666509386
|switch|p1a: Melmetal|Melmetal|100/100|[from]move: Teleport
|
|upkeep
|turn|16
|
|t:|1666509391
|switch|p2a: Zapdos|Zapdos|94/100
|move|p1a: Melmetal|Toxic|p2a: Zapdos
|-status|p2a: Zapdos|tox
|
|-damage|p2a: Zapdos|88/100 tox|[from] psn
|upkeep
|turn|17
|
|t:|1666509398
|move|p1a: Melmetal|Protect|p1a: Melmetal
|-singleturn|p1a: Melmetal|Protect
|move|p2a: Zapdos|Discharge|p1a: Melmetal
|-activate|p1a: Melmetal|move: Protect
|
|-damage|p2a: Zapdos|76/100 tox|[from] psn
|upkeep
|turn|18
|
|t:|1666509402
|switch|p2a: Urshifu|Urshifu-Rapid-Strike, F|84/100
|switch|p1a: Tyranitar|Tyranitar, F|100/100
|-weather|Sandstorm|[from] ability: Sand Stream|[of] p1a: Tyranitar
|
|-weather|Sandstorm|[upkeep]
|-damage|p2a: Urshifu|78/100|[from] Sandstorm
|upkeep
|turn|19
|
|t:|1666509412
|switch|p1a: Urshifu|Urshifu-Rapid-Strike, F|100/100
|move|p2a: Urshifu|Close Combat|p1a: Urshifu
|-damage|p1a: Urshifu|4/100
|-unboost|p2a: Urshifu|def|1
|-unboost|p2a: Urshifu|spd|1
|
|-weather|Sandstorm|[upkeep]
|-damage|p1a: Urshifu|0 fnt|[from] Sandstorm
|-damage|p2a: Urshifu|72/100|[from] Sandstorm
|faint|p1a: Urshifu
|-fieldend|move: Psychic Terrain
|upkeep
|
|t:|1666509415
|switch|p1a: Slowbro|Slowbro, F|86/100 tox
|turn|20
|
|t:|1666509423
|move|p2a: Urshifu|Close Combat|p1a: Slowbro
|-resisted|p1a: Slowbro
|-damage|p1a: Slowbro|58/100 tox
|-unboost|p2a: Urshifu|def|1
|-unboost|p2a: Urshifu|spd|1
|-damage|p2a: Urshifu|55/100|[from] item: Rocky Helmet|[of] p1a: Slowbro
|move|p1a: Slowbro|Teleport|p1a: Slowbro
|
|t:|1666509427
|switch|p1a: Melmetal|Melmetal|100/100|[from]move: Teleport
|
|-weather|Sandstorm|[upkeep]
|-damage|p2a: Urshifu|49/100|[from] Sandstorm
|upkeep
|turn|21
|
|t:|1666509432
|switch|p2a: Tapu Lele|Tapu Lele|100/100
|-fieldstart|move: Psychic Terrain|[from] ability: Psychic Surge|[of] p2a: Tapu Lele
|switch|p1a: Slowbro|Slowbro, F|91/100 tox
|
|-weather|Sandstorm|[upkeep]
|-damage|p2a: Tapu Lele|94/100|[from] Sandstorm
|-damage|p1a: Slowbro|85/100 tox|[from] Sandstorm
|-damage|p1a: Slowbro|79/100 tox|[from] psn
|upkeep
|turn|22
|
|t:|1666509443
|move|p2a: Tapu Lele|Moonblast|p1a: Slowbro
|-damage|p1a: Slowbro|23/100 tox
|-unboost|p1a: Slowbro|spa|1
|move|p1a: Slowbro|Teleport|p1a: Slowbro
|
|t:|1666509444
|switch|p1a: Melmetal|Melmetal|100/100|[from]move: Teleport
|
|-weather|none
|upkeep
|turn|23
|
|t:|1666509448
|switch|p2a: Zapdos|Zapdos|76/100 tox
|move|p1a: Melmetal|Double Iron Bash|p2a: Zapdos
|-resisted|p2a: Zapdos
|-damage|p2a: Zapdos|60/100 tox
|-resisted|p2a: Zapdos
|-damage|p2a: Zapdos|40/100 tox
|-status|p1a: Melmetal|par|[from] ability: Static|[of] p2a: Zapdos
|-hitcount|p2a: Zapdos|2
|
|-damage|p2a: Zapdos|34/100 tox|[from] psn
|upkeep
|turn|24
|
|t:|1666509452
|move|p2a: Zapdos|Roost|p2a: Zapdos
|-heal|p2a: Zapdos|84/100 tox
|-singleturn|p2a: Zapdos|move: Roost
|move|p1a: Melmetal|Earthquake|p2a: Zapdos
|-supereffective|p2a: Zapdos
|-damage|p2a: Zapdos|17/100 tox
|
|-damage|p2a: Zapdos|5/100 tox|[from] psn
|upkeep
|turn|25
|
|t:|1666509456
|switch|p1a: Tyranitar|Tyranitar, F|100/100
|-weather|Sandstorm|[from] ability: Sand Stream|[of] p1a: Tyranitar
|move|p2a: Zapdos|Discharge|p1a: Tyranitar
|-damage|p1a: Tyranitar|80/100
|
|-weather|Sandstorm|[upkeep]
|-damage|p2a: Zapdos|0 fnt|[from] Sandstorm
|faint|p2a: Zapdos
|-fieldend|move: Psychic Terrain
|upkeep
|
|t:|1666509461
|switch|p2a: Urshifu|Urshifu-Rapid-Strike, F|49/100
|turn|26
|
|t:|1666509470
|move|p2a: Urshifu|Close Combat|p1a: Tyranitar
|-supereffective|p1a: Tyranitar
|-damage|p1a: Tyranitar|0 fnt
|-unboost|p2a: Urshifu|def|1
|-unboost|p2a: Urshifu|spd|1
|faint|p1a: Tyranitar
|
|-weather|Sandstorm|[upkeep]
|-damage|p2a: Urshifu|43/100|[from] Sandstorm
|upkeep
|
|t:|1666509472
|switch|p1a: Slowbro|Slowbro, F|56/100 tox
|turn|27
|
|t:|1666509477
|switch|p2a: Tapu Lele|Tapu Lele|94/100
|-fieldstart|move: Psychic Terrain|[from] ability: Psychic Surge|[of] p2a: Tapu Lele
|move|p1a: Slowbro|Teleport|p1a: Slowbro
|
|t:|1666509478
|switch|p1a: Melmetal|Melmetal|100/100 par|[from]move: Teleport
|
|-weather|Sandstorm|[upkeep]
|-damage|p2a: Tapu Lele|88/100|[from] Sandstorm
|upkeep
|turn|28
|
|t:|1666509483
|move|p2a: Tapu Lele|Focus Blast|p1a: Melmetal
|-supereffective|p1a: Melmetal
|-damage|p1a: Melmetal|17/100 par
|move|p1a: Melmetal|Double Iron Bash|p2a: Tapu Lele
|-supereffective|p2a: Tapu Lele
|-damage|p2a: Tapu Lele|0 fnt
|faint|p2a: Tapu Lele
|-hitcount|p2: Tapu Lele|1
|
|-weather|Sandstorm|[upkeep]
|-heal|p1a: Melmetal|23/100 par|[from] item: Leftovers
|upkeep
|
|t:|1666509491
|switch|p2a: Urshifu|Urshifu-Rapid-Strike, F|43/100
|turn|29
|
|t:|1666509493
|move|p2a: Urshifu|Aqua Jet|p1a: Melmetal
|-activate|p1a: Melmetal|move: Psychic Terrain
|move|p1a: Melmetal|Earthquake|p2a: Urshifu
|-crit|p2a: Urshifu
|-damage|p2a: Urshifu|0 fnt
|faint|p2a: Urshifu
|
|win|sfesgfew
|raw|sfesgfew's rating: 1602 &rarr; <strong>1629</strong><br />(+27 for winning)
|raw|HQSNonsense's rating: 1724 &rarr; <strong>1697</strong><br />(-27 for losing)
|l|☆HQSNonsense
|l|☆sfesgfew
