|j|☆VirginJimmy99
|j|☆BL153
|t:|1643941575
|gametype|singles
|player|p1|VirginJimmy99|rocketgrunt|1393
|player|p2|BL153|nate|1392
|teamsize|p1|6
|teamsize|p2|6
|gen|8
|tier|[Gen 8] OU
|rated|
|rule|Sleep Clause Mod: Limit one foe put to sleep
|rule|Species Clause: Limit one of each Pokémon
|rule|OHKO Clause: OHKO moves are banned
|rule|Evasion Moves Clause: Evasion moves are banned
|rule|Endless Battle Clause: Forcing endless battles is banned
|rule|HP Percentage Mod: HP is shown in percentages
|rule|Dynamax Clause: You cannot dynamax
|clearpoke
|poke|p1|Slowking, F|
|poke|p1|Tyranitar, F|
|poke|p1|Duraludon, M|
|poke|p1|Landorus-Therian, M|
|poke|p1|Volcarona, F|
|poke|p1|Amoonguss, M|
|poke|p2|Darmanitan, M|
|poke|p2|Scizor, M|
|poke|p2|Salamence, M|
|poke|p2|Primarina, F|
|poke|p2|Mew|
|poke|p2|Lucario, M|
|teampreview
|c|☆BL153|hf
|c|☆VirginJimmy99|u2
|c|☆BL153|Duraladon cool to see
|c|☆VirginJimmy99|ye he's a dope mon
|
|t:|1643941602
|start
|switch|p1a: Dawood|Tyranitar, F|100/100
|switch|p2a: Youre smoked|Darmanitan, M|100/100
|-weather|Sandstorm|[from] ability: Sand Stream|[of] p1a: Dawood
|turn|1
|
|t:|1643941607
|switch|p1a: Al Capone|Landorus-Therian, M|100/100
|-ability|p1a: Al Capone|Intimidate|boost
|-unboost|p2a: Youre smoked|atk|1
|move|p2a: Youre smoked|U-turn|p1a: Al Capone
|-resisted|p1a: Al Capone
|-damage|p1a: Al Capone|88/100
|
|t:|1643941614
|switch|p2a: Wanna Fly|Salamence, M|100/100|[from]move: U-turn
|-ability|p2a: Wanna Fly|Intimidate|boost
|-unboost|p1a: Al Capone|atk|1
|
|-weather|Sandstorm|[upkeep]
|-damage|p2a: Wanna Fly|94/100|[from] Sandstorm
|-heal|p1a: Al Capone|94/100|[from] item: Leftovers
|upkeep
|turn|2
|
|t:|1643941622
|move|p2a: Wanna Fly|Hurricane|p1a: Al Capone|[miss]
|-miss|p2a: Wanna Fly|p1a: Al Capone
|move|p1a: Al Capone|Bulk Up|p1a: Al Capone
|-boost|p1a: Al Capone|atk|1
|-boost|p1a: Al Capone|def|1
|
|-weather|Sandstorm|[upkeep]
|-damage|p2a: Wanna Fly|88/100|[from] Sandstorm
|-heal|p1a: Al Capone|99/100|[from] item: Leftovers
|upkeep
|turn|3
|
|t:|1643941632
|switch|p1a: Dawood|Tyranitar, F|100/100
|move|p2a: Wanna Fly|Hurricane|p1a: Dawood|[miss]
|-miss|p2a: Wanna Fly|p1a: Dawood
|
|-weather|Sandstorm|[upkeep]
|-damage|p2a: Wanna Fly|82/100|[from] Sandstorm
|upkeep
|turn|4
|
|t:|1643941643
|switch|p2a: Meow Mix|Mew|100/100
|move|p1a: Dawood|Stealth Rock|p2a: Meow Mix
|-sidestart|p2: BL153|move: Stealth Rock
|
|-weather|Sandstorm|[upkeep]
|-damage|p2a: Meow Mix|94/100|[from] Sandstorm
|-heal|p2a: Meow Mix|100/100|[from] item: Leftovers
|upkeep
|turn|5
|
|t:|1643941648
|switch|p2a: Jaden|Lucario, M|100/100
|move|p1a: Dawood|Thunder Wave|p2a: Jaden
|-status|p2a: Jaden|par
|
|-weather|none
|upkeep
|turn|6
|
|t:|1643941656
|switch|p1a: Frank|Volcarona, F|100/100
|move|p2a: Jaden|Nasty Plot|p2a: Jaden
|-boost|p2a: Jaden|spa|2
|
|upkeep
|turn|7
|
|t:|1643941662
|switch|p2a: Siren|Primarina, F|100/100
|-damage|p2a: Siren|88/100|[from] Stealth Rock
|move|p1a: Frank|Fiery Dance|p2a: Siren
|-resisted|p2a: Siren
|-damage|p2a: Siren|80/100
|
|upkeep
|turn|8
|
|t:|1643941668
|move|p1a: Frank|U-turn|p2a: Siren
|-resisted|p2a: Siren
|-damage|p2a: Siren|72/100
|
|t:|1643941670
|switch|p1a: Don Luca|Amoonguss, M|100/100|[from]move: U-turn
|move|p2a: Siren|Psychic|p1a: Don Luca
|-supereffective|p1a: Don Luca
|-damage|p1a: Don Luca|48/100
|
|upkeep
|turn|9
|
|t:|1643941678
|switch|p1a: Dawood|Tyranitar, F|100/100
|-weather|Sandstorm|[from] ability: Sand Stream|[of] p1a: Dawood
|move|p2a: Siren|Hyper Voice|p1a: Dawood
|-supereffective|p1a: Dawood
|-damage|p1a: Dawood|68/100
|
|-weather|Sandstorm|[upkeep]
|-damage|p2a: Siren|66/100|[from] Sandstorm
|-heal|p1a: Dawood|74/100|[from] item: Leftovers
|upkeep
|turn|10
|c|☆BL153|;)
|c|☆BL153|TY
|c|☆BL153|OMG SO FAT
|
|t:|1643941695
|switch|p2a: Snip snip|Scizor, M|100/100
|-damage|p2a: Snip snip|88/100|[from] Stealth Rock
|switch|p1a: Don Calo|Slowking, F, shiny|100/100
|
|-weather|Sandstorm|[upkeep]
|-damage|p1a: Don Calo|94/100|[from] Sandstorm
|-heal|p2a: Snip snip|94/100|[from] item: Leftovers
|upkeep
|turn|11
|
|t:|1643941701
|switch|p1a: Frank|Volcarona, F|100/100
|move|p2a: Snip snip|Knock Off|p1a: Frank
|-damage|p1a: Frank|76/100
|-enditem|p1a: Frank|Heavy-Duty Boots|[from] move: Knock Off|[of] p2a: Snip snip
|
|-weather|Sandstorm|[upkeep]
|-damage|p1a: Frank|69/100|[from] Sandstorm
|-heal|p2a: Snip snip|99/100|[from] item: Leftovers
|upkeep
|turn|12
|
|t:|1643941710
|switch|p2a: Wanna Fly|Salamence, M|82/100
|-ability|p2a: Wanna Fly|Intimidate|boost
|-unboost|p1a: Frank|atk|1
|move|p1a: Frank|U-turn|p2a: Wanna Fly
|-resisted|p2a: Wanna Fly
|-damage|p2a: Wanna Fly|76/100
|
|t:|1643941715
|switch|p1a: Dawood|Tyranitar, F|74/100|[from]move: U-turn
|
|-weather|Sandstorm|[upkeep]
|-damage|p2a: Wanna Fly|70/100|[from] Sandstorm
|-heal|p1a: Dawood|80/100|[from] item: Leftovers
|upkeep
|turn|13
|
|t:|1643941720
|move|p2a: Wanna Fly|Defog|p1a: Dawood
|-unboost|p1a: Dawood|evasion|1
|-sideend|p2: BL153|Stealth Rock|[from] move: Defog|[of] p2a: Wanna Fly
|move|p1a: Dawood|Earthquake|p2a: Wanna Fly
|-immune|p2a: Wanna Fly
|
|-weather|none
|-heal|p1a: Dawood|86/100|[from] item: Leftovers
|upkeep
|turn|14
|
|t:|1643941726
|switch|p2a: Snip snip|Scizor, M|99/100
|move|p1a: Dawood|Stealth Rock|p2a: Snip snip
|-sidestart|p2: BL153|move: Stealth Rock
|
|-heal|p2a: Snip snip|100/100|[from] item: Leftovers
|-heal|p1a: Dawood|93/100|[from] item: Leftovers
|upkeep
|turn|15
|
|t:|1643941731
|switch|p1a: Frank|Volcarona, F|69/100
|move|p2a: Snip snip|Bullet Punch|p1a: Frank
|-resisted|p1a: Frank
|-damage|p1a: Frank|59/100
|
|upkeep
|turn|16
|
|t:|1643941739
|switch|p2a: Wanna Fly|Salamence, M|70/100
|-ability|p2a: Wanna Fly|Intimidate|boost
|-unboost|p1a: Frank|atk|1
|move|p1a: Frank|U-turn|p2a: Wanna Fly
|-resisted|p2a: Wanna Fly
|-damage|p2a: Wanna Fly|64/100
|
|t:|1643941744
|switch|p1a: Escobar|Duraludon, M|100/100|[from]move: U-turn
|
|upkeep
|turn|17
|
|t:|1643941753
|move|p1a: Escobar|Swords Dance|p1a: Escobar
|-boost|p1a: Escobar|atk|2
|move|p2a: Wanna Fly|Defog|p1a: Escobar
|-unboost|p1a: Escobar|evasion|1
|-sideend|p2: BL153|Stealth Rock|[from] move: Defog|[of] p2a: Wanna Fly
|
|upkeep
|turn|18
|
|t:|1643941758
|move|p2a: Wanna Fly|Flamethrower|p1a: Escobar
|-damage|p1a: Escobar|42/100
|-status|p1a: Escobar|brn
|move|p1a: Escobar|Iron Head|p2a: Wanna Fly
|-damage|p2a: Wanna Fly|19/100
|-damage|p1a: Escobar|33/100 brn|[from] item: Life Orb
|
|-damage|p1a: Escobar|26/100 brn|[from] brn
|upkeep
|turn|19
|
|t:|1643941768
|switch|p2a: Meow Mix|Mew|100/100
|move|p1a: Escobar|Outrage|p2a: Meow Mix
|-damage|p2a: Meow Mix|48/100
|-damage|p1a: Escobar|17/100 brn|[from] item: Life Orb
|
|-heal|p2a: Meow Mix|54/100|[from] item: Leftovers
|-damage|p1a: Escobar|10/100 brn|[from] brn
|upkeep
|turn|20
|
|t:|1643941775
|move|p2a: Meow Mix|Soft-Boiled|p2a: Meow Mix
|-heal|p2a: Meow Mix|100/100
|move|p1a: Escobar|Outrage|p2a: Meow Mix|[from]lockedmove
|-damage|p2a: Meow Mix|51/100
|-damage|p1a: Escobar|0 fnt|[from] item: Life Orb
|faint|p1a: Escobar
|
|-heal|p2a: Meow Mix|57/100|[from] item: Leftovers
|upkeep
|
|t:|1643941782
|switch|p1a: Dawood|Tyranitar, F|93/100
|-weather|Sandstorm|[from] ability: Sand Stream|[of] p1a: Dawood
|turn|21
|
|t:|1643941788
|switch|p2a: Wanna Fly|Salamence, M|19/100
|-ability|p2a: Wanna Fly|Intimidate|boost
|-unboost|p1a: Dawood|atk|1
|move|p1a: Dawood|Stealth Rock|p2a: Wanna Fly
|-sidestart|p2: BL153|move: Stealth Rock
|
|-weather|Sandstorm|[upkeep]
|-damage|p2a: Wanna Fly|12/100|[from] Sandstorm
|-heal|p1a: Dawood|99/100|[from] item: Leftovers
|upkeep
|turn|22
|
|t:|1643941793
|move|p2a: Wanna Fly|Roost|p2a: Wanna Fly
|-heal|p2a: Wanna Fly|63/100
|-singleturn|p2a: Wanna Fly|move: Roost
|move|p1a: Dawood|Thunder Wave|p2a: Wanna Fly
|-status|p2a: Wanna Fly|par
|
|-weather|Sandstorm|[upkeep]
|-damage|p2a: Wanna Fly|56/100 par|[from] Sandstorm
|-heal|p1a: Dawood|100/100|[from] item: Leftovers
|upkeep
|turn|23
|
|t:|1643941799
|move|p1a: Dawood|Rock Blast|p2a: Wanna Fly
|-supereffective|p2a: Wanna Fly
|-damage|p2a: Wanna Fly|38/100 par
|-supereffective|p2a: Wanna Fly
|-damage|p2a: Wanna Fly|19/100 par
|-supereffective|p2a: Wanna Fly
|-damage|p2a: Wanna Fly|3/100 par
|-supereffective|p2a: Wanna Fly
|-damage|p2a: Wanna Fly|0 fnt
|faint|p2a: Wanna Fly
|-hitcount|p2: Wanna Fly|4
|
|-weather|Sandstorm|[upkeep]
|upkeep
|
|t:|1643941808
|switch|p2a: Snip snip|Scizor, M|100/100
|-damage|p2a: Snip snip|88/100|[from] Stealth Rock
|turn|24
|
|t:|1643941811
|switch|p1a: Frank|Volcarona, F|59/100
|move|p2a: Snip snip|U-turn|p1a: Frank
|-resisted|p1a: Frank
|-damage|p1a: Frank|46/100
|
|t:|1643941819
|switch|p2a: Youre smoked|Darmanitan, M|100/100|[from]move: U-turn
|-damage|p2a: Youre smoked|76/100|[from] Stealth Rock
|
|-weather|Sandstorm|[upkeep]
|-damage|p2a: Youre smoked|70/100|[from] Sandstorm
|-damage|p1a: Frank|40/100|[from] Sandstorm
|upkeep
|turn|25
|
|t:|1643941826
|switch|p1a: Don Luca|Amoonguss, M|82/100
|move|p2a: Youre smoked|Earthquake|p1a: Don Luca
|-damage|p1a: Don Luca|42/100
|
|-weather|none
|upkeep
|turn|26
|
|t:|1643941832
|switch|p1a: Al Capone|Landorus-Therian, M|99/100
|-ability|p1a: Al Capone|Intimidate|boost
|-unboost|p2a: Youre smoked|atk|1
|move|p2a: Youre smoked|Earthquake|p1a: Al Capone
|-immune|p1a: Al Capone
|
|-heal|p1a: Al Capone|100/100|[from] item: Leftovers
|upkeep
|turn|27
|
|t:|1643941837
|switch|p2a: Snip snip|Scizor, M|88/100
|-damage|p2a: Snip snip|75/100|[from] Stealth Rock
|move|p1a: Al Capone|Substitute|p1a: Al Capone
|-start|p1a: Al Capone|Substitute
|-damage|p1a: Al Capone|76/100
|
|-heal|p1a: Al Capone|82/100|[from] item: Leftovers
|-heal|p2a: Snip snip|82/100|[from] item: Leftovers
|upkeep
|turn|28
|
|t:|1643941840
|move|p2a: Snip snip|Bullet Punch|p1a: Al Capone
|-end|p1a: Al Capone|Substitute
|move|p1a: Al Capone|Bulk Up|p1a: Al Capone
|-boost|p1a: Al Capone|atk|1
|-boost|p1a: Al Capone|def|1
|
|-heal|p1a: Al Capone|88/100|[from] item: Leftovers
|-heal|p2a: Snip snip|88/100|[from] item: Leftovers
|upkeep
|turn|29
|
|t:|1643941845
|move|p1a: Al Capone|Earthquake|p2a: Snip snip
|-crit|p2a: Snip snip
|-damage|p2a: Snip snip|7/100
|move|p2a: Snip snip|Knock Off|p1a: Al Capone
|-crit|p1a: Al Capone
|-damage|p1a: Al Capone|49/100
|-enditem|p1a: Al Capone|Leftovers|[from] move: Knock Off|[of] p2a: Snip snip
|
|-heal|p2a: Snip snip|13/100|[from] item: Leftovers
|upkeep
|turn|30
|
|t:|1643941850
|move|p2a: Snip snip|Bullet Punch|p1a: Al Capone
|-damage|p1a: Al Capone|30/100
|move|p1a: Al Capone|Smack Down|p2a: Snip snip
|-crit|p2a: Snip snip
|-damage|p2a: Snip snip|0 fnt
|faint|p2a: Snip snip
|
|upkeep
|
|t:|1643941859
|switch|p2a: Youre smoked|Darmanitan, M|70/100
|-damage|p2a: Youre smoked|45/100|[from] Stealth Rock
|turn|31
|
|t:|1643941862
|switch|p1a: Don Luca|Amoonguss, M|76/100
|move|p2a: Youre smoked|Flare Blitz|p1a: Don Luca
|-supereffective|p1a: Don Luca
|-damage|p1a: Don Luca|0 fnt
|-damage|p2a: Youre smoked|28/100|[from] item: Rocky Helmet|[of] p1a: Don Luca
|faint|p1a: Don Luca
|-damage|p2a: Youre smoked|0 fnt|[from] Recoil
|faint|p2a: Youre smoked
|
|upkeep
|
|t:|1643941872
|switch|p2a: Meow Mix|Mew|57/100
|switch|p1a: Frank|Volcarona, F|40/100
|-damage|p2a: Meow Mix|45/100|[from] Stealth Rock
|turn|32
|
|t:|1643941877
|move|p2a: Meow Mix|Volt Switch|p1a: Frank
|-damage|p1a: Frank|23/100
|
|t:|1643941881
|switch|p2a: Jaden|Lucario, M|100/100 par|[from]move: Volt Switch
|move|p1a: Frank|Fiery Dance|p2a: Jaden
|-supereffective|p2a: Jaden
|-damage|p2a: Jaden|0 fnt
|faint|p2a: Jaden
|
|upkeep
|
|t:|1643941885
|switch|p2a: Siren|Primarina, F|66/100
|-damage|p2a: Siren|54/100|[from] Stealth Rock
|turn|33
|
|t:|1643941888
|move|p1a: Frank|U-turn|p2a: Siren
|-resisted|p2a: Siren
|-damage|p2a: Siren|46/100
|
|t:|1643941891
|switch|p1a: Don Calo|Slowking, F, shiny|100/100|[from]move: U-turn
|move|p2a: Siren|Hyper Voice|p1a: Don Calo
|-resisted|p1a: Don Calo
|-damage|p1a: Don Calo|88/100
|
|upkeep
|turn|34
|
|t:|1643941896
|move|p2a: Siren|Energy Ball|p1a: Don Calo
|-supereffective|p1a: Don Calo
|-damage|p1a: Don Calo|55/100
|move|p1a: Don Calo|Future Sight|p2a: Siren
|-start|p1a: Don Calo|move: Future Sight
|
|upkeep
|turn|35
|
|t:|1643941901
|move|p2a: Siren|Moonblast|p1a: Don Calo
|-damage|p1a: Don Calo|30/100
|move|p1a: Don Calo|Teleport|p1a: Don Calo
|
|t:|1643941905
|switch|p1a: Al Capone|Landorus-Therian, M|30/100|[from]move: Teleport
|-ability|p1a: Al Capone|Intimidate|boost
|-unboost|p2a: Siren|atk|1
|
|upkeep
|turn|36
|
|t:|1643941909
|move|p1a: Al Capone|Earthquake|p2a: Siren
|-damage|p2a: Siren|0 fnt
|faint|p2a: Siren
|
|-hint|Future Sight did not hit because the target is fainted.
|upkeep
|
|t:|1643941911
|switch|p2a: Meow Mix|Mew|45/100
|-damage|p2a: Meow Mix|32/100|[from] Stealth Rock
|turn|37
|
|t:|1643941915
|switch|p1a: Dawood|Tyranitar, F|100/100
|-weather|Sandstorm|[from] ability: Sand Stream|[of] p1a: Dawood
|move|p2a: Meow Mix|Soft-Boiled|p2a: Meow Mix
|-heal|p2a: Meow Mix|82/100
|
|-weather|Sandstorm|[upkeep]
|-damage|p2a: Meow Mix|76/100|[from] Sandstorm
|-heal|p2a: Meow Mix|82/100|[from] item: Leftovers
|upkeep
|turn|38
|
|t:|1643941919
|move|p2a: Meow Mix|Energy Ball|p1a: Dawood
|-supereffective|p1a: Dawood
|-damage|p1a: Dawood|82/100
|move|p1a: Dawood|Thunder Wave|p2a: Meow Mix
|-status|p2a: Meow Mix|par
|-activate|p2a: Meow Mix|ability: Synchronize
|-status|p1a: Dawood|par
|
|-weather|Sandstorm|[upkeep]
|-damage|p2a: Meow Mix|76/100 par|[from] Sandstorm
|-heal|p2a: Meow Mix|82/100 par|[from] item: Leftovers
|-heal|p1a: Dawood|88/100 par|[from] item: Leftovers
|upkeep
|turn|39
|
|t:|1643941924
|move|p2a: Meow Mix|Stealth Rock|p1a: Dawood
|-sidestart|p1: VirginJimmy99|move: Stealth Rock
|cant|p1a: Dawood|par
|
|-weather|Sandstorm|[upkeep]
|-damage|p2a: Meow Mix|76/100 par|[from] Sandstorm
|-heal|p2a: Meow Mix|82/100 par|[from] item: Leftovers
|-heal|p1a: Dawood|94/100 par|[from] item: Leftovers
|upkeep
|turn|40
|
|t:|1643941930
|cant|p2a: Meow Mix|par
|cant|p1a: Dawood|par
|
|-weather|Sandstorm|[upkeep]
|-damage|p2a: Meow Mix|76/100 par|[from] Sandstorm
|-heal|p2a: Meow Mix|82/100 par|[from] item: Leftovers
|-heal|p1a: Dawood|99/100 par|[from] item: Leftovers
|upkeep
|turn|41
|
|t:|1643941934
|switch|p1a: Don Calo|Slowking, F, shiny|63/100
|move|p2a: Meow Mix|Energy Ball|p1a: Don Calo
|-supereffective|p1a: Don Calo
|-damage|p1a: Don Calo|36/100
|
|-weather|none
|-heal|p2a: Meow Mix|89/100 par|[from] item: Leftovers
|upkeep
|turn|42
|
|t:|1643941940
|cant|p2a: Meow Mix|par
|move|p1a: Don Calo|Slack Off|p1a: Don Calo
|-heal|p1a: Don Calo|86/100
|
|-heal|p2a: Meow Mix|95/100 par|[from] item: Leftovers
|upkeep
|turn|43
|
|t:|1643941944
|cant|p2a: Meow Mix|par
|move|p1a: Don Calo|Scald|p2a: Meow Mix
|-damage|p2a: Meow Mix|73/100 par
|
|-heal|p2a: Meow Mix|79/100 par|[from] item: Leftovers
|upkeep
|turn|44
|
|t:|1643941948
|move|p2a: Meow Mix|Energy Ball|p1a: Don Calo
|-supereffective|p1a: Don Calo
|-damage|p1a: Don Calo|59/100
|move|p1a: Don Calo|Teleport|p1a: Don Calo
|
|t:|1643941950
|switch|p1a: Dawood|Tyranitar, F|99/100 par|[from]move: Teleport
|-damage|p1a: Dawood|88/100 par|[from] Stealth Rock
|-weather|Sandstorm|[from] ability: Sand Stream|[of] p1a: Dawood
|
|-weather|Sandstorm|[upkeep]
|-damage|p2a: Meow Mix|73/100 par|[from] Sandstorm
|-heal|p2a: Meow Mix|79/100 par|[from] item: Leftovers
|-heal|p1a: Dawood|94/100 par|[from] item: Leftovers
|upkeep
|turn|45
|
|t:|1643941954
|move|p2a: Meow Mix|Energy Ball|p1a: Dawood
|-supereffective|p1a: Dawood
|-damage|p1a: Dawood|74/100 par
|cant|p1a: Dawood|par
|
|-weather|Sandstorm|[upkeep]
|-damage|p2a: Meow Mix|73/100 par|[from] Sandstorm
|-heal|p2a: Meow Mix|79/100 par|[from] item: Leftovers
|-heal|p1a: Dawood|80/100 par|[from] item: Leftovers
|upkeep
|turn|46
|
|t:|1643941959
|move|p2a: Meow Mix|Energy Ball|p1a: Dawood
|-supereffective|p1a: Dawood
|-damage|p1a: Dawood|60/100 par
|move|p1a: Dawood|Rock Blast|p2a: Meow Mix
|-damage|p2a: Meow Mix|70/100 par
|-damage|p2a: Meow Mix|61/100 par
|-damage|p2a: Meow Mix|52/100 par
|-hitcount|p2a: Meow Mix|3
|
|-weather|Sandstorm|[upkeep]
|-damage|p2a: Meow Mix|46/100 par|[from] Sandstorm
|-heal|p2a: Meow Mix|52/100 par|[from] item: Leftovers
|-heal|p1a: Dawood|66/100 par|[from] item: Leftovers
|upkeep
|turn|47
|
|t:|1643941967
|move|p2a: Meow Mix|Soft-Boiled|p2a: Meow Mix
|-heal|p2a: Meow Mix|100/100 par
|move|p1a: Dawood|Rock Blast|p2a: Meow Mix
|-damage|p2a: Meow Mix|91/100 par
|-damage|p2a: Meow Mix|82/100 par
|-hitcount|p2a: Meow Mix|2
|
|-weather|Sandstorm|[upkeep]
|-damage|p2a: Meow Mix|76/100 par|[from] Sandstorm
|-heal|p2a: Meow Mix|82/100 par|[from] item: Leftovers
|-heal|p1a: Dawood|73/100 par|[from] item: Leftovers
|upkeep
|turn|48
|
|t:|1643941971
|move|p2a: Meow Mix|Energy Ball|p1a: Dawood
|-supereffective|p1a: Dawood
|-damage|p1a: Dawood|54/100 par
|move|p1a: Dawood|Rock Blast|p2a: Meow Mix
|-damage|p2a: Meow Mix|73/100 par
|-damage|p2a: Meow Mix|64/100 par
|-damage|p2a: Meow Mix|55/100 par
|-hitcount|p2a: Meow Mix|3
|
|-weather|none
|-heal|p2a: Meow Mix|61/100 par|[from] item: Leftovers
|-heal|p1a: Dawood|60/100 par|[from] item: Leftovers
|upkeep
|turn|49
|
|t:|1643941977
|move|p2a: Meow Mix|Soft-Boiled|p2a: Meow Mix
|-heal|p2a: Meow Mix|100/100 par
|move|p1a: Dawood|Rock Blast|p2a: Meow Mix
|-damage|p2a: Meow Mix|91/100 par
|-damage|p2a: Meow Mix|81/100 par
|-damage|p2a: Meow Mix|72/100 par
|-damage|p2a: Meow Mix|64/100 par
|-hitcount|p2a: Meow Mix|4
|
|-heal|p2a: Meow Mix|70/100 par|[from] item: Leftovers
|-heal|p1a: Dawood|67/100 par|[from] item: Leftovers
|upkeep
|turn|50
|
|t:|1643941979
|move|p2a: Meow Mix|Energy Ball|p1a: Dawood
|-supereffective|p1a: Dawood
|-damage|p1a: Dawood|38/100 par
|move|p1a: Dawood|Rock Blast|p2a: Meow Mix
|-damage|p2a: Meow Mix|61/100 par
|-damage|p2a: Meow Mix|51/100 par
|-damage|p2a: Meow Mix|42/100 par
|-hitcount|p2a: Meow Mix|3
|
|-heal|p2a: Meow Mix|48/100 par|[from] item: Leftovers
|-heal|p1a: Dawood|44/100 par|[from] item: Leftovers
|upkeep
|turn|51
|
|t:|1643941984
|switch|p1a: Don Calo|Slowking, F, shiny|92/100
|cant|p2a: Meow Mix|par
|
|-heal|p2a: Meow Mix|54/100 par|[from] item: Leftovers
|upkeep
|turn|52
|
|t:|1643941989
|move|p2a: Meow Mix|Volt Switch|p1a: Don Calo
|-supereffective|p1a: Don Calo
|-damage|p1a: Don Calo|70/100
|move|p1a: Don Calo|Scald|p2a: Meow Mix
|-damage|p2a: Meow Mix|30/100 par
|
|-heal|p2a: Meow Mix|36/100 par|[from] item: Leftovers
|upkeep
|turn|53
|
|t:|1643941994
|move|p2a: Meow Mix|Soft-Boiled|p2a: Meow Mix
|-heal|p2a: Meow Mix|86/100 par
|move|p1a: Don Calo|Teleport|p1a: Don Calo
|
|t:|1643941996
|switch|p1a: Dawood|Tyranitar, F|44/100 par|[from]move: Teleport
|-damage|p1a: Dawood|32/100 par|[from] Stealth Rock
|-weather|Sandstorm|[from] ability: Sand Stream|[of] p1a: Dawood
|
|-weather|Sandstorm|[upkeep]
|-damage|p2a: Meow Mix|80/100 par|[from] Sandstorm
|-heal|p2a: Meow Mix|86/100 par|[from] item: Leftovers
|-heal|p1a: Dawood|38/100 par|[from] item: Leftovers
|upkeep
|turn|54
|
|t:|1643942000
|move|p2a: Meow Mix|Energy Ball|p1a: Dawood
|-supereffective|p1a: Dawood
|-damage|p1a: Dawood|20/100 par
|move|p1a: Dawood|Rock Blast|p2a: Meow Mix
|-damage|p2a: Meow Mix|77/100 par
|-damage|p2a: Meow Mix|68/100 par
|-hitcount|p2a: Meow Mix|2
|
|-weather|Sandstorm|[upkeep]
|-damage|p2a: Meow Mix|62/100 par|[from] Sandstorm
|-heal|p2a: Meow Mix|68/100 par|[from] item: Leftovers
|-heal|p1a: Dawood|26/100 par|[from] item: Leftovers
|upkeep
|turn|55
|
|t:|1643942007
|move|p2a: Meow Mix|Soft-Boiled|p2a: Meow Mix
|-heal|p2a: Meow Mix|100/100 par
|cant|p1a: Dawood|par
|
|-weather|Sandstorm|[upkeep]
|-damage|p2a: Meow Mix|94/100 par|[from] Sandstorm
|-heal|p2a: Meow Mix|100/100 par|[from] item: Leftovers
|-heal|p1a: Dawood|32/100 par|[from] item: Leftovers
|upkeep
|turn|56
|
|t:|1643942011
|move|p2a: Meow Mix|Energy Ball|p1a: Dawood
|-supereffective|p1a: Dawood
|-damage|p1a: Dawood|12/100 par
|cant|p1a: Dawood|par
|
|-weather|Sandstorm|[upkeep]
|-damage|p2a: Meow Mix|94/100 par|[from] Sandstorm
|-heal|p2a: Meow Mix|100/100 par|[from] item: Leftovers
|-heal|p1a: Dawood|18/100 par|[from] item: Leftovers
|upkeep
|turn|57
|
|t:|1643942016
|switch|p1a: Don Calo|Slowking, F, shiny|100/100
|move|p2a: Meow Mix|Energy Ball|p1a: Don Calo
|-supereffective|p1a: Don Calo
|-damage|p1a: Don Calo|74/100
|-unboost|p1a: Don Calo|spd|1
|
|-weather|none
|upkeep
|turn|58
|
|t:|1643942023
|switch|p1a: Frank|Volcarona, F|23/100
|-damage|p1a: Frank|0 fnt|[from] Stealth Rock
|faint|p1a: Frank
|cant|p2a: Meow Mix|par
|
|upkeep
|
|t:|1643942026
|switch|p1a: Don Calo|Slowking, F, shiny|100/100
|turn|59
|
|t:|1643942029
|move|p2a: Meow Mix|Volt Switch|p1a: Don Calo
|-supereffective|p1a: Don Calo
|-damage|p1a: Don Calo|78/100
|move|p1a: Don Calo|Scald|p2a: Meow Mix
|-damage|p2a: Meow Mix|77/100 par
|
|-heal|p2a: Meow Mix|83/100 par|[from] item: Leftovers
|upkeep
|turn|60
|
|t:|1643942034
|move|p2a: Meow Mix|Volt Switch|p1a: Don Calo
|-supereffective|p1a: Don Calo
|-damage|p1a: Don Calo|55/100
|move|p1a: Don Calo|Future Sight|p2a: Meow Mix
|-start|p1a: Don Calo|move: Future Sight
|
|-heal|p2a: Meow Mix|90/100 par|[from] item: Leftovers
|upkeep
|turn|61
|
|t:|1643942039
|move|p2a: Meow Mix|Volt Switch|p1a: Don Calo
|-supereffective|p1a: Don Calo
|-damage|p1a: Don Calo|32/100
|move|p1a: Don Calo|Teleport|p1a: Don Calo
|
|t:|1643942042
|switch|p1a: Al Capone|Landorus-Therian, M|30/100|[from]move: Teleport
|-damage|p1a: Al Capone|18/100|[from] Stealth Rock
|-ability|p1a: Al Capone|Intimidate|boost
|-unboost|p2a: Meow Mix|atk|1
|
|-heal|p2a: Meow Mix|96/100 par|[from] item: Leftovers
|upkeep
|turn|62
|
|t:|1643942046
|move|p1a: Al Capone|Earthquake|p2a: Meow Mix
|-damage|p2a: Meow Mix|58/100 par
|move|p2a: Meow Mix|Energy Ball|p1a: Al Capone
|-damage|p1a: Al Capone|0 fnt
|faint|p1a: Al Capone
|
|-end|p2a: Meow Mix|move: Future Sight
|-resisted|p2a: Meow Mix
|-damage|p2a: Meow Mix|43/100 par
|-heal|p2a: Meow Mix|49/100 par|[from] item: Leftovers
|upkeep
|
|t:|1643942051
|switch|p1a: Dawood|Tyranitar, F|18/100 par
|-damage|p1a: Dawood|5/100 par|[from] Stealth Rock
|-weather|Sandstorm|[from] ability: Sand Stream|[of] p1a: Dawood
|turn|63
|
|t:|1643942057
|cant|p2a: Meow Mix|par
|cant|p1a: Dawood|par
|
|-weather|Sandstorm|[upkeep]
|-damage|p2a: Meow Mix|43/100 par|[from] Sandstorm
|-heal|p2a: Meow Mix|49/100 par|[from] item: Leftovers
|-heal|p1a: Dawood|12/100 par|[from] item: Leftovers
|upkeep
|turn|64
|
|t:|1643942061
|move|p2a: Meow Mix|Energy Ball|p1a: Dawood
|-supereffective|p1a: Dawood
|-crit|p1a: Dawood
|-damage|p1a: Dawood|0 fnt
|faint|p1a: Dawood
|
|-weather|Sandstorm|[upkeep]
|-damage|p2a: Meow Mix|43/100 par|[from] Sandstorm
|-heal|p2a: Meow Mix|49/100 par|[from] item: Leftovers
|upkeep
|c|☆BL153|RU kidding me
|c|☆BL153|lmao
|c|☆BL153|wtf
|
|t:|1643942069
|switch|p1a: Don Calo|Slowking, F, shiny|66/100
|turn|65
|c|☆BL153|MEW IS GOD
|c|☆BL153|Mewtwo WHO
|
|t:|1643942079
|move|p2a: Meow Mix|Soft-Boiled|p2a: Meow Mix
|-heal|p2a: Meow Mix|99/100 par
|move|p1a: Don Calo|Slack Off|p1a: Don Calo
|-heal|p1a: Don Calo|100/100
|
|-weather|Sandstorm|[upkeep]
|-damage|p2a: Meow Mix|93/100 par|[from] Sandstorm
|-damage|p1a: Don Calo|94/100|[from] Sandstorm
|-heal|p2a: Meow Mix|99/100 par|[from] item: Leftovers
|upkeep
|turn|66
|
|t:|1643942084
|move|p2a: Meow Mix|Volt Switch|p1a: Don Calo
|-supereffective|p1a: Don Calo
|-damage|p1a: Don Calo|74/100
|move|p1a: Don Calo|Scald|p2a: Meow Mix
|-damage|p2a: Meow Mix|78/100 par
|
|-weather|Sandstorm|[upkeep]
|-damage|p2a: Meow Mix|72/100 par|[from] Sandstorm
|-damage|p1a: Don Calo|68/100|[from] Sandstorm
|-heal|p2a: Meow Mix|78/100 par|[from] item: Leftovers
|upkeep
|turn|67
|
|t:|1643942090
|move|p2a: Meow Mix|Stealth Rock||[still]
|-fail|p2a: Meow Mix
|move|p1a: Don Calo|Scald|p2a: Meow Mix
|-damage|p2a: Meow Mix|54/100 par
|
|-weather|none
|-heal|p2a: Meow Mix|60/100 par|[from] item: Leftovers
|upkeep
|turn|68
|
|t:|1643942094
|cant|p2a: Meow Mix|par
|move|p1a: Don Calo|Future Sight|p2a: Meow Mix
|-start|p1a: Don Calo|move: Future Sight
|
|-heal|p2a: Meow Mix|66/100 par|[from] item: Leftovers
|upkeep
|turn|69
|
|t:|1643942098
|cant|p2a: Meow Mix|par
|move|p1a: Don Calo|Slack Off|p1a: Don Calo
|-heal|p1a: Don Calo|100/100
|
|-heal|p2a: Meow Mix|73/100 par|[from] item: Leftovers
|upkeep
|turn|70
|c|☆BL153|This is NUTS
|
|t:|1643942104
|cant|p2a: Meow Mix|par
|move|p1a: Don Calo|Teleport||[still]
|-fail|p1a: Don Calo
|
|-end|p2a: Meow Mix|move: Future Sight
|-resisted|p2a: Meow Mix
|-damage|p2a: Meow Mix|56/100 par
|-heal|p2a: Meow Mix|63/100 par|[from] item: Leftovers
|upkeep
|turn|71
|
|t:|1643942109
|move|p2a: Meow Mix|Volt Switch|p1a: Don Calo
|-supereffective|p1a: Don Calo
|-damage|p1a: Don Calo|80/100
|move|p1a: Don Calo|Teleport||[still]
|-fail|p1a: Don Calo
|
|-heal|p2a: Meow Mix|69/100 par|[from] item: Leftovers
|upkeep
|turn|72
|
|t:|1643942114
|move|p2a: Meow Mix|Volt Switch|p1a: Don Calo
|-supereffective|p1a: Don Calo
|-damage|p1a: Don Calo|59/100
|move|p1a: Don Calo|Teleport||[still]
|-fail|p1a: Don Calo
|
|-heal|p2a: Meow Mix|75/100 par|[from] item: Leftovers
|upkeep
|turn|73
|
|t:|1643942118
|move|p2a: Meow Mix|Volt Switch|p1a: Don Calo
|-supereffective|p1a: Don Calo
|-damage|p1a: Don Calo|39/100
|move|p1a: Don Calo|Slack Off|p1a: Don Calo
|-heal|p1a: Don Calo|89/100
|
|-heal|p2a: Meow Mix|81/100 par|[from] item: Leftovers
|upkeep
|turn|74
|
|t:|1643942123
|cant|p2a: Meow Mix|par
|move|p1a: Don Calo|Future Sight|p2a: Meow Mix
|-start|p1a: Don Calo|move: Future Sight
|
|-heal|p2a: Meow Mix|87/100 par|[from] item: Leftovers
|upkeep
|turn|75
|
|t:|1643942125
|move|p2a: Meow Mix|Volt Switch|p1a: Don Calo
|-supereffective|p1a: Don Calo
|-damage|p1a: Don Calo|68/100
|move|p1a: Don Calo|Teleport||[still]
|-fail|p1a: Don Calo
|
|-heal|p2a: Meow Mix|94/100 par|[from] item: Leftovers
|upkeep
|turn|76
|
|t:|1643942129
|move|p2a: Meow Mix|Volt Switch|p1a: Don Calo
|-supereffective|p1a: Don Calo
|-damage|p1a: Don Calo|46/100
|move|p1a: Don Calo|Teleport||[still]
|-fail|p1a: Don Calo
|
|-end|p2a: Meow Mix|move: Future Sight
|-resisted|p2a: Meow Mix
|-damage|p2a: Meow Mix|77/100 par
|-heal|p2a: Meow Mix|84/100 par|[from] item: Leftovers
|upkeep
|turn|77
|
|t:|1643942134
|move|p2a: Meow Mix|Volt Switch|p1a: Don Calo
|-supereffective|p1a: Don Calo
|-damage|p1a: Don Calo|26/100
|move|p1a: Don Calo|Slack Off|p1a: Don Calo
|-heal|p1a: Don Calo|76/100
|
|-heal|p2a: Meow Mix|90/100 par|[from] item: Leftovers
|upkeep
|turn|78
|
|t:|1643942140
|cant|p2a: Meow Mix|par
|move|p1a: Don Calo|Teleport||[still]
|-fail|p1a: Don Calo
|
|-heal|p2a: Meow Mix|96/100 par|[from] item: Leftovers
|upkeep
|turn|79
|
|t:|1643942145
|move|p2a: Meow Mix|Volt Switch|p1a: Don Calo
|-supereffective|p1a: Don Calo
|-damage|p1a: Don Calo|56/100
|move|p1a: Don Calo|Future Sight|p2a: Meow Mix
|-start|p1a: Don Calo|move: Future Sight
|
|-heal|p2a: Meow Mix|100/100 par|[from] item: Leftovers
|upkeep
|turn|80
|
|t:|1643942149
|move|p2a: Meow Mix|Volt Switch|p1a: Don Calo
|-supereffective|p1a: Don Calo
|-damage|p1a: Don Calo|35/100
|move|p1a: Don Calo|Teleport||[still]
|-fail|p1a: Don Calo
|
|upkeep
|turn|81
|
|t:|1643942154
|move|p2a: Meow Mix|Volt Switch|p1a: Don Calo
|-supereffective|p1a: Don Calo
|-damage|p1a: Don Calo|12/100
|move|p1a: Don Calo|Slack Off|p1a: Don Calo
|-heal|p1a: Don Calo|62/100
|
|-end|p2a: Meow Mix|move: Future Sight
|-resisted|p2a: Meow Mix
|-damage|p2a: Meow Mix|83/100 par
|-heal|p2a: Meow Mix|89/100 par|[from] item: Leftovers
|upkeep
|turn|82
|
|t:|1643942159
|move|p2a: Meow Mix|Energy Ball|p1a: Don Calo
|-supereffective|p1a: Don Calo
|-damage|p1a: Don Calo|33/100
|move|p1a: Don Calo|Slack Off|p1a: Don Calo
|-heal|p1a: Don Calo|83/100
|
|-heal|p2a: Meow Mix|96/100 par|[from] item: Leftovers
|upkeep
|turn|83
|
|t:|1643942163
|cant|p2a: Meow Mix|par
|move|p1a: Don Calo|Teleport||[still]
|-fail|p1a: Don Calo
|
|-heal|p2a: Meow Mix|100/100 par|[from] item: Leftovers
|upkeep
|turn|84
|
|t:|1643942167
|move|p2a: Meow Mix|Volt Switch|p1a: Don Calo
|-supereffective|p1a: Don Calo
|-damage|p1a: Don Calo|61/100
|move|p1a: Don Calo|Teleport||[still]
|-fail|p1a: Don Calo
|
|upkeep
|turn|85
|
|t:|1643942172
|cant|p2a: Meow Mix|par
|move|p1a: Don Calo|Teleport||[still]
|-fail|p1a: Don Calo
|
|upkeep
|turn|86
|
|t:|1643942176
|move|p2a: Meow Mix|Stealth Rock||[still]
|-fail|p2a: Meow Mix
|move|p1a: Don Calo|Teleport||[still]
|-fail|p1a: Don Calo
|
|upkeep
|turn|87
|
|t:|1643942178
|move|p2a: Meow Mix|Volt Switch|p1a: Don Calo
|-supereffective|p1a: Don Calo
|-damage|p1a: Don Calo|40/100
|move|p1a: Don Calo|Teleport||[still]
|-fail|p1a: Don Calo
|
|upkeep
|turn|88
|
|t:|1643942184
|move|p2a: Meow Mix|Energy Ball|p1a: Don Calo
|-supereffective|p1a: Don Calo
|-crit|p1a: Don Calo
|-damage|p1a: Don Calo|2/100
|move|p1a: Don Calo|Teleport||[still]
|-fail|p1a: Don Calo
|
|upkeep
|turn|89
|
|t:|1643942189
|move|p2a: Meow Mix|Volt Switch|p1a: Don Calo
|-supereffective|p1a: Don Calo
|-damage|p1a: Don Calo|0 fnt
|faint|p1a: Don Calo
|
|win|BL153
|raw|VirginJimmy99's rating: 1393 &rarr; <strong>1373</strong><br />(-20 for losing)
|raw|BL153's rating: 1392 &rarr; <strong>1412</strong><br />(+20 for winning)
|c|☆BL153|gg
|c|☆BL153|OMG
|c|☆BL153|WTF
|c|☆BL153|MEW IS INSANE
