|j|☆lebanesestinker
|j|☆pokemonkorea co kr
|t:|1626371355
|gametype|singles
|player|p1|lebanesestinker|policeman|1609
|player|p2|pokemonkorea co kr|wally|1597
|teamsize|p1|6
|teamsize|p2|6
|gen|8
|tier|[Gen 8] OU
|rated|
|rule|Sleep Clause Mod: Limit one foe put to sleep
|rule|Species Clause: Limit one of each Pokémon
|rule|OHKO Clause: OHKO moves are banned
|rule|Evasion Moves Clause: Evasion moves are banned
|rule|Endless Battle Clause: Forcing endless battles is banned
|rule|HP Percentage Mod: HP is shown in percentages
|rule|Dynamax Clause: You cannot dynamax
|clearpoke
|poke|p1|Shedinja|
|poke|p1|Blissey, F|
|poke|p1|Toxapex, F|
|poke|p1|Corviknight, M|
|poke|p1|Clefable, M|
|poke|p1|Ditto|
|poke|p2|Mew|
|poke|p2|Regieleki|
|poke|p2|Cloyster, M|
|poke|p2|Volcarona, F|
|poke|p2|Bisharp, F|
|poke|p2|Dragonite, M|
|teampreview
|inactive|Battle timer is ON: inactive players will automatically lose when time's up. (requested by lebanesestinker)
|
|t:|1626371389
|start
|switch|p1a: Ditto|Ditto|100/100
|switch|p2a: Mew|Mew|100/100
|-transform|p1a: Ditto|p2a: Mew|[from] ability: Imposter
|turn|1
|
|t:|1626371417
|switch|p1a: Shedinja|Shedinja|100/100
|switch|p2a: Bisharp|Bisharp, F|100/100
|
|upkeep
|turn|2
|
|t:|1626371425
|switch|p1a: Corviknight|Corviknight, M|100/100
|-ability|p1a: Corviknight|Pressure
|move|p2a: Bisharp|Knock Off|p1a: Corviknight
|-damage|p1a: Corviknight|55/100
|-damage|p2a: Bisharp|84/100|[from] item: Rocky Helmet|[of] p1a: Corviknight
|-enditem|p1a: Corviknight|Rocky Helmet|[from] move: Knock Off|[of] p2a: Bisharp
|-damage|p2a: Bisharp|74/100|[from] item: Life Orb
|
|upkeep
|turn|3
|
|t:|1626371438
|switch|p2a: Volcarona|Volcarona, F|100/100
|move|p1a: Corviknight|Roost|p1a: Corviknight
|-heal|p1a: Corviknight|100/100
|-singleturn|p1a: Corviknight|move: Roost
|
|upkeep
|turn|4
|
|t:|1626371445
|switch|p2a: Bisharp|Bisharp, F|74/100
|switch|p1a: Blissey|Blissey, F|100/100
|
|upkeep
|turn|5
|
|t:|1626371455
|switch|p1a: Corviknight|Corviknight, M|100/100
|-ability|p1a: Corviknight|Pressure
|move|p2a: Bisharp|Swords Dance|p2a: Bisharp
|-boost|p2a: Bisharp|atk|2
|
|upkeep
|turn|6
|
|t:|1626371461
|switch|p2a: Dragonite|Dragonite, M|100/100
|move|p1a: Corviknight|Body Press|p2a: Dragonite
|-resisted|p2a: Dragonite
|-damage|p2a: Dragonite|93/100
|
|upkeep
|turn|7
|
|t:|1626371469
|move|p2a: Dragonite|Dual Wingbeat|p1a: Corviknight
|-resisted|p1a: Corviknight
|-damage|p1a: Corviknight|94/100
|-resisted|p1a: Corviknight
|-damage|p1a: Corviknight|87/100
|-hitcount|p1a: Corviknight|2
|move|p1a: Corviknight|U-turn|p2a: Dragonite
|-resisted|p2a: Dragonite
|-damage|p2a: Dragonite|86/100
|
|t:|1626371474
|switch|p1a: Clefable|Clefable, M|100/100|[from]move: U-turn
|
|upkeep
|turn|8
|
|t:|1626371485
|switch|p2a: Mew|Mew|100/100
|move|p1a: Clefable|Stealth Rock|p2a: Mew
|-sidestart|p2: pokemonkorea co kr|move: Stealth Rock
|
|upkeep
|turn|9
|
|t:|1626371492
|switch|p1a: Shedinja|Shedinja|100/100
|move|p2a: Mew|Stealth Rock|p1a: Shedinja
|-sidestart|p1: lebanesestinker|move: Stealth Rock
|
|upkeep
|turn|10
|
|t:|1626371501
|switch|p2a: Volcarona|Volcarona, F|100/100
|move|p1a: Shedinja|Will-O-Wisp|p2a: Volcarona
|-immune|p2a: Volcarona
|
|upkeep
|turn|11
|
|t:|1626371515
|switch|p2a: Dragonite|Dragonite, M|86/100
|switch|p1a: Blissey|Blissey, F|100/100
|
|upkeep
|turn|12
|
|t:|1626371525
|switch|p2a: Bisharp|Bisharp, F|74/100
|-damage|p2a: Bisharp|68/100|[from] Stealth Rock
|switch|p1a: Corviknight|Corviknight, M|87/100
|-damage|p1a: Corviknight|75/100|[from] Stealth Rock
|-ability|p1a: Corviknight|Pressure
|
|upkeep
|turn|13
|
|t:|1626371530
|switch|p2a: Volcarona|Volcarona, F|100/100
|move|p1a: Corviknight|U-turn|p2a: Volcarona
|-resisted|p2a: Volcarona
|-crit|p2a: Volcarona
|-damage|p2a: Volcarona|83/100
|
|t:|1626371534
|switch|p1a: Blissey|Blissey, F|100/100|[from]move: U-turn
|
|upkeep
|turn|14
|
|t:|1626371538
|switch|p2a: Bisharp|Bisharp, F|68/100
|-damage|p2a: Bisharp|62/100|[from] Stealth Rock
|move|p1a: Blissey|Seismic Toss|p2a: Bisharp
|-damage|p2a: Bisharp|25/100
|
|upkeep
|turn|15
|
|t:|1626371541
|switch|p1a: Corviknight|Corviknight, M|75/100
|-damage|p1a: Corviknight|62/100|[from] Stealth Rock
|-ability|p1a: Corviknight|Pressure
|move|p2a: Bisharp|Knock Off|p1a: Corviknight
|-damage|p1a: Corviknight|33/100
|-damage|p2a: Bisharp|15/100|[from] item: Life Orb
|
|upkeep
|turn|16
|
|t:|1626371562
|move|p2a: Bisharp|Swords Dance|p2a: Bisharp
|-boost|p2a: Bisharp|atk|2
|move|p1a: Corviknight|Roost|p1a: Corviknight
|-heal|p1a: Corviknight|83/100
|-singleturn|p1a: Corviknight|move: Roost
|
|upkeep
|turn|17
|
|t:|1626371570
|move|p2a: Bisharp|Knock Off|p1a: Corviknight
|-damage|p1a: Corviknight|21/100
|-damage|p2a: Bisharp|5/100|[from] item: Life Orb
|move|p1a: Corviknight|Roost|p1a: Corviknight
|-heal|p1a: Corviknight|71/100
|-singleturn|p1a: Corviknight|move: Roost
|
|upkeep
|turn|18
|
|t:|1626371579
|move|p2a: Bisharp|Swords Dance|p2a: Bisharp
|-boost|p2a: Bisharp|atk|2
|move|p1a: Corviknight|Roost|p1a: Corviknight
|-heal|p1a: Corviknight|100/100
|-singleturn|p1a: Corviknight|move: Roost
|
|upkeep
|turn|19
|
|t:|1626371587
|move|p2a: Bisharp|Swords Dance|p2a: Bisharp
|-boost|p2a: Bisharp|atk|2
|move|p1a: Corviknight|Roost||[still]
|-fail|p1a: Corviknight|heal
|
|upkeep
|turn|20
|
|t:|1626371589
|move|p2a: Bisharp|Knock Off|p1a: Corviknight
|-damage|p1a: Corviknight|0 fnt
|faint|p1a: Corviknight
|-damage|p2a: Bisharp|0 fnt|[from] item: Life Orb
|faint|p2a: Bisharp
|
|upkeep
|
|t:|1626371603
|switch|p2a: Mew|Mew|100/100
|switch|p1a: Blissey|Blissey, F|100/100
|-damage|p2a: Mew|88/100|[from] Stealth Rock
|turn|21
|
|t:|1626371609
|move|p2a: Mew|Spikes|p1a: Blissey
|-sidestart|p1: lebanesestinker|Spikes
|move|p1a: Blissey|Seismic Toss|p2a: Mew
|-damage|p2a: Mew|63/100
|-enditem|p2a: Mew|Red Card|[of] p1a: Blissey
|drag|p1a: Clefable|Clefable, M|100/100
|-damage|p1a: Clefable|88/100|[from] Stealth Rock
|-damage|p1a: Clefable|76/100|[from] Spikes
|
|-heal|p1a: Clefable|82/100|[from] item: Leftovers
|upkeep
|turn|22
|
|t:|1626371623
|switch|p1a: Shedinja|Shedinja|100/100
|move|p2a: Mew|Taunt|p1a: Shedinja
|-start|p1a: Shedinja|move: Taunt
|
|upkeep
|turn|23
|
|t:|1626371627
|switch|p2a: Volcarona|Volcarona, F|83/100
|move|p1a: Shedinja|Hex|p2a: Volcarona
|-damage|p2a: Volcarona|66/100
|
|upkeep
|turn|24
|
|t:|1626371634
|switch|p2a: Dragonite|Dragonite, M|86/100
|switch|p1a: Blissey|Blissey, F|100/100
|
|upkeep
|turn|25
|
|t:|1626371639
|move|p2a: Dragonite|Dual Wingbeat|p1a: Blissey
|-damage|p1a: Blissey|81/100
|-damage|p1a: Blissey|61/100
|-hitcount|p1a: Blissey|2
|move|p1a: Blissey|Toxic|p2a: Dragonite
|-status|p2a: Dragonite|tox
|
|-damage|p2a: Dragonite|80/100 tox|[from] psn
|upkeep
|turn|26
|
|t:|1626371648
|switch|p2a: Regieleki|Regieleki|100/100
|-damage|p2a: Regieleki|88/100|[from] Stealth Rock
|move|p1a: Blissey|Soft-Boiled|p1a: Blissey
|-heal|p1a: Blissey|100/100
|
|upkeep
|turn|27
|
|t:|1626371660
|switch|p1a: Shedinja|Shedinja|100/100
|move|p2a: Regieleki|Reflect|p2a: Regieleki
|-sidestart|p2: pokemonkorea co kr|Reflect
|
|upkeep
|turn|28
|
|t:|1626371667
|switch|p2a: Dragonite|Dragonite, M|80/100 tox
|move|p1a: Shedinja|Toxic|p2a: Dragonite
|-fail|p2a: Dragonite|tox
|
|-damage|p2a: Dragonite|74/100 tox|[from] psn
|upkeep
|turn|29
|
|t:|1626371673
|switch|p1a: Clefable|Clefable, M|82/100
|-damage|p1a: Clefable|69/100|[from] Spikes
|-damage|p1a: Clefable|57/100|[from] Stealth Rock
|move|p2a: Dragonite|Dual Wingbeat|p1a: Clefable
|-damage|p1a: Clefable|41/100
|-damage|p1a: Clefable|26/100
|-hitcount|p1a: Clefable|2
|
|-heal|p1a: Clefable|32/100|[from] item: Leftovers
|-damage|p2a: Dragonite|61/100 tox|[from] psn
|upkeep
|turn|30
|
|t:|1626371678
|move|p2a: Dragonite|Dual Wingbeat|p1a: Clefable
|-damage|p1a: Clefable|15/100
|-damage|p1a: Clefable|0 fnt
|faint|p1a: Clefable
|-hitcount|p1: Clefable|2
|
|-damage|p2a: Dragonite|43/100 tox|[from] psn
|upkeep
|
|t:|1626371700
|switch|p1a: Blissey|Blissey, F|100/100
|turn|31
|
|t:|1626371704
|move|p2a: Dragonite|Roost|p2a: Dragonite
|-heal|p2a: Dragonite|93/100 tox
|-singleturn|p2a: Dragonite|move: Roost
|move|p1a: Blissey|Seismic Toss|p2a: Dragonite
|-damage|p2a: Dragonite|62/100 tox
|
|-damage|p2a: Dragonite|37/100 tox|[from] psn
|upkeep
|turn|32
|
|t:|1626371716
|switch|p2a: Regieleki|Regieleki|88/100
|-damage|p2a: Regieleki|76/100|[from] Stealth Rock
|move|p1a: Blissey|Seismic Toss|p2a: Regieleki
|-damage|p2a: Regieleki|45/100
|
|upkeep
|turn|33
|
|t:|1626371725
|move|p2a: Regieleki|Light Screen|p2a: Regieleki
|-sidestart|p2: pokemonkorea co kr|move: Light Screen
|move|p1a: Blissey|Toxic|p2a: Regieleki|[miss]
|-miss|p1a: Blissey|p2a: Regieleki
|
|upkeep
|turn|34
|
|t:|1626371730
|move|p2a: Regieleki|Rapid Spin|p1a: Blissey
|-damage|p1a: Blissey|87/100
|-boost|p2a: Regieleki|spe|1
|-sideend|p2: pokemonkorea co kr|Stealth Rock|[from] move: Rapid Spin|[of] p2a: Regieleki
|move|p1a: Blissey|Toxic|p2a: Regieleki|[miss]
|-miss|p1a: Blissey|p2a: Regieleki
|
|-sideend|p2: pokemonkorea co kr|Reflect
|upkeep
|turn|35
|
|t:|1626371738
|move|p2a: Regieleki|Explosion|p1a: Blissey
|-damage|p1a: Blissey|12/100
|faint|p2a: Regieleki
|move|p1a: Blissey|Seismic Toss|p2: Regieleki|[notarget]
|-fail|p1a: Blissey
|
|upkeep
|
|t:|1626371744
|switch|p2a: Dragonite|Dragonite, M|37/100 tox
|turn|36
|
|t:|1626371750
|move|p2a: Dragonite|Earthquake|p1a: Blissey
|-damage|p1a: Blissey|0 fnt
|faint|p1a: Blissey
|
|-damage|p2a: Dragonite|31/100 tox|[from] psn
|upkeep
|
|t:|1626371765
|switch|p1a: Ditto|Ditto|100/100
|-damage|p1a: Ditto|88/100|[from] Stealth Rock
|-damage|p1a: Ditto|76/100|[from] Spikes
|-transform|p1a: Ditto|p2a: Dragonite|[from] ability: Imposter
|turn|37
|
|t:|1626371778
|switch|p2a: Mew|Mew|63/100
|move|p1a: Ditto|Dual Wingbeat|p2a: Mew
|-damage|p2a: Mew|45/100
|-crit|p2a: Mew
|-damage|p2a: Mew|19/100
|-hitcount|p2a: Mew|2
|
|upkeep
|turn|38
|
|t:|1626371783
|move|p1a: Ditto|Dual Wingbeat|p2a: Mew
|-damage|p2a: Mew|1/100
|-damage|p2a: Mew|0 fnt
|faint|p2a: Mew
|-hitcount|p2: Mew|2
|
|upkeep
|
|t:|1626371785
|switch|p2a: Cloyster|Cloyster, M|100/100
|turn|39
|
|t:|1626371796
|switch|p1a: Toxapex|Toxapex, F|100/100
|-damage|p1a: Toxapex|88/100|[from] Stealth Rock
|-damage|p1a: Toxapex|75/100|[from] Spikes
|move|p2a: Cloyster|Shell Smash|p2a: Cloyster
|-unboost|p2a: Cloyster|def|1
|-unboost|p2a: Cloyster|spd|1
|-boost|p2a: Cloyster|atk|2
|-boost|p2a: Cloyster|spa|2
|-boost|p2a: Cloyster|spe|2
|
|-heal|p1a: Toxapex|82/100|[from] item: Black Sludge
|upkeep
|turn|40
|
|t:|1626371804
|move|p2a: Cloyster|Rock Blast|p1a: Toxapex
|-damage|p1a: Toxapex|72/100
|-damage|p1a: Toxapex|61/100
|-damage|p1a: Toxapex|52/100
|-damage|p1a: Toxapex|43/100
|-damage|p1a: Toxapex|33/100
|-hitcount|p1a: Toxapex|5
|move|p1a: Toxapex|Haze|p1a: Toxapex
|-clearallboost
|
|-heal|p1a: Toxapex|40/100|[from] item: Black Sludge
|-sideend|p2: pokemonkorea co kr|move: Light Screen
|upkeep
|turn|41
|
|t:|1626371809
|move|p2a: Cloyster|Rock Blast|p1a: Toxapex
|-damage|p1a: Toxapex|34/100
|-damage|p1a: Toxapex|29/100
|-damage|p1a: Toxapex|24/100
|-damage|p1a: Toxapex|19/100
|-damage|p1a: Toxapex|14/100
|-hitcount|p1a: Toxapex|5
|move|p1a: Toxapex|Recover|p1a: Toxapex
|-heal|p1a: Toxapex|64/100
|
|-heal|p1a: Toxapex|70/100|[from] item: Black Sludge
|upkeep
|turn|42
|
|t:|1626371818
|switch|p2a: Dragonite|Dragonite, M|31/100 tox
|move|p1a: Toxapex|Scald|p2a: Dragonite
|-resisted|p2a: Dragonite
|-damage|p2a: Dragonite|22/100 tox
|
|-heal|p1a: Toxapex|76/100|[from] item: Black Sludge
|-damage|p2a: Dragonite|16/100 tox|[from] psn
|upkeep
|turn|43
|
|t:|1626371827
|move|p2a: Dragonite|Roost|p2a: Dragonite
|-heal|p2a: Dragonite|66/100 tox
|-singleturn|p2a: Dragonite|move: Roost
|move|p1a: Toxapex|Recover|p1a: Toxapex
|-heal|p1a: Toxapex|100/100
|
|-damage|p2a: Dragonite|53/100 tox|[from] psn
|upkeep
|turn|44
|
|t:|1626371836
|switch|p1a: Ditto|Ditto|76/100
|-damage|p1a: Ditto|63/100|[from] Stealth Rock
|-damage|p1a: Ditto|51/100|[from] Spikes
|-transform|p1a: Ditto|p2a: Dragonite|[from] ability: Imposter
|move|p2a: Dragonite|Roost|p2a: Dragonite
|-heal|p2a: Dragonite|100/100 tox
|-singleturn|p2a: Dragonite|move: Roost
|
|-damage|p2a: Dragonite|82/100 tox|[from] psn
|upkeep
|turn|45
|
|t:|1626371842
|switch|p2a: Cloyster|Cloyster, M|100/100
|move|p1a: Ditto|Dual Wingbeat|p2a: Cloyster
|-damage|p2a: Cloyster|83/100
|-damage|p2a: Cloyster|64/100
|-hitcount|p2a: Cloyster|2
|
|upkeep
|turn|46
|
|t:|1626371852
|switch|p1a: Toxapex|Toxapex, F|100/100
|-damage|p1a: Toxapex|88/100|[from] Stealth Rock
|-damage|p1a: Toxapex|75/100|[from] Spikes
|switch|p2a: Volcarona|Volcarona, F|66/100
|
|-heal|p1a: Toxapex|82/100|[from] item: Black Sludge
|upkeep
|turn|47
|
|t:|1626371862
|move|p2a: Volcarona|Psychic|p1a: Toxapex
|-supereffective|p1a: Toxapex
|-damage|p1a: Toxapex|24/100
|-unboost|p1a: Toxapex|spd|1
|move|p1a: Toxapex|Scald|p2a: Volcarona
|-supereffective|p2a: Volcarona
|-damage|p2a: Volcarona|29/100
|
|-heal|p1a: Toxapex|30/100|[from] item: Black Sludge
|upkeep
|turn|48
|
|t:|1626371873
|switch|p1a: Ditto|Ditto|51/100
|-damage|p1a: Ditto|39/100|[from] Spikes
|-damage|p1a: Ditto|26/100|[from] Stealth Rock
|-transform|p1a: Ditto|p2a: Volcarona|[from] ability: Imposter
|move|p2a: Volcarona|Bug Buzz|p1a: Ditto
|-resisted|p1a: Ditto
|-damage|p1a: Ditto|0 fnt
|faint|p1a: Ditto
|
|upkeep
|
|t:|1626371880
|switch|p1a: Toxapex|Toxapex, F|63/100
|-damage|p1a: Toxapex|51/100|[from] Stealth Rock
|-damage|p1a: Toxapex|38/100|[from] Spikes
|turn|49
|-message|lebanesestinker forfeited.
|
|win|pokemonkorea co kr
|l|☆lebanesestinker
|raw|lebanesestinker's rating: 1609 &rarr; <strong>1588</strong><br />(-21 for losing)
|raw|pokemonkorea co kr's rating: 1597 &rarr; <strong>1618</strong><br />(+21 for winning)
