|j|☆Monaruby
|j|☆maxinyuuu
|t:|1663338916
|gametype|singles
|player|p1|Monaruby|169|1453
|player|p2|maxinyuuu|lusamine-nihilego|1491
|teamsize|p1|6
|teamsize|p2|6
|gen|8
|tier|[Gen 8] OU
|rated|
|rule|Sleep Clause Mod: Limit one foe put to sleep
|rule|Species Clause: Limit one of each Pokémon
|rule|OHKO Clause: OHKO moves are banned
|rule|Evasion Items Clause: Evasion items are banned
|rule|Evasion Moves Clause: Evasion moves are banned
|rule|Endless Battle Clause: Forcing endless battles is banned
|rule|HP Percentage Mod: HP is shown in percentages
|rule|Dynamax Clause: You cannot dynamax
|clearpoke
|poke|p1|Obstagoon, F|
|poke|p1|Linoone, F|
|poke|p1|Miltank, F|
|poke|p1|Blissey, F|
|poke|p1|Porygon-Z|
|poke|p1|Ditto|
|poke|p2|Melmetal|
|poke|p2|Porygon2|
|poke|p2|Cresselia, F|
|poke|p2|Marowak-Alola, M|
|poke|p2|Hatterene, F|
|poke|p2|Crawdaunt, F|
|teampreview
|j| MtrainerMason
|
|t:|1663338940
|start
|switch|p1a: Porygon-Z|Porygon-Z|100/100
|switch|p2a: Hatterene|Hatterene, F|100/100
|-ability|p1a: Porygon-Z|Download|boost
|-boost|p1a: Porygon-Z|atk|1
|turn|1
|inactive|Battle timer is ON: inactive players will automatically lose when time's up. (requested by Monaruby)
|
|t:|1663338946
|move|p1a: Porygon-Z|Trick|p2a: Hatterene
|-activate|p1a: Porygon-Z|move: Trick|[of] p2a: Hatterene
|-item|p2a: Hatterene|Choice Scarf|[from] move: Trick
|-item|p1a: Porygon-Z|Focus Sash|[from] move: Trick
|move|p2a: Hatterene|Trick Room|p2a: Hatterene
|-fieldstart|move: Trick Room|[of] p2a: Hatterene
|
|upkeep
|turn|2
|
|t:|1663338964
|switch|p2a: Melmetal|Melmetal|100/100
|move|p1a: Porygon-Z|Dark Pulse|p2a: Melmetal
|-damage|p2a: Melmetal|69/100
|
|upkeep
|turn|3
|l| MtrainerMason
|
|t:|1663338987
|move|p2a: Melmetal|Superpower|p1a: Porygon-Z
|-supereffective|p1a: Porygon-Z
|-enditem|p1a: Porygon-Z|Focus Sash
|-damage|p1a: Porygon-Z|1/100
|-unboost|p2a: Melmetal|atk|1
|-unboost|p2a: Melmetal|def|1
|move|p1a: Porygon-Z|Dark Pulse|p2a: Melmetal
|-damage|p2a: Melmetal|41/100
|
|upkeep
|turn|4
|inactive|Monaruby has 120 seconds left.
|l|☆Monaruby
|inactive|Monaruby disconnected and has a minute to reconnect!
|player|p1|
|j|☆Monaruby
|inactive|Monaruby reconnected and has 95 seconds left.
|player|p1|Monaruby|169
|
|t:|1663339029
|move|p2a: Melmetal|Superpower|p1a: Porygon-Z
|-supereffective|p1a: Porygon-Z
|-crit|p1a: Porygon-Z
|-damage|p1a: Porygon-Z|0 fnt
|-unboost|p2a: Melmetal|atk|1
|-unboost|p2a: Melmetal|def|1
|faint|p1a: Porygon-Z
|
|upkeep
|
|t:|1663339037
|switch|p1a: Ditto|Ditto|100/100
|-transform|p1a: Ditto|p2a: Melmetal|[from] ability: Imposter
|turn|5
|
|t:|1663339050
|switch|p2a: Marowak|Marowak-Alola, M|100/100
|switch|p1a: Miltank|Miltank, F|100/100
|
|-fieldend|move: Trick Room
|upkeep
|turn|6
|
|t:|1663339058
|move|p1a: Miltank|Power-Up Punch|p2a: Marowak
|-damage|p2a: Marowak|91/100
|-boost|p1a: Miltank|atk|1
|move|p2a: Marowak|Power-Up Punch|p1a: Miltank
|-supereffective|p1a: Miltank
|-damage|p1a: Miltank|59/100
|-boost|p2a: Marowak|atk|1
|
|-heal|p1a: Miltank|65/100|[from] item: Leftovers
|upkeep
|turn|7
|
|t:|1663339067
|move|p1a: Miltank|Earthquake|p2a: Marowak
|-supereffective|p2a: Marowak
|-damage|p2a: Marowak|22/100
|move|p2a: Marowak|Flare Blitz|p1a: Miltank
|-damage|p1a: Miltank|0 fnt
|faint|p1a: Miltank
|-damage|p2a: Marowak|0 fnt|[from] Recoil
|faint|p2a: Marowak
|
|upkeep
|
|t:|1663339074
|switch|p1a: Obstagoon|Obstagoon, F|100/100
|switch|p2a: Porygon2|Porygon2|100/100
|-ability|p2a: Porygon2|Reckless|[from] ability: Trace|[of] p1a: Obstagoon
|turn|8
|
|t:|1663339081
|move|p1a: Obstagoon|Knock Off|p2a: Porygon2
|-damage|p2a: Porygon2|59/100
|-enditem|p2a: Porygon2|Eviolite|[from] move: Knock Off|[of] p1a: Obstagoon
|move|p2a: Porygon2|Trick Room|p2a: Porygon2
|-fieldstart|move: Trick Room|[of] p2a: Porygon2
|
|upkeep
|turn|9
|inactive|Monaruby has 120 seconds left.
|
|t:|1663339086
|switch|p1a: Ditto|Ditto|100/100
|-transform|p1a: Ditto|p2a: Porygon2|[from] ability: Imposter
|move|p2a: Porygon2|Teleport|p2a: Porygon2
|
|t:|1663339096
|switch|p2a: Melmetal|Melmetal|41/100|[from]move: Teleport
|
|upkeep
|turn|10
|inactive|Monaruby has 120 seconds left.
|
|t:|1663339118
|move|p2a: Melmetal|Double Iron Bash|p1a: Ditto
|-damage|p1a: Ditto|16/100
|-damage|p1a: Ditto|0 fnt
|faint|p1a: Ditto
|-hitcount|p1: Ditto|2
|
|upkeep
|
|t:|1663339143
|switch|p1a: Blissey|Blissey, F|100/100
|turn|11
|
|t:|1663339145
|move|p2a: Melmetal|Double Iron Bash|p1a: Blissey
|-damage|p1a: Blissey|36/100
|-damage|p1a: Blissey|0 fnt
|faint|p1a: Blissey
|-hitcount|p1: Blissey|2
|
|upkeep
|
|t:|1663339152
|switch|p1a: Obstagoon|Obstagoon, F|100/100
|turn|12
|
|t:|1663339155
|move|p2a: Melmetal|Double Iron Bash|p1a: Obstagoon
|-damage|p1a: Obstagoon|40/100
|-damage|p1a: Obstagoon|0 fnt
|faint|p1a: Obstagoon
|-hitcount|p1: Obstagoon|2
|
|-fieldend|move: Trick Room
|upkeep
|
|t:|1663339158
|switch|p1a: Linoone|Linoone, F|100/100
|turn|13
|
|t:|1663339163
|move|p1a: Linoone|Stomping Tantrum|p2a: Melmetal
|-supereffective|p2a: Melmetal
|-crit|p2a: Melmetal
|-damage|p2a: Melmetal|11/100
|move|p2a: Melmetal|Double Iron Bash|p1a: Linoone
|-damage|p1a: Linoone|4/100
|-enditem|p1a: Linoone|Figy Berry|[eat]
|-heal|p1a: Linoone|37/100|[from] item: Figy Berry
|-damage|p1a: Linoone|0 fnt
|faint|p1a: Linoone
|-hitcount|p1: Linoone|2
|
|win|maxinyuuu
|raw|Monaruby's rating: 1453 &rarr; <strong>1435</strong><br />(-18 for losing)
|raw|maxinyuuu's rating: 1491 &rarr; <strong>1509</strong><br />(+18 for winning)
|l|☆maxinyuuu
