|j|☆Stads
|j|☆Agency the Finale
|t:|1665082289
|gametype|singles
|player|p1|Stads|2|1820
|player|p2|Agency the Finale|unknown|1837
|teamsize|p1|6
|teamsize|p2|6
|gen|8
|tier|[Gen 8] OU
|rated|
|rule|Sleep Clause Mod: Limit one foe put to sleep
|rule|Species Clause: Limit one of each Pokémon
|rule|OHKO Clause: OHKO moves are banned
|rule|Evasion Items Clause: Evasion items are banned
|rule|Evasion Moves Clause: Evasion moves are banned
|rule|Endless Battle Clause: Forcing endless battles is banned
|rule|HP Percentage Mod: HP is shown in percentages
|rule|Dynamax Clause: You cannot dynamax
|clearpoke
|poke|p1|Tornadus-Therian, M|
|poke|p1|Corviknight, M|
|poke|p1|Kartana|
|poke|p1|Toxapex, M|
|poke|p1|Hippowdon, F|
|poke|p1|Heatran, F|
|poke|p2|Volcanion|
|poke|p2|Seismitoad, M|
|poke|p2|Melmetal|
|poke|p2|Barraskewda, M|
|poke|p2|Pelipper, M|
|poke|p2|Mandibuzz, F|
|teampreview
|inactive|Battle timer is ON: inactive players will automatically lose when time's up. (requested by Stads)
|
|t:|1665082301
|start
|switch|p1a: Tornadus|Tornadus-Therian, M|100/100
|switch|p2a: Messenger|Pelipper, M, shiny|100/100
|-weather|RainDance|[from] ability: Drizzle|[of] p2a: Messenger
|turn|1
|j| pelotonian
|inactive|Stads has 120 seconds left.
|
|t:|1665082332
|switch|p2a: Fate|Melmetal, shiny|100/100
|move|p1a: Tornadus|Knock Off|p2a: Fate
|-damage|p2a: Fate|90/100
|-enditem|p2a: Fate|Choice Band|[from] move: Knock Off|[of] p1a: Tornadus
|
|-weather|RainDance|[upkeep]
|upkeep
|turn|2
|
|t:|1665082340
|move|p1a: Tornadus|U-turn|p2a: Fate
|-resisted|p2a: Fate
|-damage|p2a: Fate|86/100
|
|t:|1665082343
|switch|p1a: Corviknight|Corviknight, M|100/100|[from]move: U-turn
|-ability|p1a: Corviknight|Pressure
|move|p2a: Fate|Thunder Punch|p1a: Corviknight
|-supereffective|p1a: Corviknight
|-damage|p1a: Corviknight|50/100
|
|-weather|RainDance|[upkeep]
|-heal|p1a: Corviknight|56/100|[from] item: Leftovers
|upkeep
|turn|3
|
|t:|1665082346
|move|p1a: Corviknight|Roost|p1a: Corviknight
|-heal|p1a: Corviknight|100/100
|-singleturn|p1a: Corviknight|move: Roost
|move|p2a: Fate|Superpower|p1a: Corviknight
|-supereffective|p1a: Corviknight
|-damage|p1a: Corviknight|32/100
|-unboost|p2a: Fate|atk|1
|-unboost|p2a: Fate|def|1
|
|-weather|RainDance|[upkeep]
|-heal|p1a: Corviknight|39/100|[from] item: Leftovers
|upkeep
|turn|4
|
|t:|1665082349
|switch|p2a: Magatama|Volcanion|100/100
|move|p1a: Corviknight|Roost|p1a: Corviknight
|-heal|p1a: Corviknight|89/100
|-singleturn|p1a: Corviknight|move: Roost
|
|-weather|RainDance|[upkeep]
|-heal|p1a: Corviknight|95/100|[from] item: Leftovers
|upkeep
|turn|5
|
|t:|1665082352
|switch|p1a: Toxapex|Toxapex, M|100/100
|move|p2a: Magatama|Steam Eruption|p1a: Toxapex
|-resisted|p1a: Toxapex
|-damage|p1a: Toxapex|43/100
|
|-weather|RainDance|[upkeep]
|upkeep
|turn|6
|
|t:|1665082356
|move|p2a: Magatama|Steam Eruption|p1a: Toxapex
|-resisted|p1a: Toxapex
|-damage|p1a: Toxapex|0 fnt
|faint|p1a: Toxapex
|
|-weather|RainDance|[upkeep]
|upkeep
|-message|Stads forfeited.
|
|win|Agency the Finale
|raw|Stads's rating: 1820 &rarr; <strong>1801</strong><br />(-19 for losing)
|raw|Agency the Finale's rating: 1837 &rarr; <strong>1856</strong><br />(+19 for winning)
|l|☆Stads
