|j|☆lou dort
|j|☆dont giv a Duck
|t:|1658039739
|gametype|singles
|player|p1|lou dort|ethan|1626
|player|p2|dont giv a Duck|lucas-gen4pt|1625
|teamsize|p1|6
|teamsize|p2|6
|gen|8
|tier|[Gen 8] OU
|rated|
|rule|Sleep Clause Mod: Limit one foe put to sleep
|rule|Species Clause: Limit one of each Pokémon
|rule|OHKO Clause: OHKO moves are banned
|rule|Evasion Moves Clause: Evasion moves are banned
|rule|Endless Battle Clause: Forcing endless battles is banned
|rule|HP Percentage Mod: HP is shown in percentages
|rule|Dynamax Clause: You cannot dynamax
|clearpoke
|poke|p1|Slowbro, M|
|poke|p1|Corviknight, F|
|poke|p1|Nidoking, M|
|poke|p1|Tapu Koko|
|poke|p1|Clefable, F|
|poke|p1|Tyranitar, F|
|poke|p2|Chansey, F|
|poke|p2|Landorus-Therian, M|
|poke|p2|Dragapult, F|
|poke|p2|Toxapex, M|
|poke|p2|Corviknight, M|
|poke|p2|Slowking-Galar, M|
|teampreview
|inactive|Battle timer is ON: inactive players will automatically lose when time's up. (requested by lou dort)
|
|t:|1658039749
|start
|switch|p1a: Tyranitar|Tyranitar, F|100/100
|switch|p2a: Landorus|Landorus-Therian, M|100/100
|-weather|Sandstorm|[from] ability: Sand Stream|[of] p1a: Tyranitar
|-ability|p2a: Landorus|Intimidate|boost
|-unboost|p1a: Tyranitar|atk|1
|turn|1
|
|t:|1658039759
|switch|p1a: Corviknight|Corviknight, F|100/100
|-ability|p1a: Corviknight|Pressure
|switch|p2a: Toxapex|Toxapex, M|100/100
|
|-weather|Sandstorm|[upkeep]
|-damage|p2a: Toxapex|94/100|[from] Sandstorm
|upkeep
|turn|2
|
|t:|1658039763
|switch|p1a: Tapu Koko|Tapu Koko|100/100
|-fieldstart|move: Electric Terrain|[from] ability: Electric Surge|[of] p1a: Tapu Koko
|move|p2a: Toxapex|Scald|p1a: Tapu Koko
|-damage|p1a: Tapu Koko|75/100
|-status|p1a: Tapu Koko|brn
|
|-weather|Sandstorm|[upkeep]
|-damage|p1a: Tapu Koko|69/100 brn|[from] Sandstorm
|-damage|p2a: Toxapex|88/100|[from] Sandstorm
|-damage|p1a: Tapu Koko|63/100 brn|[from] brn
|upkeep
|turn|3
|
|t:|1658039770
|move|p1a: Tapu Koko|Dazzling Gleam|p2a: Toxapex
|-resisted|p2a: Toxapex
|-damage|p2a: Toxapex|73/100
|move|p2a: Toxapex|Toxic Spikes|p1a: Tapu Koko
|-sidestart|p1: lou dort|move: Toxic Spikes
|
|-weather|Sandstorm|[upkeep]
|-damage|p1a: Tapu Koko|57/100 brn|[from] Sandstorm
|-damage|p2a: Toxapex|67/100|[from] Sandstorm
|-damage|p1a: Tapu Koko|51/100 brn|[from] brn
|upkeep
|turn|4
|
|t:|1658039775
|switch|p2a: Landorus|Landorus-Therian, M|100/100
|-ability|p2a: Landorus|Intimidate|boost
|-unboost|p1a: Tapu Koko|atk|1
|move|p1a: Tapu Koko|Dazzling Gleam|p2a: Landorus
|-damage|p2a: Landorus|63/100
|
|-weather|Sandstorm|[upkeep]
|-damage|p1a: Tapu Koko|45/100 brn|[from] Sandstorm
|-heal|p2a: Landorus|69/100|[from] item: Leftovers
|-damage|p1a: Tapu Koko|39/100 brn|[from] brn
|upkeep
|turn|5
|
|t:|1658039782
|switch|p1a: Corviknight|Corviknight, F|100/100
|-ability|p1a: Corviknight|Pressure
|move|p2a: Landorus|Smack Down|p1a: Corviknight
|-damage|p1a: Corviknight|87/100
|-start|p1a: Corviknight|Smack Down
|
|-weather|none
|-heal|p2a: Landorus|75/100|[from] item: Leftovers
|upkeep
|turn|6
|
|t:|1658039788
|move|p2a: Landorus|Earthquake|p1a: Corviknight
|-supereffective|p1a: Corviknight
|-damage|p1a: Corviknight|4/100
|move|p1a: Corviknight|Defog|p2a: Landorus
|-unboost|p2a: Landorus|evasion|1
|-sideend|p1: lou dort|Toxic Spikes|[from] move: Defog|[of] p1a: Corviknight
|-fieldend|move: Electric Terrain
|
|-heal|p2a: Landorus|81/100|[from] item: Leftovers
|upkeep
|turn|7
|
|t:|1658039796
|switch|p1a: Slowbro|Slowbro, M|100/100
|move|p2a: Landorus|Stealth Rock|p1a: Slowbro
|-sidestart|p1: lou dort|move: Stealth Rock
|
|-heal|p2a: Landorus|87/100|[from] item: Leftovers
|upkeep
|turn|8
|
|t:|1658039800
|move|p2a: Landorus|U-turn|p1a: Slowbro
|-supereffective|p1a: Slowbro
|-damage|p1a: Slowbro|60/100
|-damage|p2a: Landorus|71/100|[from] item: Rocky Helmet|[of] p1a: Slowbro
|
|t:|1658039805
|switch|p2a: Dragapult|Dragapult, F|100/100|[from]move: U-turn
|move|p1a: Slowbro|Teleport|p1a: Slowbro
|
|t:|1658039809
|switch|p1a: Tyranitar|Tyranitar, F|100/100|[from]move: Teleport
|-damage|p1a: Tyranitar|88/100|[from] Stealth Rock
|-weather|Sandstorm|[from] ability: Sand Stream|[of] p1a: Tyranitar
|
|-weather|Sandstorm|[upkeep]
|-damage|p2a: Dragapult|95/100|[from] Sandstorm
|-heal|p2a: Dragapult|100/100|[from] item: Leftovers
|upkeep
|turn|9
|
|t:|1658039812
|move|p2a: Dragapult|Substitute|p2a: Dragapult
|-start|p2a: Dragapult|Substitute
|-damage|p2a: Dragapult|76/100
|move|p1a: Tyranitar|Stone Edge|p2a: Dragapult|[miss]
|-miss|p1a: Tyranitar|p2a: Dragapult
|
|-weather|Sandstorm|[upkeep]
|-damage|p2a: Dragapult|70/100|[from] Sandstorm
|-heal|p2a: Dragapult|76/100|[from] item: Leftovers
|upkeep
|turn|10
|
|t:|1658039816
|move|p2a: Dragapult|Will-O-Wisp|p1a: Tyranitar|[miss]
|-miss|p2a: Dragapult|p1a: Tyranitar
|move|p1a: Tyranitar|Stone Edge|p2a: Dragapult
|-end|p2a: Dragapult|Substitute
|
|-weather|Sandstorm|[upkeep]
|-damage|p2a: Dragapult|70/100|[from] Sandstorm
|-heal|p2a: Dragapult|76/100|[from] item: Leftovers
|upkeep
|turn|11
|
|t:|1658039821
|switch|p1a: Clefable|Clefable, F|100/100
|move|p2a: Dragapult|Substitute|p2a: Dragapult
|-start|p2a: Dragapult|Substitute
|-damage|p2a: Dragapult|51/100
|
|-weather|Sandstorm|[upkeep]
|-damage|p2a: Dragapult|45/100|[from] Sandstorm
|-heal|p2a: Dragapult|51/100|[from] item: Leftovers
|upkeep
|turn|12
|
|t:|1658039823
|move|p2a: Dragapult|Thunder Wave|p1a: Clefable
|-status|p1a: Clefable|par
|move|p1a: Clefable|Moonblast|p2a: Dragapult
|-supereffective|p2a: Dragapult
|-end|p2a: Dragapult|Substitute
|
|-weather|none
|-heal|p2a: Dragapult|57/100|[from] item: Leftovers
|upkeep
|turn|13
|
|t:|1658039827
|switch|p2a: Slowking|Slowking-Galar, M|100/100
|move|p1a: Clefable|Knock Off|p2a: Slowking
|-supereffective|p2a: Slowking
|-damage|p2a: Slowking|69/100
|-enditem|p2a: Slowking|Assault Vest|[from] move: Knock Off|[of] p1a: Clefable
|
|upkeep
|turn|14
|
|t:|1658039833
|switch|p1a: Corviknight|Corviknight, F|4/100
|-damage|p1a: Corviknight|0 fnt|[from] Stealth Rock
|faint|p1a: Corviknight
|move|p2a: Slowking|Scald|p1: Corviknight|[notarget]
|-fail|p2a: Slowking
|
|upkeep
|
|t:|1658039837
|switch|p1a: Tyranitar|Tyranitar, F|88/100
|-damage|p1a: Tyranitar|76/100|[from] Stealth Rock
|-weather|Sandstorm|[from] ability: Sand Stream|[of] p1a: Tyranitar
|turn|15
|
|t:|1658039841
|switch|p2a: Corviknight|Corviknight, M|100/100
|-ability|p2a: Corviknight|Pressure
|move|p1a: Tyranitar|Stone Edge|p2a: Corviknight
|-damage|p2a: Corviknight|50/100
|
|-weather|Sandstorm|[upkeep]
|upkeep
|turn|16
|
|t:|1658039847
|move|p1a: Tyranitar|Stone Edge|p2a: Corviknight
|-damage|p2a: Corviknight|0 fnt
|faint|p2a: Corviknight
|
|-weather|Sandstorm|[upkeep]
|upkeep
|
|t:|1658039851
|switch|p2a: Landorus|Landorus-Therian, M|71/100
|-ability|p2a: Landorus|Intimidate|boost
|-unboost|p1a: Tyranitar|atk|1
|turn|17
|
|t:|1658039853
|switch|p1a: Slowbro|Slowbro, M|93/100
|-damage|p1a: Slowbro|81/100|[from] Stealth Rock
|move|p2a: Landorus|Earthquake|p1a: Slowbro
|-damage|p1a: Slowbro|39/100
|
|-weather|Sandstorm|[upkeep]
|-damage|p1a: Slowbro|33/100|[from] Sandstorm
|-heal|p2a: Landorus|77/100|[from] item: Leftovers
|upkeep
|turn|18
|
|t:|1658039859
|move|p2a: Landorus|Earthquake|p1a: Slowbro
|-crit|p1a: Slowbro
|-damage|p1a: Slowbro|0 fnt
|faint|p1a: Slowbro
|
|-weather|Sandstorm|[upkeep]
|-heal|p2a: Landorus|83/100|[from] item: Leftovers
|upkeep
|
|t:|1658039862
|switch|p1a: Nidoking|Nidoking, M|100/100
|-damage|p1a: Nidoking|95/100|[from] Stealth Rock
|turn|19
|
|t:|1658039865
|switch|p1a: Tyranitar|Tyranitar, F|76/100
|-damage|p1a: Tyranitar|64/100|[from] Stealth Rock
|switch|p2a: Chansey|Chansey, F|100/100
|
|-weather|none
|upkeep
|turn|20
|
|t:|1658039870
|move|p1a: Tyranitar|Crunch|p2a: Chansey
|-damage|p2a: Chansey|56/100
|move|p2a: Chansey|Thunder Wave|p1a: Tyranitar
|-status|p1a: Tyranitar|par
|
|upkeep
|turn|21
|
|t:|1658039875
|move|p2a: Chansey|Soft-Boiled|p2a: Chansey
|-heal|p2a: Chansey|100/100
|move|p1a: Tyranitar|Crunch|p2a: Chansey
|-damage|p2a: Chansey|51/100
|
|upkeep
|turn|22
|
|t:|1658039877
|move|p2a: Chansey|Soft-Boiled|p2a: Chansey
|-heal|p2a: Chansey|100/100
|move|p1a: Tyranitar|Crunch|p2a: Chansey
|-damage|p2a: Chansey|54/100
|
|upkeep
|turn|23
|
|t:|1658039881
|move|p2a: Chansey|Soft-Boiled|p2a: Chansey
|-heal|p2a: Chansey|100/100
|move|p1a: Tyranitar|Crunch|p2a: Chansey
|-damage|p2a: Chansey|54/100
|
|upkeep
|turn|24
|
|t:|1658039884
|move|p2a: Chansey|Soft-Boiled|p2a: Chansey
|-heal|p2a: Chansey|100/100
|move|p1a: Tyranitar|Crunch|p2a: Chansey
|-damage|p2a: Chansey|57/100
|
|upkeep
|turn|25
|
|t:|1658039888
|move|p2a: Chansey|Soft-Boiled|p2a: Chansey
|-heal|p2a: Chansey|100/100
|move|p1a: Tyranitar|Crunch|p2a: Chansey
|-damage|p2a: Chansey|55/100
|
|upkeep
|turn|26
|
|t:|1658039890
|move|p2a: Chansey|Soft-Boiled|p2a: Chansey
|-heal|p2a: Chansey|100/100
|move|p1a: Tyranitar|Crunch|p2a: Chansey
|-damage|p2a: Chansey|57/100
|
|upkeep
|turn|27
|
|t:|1658039893
|move|p2a: Chansey|Soft-Boiled|p2a: Chansey
|-heal|p2a: Chansey|100/100
|move|p1a: Tyranitar|Crunch|p2a: Chansey
|-damage|p2a: Chansey|57/100
|
|upkeep
|turn|28
|
|t:|1658039897
|move|p2a: Chansey|Soft-Boiled|p2a: Chansey
|-heal|p2a: Chansey|100/100
|move|p1a: Tyranitar|Crunch|p2a: Chansey
|-damage|p2a: Chansey|58/100
|
|upkeep
|turn|29
|
|t:|1658039901
|move|p2a: Chansey|Soft-Boiled|p2a: Chansey
|-heal|p2a: Chansey|100/100
|move|p1a: Tyranitar|Crunch|p2a: Chansey
|-damage|p2a: Chansey|56/100
|
|upkeep
|turn|30
|
|t:|1658039905
|move|p2a: Chansey|Soft-Boiled|p2a: Chansey
|-heal|p2a: Chansey|100/100
|cant|p1a: Tyranitar|par
|
|upkeep
|turn|31
|
|t:|1658039910
|move|p2a: Chansey|Wish|p2a: Chansey
|move|p1a: Tyranitar|Crunch|p2a: Chansey
|-damage|p2a: Chansey|56/100
|
|upkeep
|turn|32
|
|t:|1658039913
|move|p2a: Chansey|Seismic Toss|p1a: Tyranitar
|-damage|p1a: Tyranitar|34/100 par
|cant|p1a: Tyranitar|par
|
|-heal|p2a: Chansey|100/100|[from] move: Wish|[wisher] Chansey
|upkeep
|turn|33
|
|t:|1658039920
|move|p2a: Chansey|Seismic Toss|p1a: Tyranitar
|-damage|p1a: Tyranitar|5/100 par
|move|p1a: Tyranitar|Crunch|p2a: Chansey
|-damage|p2a: Chansey|56/100
|-unboost|p2a: Chansey|def|1
|
|upkeep
|turn|34
|
|t:|1658039927
|switch|p2a: Landorus|Landorus-Therian, M|83/100
|-ability|p2a: Landorus|Intimidate|boost
|-unboost|p1a: Tyranitar|atk|1
|move|p1a: Tyranitar|Crunch|p2a: Landorus
|-damage|p2a: Landorus|36/100
|
|-heal|p2a: Landorus|42/100|[from] item: Leftovers
|upkeep
|turn|35
|
|t:|1658039932
|move|p2a: Landorus|Earthquake|p1a: Tyranitar
|-supereffective|p1a: Tyranitar
|-damage|p1a: Tyranitar|0 fnt
|faint|p1a: Tyranitar
|
|-heal|p2a: Landorus|48/100|[from] item: Leftovers
|upkeep
|c|☆dont giv a Duck|t wave doent para
|inactive|lou dort has 120 seconds left.
|c|☆dont giv a Duck|gg
|c|☆lou dort|huh
|c|☆dont giv a Duck|band tard
|c|☆lou dort|i was looking at a replay
|c|☆lou dort|also dont call me a tard
|inactive|lou dort has 90 seconds left.
|
|t:|1658039993
|switch|p1a: Nidoking|Nidoking, M|95/100
|-damage|p1a: Nidoking|89/100|[from] Stealth Rock
|turn|36
|c|☆dont giv a Duck|talk about TAR
|
|t:|1658040004
|switch|p2a: Slowking|Slowking-Galar, M|100/100
|move|p1a: Nidoking|Ice Beam|p2a: Slowking
|-damage|p2a: Slowking|72/100
|
|upkeep
|turn|37
|
|t:|1658040015
|move|p1a: Nidoking|Earth Power|p2a: Slowking
|-supereffective|p2a: Slowking
|-damage|p2a: Slowking|0 fnt
|faint|p2a: Slowking
|
|upkeep
|
|t:|1658040018
|switch|p2a: Chansey|Chansey, F|56/100
|turn|38
|
|t:|1658040021
|move|p1a: Nidoking|Sludge Wave|p2a: Chansey
|-damage|p2a: Chansey|38/100
|move|p2a: Chansey|Soft-Boiled|p2a: Chansey
|-heal|p2a: Chansey|88/100
|
|upkeep
|turn|39
|
|t:|1658040027
|switch|p1a: Tapu Koko|Tapu Koko|39/100 brn
|-fieldstart|move: Electric Terrain|[from] ability: Electric Surge|[of] p1a: Tapu Koko
|move|p2a: Chansey|Wish|p2a: Chansey
|
|-damage|p1a: Tapu Koko|33/100 brn|[from] brn
|upkeep
|turn|40
|
|t:|1658040032
|move|p1a: Tapu Koko|Roost|p1a: Tapu Koko
|-heal|p1a: Tapu Koko|83/100 brn
|-singleturn|p1a: Tapu Koko|move: Roost
|move|p2a: Chansey|Seismic Toss|p1a: Tapu Koko
|-damage|p1a: Tapu Koko|47/100 brn
|
|-heal|p2a: Chansey|100/100|[from] move: Wish|[wisher] Chansey
|-damage|p1a: Tapu Koko|41/100 brn|[from] brn
|upkeep
|turn|41
|
|t:|1658040034
|move|p1a: Tapu Koko|Calm Mind|p1a: Tapu Koko
|-boost|p1a: Tapu Koko|spa|1
|-boost|p1a: Tapu Koko|spd|1
|move|p2a: Chansey|Seismic Toss|p1a: Tapu Koko
|-damage|p1a: Tapu Koko|5/100 brn
|
|-damage|p1a: Tapu Koko|0 fnt|[from] brn
|faint|p1a: Tapu Koko
|upkeep
|
|t:|1658040039
|switch|p1a: Clefable|Clefable, F|100/100 par
|turn|42
|
|t:|1658040047
|switch|p2a: Toxapex|Toxapex, M|99/100
|move|p1a: Clefable|Knock Off|p2a: Toxapex
|-damage|p2a: Toxapex|90/100
|-enditem|p2a: Toxapex|Rocky Helmet|[from] move: Knock Off|[of] p1a: Clefable
|
|upkeep
|turn|43
|
|t:|1658040070
|move|p2a: Toxapex|Scald|p1a: Clefable
|-damage|p1a: Clefable|87/100 par
|move|p1a: Clefable|Stealth Rock|p2a: Toxapex
|-sidestart|p2: dont giv a Duck|move: Stealth Rock
|
|-heal|p1a: Clefable|93/100 par|[from] item: Leftovers
|-fieldend|move: Electric Terrain
|upkeep
|turn|44
|
|t:|1658040076
|move|p2a: Toxapex|Scald|p1a: Clefable
|-damage|p1a: Clefable|81/100 par
|move|p1a: Clefable|Moonblast|p2a: Toxapex
|-resisted|p2a: Toxapex
|-damage|p2a: Toxapex|76/100
|
|-heal|p1a: Clefable|87/100 par|[from] item: Leftovers
|upkeep
|turn|45
|-message|lou dort forfeited.
|
|win|dont giv a Duck
|raw|lou dort's rating: 1626 &rarr; <strong>1606</strong><br />(-20 for losing)
|raw|dont giv a Duck's rating: 1625 &rarr; <strong>1645</strong><br />(+20 for winning)
|l|☆lou dort
