|j|☆Geenobe
|j|☆minimax_ai
|t:|1665229532
|gametype|singles
|player|p1|Geenobe|265|1534
|player|p2|minimax_ai|lusamine-nihilego|1492
|teamsize|p1|6
|teamsize|p2|6
|gen|8
|tier|[Gen 8] OU
|rated|
|rule|Sleep Clause Mod: Limit one foe put to sleep
|rule|Species Clause: Limit one of each Pokémon
|rule|OHKO Clause: OHKO moves are banned
|rule|Evasion Items Clause: Evasion items are banned
|rule|Evasion Moves Clause: Evasion moves are banned
|rule|Endless Battle Clause: Forcing endless battles is banned
|rule|HP Percentage Mod: HP is shown in percentages
|rule|Dynamax Clause: You cannot dynamax
|clearpoke
|poke|p1|Blaziken, M|
|poke|p1|Moltres-Galar|
|poke|p1|Regieleki|
|poke|p1|Tapu Koko|
|poke|p1|Kartana|
|poke|p1|Latias, F|
|poke|p2|Rotom-Wash|
|poke|p2|Weavile, M|
|poke|p2|Landorus-Therian, M|
|poke|p2|Heatran, M|
|poke|p2|Tangrowth, F|
|poke|p2|Melmetal|
|teampreview
|c|☆minimax_ai|hf
|inactive|Battle timer is ON: inactive players will automatically lose when time's up. (requested by minimax_ai)
|c|☆Geenobe|U2
|
|t:|1665229550
|start
|switch|p1a: Tapu Koko|Tapu Koko|100/100
|switch|p2a: landorustherian|Landorus-Therian, M|100/100
|-fieldstart|move: Electric Terrain|[from] ability: Electric Surge|[of] p1a: Tapu Koko
|-ability|p2a: landorustherian|Intimidate|boost
|-unboost|p1a: Tapu Koko|atk|1
|turn|1
|
|t:|1665229553
|move|p1a: Tapu Koko|Reflect|p1a: Tapu Koko
|-sidestart|p1: Geenobe|Reflect
|move|p2a: landorustherian|Toxic|p1a: Tapu Koko
|-status|p1a: Tapu Koko|tox
|
|-damage|p1a: Tapu Koko|94/100 tox|[from] psn
|upkeep
|turn|2
|
|t:|1665229557
|move|p1a: Tapu Koko|Taunt|p2a: landorustherian
|-start|p2a: landorustherian|move: Taunt
|cant|p2a: landorustherian|move: Taunt|Defog
|
|-damage|p1a: Tapu Koko|82/100 tox|[from] psn
|upkeep
|turn|3
|
|t:|1665229559
|move|p1a: Tapu Koko|Light Screen|p1a: Tapu Koko
|-sidestart|p1: Geenobe|move: Light Screen
|move|p2a: landorustherian|Earthquake|p1a: Tapu Koko
|-supereffective|p1a: Tapu Koko
|-damage|p1a: Tapu Koko|28/100 tox
|
|-damage|p1a: Tapu Koko|10/100 tox|[from] psn
|upkeep
|turn|4
|
|t:|1665229561
|move|p1a: Tapu Koko|U-turn|p2a: landorustherian
|-resisted|p2a: landorustherian
|-damage|p2a: landorustherian|94/100
|
|t:|1665229564
|switch|p1a: Latias|Latias, F|100/100|[from]move: U-turn
|move|p2a: landorustherian|Earthquake|p1a: Latias
|-immune|p1a: Latias|[from] ability: Levitate
|
|-heal|p2a: landorustherian|99/100|[from] item: Leftovers
|-end|p2a: landorustherian|move: Taunt
|upkeep
|turn|5
|
|t:|1665229571
|move|p1a: Latias|Agility|p1a: Latias
|-boost|p1a: Latias|spe|2
|move|p2a: landorustherian|Defog|p1a: Latias
|-unboost|p1a: Latias|evasion|1
|-sideend|p1: Geenobe|Reflect
|-sideend|p1: Geenobe|move: Light Screen
|-fieldend|move: Electric Terrain
|
|-heal|p2a: landorustherian|100/100|[from] item: Leftovers
|upkeep
|turn|6
|
|t:|1665229573
|move|p1a: Latias|Calm Mind|p1a: Latias
|-boost|p1a: Latias|spa|1
|-boost|p1a: Latias|spd|1
|move|p2a: landorustherian|U-turn|p1a: Latias
|-supereffective|p1a: Latias
|-damage|p1a: Latias|50/100
|-enditem|p1a: Latias|Weakness Policy
|-boost|p1a: Latias|atk|2|[from] item: Weakness Policy
|-boost|p1a: Latias|spa|2|[from] item: Weakness Policy
|
|t:|1665229573
|switch|p2a: Melmetal|Melmetal|100/100|[from]move: U-turn
|
|upkeep
|turn|7
|
|t:|1665229578
|move|p1a: Latias|Aura Sphere|p2a: Melmetal
|-supereffective|p2a: Melmetal
|-damage|p2a: Melmetal|35/100
|move|p2a: Melmetal|Double Iron Bash|p1a: Latias
|-damage|p1a: Latias|0 fnt
|faint|p1a: Latias
|-hitcount|p1: Latias|1
|
|upkeep
|
|t:|1665229589
|switch|p1a: Blaziken|Blaziken, M|100/100
|turn|8
|
|t:|1665229593
|move|p1a: Blaziken|Close Combat|p2a: Melmetal
|-supereffective|p2a: Melmetal
|-damage|p2a: Melmetal|0 fnt
|-unboost|p1a: Blaziken|def|1
|-unboost|p1a: Blaziken|spd|1
|faint|p2a: Melmetal
|-damage|p1a: Blaziken|91/100|[from] item: Life Orb
|
|-ability|p1a: Blaziken|Speed Boost|boost
|-boost|p1a: Blaziken|spe|1
|upkeep
|
|t:|1665229593
|switch|p2a: rotomwash|Rotom-Wash|100/100
|turn|9
|
|t:|1665229600
|switch|p1a: Tapu Koko|Tapu Koko|10/100 tox
|-fieldstart|move: Electric Terrain|[from] ability: Electric Surge|[of] p1a: Tapu Koko
|move|p2a: rotomwash|Hydro Pump|p1a: Tapu Koko
|-damage|p1a: Tapu Koko|0 fnt
|faint|p1a: Tapu Koko
|
|upkeep
|
|t:|1665229604
|switch|p1a: Kartana|Kartana|100/100
|turn|10
|
|t:|1665229609
|switch|p2a: Tangrowth|Tangrowth, F|100/100
|move|p1a: Kartana|Swords Dance|p1a: Kartana
|-boost|p1a: Kartana|atk|2
|
|upkeep
|turn|11
|
|t:|1665229612
|move|p1a: Kartana|Knock Off|p2a: Tangrowth
|-damage|p2a: Tangrowth|55/100
|-damage|p1a: Kartana|84/100|[from] item: Rocky Helmet|[of] p2a: Tangrowth
|-enditem|p2a: Tangrowth|Rocky Helmet|[from] move: Knock Off|[of] p1a: Kartana
|-damage|p1a: Kartana|74/100|[from] item: Life Orb
|move|p2a: Tangrowth|Focus Blast|p1a: Kartana
|-supereffective|p1a: Kartana
|-damage|p1a: Kartana|0 fnt
|faint|p1a: Kartana
|
|upkeep
|
|t:|1665229622
|switch|p1a: Moltres|Moltres-Galar|100/100
|turn|12
|
|t:|1665229625
|switch|p2a: landorustherian|Landorus-Therian, M|100/100
|-ability|p2a: landorustherian|Intimidate|boost
|-unboost|p1a: Moltres|atk|1
|move|p1a: Moltres|Nasty Plot|p1a: Moltres
|-boost|p1a: Moltres|spa|2
|
|upkeep
|turn|13
|
|t:|1665229630
|move|p1a: Moltres|Agility|p1a: Moltres
|-boost|p1a: Moltres|spe|2
|move|p2a: landorustherian|Toxic|p1a: Moltres
|-status|p1a: Moltres|tox
|
|-damage|p1a: Moltres|94/100 tox|[from] psn
|-fieldend|move: Electric Terrain
|upkeep
|turn|14
|
|t:|1665229632
|move|p1a: Moltres|Nasty Plot|p1a: Moltres
|-boost|p1a: Moltres|spa|2
|move|p2a: landorustherian|U-turn|p1a: Moltres
|-damage|p1a: Moltres|69/100 tox
|
|t:|1665229632
|switch|p2a: Weavile|Weavile, M|100/100|[from]move: U-turn
|-ability|p2a: Weavile|Pressure
|
|-damage|p1a: Moltres|57/100 tox|[from] psn
|upkeep
|turn|15
|
|t:|1665229634
|move|p2a: Weavile|Ice Shard|p1a: Moltres
|-supereffective|p1a: Moltres
|-damage|p1a: Moltres|0 fnt
|faint|p1a: Moltres
|
|upkeep
|
|t:|1665229639
|switch|p1a: Blaziken|Blaziken, M|91/100
|turn|16
|
|t:|1665229641
|move|p2a: Weavile|Ice Shard|p1a: Blaziken
|-resisted|p1a: Blaziken
|-damage|p1a: Blaziken|67/100
|move|p1a: Blaziken|Swords Dance|p1a: Blaziken
|-boost|p1a: Blaziken|atk|2
|
|-ability|p1a: Blaziken|Speed Boost|boost
|-boost|p1a: Blaziken|spe|1
|upkeep
|turn|17
|
|t:|1665229645
|move|p2a: Weavile|Ice Shard|p1a: Blaziken
|-resisted|p1a: Blaziken
|-damage|p1a: Blaziken|44/100
|move|p1a: Blaziken|Swords Dance|p1a: Blaziken
|-boost|p1a: Blaziken|atk|2
|
|-ability|p1a: Blaziken|Speed Boost|boost
|-boost|p1a: Blaziken|spe|1
|upkeep
|turn|18
|
|t:|1665229649
|move|p2a: Weavile|Ice Shard|p1a: Blaziken
|-resisted|p1a: Blaziken
|-damage|p1a: Blaziken|22/100
|move|p1a: Blaziken|Close Combat|p2a: Weavile
|-supereffective|p2a: Weavile
|-damage|p2a: Weavile|0 fnt
|-unboost|p1a: Blaziken|def|1
|-unboost|p1a: Blaziken|spd|1
|faint|p2a: Weavile
|-damage|p1a: Blaziken|12/100|[from] item: Life Orb
|
|-ability|p1a: Blaziken|Speed Boost|boost
|-boost|p1a: Blaziken|spe|1
|upkeep
|
|t:|1665229649
|switch|p2a: landorustherian|Landorus-Therian, M|100/100
|-ability|p2a: landorustherian|Intimidate|boost
|-unboost|p1a: Blaziken|atk|1
|turn|19
|
|t:|1665229658
|move|p1a: Blaziken|Flare Blitz|p2a: landorustherian
|-damage|p2a: landorustherian|0 fnt
|faint|p2a: landorustherian
|-damage|p1a: Blaziken|0 fnt|[from] Recoil
|faint|p1a: Blaziken
|
|upkeep
|
|t:|1665229660
|switch|p1a: Regieleki|Regieleki|100/100
|switch|p2a: Heatran|Heatran, M|100/100
|-item|p2a: Heatran|Air Balloon
|turn|20
|
|t:|1665229664
|move|p1a: Regieleki|Thunderbolt|p2a: Heatran
|-damage|p2a: Heatran|13/100
|-enditem|p2a: Heatran|Air Balloon
|move|p2a: Heatran|Earth Power|p1a: Regieleki
|-supereffective|p1a: Regieleki
|-crit|p1a: Regieleki
|-damage|p1a: Regieleki|0 fnt
|faint|p1a: Regieleki
|
|win|minimax_ai
|raw|Geenobe's rating: 1534 &rarr; <strong>1512</strong><br />(-22 for losing)
|raw|minimax_ai's rating: 1492 &rarr; <strong>1514</strong><br />(+22 for winning)
|c|☆minimax_ai|gg
