|j|☆VirginJimmy99
|j|☆TestSubject88
|t:|1646282392
|gametype|singles
|player|p1|VirginJimmy99|169|1698
|player|p2|TestSubject88|wally|1711
|teamsize|p1|6
|teamsize|p2|6
|gen|8
|tier|[Gen 8] OU
|rated|
|rule|Sleep Clause Mod: Limit one foe put to sleep
|rule|Species Clause: Limit one of each Pokémon
|rule|OHKO Clause: OHKO moves are banned
|rule|Evasion Moves Clause: Evasion moves are banned
|rule|Endless Battle Clause: Forcing endless battles is banned
|rule|HP Percentage Mod: HP is shown in percentages
|rule|Dynamax Clause: You cannot dynamax
|clearpoke
|poke|p1|Regieleki|
|poke|p1|Ferrothorn, F|
|poke|p1|Garchomp, M|
|poke|p1|Tyranitar, M|
|poke|p1|Tornadus-Therian, M|
|poke|p1|Dragapult, M|
|poke|p2|Skarmory, F|
|poke|p2|Weavile, M|
|poke|p2|Garchomp, F|
|poke|p2|Blacephalon|
|poke|p2|Kartana|
|poke|p2|Latios, M|
|teampreview
|
|t:|1646282432
|start
|switch|p1a: Garchomp|Garchomp, M|100/100
|switch|p2a: Weavile|Weavile, M|100/100
|-ability|p2a: Weavile|Pressure
|turn|1
|
|t:|1646282438
|switch|p1a: Ferrothorn|Ferrothorn, F|100/100
|move|p2a: Weavile|Swords Dance|p2a: Weavile
|-boost|p2a: Weavile|atk|2
|
|upkeep
|turn|2
|
|t:|1646282444
|switch|p2a: Skarmory|Skarmory, F|100/100
|move|p1a: Ferrothorn|Body Press|p2a: Skarmory
|-damage|p2a: Skarmory|70/100
|
|upkeep
|turn|3
|inactive|Battle timer is ON: inactive players will automatically lose when time's up. (requested by TestSubject88)
|
|t:|1646282453
|move|p2a: Skarmory|Taunt|p1a: Ferrothorn
|-start|p1a: Ferrothorn|move: Taunt
|cant|p1a: Ferrothorn|move: Taunt|Spikes
|
|upkeep
|turn|4
|
|t:|1646282456
|switch|p1a: Garchomp|Garchomp, M|100/100
|move|p2a: Skarmory|Stealth Rock|p1a: Garchomp
|-sidestart|p1: VirginJimmy99|move: Stealth Rock
|
|upkeep
|turn|5
|
|t:|1646282461
|move|p1a: Garchomp|Stealth Rock|p2a: Skarmory
|-sidestart|p2: TestSubject88|move: Stealth Rock
|move|p2a: Skarmory|Taunt|p1a: Garchomp
|-start|p1a: Garchomp|move: Taunt
|
|upkeep
|turn|6
|
|t:|1646282464
|move|p1a: Garchomp|Fire Blast|p2a: Skarmory
|-supereffective|p2a: Skarmory
|-damage|p2a: Skarmory|0 fnt
|faint|p2a: Skarmory
|-damage|p1a: Garchomp|91/100|[from] item: Life Orb
|
|upkeep
|j| MiThree
|
|t:|1646282475
|switch|p2a: Latios|Latios, M|100/100
|-damage|p2a: Latios|88/100|[from] Stealth Rock
|turn|7
|j| tubulartanis
|
|t:|1646282492
|move|p1a: Garchomp|Aqua Tail|p2a: Latios
|-resisted|p2a: Latios
|-damage|p2a: Latios|60/100
|-damage|p1a: Garchomp|81/100|[from] item: Life Orb
|move|p2a: Latios|Agility|p2a: Latios
|-boost|p2a: Latios|spe|2
|
|upkeep
|turn|8
|
|t:|1646282501
|move|p2a: Latios|Calm Mind|p2a: Latios
|-boost|p2a: Latios|spa|1
|-boost|p2a: Latios|spd|1
|move|p1a: Garchomp|Aqua Tail|p2a: Latios
|-resisted|p2a: Latios
|-damage|p2a: Latios|32/100
|-damage|p1a: Garchomp|71/100|[from] item: Life Orb
|
|-end|p1a: Garchomp|move: Taunt
|upkeep
|turn|9
|
|t:|1646282519
|move|p2a: Latios|Stored Power|p1a: Garchomp
|-crit|p1a: Garchomp
|-damage|p1a: Garchomp|0 fnt
|faint|p1a: Garchomp
|
|upkeep
|
|t:|1646282521
|switch|p1a: Regieleki|Regieleki|100/100
|-damage|p1a: Regieleki|88/100|[from] Stealth Rock
|turn|10
|
|t:|1646282526
|move|p1a: Regieleki|Extreme Speed|p2a: Latios
|-damage|p2a: Latios|0 fnt
|faint|p2a: Latios
|
|upkeep
|
|t:|1646282539
|switch|p2a: Blacephalon|Blacephalon|100/100
|turn|11
|
|t:|1646282543
|switch|p1a: Tyranitar|Tyranitar, M|100/100
|-damage|p1a: Tyranitar|88/100|[from] Stealth Rock
|-weather|Sandstorm|[from] ability: Sand Stream|[of] p1a: Tyranitar
|switch|p2a: Garchomp|Garchomp, F|100/100
|-damage|p2a: Garchomp|94/100|[from] Stealth Rock
|
|-weather|Sandstorm|[upkeep]
|upkeep
|turn|12
|
|t:|1646282549
|move|p2a: Garchomp|Earthquake|p1a: Tyranitar
|-supereffective|p1a: Tyranitar
|-damage|p1a: Tyranitar|0 fnt
|faint|p1a: Tyranitar
|-damage|p2a: Garchomp|85/100|[from] item: Life Orb
|
|-weather|Sandstorm|[upkeep]
|upkeep
|
|t:|1646282554
|switch|p1a: Dragapult|Dragapult, M|100/100
|-damage|p1a: Dragapult|88/100|[from] Stealth Rock
|turn|13
|inactive|TestSubject88 has 120 seconds left.
|
|t:|1646282587
|move|p1a: Dragapult|Draco Meteor|p2a: Garchomp
|-supereffective|p2a: Garchomp
|-damage|p2a: Garchomp|0 fnt
|-unboost|p1a: Dragapult|spa|2
|faint|p2a: Garchomp
|
|-weather|Sandstorm|[upkeep]
|-damage|p1a: Dragapult|82/100|[from] Sandstorm
|upkeep
|inactive|TestSubject88 has 120 seconds left.
|
|t:|1646282597
|switch|p2a: Kartana|Kartana|100/100
|-damage|p2a: Kartana|94/100|[from] Stealth Rock
|turn|14
|inactive|TestSubject88 has 120 seconds left.
|
|t:|1646282608
|switch|p1a: Tornadus|Tornadus-Therian, M|100/100
|move|p2a: Kartana|Knock Off|p1a: Tornadus
|-damage|p1a: Tornadus|55/100
|-enditem|p1a: Tornadus|Heavy-Duty Boots|[from] move: Knock Off|[of] p2a: Kartana
|
|-weather|Sandstorm|[upkeep]
|-damage|p1a: Tornadus|49/100|[from] Sandstorm
|upkeep
|turn|15
|
|t:|1646282613
|move|p2a: Kartana|Knock Off|p1a: Tornadus
|-damage|p1a: Tornadus|19/100
|move|p1a: Tornadus|Knock Off|p2a: Kartana
|-damage|p2a: Kartana|72/100
|-enditem|p2a: Kartana|Choice Scarf|[from] move: Knock Off|[of] p1a: Tornadus
|
|-weather|none
|upkeep
|turn|16
|
|t:|1646282620
|move|p1a: Tornadus|Hurricane|p2a: Kartana
|-damage|p2a: Kartana|0 fnt
|faint|p2a: Kartana
|
|upkeep
|
|t:|1646282623
|switch|p2a: Weavile|Weavile, M|100/100
|-damage|p2a: Weavile|76/100|[from] Stealth Rock
|-ability|p2a: Weavile|Pressure
|turn|17
|
|t:|1646282635
|move|p1a: Tornadus|U-turn|p2a: Weavile
|-supereffective|p2a: Weavile
|-damage|p2a: Weavile|29/100
|
|t:|1646282638
|switch|p1a: Ferrothorn|Ferrothorn, F|100/100|[from]move: U-turn
|-damage|p1a: Ferrothorn|94/100|[from] Stealth Rock
|move|p2a: Weavile|Swords Dance|p2a: Weavile
|-boost|p2a: Weavile|atk|2
|
|-heal|p1a: Ferrothorn|100/100|[from] item: Leftovers
|upkeep
|turn|18
|
|t:|1646282660
|move|p2a: Weavile|Knock Off|p1a: Ferrothorn
|-crit|p1a: Ferrothorn
|-damage|p1a: Ferrothorn|0 fnt
|-damage|p2a: Weavile|16/100|[from] ability: Iron Barbs|[of] p1a: Ferrothorn
|-enditem|p1a: Ferrothorn|Leftovers|[from] move: Knock Off|[of] p2a: Weavile
|faint|p1a: Ferrothorn
|-damage|p2a: Weavile|6/100|[from] item: Life Orb
|
|upkeep
|
|t:|1646282666
|switch|p1a: Regieleki|Regieleki|88/100
|-damage|p1a: Regieleki|76/100|[from] Stealth Rock
|turn|19
|
|t:|1646282681
|move|p1a: Regieleki|Extreme Speed|p2a: Weavile
|-damage|p2a: Weavile|0 fnt
|faint|p2a: Weavile
|
|upkeep
|
|t:|1646282683
|switch|p2a: Blacephalon|Blacephalon|100/100
|turn|20
|
|t:|1646282691
|switch|p1a: Dragapult|Dragapult, M|82/100
|-damage|p1a: Dragapult|70/100|[from] Stealth Rock
|move|p2a: Blacephalon|Shadow Ball|p1a: Dragapult
|-supereffective|p1a: Dragapult
|-damage|p1a: Dragapult|0 fnt
|faint|p1a: Dragapult
|-ability|p2a: Blacephalon|Beast Boost|boost
|-boost|p2a: Blacephalon|spe|1
|
|upkeep
|
|t:|1646282693
|switch|p1a: Regieleki|Regieleki|76/100
|-damage|p1a: Regieleki|64/100|[from] Stealth Rock
|turn|21
|
|t:|1646282698
|move|p1a: Regieleki|Wild Charge|p2a: Blacephalon
|-damage|p2a: Blacephalon|0 fnt
|faint|p2a: Blacephalon
|-damage|p1a: Regieleki|38/100|[from] Recoil
|
|win|VirginJimmy99
|raw|VirginJimmy99's rating: 1698 &rarr; <strong>1719</strong><br />(+21 for winning)
|raw|TestSubject88's rating: 1711 &rarr; <strong>1690</strong><br />(-21 for losing)
|c|☆VirginJimmy99|gg
|c|☆TestSubject88|gg
|l|☆TestSubject88
|l| MiThree
