|html|<div class="broadcast-blue"><strong>[Gen 8] OU is currently suspecting Melmetal! For information on how to participate check out the <a href="https://www.smogon.com/forums/threads/np-ss-ou-suspect-process-round-12-monster-mash.3709234/">suspect thread</a>.</strong></div>
|j|☆Huskothy
|j|☆minimax_ai
|t:|1666059587
|gametype|singles
|player|p1|Huskothy|lucas|1718
|player|p2|minimax_ai|lusamine-nihilego|1586
|teamsize|p1|6
|teamsize|p2|6
|gen|8
|tier|[Gen 8] OU
|rated|
|rule|Sleep Clause Mod: Limit one foe put to sleep
|rule|Species Clause: Limit one of each Pokémon
|rule|OHKO Clause: OHKO moves are banned
|rule|Evasion Items Clause: Evasion items are banned
|rule|Evasion Moves Clause: Evasion moves are banned
|rule|Endless Battle Clause: Forcing endless battles is banned
|rule|HP Percentage Mod: HP is shown in percentages
|rule|Dynamax Clause: You cannot dynamax
|clearpoke
|poke|p1|Electivire, F|
|poke|p1|Mew|
|poke|p1|Rillaboom, F|
|poke|p1|Dragapult, M|
|poke|p1|Urshifu-*, M|
|poke|p1|Heatran, F|
|poke|p2|Rotom-Wash|
|poke|p2|Weavile, F|
|poke|p2|Landorus-Therian, M|
|poke|p2|Heatran, M|
|poke|p2|Tangrowth, M|
|poke|p2|Melmetal|
|teampreview
|c|☆minimax_ai|hf
|inactive|Battle timer is ON: inactive players will automatically lose when time's up. (requested by minimax_ai)
|
|t:|1666059591
|start
|switch|p1a: Mew|Mew|100/100
|switch|p2a: landorustherian|Landorus-Therian, M|100/100
|-ability|p2a: landorustherian|Intimidate|boost
|-unboost|p1a: Mew|atk|1
|turn|1
|c|☆Huskothy|u2
|
|t:|1666059595
|move|p1a: Mew|Stealth Rock|p2a: landorustherian
|-sidestart|p2: minimax_ai|move: Stealth Rock
|move|p2a: landorustherian|Toxic|p1a: Mew
|-status|p1a: Mew|tox
|-activate|p1a: Mew|ability: Synchronize
|-status|p2a: landorustherian|tox
|
|-damage|p1a: Mew|94/100 tox|[from] psn
|-damage|p2a: landorustherian|94/100 tox|[from] psn
|upkeep
|turn|2
|
|t:|1666059596
|move|p1a: Mew|Spikes|p2a: landorustherian
|-sidestart|p2: minimax_ai|Spikes
|move|p2a: landorustherian|Defog|p1a: Mew
|-unboost|p1a: Mew|evasion|1
|-sideend|p2: minimax_ai|Spikes|[from] move: Defog|[of] p2a: landorustherian
|-sideend|p2: minimax_ai|Stealth Rock|[from] move: Defog|[of] p2a: landorustherian
|
|-heal|p2a: landorustherian|100/100 tox|[from] item: Leftovers
|-damage|p1a: Mew|82/100 tox|[from] psn
|-damage|p2a: landorustherian|88/100 tox|[from] psn
|upkeep
|turn|3
|
|t:|1666059598
|move|p1a: Mew|Stealth Rock|p2a: landorustherian
|-sidestart|p2: minimax_ai|move: Stealth Rock
|move|p2a: landorustherian|Earthquake|p1a: Mew
|-damage|p1a: Mew|40/100 tox
|
|-heal|p2a: landorustherian|94/100 tox|[from] item: Leftovers
|-damage|p1a: Mew|22/100 tox|[from] psn
|-damage|p2a: landorustherian|76/100 tox|[from] psn
|upkeep
|turn|4
|
|t:|1666059601
|move|p1a: Mew|Taunt|p2a: landorustherian
|-start|p2a: landorustherian|move: Taunt
|cant|p2a: landorustherian|move: Taunt|Defog
|
|-heal|p2a: landorustherian|82/100 tox|[from] item: Leftovers
|-damage|p1a: Mew|0 fnt|[from] psn
|faint|p1a: Mew
|-damage|p2a: landorustherian|58/100 tox|[from] psn
|upkeep
|
|t:|1666059605
|switch|p1a: Electivire|Electivire, F|100/100
|turn|5
|
|t:|1666059608
|switch|p2a: Tangrowth|Tangrowth, M|100/100
|-damage|p2a: Tangrowth|88/100|[from] Stealth Rock
|move|p1a: Electivire|Ice Punch|p2a: Tangrowth
|-supereffective|p2a: Tangrowth
|-damage|p2a: Tangrowth|51/100
|-damage|p1a: Electivire|84/100|[from] item: Rocky Helmet|[of] p2a: Tangrowth
|-damage|p1a: Electivire|74/100|[from] item: Life Orb
|
|upkeep
|turn|6
|
|t:|1666059610
|switch|p2a: rotomwash|Rotom-Wash|100/100
|-damage|p2a: rotomwash|88/100|[from] Stealth Rock
|move|p1a: Electivire|Flamethrower|p2a: rotomwash
|-resisted|p2a: rotomwash
|-damage|p2a: rotomwash|74/100
|-status|p2a: rotomwash|brn
|-damage|p1a: Electivire|64/100|[from] item: Life Orb
|
|-heal|p2a: rotomwash|80/100 brn|[from] item: Leftovers
|-damage|p2a: rotomwash|74/100 brn|[from] brn
|upkeep
|turn|7
|
|t:|1666059612
|move|p1a: Electivire|Wild Charge|p2a: rotomwash
|-damage|p2a: rotomwash|6/100 brn
|-damage|p1a: Electivire|46/100|[from] Recoil
|-damage|p1a: Electivire|36/100|[from] item: Life Orb
|move|p2a: rotomwash|Pain Split|p1a: Electivire
|-sethp|p1a: Electivire|21/100|[from] move: Pain Split|[silent]
|-sethp|p2a: rotomwash|20/100 brn|[from] move: Pain Split
|
|-heal|p2a: rotomwash|26/100 brn|[from] item: Leftovers
|-damage|p2a: rotomwash|20/100 brn|[from] brn
|upkeep
|turn|8
|
|t:|1666059617
|switch|p2a: landorustherian|Landorus-Therian, M|58/100 tox
|-damage|p2a: landorustherian|46/100 tox|[from] Stealth Rock
|-ability|p2a: landorustherian|Intimidate|boost
|-unboost|p1a: Electivire|atk|1
|move|p1a: Electivire|Wild Charge|p2a: landorustherian
|-immune|p2a: landorustherian
|
|-heal|p2a: landorustherian|52/100 tox|[from] item: Leftovers
|-damage|p2a: landorustherian|46/100 tox|[from] psn
|upkeep
|turn|9
|
|t:|1666059620
|switch|p2a: Melmetal|Melmetal|100/100
|-damage|p2a: Melmetal|94/100|[from] Stealth Rock
|move|p1a: Electivire|Flamethrower|p2a: Melmetal
|-supereffective|p2a: Melmetal
|-damage|p2a: Melmetal|67/100
|-damage|p1a: Electivire|11/100|[from] item: Life Orb
|
|upkeep
|turn|10
|j| KangkongNation2
|
|t:|1666059624
|switch|p1a: Heatran|Heatran, F|100/100
|-item|p1a: Heatran|Air Balloon
|move|p2a: Melmetal|Double Iron Bash|p1a: Heatran
|-resisted|p1a: Heatran
|-damage|p1a: Heatran|91/100
|-enditem|p1a: Heatran|Air Balloon
|-resisted|p1a: Heatran
|-damage|p1a: Heatran|81/100
|-hitcount|p1a: Heatran|2
|
|upkeep
|turn|11
|
|t:|1666059628
|switch|p2a: Heatran|Heatran, M|100/100
|-damage|p2a: Heatran|88/100|[from] Stealth Rock
|-item|p2a: Heatran|Air Balloon
|move|p1a: Heatran|Magma Storm|p2a: Heatran
|-start|p2a: Heatran|ability: Flash Fire
|
|upkeep
|turn|12
|
|t:|1666059631
|switch|p1a: Urshifu|Urshifu-Rapid-Strike, M|100/100
|move|p2a: Heatran|Eruption|p1a: Urshifu
|-resisted|p1a: Urshifu
|-damage|p1a: Urshifu|19/100
|
|upkeep
|turn|13
|
|t:|1666059635
|-end|p2a: Heatran|ability: Flash Fire|[silent]
|switch|p2a: Tangrowth|Tangrowth, M|84/100
|-damage|p2a: Tangrowth|72/100|[from] Stealth Rock
|move|p1a: Urshifu|U-turn|p2a: Tangrowth
|-supereffective|p2a: Tangrowth
|-damage|p2a: Tangrowth|47/100
|
|t:|1666059643
|switch|p1a: Dragapult|Dragapult, M|100/100|[from]move: U-turn
|
|upkeep
|turn|14
|l| KangkongNation2
|
|t:|1666059649
|switch|p2a: landorustherian|Landorus-Therian, M|46/100 tox
|-damage|p2a: landorustherian|34/100 tox|[from] Stealth Rock
|-ability|p2a: landorustherian|Intimidate|boost
|-unboost|p1a: Dragapult|atk|1
|move|p1a: Dragapult|Shadow Ball|p2a: landorustherian
|-damage|p2a: landorustherian|0 fnt
|faint|p2a: landorustherian
|
|upkeep
|
|t:|1666059650
|switch|p2a: Weavile|Weavile, F|100/100
|-damage|p2a: Weavile|76/100|[from] Stealth Rock
|-ability|p2a: Weavile|Pressure
|turn|15
|
|t:|1666059653
|switch|p1a: Heatran|Heatran, F|81/100
|move|p2a: Weavile|Knock Off|p1a: Heatran
|-damage|p1a: Heatran|34/100
|
|upkeep
|turn|16
|
|t:|1666059659
|move|p2a: Weavile|Knock Off|p1a: Heatran
|-damage|p1a: Heatran|0 fnt
|faint|p1a: Heatran
|
|upkeep
|
|t:|1666059672
|switch|p1a: Dragapult|Dragapult, M|100/100
|turn|17
|
|t:|1666059675
|switch|p2a: Melmetal|Melmetal|67/100
|-damage|p2a: Melmetal|61/100|[from] Stealth Rock
|move|p1a: Dragapult|Draco Meteor|p2a: Melmetal
|-resisted|p2a: Melmetal
|-damage|p2a: Melmetal|38/100
|-unboost|p1a: Dragapult|spa|2
|
|upkeep
|turn|18
|
|t:|1666059679
|switch|p1a: Electivire|Electivire, F|11/100
|move|p2a: Melmetal|Double Iron Bash|p1a: Electivire
|-resisted|p1a: Electivire
|-damage|p1a: Electivire|0 fnt
|faint|p1a: Electivire
|-hitcount|p1: Electivire|1
|
|upkeep
|
|t:|1666059681
|switch|p1a: Urshifu|Urshifu-Rapid-Strike, M|19/100
|turn|19
|
|t:|1666059683
|switch|p2a: Tangrowth|Tangrowth, M|80/100
|-damage|p2a: Tangrowth|68/100|[from] Stealth Rock
|move|p1a: Urshifu|Close Combat|p2a: Tangrowth
|-damage|p2a: Tangrowth|33/100
|-unboost|p1a: Urshifu|def|1
|-unboost|p1a: Urshifu|spd|1
|
|upkeep
|turn|20
|
|t:|1666059686
|move|p1a: Urshifu|Close Combat|p2a: Tangrowth
|-damage|p2a: Tangrowth|0 fnt
|-unboost|p1a: Urshifu|def|1
|-unboost|p1a: Urshifu|spd|1
|faint|p2a: Tangrowth
|
|upkeep
|
|t:|1666059686
|switch|p2a: Weavile|Weavile, F|76/100
|-damage|p2a: Weavile|51/100|[from] Stealth Rock
|-ability|p2a: Weavile|Pressure
|turn|21
|
|t:|1666059688
|switch|p1a: Rillaboom|Rillaboom, F|100/100
|-fieldstart|move: Grassy Terrain|[from] ability: Grassy Surge|[of] p1a: Rillaboom
|move|p2a: Weavile|Ice Shard|p1a: Rillaboom
|-supereffective|p1a: Rillaboom
|-damage|p1a: Rillaboom|42/100
|
|-heal|p2a: Weavile|57/100|[from] Grassy Terrain
|-heal|p1a: Rillaboom|48/100|[from] Grassy Terrain
|-heal|p1a: Rillaboom|55/100|[from] item: Leftovers
|upkeep
|turn|22
|
|t:|1666059695
|move|p2a: Weavile|Ice Shard|p1a: Rillaboom
|-supereffective|p1a: Rillaboom
|-damage|p1a: Rillaboom|0 fnt
|faint|p1a: Rillaboom
|
|-heal|p2a: Weavile|63/100|[from] Grassy Terrain
|upkeep
|
|t:|1666059698
|switch|p1a: Dragapult|Dragapult, M|100/100
|turn|23
|
|t:|1666059700
|move|p2a: Weavile|Ice Shard|p1a: Dragapult
|-supereffective|p1a: Dragapult
|-damage|p1a: Dragapult|15/100
|move|p1a: Dragapult|U-turn|p2a: Weavile
|-supereffective|p2a: Weavile
|-damage|p2a: Weavile|8/100
|
|t:|1666059702
|switch|p1a: Urshifu|Urshifu-Rapid-Strike, M|19/100|[from]move: U-turn
|
|-heal|p2a: Weavile|14/100|[from] Grassy Terrain
|-heal|p1a: Urshifu|25/100|[from] Grassy Terrain
|upkeep
|turn|24
|
|t:|1666059704
|move|p2a: Weavile|Ice Shard|p1a: Urshifu
|-resisted|p1a: Urshifu
|-damage|p1a: Urshifu|9/100
|move|p1a: Urshifu|U-turn|p2a: Weavile
|-supereffective|p2a: Weavile
|-damage|p2a: Weavile|0 fnt
|faint|p2a: Weavile
|
|t:|1666059708
|switch|p1a: Dragapult|Dragapult, M|15/100|[from]move: U-turn
|
|-heal|p1a: Dragapult|21/100|[from] Grassy Terrain
|upkeep
|
|t:|1666059708
|switch|p2a: Heatran|Heatran, M|88/100
|-damage|p2a: Heatran|76/100|[from] Stealth Rock
|-item|p2a: Heatran|Air Balloon
|turn|25
|
|t:|1666059712
|move|p1a: Dragapult|Shadow Ball|p2a: Heatran
|-damage|p2a: Heatran|21/100
|-enditem|p2a: Heatran|Air Balloon
|move|p2a: Heatran|Earth Power|p1a: Dragapult
|-damage|p1a: Dragapult|0 fnt
|faint|p1a: Dragapult
|
|-heal|p2a: Heatran|27/100|[from] Grassy Terrain
|-fieldend|move: Grassy Terrain
|upkeep
|
|t:|1666059713
|switch|p1a: Urshifu|Urshifu-Rapid-Strike, M|9/100
|turn|26
|
|t:|1666059715
|switch|p2a: rotomwash|Rotom-Wash|20/100 brn
|-damage|p2a: rotomwash|8/100 brn|[from] Stealth Rock
|move|p1a: Urshifu|Close Combat|p2a: rotomwash
|-damage|p2a: rotomwash|0 fnt
|-unboost|p1a: Urshifu|def|1
|-unboost|p1a: Urshifu|spd|1
|faint|p2a: rotomwash
|
|upkeep
|
|t:|1666059715
|switch|p2a: Heatran|Heatran, M|27/100
|-damage|p2a: Heatran|15/100|[from] Stealth Rock
|turn|27
|
|t:|1666059717
|move|p1a: Urshifu|Aqua Jet|p2a: Heatran
|-supereffective|p2a: Heatran
|-damage|p2a: Heatran|0 fnt
|faint|p2a: Heatran
|
|upkeep
|
|t:|1666059717
|switch|p2a: Melmetal|Melmetal|38/100
|-damage|p2a: Melmetal|32/100|[from] Stealth Rock
|turn|28
|
|t:|1666059718
|move|p1a: Urshifu|Close Combat|p2a: Melmetal
|-supereffective|p2a: Melmetal
|-damage|p2a: Melmetal|0 fnt
|-unboost|p1a: Urshifu|def|1
|-unboost|p1a: Urshifu|spd|1
|faint|p2a: Melmetal
|
|win|Huskothy
|raw|Huskothy's rating: 1718 &rarr; <strong>1731</strong><br />(+13 for winning)
|raw|minimax_ai's rating: 1586 &rarr; <strong>1573</strong><br />(-13 for losing)
|c|☆minimax_ai|gg
|c|☆Huskothy|gg
|l|☆minimax_ai
||Ladder isn't responding, score probably updated but might not have (Request timeout).
