|j|☆Lost Temple
|j|☆Geenobe
|t:|1667609078
|gametype|singles
|player|p1|Lost Temple|brock-gen1rb|1685
|player|p2|Geenobe|265|1705
|teamsize|p1|6
|teamsize|p2|6
|gen|8
|tier|[Gen 8] OU
|rated|
|rule|Sleep Clause Mod: Limit one foe put to sleep
|rule|Species Clause: Limit one of each Pokémon
|rule|OHKO Clause: OHKO moves are banned
|rule|Evasion Items Clause: Evasion items are banned
|rule|Evasion Moves Clause: Evasion moves are banned
|rule|Endless Battle Clause: Forcing endless battles is banned
|rule|HP Percentage Mod: HP is shown in percentages
|rule|Dynamax Clause: You cannot dynamax
|clearpoke
|poke|p1|Mamoswine, M|
|poke|p1|Obstagoon, M|
|poke|p1|Volcanion|
|poke|p1|Buzzwole|
|poke|p1|Melmetal|
|poke|p1|Zapdos|
|poke|p2|Urshifu-*, M|
|poke|p2|Slowbro, M|
|poke|p2|Tapu Lele|
|poke|p2|Heatran, M|
|poke|p2|Landorus-Therian, M|
|poke|p2|Weavile, F|
|teampreview
|
|t:|1667609094
|start
|switch|p1a: Volcanion|Volcanion|100/100
|switch|p2a: Urshifu|Urshifu-Rapid-Strike, M|100/100
|turn|1
|
|t:|1667609100
|move|p2a: Urshifu|Close Combat|p1a: Volcanion
|-damage|p1a: Volcanion|10/100
|-unboost|p2a: Urshifu|def|1
|-unboost|p2a: Urshifu|spd|1
|move|p1a: Volcanion|Steam Eruption|p2a: Urshifu
|-resisted|p2a: Urshifu
|-damage|p2a: Urshifu|29/100
|
|upkeep
|turn|2
|
|t:|1667609112
|switch|p1a: Zapdos|Zapdos|100/100
|-ability|p1a: Zapdos|Pressure
|move|p2a: Urshifu|Close Combat|p1a: Zapdos
|-resisted|p1a: Zapdos
|-damage|p1a: Zapdos|68/100
|-unboost|p2a: Urshifu|def|1
|-unboost|p2a: Urshifu|spd|1
|
|upkeep
|turn|3
|
|t:|1667609118
|switch|p2a: Heatran|Heatran, M|100/100
|switch|p1a: Mamoswine|Mamoswine, M|100/100
|
|upkeep
|turn|4
|
|t:|1667609125
|switch|p2a: Slowbro|Slowbro, M|100/100
|move|p1a: Mamoswine|Stealth Rock|p2a: Slowbro
|-sidestart|p2: Geenobe|move: Stealth Rock
|
|upkeep
|turn|5
|
|t:|1667609133
|switch|p1a: Obstagoon|Obstagoon, M|100/100
|move|p2a: Slowbro|Future Sight|p1a: Obstagoon
|-start|p2a: Slowbro|move: Future Sight
|
|-status|p1a: Obstagoon|brn|[from] item: Flame Orb
|upkeep
|turn|6
|
|t:|1667609141
|move|p1a: Obstagoon|Knock Off|p2a: Slowbro
|-supereffective|p2a: Slowbro
|-damage|p2a: Slowbro|27/100
|-enditem|p2a: Slowbro|Heavy-Duty Boots|[from] move: Knock Off|[of] p1a: Obstagoon
|move|p2a: Slowbro|Teleport|p2a: Slowbro
|
|t:|1667609150
|switch|p2a: Urshifu|Urshifu-Rapid-Strike, M|29/100|[from]move: Teleport
|-damage|p2a: Urshifu|22/100|[from] Stealth Rock
|
|-damage|p1a: Obstagoon|94/100 brn|[from] brn
|upkeep
|turn|7
|
|t:|1667609157
|switch|p1a: Volcanion|Volcanion|10/100
|move|p2a: Urshifu|Close Combat|p1a: Volcanion
|-damage|p1a: Volcanion|0 fnt
|-unboost|p2a: Urshifu|def|1
|-unboost|p2a: Urshifu|spd|1
|faint|p1a: Volcanion
|
|-hint|Future Sight did not hit because the target is fainted.
|upkeep
|
|t:|1667609159
|switch|p1a: Zapdos|Zapdos|68/100
|-ability|p1a: Zapdos|Pressure
|turn|8
|
|t:|1667609164
|switch|p2a: Landorus|Landorus-Therian, M|100/100
|-damage|p2a: Landorus|88/100|[from] Stealth Rock
|-ability|p2a: Landorus|Intimidate|boost
|-unboost|p1a: Zapdos|atk|1
|switch|p1a: Mamoswine|Mamoswine, M|100/100
|
|-heal|p2a: Landorus|94/100|[from] item: Leftovers
|upkeep
|turn|9
|
|t:|1667609170
|switch|p2a: Slowbro|Slowbro, M|61/100
|-damage|p2a: Slowbro|48/100|[from] Stealth Rock
|move|p1a: Mamoswine|Ice Shard|p2a: Slowbro
|-resisted|p2a: Slowbro
|-damage|p2a: Slowbro|42/100
|
|upkeep
|turn|10
|
|t:|1667609174
|move|p1a: Mamoswine|Earthquake|p2a: Slowbro
|-damage|p2a: Slowbro|10/100
|move|p2a: Slowbro|Slack Off|p2a: Slowbro
|-heal|p2a: Slowbro|60/100
|
|upkeep
|turn|11
|
|t:|1667609181
|move|p1a: Mamoswine|Earthquake|p2a: Slowbro
|-damage|p2a: Slowbro|31/100
|move|p2a: Slowbro|Future Sight|p1a: Mamoswine
|-start|p2a: Slowbro|move: Future Sight
|
|upkeep
|turn|12
|j| Celtis
|
|t:|1667609195
|switch|p2a: Landorus|Landorus-Therian, M|94/100
|-damage|p2a: Landorus|82/100|[from] Stealth Rock
|-ability|p2a: Landorus|Intimidate|boost
|-fail|p1a: Mamoswine|unboost|Attack|[from] ability: Oblivious|[of] p1a: Mamoswine
|move|p1a: Mamoswine|Earthquake|p2a: Landorus
|-immune|p2a: Landorus
|
|-heal|p2a: Landorus|88/100|[from] item: Leftovers
|upkeep
|turn|13
|
|t:|1667609200
|switch|p2a: Slowbro|Slowbro, M|64/100
|-damage|p2a: Slowbro|52/100|[from] Stealth Rock
|move|p1a: Mamoswine|Ice Shard|p2a: Slowbro
|-resisted|p2a: Slowbro
|-damage|p2a: Slowbro|45/100
|
|-end|p1a: Mamoswine|move: Future Sight
|-damage|p1a: Mamoswine|40/100
|upkeep
|turn|14
|j| zubitop
|
|t:|1667609204
|switch|p1a: Obstagoon|Obstagoon, M|94/100 brn
|move|p2a: Slowbro|Slack Off|p2a: Slowbro
|-heal|p2a: Slowbro|95/100
|
|-damage|p1a: Obstagoon|88/100 brn|[from] brn
|upkeep
|turn|15
|
|t:|1667609209
|move|p1a: Obstagoon|Facade|p2a: Slowbro
|-damage|p2a: Slowbro|46/100
|move|p2a: Slowbro|Future Sight|p1a: Obstagoon
|-start|p2a: Slowbro|move: Future Sight
|
|-damage|p1a: Obstagoon|82/100 brn|[from] brn
|upkeep
|turn|16
|
|t:|1667609229
|switch|p2a: Tapu Lele|Tapu Lele|100/100
|-damage|p2a: Tapu Lele|88/100|[from] Stealth Rock
|-fieldstart|move: Psychic Terrain|[from] ability: Psychic Surge|[of] p2a: Tapu Lele
|move|p1a: Obstagoon|Facade|p2a: Tapu Lele
|-damage|p2a: Tapu Lele|0 fnt
|faint|p2a: Tapu Lele
|
|-damage|p1a: Obstagoon|76/100 brn|[from] brn
|upkeep
|
|t:|1667609236
|switch|p2a: Urshifu|Urshifu-Rapid-Strike, M|22/100
|-damage|p2a: Urshifu|16/100|[from] Stealth Rock
|turn|17
|
|t:|1667609241
|switch|p1a: Mamoswine|Mamoswine, M|40/100
|move|p2a: Urshifu|Close Combat|p1a: Mamoswine
|-supereffective|p1a: Mamoswine
|-damage|p1a: Mamoswine|0 fnt
|-unboost|p2a: Urshifu|def|1
|-unboost|p2a: Urshifu|spd|1
|faint|p1a: Mamoswine
|
|-hint|Future Sight did not hit because the target is fainted.
|upkeep
|
|t:|1667609244
|switch|p1a: Zapdos|Zapdos|68/100
|-ability|p1a: Zapdos|Pressure
|turn|18
|
|t:|1667609249
|switch|p2a: Heatran|Heatran, M|100/100
|-damage|p2a: Heatran|88/100|[from] Stealth Rock
|switch|p1a: Buzzwole|Buzzwole, shiny|100/100
|
|-heal|p2a: Heatran|94/100|[from] item: Leftovers
|upkeep
|turn|19
|
|t:|1667609258
|switch|p2a: Slowbro|Slowbro, M|80/100
|-damage|p2a: Slowbro|67/100|[from] Stealth Rock
|move|p1a: Buzzwole|Earthquake|p2a: Slowbro
|-damage|p2a: Slowbro|47/100
|
|upkeep
|turn|20
|
|t:|1667609266
|switch|p1a: Obstagoon|Obstagoon, M|76/100 brn
|move|p2a: Slowbro|Slack Off|p2a: Slowbro
|-heal|p2a: Slowbro|97/100
|
|-damage|p1a: Obstagoon|70/100 brn|[from] brn
|-fieldend|move: Psychic Terrain
|upkeep
|turn|21
|
|t:|1667609272
|move|p1a: Obstagoon|Facade|p2a: Slowbro
|-damage|p2a: Slowbro|45/100
|move|p2a: Slowbro|Future Sight|p1a: Obstagoon
|-start|p2a: Slowbro|move: Future Sight
|
|-damage|p1a: Obstagoon|64/100 brn|[from] brn
|upkeep
|turn|22
|
|t:|1667609281
|switch|p2a: Landorus|Landorus-Therian, M|88/100
|-damage|p2a: Landorus|76/100|[from] Stealth Rock
|-ability|p2a: Landorus|Intimidate|boost
|-unboost|p1a: Obstagoon|atk|1
|move|p1a: Obstagoon|Facade|p2a: Landorus
|-damage|p2a: Landorus|25/100
|
|-heal|p2a: Landorus|31/100|[from] item: Leftovers
|-damage|p1a: Obstagoon|58/100 brn|[from] brn
|upkeep
|turn|23
|
|t:|1667609287
|move|p1a: Obstagoon|Obstruct|p1a: Obstagoon
|-singleturn|p1a: Obstagoon|Protect
|move|p2a: Landorus|Earthquake|p1a: Obstagoon
|-activate|p1a: Obstagoon|move: Protect
|
|-end|p1a: Obstagoon|move: Future Sight
|-immune|p1a: Obstagoon
|-heal|p2a: Landorus|37/100|[from] item: Leftovers
|-damage|p1a: Obstagoon|52/100 brn|[from] brn
|upkeep
|turn|24
|
|t:|1667609298
|move|p1a: Obstagoon|Facade|p2a: Landorus
|-damage|p2a: Landorus|0 fnt
|faint|p2a: Landorus
|
|-damage|p1a: Obstagoon|45/100 brn|[from] brn
|upkeep
|
|t:|1667609299
|switch|p2a: Slowbro|Slowbro, M|78/100
|-damage|p2a: Slowbro|66/100|[from] Stealth Rock
|turn|25
|
|t:|1667609303
|switch|p1a: Zapdos|Zapdos|68/100
|-ability|p1a: Zapdos|Pressure
|move|p2a: Slowbro|Scald|p1a: Zapdos
|-damage|p1a: Zapdos|41/100
|
|upkeep
|turn|26
|
|t:|1667609313
|switch|p2a: Weavile|Weavile, F|100/100
|-ability|p2a: Weavile|Pressure
|move|p1a: Zapdos|Volt Switch|p2a: Weavile
|-damage|p2a: Weavile|59/100
|
|t:|1667609316
|switch|p1a: Buzzwole|Buzzwole, shiny|100/100|[from]move: Volt Switch
|
|upkeep
|turn|27
|
|t:|1667609325
|switch|p2a: Slowbro|Slowbro, M|99/100
|-damage|p2a: Slowbro|87/100|[from] Stealth Rock
|move|p1a: Buzzwole|Leech Life|p2a: Slowbro
|-supereffective|p2a: Slowbro
|-damage|p2a: Slowbro|37/100
|
|upkeep
|turn|28
|
|t:|1667609336
|switch|p1a: Obstagoon|Obstagoon, M|45/100 brn
|move|p2a: Slowbro|Slack Off|p2a: Slowbro
|-heal|p2a: Slowbro|87/100
|
|-damage|p1a: Obstagoon|39/100 brn|[from] brn
|upkeep
|turn|29
|
|t:|1667609338
|move|p1a: Obstagoon|Facade|p2a: Slowbro
|-damage|p2a: Slowbro|41/100
|move|p2a: Slowbro|Scald|p1a: Obstagoon
|-damage|p1a: Obstagoon|4/100 brn
|
|-damage|p1a: Obstagoon|0 fnt|[from] brn
|faint|p1a: Obstagoon
|upkeep
|
|t:|1667609342
|switch|p1a: Zapdos|Zapdos|41/100
|-ability|p1a: Zapdos|Pressure
|turn|30
|
|t:|1667609347
|switch|p2a: Urshifu|Urshifu-Rapid-Strike, M|16/100
|-damage|p2a: Urshifu|10/100|[from] Stealth Rock
|move|p1a: Zapdos|Volt Switch|p2a: Urshifu
|-supereffective|p2a: Urshifu
|-damage|p2a: Urshifu|0 fnt
|faint|p2a: Urshifu
|
|t:|1667609350
|switch|p1a: Buzzwole|Buzzwole, shiny|100/100|[from]move: Volt Switch
|
|upkeep
|
|t:|1667609359
|switch|p2a: Slowbro|Slowbro, M|74/100
|-damage|p2a: Slowbro|61/100|[from] Stealth Rock
|turn|31
|
|t:|1667609366
|move|p1a: Buzzwole|Earthquake|p2a: Slowbro
|-damage|p2a: Slowbro|39/100
|move|p2a: Slowbro|Future Sight|p1a: Buzzwole
|-start|p2a: Slowbro|move: Future Sight
|
|upkeep
|turn|32
|
|t:|1667609376
|switch|p1a: Melmetal|Melmetal|100/100
|switch|p2a: Heatran|Heatran, M|94/100
|-damage|p2a: Heatran|82/100|[from] Stealth Rock
|
|-heal|p2a: Heatran|88/100|[from] item: Leftovers
|upkeep
|turn|33
|
|t:|1667609380
|move|p2a: Heatran|Magma Storm|p1a: Melmetal
|-supereffective|p1a: Melmetal
|-damage|p1a: Melmetal|24/100
|-activate|p1a: Melmetal|move: Magma Storm|[of] p2a: Heatran
|move|p1a: Melmetal|Earthquake|p2a: Heatran
|-supereffective|p2a: Heatran
|-damage|p2a: Heatran|0 fnt
|faint|p2a: Heatran
|
|-end|p1a: Melmetal|move: Future Sight
|-resisted|p1a: Melmetal
|-damage|p1a: Melmetal|6/100
|-heal|p1a: Melmetal|12/100|[from] item: Leftovers
|-end|p1a: Melmetal|Magma Storm|[partiallytrapped]|[silent]
|upkeep
|
|t:|1667609390
|switch|p2a: Weavile|Weavile, F|59/100
|-ability|p2a: Weavile|Pressure
|turn|34
|
|t:|1667609395
|move|p2a: Weavile|Knock Off|p1a: Melmetal
|-damage|p1a: Melmetal|0 fnt
|-enditem|p1a: Melmetal|Leftovers|[from] move: Knock Off|[of] p2a: Weavile
|faint|p1a: Melmetal
|
|upkeep
|
|t:|1667609397
|switch|p1a: Buzzwole|Buzzwole, shiny|100/100
|turn|35
|inactive|Battle timer is ON: inactive players will automatically lose when time's up. (requested by Lost Temple)
|
|t:|1667609409
|move|p1a: Buzzwole|Leech Life|p2a: Weavile
|-supereffective|p2a: Weavile
|-damage|p2a: Weavile|0 fnt
|faint|p2a: Weavile
|-ability|p1a: Buzzwole|Beast Boost|boost
|-boost|p1a: Buzzwole|atk|1
|
|upkeep
|
|t:|1667609412
|switch|p2a: Slowbro|Slowbro, M|72/100
|-damage|p2a: Slowbro|59/100|[from] Stealth Rock
|turn|36
|c|☆Geenobe|gg
|
|t:|1667609419
|move|p1a: Buzzwole|Leech Life|p2a: Slowbro
|-supereffective|p2a: Slowbro
|-damage|p2a: Slowbro|0 fnt
|faint|p2a: Slowbro
|
|win|Lost Temple
|raw|Lost Temple's rating: 1685 &rarr; <strong>1706</strong><br />(+21 for winning)
|raw|Geenobe's rating: 1705 &rarr; <strong>1684</strong><br />(-21 for losing)
|c|☆Lost Temple|gg
