|j|☆roboPOKE
|j|☆RggV
|t:|1644421562
|gametype|singles
|player|p1|roboPOKE|1|1684
|player|p2|RggV|scientist-gen4|1649
|teamsize|p1|6
|teamsize|p2|6
|gen|8
|tier|[Gen 8] OU
|rated|
|rule|Sleep Clause Mod: Limit one foe put to sleep
|rule|Species Clause: Limit one of each Pokémon
|rule|OHKO Clause: OHKO moves are banned
|rule|Evasion Moves Clause: Evasion moves are banned
|rule|Endless Battle Clause: Forcing endless battles is banned
|rule|HP Percentage Mod: HP is shown in percentages
|rule|Dynamax Clause: You cannot dynamax
|clearpoke
|poke|p1|Omastar, M|
|poke|p1|Weavile, M|
|poke|p1|Kartana|
|poke|p1|Tapu Lele|
|poke|p1|Landorus-Therian, M|
|poke|p1|Dragapult, F|
|poke|p2|Politoed, F|
|poke|p2|Heliolisk, F|
|poke|p2|Kingdra, M|
|poke|p2|Mudsdale, M|
|poke|p2|Victini|
|poke|p2|Scizor, M|
|teampreview
|inactive|Battle timer is ON: inactive players will automatically lose when time's up. (requested by RggV)
|
|t:|1644421575
|start
|switch|p1a: Omastar|Omastar, M|100/100
|switch|p2a: Victini|Victini|100/100
|turn|1
|inactive|roboPOKE has 120 seconds left.
|
|t:|1644421605
|move|p2a: Victini|U-turn|p1a: Omastar
|-damage|p1a: Omastar|68/100
|-ability|p1a: Omastar|Weak Armor|boost
|-unboost|p1a: Omastar|def|1
|-boost|p1a: Omastar|spe|2
|
|t:|1644421609
|switch|p2a: Scizor|Scizor, M|100/100|[from]move: U-turn
|move|p1a: Omastar|Stealth Rock|p2a: Scizor
|-sidestart|p2: RggV|move: Stealth Rock
|
|upkeep
|turn|2
|
|t:|1644421617
|move|p1a: Omastar|Surf|p2a: Scizor
|-damage|p2a: Scizor|67/100
|move|p2a: Scizor|Defog|p1a: Omastar
|-unboost|p1a: Omastar|evasion|1
|-sideend|p2: RggV|Stealth Rock|[from] move: Defog|[of] p2a: Scizor
|
|upkeep
|turn|3
|
|t:|1644421622
|move|p2a: Scizor|Bullet Punch|p1a: Omastar
|-damage|p1a: Omastar|25/100
|-ability|p1a: Omastar|Weak Armor|boost
|-unboost|p1a: Omastar|def|1
|-boost|p1a: Omastar|spe|2
|move|p1a: Omastar|Stealth Rock|p2a: Scizor
|-sidestart|p2: RggV|move: Stealth Rock
|
|upkeep
|turn|4
|
|t:|1644421627
|move|p1a: Omastar|Shell Smash|p1a: Omastar
|-unboost|p1a: Omastar|def|1
|-unboost|p1a: Omastar|spd|1
|-boost|p1a: Omastar|atk|2
|-boost|p1a: Omastar|spa|2
|-boost|p1a: Omastar|spe|2
|move|p2a: Scizor|Defog|p1a: Omastar
|-unboost|p1a: Omastar|evasion|1
|-sideend|p2: RggV|Stealth Rock|[from] move: Defog|[of] p2a: Scizor
|
|upkeep
|turn|5
|
|t:|1644421629
|switch|p1a: Tapu Lele|Tapu Lele|100/100
|-fieldstart|move: Psychic Terrain|[from] ability: Psychic Surge|[of] p1a: Tapu Lele
|move|p2a: Scizor|Bullet Punch|p1a: Tapu Lele
|-activate|p1a: Tapu Lele|move: Psychic Terrain
|
|upkeep
|turn|6
|
|t:|1644421632
|move|p1a: Tapu Lele|Focus Blast|p2a: Scizor
|-damage|p2a: Scizor|28/100
|move|p2a: Scizor|Roost|p2a: Scizor
|-heal|p2a: Scizor|79/100
|-singleturn|p2a: Scizor|move: Roost
|
|upkeep
|turn|7
|
|t:|1644421639
|switch|p1a: Landorus|Landorus-Therian, M|100/100
|-ability|p1a: Landorus|Intimidate|boost
|-unboost|p2a: Scizor|atk|1
|move|p2a: Scizor|U-turn|p1a: Landorus
|-resisted|p1a: Landorus
|-damage|p1a: Landorus|89/100
|
|t:|1644421641
|switch|p2a: Politoed|Politoed, F, shiny|100/100|[from]move: U-turn
|-weather|RainDance|[from] ability: Drizzle|[of] p2a: Politoed
|
|-weather|RainDance|[upkeep]
|-heal|p1a: Landorus|95/100|[from] item: Leftovers
|upkeep
|turn|8
|
|t:|1644421645
|move|p1a: Landorus|Substitute|p1a: Landorus
|-start|p1a: Landorus|Substitute
|-damage|p1a: Landorus|70/100
|move|p2a: Politoed|Surf|p1a: Landorus
|-supereffective|p1a: Landorus
|-end|p1a: Landorus|Substitute
|
|-weather|RainDance|[upkeep]
|-heal|p1a: Landorus|76/100|[from] item: Leftovers
|upkeep
|turn|9
|
|t:|1644421655
|switch|p1a: Tapu Lele|Tapu Lele|100/100
|move|p2a: Politoed|Surf|p1a: Tapu Lele
|-damage|p1a: Tapu Lele|0 fnt
|faint|p1a: Tapu Lele
|
|-weather|RainDance|[upkeep]
|-fieldend|move: Psychic Terrain
|upkeep
|
|t:|1644421658
|switch|p1a: Kartana|Kartana|100/100
|turn|10
|
|t:|1644421669
|switch|p2a: Scizor|Scizor, M|79/100
|move|p1a: Kartana|Swords Dance|p1a: Kartana
|-boost|p1a: Kartana|atk|2
|
|-weather|RainDance|[upkeep]
|upkeep
|turn|11
|
|t:|1644421675
|move|p1a: Kartana|Knock Off|p2a: Scizor
|-damage|p2a: Scizor|0 fnt
|-enditem|p2a: Scizor|Heavy-Duty Boots|[from] move: Knock Off|[of] p1a: Kartana
|faint|p2a: Scizor
|-ability|p1a: Kartana|Beast Boost|boost
|-boost|p1a: Kartana|atk|1
|-damage|p1a: Kartana|91/100|[from] item: Life Orb
|
|-weather|none
|upkeep
|
|t:|1644421677
|switch|p2a: Politoed|Politoed, F, shiny|100/100
|-weather|RainDance|[from] ability: Drizzle|[of] p2a: Politoed
|turn|12
|
|t:|1644421680
|switch|p2a: Heliolisk|Heliolisk, F|100/100
|move|p1a: Kartana|Leaf Blade|p2a: Heliolisk
|-damage|p2a: Heliolisk|0 fnt
|faint|p2a: Heliolisk
|-ability|p1a: Kartana|Beast Boost|boost
|-boost|p1a: Kartana|atk|1
|-damage|p1a: Kartana|81/100|[from] item: Life Orb
|
|-weather|RainDance|[upkeep]
|upkeep
|
|t:|1644421682
|switch|p2a: Kingdra|Kingdra, M|100/100
|turn|13
|
|t:|1644421685
|move|p2a: Kingdra|Surf|p1a: Kartana
|-resisted|p1a: Kartana
|-damage|p1a: Kartana|0 fnt
|faint|p1a: Kartana
|
|-weather|RainDance|[upkeep]
|upkeep
|
|t:|1644421688
|switch|p1a: Dragapult|Dragapult, F|100/100
|turn|14
|
|t:|1644421692
|switch|p2a: Mudsdale|Mudsdale, M, shiny|100/100
|move|p1a: Dragapult|Dragon Darts|p2a: Mudsdale
|-damage|p2a: Mudsdale|85/100
|-ability|p2a: Mudsdale|Stamina|boost
|-boost|p2a: Mudsdale|def|1
|-anim|p1a: Dragapult|Dragon Darts|p2a: Mudsdale
|-damage|p2a: Mudsdale|75/100
|-ability|p2a: Mudsdale|Stamina|boost
|-boost|p2a: Mudsdale|def|1
|
|-weather|RainDance|[upkeep]
|-heal|p2a: Mudsdale|81/100|[from] item: Leftovers
|upkeep
|turn|15
|
|t:|1644421698
|switch|p1a: Landorus|Landorus-Therian, M|76/100
|-ability|p1a: Landorus|Intimidate|boost
|-unboost|p2a: Mudsdale|atk|1
|move|p2a: Mudsdale|Toxic|p1a: Landorus
|-status|p1a: Landorus|tox
|
|-weather|RainDance|[upkeep]
|-heal|p1a: Landorus|82/100 tox|[from] item: Leftovers
|-heal|p2a: Mudsdale|87/100|[from] item: Leftovers
|-damage|p1a: Landorus|76/100 tox|[from] psn
|upkeep
|turn|16
|
|t:|1644421701
|switch|p1a: Omastar|Omastar, M|25/100
|move|p2a: Mudsdale|Body Press|p1a: Omastar
|-supereffective|p1a: Omastar
|-damage|p1a: Omastar|0 fnt
|faint|p1a: Omastar
|
|-weather|none
|-heal|p2a: Mudsdale|93/100|[from] item: Leftovers
|upkeep
|
|t:|1644421704
|switch|p1a: Dragapult|Dragapult, F|100/100
|turn|17
|
|t:|1644421706
|move|p1a: Dragapult|Substitute|p1a: Dragapult
|-start|p1a: Dragapult|Substitute
|-damage|p1a: Dragapult|76/100
|move|p2a: Mudsdale|Earthquake|p1a: Dragapult
|-end|p1a: Dragapult|Substitute
|
|-heal|p1a: Dragapult|82/100|[from] item: Leftovers
|-heal|p2a: Mudsdale|99/100|[from] item: Leftovers
|upkeep
|turn|18
|
|t:|1644421709
|switch|p1a: Landorus|Landorus-Therian, M|76/100 tox
|-ability|p1a: Landorus|Intimidate|boost
|-unboost|p2a: Mudsdale|atk|1
|move|p2a: Mudsdale|Earthquake|p1a: Landorus
|-immune|p1a: Landorus
|
|-heal|p1a: Landorus|82/100 tox|[from] item: Leftovers
|-heal|p2a: Mudsdale|100/100|[from] item: Leftovers
|-damage|p1a: Landorus|76/100 tox|[from] psn
|upkeep
|turn|19
|
|t:|1644421711
|move|p1a: Landorus|Earthquake|p2a: Mudsdale
|-damage|p2a: Mudsdale|82/100
|-ability|p2a: Mudsdale|Stamina|boost
|-boost|p2a: Mudsdale|def|1
|move|p2a: Mudsdale|Body Press|p1a: Landorus
|-resisted|p1a: Landorus
|-damage|p1a: Landorus|37/100 tox
|
|-heal|p1a: Landorus|43/100 tox|[from] item: Leftovers
|-heal|p2a: Mudsdale|89/100|[from] item: Leftovers
|-damage|p1a: Landorus|31/100 tox|[from] psn
|upkeep
|turn|20
|
|t:|1644421717
|move|p1a: Landorus|Earthquake|p2a: Mudsdale
|-damage|p2a: Mudsdale|74/100
|-ability|p2a: Mudsdale|Stamina|boost
|-boost|p2a: Mudsdale|def|1
|move|p2a: Mudsdale|Earthquake|p1a: Landorus
|-immune|p1a: Landorus
|
|-heal|p1a: Landorus|37/100 tox|[from] item: Leftovers
|-heal|p2a: Mudsdale|80/100|[from] item: Leftovers
|-damage|p1a: Landorus|19/100 tox|[from] psn
|upkeep
|turn|21
|
|t:|1644421721
|move|p1a: Landorus|Earthquake|p2a: Mudsdale
|-damage|p2a: Mudsdale|69/100
|-ability|p2a: Mudsdale|Stamina|boost
|-boost|p2a: Mudsdale|def|1
|move|p2a: Mudsdale|Earthquake|p1a: Landorus
|-immune|p1a: Landorus
|
|-heal|p1a: Landorus|25/100 tox|[from] item: Leftovers
|-heal|p2a: Mudsdale|75/100|[from] item: Leftovers
|-damage|p1a: Landorus|1/100 tox|[from] psn
|upkeep
|turn|22
|
|t:|1644421727
|move|p1a: Landorus|Earthquake|p2a: Mudsdale
|-damage|p2a: Mudsdale|65/100
|-ability|p2a: Mudsdale|Stamina|boost
|-boost|p2a: Mudsdale|def|1
|move|p2a: Mudsdale|Stealth Rock|p1a: Landorus
|-sidestart|p1: roboPOKE|move: Stealth Rock
|
|-heal|p1a: Landorus|7/100 tox|[from] item: Leftovers
|-heal|p2a: Mudsdale|71/100|[from] item: Leftovers
|-damage|p1a: Landorus|0 fnt|[from] psn
|faint|p1a: Landorus
|upkeep
|
|t:|1644421728
|switch|p1a: Dragapult|Dragapult, F|82/100
|-damage|p1a: Dragapult|69/100|[from] Stealth Rock
|turn|23
|
|t:|1644421731
|move|p1a: Dragapult|Substitute|p1a: Dragapult
|-start|p1a: Dragapult|Substitute
|-damage|p1a: Dragapult|44/100
|move|p2a: Mudsdale|Earthquake|p1a: Dragapult
|-end|p1a: Dragapult|Substitute
|
|-heal|p1a: Dragapult|50/100|[from] item: Leftovers
|-heal|p2a: Mudsdale|77/100|[from] item: Leftovers
|upkeep
|turn|24
|
|t:|1644421734
|move|p1a: Dragapult|Dragon Dance|p1a: Dragapult
|-boost|p1a: Dragapult|atk|1
|-boost|p1a: Dragapult|spe|1
|move|p2a: Mudsdale|Earthquake|p1a: Dragapult
|-damage|p1a: Dragapult|23/100
|
|-heal|p1a: Dragapult|29/100|[from] item: Leftovers
|-heal|p2a: Mudsdale|84/100|[from] item: Leftovers
|upkeep
|turn|25
|
|t:|1644421740
|move|p1a: Dragapult|Phantom Force||[still]
|-prepare|p1a: Dragapult|Phantom Force
|move|p2a: Mudsdale|Earthquake|p1a: Dragapult|[miss]
|-miss|p2a: Mudsdale|p1a: Dragapult
|
|-heal|p1a: Dragapult|35/100|[from] item: Leftovers
|-heal|p2a: Mudsdale|90/100|[from] item: Leftovers
|upkeep
|turn|26
|
|t:|1644421744
|move|p1a: Dragapult|Phantom Force|p2a: Mudsdale|[from]lockedmove
|-damage|p2a: Mudsdale|80/100
|move|p2a: Mudsdale|Toxic|p1a: Dragapult
|-status|p1a: Dragapult|tox
|
|-heal|p1a: Dragapult|41/100 tox|[from] item: Leftovers
|-heal|p2a: Mudsdale|86/100|[from] item: Leftovers
|-damage|p1a: Dragapult|35/100 tox|[from] psn
|upkeep
|turn|27
|
|t:|1644421747
|move|p1a: Dragapult|Dragon Darts|p2a: Mudsdale
|-damage|p2a: Mudsdale|80/100
|-anim|p1a: Dragapult|Dragon Darts|p2a: Mudsdale
|-crit|p2a: Mudsdale
|-damage|p2a: Mudsdale|48/100
|move|p2a: Mudsdale|Earthquake|p1a: Dragapult
|-damage|p1a: Dragapult|8/100 tox
|
|-heal|p1a: Dragapult|14/100 tox|[from] item: Leftovers
|-heal|p2a: Mudsdale|54/100|[from] item: Leftovers
|-damage|p1a: Dragapult|2/100 tox|[from] psn
|upkeep
|turn|28
|
|t:|1644421752
|switch|p1a: Weavile|Weavile, M|100/100
|-ability|p1a: Weavile|Pressure
|move|p2a: Mudsdale|Earthquake|p1a: Weavile
|-damage|p1a: Weavile|65/100
|
|-heal|p2a: Mudsdale|60/100|[from] item: Leftovers
|upkeep
|turn|29
|
|t:|1644421755
|move|p1a: Weavile|Icicle Crash|p2a: Mudsdale
|-supereffective|p2a: Mudsdale
|-damage|p2a: Mudsdale|47/100
|move|p2a: Mudsdale|Body Press|p1a: Weavile
|-supereffective|p1a: Weavile
|-damage|p1a: Weavile|0 fnt
|faint|p1a: Weavile
|
|-heal|p2a: Mudsdale|53/100|[from] item: Leftovers
|upkeep
|-message|roboPOKE forfeited.
|
|win|RggV
|raw|roboPOKE's rating: 1684 &rarr; <strong>1662</strong><br />(-22 for losing)
|raw|RggV's rating: 1649 &rarr; <strong>1671</strong><br />(+22 for winning)
|l|☆roboPOKE
