|html|<div class="broadcast-blue"><strong>[Gen 8] OU is currently suspecting Melmetal! For information on how to participate check out the <a href="https://www.smogon.com/forums/threads/np-ss-ou-suspect-process-round-12-monster-mash.3709234/">suspect thread</a>.</strong></div>
|j|☆Elite4donovan
|j|☆Onyxsus
|t:|1666563411
|gametype|singles
|player|p1|Elite4donovan|lucas|1518
|player|p2|Onyxsus|volkner|1465
|teamsize|p1|6
|teamsize|p2|6
|gen|8
|tier|[Gen 8] OU
|rated|
|rule|Sleep Clause Mod: Limit one foe put to sleep
|rule|Species Clause: Limit one of each Pokémon
|rule|OHKO Clause: OHKO moves are banned
|rule|Evasion Items Clause: Evasion items are banned
|rule|Evasion Moves Clause: Evasion moves are banned
|rule|Endless Battle Clause: Forcing endless battles is banned
|rule|HP Percentage Mod: HP is shown in percentages
|rule|Dynamax Clause: You cannot dynamax
|clearpoke
|poke|p1|Shuckle, F|
|poke|p1|Umbreon, F|
|poke|p1|Garchomp, F|
|poke|p1|Volcanion|
|poke|p1|Zapdos|
|poke|p1|Buzzwole|
|poke|p2|Mew|
|poke|p2|Heatran, M|
|poke|p2|Landorus-Therian, M|
|poke|p2|Tapu Fini|
|poke|p2|Corviknight, F|
|poke|p2|Kartana|
|teampreview
|inactive|Battle timer is ON: inactive players will automatically lose when time's up. (requested by Onyxsus)
|j| Zardothy
|
|t:|1666563429
|start
|switch|p1a: Garchomp|Garchomp, F|100/100
|switch|p2a: Landorus|Landorus-Therian, M|100/100
|-ability|p2a: Landorus|Intimidate|boost
|-unboost|p1a: Garchomp|atk|1
|turn|1
|
|t:|1666563433
|switch|p1a: Umbreon|Umbreon, F|100/100
|move|p2a: Landorus|Toxic|p1a: Umbreon
|-status|p1a: Umbreon|tox
|-activate|p1a: Umbreon|ability: Synchronize
|-status|p2a: Landorus|tox
|
|-damage|p2a: Landorus|94/100 tox|[from] psn
|-damage|p1a: Umbreon|94/100 tox|[from] psn
|upkeep
|turn|2
|
|t:|1666563440
|move|p2a: Landorus|Stealth Rock|p1a: Umbreon
|-sidestart|p1: Elite4donovan|move: Stealth Rock
|move|p1a: Umbreon|Heal Bell|p1a: Umbreon
|-activate|p1a: Umbreon|move: Heal Bell
|-curestatus|p1a: Umbreon|tox|[msg]
|
|-heal|p2a: Landorus|100/100 tox|[from] item: Leftovers
|-heal|p1a: Umbreon|100/100|[from] item: Leftovers
|-damage|p2a: Landorus|88/100 tox|[from] psn
|upkeep
|turn|3
|
|t:|1666563451
|move|p1a: Umbreon|Protect|p1a: Umbreon
|-singleturn|p1a: Umbreon|Protect
|move|p2a: Landorus|U-turn|p1a: Umbreon
|-activate|p1a: Umbreon|move: Protect
|
|-heal|p2a: Landorus|94/100 tox|[from] item: Leftovers
|-damage|p2a: Landorus|76/100 tox|[from] psn
|upkeep
|turn|4
|
|t:|1666563455
|switch|p1a: Buzzwole|Buzzwole|100/100
|-damage|p1a: Buzzwole|88/100|[from] Stealth Rock
|move|p2a: Landorus|Toxic|p1a: Buzzwole
|-status|p1a: Buzzwole|tox
|
|-heal|p2a: Landorus|82/100 tox|[from] item: Leftovers
|-damage|p1a: Buzzwole|82/100 tox|[from] psn
|-damage|p2a: Landorus|58/100 tox|[from] psn
|upkeep
|turn|5
|j| skipothy
|
|t:|1666563461
|switch|p2a: Corviknight|Corviknight, F|100/100
|-ability|p2a: Corviknight|Pressure
|switch|p1a: Zapdos|Zapdos|100/100
|
|upkeep
|turn|6
|
|t:|1666563466
|switch|p2a: Heatran|Heatran, M|100/100
|move|p1a: Zapdos|Hurricane|p2a: Heatran
|-resisted|p2a: Heatran
|-damage|p2a: Heatran|84/100
|-start|p2a: Heatran|confusion
|
|-heal|p2a: Heatran|90/100|[from] item: Leftovers
|upkeep
|turn|7
|
|t:|1666563469
|move|p1a: Zapdos|Volt Switch|p2a: Heatran
|-damage|p2a: Heatran|66/100
|
|t:|1666563471
|switch|p1a: Volcanion|Volcanion|100/100|[from]move: Volt Switch
|-activate|p2a: Heatran|confusion
|move|p2a: Heatran|Toxic|p1a: Volcanion
|-status|p1a: Volcanion|tox
|
|-heal|p2a: Heatran|73/100|[from] item: Leftovers
|-damage|p1a: Volcanion|95/100 tox|[from] psn
|upkeep
|turn|8
|
|t:|1666563476
|switch|p2a: Tapu Fini|Tapu Fini|100/100
|-fieldstart|move: Misty Terrain|[from] ability: Misty Surge|[of] p2a: Tapu Fini
|move|p1a: Volcanion|Defog|p2a: Tapu Fini
|-unboost|p2a: Tapu Fini|evasion|1
|-sideend|p1: Elite4donovan|Stealth Rock|[from] move: Defog|[of] p1a: Volcanion
|-fieldend|Misty Terrain
|
|-damage|p1a: Volcanion|83/100 tox|[from] psn
|upkeep
|turn|9
|
|t:|1666563481
|switch|p1a: Zapdos|Zapdos|100/100
|switch|p2a: Landorus|Landorus-Therian, M|58/100 tox
|-ability|p2a: Landorus|Intimidate|boost
|-unboost|p1a: Zapdos|atk|1
|
|-heal|p2a: Landorus|64/100 tox|[from] item: Leftovers
|-damage|p2a: Landorus|58/100 tox|[from] psn
|upkeep
|turn|10
|
|t:|1666563484
|move|p1a: Zapdos|Hurricane|p2a: Landorus|[miss]
|-miss|p1a: Zapdos|p2a: Landorus
|move|p2a: Landorus|Stealth Rock|p1a: Zapdos
|-sidestart|p1: Elite4donovan|move: Stealth Rock
|
|-heal|p2a: Landorus|64/100 tox|[from] item: Leftovers
|-damage|p2a: Landorus|52/100 tox|[from] psn
|upkeep
|turn|11
|
|t:|1666563487
|move|p1a: Zapdos|Volt Switch|p2a: Landorus
|-immune|p2a: Landorus
|move|p2a: Landorus|Toxic|p1a: Zapdos
|-status|p1a: Zapdos|tox
|
|-heal|p2a: Landorus|58/100 tox|[from] item: Leftovers
|-damage|p1a: Zapdos|94/100 tox|[from] psn
|-damage|p2a: Landorus|40/100 tox|[from] psn
|upkeep
|turn|12
|c| skipothy|...
|
|t:|1666563492
|switch|p2a: Heatran|Heatran, M|73/100
|move|p1a: Zapdos|Hurricane|p2a: Heatran
|-resisted|p2a: Heatran
|-damage|p2a: Heatran|55/100
|
|-heal|p2a: Heatran|62/100|[from] item: Leftovers
|-damage|p1a: Zapdos|82/100 tox|[from] psn
|upkeep
|turn|13
|
|t:|1666563496
|move|p1a: Zapdos|Volt Switch|p2a: Heatran
|-damage|p2a: Heatran|38/100
|
|t:|1666563499
|switch|p1a: Umbreon|Umbreon, F|100/100|[from]move: Volt Switch
|-damage|p1a: Umbreon|88/100|[from] Stealth Rock
|move|p2a: Heatran|Magma Storm|p1a: Umbreon
|-damage|p1a: Umbreon|66/100
|-activate|p1a: Umbreon|move: Magma Storm|[of] p2a: Heatran
|
|-heal|p2a: Heatran|45/100|[from] item: Leftovers
|-heal|p1a: Umbreon|72/100|[from] item: Leftovers
|-damage|p1a: Umbreon|59/100|[from] move: Magma Storm|[partiallytrapped]
|upkeep
|turn|14
|
|t:|1666563503
|move|p2a: Heatran|Taunt|p1a: Umbreon
|-start|p1a: Umbreon|move: Taunt
|cant|p1a: Umbreon|move: Taunt|Wish
|
|-heal|p2a: Heatran|51/100|[from] item: Leftovers
|-heal|p1a: Umbreon|65/100|[from] item: Leftovers
|-damage|p1a: Umbreon|53/100|[from] move: Magma Storm|[partiallytrapped]
|upkeep
|turn|15
|
|t:|1666563511
|move|p2a: Heatran|Magma Storm|p1a: Umbreon
|-damage|p1a: Umbreon|29/100
|move|p1a: Umbreon|Foul Play|p2a: Heatran
|-damage|p2a: Heatran|33/100
|
|-heal|p2a: Heatran|39/100|[from] item: Leftovers
|-heal|p1a: Umbreon|35/100|[from] item: Leftovers
|-damage|p1a: Umbreon|23/100|[from] move: Magma Storm|[partiallytrapped]
|upkeep
|turn|16
|
|t:|1666563513
|move|p2a: Heatran|Earth Power|p1a: Umbreon
|-damage|p1a: Umbreon|9/100
|move|p1a: Umbreon|Foul Play|p2a: Heatran
|-damage|p2a: Heatran|21/100
|
|-heal|p2a: Heatran|27/100|[from] item: Leftovers
|-heal|p1a: Umbreon|15/100|[from] item: Leftovers
|-damage|p1a: Umbreon|2/100|[from] move: Magma Storm|[partiallytrapped]
|-end|p1a: Umbreon|move: Taunt
|upkeep
|turn|17
|
|t:|1666563518
|move|p2a: Heatran|Earth Power|p1a: Umbreon
|-damage|p1a: Umbreon|0 fnt
|faint|p1a: Umbreon
|
|-heal|p2a: Heatran|33/100|[from] item: Leftovers
|upkeep
|
|t:|1666563525
|switch|p1a: Garchomp|Garchomp, F|100/100
|-damage|p1a: Garchomp|94/100|[from] Stealth Rock
|turn|18
|
|t:|1666563529
|switch|p2a: Landorus|Landorus-Therian, M|40/100 tox
|-ability|p2a: Landorus|Intimidate|boost
|-unboost|p1a: Garchomp|atk|1
|move|p1a: Garchomp|Earthquake|p2a: Landorus
|-immune|p2a: Landorus
|
|-heal|p2a: Landorus|46/100 tox|[from] item: Leftovers
|-damage|p2a: Landorus|40/100 tox|[from] psn
|upkeep
|turn|19
|
|t:|1666563532
|switch|p1a: Zapdos|Zapdos|82/100 tox
|move|p2a: Landorus|Toxic|p1a: Zapdos
|-fail|p1a: Zapdos|tox
|
|-heal|p2a: Landorus|46/100 tox|[from] item: Leftovers
|-damage|p1a: Zapdos|76/100 tox|[from] psn
|-damage|p2a: Landorus|34/100 tox|[from] psn
|upkeep
|turn|20
|
|t:|1666563537
|switch|p2a: Heatran|Heatran, M|33/100
|move|p1a: Zapdos|Hurricane|p2a: Heatran
|-resisted|p2a: Heatran
|-damage|p2a: Heatran|16/100
|-start|p2a: Heatran|confusion
|
|-heal|p2a: Heatran|22/100|[from] item: Leftovers
|-damage|p1a: Zapdos|63/100 tox|[from] psn
|upkeep
|turn|21
|
|t:|1666563539
|move|p1a: Zapdos|Volt Switch|p2a: Heatran
|-damage|p2a: Heatran|0 fnt
|faint|p2a: Heatran
|
|t:|1666563546
|switch|p1a: Volcanion|Volcanion|83/100 tox|[from]move: Volt Switch
|
|-damage|p1a: Volcanion|77/100 tox|[from] psn
|upkeep
|
|t:|1666563549
|switch|p2a: Landorus|Landorus-Therian, M|34/100 tox
|-ability|p2a: Landorus|Intimidate|boost
|-unboost|p1a: Volcanion|atk|1
|turn|22
|
|t:|1666563551
|move|p1a: Volcanion|Steam Eruption|p2a: Landorus
|-supereffective|p2a: Landorus
|-damage|p2a: Landorus|0 fnt
|faint|p2a: Landorus
|
|-damage|p1a: Volcanion|65/100 tox|[from] psn
|upkeep
|
|t:|1666563557
|switch|p2a: Kartana|Kartana|100/100
|turn|23
|
|t:|1666563563
|move|p2a: Kartana|Knock Off|p1a: Volcanion
|-damage|p1a: Volcanion|24/100 tox
|-enditem|p1a: Volcanion|Heavy-Duty Boots|[from] move: Knock Off|[of] p2a: Kartana
|move|p1a: Volcanion|Defog|p2a: Kartana
|-unboost|p2a: Kartana|evasion|1
|-sideend|p1: Elite4donovan|Stealth Rock|[from] move: Defog|[of] p1a: Volcanion
|
|-damage|p1a: Volcanion|6/100 tox|[from] psn
|upkeep
|turn|24
|
|t:|1666563571
|switch|p1a: Buzzwole|Buzzwole|82/100 tox
|move|p2a: Kartana|Knock Off|p1a: Buzzwole
|-resisted|p1a: Buzzwole
|-damage|p1a: Buzzwole|67/100 tox
|-damage|p2a: Kartana|84/100|[from] item: Rocky Helmet|[of] p1a: Buzzwole
|-enditem|p1a: Buzzwole|Rocky Helmet|[from] move: Knock Off|[of] p2a: Kartana
|
|-damage|p1a: Buzzwole|61/100 tox|[from] psn
|upkeep
|turn|25
|
|t:|1666563576
|switch|p2a: Corviknight|Corviknight, F|100/100
|-ability|p2a: Corviknight|Pressure
|move|p1a: Buzzwole|Roost|p1a: Buzzwole
|-heal|p1a: Buzzwole|100/100 tox
|-singleturn|p1a: Buzzwole|move: Roost
|
|-damage|p1a: Buzzwole|88/100 tox|[from] psn
|upkeep
|turn|26
|
|t:|1666563579
|switch|p1a: Zapdos|Zapdos|63/100 tox
|move|p2a: Corviknight|U-turn|p1a: Zapdos
|-resisted|p1a: Zapdos
|-damage|p1a: Zapdos|54/100 tox
|
|t:|1666563585
|switch|p2a: Mew|Mew|100/100|[from]move: U-turn
|
|-damage|p1a: Zapdos|48/100 tox|[from] psn
|upkeep
|turn|27
|
|t:|1666563588
|move|p2a: Mew|Cosmic Power|p2a: Mew
|-boost|p2a: Mew|def|1
|-boost|p2a: Mew|spd|1
|move|p1a: Zapdos|Roost|p1a: Zapdos
|-heal|p1a: Zapdos|98/100 tox
|-singleturn|p1a: Zapdos|move: Roost
|
|-damage|p1a: Zapdos|86/100 tox|[from] psn
|upkeep
|turn|28
|
|t:|1666563592
|move|p1a: Zapdos|Volt Switch|p2a: Mew
|-damage|p2a: Mew|80/100
|
|t:|1666563594
|switch|p1a: Garchomp|Garchomp, F|94/100|[from]move: Volt Switch
|move|p2a: Mew|Cosmic Power|p2a: Mew
|-boost|p2a: Mew|def|1
|-boost|p2a: Mew|spd|1
|
|upkeep
|turn|29
|
|t:|1666563598
|move|p1a: Garchomp|Swords Dance|p1a: Garchomp
|-boost|p1a: Garchomp|atk|2
|move|p2a: Mew|Cosmic Power|p2a: Mew
|-boost|p2a: Mew|def|1
|-boost|p2a: Mew|spd|1
|
|upkeep
|turn|30
|
|t:|1666563600
|move|p1a: Garchomp|Stone Edge|p2a: Mew
|-damage|p2a: Mew|55/100
|move|p2a: Mew|Cosmic Power|p2a: Mew
|-boost|p2a: Mew|def|1
|-boost|p2a: Mew|spd|1
|
|upkeep
|turn|31
|
|t:|1666563602
|move|p1a: Garchomp|Stone Edge|p2a: Mew|[miss]
|-miss|p1a: Garchomp|p2a: Mew
|move|p2a: Mew|Roost|p2a: Mew
|-heal|p2a: Mew|100/100
|-singleturn|p2a: Mew|move: Roost
|
|upkeep
|turn|32
|
|t:|1666563607
|move|p1a: Garchomp|Stone Edge|p2a: Mew|[miss]
|-miss|p1a: Garchomp|p2a: Mew
|move|p2a: Mew|Stored Power|p1a: Garchomp
|-damage|p1a: Garchomp|32/100
|
|upkeep
|turn|33
|
|t:|1666563609
|move|p1a: Garchomp|Stone Edge|p2a: Mew
|-crit|p2a: Mew
|-damage|p2a: Mew|20/100
|move|p2a: Mew|Stored Power|p1a: Garchomp
|-damage|p1a: Garchomp|0 fnt
|faint|p1a: Garchomp
|
|upkeep
|
|t:|1666563621
|switch|p1a: Shuckle|Shuckle, F|100/100
|turn|34
|
|t:|1666563624
|move|p2a: Mew|Roost|p2a: Mew
|-heal|p2a: Mew|70/100
|-singleturn|p2a: Mew|move: Roost
|move|p1a: Shuckle|Power Split|p2a: Mew
|-activate|p1a: Shuckle|move: Power Split|[of] p2a: Mew
|
|upkeep
|turn|35
|
|t:|1666563630
|move|p2a: Mew|Stored Power|p1a: Shuckle
|-crit|p1a: Shuckle
|-damage|p1a: Shuckle|73/100
|-enditem|p1a: Shuckle|Maranga Berry|[eat]
|-boost|p1a: Shuckle|spd|1|[from] item: Maranga Berry
|move|p1a: Shuckle|Defense Curl|p1a: Shuckle
|-boost|p1a: Shuckle|def|1
|
|upkeep
|turn|36
|
|t:|1666563635
|move|p2a: Mew|Cosmic Power|p2a: Mew
|-boost|p2a: Mew|def|1
|-boost|p2a: Mew|spd|1
|move|p1a: Shuckle|Defense Curl|p1a: Shuckle
|-boost|p1a: Shuckle|def|1
|
|upkeep
|turn|37
|
|t:|1666563637
|move|p2a: Mew|Cosmic Power|p2a: Mew
|-boost|p2a: Mew|def|1
|-boost|p2a: Mew|spd|1
|move|p1a: Shuckle|Rollout|p2a: Mew
|-damage|p2a: Mew|67/100
|
|upkeep
|turn|38
|
|t:|1666563640
|move|p2a: Mew|Stored Power|p1a: Shuckle
|-damage|p1a: Shuckle|55/100
|move|p1a: Shuckle|Rollout|p2a: Mew|[from]lockedmove
|-damage|p2a: Mew|63/100
|
|upkeep
|turn|39
|
|t:|1666563650
|move|p2a: Mew|Stored Power|p1a: Shuckle
|-crit|p1a: Shuckle
|-damage|p1a: Shuckle|16/100
|move|p1a: Shuckle|Rollout|p2a: Mew|[from]lockedmove
|-damage|p2a: Mew|53/100
|
|upkeep
|turn|40
|
|t:|1666563655
|move|p2a: Mew|Stored Power|p1a: Shuckle
|-damage|p1a: Shuckle|0 fnt
|faint|p1a: Shuckle
|
|upkeep
|c|☆Onyxsus|gg
|c|☆Elite4donovan|gg
|-message|Elite4donovan forfeited.
|
|win|Onyxsus
|raw|Elite4donovan's rating: 1518 &rarr; <strong>1495</strong><br />(-23 for losing)
|raw|Onyxsus's rating: 1465 &rarr; <strong>1488</strong><br />(+23 for winning)
