|html|<div class="broadcast-blue"><strong>[Gen 8] OU is currently suspecting Melmetal! For information on how to participate check out the <a href="https://www.smogon.com/forums/threads/np-ss-ou-suspect-process-round-12-monster-mash.3709234/">suspect thread</a>.</strong></div>
|j|☆quixana
|j|☆NeoNaruto®++
|inactive|Battle timer is ON: inactive players will automatically lose when time's up.
|t:|1666426974
|gametype|singles
|player|p1|quixana|ethan-masters|
|player|p2|NeoNaruto®++|burglar-gen1rb|
|teamsize|p1|6
|teamsize|p2|6
|gen|8
|tier|[Gen 8] OU
|rated|Tournament battle
|rule|Sleep Clause Mod: Limit one foe put to sleep
|rule|Species Clause: Limit one of each Pokémon
|rule|OHKO Clause: OHKO moves are banned
|rule|Evasion Items Clause: Evasion items are banned
|rule|Evasion Moves Clause: Evasion moves are banned
|rule|Endless Battle Clause: Forcing endless battles is banned
|rule|HP Percentage Mod: HP is shown in percentages
|rule|Dynamax Clause: You cannot dynamax
|clearpoke
|poke|p1|Dragapult, M|
|poke|p1|Rotom-Wash|
|poke|p1|Landorus-Therian, M|
|poke|p1|Melmetal|
|poke|p1|Weavile, M|
|poke|p1|Kartana|
|poke|p2|Landorus-Therian, M|
|poke|p2|Ferrothorn, M|
|poke|p2|Tapu Koko|
|poke|p2|Dragonite, M|
|poke|p2|Darmanitan, F|
|poke|p2|Tyranitar, M|
|teampreview
|inactive|NeoNaruto®++ also wants the timer to be on.
|inactive|quixana has 120 seconds left.
|inactive|quixana has 90 seconds left.
|
|t:|1666427038
|start
|switch|p1a: Phantom|Rotom-Wash, shiny|100/100
|switch|p2a: RX PAPi|Ferrothorn, M|100/100
|turn|1
|inactive|NeoNaruto®++ has 120 seconds left.
|
|t:|1666427082
|move|p1a: Phantom|Volt Switch|p2a: RX PAPi
|-resisted|p2a: RX PAPi
|-damage|p2a: RX PAPi|86/100
|
|t:|1666427090
|switch|p1a: Fate|Melmetal, shiny|100/100|[from]move: Volt Switch
|move|p2a: RX PAPi|Leech Seed|p1a: Fate
|-start|p1a: Fate|move: Leech Seed
|
|-damage|p1a: Fate|88/100|[from] Leech Seed|[of] p2a: RX PAPi
|-heal|p2a: RX PAPi|100/100|[silent]
|upkeep
|turn|2
|
|t:|1666427098
|move|p2a: RX PAPi|Protect|p2a: RX PAPi
|-singleturn|p2a: RX PAPi|Protect
|move|p1a: Fate|Superpower|p2a: RX PAPi
|-activate|p2a: RX PAPi|move: Protect
|
|-damage|p1a: Fate|76/100|[from] Leech Seed|[of] p2a: RX PAPi
|upkeep
|turn|3
|
|t:|1666427103
|switch|p2a: Bernie Landers|Landorus-Therian, M|100/100
|-ability|p2a: Bernie Landers|Intimidate|boost
|-unboost|p1a: Fate|atk|1
|move|p1a: Fate|Superpower|p2a: Bernie Landers
|-resisted|p2a: Bernie Landers
|-damage|p2a: Bernie Landers|85/100
|-unboost|p1a: Fate|atk|1
|-unboost|p1a: Fate|def|1
|-damage|p1a: Fate|59/100|[from] item: Rocky Helmet|[of] p2a: Bernie Landers
|
|-damage|p1a: Fate|47/100|[from] Leech Seed|[of] p2a: Bernie Landers
|-heal|p2a: Bernie Landers|99/100|[silent]
|upkeep
|turn|4
|
|t:|1666427111
|switch|p1a: Bandit|Weavile, M, shiny|100/100
|-ability|p1a: Bandit|Pressure
|move|p2a: Bernie Landers|Stealth Rock|p1a: Bandit
|-sidestart|p1: quixana|move: Stealth Rock
|
|upkeep
|turn|5
|
|t:|1666427139
|switch|p2a: RX PAPi|Ferrothorn, M|100/100
|move|p1a: Bandit|Beat Up|p2a: RX PAPi
|-damage|p2a: RX PAPi|93/100
|-damage|p2a: RX PAPi|85/100
|-damage|p2a: RX PAPi|77/100
|-damage|p2a: RX PAPi|73/100
|-damage|p2a: RX PAPi|65/100
|-damage|p2a: RX PAPi|56/100
|-hitcount|p2a: RX PAPi|6
|
|upkeep
|turn|6
|inactive|quixana has 120 seconds left.
|
|t:|1666427157
|switch|p1a: Leviathan|Dragapult, M, shiny|100/100
|-damage|p1a: Leviathan|88/100|[from] Stealth Rock
|switch|p2a: DA LAST REX(3005)|Tyranitar, M|100/100
|-weather|Sandstorm|[from] ability: Sand Stream|[of] p2a: DA LAST REX(3005)
|
|-weather|Sandstorm|[upkeep]
|-damage|p1a: Leviathan|82/100|[from] Sandstorm
|upkeep
|turn|7
|
|t:|1666427165
|move|p1a: Leviathan|U-turn|p2a: DA LAST REX(3005)
|-supereffective|p2a: DA LAST REX(3005)
|-damage|p2a: DA LAST REX(3005)|73/100
|inactive|quixana has 120 seconds left.
|
|t:|1666427185
|switch|p1a: Deathstroke|Kartana, shiny|100/100|[from]move: U-turn
|-damage|p1a: Deathstroke|94/100|[from] Stealth Rock
|move|p2a: DA LAST REX(3005)|Stone Edge|p1a: Deathstroke
|-resisted|p1a: Deathstroke
|-crit|p1a: Deathstroke
|-damage|p1a: Deathstroke|60/100
|
|-weather|Sandstorm|[upkeep]
|upkeep
|turn|8
|inactive|quixana has 120 seconds left.
|inactive|quixana has 90 seconds left.
|
|t:|1666427242
|switch|p2a: Bernie Landers|Landorus-Therian, M|99/100
|-ability|p2a: Bernie Landers|Intimidate|boost
|-unboost|p1a: Deathstroke|atk|1
|move|p1a: Deathstroke|Knock Off|p2a: Bernie Landers
|-damage|p2a: Bernie Landers|80/100
|-damage|p1a: Deathstroke|44/100|[from] item: Rocky Helmet|[of] p2a: Bernie Landers
|-enditem|p2a: Bernie Landers|Rocky Helmet|[from] move: Knock Off|[of] p1a: Deathstroke
|
|-weather|Sandstorm|[upkeep]
|upkeep
|turn|9
|inactive|quixana has 60 seconds left.
|
|t:|1666427288
|switch|p1a: Phantom|Rotom-Wash, shiny|100/100
|-damage|p1a: Phantom|88/100|[from] Stealth Rock
|move|p2a: Bernie Landers|U-turn|p1a: Phantom
|-damage|p1a: Phantom|60/100
|
|t:|1666427299
|switch|p2a: VODECi|Tapu Koko|100/100|[from]move: U-turn
|-fieldstart|move: Electric Terrain|[from] ability: Electric Surge|[of] p2a: VODECi
|
|-weather|Sandstorm|[upkeep]
|-damage|p2a: VODECi|94/100|[from] Sandstorm
|-damage|p1a: Phantom|54/100|[from] Sandstorm
|-heal|p1a: Phantom|60/100|[from] item: Leftovers
|upkeep
|turn|10
|inactive|quixana has 30 seconds left.
|
|t:|1666427320
|switch|p1a: Enten|Landorus-Therian, M, shiny|100/100
|-damage|p1a: Enten|88/100|[from] Stealth Rock
|-ability|p1a: Enten|Intimidate|boost
|-unboost|p2a: VODECi|atk|1
|move|p2a: VODECi|Volt Switch|p1a: Enten
|-immune|p1a: Enten
|
|-weather|none
|-heal|p1a: Enten|94/100|[from] item: Leftovers
|upkeep
|turn|11
|
|t:|1666427329
|switch|p2a: Bernie Landers|Landorus-Therian, M|80/100
|-ability|p2a: Bernie Landers|Intimidate|boost
|-unboost|p1a: Enten|atk|1
|move|p1a: Enten|U-turn|p2a: Bernie Landers
|-resisted|p2a: Bernie Landers
|-damage|p2a: Bernie Landers|76/100
|
|t:|1666427336
|switch|p1a: Bandit|Weavile, M, shiny|100/100|[from]move: U-turn
|-damage|p1a: Bandit|76/100|[from] Stealth Rock
|-ability|p1a: Bandit|Pressure
|
|upkeep
|turn|12
|
|t:|1666427345
|switch|p2a: RX PAPi|Ferrothorn, M|56/100
|move|p1a: Bandit|Beat Up|p2a: RX PAPi
|-damage|p2a: RX PAPi|48/100
|-damage|p2a: RX PAPi|39/100
|-damage|p2a: RX PAPi|35/100
|-damage|p2a: RX PAPi|24/100
|-damage|p2a: RX PAPi|17/100
|-damage|p2a: RX PAPi|9/100
|-hitcount|p2a: RX PAPi|6
|
|upkeep
|turn|13
|
|t:|1666427364
|switch|p2a: DA LAST REX(3005)|Tyranitar, M|73/100
|-weather|Sandstorm|[from] ability: Sand Stream|[of] p2a: DA LAST REX(3005)
|move|p1a: Bandit|Beat Up|p2a: DA LAST REX(3005)
|-resisted|p2a: DA LAST REX(3005)
|-damage|p2a: DA LAST REX(3005)|68/100
|-resisted|p2a: DA LAST REX(3005)
|-damage|p2a: DA LAST REX(3005)|62/100
|-resisted|p2a: DA LAST REX(3005)
|-damage|p2a: DA LAST REX(3005)|58/100
|-resisted|p2a: DA LAST REX(3005)
|-crit|p2a: DA LAST REX(3005)
|-damage|p2a: DA LAST REX(3005)|47/100
|-resisted|p2a: DA LAST REX(3005)
|-damage|p2a: DA LAST REX(3005)|42/100
|-resisted|p2a: DA LAST REX(3005)
|-damage|p2a: DA LAST REX(3005)|36/100
|-hitcount|p2a: DA LAST REX(3005)|6
|
|-weather|Sandstorm|[upkeep]
|-damage|p1a: Bandit|70/100|[from] Sandstorm
|-fieldend|move: Electric Terrain
|upkeep
|turn|14
|inactive|quixana has 30 seconds left.
|inactive|quixana has 20 seconds left.
|inactive|quixana has 15 seconds left.
|inactive|quixana has 10 seconds left.
|
|t:|1666427408
|switch|p1a: Fate|Melmetal, shiny|47/100
|-damage|p1a: Fate|40/100|[from] Stealth Rock
|move|p2a: DA LAST REX(3005)|Fire Blast|p1a: Fate
|-supereffective|p1a: Fate
|-damage|p1a: Fate|0 fnt
|faint|p1a: Fate
|
|-weather|Sandstorm|[upkeep]
|upkeep
|inactive|quixana has 15 seconds left this turn.
|inactive|quixana has 10 seconds left.
|inactive|quixana has 5 seconds left.
|inactive|NeoNaruto®++ no longer wants the timer on, but the timer is staying on because staff still does.
|
|t:|1666427422
|switch|p1a: Deathstroke|Kartana, shiny|44/100
|-damage|p1a: Deathstroke|38/100|[from] Stealth Rock
|turn|15
|inactive|quixana has 15 seconds left this turn.
|inactive|quixana has 10 seconds left.
|
|t:|1666427427
|switch|p2a: Bernie Landers|Landorus-Therian, M|76/100
|-ability|p2a: Bernie Landers|Intimidate|boost
|-unboost|p1a: Deathstroke|atk|1
|move|p1a: Deathstroke|Leaf Blade|p2a: Bernie Landers
|-damage|p2a: Bernie Landers|46/100
|
|-weather|Sandstorm|[upkeep]
|upkeep
|turn|16
|inactive|quixana has 20 seconds left this turn.
|inactive|quixana has 15 seconds left.
|
|t:|1666427445
|switch|p1a: Enten|Landorus-Therian, M, shiny|94/100
|-damage|p1a: Enten|82/100|[from] Stealth Rock
|-ability|p1a: Enten|Intimidate|boost
|-unboost|p2a: Bernie Landers|atk|1
|move|p2a: Bernie Landers|U-turn|p1a: Enten
|-resisted|p1a: Enten
|-damage|p1a: Enten|76/100
|inactive|quixana has 20 seconds left this turn.
|
|t:|1666427448
|switch|p2a: PURRP FOR SALE|Darmanitan, F|100/100|[from]move: U-turn
|
|-weather|Sandstorm|[upkeep]
|-damage|p2a: PURRP FOR SALE|95/100|[from] Sandstorm
|-heal|p1a: Enten|82/100|[from] item: Leftovers
|upkeep
|turn|17
|inactive|quixana has 30 seconds left this turn.
|inactive|quixana has 20 seconds left.
|
|t:|1666427459
|switch|p1a: Leviathan|Dragapult, M, shiny|82/100
|-damage|p1a: Leviathan|70/100|[from] Stealth Rock
|move|p2a: PURRP FOR SALE|Flare Blitz|p1a: Leviathan
|-resisted|p1a: Leviathan
|-damage|p1a: Leviathan|0 fnt
|faint|p1a: Leviathan
|-damage|p2a: PURRP FOR SALE|74/100|[from] Recoil
|
|-weather|none
|upkeep
|inactive|quixana has 25 seconds left this turn.
|inactive|quixana has 20 seconds left.
|
|t:|1666427469
|switch|p1a: Bandit|Weavile, M, shiny|70/100
|-damage|p1a: Bandit|45/100|[from] Stealth Rock
|-ability|p1a: Bandit|Pressure
|turn|18
|inactive|quixana has 30 seconds left this turn.
|
|t:|1666427478
|switch|p2a: DA LAST REX(3005)|Tyranitar, M|36/100
|-weather|Sandstorm|[from] ability: Sand Stream|[of] p2a: DA LAST REX(3005)
|move|p1a: Bandit|Knock Off|p2a: DA LAST REX(3005)
|-resisted|p2a: DA LAST REX(3005)
|-damage|p2a: DA LAST REX(3005)|9/100
|-enditem|p2a: DA LAST REX(3005)|Assault Vest|[from] move: Knock Off|[of] p1a: Bandit
|
|-weather|Sandstorm|[upkeep]
|-damage|p1a: Bandit|39/100|[from] Sandstorm
|upkeep
|turn|19
|
|t:|1666427488
|switch|p2a: RX PAPi|Ferrothorn, M|9/100
|move|p1a: Bandit|Knock Off|p2a: RX PAPi
|-damage|p2a: RX PAPi|0 fnt
|-damage|p1a: Bandit|26/100|[from] ability: Iron Barbs|[of] p2a: RX PAPi
|-damage|p1a: Bandit|10/100|[from] item: Rocky Helmet|[of] p2a: RX PAPi
|-enditem|p2a: RX PAPi|Rocky Helmet|[from] move: Knock Off|[of] p1a: Bandit
|faint|p2a: RX PAPi
|
|-weather|Sandstorm|[upkeep]
|-damage|p1a: Bandit|4/100|[from] Sandstorm
|upkeep
|
|t:|1666427490
|switch|p2a: VODECi|Tapu Koko|94/100
|-fieldstart|move: Electric Terrain|[from] ability: Electric Surge|[of] p2a: VODECi
|turn|20
|
|t:|1666427498
|move|p1a: Bandit|Knock Off|p2a: VODECi
|-resisted|p2a: VODECi
|-damage|p2a: VODECi|43/100
|-enditem|p2a: VODECi|Choice Specs|[from] move: Knock Off|[of] p1a: Bandit
|move|p2a: VODECi|Dazzling Gleam|p1a: Bandit
|-supereffective|p1a: Bandit
|-damage|p1a: Bandit|0 fnt
|faint|p1a: Bandit
|
|-weather|Sandstorm|[upkeep]
|-damage|p2a: VODECi|37/100|[from] Sandstorm
|upkeep
|
|t:|1666427506
|switch|p1a: Enten|Landorus-Therian, M, shiny|82/100
|-damage|p1a: Enten|70/100|[from] Stealth Rock
|-ability|p1a: Enten|Intimidate|boost
|-unboost|p2a: VODECi|atk|1
|turn|21
|
|t:|1666427517
|move|p2a: VODECi|Dazzling Gleam|p1a: Enten
|-damage|p1a: Enten|40/100
|move|p1a: Enten|Stealth Rock|p2a: VODECi
|-sidestart|p2: NeoNaruto®++|move: Stealth Rock
|
|-weather|Sandstorm|[upkeep]
|-damage|p2a: VODECi|31/100|[from] Sandstorm
|-heal|p1a: Enten|46/100|[from] item: Leftovers
|upkeep
|turn|22
|
|t:|1666427525
|switch|p2a: Bernie Landers|Landorus-Therian, M|46/100
|-damage|p2a: Bernie Landers|34/100|[from] Stealth Rock
|-ability|p2a: Bernie Landers|Intimidate|boost
|-unboost|p1a: Enten|atk|1
|move|p1a: Enten|U-turn|p2a: Bernie Landers
|-resisted|p2a: Bernie Landers
|-damage|p2a: Bernie Landers|29/100
|
|t:|1666427536
|switch|p1a: Deathstroke|Kartana, shiny|38/100|[from]move: U-turn
|-damage|p1a: Deathstroke|31/100|[from] Stealth Rock
|
|-weather|none
|upkeep
|turn|23
|
|t:|1666427551
|switch|p2a: DA LAST REX(3005)|Tyranitar, M|9/100
|-damage|p2a: DA LAST REX(3005)|0 fnt|[from] Stealth Rock
|faint|p2a: DA LAST REX(3005)
|move|p1a: Deathstroke|Leaf Blade|p2: DA LAST REX(3005)|[notarget]
|-fail|p1a: Deathstroke
|
|upkeep
|
|t:|1666427555
|switch|p2a: Fat Charizard|Dragonite, M, shiny|100/100
|turn|24
|inactive|quixana has 60 seconds left.
|
|t:|1666427561
|switch|p1a: Phantom|Rotom-Wash, shiny|60/100
|-damage|p1a: Phantom|47/100|[from] Stealth Rock
|move|p2a: Fat Charizard|Dual Wingbeat|p1a: Phantom
|-resisted|p1a: Phantom
|-damage|p1a: Phantom|31/100
|-resisted|p1a: Phantom
|-damage|p1a: Phantom|15/100
|-hitcount|p1a: Phantom|2
|
|-heal|p1a: Phantom|21/100|[from] item: Leftovers
|-fieldend|move: Electric Terrain
|upkeep
|turn|25
|inactive|quixana has 60 seconds left.
|j| Choose Poorly
|j| IIIodyne
|l| Choose Poorly
|
|t:|1666427582
|move|p2a: Fat Charizard|Extreme Speed|p1a: Phantom
|-damage|p1a: Phantom|0 fnt
|faint|p1a: Phantom
|
|upkeep
|
|t:|1666427585
|switch|p1a: Enten|Landorus-Therian, M, shiny|46/100
|-damage|p1a: Enten|34/100|[from] Stealth Rock
|-ability|p1a: Enten|Intimidate|boost
|-unboost|p2a: Fat Charizard|atk|1
|turn|26
|
|t:|1666427589
|switch|p2a: Bernie Landers|Landorus-Therian, M|29/100
|-damage|p2a: Bernie Landers|17/100|[from] Stealth Rock
|-ability|p2a: Bernie Landers|Intimidate|boost
|-unboost|p1a: Enten|atk|1
|move|p1a: Enten|U-turn|p2a: Bernie Landers
|-resisted|p2a: Bernie Landers
|-damage|p2a: Bernie Landers|11/100
|
|t:|1666427595
|switch|p1a: Deathstroke|Kartana, shiny|31/100|[from]move: U-turn
|-damage|p1a: Deathstroke|25/100|[from] Stealth Rock
|
|upkeep
|turn|27
|c| IIIodyne|ko
|inactive|NeoNaruto®++ has 120 seconds left.
|
|t:|1666427630
|move|p1a: Deathstroke|Smart Strike|p2a: Bernie Landers
|-damage|p2a: Bernie Landers|0 fnt
|faint|p2a: Bernie Landers
|-ability|p1a: Deathstroke|Beast Boost|boost
|-boost|p1a: Deathstroke|atk|1
|
|upkeep
|
|t:|1666427632
|switch|p2a: Fat Charizard|Dragonite, M, shiny|100/100
|turn|28
|
|t:|1666427641
|move|p1a: Deathstroke|Smart Strike|p2a: Fat Charizard
|-damage|p2a: Fat Charizard|64/100
|move|p2a: Fat Charizard|Fire Punch|p1a: Deathstroke
|-supereffective|p1a: Deathstroke
|-damage|p1a: Deathstroke|0 fnt
|faint|p1a: Deathstroke
|
|upkeep
|
|t:|1666427645
|switch|p1a: Enten|Landorus-Therian, M, shiny|34/100
|-damage|p1a: Enten|22/100|[from] Stealth Rock
|-ability|p1a: Enten|Intimidate|boost
|-unboost|p2a: Fat Charizard|atk|1
|turn|29
|
|t:|1666427649
|move|p2a: Fat Charizard|Extreme Speed|p1a: Enten
|-damage|p1a: Enten|3/100
|move|p1a: Enten|U-turn|p2a: Fat Charizard
|-resisted|p2a: Fat Charizard
|-damage|p2a: Fat Charizard|51/100
|
|-heal|p1a: Enten|9/100|[from] item: Leftovers
|upkeep
|turn|30
|
|t:|1666427652
|move|p2a: Fat Charizard|Extreme Speed|p1a: Enten
|-damage|p1a: Enten|0 fnt
|faint|p1a: Enten
|
|win|NeoNaruto®++
|n|☆quixana|quixana
|n|☆NeoNaruto®++|neonaruto
|n| IIIodyne|iiiodyne
|l|☆NeoNaruto®++
|l| IIIodyne
