|j|☆testotesto321
|j|☆Tard-Buster
|player|p1|testotesto321|bellelba|1639
|player|p2|Tard-Buster|blue-gen1two|1695
|teamsize|p1|6
|teamsize|p2|6
|gametype|singles
|gen|8
|tier|[Gen 8] OU
|rated|
|clearpoke
|poke|p1|Alakazam, M|
|poke|p1|Cinderace, F|
|poke|p1|Urshifu, F|
|poke|p1|Hippowdon, F|
|poke|p1|Corviknight, F|
|poke|p1|Toxapex, F|
|poke|p2|Indeedee, M|
|poke|p2|Cinderace, F|
|poke|p2|Mandibuzz, F|
|poke|p2|Dragapult, F|
|poke|p2|Ferrothorn, F|
|poke|p2|Clefable, F|
|rule|Sleep Clause Mod: Limit one foe put to sleep
|rule|Species Clause: Limit one of each Pokémon
|rule|OHKO Clause: OHKO moves are banned
|rule|Evasion Moves Clause: Evasion moves are banned
|rule|Endless Battle Clause: Forcing endless battles is banned
|rule|HP Percentage Mod: HP is shown in percentages
|rule|Dynamax Clause: You cannot dynamax
|teampreview
|inactive|Battle timer is ON: inactive players will automatically lose when time's up. (requested by Tard-Buster)
|
|start
|switch|p1a: Corviknight|Corviknight, F|100/100
|switch|p2a: Blue Dream|Dragapult, F, shiny|100/100
|-ability|p1a: Corviknight|Pressure
|turn|1
|
|switch|p2a: Free hugs|Ferrothorn, F, shiny|100/100
|move|p1a: Corviknight|U-turn|p2a: Free hugs
|-damage|p2a: Free hugs|93/100
|-damage|p1a: Corviknight|88/100|[from] ability: Iron Barbs|[of] p2a: Free hugs
|-damage|p1a: Corviknight|71/100|[from] item: Rocky Helmet|[of] p2a: Free hugs
|
|switch|p1a: Cinderace|Cinderace, F|100/100|[from]move: U-turn
|
|upkeep
|turn|2
|
|switch|p2a: Vulture|Mandibuzz, F, shiny|100/100
|move|p1a: Cinderace|Pyro Ball|p2a: Vulture
|-damage|p2a: Vulture|66/100
|
|upkeep
|turn|3
|
|move|p1a: Cinderace|U-turn|p2a: Vulture
|-start|p1a: Cinderace|typechange|Bug|[from] ability: Libero
|-damage|p2a: Vulture|48/100
|
|switch|p1a: Toxapex|Toxapex, F, shiny|100/100|[from]move: U-turn
|move|p2a: Vulture|Roost|p2a: Vulture
|-heal|p2a: Vulture|98/100
|-singleturn|p2a: Vulture|move: Roost
|
|upkeep
|turn|4
|
|move|p2a: Vulture|U-turn|p1a: Toxapex
|-resisted|p1a: Toxapex
|-damage|p1a: Toxapex|97/100
|
|switch|p2a: Pink Runtz|Clefable, F, shiny|100/100|[from]move: U-turn
|move|p1a: Toxapex|Scald|p2a: Pink Runtz
|-damage|p2a: Pink Runtz|89/100
|
|-heal|p2a: Pink Runtz|95/100|[from] item: Leftovers
|-heal|p1a: Toxapex|100/100|[from] item: Black Sludge
|upkeep
|turn|5
|
|switch|p1a: Cinderace|Cinderace, F|100/100
|move|p2a: Pink Runtz|Thunder Wave|p1a: Cinderace
|-status|p1a: Cinderace|par
|
|-heal|p2a: Pink Runtz|100/100|[from] item: Leftovers
|upkeep
|turn|6
|
|switch|p2a: Vulture|Mandibuzz, F, shiny|98/100
|move|p1a: Cinderace|Pyro Ball|p2a: Vulture
|-damage|p2a: Vulture|67/100
|
|upkeep
|turn|7
|
|move|p2a: Vulture|Roost|p2a: Vulture
|-heal|p2a: Vulture|100/100
|-singleturn|p2a: Vulture|move: Roost
|cant|p1a: Cinderace|par
|
|upkeep
|turn|8
|
|move|p2a: Vulture|Foul Play|p1a: Cinderace
|-damage|p1a: Cinderace|33/100 par
|cant|p1a: Cinderace|par
|
|upkeep
|turn|9
|
|switch|p1a: Corviknight|Corviknight, F|71/100
|-ability|p1a: Corviknight|Pressure
|move|p2a: Vulture|Foul Play|p1a: Corviknight
|-damage|p1a: Corviknight|47/100
|
|-heal|p1a: Corviknight|53/100|[from] item: Leftovers
|upkeep
|turn|10
|
|move|p2a: Vulture|U-turn|p1a: Corviknight
|-resisted|p1a: Corviknight
|-damage|p1a: Corviknight|51/100
|
|switch|p2a: Pink Runtz|Clefable, F, shiny|100/100|[from]move: U-turn
|move|p1a: Corviknight|U-turn|p2a: Pink Runtz
|-resisted|p2a: Pink Runtz
|-damage|p2a: Pink Runtz|92/100
|
|switch|p1a: Alakazam|Alakazam, M|100/100|[from]move: U-turn
|
|-heal|p2a: Pink Runtz|98/100|[from] item: Leftovers
|upkeep
|turn|11
|
|move|p1a: Alakazam|Psychic|p2a: Pink Runtz
|-damage|p2a: Pink Runtz|56/100
|move|p2a: Pink Runtz|Thunder Wave|p1a: Alakazam|[miss]
|-miss|p2a: Pink Runtz|p1a: Alakazam
|
|-heal|p2a: Pink Runtz|62/100|[from] item: Leftovers
|upkeep
|turn|12
|
|move|p1a: Alakazam|Psychic|p2a: Pink Runtz
|-damage|p2a: Pink Runtz|21/100
|move|p2a: Pink Runtz|Thunder Wave|p1a: Alakazam
|-status|p1a: Alakazam|par
|
|-heal|p2a: Pink Runtz|27/100|[from] item: Leftovers
|upkeep
|turn|13
|
|switch|p2a: Vulture|Mandibuzz, F, shiny|100/100
|move|p1a: Alakazam|Psychic|p2a: Vulture
|-immune|p2a: Vulture
|
|upkeep
|turn|14
|
|move|p2a: Vulture|U-turn|p1a: Alakazam
|-supereffective|p1a: Alakazam
|-damage|p1a: Alakazam|46/100 par
|
|switch|p2a: Pink Runtz|Clefable, F, shiny|27/100|[from]move: U-turn
|cant|p1a: Alakazam|par
|
|-heal|p2a: Pink Runtz|33/100|[from] item: Leftovers
|upkeep
|turn|15
|
|switch|p2a: Vulture|Mandibuzz, F, shiny|100/100
|move|p1a: Alakazam|Psychic|p2a: Vulture
|-immune|p2a: Vulture
|
|upkeep
|turn|16
|-message|testotesto321 forfeited.
|
|win|Tard-Buster
|l|☆testotesto321
||Ladder (probably) updated, but score could not be retrieved (Request timeout).
