|raw|<div class="broadcast-blue"><strong>This battle is required to be public due to a player having a name starting with 'lt93oq'.</div>
|j|☆LT93OQ XKH
|j|‽antarctozolt
|t:|1660637782
|gametype|singles
|player|p1|LT93OQ XKH|maid|1758
|player|p2|antarctozolt|skier|1863
|teamsize|p1|6
|teamsize|p2|6
|gen|8
|tier|[Gen 8] OU
|rated|
|rule|Sleep Clause Mod: Limit one foe put to sleep
|rule|Species Clause: Limit one of each Pokémon
|rule|OHKO Clause: OHKO moves are banned
|rule|Evasion Items Clause: Evasion items are banned
|rule|Evasion Moves Clause: Evasion moves are banned
|rule|Endless Battle Clause: Forcing endless battles is banned
|rule|HP Percentage Mod: HP is shown in percentages
|rule|Dynamax Clause: You cannot dynamax
|clearpoke
|poke|p1|Weavile, F|
|poke|p1|Magnezone|
|poke|p1|Landorus-Therian, M|
|poke|p1|Kartana|
|poke|p1|Toxapex, F|
|poke|p1|Tapu Lele|
|poke|p2|Kartana|
|poke|p2|Toxtricity, F|
|poke|p2|Celesteela|
|poke|p2|Dragapult, F|
|poke|p2|Mew|
|poke|p2|Zeraora|
|teampreview
|
|t:|1660637791
|start
|switch|p1a: Landorus|Landorus-Therian, M|100/100
|switch|p2a: Zeraora|Zeraora|100/100
|-ability|p1a: Landorus|Intimidate|boost
|-unboost|p2a: Zeraora|atk|1
|-enditem|p2a: Zeraora|Eject Pack
|
|t:|1660637793
|switch|p2a: Mew|Mew|100/100
|turn|1
|
|t:|1660637798
|switch|p1a: Toxapex|Toxapex, F|100/100
|move|p2a: Mew|Stealth Rock|p1a: Toxapex
|-sidestart|p1: LT93OQ XKH|move: Stealth Rock
|
|upkeep
|turn|2
|j| storm zone
|
|t:|1660637802
|move|p2a: Mew|Thunder Wave|p1a: Toxapex
|-status|p1a: Toxapex|par
|cant|p1a: Toxapex|par
|
|upkeep
|turn|3
|
|t:|1660637806
|move|p2a: Mew|Spikes|p1a: Toxapex
|-sidestart|p1: LT93OQ XKH|Spikes
|move|p1a: Toxapex|Toxic||[still]
|-status|p2a: Mew|tox
|-activate|p2a: Mew|ability: Synchronize
|-fail|p2a: Mew
|
|-damage|p2a: Mew|94/100 tox|[from] psn
|upkeep
|turn|4
|j| Quagshi
|
|t:|1660637811
|move|p2a: Mew|Spikes|p1a: Toxapex
|-sidestart|p1: LT93OQ XKH|Spikes
|move|p1a: Toxapex|Knock Off|p2a: Mew
|-supereffective|p2a: Mew
|-damage|p2a: Mew|69/100 tox
|-enditem|p2a: Mew|Mental Herb|[from] move: Knock Off|[of] p1a: Toxapex
|
|-damage|p2a: Mew|56/100 tox|[from] psn
|upkeep
|turn|5
|
|t:|1660637813
|move|p2a: Mew|Spikes|p1a: Toxapex
|-sidestart|p1: LT93OQ XKH|Spikes
|move|p1a: Toxapex|Scald|p2a: Mew
|-damage|p2a: Mew|42/100 tox
|
|-damage|p2a: Mew|24/100 tox|[from] psn
|upkeep
|turn|6
|
|t:|1660637817
|move|p2a: Mew|Taunt|p1a: Toxapex
|-start|p1a: Toxapex|move: Taunt
|cant|p1a: Toxapex|move: Taunt|Recover
|
|-damage|p2a: Mew|0 fnt|[from] psn
|faint|p2a: Mew
|upkeep
|
|t:|1660637818
|switch|p2a: Toxtricity|Toxtricity, F|100/100
|turn|7
|
|t:|1660637822
|switch|p1a: Landorus|Landorus-Therian, M|100/100
|-damage|p1a: Landorus|88/100|[from] Stealth Rock
|-ability|p1a: Landorus|Intimidate|boost
|-unboost|p2a: Toxtricity|atk|1
|move|p2a: Toxtricity|Shift Gear|p2a: Toxtricity
|-boost|p2a: Toxtricity|spe|2
|-boost|p2a: Toxtricity|atk|1
|
|-heal|p1a: Landorus|94/100|[from] item: Leftovers
|upkeep
|turn|8
|
|t:|1660637825
|move|p2a: Toxtricity|Boomburst|p1a: Landorus
|-damage|p1a: Landorus|31/100
|-damage|p2a: Toxtricity|91/100|[from] item: Life Orb
|move|p1a: Landorus|Earthquake|p2a: Toxtricity
|-supereffective|p2a: Toxtricity
|-damage|p2a: Toxtricity|0 fnt
|faint|p2a: Toxtricity
|
|-heal|p1a: Landorus|37/100|[from] item: Leftovers
|upkeep
|j| verfeb111
|
|t:|1660637830
|switch|p2a: Dragapult|Dragapult, F|100/100
|turn|9
|
|t:|1660637837
|switch|p1a: Toxapex|Toxapex, F|100/100 par
|-damage|p1a: Toxapex|88/100 par|[from] Stealth Rock
|-damage|p1a: Toxapex|64/100 par|[from] Spikes
|move|p2a: Dragapult|Shadow Ball|p1a: Toxapex
|-damage|p1a: Toxapex|23/100 par
|-unboost|p1a: Toxapex|spd|1
|-enditem|p1a: Toxapex|Eject Button
|
|t:|1660637840
|switch|p1a: Weavile|Weavile, F|100/100
|-ability|p1a: Weavile|Pressure
|
|upkeep
|turn|10
|j| FaeRen S
|
|t:|1660637849
|move|p2a: Dragapult|Shadow Ball|p1a: Weavile
|-resisted|p1a: Weavile
|-damage|p1a: Weavile|66/100
|move|p1a: Weavile|Knock Off|p2a: Dragapult
|-supereffective|p2a: Dragapult
|-damage|p2a: Dragapult|0 fnt
|-enditem|p2a: Dragapult|Choice Specs|[from] move: Knock Off|[of] p1a: Weavile
|faint|p2a: Dragapult
|
|upkeep
|
|t:|1660637855
|switch|p2a: Celesteela|Celesteela|100/100
|turn|11
|
|t:|1660637858
|move|p1a: Weavile|Knock Off|p2a: Celesteela
|-damage|p2a: Celesteela|57/100
|-enditem|p2a: Celesteela|Power Herb|[from] move: Knock Off|[of] p1a: Weavile
|move|p2a: Celesteela|Autotomize|p2a: Celesteela
|-boost|p2a: Celesteela|spe|2
|-start|p2a: Celesteela|Autotomize
|
|upkeep
|turn|12
|j| FBAM
|j| lilanimegirl
|
|t:|1660637870
|switch|p1a: Toxapex|Toxapex, F|56/100 par
|-damage|p1a: Toxapex|44/100 par|[from] Stealth Rock
|-damage|p1a: Toxapex|19/100 par|[from] Spikes
|move|p2a: Celesteela|Flamethrower|p1a: Toxapex
|-resisted|p1a: Toxapex
|-damage|p1a: Toxapex|6/100 par
|
|upkeep
|turn|13
|l| lilanimegirl
|
|t:|1660637876
|switch|p1a: Landorus|Landorus-Therian, M|37/100
|-damage|p1a: Landorus|25/100|[from] Stealth Rock
|-ability|p1a: Landorus|Intimidate|boost
|-unboost|p2a: Celesteela|atk|1
|move|p2a: Celesteela|Flamethrower|p1a: Landorus
|-crit|p1a: Landorus
|-damage|p1a: Landorus|0 fnt
|faint|p1a: Landorus
|-ability|p2a: Celesteela|Beast Boost|boost
|-boost|p2a: Celesteela|spa|1
|
|upkeep
|
|t:|1660637880
|switch|p1a: Weavile|Weavile, F|66/100
|-ability|p1a: Weavile|Pressure
|turn|14
|
|t:|1660637884
|move|p1a: Weavile|Ice Shard|p2a: Celesteela
|-damage|p2a: Celesteela|37/100
|move|p2a: Celesteela|Flamethrower|p1a: Weavile
|-supereffective|p1a: Weavile
|-damage|p1a: Weavile|0 fnt
|faint|p1a: Weavile
|-ability|p2a: Celesteela|Beast Boost|boost
|-boost|p2a: Celesteela|spa|1
|
|upkeep
|j| Lunarr
|
|t:|1660637889
|switch|p1a: Tapu Lele|Tapu Lele|100/100
|-damage|p1a: Tapu Lele|88/100|[from] Stealth Rock
|-damage|p1a: Tapu Lele|63/100|[from] Spikes
|-fieldstart|move: Psychic Terrain|[from] ability: Psychic Surge|[of] p1a: Tapu Lele
|turn|15
|
|t:|1660637895
|switch|p1a: Toxapex|Toxapex, F|39/100 par
|-damage|p1a: Toxapex|27/100 par|[from] Stealth Rock
|-damage|p1a: Toxapex|2/100 par|[from] Spikes
|move|p2a: Celesteela|Air Slash|p1a: Toxapex
|-damage|p1a: Toxapex|0 fnt
|faint|p1a: Toxapex
|-ability|p2a: Celesteela|Beast Boost|boost
|-boost|p2a: Celesteela|spa|1
|
|upkeep
|l| verfeb111
|-message|LT93OQ XKH forfeited.
|
|win|antarctozolt
|raw|LT93OQ XKH's rating: 1778 &rarr; <strong>1763</strong><br />(-15 for losing)
|raw|antarctozolt's rating: 1863 &rarr; <strong>1878</strong><br />(+15 for winning)
|l|☆LT93OQ XKH
|l|‽antarctozolt
|l| Quagshi
|l| FBAM
|j| LT93OQ Rito
|l| Lunarr
|j| arnavgupta
|l| FaeRen S
|j| Lil Adastra
|j| Wish i was gud
|j| climatechange=hoax
|l| climatechange=hoax
|l| LT93OQ Rito
|l| Wish i was gud
|j| Qintara
|j| LT93OQ Amir
|l| LT93OQ Amir
|j| De la Bourdonnais
|j| lt93oq fenomeno
|l| Qintara
|j| LT93OQ metamence
|j| zodivk
|l| arnavgupta
|l| LT93OQ metamence
|l| storm zone
|j|‽antarctozolt
|player|p2|antarctozolt|skier
|l|‽antarctozolt
|player|p2|
