|j|☆superstar
|j|☆Mamaw31180
|t:|1667342601
|gametype|singles
|player|p1|superstar|170|1750
|player|p2|Mamaw31180|lucas|1707
|teamsize|p1|6
|teamsize|p2|6
|gen|8
|tier|[Gen 8] OU
|rated|
|rule|Sleep Clause Mod: Limit one foe put to sleep
|rule|Species Clause: Limit one of each Pokémon
|rule|OHKO Clause: OHKO moves are banned
|rule|Evasion Items Clause: Evasion items are banned
|rule|Evasion Moves Clause: Evasion moves are banned
|rule|Endless Battle Clause: Forcing endless battles is banned
|rule|HP Percentage Mod: HP is shown in percentages
|rule|Dynamax Clause: You cannot dynamax
|clearpoke
|poke|p1|Jirachi|
|poke|p1|Corviknight, M|
|poke|p1|Toxapex, F|
|poke|p1|Clefable, M|
|poke|p1|Tornadus-Therian, M|
|poke|p1|Blissey, F|
|poke|p2|Kartana|
|poke|p2|Blacephalon|
|poke|p2|Landorus-Therian, M|
|poke|p2|Slowbro, F|
|poke|p2|Zapdos|
|poke|p2|Tyranitar, M|
|teampreview
|inactive|Battle timer is ON: inactive players will automatically lose when time's up. (requested by Mamaw31180)
|
|t:|1667342623
|start
|switch|p1a: Corviknight|Corviknight, M|100/100
|switch|p2a: Tyranitar|Tyranitar, M|100/100
|-weather|Sandstorm|[from] ability: Sand Stream|[of] p2a: Tyranitar
|-ability|p1a: Corviknight|Pressure
|turn|1
|
|t:|1667342628
|switch|p2a: Zapdos|Zapdos|100/100
|move|p1a: Corviknight|Body Press|p2a: Zapdos
|-resisted|p2a: Zapdos
|-damage|p2a: Zapdos|90/100
|
|-weather|Sandstorm|[upkeep]
|-damage|p2a: Zapdos|84/100|[from] Sandstorm
|upkeep
|turn|2
|
|t:|1667342633
|switch|p1a: Blissey|Blissey, F|100/100
|move|p2a: Zapdos|Volt Switch|p1a: Blissey
|-damage|p1a: Blissey|90/100
|
|t:|1667342635
|switch|p2a: Tyranitar|Tyranitar, M|100/100|[from]move: Volt Switch
|
|-weather|Sandstorm|[upkeep]
|-damage|p1a: Blissey|84/100|[from] Sandstorm
|upkeep
|turn|3
|
|t:|1667342639
|switch|p1a: Corviknight|Corviknight, M|100/100
|-ability|p1a: Corviknight|Pressure
|move|p2a: Tyranitar|Stone Edge|p1a: Corviknight
|-damage|p1a: Corviknight|46/100
|
|-weather|Sandstorm|[upkeep]
|-heal|p1a: Corviknight|52/100|[from] item: Leftovers
|upkeep
|turn|4
|
|t:|1667342643
|switch|p1a: Jirachi|Jirachi|100/100
|move|p2a: Tyranitar|Stone Edge|p1a: Jirachi
|-resisted|p1a: Jirachi
|-damage|p1a: Jirachi|63/100
|
|-weather|Sandstorm|[upkeep]
|-heal|p1a: Jirachi|69/100|[from] item: Leftovers
|upkeep
|turn|5
|
|t:|1667342647
|switch|p2a: Zapdos|Zapdos|84/100
|move|p1a: Jirachi|Stealth Rock|p2a: Zapdos
|-sidestart|p2: Mamaw31180|move: Stealth Rock
|
|-weather|none
|-heal|p1a: Jirachi|75/100|[from] item: Leftovers
|upkeep
|turn|6
|
|t:|1667342650
|move|p2a: Zapdos|Defog|p1a: Jirachi
|-unboost|p1a: Jirachi|evasion|1
|-sideend|p2: Mamaw31180|Stealth Rock|[from] move: Defog|[of] p2a: Zapdos
|move|p1a: Jirachi|Wish|p1a: Jirachi
|
|-heal|p1a: Jirachi|81/100|[from] item: Leftovers
|upkeep
|turn|7
|
|t:|1667342672
|switch|p1a: Toxapex|Toxapex, F|100/100
|move|p2a: Zapdos|Volt Switch|p1a: Toxapex
|-supereffective|p1a: Toxapex
|-damage|p1a: Toxapex|48/100
|
|t:|1667342676
|switch|p2a: Landorus|Landorus-Therian, M|100/100|[from]move: Volt Switch
|-ability|p2a: Landorus|Intimidate|boost
|-unboost|p1a: Toxapex|atk|1
|
|-heal|p1a: Toxapex|100/100|[from] move: Wish|[wisher] Jirachi
|upkeep
|turn|8
|
|t:|1667342682
|move|p2a: Landorus|U-turn|p1a: Toxapex
|-resisted|p1a: Toxapex
|-damage|p1a: Toxapex|94/100
|
|t:|1667342684
|switch|p2a: Slowbro|Slowbro, F|100/100|[from]move: U-turn
|move|p1a: Toxapex|Knock Off|p2a: Slowbro
|-supereffective|p2a: Slowbro
|-enditem|p2a: Slowbro|Colbur Berry|[eat]
|-enditem|p2a: Slowbro|Colbur Berry|[weaken]
|-damage|p2a: Slowbro|94/100
|
|upkeep
|turn|9
|
|t:|1667342687
|move|p1a: Toxapex|Light Screen|p1a: Toxapex
|-sidestart|p1: superstar|move: Light Screen
|move|p2a: Slowbro|Teleport|p2a: Slowbro
|j| ThisIsntHilarious
|
|t:|1667342694
|switch|p2a: Zapdos|Zapdos|84/100|[from]move: Teleport
|
|upkeep
|turn|10
|
|t:|1667342697
|move|p2a: Zapdos|Defog|p1a: Toxapex
|-unboost|p1a: Toxapex|evasion|1
|-sideend|p1: superstar|move: Light Screen
|move|p1a: Toxapex|Toxic|p2a: Zapdos
|-status|p2a: Zapdos|tox
|
|-damage|p2a: Zapdos|78/100 tox|[from] psn
|upkeep
|turn|11
|j| Tegalik
|
|t:|1667342703
|switch|p1a: Blissey|Blissey, F|84/100
|move|p2a: Zapdos|Volt Switch|p1a: Blissey
|-damage|p1a: Blissey|72/100
|
|t:|1667342706
|switch|p2a: Tyranitar|Tyranitar, M|100/100|[from]move: Volt Switch
|-weather|Sandstorm|[from] ability: Sand Stream|[of] p2a: Tyranitar
|
|-weather|Sandstorm|[upkeep]
|-damage|p1a: Blissey|66/100|[from] Sandstorm
|upkeep
|turn|12
|
|t:|1667342712
|switch|p1a: Toxapex|Toxapex, F|100/100
|move|p2a: Tyranitar|Crunch|p1a: Toxapex
|-damage|p1a: Toxapex|62/100
|
|-weather|Sandstorm|[upkeep]
|-damage|p1a: Toxapex|56/100|[from] Sandstorm
|upkeep
|turn|13
|j| Jongruenwald
|
|t:|1667342717
|switch|p1a: Clefable|Clefable, M|100/100
|move|p2a: Tyranitar|Crunch|p1a: Clefable
|-resisted|p1a: Clefable
|-damage|p1a: Clefable|74/100
|
|-weather|Sandstorm|[upkeep]
|-damage|p1a: Clefable|68/100|[from] Sandstorm
|upkeep
|turn|14
|
|t:|1667342720
|switch|p2a: Slowbro|Slowbro, F|100/100
|move|p1a: Clefable|Soft-Boiled|p1a: Clefable
|-heal|p1a: Clefable|100/100
|
|-weather|Sandstorm|[upkeep]
|-damage|p1a: Clefable|94/100|[from] Sandstorm
|-damage|p2a: Slowbro|94/100|[from] Sandstorm
|upkeep
|turn|15
|
|t:|1667342725
|switch|p1a: Jirachi|Jirachi|81/100
|move|p2a: Slowbro|Teleport|p2a: Slowbro
|
|t:|1667342729
|switch|p2a: Landorus|Landorus-Therian, M|100/100|[from]move: Teleport
|-ability|p2a: Landorus|Intimidate|boost
|-unboost|p1a: Jirachi|atk|1
|
|-weather|none
|-heal|p1a: Jirachi|87/100|[from] item: Leftovers
|upkeep
|turn|16
|
|t:|1667342733
|switch|p1a: Corviknight|Corviknight, M|52/100
|-ability|p1a: Corviknight|Pressure
|move|p2a: Landorus|U-turn|p1a: Corviknight
|-resisted|p1a: Corviknight
|-damage|p1a: Corviknight|49/100
|
|t:|1667342736
|switch|p2a: Tyranitar|Tyranitar, M|100/100|[from]move: U-turn
|-weather|Sandstorm|[from] ability: Sand Stream|[of] p2a: Tyranitar
|
|-weather|Sandstorm|[upkeep]
|-heal|p1a: Corviknight|55/100|[from] item: Leftovers
|upkeep
|turn|17
|
|t:|1667342747
|move|p2a: Tyranitar|Stone Edge|p1a: Corviknight
|-damage|p1a: Corviknight|0 fnt
|faint|p1a: Corviknight
|
|-weather|Sandstorm|[upkeep]
|upkeep
|
|t:|1667342754
|switch|p1a: Tornadus|Tornadus-Therian, M, shiny|100/100
|turn|18
|
|t:|1667342758
|switch|p2a: Slowbro|Slowbro, F|100/100
|move|p1a: Tornadus|Substitute|p1a: Tornadus
|-start|p1a: Tornadus|Substitute
|-damage|p1a: Tornadus|76/100
|
|-weather|Sandstorm|[upkeep]
|-damage|p1a: Tornadus|70/100|[from] Sandstorm
|-damage|p2a: Slowbro|94/100|[from] Sandstorm
|upkeep
|turn|19
|
|t:|1667342762
|move|p1a: Tornadus|Nasty Plot|p1a: Tornadus
|-boost|p1a: Tornadus|spa|2
|move|p2a: Slowbro|Ice Beam|p1a: Tornadus
|-supereffective|p1a: Tornadus
|-end|p1a: Tornadus|Substitute
|
|-weather|Sandstorm|[upkeep]
|-damage|p1a: Tornadus|63/100|[from] Sandstorm
|-damage|p2a: Slowbro|88/100|[from] Sandstorm
|upkeep
|turn|20
|
|t:|1667342770
|move|p1a: Tornadus|Hurricane|p2a: Slowbro
|-damage|p2a: Slowbro|10/100
|move|p2a: Slowbro|Ice Beam|p1a: Tornadus
|-supereffective|p1a: Tornadus
|-damage|p1a: Tornadus|20/100
|
|-weather|none
|upkeep
|turn|21
|
|t:|1667342777
|move|p1a: Tornadus|Hurricane|p2a: Slowbro|[miss]
|-miss|p1a: Tornadus|p2a: Slowbro
|move|p2a: Slowbro|Ice Beam|p1a: Tornadus
|-supereffective|p1a: Tornadus
|-damage|p1a: Tornadus|0 fnt
|faint|p1a: Tornadus
|
|upkeep
|
|t:|1667342783
|switch|p1a: Clefable|Clefable, M|94/100
|turn|22
|
|t:|1667342789
|move|p1a: Clefable|Calm Mind|p1a: Clefable
|-boost|p1a: Clefable|spa|1
|-boost|p1a: Clefable|spd|1
|move|p2a: Slowbro|Teleport|p2a: Slowbro
|
|t:|1667342792
|switch|p2a: Tyranitar|Tyranitar, M|100/100|[from]move: Teleport
|-weather|Sandstorm|[from] ability: Sand Stream|[of] p2a: Tyranitar
|
|-weather|Sandstorm|[upkeep]
|-damage|p1a: Clefable|88/100|[from] Sandstorm
|upkeep
|turn|23
|
|t:|1667342799
|switch|p1a: Jirachi|Jirachi|87/100
|move|p2a: Tyranitar|Heavy Slam|p1a: Jirachi
|-resisted|p1a: Jirachi
|-damage|p1a: Jirachi|55/100
|
|-weather|Sandstorm|[upkeep]
|-heal|p1a: Jirachi|62/100|[from] item: Leftovers
|upkeep
|turn|24
|
|t:|1667342805
|switch|p2a: Landorus|Landorus-Therian, M|100/100
|-ability|p2a: Landorus|Intimidate|boost
|-unboost|p1a: Jirachi|atk|1
|move|p1a: Jirachi|Stealth Rock|p2a: Landorus
|-sidestart|p2: Mamaw31180|move: Stealth Rock
|
|-weather|Sandstorm|[upkeep]
|-heal|p1a: Jirachi|68/100|[from] item: Leftovers
|upkeep
|turn|25
|
|t:|1667342809
|move|p1a: Jirachi|Wish|p1a: Jirachi
|move|p2a: Landorus|Earthquake|p1a: Jirachi
|-supereffective|p1a: Jirachi
|-damage|p1a: Jirachi|0 fnt
|faint|p1a: Jirachi
|
|-weather|Sandstorm|[upkeep]
|upkeep
|
|t:|1667342813
|switch|p1a: Clefable|Clefable, M|88/100
|turn|26
|
|t:|1667342815
|move|p2a: Landorus|U-turn|p1a: Clefable
|-resisted|p1a: Clefable
|-damage|p1a: Clefable|79/100
|
|t:|1667342818
|switch|p2a: Slowbro|Slowbro, F|44/100|[from]move: U-turn
|-damage|p2a: Slowbro|31/100|[from] Stealth Rock
|move|p1a: Clefable|Calm Mind|p1a: Clefable
|-boost|p1a: Clefable|spa|1
|-boost|p1a: Clefable|spd|1
|
|-weather|none
|-heal|p1a: Clefable|100/100|[from] move: Wish|[wisher] Jirachi
|upkeep
|turn|27
|
|t:|1667342822
|move|p1a: Clefable|Moonblast|p2a: Slowbro
|-damage|p2a: Slowbro|0 fnt
|faint|p2a: Slowbro
|
|upkeep
|
|t:|1667342825
|switch|p2a: Tyranitar|Tyranitar, M|100/100
|-damage|p2a: Tyranitar|88/100|[from] Stealth Rock
|-weather|Sandstorm|[from] ability: Sand Stream|[of] p2a: Tyranitar
|turn|28
|
|t:|1667342830
|switch|p1a: Toxapex|Toxapex, F|89/100
|move|p2a: Tyranitar|Heavy Slam|p1a: Toxapex
|-resisted|p1a: Toxapex
|-damage|p1a: Toxapex|67/100
|
|-weather|Sandstorm|[upkeep]
|-damage|p1a: Toxapex|61/100|[from] Sandstorm
|upkeep
|turn|29
|
|t:|1667342836
|switch|p2a: Landorus|Landorus-Therian, M|100/100
|-damage|p2a: Landorus|88/100|[from] Stealth Rock
|-ability|p2a: Landorus|Intimidate|boost
|-unboost|p1a: Toxapex|atk|1
|move|p1a: Toxapex|Knock Off|p2a: Landorus
|-damage|p2a: Landorus|77/100
|-enditem|p2a: Landorus|Leftovers|[from] move: Knock Off|[of] p1a: Toxapex
|
|-weather|Sandstorm|[upkeep]
|-damage|p1a: Toxapex|55/100|[from] Sandstorm
|upkeep
|turn|30
|j| Ejebdbed
|
|t:|1667342842
|move|p2a: Landorus|Earthquake|p1a: Toxapex
|-supereffective|p1a: Toxapex
|-damage|p1a: Toxapex|1/100
|move|p1a: Toxapex|Toxic|p2a: Landorus
|-status|p2a: Landorus|tox
|
|-weather|Sandstorm|[upkeep]
|-damage|p1a: Toxapex|0 fnt|[from] Sandstorm
|faint|p1a: Toxapex
|-damage|p2a: Landorus|71/100 tox|[from] psn
|upkeep
|
|t:|1667342845
|switch|p1a: Clefable|Clefable, M|100/100
|turn|31
|
|t:|1667342847
|move|p2a: Landorus|U-turn|p1a: Clefable
|-resisted|p1a: Clefable
|-damage|p1a: Clefable|92/100
|
|t:|1667342854
|switch|p2a: Kartana|Kartana|100/100|[from]move: U-turn
|-damage|p2a: Kartana|94/100|[from] Stealth Rock
|move|p1a: Clefable|Moonblast|p2a: Kartana
|-resisted|p2a: Kartana
|-damage|p2a: Kartana|43/100
|
|-weather|Sandstorm|[upkeep]
|-damage|p1a: Clefable|86/100|[from] Sandstorm
|upkeep
|turn|32
|
|t:|1667342859
|move|p2a: Kartana|Smart Strike|p1a: Clefable
|-supereffective|p1a: Clefable
|-damage|p1a: Clefable|6/100
|move|p1a: Clefable|Flamethrower|p2a: Kartana
|-supereffective|p2a: Kartana
|-damage|p2a: Kartana|0 fnt
|faint|p2a: Kartana
|
|-weather|none
|upkeep
|
|t:|1667342863
|switch|p2a: Tyranitar|Tyranitar, M|88/100
|-damage|p2a: Tyranitar|76/100|[from] Stealth Rock
|-weather|Sandstorm|[from] ability: Sand Stream|[of] p2a: Tyranitar
|turn|33
|
|t:|1667342865
|move|p2a: Tyranitar|Crunch|p1a: Clefable
|-resisted|p1a: Clefable
|-damage|p1a: Clefable|0 fnt
|faint|p1a: Clefable
|
|-weather|Sandstorm|[upkeep]
|upkeep
|-message|superstar forfeited.
|
|win|Mamaw31180
|raw|superstar's rating: 1750 &rarr; <strong>1728</strong><br />(-22 for losing)
|raw|Mamaw31180's rating: 1707 &rarr; <strong>1729</strong><br />(+22 for winning)
|l|☆superstar
|l| ThisIsntHilarious
|l|☆Mamaw31180
|l| Tegalik
|l| Jongruenwald
||Ladder isn't responding, score probably updated but might not have (Request timeout).
