|j|☆badalakazam
|j|☆love chants
|t:|1633643153
|gametype|singles
|player|p1|badalakazam|1|1396
|player|p2|love chants|102|1471
|teamsize|p1|6
|teamsize|p2|6
|gen|8
|tier|[Gen 8] OU
|rated|
|rule|Sleep Clause Mod: Limit one foe put to sleep
|rule|Species Clause: Limit one of each Pokémon
|rule|OHKO Clause: OHKO moves are banned
|rule|Evasion Moves Clause: Evasion moves are banned
|rule|Endless Battle Clause: Forcing endless battles is banned
|rule|HP Percentage Mod: HP is shown in percentages
|rule|Dynamax Clause: You cannot dynamax
|clearpoke
|poke|p1|Tyrantrum, M|
|poke|p1|Pangoro, F|
|poke|p1|Nidoking, M|
|poke|p1|Gardevoir, F|
|poke|p1|Magnezone|
|poke|p1|Hawlucha, M|
|poke|p2|Corviknight, F|
|poke|p2|Dragonite, F|
|poke|p2|Buzzwole|
|poke|p2|Quagsire, F|
|poke|p2|Toxapex, F|
|poke|p2|Blissey, F|
|teampreview
|
|t:|1633643201
|start
|switch|p1a: Hawlucha|Hawlucha, M|100/100
|switch|p2a: Tanksey|Blissey, F|100/100
|-ability|p1a: Hawlucha|Mold Breaker
|turn|1
|
|t:|1633643209
|switch|p2a: Cratersmash|Quagsire, F|100/100
|move|p1a: Hawlucha|Substitute|p1a: Hawlucha
|-start|p1a: Hawlucha|Substitute
|-damage|p1a: Hawlucha|76/100
|
|upkeep
|turn|2
|
|t:|1633643211
|move|p1a: Hawlucha|Swords Dance|p1a: Hawlucha
|-boost|p1a: Hawlucha|atk|2
|move|p2a: Cratersmash|Scald|p1a: Hawlucha
|-activate|p1a: Hawlucha|move: Substitute|[damage]
|
|upkeep
|turn|3
|
|t:|1633643219
|move|p1a: Hawlucha|Swords Dance|p1a: Hawlucha
|-boost|p1a: Hawlucha|atk|2
|move|p2a: Cratersmash|Haze|p2a: Cratersmash
|-clearallboost
|
|upkeep
|turn|4
|
|t:|1633643228
|move|p1a: Hawlucha|Swords Dance|p1a: Hawlucha
|-boost|p1a: Hawlucha|atk|2
|move|p2a: Cratersmash|Scald|p1a: Hawlucha
|-end|p1a: Hawlucha|Substitute
|
|upkeep
|turn|5
|
|t:|1633643235
|move|p1a: Hawlucha|Substitute|p1a: Hawlucha
|-start|p1a: Hawlucha|Substitute
|-damage|p1a: Hawlucha|51/100
|move|p2a: Cratersmash|Scald|p1a: Hawlucha
|-end|p1a: Hawlucha|Substitute
|
|upkeep
|turn|6
|
|t:|1633643239
|move|p1a: Hawlucha|Substitute|p1a: Hawlucha
|-start|p1a: Hawlucha|Substitute
|-damage|p1a: Hawlucha|26/100
|move|p2a: Cratersmash|Haze|p2a: Cratersmash
|-clearallboost
|
|upkeep
|turn|7
|
|t:|1633643242
|move|p1a: Hawlucha|Swords Dance|p1a: Hawlucha
|-boost|p1a: Hawlucha|atk|2
|move|p2a: Cratersmash|Scald|p1a: Hawlucha
|-end|p1a: Hawlucha|Substitute
|
|upkeep
|turn|8
|
|t:|1633643249
|move|p1a: Hawlucha|Close Combat|p2a: Cratersmash
|-damage|p2a: Cratersmash|0 fnt
|-unboost|p1a: Hawlucha|def|1
|-unboost|p1a: Hawlucha|spd|1
|faint|p2a: Cratersmash
|-damage|p1a: Hawlucha|16/100|[from] item: Life Orb
|
|upkeep
|
|t:|1633643259
|switch|p2a: Toxapex|Toxapex, F|100/100
|turn|9
|
|t:|1633643264
|switch|p1a: Gardevoir|Gardevoir, F|100/100
|-ability|p1a: Gardevoir|Regenerator|[from] ability: Trace|[of] p2a: Toxapex
|switch|p2a: Corviknight|Corviknight, F|100/100
|-ability|p2a: Corviknight|Pressure
|
|upkeep
|turn|10
|
|t:|1633643270
|switch|p2a: Tanksey|Blissey, F|100/100
|move|p1a: Gardevoir|Trick|p2a: Tanksey
|-activate|p1a: Gardevoir|move: Trick|[of] p2a: Tanksey
|-item|p2a: Tanksey|Choice Scarf|[from] move: Trick
|-item|p1a: Gardevoir|Heavy-Duty Boots|[from] move: Trick
|
|upkeep
|turn|11
|
|t:|1633643279
|switch|p1a: Magnezone|Magnezone|100/100
|move|p2a: Tanksey|Seismic Toss|p1a: Magnezone
|-damage|p1a: Magnezone|65/100
|
|upkeep
|turn|12
|
|t:|1633643286
|move|p1a: Magnezone|Volt Switch|p2a: Tanksey
|-damage|p2a: Tanksey|80/100
|
|t:|1633643291
|switch|p1a: Tyrantrum|Tyrantrum, M|100/100|[from]move: Volt Switch
|move|p2a: Tanksey|Seismic Toss|p1a: Tyrantrum
|-damage|p1a: Tyrantrum|68/100
|
|upkeep
|turn|13
|
|t:|1633643294
|switch|p2a: Buzzwole|Buzzwole|100/100
|move|p1a: Tyrantrum|Head Smash|p2a: Buzzwole
|-damage|p2a: Buzzwole|41/100
|
|upkeep
|turn|14
|
|t:|1633643299
|move|p1a: Tyrantrum|Head Smash|p2a: Buzzwole
|-damage|p2a: Buzzwole|0 fnt
|faint|p2a: Buzzwole
|
|upkeep
|-message|love chants forfeited.
|
|win|badalakazam
|raw|badalakazam's rating: 1396 &rarr; <strong>1420</strong><br />(+24 for winning)
|raw|love chants's rating: 1471 &rarr; <strong>1447</strong><br />(-24 for losing)
|l|☆love chants
||Ladder isn't responding, score probably updated but might not have (Request timeout).
