|j|☆SMxVale
|j|☆alvar03
|t:|1667847694
|gametype|singles
|player|p1|SMxVale|bruno|1811
|player|p2|alvar03|alder|1830
|teamsize|p1|6
|teamsize|p2|6
|gen|8
|tier|[Gen 8] OU
|rated|
|rule|Sleep Clause Mod: Limit one foe put to sleep
|rule|Species Clause: Limit one of each Pokémon
|rule|OHKO Clause: OHKO moves are banned
|rule|Evasion Items Clause: Evasion items are banned
|rule|Evasion Moves Clause: Evasion moves are banned
|rule|Endless Battle Clause: Forcing endless battles is banned
|rule|HP Percentage Mod: HP is shown in percentages
|rule|Dynamax Clause: You cannot dynamax
|clearpoke
|poke|p1|Dragapult, M|
|poke|p1|Melmetal|
|poke|p1|Landorus-Therian, M|
|poke|p1|Slowbro, M|
|poke|p1|Heatran, F|
|poke|p1|Clefable, M|
|poke|p2|Toxapex, M|
|poke|p2|Regieleki|
|poke|p2|Tornadus-Therian, M|
|poke|p2|Garchomp, M|
|poke|p2|Ferrothorn, M|
|poke|p2|Moltres-Galar|
|teampreview
|j| BabyPigsAreLaughin
|inactive|Battle timer is ON: inactive players will automatically lose when time's up. (requested by alvar03)
|
|t:|1667847717
|start
|switch|p1a: Heatran|Heatran, F|100/100
|switch|p2a: Garchomp|Garchomp, M|100/100
|turn|1
|
|t:|1667847727
|switch|p1a: Slowbro|Slowbro, M|100/100
|move|p2a: Garchomp|Stealth Rock|p1a: Slowbro
|-sidestart|p1: SMxVale|move: Stealth Rock
|
|upkeep
|turn|2
|j| Serek94
|
|t:|1667847740
|move|p2a: Garchomp|Toxic|p1a: Slowbro
|-status|p1a: Slowbro|tox
|move|p1a: Slowbro|Future Sight|p2a: Garchomp
|-start|p1a: Slowbro|move: Future Sight
|
|-damage|p1a: Slowbro|94/100 tox|[from] psn
|upkeep
|turn|3
|
|t:|1667847747
|switch|p2a: Tornadus|Tornadus-Therian, M|100/100
|move|p1a: Slowbro|Teleport|p1a: Slowbro
|
|t:|1667847758
|switch|p1a: Heatran|Heatran, F|100/100|[from]move: Teleport
|-damage|p1a: Heatran|88/100|[from] Stealth Rock
|
|-heal|p1a: Heatran|94/100|[from] item: Leftovers
|upkeep
|turn|4
|
|t:|1667847764
|move|p2a: Tornadus|U-turn|p1a: Heatran
|-resisted|p1a: Heatran
|-damage|p1a: Heatran|91/100
|
|t:|1667847765
|switch|p2a: Garchomp|Garchomp, M|100/100|[from]move: U-turn
|move|p1a: Heatran|Magma Storm|p2a: Garchomp
|-resisted|p2a: Garchomp
|-damage|p2a: Garchomp|82/100
|-activate|p2a: Garchomp|move: Magma Storm|[of] p1a: Heatran
|
|-end|p2a: Garchomp|move: Future Sight
|-damage|p2a: Garchomp|47/100
|-heal|p2a: Garchomp|54/100|[from] item: Leftovers
|-heal|p1a: Heatran|97/100|[from] item: Leftovers
|-damage|p2a: Garchomp|41/100|[from] move: Magma Storm|[partiallytrapped]
|upkeep
|turn|5
|
|t:|1667847779
|move|p1a: Heatran|Protect|p1a: Heatran
|-singleturn|p1a: Heatran|Protect
|move|p2a: Garchomp|Earthquake|p1a: Heatran
|-activate|p1a: Heatran|move: Protect
|
|-heal|p2a: Garchomp|47/100|[from] item: Leftovers
|-heal|p1a: Heatran|100/100|[from] item: Leftovers
|-damage|p2a: Garchomp|35/100|[from] move: Magma Storm|[partiallytrapped]
|upkeep
|turn|6
|
|t:|1667847788
|switch|p1a: Slowbro|Slowbro, M|100/100 tox
|move|p2a: Garchomp|Earthquake|p1a: Slowbro
|-damage|p1a: Slowbro|75/100 tox
|
|-heal|p2a: Garchomp|41/100|[from] item: Leftovers
|-damage|p1a: Slowbro|69/100 tox|[from] psn
|-end|p2a: Garchomp|Magma Storm|[partiallytrapped]|[silent]
|upkeep
|turn|7
|j| Sutenbakku
|j| charqe Q
|
|t:|1667847794
|move|p2a: Garchomp|Earthquake|p1a: Slowbro
|-damage|p1a: Slowbro|44/100 tox
|move|p1a: Slowbro|Teleport|p1a: Slowbro
|
|t:|1667847800
|switch|p1a: Dragapult|Dragapult, M|100/100|[from]move: Teleport
|-damage|p1a: Dragapult|88/100|[from] Stealth Rock
|
|-heal|p2a: Garchomp|47/100|[from] item: Leftovers
|upkeep
|turn|8
|
|t:|1667847802
|move|p2a: Garchomp|Protect|p2a: Garchomp
|-singleturn|p2a: Garchomp|Protect
|move|p1a: Dragapult|Shadow Ball|p2a: Garchomp
|-activate|p2a: Garchomp|move: Protect
|
|-heal|p2a: Garchomp|54/100|[from] item: Leftovers
|upkeep
|turn|9
|
|t:|1667847811
|switch|p2a: Moltres|Moltres-Galar|100/100
|move|p1a: Dragapult|Shadow Ball|p2a: Moltres
|-resisted|p2a: Moltres
|-damage|p2a: Moltres|74/100
|
|upkeep
|turn|10
|
|t:|1667847819
|switch|p1a: Clefable|Clefable, M|100/100
|move|p2a: Moltres|Nasty Plot|p2a: Moltres
|-boost|p2a: Moltres|spa|2
|
|upkeep
|turn|11
|
|t:|1667847825
|move|p2a: Moltres|Hurricane|p1a: Clefable
|-damage|p1a: Clefable|51/100
|move|p1a: Clefable|Moonblast|p2a: Moltres
|-supereffective|p2a: Moltres
|-damage|p2a: Moltres|21/100
|-ability|p2a: Moltres|Berserk|boost
|-boost|p2a: Moltres|spa|1
|
|upkeep
|turn|12
|
|t:|1667847837
|move|p2a: Moltres|Hurricane|p1a: Clefable
|-damage|p1a: Clefable|4/100
|move|p1a: Clefable|Thunder Wave|p2a: Moltres
|-status|p2a: Moltres|par
|
|upkeep
|turn|13
|
|t:|1667847843
|move|p1a: Clefable|Soft-Boiled|p1a: Clefable
|-heal|p1a: Clefable|54/100
|move|p2a: Moltres|Hurricane|p1a: Clefable
|-damage|p1a: Clefable|3/100
|
|upkeep
|turn|14
|j| Devator
|
|t:|1667847853
|move|p1a: Clefable|Soft-Boiled|p1a: Clefable
|-heal|p1a: Clefable|53/100
|cant|p2a: Moltres|par
|
|upkeep
|turn|15
|
|t:|1667847859
|switch|p2a: Tornadus|Tornadus-Therian, M|100/100
|move|p1a: Clefable|Soft-Boiled|p1a: Clefable
|-heal|p1a: Clefable|100/100
|
|upkeep
|turn|16
|
|t:|1667847863
|move|p2a: Tornadus|U-turn|p1a: Clefable
|-resisted|p1a: Clefable
|-crit|p1a: Clefable
|-damage|p1a: Clefable|93/100
|
|t:|1667847865
|switch|p2a: Regieleki|Regieleki|100/100|[from]move: U-turn
|move|p1a: Clefable|Thunder Wave|p2a: Regieleki
|-immune|p2a: Regieleki
|
|upkeep
|turn|17
|
|t:|1667847869
|switch|p1a: Landorus|Landorus-Therian, M|100/100
|-damage|p1a: Landorus|88/100|[from] Stealth Rock
|-ability|p1a: Landorus|Intimidate|boost
|-unboost|p2a: Regieleki|atk|1
|move|p2a: Regieleki|Volt Switch|p1a: Landorus
|-immune|p1a: Landorus
|
|-heal|p1a: Landorus|94/100|[from] item: Leftovers
|upkeep
|turn|18
|
|t:|1667847875
|switch|p2a: Tornadus|Tornadus-Therian, M|100/100
|move|p1a: Landorus|Defog|p2a: Tornadus
|-unboost|p2a: Tornadus|evasion|1
|-sideend|p1: SMxVale|Stealth Rock|[from] move: Defog|[of] p1a: Landorus
|
|-heal|p1a: Landorus|99/100|[from] item: Leftovers
|upkeep
|turn|19
|
|t:|1667847888
|switch|p1a: Clefable|Clefable, M|93/100
|move|p2a: Tornadus|Knock Off|p1a: Clefable
|-resisted|p1a: Clefable
|-damage|p1a: Clefable|84/100
|-enditem|p1a: Clefable|Heavy-Duty Boots|[from] move: Knock Off|[of] p2a: Tornadus
|
|upkeep
|turn|20
|
|t:|1667847895
|move|p2a: Tornadus|U-turn|p1a: Clefable
|-resisted|p1a: Clefable
|-damage|p1a: Clefable|79/100
|
|t:|1667847898
|switch|p2a: Toxapex|Toxapex, M|100/100|[from]move: U-turn
|move|p1a: Clefable|Thunder Wave|p2a: Toxapex|[miss]
|-miss|p1a: Clefable|p2a: Toxapex
|
|upkeep
|turn|21
|
|t:|1667847911
|switch|p1a: Slowbro|Slowbro, M|78/100 tox
|move|p2a: Toxapex|Toxic Spikes|p1a: Slowbro
|-sidestart|p1: SMxVale|move: Toxic Spikes
|
|-damage|p1a: Slowbro|71/100 tox|[from] psn
|upkeep
|turn|22
|
|t:|1667847916
|switch|p2a: Moltres|Moltres-Galar|21/100 par
|move|p1a: Slowbro|Future Sight|p2a: Moltres
|-start|p1a: Slowbro|move: Future Sight
|
|-damage|p1a: Slowbro|59/100 tox|[from] psn
|upkeep
|turn|23
|
|t:|1667847921
|switch|p1a: Heatran|Heatran, F|100/100
|move|p2a: Moltres|Fiery Wrath|p1a: Heatran
|-damage|p1a: Heatran|75/100
|
|-heal|p1a: Heatran|81/100|[from] item: Leftovers
|upkeep
|turn|24
|
|t:|1667847928
|move|p1a: Heatran|Magma Storm|p2a: Moltres
|-damage|p2a: Moltres|0 fnt
|faint|p2a: Moltres
|
|-hint|Future Sight did not hit because the target is fainted.
|-heal|p1a: Heatran|87/100|[from] item: Leftovers
|upkeep
|
|t:|1667847930
|switch|p2a: Garchomp|Garchomp, M|54/100
|turn|25
|
|t:|1667847951
|move|p2a: Garchomp|Stealth Rock|p1a: Heatran
|-sidestart|p1: SMxVale|move: Stealth Rock
|move|p1a: Heatran|Toxic|p2a: Garchomp
|-status|p2a: Garchomp|tox
|
|-heal|p2a: Garchomp|60/100 tox|[from] item: Leftovers
|-heal|p1a: Heatran|93/100|[from] item: Leftovers
|-damage|p2a: Garchomp|54/100 tox|[from] psn
|upkeep
|turn|26
|
|t:|1667847959
|move|p1a: Heatran|Protect|p1a: Heatran
|-singleturn|p1a: Heatran|Protect
|move|p2a: Garchomp|Earthquake|p1a: Heatran
|-activate|p1a: Heatran|move: Protect
|
|-heal|p2a: Garchomp|60/100 tox|[from] item: Leftovers
|-heal|p1a: Heatran|99/100|[from] item: Leftovers
|-damage|p2a: Garchomp|47/100 tox|[from] psn
|upkeep
|turn|27
|
|t:|1667847969
|switch|p1a: Landorus|Landorus-Therian, M|99/100
|-damage|p1a: Landorus|88/100|[from] Stealth Rock
|-ability|p1a: Landorus|Intimidate|boost
|-unboost|p2a: Garchomp|atk|1
|move|p2a: Garchomp|Earthquake|p1a: Landorus
|-immune|p1a: Landorus
|
|-heal|p2a: Garchomp|54/100 tox|[from] item: Leftovers
|-heal|p1a: Landorus|94/100|[from] item: Leftovers
|-damage|p2a: Garchomp|35/100 tox|[from] psn
|upkeep
|turn|28
|
|t:|1667847990
|switch|p1a: Slowbro|Slowbro, M|93/100 tox
|move|p2a: Garchomp|Toxic|p1a: Slowbro
|-fail|p1a: Slowbro|tox
|
|-heal|p2a: Garchomp|41/100 tox|[from] item: Leftovers
|-damage|p2a: Garchomp|16/100 tox|[from] psn
|-damage|p1a: Slowbro|87/100 tox|[from] psn
|upkeep
|turn|29
|
|t:|1667847997
|switch|p2a: Regieleki|Regieleki|100/100
|move|p1a: Slowbro|Future Sight|p2a: Regieleki
|-start|p1a: Slowbro|move: Future Sight
|
|-damage|p1a: Slowbro|74/100 tox|[from] psn
|upkeep
|turn|30
|
|t:|1667848002
|switch|p2a: Tornadus|Tornadus-Therian, M|100/100
|switch|p1a: Landorus|Landorus-Therian, M|94/100
|-damage|p1a: Landorus|82/100|[from] Stealth Rock
|-ability|p1a: Landorus|Intimidate|boost
|-unboost|p2a: Tornadus|atk|1
|
|-heal|p1a: Landorus|88/100|[from] item: Leftovers
|upkeep
|turn|31
|
|t:|1667848013
|move|p2a: Tornadus|Knock Off|p1a: Landorus
|-damage|p1a: Landorus|75/100
|-enditem|p1a: Landorus|Leftovers|[from] move: Knock Off|[of] p2a: Tornadus
|move|p1a: Landorus|Defog|p2a: Tornadus
|-unboost|p2a: Tornadus|evasion|1
|-sideend|p1: SMxVale|Toxic Spikes|[from] move: Defog|[of] p1a: Landorus
|-sideend|p1: SMxVale|Stealth Rock|[from] move: Defog|[of] p1a: Landorus
|
|-end|p2a: Tornadus|move: Future Sight
|-damage|p2a: Tornadus|60/100
|upkeep
|turn|32
|
|t:|1667848019
|move|p2a: Tornadus|Knock Off|p1a: Landorus
|-damage|p1a: Landorus|66/100
|move|p1a: Landorus|U-turn|p2a: Tornadus
|-resisted|p2a: Tornadus
|-damage|p2a: Tornadus|49/100
|
|t:|1667848025
|switch|p1a: Dragapult|Dragapult, M|88/100|[from]move: U-turn
|
|upkeep
|turn|33
|
|t:|1667848029
|switch|p2a: Ferrothorn|Ferrothorn, M|100/100
|move|p1a: Dragapult|Shadow Ball|p2a: Ferrothorn
|-damage|p2a: Ferrothorn|52/100
|-unboost|p2a: Ferrothorn|spd|1
|
|-heal|p2a: Ferrothorn|58/100|[from] item: Leftovers
|upkeep
|turn|34
|
|t:|1667848036
|move|p1a: Dragapult|Shadow Ball|p2a: Ferrothorn
|-damage|p2a: Ferrothorn|0 fnt
|faint|p2a: Ferrothorn
|
|upkeep
|
|t:|1667848039
|switch|p2a: Tornadus|Tornadus-Therian, M|82/100
|turn|35
|
|t:|1667848062
|switch|p1a: Slowbro|Slowbro, M|100/100 tox
|move|p2a: Tornadus|Knock Off|p1a: Slowbro
|-supereffective|p1a: Slowbro
|-damage|p1a: Slowbro|77/100 tox
|-enditem|p1a: Slowbro|Heavy-Duty Boots|[from] move: Knock Off|[of] p2a: Tornadus
|
|-damage|p1a: Slowbro|70/100 tox|[from] psn
|upkeep
|turn|36
|
|t:|1667848067
|move|p2a: Tornadus|U-turn|p1a: Slowbro
|-supereffective|p1a: Slowbro
|-damage|p1a: Slowbro|52/100 tox
|
|t:|1667848069
|switch|p2a: Toxapex|Toxapex, M|100/100|[from]move: U-turn
|move|p1a: Slowbro|Teleport|p1a: Slowbro
|
|t:|1667848078
|switch|p1a: Landorus|Landorus-Therian, M|66/100|[from]move: Teleport
|-ability|p1a: Landorus|Intimidate|boost
|-unboost|p2a: Toxapex|atk|1
|
|upkeep
|turn|37
|
|t:|1667848083
|move|p1a: Landorus|Earthquake|p2a: Toxapex
|-supereffective|p2a: Toxapex
|-damage|p2a: Toxapex|47/100
|move|p2a: Toxapex|Scald|p1a: Landorus
|-supereffective|p1a: Landorus
|-damage|p1a: Landorus|38/100
|
|upkeep
|turn|38
|
|t:|1667848090
|move|p1a: Landorus|U-turn|p2a: Toxapex
|-resisted|p2a: Toxapex
|-damage|p2a: Toxapex|40/100
|-damage|p1a: Landorus|22/100|[from] item: Rocky Helmet|[of] p2a: Toxapex
|
|t:|1667848096
|switch|p1a: Dragapult|Dragapult, M|88/100|[from]move: U-turn
|move|p2a: Toxapex|Scald|p1a: Dragapult
|-resisted|p1a: Dragapult
|-damage|p1a: Dragapult|76/100
|
|upkeep
|turn|39
|
|t:|1667848102
|switch|p2a: Garchomp|Garchomp, M|16/100 tox
|move|p1a: Dragapult|Shadow Ball|p2a: Garchomp
|-damage|p2a: Garchomp|0 fnt
|faint|p2a: Garchomp
|
|upkeep
|
|t:|1667848104
|switch|p2a: Tornadus|Tornadus-Therian, M|100/100
|turn|40
|
|t:|1667848113
|switch|p1a: Slowbro|Slowbro, M|85/100 tox
|move|p2a: Tornadus|U-turn|p1a: Slowbro
|-supereffective|p1a: Slowbro
|-damage|p1a: Slowbro|68/100 tox
|
|t:|1667848118
|switch|p2a: Toxapex|Toxapex, M|73/100|[from]move: U-turn
|
|-damage|p1a: Slowbro|62/100 tox|[from] psn
|upkeep
|turn|41
|
|t:|1667848123
|switch|p1a: Clefable|Clefable, M|79/100
|move|p2a: Toxapex|Toxic Spikes|p1a: Clefable
|-sidestart|p1: SMxVale|move: Toxic Spikes
|
|upkeep
|turn|42
|
|t:|1667848128
|switch|p2a: Regieleki|Regieleki|100/100
|move|p1a: Clefable|Stealth Rock|p2a: Regieleki
|-sidestart|p2: alvar03|move: Stealth Rock
|
|upkeep
|turn|43
|
|t:|1667848141
|switch|p1a: Heatran|Heatran, F|99/100
|move|p2a: Regieleki|Electro Ball|p1a: Heatran
|-damage|p1a: Heatran|70/100
|
|-heal|p1a: Heatran|76/100|[from] item: Leftovers
|upkeep
|turn|44
|c| BabyPigsAreLaughin|Is this about to be a 6-0?
|
|t:|1667848150
|move|p2a: Regieleki|Volt Switch|p1a: Heatran
|-damage|p1a: Heatran|49/100
|
|t:|1667848154
|switch|p2a: Tornadus|Tornadus-Therian, M|100/100|[from]move: Volt Switch
|move|p1a: Heatran|Magma Storm|p2a: Tornadus|[miss]
|-miss|p1a: Heatran|p2a: Tornadus
|
|-heal|p1a: Heatran|55/100|[from] item: Leftovers
|upkeep
|turn|45
|j| DukeStarr
|
|t:|1667848159
|move|p1a: Heatran|Protect|p1a: Heatran
|-singleturn|p1a: Heatran|Protect
|move|p2a: Tornadus|Knock Off|p1a: Heatran
|-activate|p1a: Heatran|move: Protect
|
|-heal|p1a: Heatran|62/100|[from] item: Leftovers
|upkeep
|turn|46
|c|☆SMxVale|nah
|
|t:|1667848166
|switch|p1a: Slowbro|Slowbro, M|95/100 tox
|move|p2a: Tornadus|Knock Off|p1a: Slowbro
|-supereffective|p1a: Slowbro
|-damage|p1a: Slowbro|80/100 tox
|
|-damage|p1a: Slowbro|74/100 tox|[from] psn
|upkeep
|turn|47
|
|t:|1667848175
|move|p2a: Tornadus|Hurricane|p1a: Slowbro
|-crit|p1a: Slowbro
|-damage|p1a: Slowbro|13/100 tox
|move|p1a: Slowbro|Teleport|p1a: Slowbro
|
|t:|1667848178
|switch|p1a: Melmetal|Melmetal|100/100|[from]move: Teleport
|
|upkeep
|turn|48
|
|t:|1667848182
|move|p2a: Tornadus|U-turn|p1a: Melmetal
|-resisted|p1a: Melmetal
|-damage|p1a: Melmetal|96/100
|
|t:|1667848183
|switch|p2a: Toxapex|Toxapex, M|100/100|[from]move: U-turn
|-damage|p2a: Toxapex|88/100|[from] Stealth Rock
|move|p1a: Melmetal|Thunder Wave|p2a: Toxapex
|-status|p2a: Toxapex|par
|
|upkeep
|turn|49
|
|t:|1667848190
|move|p1a: Melmetal|Double Iron Bash|p2a: Toxapex
|-resisted|p2a: Toxapex
|-damage|p2a: Toxapex|77/100 par
|-resisted|p2a: Toxapex
|-damage|p2a: Toxapex|65/100 par
|-hitcount|p2a: Toxapex|2
|move|p2a: Toxapex|Scald|p1a: Melmetal
|-damage|p1a: Melmetal|75/100
|
|upkeep
|turn|50
|
|t:|1667848198
|move|p1a: Melmetal|Double Iron Bash|p2a: Toxapex
|-resisted|p2a: Toxapex
|-damage|p2a: Toxapex|52/100 par
|-resisted|p2a: Toxapex
|-damage|p2a: Toxapex|40/100 par
|-hitcount|p2a: Toxapex|2
|cant|p2a: Toxapex|flinch
|
|upkeep
|turn|51
|
|t:|1667848203
|move|p1a: Melmetal|Double Iron Bash|p2a: Toxapex
|-resisted|p2a: Toxapex
|-damage|p2a: Toxapex|28/100 par
|-resisted|p2a: Toxapex
|-crit|p2a: Toxapex
|-damage|p2a: Toxapex|10/100 par
|-hitcount|p2a: Toxapex|2
|cant|p2a: Toxapex|par
|
|upkeep
|turn|52
|
|t:|1667848209
|switch|p2a: Regieleki|Regieleki|100/100
|move|p1a: Melmetal|Thunder Punch|p2a: Regieleki
|-resisted|p2a: Regieleki
|-damage|p2a: Regieleki|70/100
|
|upkeep
|turn|53
|c| DukeStarr|oof
|
|t:|1667848226
|switch|p1a: Clefable|Clefable, M|79/100
|-status|p1a: Clefable|psn
|move|p2a: Regieleki|Volt Switch|p1a: Clefable
|-damage|p1a: Clefable|37/100 psn
|
|t:|1667848232
|switch|p2a: Toxapex|Toxapex, M|43/100 par|[from]move: Volt Switch
|-damage|p2a: Toxapex|31/100 par|[from] Stealth Rock
|
|-damage|p1a: Clefable|25/100 psn|[from] psn
|upkeep
|turn|54
|
|t:|1667848244
|move|p1a: Clefable|Moonblast|p2a: Toxapex
|-resisted|p2a: Toxapex
|-damage|p2a: Toxapex|19/100 par
|cant|p2a: Toxapex|par
|
|-damage|p1a: Clefable|12/100 psn|[from] psn
|upkeep
|turn|55
|j| bruhbruhlol9
|inactive|SMxVale has 120 seconds left.
|
|t:|1667848278
|switch|p1a: Melmetal|Melmetal|75/100
|move|p2a: Toxapex|Recover|p2a: Toxapex
|-heal|p2a: Toxapex|69/100 par
|
|upkeep
|turn|56
|
|t:|1667848283
|move|p1a: Melmetal|Double Iron Bash|p2a: Toxapex
|-resisted|p2a: Toxapex
|-damage|p2a: Toxapex|57/100 par
|-resisted|p2a: Toxapex
|-damage|p2a: Toxapex|45/100 par
|-hitcount|p2a: Toxapex|2
|cant|p2a: Toxapex|flinch
|
|upkeep
|turn|57
|
|t:|1667848289
|move|p1a: Melmetal|Thunder Punch|p2a: Toxapex
|-supereffective|p2a: Toxapex
|-damage|p2a: Toxapex|7/100 par
|cant|p2a: Toxapex|par
|
|upkeep
|turn|58
|c| BabyPigsAreLaughin|It's over.
|
|t:|1667848297
|switch|p2a: Tornadus|Tornadus-Therian, M|100/100
|move|p1a: Melmetal|Double Iron Bash|p2a: Tornadus
|-damage|p2a: Tornadus|60/100
|-damage|p2a: Tornadus|18/100
|-hitcount|p2a: Tornadus|2
|
|upkeep
|turn|59
|c|☆SMxVale|might
|c| BabyPigsAreLaughin|Nice 6-0.
|
|t:|1667848313
|move|p2a: Tornadus|Hurricane|p1a: Melmetal|[miss]
|-miss|p2a: Tornadus|p1a: Melmetal
|move|p1a: Melmetal|Double Iron Bash|p2a: Tornadus
|-damage|p2a: Tornadus|0 fnt
|faint|p2a: Tornadus
|-hitcount|p2: Tornadus|1
|
|upkeep
|
|t:|1667848314
|switch|p2a: Regieleki|Regieleki|70/100
|turn|60
|
|t:|1667848319
|switch|p1a: Heatran|Heatran, F|62/100
|move|p2a: Regieleki|Volt Switch|p1a: Heatran
|-damage|p1a: Heatran|36/100
|
|t:|1667848321
|switch|p2a: Toxapex|Toxapex, M|40/100 par|[from]move: Volt Switch
|-damage|p2a: Toxapex|28/100 par|[from] Stealth Rock
|
|-heal|p1a: Heatran|42/100|[from] item: Leftovers
|upkeep
|turn|61
|
|t:|1667848324
|move|p1a: Heatran|Earth Power|p2a: Toxapex
|-supereffective|p2a: Toxapex
|-damage|p2a: Toxapex|0 fnt
|faint|p2a: Toxapex
|
|-heal|p1a: Heatran|48/100|[from] item: Leftovers
|upkeep
|
|t:|1667848326
|switch|p2a: Regieleki|Regieleki|70/100
|turn|62
|c|☆SMxVale|gg
|
|t:|1667848331
|move|p1a: Heatran|Protect|p1a: Heatran
|-singleturn|p1a: Heatran|Protect
|move|p2a: Regieleki|Electro Ball|p1a: Heatran
|-activate|p1a: Heatran|move: Protect
|
|-heal|p1a: Heatran|54/100|[from] item: Leftovers
|upkeep
|turn|63
|
|t:|1667848333
|move|p2a: Regieleki|Electro Ball|p1a: Heatran
|-damage|p1a: Heatran|24/100
|move|p1a: Heatran|Earth Power|p2a: Regieleki
|-supereffective|p2a: Regieleki
|-damage|p2a: Regieleki|0 fnt
|faint|p2a: Regieleki
|
|win|SMxVale
|raw|SMxVale's rating: 1811 &rarr; <strong>1832</strong><br />(+21 for winning)
|raw|alvar03's rating: 1830 &rarr; <strong>1809</strong><br />(-21 for losing)
|l|☆alvar03
|c| BabyPigsAreLaughin|Destroyed him.
||Ladder isn't responding, score probably updated but might not have (Request timeout).
|l| Serek94
|l|☆SMxVale
|l| bruhbruhlol9
|l| charqe Q
|l| Sutenbakku
|l| DukeStarr
|l| Devator
|l| BabyPigsAreLaughin
|j| TeslaTheJolteon
