|j|☆friedfreak
|j|☆sunyata
|player|p1|friedfreak|cyclist-gen4|1595
|player|p2|sunyata|265|1539
|teamsize|p1|6
|teamsize|p2|6
|gametype|singles
|gen|8
|tier|[Gen 8] OU
|rated|
|clearpoke
|poke|p1|Ferrothorn, F|
|poke|p1|Clefable, F|
|poke|p1|Urshifu-*, M|
|poke|p1|Rotom-Heat|
|poke|p1|Gengar, M|
|poke|p1|Mamoswine, F|
|poke|p2|Urshifu-*, F|
|poke|p2|Rillaboom, M|
|poke|p2|Alakazam, F|
|poke|p2|Chansey, F|
|poke|p2|Magearna|
|poke|p2|Toxapex, M|
|rule|Sleep Clause Mod: Limit one foe put to sleep
|rule|Species Clause: Limit one of each Pokémon
|rule|OHKO Clause: OHKO moves are banned
|rule|Evasion Moves Clause: Evasion moves are banned
|rule|Endless Battle Clause: Forcing endless battles is banned
|rule|HP Percentage Mod: HP is shown in percentages
|rule|Dynamax Clause: You cannot dynamax
|teampreview
|j| Powertrainer321
|
|start
|switch|p1a: Clefable|Clefable, F|100/100
|switch|p2a: Rillaboom|Rillaboom, M|100/100
|-fieldstart|move: Grassy Terrain|[from] ability: Grassy Surge|[of] p2a: Rillaboom
|turn|1
|
|switch|p1a: Ferrothorn|Ferrothorn, F|100/100
|move|p2a: Rillaboom|Grassy Glide|p1a: Ferrothorn
|-resisted|p1a: Ferrothorn
|-damage|p1a: Ferrothorn|90/100
|-damage|p2a: Rillaboom|88/100|[from] ability: Iron Barbs|[of] p1a: Ferrothorn
|-damage|p2a: Rillaboom|78/100|[from] item: Life Orb
|
|-heal|p2a: Rillaboom|84/100|[from] Grassy Terrain
|-heal|p1a: Ferrothorn|96/100|[from] item: Leftovers
|-heal|p1a: Ferrothorn|100/100|[from] Grassy Terrain
|upkeep
|turn|2
|
|move|p2a: Rillaboom|Bulk Up|p2a: Rillaboom
|-boost|p2a: Rillaboom|atk|1
|-boost|p2a: Rillaboom|def|1
|move|p1a: Ferrothorn|Spikes|p2a: Rillaboom
|-sidestart|p2: sunyata|Spikes
|
|-heal|p2a: Rillaboom|91/100|[from] Grassy Terrain
|upkeep
|turn|3
|
|switch|p1a: Rotom|Rotom-Heat|100/100
|move|p2a: Rillaboom|Drain Punch|p1a: Rotom
|-damage|p1a: Rotom|39/100
|-heal|p2a: Rillaboom|100/100|[from] drain|[of] p1a: Rotom
|-damage|p2a: Rillaboom|91/100|[from] item: Life Orb
|
|-heal|p2a: Rillaboom|97/100|[from] Grassy Terrain
|upkeep
|turn|4
|
|move|p2a: Rillaboom|Grassy Glide|p1a: Rotom
|-resisted|p1a: Rotom
|-damage|p1a: Rotom|0 fnt
|-damage|p2a: Rillaboom|87/100|[from] item: Life Orb
|faint|p1a: Rotom
|
|-heal|p2a: Rillaboom|93/100|[from] Grassy Terrain
|upkeep
|
|switch|p1a: Gengar|Gengar, M|100/100
|turn|5
|
|switch|p1a: Clefable|Clefable, F|100/100
|move|p2a: Rillaboom|Grassy Glide|p1a: Clefable
|-damage|p1a: Clefable|21/100
|-damage|p2a: Rillaboom|83/100|[from] item: Life Orb
|
|-heal|p2a: Rillaboom|89/100|[from] Grassy Terrain
|-heal|p1a: Clefable|27/100|[from] item: Leftovers
|-heal|p1a: Clefable|33/100|[from] Grassy Terrain
|-fieldend|move: Grassy Terrain
|upkeep
|turn|6
|
|move|p2a: Rillaboom|Grassy Glide|p1a: Clefable
|-damage|p1a: Clefable|0 fnt
|-damage|p2a: Rillaboom|79/100|[from] item: Life Orb
|faint|p1a: Clefable
|
|upkeep
|
|switch|p1a: Gengar|Gengar, M|100/100
|turn|7
|
|move|p1a: Gengar|Sludge Wave|p2a: Rillaboom
|-supereffective|p2a: Rillaboom
|-damage|p2a: Rillaboom|0 fnt
|faint|p2a: Rillaboom
|
|upkeep
|l| Powertrainer321
|
|switch|p2a: Magearna|Magearna|100/100
|-damage|p2a: Magearna|88/100|[from] Spikes
|turn|8
|
|switch|p1a: Ferrothorn|Ferrothorn, F|100/100
|move|p2a: Magearna|Flash Cannon|p1a: Ferrothorn
|-resisted|p1a: Ferrothorn
|-damage|p1a: Ferrothorn|85/100
|
|-heal|p1a: Ferrothorn|91/100|[from] item: Leftovers
|upkeep
|turn|9
|
|switch|p2a: Urshifu|Urshifu-Rapid-Strike, F|100/100
|-damage|p2a: Urshifu|88/100|[from] Spikes
|move|p1a: Ferrothorn|Knock Off|p2a: Urshifu
|-resisted|p2a: Urshifu
|-damage|p2a: Urshifu|77/100
|-enditem|p2a: Urshifu|Life Orb|[from] move: Knock Off|[of] p1a: Ferrothorn
|
|-heal|p1a: Ferrothorn|97/100|[from] item: Leftovers
|upkeep
|turn|10
|
|move|p2a: Urshifu|Close Combat|p1a: Ferrothorn
|-supereffective|p1a: Ferrothorn
|-damage|p1a: Ferrothorn|20/100
|-unboost|p2a: Urshifu|def|1
|-unboost|p2a: Urshifu|spd|1
|-damage|p2a: Urshifu|65/100|[from] ability: Iron Barbs|[of] p1a: Ferrothorn
|move|p1a: Ferrothorn|Power Whip|p2a: Urshifu
|-supereffective|p2a: Urshifu
|-damage|p2a: Urshifu|0 fnt
|faint|p2a: Urshifu
|
|-heal|p1a: Ferrothorn|26/100|[from] item: Leftovers
|upkeep
|
|switch|p2a: Alakazam|Alakazam, F|100/100
|turn|11
|
|move|p2a: Alakazam|Shadow Ball|p1a: Ferrothorn
|-crit|p1a: Ferrothorn
|-damage|p1a: Ferrothorn|0 fnt
|faint|p1a: Ferrothorn
|
|upkeep
|
|switch|p1a: Urshifu|Urshifu-Rapid-Strike, M|100/100
|turn|12
|
|move|p1a: Urshifu|U-turn|p2a: Alakazam
|-supereffective|p2a: Alakazam
|-damage|p2a: Alakazam|0 fnt
|faint|p2a: Alakazam
|
|switch|p1a: Mamoswine|Mamoswine, F|100/100|[from]move: U-turn
|
|upkeep
|
|switch|p2a: Chansey|Chansey, F|100/100
|-damage|p2a: Chansey|88/100|[from] Spikes
|turn|13
|
|switch|p1a: Gengar|Gengar, M|100/100
|move|p2a: Chansey|Toxic|p1a: Gengar
|-immune|p1a: Gengar
|
|upkeep
|turn|14
|
|move|p1a: Gengar|Substitute|p1a: Gengar
|-start|p1a: Gengar|Substitute
|-damage|p1a: Gengar|76/100
|move|p2a: Chansey|Wish|p2a: Chansey
|
|-heal|p1a: Gengar|82/100|[from] item: Black Sludge
|upkeep
|turn|15
|
|switch|p2a: Magearna|Magearna|88/100
|-damage|p2a: Magearna|76/100|[from] Spikes
|move|p1a: Gengar|Nasty Plot|p1a: Gengar
|-boost|p1a: Gengar|spa|2
|
|-heal|p2a: Magearna|100/100|[from] move: Wish|[wisher] Chansey
|-heal|p1a: Gengar|88/100|[from] item: Black Sludge
|upkeep
|turn|16
|
|move|p1a: Gengar|Shadow Ball|p2a: Magearna
|-damage|p2a: Magearna|17/100
|-unboost|p2a: Magearna|spd|1
|move|p2a: Magearna|Flash Cannon|p1a: Gengar
|-end|p1a: Gengar|Substitute
|
|-heal|p1a: Gengar|94/100|[from] item: Black Sludge
|upkeep
|turn|17
|
|move|p1a: Gengar|Shadow Ball|p2a: Magearna
|-damage|p2a: Magearna|0 fnt
|faint|p2a: Magearna
|
|-heal|p1a: Gengar|99/100|[from] item: Black Sludge
|upkeep
|
|switch|p2a: Toxapex|Toxapex, M|100/100
|-damage|p2a: Toxapex|88/100|[from] Spikes
|turn|18
|
|move|p1a: Gengar|Substitute|p1a: Gengar
|-start|p1a: Gengar|Substitute
|-damage|p1a: Gengar|75/100
|move|p2a: Toxapex|Haze|p2a: Toxapex
|-clearallboost
|
|-heal|p1a: Gengar|81/100|[from] item: Black Sludge
|-heal|p2a: Toxapex|94/100|[from] item: Black Sludge
|upkeep
|turn|19
|
|move|p1a: Gengar|Nasty Plot|p1a: Gengar
|-boost|p1a: Gengar|spa|2
|move|p2a: Toxapex|Scald|p1a: Gengar
|-end|p1a: Gengar|Substitute
|
|-heal|p1a: Gengar|87/100|[from] item: Black Sludge
|-heal|p2a: Toxapex|100/100|[from] item: Black Sludge
|upkeep
|turn|20
|
|move|p1a: Gengar|Shadow Ball|p2a: Toxapex
|-damage|p2a: Toxapex|35/100
|-unboost|p2a: Toxapex|spd|1
|move|p2a: Toxapex|Haze|p2a: Toxapex
|-clearallboost
|
|-heal|p1a: Gengar|94/100|[from] item: Black Sludge
|-heal|p2a: Toxapex|42/100|[from] item: Black Sludge
|upkeep
|turn|21
|
|switch|p2a: Chansey|Chansey, F|88/100
|-damage|p2a: Chansey|76/100|[from] Spikes
|move|p1a: Gengar|Nasty Plot|p1a: Gengar
|-boost|p1a: Gengar|spa|2
|
|-heal|p1a: Gengar|99/100|[from] item: Black Sludge
|upkeep
|turn|22
|
|move|p1a: Gengar|Nasty Plot|p1a: Gengar
|-boost|p1a: Gengar|spa|2
|move|p2a: Chansey|Wish|p2a: Chansey
|
|-heal|p1a: Gengar|100/100|[from] item: Black Sludge
|upkeep
|turn|23
|
|switch|p2a: Toxapex|Toxapex, M|75/100
|-damage|p2a: Toxapex|62/100|[from] Spikes
|move|p1a: Gengar|Nasty Plot|p1a: Gengar
|-boost|p1a: Gengar|spa|2
|
|-heal|p2a: Toxapex|100/100|[from] move: Wish|[wisher] Chansey
|upkeep
|turn|24
|
|move|p1a: Gengar|Shadow Ball|p2a: Toxapex
|-damage|p2a: Toxapex|0 fnt
|faint|p2a: Toxapex
|
|upkeep
|-message|sunyata forfeited.
|
|win|friedfreak
|l|☆sunyata
|raw|friedfreak's rating: 1595 &rarr; <strong>1612</strong><br />(+17 for winning)
|raw|sunyata's rating: 1539 &rarr; <strong>1522</strong><br />(-17 for losing)
