|j|☆Lockjaw
|j|☆cute pink team
|t:|1658246928
|gametype|singles
|player|p1|Lockjaw|#puwcop2021brazil|1906
|player|p2|cute pink team|youngster|1818
|teamsize|p1|6
|teamsize|p2|6
|gen|8
|tier|[Gen 8] OU
|rated|
|rule|Sleep Clause Mod: Limit one foe put to sleep
|rule|Species Clause: Limit one of each Pokémon
|rule|OHKO Clause: OHKO moves are banned
|rule|Evasion Moves Clause: Evasion moves are banned
|rule|Endless Battle Clause: Forcing endless battles is banned
|rule|HP Percentage Mod: HP is shown in percentages
|rule|Dynamax Clause: You cannot dynamax
|clearpoke
|poke|p1|Nihilego|
|poke|p1|Bisharp, M|
|poke|p1|Magnezone|
|poke|p1|Landorus-Therian, M|
|poke|p1|Tapu Fini|
|poke|p1|Rillaboom, F|
|poke|p2|Mamoswine, M|
|poke|p2|Ditto|
|poke|p2|Tapu Lele|
|poke|p2|Corviknight, F|
|poke|p2|Tapu Fini|
|poke|p2|Zapdos|
|teampreview
|
|t:|1658246939
|start
|switch|p1a: Landorus|Landorus-Therian, M|100/100
|switch|p2a: Tapu Fini|Tapu Fini|100/100
|-ability|p1a: Landorus|Intimidate|boost
|-unboost|p2a: Tapu Fini|atk|1
|-fieldstart|move: Misty Terrain|[from] ability: Misty Surge|[of] p2a: Tapu Fini
|turn|1
|
|t:|1658246946
|move|p1a: Landorus|Stealth Rock|p2a: Tapu Fini
|-sidestart|p2: cute pink team|move: Stealth Rock
|move|p2a: Tapu Fini|Trick|p1a: Landorus
|-activate|p2a: Tapu Fini|move: Trick|[of] p1a: Landorus
|-item|p1a: Landorus|Sticky Barb|[from] move: Trick
|-item|p2a: Tapu Fini|Leftovers|[from] move: Trick
|
|-damage|p1a: Landorus|88/100|[from] item: Sticky Barb
|upkeep
|turn|2
|
|t:|1658246952
|move|p1a: Landorus|Earthquake|p2a: Tapu Fini
|-damage|p2a: Tapu Fini|60/100
|move|p2a: Tapu Fini|Nature's Madness|p1a: Landorus
|-damage|p1a: Landorus|44/100
|
|-heal|p2a: Tapu Fini|66/100|[from] item: Leftovers
|-damage|p1a: Landorus|32/100|[from] item: Sticky Barb
|upkeep
|turn|3
|
|t:|1658246957
|switch|p1a: Magnezone|Magnezone|100/100
|move|p2a: Tapu Fini|Whirlpool|p1a: Magnezone
|-damage|p1a: Magnezone|86/100
|-activate|p1a: Magnezone|move: Whirlpool|[of] p2a: Tapu Fini
|
|-heal|p2a: Tapu Fini|72/100|[from] item: Leftovers
|-damage|p1a: Magnezone|74/100|[from] move: Whirlpool|[partiallytrapped]
|upkeep
|turn|4
|
|t:|1658246969
|move|p2a: Tapu Fini|Nature's Madness|p1a: Magnezone
|-damage|p1a: Magnezone|37/100
|move|p1a: Magnezone|Body Press|p2a: Tapu Fini
|-resisted|p2a: Tapu Fini
|-damage|p2a: Tapu Fini|58/100
|
|-heal|p2a: Tapu Fini|64/100|[from] item: Leftovers
|-damage|p1a: Magnezone|25/100|[from] move: Whirlpool|[partiallytrapped]
|upkeep
|turn|5
|
|t:|1658246974
|switch|p2a: Ditto|Ditto|100/100
|-damage|p2a: Ditto|88/100|[from] Stealth Rock
|-transform|p2a: Ditto|p1a: Magnezone|[from] ability: Imposter
|move|p1a: Magnezone|Thunderbolt|p2a: Ditto
|-resisted|p2a: Ditto
|-damage|p2a: Ditto|64/100
|
|-end|p1a: Magnezone|Whirlpool|[partiallytrapped]|[silent]
|-fieldend|Misty Terrain
|upkeep
|turn|6
|
|t:|1658246979
|move|p2a: Ditto|Body Press|p1a: Magnezone
|-supereffective|p1a: Magnezone
|-enditem|p1a: Magnezone|Chople Berry|[eat]
|-enditem|p1a: Magnezone|Chople Berry|[weaken]
|-damage|p1a: Magnezone|4/100
|move|p1a: Magnezone|Body Press|p2a: Ditto
|-supereffective|p2a: Ditto
|-damage|p2a: Ditto|22/100
|
|upkeep
|turn|7
|j| jeanmilapipe
|
|t:|1658246983
|move|p2a: Ditto|Body Press|p1a: Magnezone
|-supereffective|p1a: Magnezone
|-damage|p1a: Magnezone|0 fnt
|faint|p1a: Magnezone
|
|upkeep
|
|t:|1658246990
|switch|p1a: Tapu Fini|Tapu Fini|100/100
|-fieldstart|move: Misty Terrain|[from] ability: Misty Surge|[of] p1a: Tapu Fini
|turn|8
|j| AwitaAmarilla
|
|t:|1658247000
|switch|p2a: Tapu Fini|Tapu Fini|64/100
|-damage|p2a: Tapu Fini|52/100|[from] Stealth Rock
|move|p1a: Tapu Fini|Calm Mind|p1a: Tapu Fini
|-boost|p1a: Tapu Fini|spa|1
|-boost|p1a: Tapu Fini|spd|1
|
|-heal|p2a: Tapu Fini|58/100|[from] item: Leftovers
|upkeep
|turn|9
|j| sad3-ist
|
|t:|1658247008
|move|p1a: Tapu Fini|Calm Mind|p1a: Tapu Fini
|-boost|p1a: Tapu Fini|spa|1
|-boost|p1a: Tapu Fini|spd|1
|move|p2a: Tapu Fini|Nature's Madness|p1a: Tapu Fini
|-damage|p1a: Tapu Fini|50/100
|
|-heal|p1a: Tapu Fini|57/100|[from] item: Leftovers
|-heal|p2a: Tapu Fini|64/100|[from] item: Leftovers
|upkeep
|turn|10
|j| Grunge only
|
|t:|1658247015
|move|p1a: Tapu Fini|Draining Kiss|p2a: Tapu Fini
|-damage|p2a: Tapu Fini|43/100
|-heal|p1a: Tapu Fini|73/100|[from] drain|[of] p2a: Tapu Fini
|move|p2a: Tapu Fini|Taunt|p1a: Tapu Fini
|-start|p1a: Tapu Fini|move: Taunt
|
|-heal|p1a: Tapu Fini|79/100|[from] item: Leftovers
|-heal|p2a: Tapu Fini|49/100|[from] item: Leftovers
|upkeep
|turn|11
|
|t:|1658247022
|switch|p2a: Corviknight|Corviknight, F|100/100
|-damage|p2a: Corviknight|88/100|[from] Stealth Rock
|-ability|p2a: Corviknight|Pressure
|move|p1a: Tapu Fini|Draining Kiss|p2a: Corviknight
|-resisted|p2a: Corviknight
|-damage|p2a: Corviknight|77/100
|-heal|p1a: Tapu Fini|88/100|[from] drain|[of] p2a: Corviknight
|
|-heal|p1a: Tapu Fini|94/100|[from] item: Leftovers
|-heal|p2a: Corviknight|84/100|[from] item: Leftovers
|upkeep
|turn|12
|
|t:|1658247025
|move|p1a: Tapu Fini|Scald|p2a: Corviknight
|-damage|p2a: Corviknight|45/100
|move|p2a: Corviknight|Defog|p1a: Tapu Fini
|-unboost|p1a: Tapu Fini|evasion|1
|-sideend|p2: cute pink team|Stealth Rock|[from] move: Defog|[of] p2a: Corviknight
|-fieldend|Misty Terrain
|
|-heal|p1a: Tapu Fini|99/100|[from] item: Leftovers
|-heal|p2a: Corviknight|51/100|[from] item: Leftovers
|upkeep
|turn|13
|
|t:|1658247029
|move|p1a: Tapu Fini|Scald|p2a: Corviknight
|-damage|p2a: Corviknight|17/100
|move|p2a: Corviknight|U-turn|p1a: Tapu Fini
|-resisted|p1a: Tapu Fini
|-damage|p1a: Tapu Fini|95/100
|
|t:|1658247030
|switch|p2a: Zapdos|Zapdos|100/100|[from]move: U-turn
|
|-heal|p1a: Tapu Fini|100/100|[from] item: Leftovers
|-end|p1a: Tapu Fini|move: Taunt
|upkeep
|turn|14
|
|t:|1658247032
|move|p2a: Zapdos|Volt Switch|p1a: Tapu Fini
|-supereffective|p1a: Tapu Fini
|-damage|p1a: Tapu Fini|55/100
|
|t:|1658247034
|switch|p2a: Tapu Fini|Tapu Fini|49/100|[from]move: Volt Switch
|-fieldstart|move: Misty Terrain|[from] ability: Misty Surge|[of] p2a: Tapu Fini
|move|p1a: Tapu Fini|Calm Mind|p1a: Tapu Fini
|-boost|p1a: Tapu Fini|spa|1
|-boost|p1a: Tapu Fini|spd|1
|
|-heal|p1a: Tapu Fini|61/100|[from] item: Leftovers
|-heal|p2a: Tapu Fini|55/100|[from] item: Leftovers
|upkeep
|turn|15
|
|t:|1658247035
|move|p1a: Tapu Fini|Draining Kiss|p2a: Tapu Fini
|-damage|p2a: Tapu Fini|29/100
|-heal|p1a: Tapu Fini|80/100|[from] drain|[of] p2a: Tapu Fini
|move|p2a: Tapu Fini|Nature's Madness|p1a: Tapu Fini
|-damage|p1a: Tapu Fini|41/100
|
|-heal|p1a: Tapu Fini|47/100|[from] item: Leftovers
|-heal|p2a: Tapu Fini|35/100|[from] item: Leftovers
|upkeep
|turn|16
|
|t:|1658247041
|move|p1a: Tapu Fini|Draining Kiss|p2a: Tapu Fini
|-crit|p2a: Tapu Fini
|-damage|p2a: Tapu Fini|0 fnt
|-heal|p1a: Tapu Fini|73/100|[from] drain|[of] p2a: Tapu Fini
|faint|p2a: Tapu Fini
|
|-heal|p1a: Tapu Fini|79/100|[from] item: Leftovers
|upkeep
|l| Grunge only
|
|t:|1658247049
|switch|p2a: Zapdos|Zapdos|100/100
|turn|17
|
|t:|1658247053
|move|p2a: Zapdos|Volt Switch|p1a: Tapu Fini
|-supereffective|p1a: Tapu Fini
|-damage|p1a: Tapu Fini|40/100
|
|t:|1658247054
|switch|p2a: Corviknight|Corviknight, F|17/100|[from]move: Volt Switch
|-ability|p2a: Corviknight|Pressure
|move|p1a: Tapu Fini|Draining Kiss|p2a: Corviknight
|-resisted|p2a: Corviknight
|-damage|p2a: Corviknight|3/100
|-heal|p1a: Tapu Fini|52/100|[from] drain|[of] p2a: Corviknight
|
|-heal|p1a: Tapu Fini|58/100|[from] item: Leftovers
|-heal|p2a: Corviknight|9/100|[from] item: Leftovers
|upkeep
|turn|18
|
|t:|1658247058
|move|p1a: Tapu Fini|Draining Kiss|p2a: Corviknight
|-resisted|p2a: Corviknight
|-damage|p2a: Corviknight|0 fnt
|-heal|p1a: Tapu Fini|66/100|[from] drain|[of] p2a: Corviknight
|faint|p2a: Corviknight
|
|-heal|p1a: Tapu Fini|72/100|[from] item: Leftovers
|-fieldend|Misty Terrain
|upkeep
|
|t:|1658247062
|switch|p2a: Tapu Lele|Tapu Lele|100/100
|-fieldstart|move: Psychic Terrain|[from] ability: Psychic Surge|[of] p2a: Tapu Lele
|turn|19
|
|t:|1658247064
|move|p2a: Tapu Lele|Psyshock|p1a: Tapu Fini
|-damage|p1a: Tapu Fini|10/100
|move|p1a: Tapu Fini|Draining Kiss|p2a: Tapu Lele
|-damage|p2a: Tapu Lele|54/100
|-heal|p1a: Tapu Fini|39/100|[from] drain|[of] p2a: Tapu Lele
|
|-heal|p1a: Tapu Fini|45/100|[from] item: Leftovers
|upkeep
|turn|20
|
|t:|1658247068
|switch|p2a: Zapdos|Zapdos|100/100
|switch|p1a: Bisharp|Bisharp, M|100/100
|
|upkeep
|turn|21
|
|t:|1658247071
|switch|p1a: Landorus|Landorus-Therian, M|32/100
|-ability|p1a: Landorus|Intimidate|boost
|-unboost|p2a: Zapdos|atk|1
|move|p2a: Zapdos|Heat Wave|p1a: Landorus
|-damage|p1a: Landorus|0 fnt
|faint|p1a: Landorus
|
|upkeep
|
|t:|1658247076
|switch|p1a: Tapu Fini|Tapu Fini|45/100
|-fieldstart|move: Misty Terrain|[from] ability: Misty Surge|[of] p1a: Tapu Fini
|turn|22
|
|t:|1658247079
|switch|p2a: Tapu Lele|Tapu Lele|54/100
|-fieldstart|move: Psychic Terrain|[from] ability: Psychic Surge|[of] p2a: Tapu Lele
|move|p1a: Tapu Fini|Draining Kiss|p2a: Tapu Lele
|-damage|p2a: Tapu Lele|36/100
|-heal|p1a: Tapu Fini|55/100|[from] drain|[of] p2a: Tapu Lele
|
|-heal|p1a: Tapu Fini|61/100|[from] item: Leftovers
|upkeep
|turn|23
|
|t:|1658247093
|move|p2a: Tapu Lele|Psychic|p1a: Tapu Fini
|-damage|p1a: Tapu Fini|0 fnt
|faint|p1a: Tapu Fini
|
|upkeep
|
|t:|1658247095
|switch|p1a: Bisharp|Bisharp, M|100/100
|turn|24
|
|t:|1658247103
|switch|p2a: Ditto|Ditto|22/100
|-transform|p2a: Ditto|p1a: Bisharp|[from] ability: Imposter
|move|p1a: Bisharp|Knock Off|p2a: Ditto
|-resisted|p2a: Ditto
|-damage|p2a: Ditto|0 fnt
|-enditem|p2a: Ditto|Choice Scarf|[from] move: Knock Off|[of] p1a: Bisharp
|faint|p2a: Ditto
|-damage|p1a: Bisharp|91/100|[from] item: Life Orb
|
|upkeep
|
|t:|1658247105
|switch|p2a: Zapdos|Zapdos|100/100
|turn|25
|
|t:|1658247108
|switch|p1a: Nihilego|Nihilego|100/100
|move|p2a: Zapdos|Thunderbolt|p1a: Nihilego
|-damage|p1a: Nihilego|43/100
|
|upkeep
|turn|26
|
|t:|1658247115
|switch|p1a: Rillaboom|Rillaboom, F|100/100
|-fieldstart|move: Grassy Terrain|[from] ability: Grassy Surge|[of] p1a: Rillaboom
|switch|p2a: Mamoswine|Mamoswine, M|100/100
|
|upkeep
|turn|27
|
|t:|1658247122
|switch|p2a: Zapdos|Zapdos|100/100
|move|p1a: Rillaboom|Wood Hammer|p2a: Zapdos
|-resisted|p2a: Zapdos
|-damage|p2a: Zapdos|17/100
|-damage|p1a: Rillaboom|74/100|[from] Recoil
|
|-heal|p1a: Rillaboom|81/100|[from] Grassy Terrain
|upkeep
|turn|28
|
|t:|1658247129
|switch|p1a: Nihilego|Nihilego|43/100
|move|p2a: Zapdos|Heat Wave|p1a: Nihilego
|-resisted|p1a: Nihilego
|-damage|p1a: Nihilego|23/100
|
|-heal|p1a: Nihilego|29/100|[from] Grassy Terrain
|upkeep
|turn|29
|
|t:|1658247134
|switch|p2a: Mamoswine|Mamoswine, M|100/100
|move|p1a: Nihilego|Meteor Beam||[still]
|-prepare|p1a: Nihilego|Meteor Beam
|-boost|p1a: Nihilego|spa|1
|-enditem|p1a: Nihilego|Power Herb
|-anim|p1a: Nihilego|Meteor Beam|p2a: Mamoswine
|-damage|p2a: Mamoswine|44/100
|
|-heal|p1a: Nihilego|36/100|[from] Grassy Terrain
|-heal|p2a: Mamoswine|50/100|[from] Grassy Terrain
|upkeep
|turn|30
|
|t:|1658247140
|move|p1a: Nihilego|Power Gem|p2a: Mamoswine
|-damage|p2a: Mamoswine|14/100
|move|p2a: Mamoswine|Icicle Crash|p1a: Nihilego
|-damage|p1a: Nihilego|0 fnt
|faint|p1a: Nihilego
|
|-heal|p2a: Mamoswine|20/100|[from] Grassy Terrain
|-fieldend|move: Grassy Terrain
|upkeep
|
|t:|1658247142
|switch|p1a: Rillaboom|Rillaboom, F|81/100
|-fieldstart|move: Grassy Terrain|[from] ability: Grassy Surge|[of] p1a: Rillaboom
|turn|31
|
|t:|1658247146
|move|p1a: Rillaboom|Grassy Glide|p2a: Mamoswine
|-supereffective|p2a: Mamoswine
|-damage|p2a: Mamoswine|0 fnt
|faint|p2a: Mamoswine
|
|-heal|p1a: Rillaboom|87/100|[from] Grassy Terrain
|upkeep
|
|t:|1658247148
|switch|p2a: Tapu Lele|Tapu Lele|36/100
|-fieldstart|move: Psychic Terrain|[from] ability: Psychic Surge|[of] p2a: Tapu Lele
|turn|32
|
|t:|1658247182
|move|p2a: Tapu Lele|Moonblast|p1a: Rillaboom
|-damage|p1a: Rillaboom|0 fnt
|faint|p1a: Rillaboom
|
|upkeep
|
|t:|1658247184
|switch|p1a: Bisharp|Bisharp, M|91/100
|turn|33
|
|t:|1658247189
|move|p2a: Tapu Lele|Moonblast|p1a: Bisharp
|-damage|p1a: Bisharp|0 fnt
|faint|p1a: Bisharp
|
|win|cute pink team
|raw|Lockjaw's rating: 1906 &rarr; <strong>1881</strong><br />(-25 for losing)
|raw|cute pink team's rating: 1818 &rarr; <strong>1843</strong><br />(+25 for winning)
|l|☆Lockjaw
|l| sad3-ist
|l| AwitaAmarilla
||Ladder isn't responding, score probably updated but might not have (Request timeout).
