|j|☆PQPP214
|j|☆rooopos
|t:|1645712633
|gametype|singles
|player|p1|PQPP214|170|1503
|player|p2|rooopos|265|1619
|teamsize|p1|6
|teamsize|p2|6
|gen|8
|tier|[Gen 8] OU
|rated|
|rule|Sleep Clause Mod: Limit one foe put to sleep
|rule|Species Clause: Limit one of each Pokémon
|rule|OHKO Clause: OHKO moves are banned
|rule|Evasion Moves Clause: Evasion moves are banned
|rule|Endless Battle Clause: Forcing endless battles is banned
|rule|HP Percentage Mod: HP is shown in percentages
|rule|Dynamax Clause: You cannot dynamax
|clearpoke
|poke|p1|Landorus-Therian, M|
|poke|p1|Tornadus-Therian, M|
|poke|p1|Zeraora|
|poke|p1|Zapdos-Galar|
|poke|p1|Jirachi|
|poke|p1|Toxapex, M|
|poke|p2|Tapu Fini|
|poke|p2|Magnezone|
|poke|p2|Kartana|
|poke|p2|Landorus-Therian, M|
|poke|p2|Weavile, F|
|poke|p2|Slowking-Galar, F|
|teampreview
|inactive|Battle timer is ON: inactive players will automatically lose when time's up. (requested by PQPP214)
|inactive|rooopos has 120 seconds left.
|
|t:|1645712698
|start
|switch|p1a: Zapdos|Zapdos-Galar|100/100
|switch|p2a: Kartana|Kartana|100/100
|turn|1
|
|t:|1645712707
|switch|p2a: Magnezone|Magnezone|100/100
|move|p1a: Zapdos|Close Combat|p2a: Magnezone
|-supereffective|p2a: Magnezone
|-damage|p2a: Magnezone|0 fnt
|-unboost|p1a: Zapdos|def|1
|-unboost|p1a: Zapdos|spd|1
|faint|p2a: Magnezone
|
|upkeep
|
|t:|1645712716
|switch|p2a: Tapu Fini|Tapu Fini|100/100
|-fieldstart|move: Misty Terrain|[from] ability: Misty Surge|[of] p2a: Tapu Fini
|turn|2
|
|t:|1645712723
|switch|p1a: Zeraora|Zeraora, shiny|100/100
|move|p2a: Tapu Fini|Calm Mind|p2a: Tapu Fini
|-boost|p2a: Tapu Fini|spa|1
|-boost|p2a: Tapu Fini|spd|1
|
|upkeep
|turn|3
|
|t:|1645712728
|switch|p2a: Landorus|Landorus-Therian, M|100/100
|-ability|p2a: Landorus|Intimidate|boost
|-unboost|p1a: Zeraora|atk|1
|move|p1a: Zeraora|Knock Off|p2a: Landorus
|-damage|p2a: Landorus|86/100
|-enditem|p2a: Landorus|Leftovers|[from] move: Knock Off|[of] p1a: Zeraora
|
|upkeep
|turn|4
|
|t:|1645712735
|switch|p1a: Landorus|Landorus-Therian, M, shiny|100/100
|-ability|p1a: Landorus|Intimidate|boost
|-unboost|p2a: Landorus|atk|1
|move|p2a: Landorus|Stealth Rock|p1a: Landorus
|-sidestart|p1: PQPP214|move: Stealth Rock
|
|upkeep
|turn|5
|
|t:|1645712742
|move|p2a: Landorus|U-turn|p1a: Landorus
|-resisted|p1a: Landorus
|-damage|p1a: Landorus|93/100
|
|t:|1645712746
|switch|p2a: Kartana|Kartana|100/100|[from]move: U-turn
|move|p1a: Landorus|Defog|p2a: Kartana
|-unboost|p2a: Kartana|evasion|1
|-sideend|p1: PQPP214|Stealth Rock|[from] move: Defog|[of] p1a: Landorus
|-fieldend|Misty Terrain
|
|-heal|p1a: Landorus|99/100|[from] item: Leftovers
|upkeep
|turn|6
|
|t:|1645712761
|switch|p1a: Tornadus|Tornadus-Therian, M, shiny|100/100
|move|p2a: Kartana|Leaf Blade|p1a: Tornadus
|-resisted|p1a: Tornadus
|-damage|p1a: Tornadus|57/100
|
|upkeep
|turn|7
|
|t:|1645712770
|switch|p2a: Landorus|Landorus-Therian, M|86/100
|-ability|p2a: Landorus|Intimidate|boost
|-unboost|p1a: Tornadus|atk|1
|move|p1a: Tornadus|Heat Wave|p2a: Landorus
|-damage|p2a: Landorus|63/100
|
|upkeep
|turn|8
|
|t:|1645712779
|switch|p1a: Landorus|Landorus-Therian, M, shiny|99/100
|-ability|p1a: Landorus|Intimidate|boost
|-unboost|p2a: Landorus|atk|1
|move|p2a: Landorus|Stealth Rock|p1a: Landorus
|-sidestart|p1: PQPP214|move: Stealth Rock
|
|-heal|p1a: Landorus|100/100|[from] item: Leftovers
|upkeep
|turn|9
|
|t:|1645712785
|move|p2a: Landorus|U-turn|p1a: Landorus
|-resisted|p1a: Landorus
|-damage|p1a: Landorus|93/100
|
|t:|1645712788
|switch|p2a: Kartana|Kartana|100/100|[from]move: U-turn
|move|p1a: Landorus|Defog|p2a: Kartana
|-unboost|p2a: Kartana|evasion|1
|-sideend|p1: PQPP214|Stealth Rock|[from] move: Defog|[of] p1a: Landorus
|
|-heal|p1a: Landorus|99/100|[from] item: Leftovers
|upkeep
|turn|10
|
|t:|1645712793
|switch|p1a: Tornadus|Tornadus-Therian, M, shiny|91/100
|move|p2a: Kartana|Knock Off|p1a: Tornadus
|-damage|p1a: Tornadus|28/100
|-enditem|p1a: Tornadus|Heavy-Duty Boots|[from] move: Knock Off|[of] p2a: Kartana
|
|upkeep
|turn|11
|
|t:|1645712799
|switch|p1a: Toxapex|Toxapex, M, shiny|100/100
|switch|p2a: Slowking|Slowking-Galar, F|100/100
|
|upkeep
|turn|12
|
|t:|1645712807
|switch|p1a: Jirachi|Jirachi, shiny|100/100
|move|p2a: Slowking|Future Sight|p1a: Jirachi
|-start|p2a: Slowking|move: Future Sight
|
|upkeep
|turn|13
|
|t:|1645712812
|move|p1a: Jirachi|Stealth Rock|p2a: Slowking
|-sidestart|p2: rooopos|move: Stealth Rock
|move|p2a: Slowking|Ice Beam|p1a: Jirachi
|-resisted|p1a: Jirachi
|-damage|p1a: Jirachi|93/100
|
|-heal|p1a: Jirachi|99/100|[from] item: Leftovers
|upkeep
|turn|14
|
|t:|1645712817
|move|p1a: Jirachi|Iron Head|p2a: Slowking
|-damage|p2a: Slowking|70/100
|cant|p2a: Slowking|flinch
|
|-end|p1a: Jirachi|move: Future Sight
|-resisted|p1a: Jirachi
|-damage|p1a: Jirachi|91/100
|-heal|p1a: Jirachi|98/100|[from] item: Leftovers
|upkeep
|turn|15
|
|t:|1645712824
|switch|p2a: Tapu Fini|Tapu Fini|100/100
|-damage|p2a: Tapu Fini|88/100|[from] Stealth Rock
|-fieldstart|move: Misty Terrain|[from] ability: Misty Surge|[of] p2a: Tapu Fini
|move|p1a: Jirachi|Iron Head|p2a: Tapu Fini
|-damage|p2a: Tapu Fini|70/100
|
|-heal|p2a: Tapu Fini|76/100|[from] item: Leftovers
|-heal|p1a: Jirachi|100/100|[from] item: Leftovers
|upkeep
|turn|16
|
|t:|1645712828
|switch|p2a: Landorus|Landorus-Therian, M|63/100
|-damage|p2a: Landorus|51/100|[from] Stealth Rock
|-ability|p2a: Landorus|Intimidate|boost
|-unboost|p1a: Jirachi|atk|1
|move|p1a: Jirachi|U-turn|p2a: Landorus
|-resisted|p2a: Landorus
|-damage|p2a: Landorus|47/100
|
|t:|1645712836
|switch|p1a: Zapdos|Zapdos-Galar|100/100|[from]move: U-turn
|
|upkeep
|turn|17
|
|t:|1645712842
|move|p1a: Zapdos|Brave Bird|p2a: Landorus
|-damage|p2a: Landorus|0 fnt
|faint|p2a: Landorus
|-damage|p1a: Zapdos|82/100|[from] Recoil
|
|upkeep
|
|t:|1645712847
|switch|p2a: Kartana|Kartana|100/100
|-damage|p2a: Kartana|94/100|[from] Stealth Rock
|turn|18
|
|t:|1645712851
|switch|p1a: Toxapex|Toxapex, M, shiny|100/100
|move|p2a: Kartana|Leaf Blade|p1a: Toxapex
|-damage|p1a: Toxapex|51/100
|-damage|p2a: Kartana|78/100|[from] item: Rocky Helmet|[of] p1a: Toxapex
|
|upkeep
|turn|19
|-message|rooopos forfeited.
|
|win|PQPP214
|raw|PQPP214's rating: 1503 &rarr; <strong>1529</strong><br />(+26 for winning)
|raw|rooopos's rating: 1619 &rarr; <strong>1593</strong><br />(-26 for losing)
|l|☆rooopos
