|raw|<div class="broadcast-blue"><strong>This battle is required to be public due to a player having a name starting with 'lt93oq'.</div>
|j|☆winter lanterns
|j|☆LT93OQ Ruft
|t:|1660994499
|gametype|singles
|player|p1|winter lanterns|2|1717
|player|p2|LT93OQ Ruft|266|1818
|teamsize|p1|6
|teamsize|p2|6
|gen|8
|tier|[Gen 8] OU
|rated|
|rule|Sleep Clause Mod: Limit one foe put to sleep
|rule|Species Clause: Limit one of each Pokémon
|rule|OHKO Clause: OHKO moves are banned
|rule|Evasion Items Clause: Evasion items are banned
|rule|Evasion Moves Clause: Evasion moves are banned
|rule|Endless Battle Clause: Forcing endless battles is banned
|rule|HP Percentage Mod: HP is shown in percentages
|rule|Dynamax Clause: You cannot dynamax
|clearpoke
|poke|p1|Tapu Lele|
|poke|p1|Urshifu-*, F|
|poke|p1|Heatran, F|
|poke|p1|Landorus-Therian, M|
|poke|p1|Weavile, F|
|poke|p1|Slowbro, F|
|poke|p2|Registeel|
|poke|p2|Suicune|
|poke|p2|Volcarona, M|
|poke|p2|Cresselia, F|
|poke|p2|Cloyster, F|
|poke|p2|Victini|
|teampreview
|inactive|Battle timer is ON: inactive players will automatically lose when time's up. (requested by LT93OQ Ruft)
|
|t:|1660994513
|start
|switch|p1a: Weavile|Weavile, F|100/100
|switch|p2a: Victini|Victini|100/100
|turn|1
|
|t:|1660994519
|switch|p1a: Heatran|Heatran, F|100/100
|move|p2a: Victini|V-create|p1a: Heatran
|-damage|p1a: Heatran|50/100
|-unboost|p2a: Victini|spe|1
|-unboost|p2a: Victini|def|1
|-unboost|p2a: Victini|spd|1
|
|-heal|p1a: Heatran|56/100|[from] item: Leftovers
|upkeep
|turn|2
|
|t:|1660994525
|move|p2a: Victini|V-create|p1a: Heatran
|-damage|p1a: Heatran|8/100
|-unboost|p2a: Victini|spe|1
|-unboost|p2a: Victini|def|1
|-unboost|p2a: Victini|spd|1
|move|p1a: Heatran|Stealth Rock|p2a: Victini
|-sidestart|p2: LT93OQ Ruft|move: Stealth Rock
|
|-heal|p1a: Heatran|14/100|[from] item: Leftovers
|upkeep
|turn|3
|
|t:|1660994529
|move|p2a: Victini|V-create|p1a: Heatran
|-damage|p1a: Heatran|0 fnt
|-unboost|p2a: Victini|spe|1
|-unboost|p2a: Victini|def|1
|-unboost|p2a: Victini|spd|1
|faint|p1a: Heatran
|
|upkeep
|
|t:|1660994533
|switch|p1a: Urshifu|Urshifu-Rapid-Strike, F|100/100
|turn|4
|
|t:|1660994546
|move|p1a: Urshifu|U-turn|p2a: Victini
|-damage|p2a: Victini|46/100
|
|t:|1660994549
|switch|p1a: Slowbro|Slowbro, F|100/100|[from]move: U-turn
|move|p2a: Victini|V-create|p1a: Slowbro
|-resisted|p1a: Slowbro
|-damage|p1a: Slowbro|80/100
|-unboost|p2a: Victini|spe|1
|-unboost|p2a: Victini|def|1
|-unboost|p2a: Victini|spd|1
|
|upkeep
|turn|5
|
|t:|1660994558
|switch|p2a: Suicune|Suicune|100/100
|-damage|p2a: Suicune|88/100|[from] Stealth Rock
|-ability|p2a: Suicune|Pressure
|move|p1a: Slowbro|Teleport|p1a: Slowbro
|
|t:|1660994564
|switch|p1a: Tapu Lele|Tapu Lele|100/100|[from]move: Teleport
|-fieldstart|move: Psychic Terrain|[from] ability: Psychic Surge|[of] p1a: Tapu Lele
|
|-heal|p2a: Suicune|94/100|[from] item: Leftovers
|upkeep
|turn|6
|
|t:|1660994571
|move|p2a: Suicune|Protect|p2a: Suicune
|-singleturn|p2a: Suicune|Protect
|move|p1a: Tapu Lele|Thunderbolt|p2a: Suicune
|-activate|p2a: Suicune|move: Protect
|
|-heal|p2a: Suicune|100/100|[from] item: Leftovers
|upkeep
|turn|7
|
|t:|1660994581
|switch|p2a: Registeel|Registeel|100/100
|-damage|p2a: Registeel|94/100|[from] Stealth Rock
|move|p1a: Tapu Lele|Focus Blast|p2a: Registeel|[miss]
|-miss|p1a: Tapu Lele|p2a: Registeel
|
|-heal|p2a: Registeel|100/100|[from] item: Leftovers
|upkeep
|turn|8
|
|t:|1660994586
|switch|p1a: Landorus|Landorus-Therian, M|100/100
|-ability|p1a: Landorus|Intimidate|boost
|-fail|p2a: Registeel|unboost|[from] ability: Clear Body|[of] p2a: Registeel
|switch|p2a: Cresselia|Cresselia, F|100/100
|-damage|p2a: Cresselia|88/100|[from] Stealth Rock
|
|upkeep
|turn|9
|
|t:|1660994589
|move|p2a: Cresselia|Ice Beam|p1a: Landorus
|-supereffective|p1a: Landorus
|-damage|p1a: Landorus|50/100
|move|p1a: Landorus|Toxic|p2a: Cresselia|[miss]
|-miss|p1a: Landorus|p2a: Cresselia
|
|-heal|p1a: Landorus|56/100|[from] item: Leftovers
|-fieldend|move: Psychic Terrain
|upkeep
|turn|10
|
|t:|1660994593
|switch|p1a: Weavile|Weavile, F|100/100
|move|p2a: Cresselia|Ice Beam|p1a: Weavile
|-resisted|p1a: Weavile
|-damage|p1a: Weavile|88/100
|
|upkeep
|turn|11
|
|t:|1660994599
|switch|p2a: Victini|Victini|46/100
|-damage|p2a: Victini|21/100|[from] Stealth Rock
|move|p1a: Weavile|Knock Off|p2a: Victini
|-supereffective|p2a: Victini
|-damage|p2a: Victini|0 fnt
|-enditem|p2a: Victini|Choice Scarf|[from] move: Knock Off|[of] p1a: Weavile
|faint|p2a: Victini
|
|upkeep
|
|t:|1660994615
|switch|p2a: Registeel|Registeel|100/100
|-damage|p2a: Registeel|94/100|[from] Stealth Rock
|turn|12
|
|t:|1660994626
|switch|p1a: Slowbro|Slowbro, F|100/100
|move|p2a: Registeel|Iron Defense|p2a: Registeel
|-boost|p2a: Registeel|def|2
|
|-heal|p2a: Registeel|100/100|[from] item: Leftovers
|upkeep
|turn|13
|j| zaborgrnh
|
|t:|1660994633
|move|p2a: Registeel|Amnesia|p2a: Registeel
|-boost|p2a: Registeel|spd|2
|move|p1a: Slowbro|Body Press|p2a: Registeel
|-supereffective|p2a: Registeel
|-damage|p2a: Registeel|87/100
|
|-heal|p2a: Registeel|93/100|[from] item: Leftovers
|upkeep
|turn|14
|
|t:|1660994642
|move|p2a: Registeel|Iron Defense|p2a: Registeel
|-boost|p2a: Registeel|def|2
|move|p1a: Slowbro|Teleport|p1a: Slowbro
|
|t:|1660994646
|switch|p1a: Landorus|Landorus-Therian, M|56/100|[from]move: Teleport
|-ability|p1a: Landorus|Intimidate|boost
|-fail|p2a: Registeel|unboost|[from] ability: Clear Body|[of] p2a: Registeel
|
|-heal|p1a: Landorus|62/100|[from] item: Leftovers
|-heal|p2a: Registeel|99/100|[from] item: Leftovers
|upkeep
|turn|15
|
|t:|1660994650
|move|p1a: Landorus|Earthquake|p2a: Registeel
|-supereffective|p2a: Registeel
|-crit|p2a: Registeel
|-damage|p2a: Registeel|27/100
|move|p2a: Registeel|Body Press|p1a: Landorus
|-resisted|p1a: Landorus
|-damage|p1a: Landorus|9/100
|
|-heal|p1a: Landorus|15/100|[from] item: Leftovers
|-heal|p2a: Registeel|33/100|[from] item: Leftovers
|upkeep
|turn|16
|
|t:|1660994655
|move|p1a: Landorus|Earthquake|p2a: Registeel
|-supereffective|p2a: Registeel
|-damage|p2a: Registeel|18/100
|move|p2a: Registeel|Rest|p2a: Registeel
|-status|p2a: Registeel|slp|[from] move: Rest
|-heal|p2a: Registeel|100/100 slp|[silent]
|
|-heal|p1a: Landorus|21/100|[from] item: Leftovers
|upkeep
|turn|17
|
|t:|1660994658
|move|p1a: Landorus|Earthquake|p2a: Registeel
|-supereffective|p2a: Registeel
|-damage|p2a: Registeel|84/100 slp
|cant|p2a: Registeel|slp
|
|-heal|p1a: Landorus|28/100|[from] item: Leftovers
|-heal|p2a: Registeel|90/100 slp|[from] item: Leftovers
|upkeep
|turn|18
|
|t:|1660994661
|move|p1a: Landorus|Earthquake|p2a: Registeel
|-supereffective|p2a: Registeel
|-damage|p2a: Registeel|75/100 slp
|cant|p2a: Registeel|slp
|
|-heal|p1a: Landorus|34/100|[from] item: Leftovers
|-heal|p2a: Registeel|81/100 slp|[from] item: Leftovers
|upkeep
|turn|19
|
|t:|1660994663
|move|p1a: Landorus|Earthquake|p2a: Registeel
|-supereffective|p2a: Registeel
|-damage|p2a: Registeel|66/100 slp
|-curestatus|p2a: Registeel|slp|[msg]
|move|p2a: Registeel|Body Press|p1a: Landorus
|-resisted|p1a: Landorus
|-damage|p1a: Landorus|0 fnt
|faint|p1a: Landorus
|
|-heal|p2a: Registeel|72/100|[from] item: Leftovers
|upkeep
|-message|winter lanterns forfeited.
|
|win|LT93OQ Ruft
|raw|winter lanterns's rating: 1717 &rarr; <strong>1703</strong><br />(-14 for losing)
|raw|LT93OQ Ruft's rating: 1818 &rarr; <strong>1832</strong><br />(+14 for winning)
|l|☆winter lanterns
|l|☆LT93OQ Ruft
