|j|☆JeffS69
|j|☆Alu9204
|t:|1664121246
|gametype|singles
|player|p1|JeffS69|elesa|1639
|player|p2|Alu9204|burglar|1620
|teamsize|p1|6
|teamsize|p2|6
|gen|8
|tier|[Gen 8] OU
|rated|
|rule|Sleep Clause Mod: Limit one foe put to sleep
|rule|Species Clause: Limit one of each Pokémon
|rule|OHKO Clause: OHKO moves are banned
|rule|Evasion Items Clause: Evasion items are banned
|rule|Evasion Moves Clause: Evasion moves are banned
|rule|Endless Battle Clause: Forcing endless battles is banned
|rule|HP Percentage Mod: HP is shown in percentages
|rule|Dynamax Clause: You cannot dynamax
|clearpoke
|poke|p1|Landorus-Therian, M|
|poke|p1|Heatran, M|
|poke|p1|Dragapult, F|
|poke|p1|Urshifu-*, M|
|poke|p1|Slowbro, M|
|poke|p1|Nidoking, M|
|poke|p2|Heracross, M|
|poke|p2|Clefable, F|
|poke|p2|Dragapult, F|
|poke|p2|Landorus-Therian, M|
|poke|p2|Rotom-Wash|
|poke|p2|Ferrothorn, F|
|teampreview
|inactive|Battle timer is ON: inactive players will automatically lose when time's up. (requested by JeffS69)
|
|t:|1664121265
|start
|switch|p1a: Dragapult|Dragapult, F|100/100
|switch|p2a: Rotom|Rotom-Wash|100/100
|turn|1
|
|t:|1664121274
|move|p1a: Dragapult|Draco Meteor|p2a: Rotom
|-damage|p2a: Rotom|32/100
|-unboost|p1a: Dragapult|spa|2
|move|p2a: Rotom|Volt Switch|p1a: Dragapult
|-resisted|p1a: Dragapult
|-damage|p1a: Dragapult|85/100
|
|t:|1664121286
|switch|p2a: Heracross|Heracross, M|100/100|[from]move: Volt Switch
|
|-status|p2a: Heracross|brn|[from] item: Flame Orb
|upkeep
|turn|2
|j| endless spring
|j| clozap9
|
|t:|1664121295
|move|p1a: Dragapult|Draco Meteor|p2a: Heracross
|-damage|p2a: Heracross|59/100 brn
|-unboost|p1a: Dragapult|spa|2
|move|p2a: Heracross|Knock Off|p1a: Dragapult
|-supereffective|p1a: Dragapult
|-damage|p1a: Dragapult|0 fnt
|-enditem|p1a: Dragapult|Choice Specs|[from] move: Knock Off|[of] p2a: Heracross
|faint|p1a: Dragapult
|
|-damage|p2a: Heracross|53/100 brn|[from] brn
|upkeep
|l| clozap9
|
|t:|1664121304
|switch|p1a: Urshifu|Urshifu-Rapid-Strike, M|100/100
|turn|3
|
|t:|1664121313
|switch|p2a: Ferrothorn|Ferrothorn, F|100/100
|move|p1a: Urshifu|U-turn|p2a: Ferrothorn
|-damage|p2a: Ferrothorn|80/100
|-damage|p1a: Urshifu|88/100|[from] ability: Iron Barbs|[of] p2a: Ferrothorn
|
|t:|1664121315
|switch|p1a: Heatran|Heatran, M|100/100|[from]move: U-turn
|
|-heal|p2a: Ferrothorn|86/100|[from] item: Leftovers
|upkeep
|turn|4
|
|t:|1664121341
|move|p1a: Heatran|Stealth Rock|p2a: Ferrothorn
|-sidestart|p2: Alu9204|move: Stealth Rock
|move|p2a: Ferrothorn|Stealth Rock|p1a: Heatran
|-sidestart|p1: JeffS69|move: Stealth Rock
|
|-heal|p2a: Ferrothorn|92/100|[from] item: Leftovers
|upkeep
|turn|5
|
|t:|1664121353
|switch|p1a: Nidoking|Nidoking, M|100/100
|-damage|p1a: Nidoking|95/100|[from] Stealth Rock
|move|p2a: Ferrothorn|Body Press|p1a: Nidoking
|-resisted|p1a: Nidoking
|-damage|p1a: Nidoking|73/100
|
|-heal|p2a: Ferrothorn|98/100|[from] item: Leftovers
|upkeep
|turn|6
|
|t:|1664121359
|switch|p2a: Rotom|Rotom-Wash|32/100
|-damage|p2a: Rotom|20/100|[from] Stealth Rock
|move|p1a: Nidoking|Earth Power|p2a: Rotom
|-immune|p2a: Rotom|[from] ability: Levitate
|
|-heal|p2a: Rotom|26/100|[from] item: Leftovers
|upkeep
|turn|7
|
|t:|1664121365
|move|p1a: Nidoking|Sludge Wave|p2a: Rotom
|-damage|p2a: Rotom|0 fnt
|faint|p2a: Rotom
|
|upkeep
|
|t:|1664121368
|switch|p2a: Landorus|Landorus-Therian, M|100/100
|-damage|p2a: Landorus|88/100|[from] Stealth Rock
|-ability|p2a: Landorus|Intimidate|boost
|-unboost|p1a: Nidoking|atk|1
|turn|8
|
|t:|1664121380
|switch|p1a: Landorus|Landorus-Therian, M|100/100
|-damage|p1a: Landorus|88/100|[from] Stealth Rock
|-ability|p1a: Landorus|Intimidate|boost
|-unboost|p2a: Landorus|atk|1
|move|p2a: Landorus|Earthquake|p1a: Landorus
|-immune|p1a: Landorus
|
|-heal|p2a: Landorus|94/100|[from] item: Leftovers
|-heal|p1a: Landorus|94/100|[from] item: Leftovers
|upkeep
|turn|9
|
|t:|1664121390
|switch|p2a: Ferrothorn|Ferrothorn, F|98/100
|-damage|p2a: Ferrothorn|92/100|[from] Stealth Rock
|move|p1a: Landorus|U-turn|p2a: Ferrothorn
|-damage|p2a: Ferrothorn|79/100
|-damage|p1a: Landorus|82/100|[from] ability: Iron Barbs|[of] p2a: Ferrothorn
|
|t:|1664121395
|switch|p1a: Heatran|Heatran, M|100/100|[from]move: U-turn
|-damage|p1a: Heatran|88/100|[from] Stealth Rock
|
|-heal|p1a: Heatran|94/100|[from] item: Leftovers
|-heal|p2a: Ferrothorn|85/100|[from] item: Leftovers
|upkeep
|turn|10
|
|t:|1664121402
|move|p1a: Heatran|Magma Storm|p2a: Ferrothorn
|-supereffective|p2a: Ferrothorn
|-damage|p2a: Ferrothorn|0 fnt
|faint|p2a: Ferrothorn
|
|-heal|p1a: Heatran|100/100|[from] item: Leftovers
|upkeep
|
|t:|1664121405
|switch|p2a: Landorus|Landorus-Therian, M|94/100
|-damage|p2a: Landorus|82/100|[from] Stealth Rock
|-ability|p2a: Landorus|Intimidate|boost
|-unboost|p1a: Heatran|atk|1
|turn|11
|
|t:|1664121415
|move|p2a: Landorus|Bulk Up|p2a: Landorus
|-boost|p2a: Landorus|atk|1
|-boost|p2a: Landorus|def|1
|move|p1a: Heatran|Magma Storm|p2a: Landorus
|-damage|p2a: Landorus|39/100
|-activate|p2a: Landorus|move: Magma Storm|[of] p1a: Heatran
|
|-heal|p2a: Landorus|45/100|[from] item: Leftovers
|-damage|p2a: Landorus|33/100|[from] move: Magma Storm|[partiallytrapped]
|upkeep
|turn|12
|
|t:|1664121420
|switch|p1a: Landorus|Landorus-Therian, M|82/100
|-damage|p1a: Landorus|70/100|[from] Stealth Rock
|-ability|p1a: Landorus|Intimidate|boost
|-unboost|p2a: Landorus|atk|1
|move|p2a: Landorus|Earthquake|p1a: Landorus
|-immune|p1a: Landorus
|
|-heal|p2a: Landorus|39/100|[from] item: Leftovers
|-heal|p1a: Landorus|76/100|[from] item: Leftovers
|-end|p2a: Landorus|Magma Storm|[partiallytrapped]|[silent]
|upkeep
|turn|13
|
|t:|1664121428
|move|p2a: Landorus|Substitute|p2a: Landorus
|-start|p2a: Landorus|Substitute
|-damage|p2a: Landorus|14/100
|move|p1a: Landorus|Knock Off|p2a: Landorus
|-activate|p2a: Landorus|move: Substitute|[damage]
|
|-heal|p2a: Landorus|20/100|[from] item: Leftovers
|-heal|p1a: Landorus|82/100|[from] item: Leftovers
|upkeep
|turn|14
|
|t:|1664121434
|move|p2a: Landorus|Bulk Up|p2a: Landorus
|-boost|p2a: Landorus|atk|1
|-boost|p2a: Landorus|def|1
|move|p1a: Landorus|U-turn|p2a: Landorus
|-resisted|p2a: Landorus
|-end|p2a: Landorus|Substitute
|
|t:|1664121437
|switch|p1a: Urshifu|Urshifu-Rapid-Strike, M|88/100|[from]move: U-turn
|-damage|p1a: Urshifu|82/100|[from] Stealth Rock
|
|-heal|p2a: Landorus|26/100|[from] item: Leftovers
|upkeep
|turn|15
|
|t:|1664121446
|move|p1a: Urshifu|Surging Strikes|p2a: Landorus
|-supereffective|p2a: Landorus
|-crit|p2a: Landorus
|-damage|p2a: Landorus|0 fnt
|faint|p2a: Landorus
|-hitcount|p2: Landorus|1
|
|upkeep
|
|t:|1664121453
|switch|p2a: Dragapult|Dragapult, F|100/100
|turn|16
|
|t:|1664121465
|move|p2a: Dragapult|Dragon Dance|p2a: Dragapult
|-boost|p2a: Dragapult|atk|1
|-boost|p2a: Dragapult|spe|1
|move|p1a: Urshifu|Surging Strikes|p2a: Dragapult
|-resisted|p2a: Dragapult
|-crit|p2a: Dragapult
|-damage|p2a: Dragapult|81/100
|-resisted|p2a: Dragapult
|-crit|p2a: Dragapult
|-damage|p2a: Dragapult|61/100
|-resisted|p2a: Dragapult
|-crit|p2a: Dragapult
|-damage|p2a: Dragapult|40/100
|-hitcount|p2a: Dragapult|3
|
|upkeep
|turn|17
|
|t:|1664121470
|switch|p1a: Heatran|Heatran, M|100/100
|-damage|p1a: Heatran|88/100|[from] Stealth Rock
|move|p2a: Dragapult|Dragon Darts|p1a: Heatran
|-resisted|p1a: Heatran
|-damage|p1a: Heatran|72/100
|-anim|p2a: Dragapult|Dragon Darts|p1a: Heatran
|-resisted|p1a: Heatran
|-damage|p1a: Heatran|55/100
|
|-heal|p1a: Heatran|61/100|[from] item: Leftovers
|upkeep
|turn|18
|
|t:|1664121477
|move|p2a: Dragapult|Phantom Force||[still]
|-prepare|p2a: Dragapult|Phantom Force
|move|p1a: Heatran|Earth Power|p2a: Dragapult|[miss]
|-miss|p1a: Heatran|p2a: Dragapult
|
|-heal|p1a: Heatran|68/100|[from] item: Leftovers
|upkeep
|turn|19
|
|t:|1664121483
|move|p2a: Dragapult|Phantom Force|p1a: Heatran|[from]lockedmove
|-damage|p1a: Heatran|6/100
|move|p1a: Heatran|Earth Power|p2a: Dragapult
|-damage|p2a: Dragapult|7/100
|
|-heal|p1a: Heatran|12/100|[from] item: Leftovers
|upkeep
|turn|20
|
|t:|1664121489
|move|p2a: Dragapult|Dragon Darts|p1a: Heatran
|-resisted|p1a: Heatran
|-damage|p1a: Heatran|0 fnt
|faint|p1a: Heatran
|
|upkeep
|
|t:|1664121491
|switch|p1a: Urshifu|Urshifu-Rapid-Strike, M|82/100
|-damage|p1a: Urshifu|76/100|[from] Stealth Rock
|turn|21
|
|t:|1664121494
|move|p1a: Urshifu|Aqua Jet|p2a: Dragapult
|-resisted|p2a: Dragapult
|-damage|p2a: Dragapult|0 fnt
|faint|p2a: Dragapult
|
|upkeep
|
|t:|1664121498
|switch|p2a: Clefable|Clefable, F|100/100
|turn|22
|
|t:|1664121512
|switch|p1a: Nidoking|Nidoking, M|73/100
|-damage|p1a: Nidoking|67/100|[from] Stealth Rock
|move|p2a: Clefable|Wish|p2a: Clefable
|
|upkeep
|turn|23
|
|t:|1664121518
|move|p1a: Nidoking|Sludge Wave|p2a: Clefable
|-supereffective|p2a: Clefable
|-crit|p2a: Clefable
|-damage|p2a: Clefable|0 fnt
|faint|p2a: Clefable
|
|upkeep
|
|t:|1664121521
|switch|p2a: Heracross|Heracross, M|53/100 brn
|-damage|p2a: Heracross|41/100 brn|[from] Stealth Rock
|turn|24
|
|t:|1664121531
|move|p1a: Nidoking|Sludge Wave|p2a: Heracross
|-damage|p2a: Heracross|0 fnt
|faint|p2a: Heracross
|
|win|JeffS69
|raw|JeffS69's rating: 1613 &rarr; <strong>1633</strong><br />(+20 for winning)
|raw|Alu9204's rating: 1620 &rarr; <strong>1600</strong><br />(-20 for losing)
|l|☆Alu9204
||Ladder isn't responding, score probably updated but might not have (Request timeout).
