|j|☆Lucckyy
|j|☆early_human
|t:|1603449470
|player|p1|Lucckyy|86|1684
|player|p2|early_human|lucas|1653
|teamsize|p1|6
|teamsize|p2|6
|gametype|singles
|gen|8
|tier|[Gen 8] OU
|rated|
|clearpoke
|poke|p1|Tyranitar, F|
|poke|p1|Excadrill, F|
|poke|p1|Moltres|
|poke|p1|Dracozolt|
|poke|p1|Regieleki|
|poke|p1|Slowking-Galar, M|
|poke|p2|Regieleki|
|poke|p2|Manectric, F|
|poke|p2|Buzzwole|
|poke|p2|Heatran, F|
|poke|p2|Toxapex, F|
|poke|p2|Latios, M|
|rule|Sleep Clause Mod: Limit one foe put to sleep
|rule|Species Clause: Limit one of each Pokémon
|rule|OHKO Clause: OHKO moves are banned
|rule|Evasion Moves Clause: Evasion moves are banned
|rule|Endless Battle Clause: Forcing endless battles is banned
|rule|HP Percentage Mod: HP is shown in percentages
|rule|Dynamax Clause: You cannot dynamax
|teampreview
|j| Dragan063
|j| vidachu
|
|t:|1603449493
|start
|switch|p1a: Tyranitar|Tyranitar, F|100/100
|switch|p2a: Buzzwole|Buzzwole|100/100
|-weather|Sandstorm|[from] ability: Sand Stream|[of] p1a: Tyranitar
|turn|1
|
|t:|1603449499
|switch|p2a: Heatran|Heatran, F|100/100
|switch|p1a: Moltres|Moltres|100/100
|
|-weather|Sandstorm|[upkeep]
|-damage|p1a: Moltres|94/100|[from] Sandstorm
|upkeep
|turn|2
|
|t:|1603449512
|move|p1a: Moltres|U-turn|p2a: Heatran
|-resisted|p2a: Heatran
|-damage|p2a: Heatran|98/100
|
|t:|1603449513
|switch|p1a: Slowking|Slowking-Galar, M|100/100|[from]move: U-turn
|move|p2a: Heatran|Stealth Rock|p1a: Slowking
|-sidestart|p1: Lucckyy|move: Stealth Rock
|
|-weather|Sandstorm|[upkeep]
|-damage|p1a: Slowking|94/100|[from] Sandstorm
|-heal|p2a: Heatran|100/100|[from] item: Leftovers
|upkeep
|turn|3
|
|t:|1603449518
|move|p2a: Heatran|Earth Power|p1a: Slowking
|-supereffective|p1a: Slowking
|-damage|p1a: Slowking|64/100
|move|p1a: Slowking|Future Sight|p2a: Heatran
|-start|p1a: Slowking|move: Future Sight
|
|-weather|Sandstorm|[upkeep]
|-damage|p1a: Slowking|58/100|[from] Sandstorm
|upkeep
|turn|4
|
|t:|1603449525
|move|p2a: Heatran|Toxic|p1a: Slowking
|-immune|p1a: Slowking
|move|p1a: Slowking|Surf|p2a: Heatran
|-supereffective|p2a: Heatran
|-damage|p2a: Heatran|61/100
|
|-weather|Sandstorm|[upkeep]
|-damage|p1a: Slowking|52/100|[from] Sandstorm
|-heal|p2a: Heatran|67/100|[from] item: Leftovers
|upkeep
|turn|5
|
|t:|1603449532
|move|p2a: Heatran|Earth Power|p1a: Slowking
|-supereffective|p1a: Slowking
|-damage|p1a: Slowking|25/100
|move|p1a: Slowking|Surf|p2a: Heatran
|-supereffective|p2a: Heatran
|-damage|p2a: Heatran|26/100
|
|-weather|Sandstorm|[upkeep]
|-damage|p1a: Slowking|19/100|[from] Sandstorm
|-end|p2a: Heatran|move: Future Sight
|-resisted|p2a: Heatran
|-damage|p2a: Heatran|8/100
|-heal|p2a: Heatran|14/100|[from] item: Leftovers
|upkeep
|turn|6
|
|t:|1603449545
|switch|p1a: Tyranitar|Tyranitar, F|100/100
|-damage|p1a: Tyranitar|88/100|[from] Stealth Rock
|move|p2a: Heatran|Toxic|p1a: Tyranitar
|-status|p1a: Tyranitar|tox
|
|-weather|Sandstorm|[upkeep]
|-heal|p2a: Heatran|20/100|[from] item: Leftovers
|-damage|p1a: Tyranitar|82/100 tox|[from] psn
|upkeep
|turn|7
|
|t:|1603449553
|switch|p2a: Buzzwole|Buzzwole|100/100
|move|p1a: Tyranitar|Rock Blast|p2a: Buzzwole
|-damage|p2a: Buzzwole|95/100
|-damage|p2a: Buzzwole|89/100
|-damage|p2a: Buzzwole|84/100
|-hitcount|p2a: Buzzwole|3
|
|-weather|Sandstorm|[upkeep]
|-damage|p2a: Buzzwole|77/100|[from] Sandstorm
|-heal|p2a: Buzzwole|84/100|[from] item: Leftovers
|-damage|p1a: Tyranitar|69/100 tox|[from] psn
|upkeep
|turn|8
|
|t:|1603449557
|switch|p2a: Latios|Latios, M|100/100
|switch|p1a: Moltres|Moltres|94/100
|
|-weather|none
|upkeep
|turn|9
|
|t:|1603449576
|move|p2a: Latios|Draco Meteor|p1a: Moltres
|-damage|p1a: Moltres|0 fnt
|-unboost|p2a: Latios|spa|2
|faint|p1a: Moltres
|
|upkeep
|
|t:|1603449588
|switch|p1a: Slowking|Slowking-Galar, M|53/100
|-damage|p1a: Slowking|40/100|[from] Stealth Rock
|turn|10
|
|t:|1603449595
|move|p2a: Latios|Draco Meteor|p1a: Slowking
|-damage|p1a: Slowking|12/100
|-unboost|p2a: Latios|spa|2
|move|p1a: Slowking|Future Sight|p2a: Latios
|-start|p1a: Slowking|move: Future Sight
|
|upkeep
|turn|11
|
|t:|1603449621
|switch|p2a: Toxapex|Toxapex, F|100/100
|switch|p1a: Excadrill|Excadrill, F|100/100
|-damage|p1a: Excadrill|97/100|[from] Stealth Rock
|
|upkeep
|turn|12
|j| Shofu1234
|j| UnbeatableTr
|j| testinsunny
|
|t:|1603449644
|switch|p2a: Heatran|Heatran, F|20/100
|move|p1a: Excadrill|Iron Head|p2a: Heatran
|-resisted|p2a: Heatran
|-damage|p2a: Heatran|7/100
|-damage|p1a: Excadrill|87/100|[from] item: Life Orb
|
|-end|p2a: Heatran|move: Future Sight
|-resisted|p2a: Heatran
|-damage|p2a: Heatran|0 fnt
|faint|p2a: Heatran
|upkeep
|
|t:|1603449647
|switch|p2a: Buzzwole|Buzzwole|84/100
|turn|13
|j| Stall Sucks Bro✞
|
|t:|1603449653
|switch|p1a: Tyranitar|Tyranitar, F|69/100 tox
|-damage|p1a: Tyranitar|57/100 tox|[from] Stealth Rock
|-weather|Sandstorm|[from] ability: Sand Stream|[of] p1a: Tyranitar
|move|p2a: Buzzwole|Earthquake|p1a: Tyranitar
|-supereffective|p1a: Tyranitar
|-damage|p1a: Tyranitar|23/100 tox
|
|-weather|Sandstorm|[upkeep]
|-damage|p2a: Buzzwole|77/100|[from] Sandstorm
|-heal|p2a: Buzzwole|84/100|[from] item: Leftovers
|-damage|p1a: Tyranitar|17/100 tox|[from] psn
|upkeep
|turn|14
|
|t:|1603449658
|move|p2a: Buzzwole|Drain Punch|p1a: Tyranitar
|-supereffective|p1a: Tyranitar
|-damage|p1a: Tyranitar|0 fnt
|-heal|p2a: Buzzwole|92/100|[from] drain|[of] p1a: Tyranitar
|faint|p1a: Tyranitar
|-ability|p2a: Buzzwole|Beast Boost|boost
|-boost|p2a: Buzzwole|def|1
|
|-weather|Sandstorm|[upkeep]
|-damage|p2a: Buzzwole|85/100|[from] Sandstorm
|-heal|p2a: Buzzwole|92/100|[from] item: Leftovers
|upkeep
|
|t:|1603449663
|switch|p1a: Dracozolt|Dracozolt|100/100
|-damage|p1a: Dracozolt|88/100|[from] Stealth Rock
|turn|15
|
|t:|1603449672
|switch|p2a: Manectric|Manectric, F|100/100
|move|p1a: Dracozolt|Fire Blast|p2a: Manectric
|-damage|p2a: Manectric|43/100
|-damage|p1a: Dracozolt|78/100|[from] item: Life Orb
|
|-weather|Sandstorm|[upkeep]
|-damage|p2a: Manectric|37/100|[from] Sandstorm
|upkeep
|turn|16
|
|t:|1603449687
|move|p1a: Dracozolt|Fire Blast|p2a: Manectric
|-damage|p2a: Manectric|0 fnt
|-damage|p1a: Dracozolt|68/100|[from] item: Life Orb
|faint|p2a: Manectric
|
|-weather|Sandstorm|[upkeep]
|upkeep
|j| 37c
|
|t:|1603449700
|switch|p2a: Regieleki|Regieleki|100/100
|turn|17
|
|t:|1603449704
|switch|p1a: Excadrill|Excadrill, F|87/100
|-damage|p1a: Excadrill|84/100|[from] Stealth Rock
|move|p2a: Regieleki|Protect||[still]
|-fail|p2a: Regieleki
|
|-weather|Sandstorm|[upkeep]
|-damage|p2a: Regieleki|94/100|[from] Sandstorm
|-heal|p2a: Regieleki|100/100|[from] item: Leftovers
|upkeep
|turn|18
|
|t:|1603449714
|switch|p1a: Regieleki|Regieleki|100/100
|-damage|p1a: Regieleki|88/100|[from] Stealth Rock
|switch|p2a: Buzzwole|Buzzwole|92/100
|
|-weather|Sandstorm|[upkeep]
|-damage|p1a: Regieleki|82/100|[from] Sandstorm
|-damage|p2a: Buzzwole|85/100|[from] Sandstorm
|-heal|p2a: Buzzwole|92/100|[from] item: Leftovers
|upkeep
|turn|19
|
|t:|1603449737
|switch|p2a: Latios|Latios, M|100/100
|move|p1a: Regieleki|Thunder Cage|p2a: Latios
|-resisted|p2a: Latios
|-damage|p2a: Latios|60/100
|-activate|p2a: Latios|move: Thunder Cage|[of] p1a: Regieleki
|-damage|p1a: Regieleki|72/100|[from] item: Life Orb
|
|-weather|Sandstorm|[upkeep]
|-damage|p1a: Regieleki|66/100|[from] Sandstorm
|-damage|p2a: Latios|54/100|[from] Sandstorm
|-damage|p2a: Latios|41/100|[from] move: Thunder Cage|[partiallytrapped]
|upkeep
|turn|20
|
|t:|1603449748
|move|p1a: Regieleki|Protect|p1a: Regieleki
|-singleturn|p1a: Regieleki|Protect
|move|p2a: Latios|Psychic|p1a: Regieleki
|-activate|p1a: Regieleki|move: Protect
|
|-weather|none
|-damage|p2a: Latios|29/100|[from] move: Thunder Cage|[partiallytrapped]
|upkeep
|turn|21
|
|t:|1603449758
|move|p1a: Regieleki|Extreme Speed|p2a: Latios
|-damage|p2a: Latios|0 fnt
|-damage|p1a: Regieleki|56/100|[from] item: Life Orb
|faint|p2a: Latios
|
|upkeep
|
|t:|1603449764
|switch|p2a: Regieleki|Regieleki|100/100
|turn|22
|
|t:|1603449774
|switch|p1a: Slowking|Slowking-Galar, M|45/100
|-damage|p1a: Slowking|32/100|[from] Stealth Rock
|move|p2a: Regieleki|Volt Switch|p1a: Slowking
|-damage|p1a: Slowking|7/100
|
|t:|1603449777
|switch|p2a: Toxapex|Toxapex, F|100/100|[from]move: Volt Switch
|
|upkeep
|turn|23
|
|t:|1603449796
|move|p2a: Toxapex|Toxic Spikes|p1a: Slowking
|-sidestart|p1: Lucckyy|move: Toxic Spikes
|move|p1a: Slowking|Future Sight|p2a: Toxapex
|-start|p1a: Slowking|move: Future Sight
|
|upkeep
|turn|24
|
|t:|1603449833
|switch|p2a: Regieleki|Regieleki|100/100
|move|p1a: Slowking|Sludge Bomb|p2a: Regieleki
|-damage|p2a: Regieleki|35/100
|
|-heal|p2a: Regieleki|41/100|[from] item: Leftovers
|upkeep
|turn|25
|
|t:|1603449840
|move|p2a: Regieleki|Volt Switch|p1a: Slowking
|-damage|p1a: Slowking|0 fnt
|faint|p1a: Slowking
|
|t:|1603449843
|switch|p2a: Toxapex|Toxapex, F|100/100|[from]move: Volt Switch
|
|-end|p2a: Toxapex|move: Future Sight
|-supereffective|p2a: Toxapex
|-damage|p2a: Toxapex|5/100
|upkeep
|l| Dragan063
|
|t:|1603449860
|switch|p1a: Excadrill|Excadrill, F|84/100
|-damage|p1a: Excadrill|81/100|[from] Stealth Rock
|turn|26
|j| lampe6318
|
|t:|1603449867
|switch|p2a: Buzzwole|Buzzwole|92/100
|move|p1a: Excadrill|Rapid Spin|p2a: Buzzwole
|-damage|p2a: Buzzwole|79/100
|-boost|p1a: Excadrill|spe|1
|-sideend|p1: Lucckyy|Toxic Spikes|[from] move: Rapid Spin|[of] p1a: Excadrill
|-sideend|p1: Lucckyy|Stealth Rock|[from] move: Rapid Spin|[of] p1a: Excadrill
|-damage|p1a: Excadrill|71/100|[from] item: Life Orb
|
|-heal|p2a: Buzzwole|85/100|[from] item: Leftovers
|upkeep
|turn|27
|
|t:|1603449882
|switch|p1a: Dracozolt|Dracozolt|68/100
|move|p2a: Buzzwole|Earthquake|p1a: Dracozolt
|-supereffective|p1a: Dracozolt
|-damage|p1a: Dracozolt|0 fnt
|faint|p1a: Dracozolt
|-ability|p2a: Buzzwole|Beast Boost|boost
|-boost|p2a: Buzzwole|def|1
|
|-heal|p2a: Buzzwole|92/100|[from] item: Leftovers
|upkeep
|
|t:|1603449885
|switch|p1a: Regieleki|Regieleki|56/100
|turn|28
|
|t:|1603449933
|switch|p2a: Toxapex|Toxapex, F|38/100
|move|p1a: Regieleki|Volt Switch|p2a: Toxapex
|-supereffective|p2a: Toxapex
|-damage|p2a: Toxapex|0 fnt
|-damage|p1a: Regieleki|46/100|[from] item: Life Orb
|faint|p2a: Toxapex
|
|t:|1603449940
|switch|p1a: Excadrill|Excadrill, F|71/100|[from]move: Volt Switch
|
|upkeep
|
|t:|1603449941
|switch|p2a: Buzzwole|Buzzwole|92/100
|turn|29
|
|t:|1603449945
|move|p1a: Excadrill|Iron Head|p2a: Buzzwole
|-damage|p2a: Buzzwole|61/100
|-damage|p1a: Excadrill|61/100|[from] item: Life Orb
|move|p2a: Buzzwole|Drain Punch|p1a: Excadrill
|-supereffective|p1a: Excadrill
|-damage|p1a: Excadrill|0 fnt
|-heal|p2a: Buzzwole|87/100|[from] drain|[of] p1a: Excadrill
|faint|p1a: Excadrill
|-ability|p2a: Buzzwole|Beast Boost|boost
|-boost|p2a: Buzzwole|def|1
|
|-heal|p2a: Buzzwole|93/100|[from] item: Leftovers
|upkeep
|
|t:|1603449947
|switch|p1a: Regieleki|Regieleki|46/100
|turn|30
|
|t:|1603449954
|move|p1a: Regieleki|Thunder Cage|p2a: Buzzwole
|-damage|p2a: Buzzwole|0 fnt
|-damage|p1a: Regieleki|36/100|[from] item: Life Orb
|faint|p2a: Buzzwole
|
|upkeep
|
|t:|1603449956
|switch|p2a: Regieleki|Regieleki|41/100
|turn|31
|
|t:|1603449959
|move|p2a: Regieleki|Protect|p2a: Regieleki
|-singleturn|p2a: Regieleki|Protect
|move|p1a: Regieleki|Extreme Speed|p2a: Regieleki
|-activate|p2a: Regieleki|move: Protect
|
|-heal|p2a: Regieleki|48/100|[from] item: Leftovers
|upkeep
|turn|32
|
|t:|1603449964
|move|p1a: Regieleki|Extreme Speed|p2a: Regieleki
|-damage|p2a: Regieleki|0 fnt
|-damage|p1a: Regieleki|26/100|[from] item: Life Orb
|faint|p2a: Regieleki
|
|win|Lucckyy
|raw|Lucckyy's rating: 1684 &rarr; <strong>1703</strong><br />(+19 for winning)
|raw|early_human's rating: 1653 &rarr; <strong>1634</strong><br />(-19 for losing)
|l| Shofu1234
|l| Stall Sucks Bro✞
|l| vidachu
|l|☆early_human
|l|☆Lucckyy
