|j|☆GaijinEagle
|j|☆Didschel
|t:|1598893882
|player|p1|GaijinEagle|1|1364
|player|p2|Didschel|hilbert-dueldisk|1338
|teamsize|p1|6
|teamsize|p2|6
|gametype|singles
|gen|8
|tier|[Gen 8] OU
|rated|
|clearpoke
|poke|p1|Dragapult, F|
|poke|p1|Hippowdon, F|
|poke|p1|Clefable, F|
|poke|p1|Ferrothorn, F|
|poke|p1|Excadrill, M|
|poke|p1|Urshifu-*, M|
|poke|p2|Aegislash, M|
|poke|p2|Conkeldurr, M|
|poke|p2|Dragapult, M|
|poke|p2|Mandibuzz, F|
|poke|p2|Volcarona, F|
|poke|p2|Sylveon, F|
|rule|Sleep Clause Mod: Limit one foe put to sleep
|rule|Species Clause: Limit one of each Pokémon
|rule|OHKO Clause: OHKO moves are banned
|rule|Evasion Moves Clause: Evasion moves are banned
|rule|Endless Battle Clause: Forcing endless battles is banned
|rule|HP Percentage Mod: HP is shown in percentages
|rule|Dynamax Clause: You cannot dynamax
|teampreview
|inactive|Battle timer is ON: inactive players will automatically lose when time's up. (requested by GaijinEagle)
|inactive|GaijinEagle has 120 seconds left.
|inactive|Didschel has 120 seconds left.
|inactiveoff|Battle timer is now OFF.
|
|t:|1598893924
|start
|switch|p1a: Urshifu|Urshifu, M|100/100
|switch|p2a: Buggy der Clown|Conkeldurr, M|100/100
|turn|1
|inactive|Battle timer is ON: inactive players will automatically lose when time's up. (requested by Didschel)
|inactive|GaijinEagle has 120 seconds left.
|
|t:|1598893963
|switch|p1a: Ferrothorn|Ferrothorn, F|100/100
|move|p2a: Buggy der Clown|Drain Punch|p1a: Ferrothorn
|-supereffective|p1a: Ferrothorn
|-damage|p1a: Ferrothorn|37/100
|-damage|p2a: Buggy der Clown|88/100|[from] ability: Iron Barbs|[of] p1a: Ferrothorn
|
|-heal|p1a: Ferrothorn|44/100|[from] item: Leftovers
|upkeep
|turn|2
|
|t:|1598893969
|switch|p1a: Hippowdon|Hippowdon, F|100/100
|-weather|Sandstorm|[from] ability: Sand Stream|[of] p1a: Hippowdon
|move|p2a: Buggy der Clown|Drain Punch|p1a: Hippowdon
|-damage|p1a: Hippowdon|70/100
|-heal|p2a: Buggy der Clown|100/100|[from] drain|[of] p1a: Hippowdon
|
|-weather|Sandstorm|[upkeep]
|-damage|p2a: Buggy der Clown|94/100|[from] Sandstorm
|upkeep
|turn|3
|
|t:|1598893973
|move|p2a: Buggy der Clown|Knock Off|p1a: Hippowdon
|-damage|p1a: Hippowdon|50/100
|-enditem|p1a: Hippowdon|Smooth Rock|[from] move: Knock Off|[of] p2a: Buggy der Clown
|move|p1a: Hippowdon|Slack Off|p1a: Hippowdon
|-heal|p1a: Hippowdon|99/100
|
|-weather|Sandstorm|[upkeep]
|-damage|p2a: Buggy der Clown|88/100|[from] Sandstorm
|upkeep
|turn|4
|
|t:|1598893991
|switch|p2a: Miss Friday|Mandibuzz, F|100/100
|move|p1a: Hippowdon|Earthquake|p2a: Miss Friday
|-immune|p2a: Miss Friday
|
|-weather|Sandstorm|[upkeep]
|upkeep
|turn|5
|
|t:|1598894014
|switch|p1a: Clefable|Clefable, F|100/100
|move|p2a: Miss Friday|Taunt|p1a: Clefable
|-start|p1a: Clefable|move: Taunt
|
|-weather|Sandstorm|[upkeep]
|upkeep
|turn|6
|
|t:|1598894026
|switch|p2a: Kusabimaru|Aegislash, M, shiny|100/100
|move|p1a: Clefable|Moonblast|p2a: Kusabimaru
|-resisted|p2a: Kusabimaru
|-damage|p2a: Kusabimaru|84/100
|
|-weather|Sandstorm|[upkeep]
|-heal|p2a: Kusabimaru|91/100|[from] item: Leftovers
|upkeep
|turn|7
|
|t:|1598894052
|switch|p2a: Mushu|Dragapult, M|100/100
|switch|p1a: Excadrill|Excadrill, M|100/100
|
|-weather|Sandstorm|[upkeep]
|-damage|p2a: Mushu|94/100|[from] Sandstorm
|upkeep
|turn|8
|
|t:|1598894069
|move|p1a: Excadrill|Earthquake|p2a: Mushu
|-damage|p2a: Mushu|0 fnt
|-damage|p1a: Excadrill|91/100|[from] item: Life Orb
|faint|p2a: Mushu
|
|-weather|Sandstorm|[upkeep]
|upkeep
|
|t:|1598894077
|switch|p2a: Buggy der Clown|Conkeldurr, M|88/100
|turn|9
|inactive|GaijinEagle has 120 seconds left.
|
|t:|1598894121
|switch|p1a: Clefable|Clefable, F|100/100
|move|p2a: Buggy der Clown|Knock Off|p1a: Clefable
|-resisted|p1a: Clefable
|-damage|p1a: Clefable|85/100
|-enditem|p1a: Clefable|Life Orb|[from] move: Knock Off|[of] p2a: Buggy der Clown
|
|-weather|none
|upkeep
|turn|10
|inactive|GaijinEagle has 90 seconds left.
|
|t:|1598894149
|switch|p1a: Hippowdon|Hippowdon, F|99/100
|-weather|Sandstorm|[from] ability: Sand Stream|[of] p1a: Hippowdon
|switch|p2a: Kusabimaru|Aegislash, M, shiny|91/100
|
|-weather|Sandstorm|[upkeep]
|-heal|p2a: Kusabimaru|97/100|[from] item: Leftovers
|upkeep
|turn|11
|
|t:|1598894164
|move|p2a: Kusabimaru|King's Shield|p2a: Kusabimaru
|-singleturn|p2a: Kusabimaru|Protect
|move|p1a: Hippowdon|Stealth Rock|p2a: Kusabimaru
|-sidestart|p2: Didschel|move: Stealth Rock
|
|-weather|Sandstorm|[upkeep]
|-heal|p2a: Kusabimaru|100/100|[from] item: Leftovers
|upkeep
|turn|12
|
|t:|1598894172
|switch|p2a: Miss Friday|Mandibuzz, F|100/100
|move|p1a: Hippowdon|Whirlwind|p2a: Miss Friday
|drag|p2a: Buggy der Clown|Conkeldurr, M|88/100
|-damage|p2a: Buggy der Clown|82/100|[from] Stealth Rock
|
|-weather|Sandstorm|[upkeep]
|-damage|p2a: Buggy der Clown|76/100|[from] Sandstorm
|upkeep
|turn|13
|
|t:|1598894182
|move|p2a: Buggy der Clown|Drain Punch|p1a: Hippowdon
|-damage|p1a: Hippowdon|72/100
|-heal|p2a: Buggy der Clown|91/100|[from] drain|[of] p1a: Hippowdon
|move|p1a: Hippowdon|Whirlwind|p2a: Buggy der Clown
|drag|p2a: Miss Friday|Mandibuzz, F|100/100
|
|-weather|Sandstorm|[upkeep]
|upkeep
|turn|14
|
|t:|1598894195
|switch|p1a: Dragapult|Dragapult, F|100/100
|move|p2a: Miss Friday|Taunt|p1a: Dragapult
|-start|p1a: Dragapult|move: Taunt
|
|-weather|none
|upkeep
|turn|15
|inactive|GaijinEagle has 120 seconds left.
|
|t:|1598894217
|switch|p1a: Urshifu|Urshifu, M|100/100
|switch|p2a: Princess Vivi|Sylveon, F, shiny|100/100
|-damage|p2a: Princess Vivi|88/100|[from] Stealth Rock
|
|-heal|p2a: Princess Vivi|94/100|[from] item: Leftovers
|upkeep
|turn|16
|
|t:|1598894232
|move|p1a: Urshifu|Poison Jab|p2a: Princess Vivi
|-supereffective|p2a: Princess Vivi
|-damage|p2a: Princess Vivi|9/100
|-damage|p1a: Urshifu|91/100|[from] item: Life Orb
|move|p2a: Princess Vivi|Mystical Fire|p1a: Urshifu
|-damage|p1a: Urshifu|62/100
|-unboost|p1a: Urshifu|spa|1
|
|-heal|p2a: Princess Vivi|15/100|[from] item: Leftovers
|upkeep
|turn|17
|inactive|GaijinEagle has 120 seconds left.
|
|t:|1598894246
|switch|p2a: Miss Friday|Mandibuzz, F|100/100
|move|p1a: Urshifu|Close Combat|p2a: Miss Friday
|-damage|p2a: Miss Friday|57/100
|-unboost|p1a: Urshifu|def|1
|-unboost|p1a: Urshifu|spd|1
|-damage|p1a: Urshifu|52/100|[from] item: Life Orb
|
|upkeep
|turn|18
|inactive|GaijinEagle has 120 seconds left.
|
|t:|1598894262
|move|p1a: Urshifu|Close Combat|p2a: Miss Friday
|-damage|p2a: Miss Friday|8/100
|-unboost|p1a: Urshifu|def|1
|-unboost|p1a: Urshifu|spd|1
|-damage|p1a: Urshifu|42/100|[from] item: Life Orb
|move|p2a: Miss Friday|U-turn|p1a: Urshifu
|-damage|p1a: Urshifu|20/100
|inactive|Didschel has 120 seconds left.
|
|t:|1598894301
|switch|p2a: Buggy der Clown|Conkeldurr, M|91/100|[from]move: U-turn
|-damage|p2a: Buggy der Clown|85/100|[from] Stealth Rock
|
|upkeep
|turn|19
|inactive|GaijinEagle has 120 seconds left.
|
|t:|1598894319
|switch|p1a: Clefable|Clefable, F|85/100
|move|p2a: Buggy der Clown|Mach Punch|p1a: Clefable
|-resisted|p1a: Clefable
|-damage|p1a: Clefable|74/100
|
|upkeep
|turn|20
|
|t:|1598894343
|switch|p2a: Kusabimaru|Aegislash, M, shiny|100/100
|-damage|p2a: Kusabimaru|94/100|[from] Stealth Rock
|move|p1a: Clefable|Moonblast|p2a: Kusabimaru
|-resisted|p2a: Kusabimaru
|-damage|p2a: Kusabimaru|81/100
|
|-heal|p2a: Kusabimaru|88/100|[from] item: Leftovers
|upkeep
|turn|21
|inactive|GaijinEagle has 90 seconds left.
|
|t:|1598894375
|switch|p1a: Hippowdon|Hippowdon, F|72/100
|-weather|Sandstorm|[from] ability: Sand Stream|[of] p1a: Hippowdon
|move|p2a: Kusabimaru|Swords Dance|p2a: Kusabimaru
|-boost|p2a: Kusabimaru|atk|2
|
|-weather|Sandstorm|[upkeep]
|-heal|p2a: Kusabimaru|94/100|[from] item: Leftovers
|upkeep
|turn|22
|
|t:|1598894395
|-formechange|p2a: Kusabimaru|Aegislash-Blade||[from] ability: Stance Change
|move|p2a: Kusabimaru|Iron Head|p1a: Hippowdon
|-damage|p1a: Hippowdon|22/100
|move|p1a: Hippowdon|Whirlwind|p2a: Kusabimaru
|drag|p2a: Buggy der Clown|Conkeldurr, M|85/100
|-damage|p2a: Buggy der Clown|79/100|[from] Stealth Rock
|
|-weather|Sandstorm|[upkeep]
|-damage|p2a: Buggy der Clown|73/100|[from] Sandstorm
|upkeep
|turn|23
|inactive|GaijinEagle has 90 seconds left.
|
|t:|1598894412
|switch|p1a: Ferrothorn|Ferrothorn, F|44/100
|move|p2a: Buggy der Clown|Drain Punch|p1a: Ferrothorn
|-supereffective|p1a: Ferrothorn
|-damage|p1a: Ferrothorn|0 fnt
|-heal|p2a: Buggy der Clown|91/100|[from] drain|[of] p1a: Ferrothorn
|-damage|p2a: Buggy der Clown|79/100|[from] ability: Iron Barbs|[of] p1a: Ferrothorn
|faint|p1a: Ferrothorn
|
|-weather|Sandstorm|[upkeep]
|-damage|p2a: Buggy der Clown|73/100|[from] Sandstorm
|upkeep
|
|t:|1598894438
|switch|p1a: Clefable|Clefable, F|74/100
|turn|24
|
|t:|1598894441
|switch|p2a: Kusabimaru|Aegislash, M, shiny|94/100
|-damage|p2a: Kusabimaru|88/100|[from] Stealth Rock
|move|p1a: Clefable|Calm Mind|p1a: Clefable
|-boost|p1a: Clefable|spa|1
|-boost|p1a: Clefable|spd|1
|
|-weather|Sandstorm|[upkeep]
|-heal|p2a: Kusabimaru|94/100|[from] item: Leftovers
|upkeep
|turn|25
|inactive|GaijinEagle has 60 seconds left.
|
|t:|1598894486
|switch|p1a: Excadrill|Excadrill, M|91/100
|-formechange|p2a: Kusabimaru|Aegislash-Blade||[from] ability: Stance Change
|move|p2a: Kusabimaru|Iron Head|p1a: Excadrill
|-resisted|p1a: Excadrill
|-damage|p1a: Excadrill|55/100
|
|-weather|none
|-heal|p2a: Kusabimaru|99/100|[from] item: Leftovers
|upkeep
|turn|26
|inactive|Didschel has 120 seconds left.
|
|t:|1598894523
|switch|p2a: Miss Friday|Mandibuzz, F|8/100
|move|p1a: Excadrill|Earthquake|p2a: Miss Friday
|-immune|p2a: Miss Friday
|
|upkeep
|turn|27
|inactive|Didschel has 120 seconds left.
|
|t:|1598894532
|move|p1a: Excadrill|Iron Head|p2a: Miss Friday
|-damage|p2a: Miss Friday|0 fnt
|-damage|p1a: Excadrill|45/100|[from] item: Life Orb
|faint|p2a: Miss Friday
|
|upkeep
|inactive|Didschel has 120 seconds left.
|
|t:|1598894539
|switch|p2a: Buggy der Clown|Conkeldurr, M|73/100
|-damage|p2a: Buggy der Clown|67/100|[from] Stealth Rock
|turn|28
|inactive|GaijinEagle has 60 seconds left.
|
|t:|1598894547
|switch|p1a: Hippowdon|Hippowdon, F|22/100
|-weather|Sandstorm|[from] ability: Sand Stream|[of] p1a: Hippowdon
|switch|p2a: Kusabimaru|Aegislash, M, shiny|99/100
|-damage|p2a: Kusabimaru|94/100|[from] Stealth Rock
|
|-weather|Sandstorm|[upkeep]
|-heal|p2a: Kusabimaru|99/100|[from] item: Leftovers
|upkeep
|turn|29
|inactive|Didschel has 120 seconds left.
|
|t:|1598894570
|-formechange|p2a: Kusabimaru|Aegislash-Blade||[from] ability: Stance Change
|move|p2a: Kusabimaru|Iron Head|p1a: Hippowdon
|-damage|p1a: Hippowdon|0 fnt
|faint|p1a: Hippowdon
|
|-weather|Sandstorm|[upkeep]
|-heal|p2a: Kusabimaru|100/100|[from] item: Leftovers
|upkeep
|
|t:|1598894577
|switch|p1a: Excadrill|Excadrill, M|45/100
|turn|30
|
|t:|1598894580
|-formechange|p2a: Kusabimaru|Aegislash||[from] ability: Stance Change
|move|p2a: Kusabimaru|King's Shield|p2a: Kusabimaru
|-singleturn|p2a: Kusabimaru|Protect
|move|p1a: Excadrill|Earthquake|p2a: Kusabimaru
|-activate|p2a: Kusabimaru|move: Protect
|
|-weather|Sandstorm|[upkeep]
|upkeep
|turn|31
|
|t:|1598894594
|switch|p2a: Princess Vivi|Sylveon, F, shiny|15/100
|-damage|p2a: Princess Vivi|3/100|[from] Stealth Rock
|move|p1a: Excadrill|Earthquake|p2a: Princess Vivi
|-damage|p2a: Princess Vivi|0 fnt
|-damage|p1a: Excadrill|35/100|[from] item: Life Orb
|faint|p2a: Princess Vivi
|
|-weather|Sandstorm|[upkeep]
|upkeep
|
|t:|1598894599
|switch|p2a: Buggy der Clown|Conkeldurr, M|67/100
|-damage|p2a: Buggy der Clown|61/100|[from] Stealth Rock
|turn|32
|
|t:|1598894607
|switch|p1a: Clefable|Clefable, F|74/100
|move|p2a: Buggy der Clown|Mach Punch|p1a: Clefable
|-resisted|p1a: Clefable
|-damage|p1a: Clefable|63/100
|
|-weather|none
|upkeep
|turn|33
|inactive|GaijinEagle has 90 seconds left.
|
|t:|1598894631
|switch|p1a: Urshifu|Urshifu, M|20/100
|switch|p2a: Kusabimaru|Aegislash, M, shiny|100/100
|-damage|p2a: Kusabimaru|94/100|[from] Stealth Rock
|
|-heal|p2a: Kusabimaru|100/100|[from] item: Leftovers
|upkeep
|turn|34
|
|t:|1598894639
|switch|p2a: Buggy der Clown|Conkeldurr, M|61/100
|-damage|p2a: Buggy der Clown|55/100|[from] Stealth Rock
|move|p1a: Urshifu|Wicked Blow|p2a: Buggy der Clown
|-resisted|p2a: Buggy der Clown
|-crit|p2a: Buggy der Clown
|-damage|p2a: Buggy der Clown|22/100
|-damage|p1a: Urshifu|10/100|[from] item: Life Orb
|
|upkeep
|turn|35
|
|t:|1598894647
|switch|p1a: Clefable|Clefable, F|63/100
|move|p2a: Buggy der Clown|Mach Punch|p1a: Clefable
|-resisted|p1a: Clefable
|-damage|p1a: Clefable|52/100
|
|upkeep
|turn|36
|
|t:|1598894653
|switch|p2a: Mothra|Volcarona, F|100/100
|move|p1a: Clefable|Soft-Boiled|p1a: Clefable
|-heal|p1a: Clefable|100/100
|
|upkeep
|turn|37
|
|t:|1598894661
|switch|p1a: Dragapult|Dragapult, F|100/100
|move|p2a: Mothra|Quiver Dance|p2a: Mothra
|-boost|p2a: Mothra|spa|1
|-boost|p2a: Mothra|spd|1
|-boost|p2a: Mothra|spe|1
|
|upkeep
|turn|38
|inactive|GaijinEagle has 120 seconds left.
|inactive|Didschel has 120 seconds left.
|
|t:|1598894712
|move|p2a: Mothra|Psychic|p1a: Dragapult
|-damage|p1a: Dragapult|21/100
|move|p1a: Dragapult|Dragon Darts|p2a: Mothra
|-damage|p2a: Mothra|61/100
|-anim|p1a: Dragapult|Dragon Darts|p2a: Mothra
|-damage|p2a: Mothra|20/100
|-damage|p1a: Dragapult|11/100|[from] item: Life Orb
|
|upkeep
|turn|39
|
|t:|1598894723
|move|p1a: Dragapult|Sucker Punch|p2a: Mothra
|-damage|p2a: Mothra|0 fnt
|-damage|p1a: Dragapult|1/100|[from] item: Life Orb
|faint|p2a: Mothra
|
|upkeep
|
|t:|1598894733
|switch|p2a: Kusabimaru|Aegislash, M, shiny|100/100
|-damage|p2a: Kusabimaru|94/100|[from] Stealth Rock
|turn|40
|
|t:|1598894745
|-formechange|p2a: Kusabimaru|Aegislash-Blade||[from] ability: Stance Change
|move|p2a: Kusabimaru|Shadow Sneak|p1a: Dragapult
|-supereffective|p1a: Dragapult
|-damage|p1a: Dragapult|0 fnt
|faint|p1a: Dragapult
|
|-heal|p2a: Kusabimaru|100/100|[from] item: Leftovers
|upkeep
|
|t:|1598894753
|switch|p1a: Excadrill|Excadrill, M|35/100
|turn|41
|
|t:|1598894778
|move|p2a: Kusabimaru|Shadow Sneak|p1a: Excadrill
|-damage|p1a: Excadrill|0 fnt
|faint|p1a: Excadrill
|
|upkeep
|inactive|GaijinEagle has 120 seconds left.
|
|t:|1598894805
|switch|p1a: Urshifu|Urshifu, M|10/100
|turn|42
|inactive|Didschel has 90 seconds left.
|
|t:|1598894826
|switch|p2a: Buggy der Clown|Conkeldurr, M|22/100
|-damage|p2a: Buggy der Clown|16/100|[from] Stealth Rock
|move|p1a: Urshifu|Wicked Blow|p2a: Buggy der Clown
|-resisted|p2a: Buggy der Clown
|-crit|p2a: Buggy der Clown
|-damage|p2a: Buggy der Clown|0 fnt
|-damage|p1a: Urshifu|0 fnt|[from] item: Life Orb
|faint|p2a: Buggy der Clown
|faint|p1a: Urshifu
|
|upkeep
|
|t:|1598894834
|switch|p1a: Clefable|Clefable, F|100/100
|switch|p2a: Kusabimaru|Aegislash, M, shiny|100/100
|-damage|p2a: Kusabimaru|94/100|[from] Stealth Rock
|turn|43
|
|t:|1598894851
|move|p2a: Kusabimaru|Swords Dance|p2a: Kusabimaru
|-boost|p2a: Kusabimaru|atk|2
|move|p1a: Clefable|Calm Mind|p1a: Clefable
|-boost|p1a: Clefable|spa|1
|-boost|p1a: Clefable|spd|1
|
|-heal|p2a: Kusabimaru|100/100|[from] item: Leftovers
|upkeep
|turn|44
|inactive|GaijinEagle has 120 seconds left.
|
|t:|1598894870
|-formechange|p2a: Kusabimaru|Aegislash-Blade||[from] ability: Stance Change
|move|p2a: Kusabimaru|Iron Head|p1a: Clefable
|-supereffective|p1a: Clefable
|-damage|p1a: Clefable|0 fnt
|faint|p1a: Clefable
|
|win|Didschel
|c|☆GaijinEagle|gg
|c|☆Didschel|gg
||Ladder (probably) updated, but score could not be retrieved (Request timeout).
