|html|<div class="broadcast-blue"><strong>[Gen 8] OU is currently suspecting Melmetal! For information on how to participate check out the <a href="https://www.smogon.com/forums/threads/np-ss-ou-suspect-process-round-12-monster-mash.3709234/">suspect thread</a>.</strong></div>
|j|☆Alu9204
|j|☆minimax_ai
|t:|1666463558
|gametype|singles
|player|p1|Alu9204|burglar|1488
|player|p2|minimax_ai|lusamine-nihilego|1482
|teamsize|p1|6
|teamsize|p2|6
|gen|8
|tier|[Gen 8] OU
|rated|
|rule|Sleep Clause Mod: Limit one foe put to sleep
|rule|Species Clause: Limit one of each Pokémon
|rule|OHKO Clause: OHKO moves are banned
|rule|Evasion Items Clause: Evasion items are banned
|rule|Evasion Moves Clause: Evasion moves are banned
|rule|Endless Battle Clause: Forcing endless battles is banned
|rule|HP Percentage Mod: HP is shown in percentages
|rule|Dynamax Clause: You cannot dynamax
|clearpoke
|poke|p1|Nidoking, M|
|poke|p1|Hydreigon, F|
|poke|p1|Melmetal|
|poke|p1|Volcarona, F|
|poke|p1|Urshifu-*, M|
|poke|p1|Dragapult, F|
|poke|p2|Rotom-Wash|
|poke|p2|Weavile, M|
|poke|p2|Landorus-Therian, M|
|poke|p2|Heatran, M|
|poke|p2|Tangrowth, F|
|poke|p2|Melmetal|
|teampreview
|c|☆minimax_ai|hf
|inactive|Battle timer is ON: inactive players will automatically lose when time's up. (requested by minimax_ai)
|
|t:|1666463580
|start
|switch|p1a: Nidoking|Nidoking, M|100/100
|switch|p2a: rotomwash|Rotom-Wash|100/100
|turn|1
|
|t:|1666463588
|switch|p1a: Hydreigon|Hydreigon, F|100/100
|move|p2a: rotomwash|Hydro Pump|p1a: Hydreigon
|-resisted|p1a: Hydreigon
|-damage|p1a: Hydreigon|75/100
|
|upkeep
|turn|2
|
|t:|1666463596
|switch|p2a: Melmetal|Melmetal|100/100
|move|p1a: Hydreigon|U-turn|p2a: Melmetal
|-resisted|p2a: Melmetal
|-damage|p2a: Melmetal|96/100
|
|t:|1666463603
|switch|p1a: Nidoking|Nidoking, M|100/100|[from]move: U-turn
|
|upkeep
|turn|3
|
|t:|1666463607
|move|p1a: Nidoking|Earth Power|p2a: Melmetal
|-supereffective|p2a: Melmetal
|-damage|p2a: Melmetal|34/100
|move|p2a: Melmetal|Double Iron Bash|p1a: Nidoking
|-damage|p1a: Nidoking|46/100
|-damage|p1a: Nidoking|0 fnt
|faint|p1a: Nidoking
|-hitcount|p1: Nidoking|2
|
|upkeep
|
|t:|1666463624
|switch|p1a: Volcarona|Volcarona, F|100/100
|turn|4
|
|t:|1666463631
|switch|p2a: landorustherian|Landorus-Therian, M|100/100
|-ability|p2a: landorustherian|Intimidate|boost
|-unboost|p1a: Volcarona|atk|1
|move|p1a: Volcarona|Fire Blast|p2a: landorustherian
|-damage|p2a: landorustherian|54/100
|
|-heal|p2a: landorustherian|60/100|[from] item: Leftovers
|upkeep
|turn|5
|
|t:|1666463642
|switch|p1a: Hydreigon|Hydreigon, F|75/100
|move|p2a: landorustherian|Earthquake|p1a: Hydreigon
|-immune|p1a: Hydreigon|[from] ability: Levitate
|
|-heal|p2a: landorustherian|66/100|[from] item: Leftovers
|upkeep
|turn|6
|
|t:|1666463650
|move|p1a: Hydreigon|Dark Pulse|p2a: landorustherian
|-damage|p2a: landorustherian|35/100
|move|p2a: landorustherian|Toxic|p1a: Hydreigon
|-status|p1a: Hydreigon|tox
|
|-heal|p2a: landorustherian|41/100|[from] item: Leftovers
|-damage|p1a: Hydreigon|68/100 tox|[from] psn
|upkeep
|turn|7
|
|t:|1666463655
|move|p1a: Hydreigon|Dark Pulse|p2a: landorustherian
|-damage|p2a: landorustherian|9/100
|move|p2a: landorustherian|Earthquake|p1a: Hydreigon
|-immune|p1a: Hydreigon|[from] ability: Levitate
|
|-heal|p2a: landorustherian|15/100|[from] item: Leftovers
|-damage|p1a: Hydreigon|56/100 tox|[from] psn
|upkeep
|turn|8
|
|t:|1666463661
|switch|p2a: rotomwash|Rotom-Wash|100/100
|move|p1a: Hydreigon|Dark Pulse|p2a: rotomwash
|-damage|p2a: rotomwash|56/100
|
|-heal|p2a: rotomwash|62/100|[from] item: Leftovers
|-damage|p1a: Hydreigon|38/100 tox|[from] psn
|upkeep
|turn|9
|
|t:|1666463667
|switch|p1a: Melmetal|Melmetal|100/100
|move|p2a: rotomwash|Pain Split|p1a: Melmetal
|-sethp|p1a: Melmetal|72/100|[from] move: Pain Split|[silent]
|-sethp|p2a: rotomwash|100/100|[from] move: Pain Split
|
|upkeep
|turn|10
|
|t:|1666463681
|move|p2a: rotomwash|Thunderbolt|p1a: Melmetal
|-damage|p1a: Melmetal|36/100
|move|p1a: Melmetal|Thunder Wave|p2a: rotomwash
|-immune|p2a: rotomwash
|
|upkeep
|turn|11
|
|t:|1666463685
|move|p2a: rotomwash|Nasty Plot|p2a: rotomwash
|-boost|p2a: rotomwash|spa|2
|move|p1a: Melmetal|Thunder Punch|p2a: rotomwash
|-damage|p2a: rotomwash|63/100
|
|-heal|p2a: rotomwash|70/100|[from] item: Leftovers
|upkeep
|turn|12
|
|t:|1666463691
|move|p2a: rotomwash|Thunderbolt|p1a: Melmetal
|-damage|p1a: Melmetal|0 fnt
|faint|p1a: Melmetal
|
|-heal|p2a: rotomwash|76/100|[from] item: Leftovers
|upkeep
|
|t:|1666463700
|switch|p1a: Volcarona|Volcarona, F|100/100
|turn|13
|
|t:|1666463704
|move|p1a: Volcarona|Quiver Dance|p1a: Volcarona
|-boost|p1a: Volcarona|spa|1
|-boost|p1a: Volcarona|spd|1
|-boost|p1a: Volcarona|spe|1
|move|p2a: rotomwash|Thunderbolt|p1a: Volcarona
|-damage|p1a: Volcarona|48/100
|
|-heal|p2a: rotomwash|82/100|[from] item: Leftovers
|upkeep
|turn|14
|
|t:|1666463706
|move|p1a: Volcarona|Giga Drain|p2a: rotomwash
|-supereffective|p2a: rotomwash
|-damage|p2a: rotomwash|0 fnt
|-heal|p1a: Volcarona|88/100|[from] drain|[of] p2a: rotomwash
|faint|p2a: rotomwash
|
|upkeep
|
|t:|1666463706
|switch|p2a: Heatran|Heatran, M|100/100
|-item|p2a: Heatran|Air Balloon
|turn|15
|
|t:|1666463718
|switch|p1a: Hydreigon|Hydreigon, F|38/100 tox
|move|p2a: Heatran|Eruption|p1a: Hydreigon
|-resisted|p1a: Hydreigon
|-damage|p1a: Hydreigon|0 fnt
|faint|p1a: Hydreigon
|
|upkeep
|
|t:|1666463720
|switch|p1a: Urshifu|Urshifu-Rapid-Strike, M|100/100
|turn|16
|
|t:|1666463724
|switch|p2a: Tangrowth|Tangrowth, F|100/100
|move|p1a: Urshifu|U-turn|p2a: Tangrowth
|-supereffective|p2a: Tangrowth
|-damage|p2a: Tangrowth|64/100
|-damage|p1a: Urshifu|84/100|[from] item: Rocky Helmet|[of] p2a: Tangrowth
|
|t:|1666463726
|switch|p1a: Volcarona|Volcarona, F|88/100|[from]move: U-turn
|
|upkeep
|turn|17
|
|t:|1666463735
|switch|p2a: Heatran|Heatran, M|100/100
|-item|p2a: Heatran|Air Balloon
|move|p1a: Volcarona|Psychic|p2a: Heatran
|-resisted|p2a: Heatran
|-damage|p2a: Heatran|83/100
|-enditem|p2a: Heatran|Air Balloon
|
|upkeep
|turn|18
|
|t:|1666463743
|switch|p1a: Dragapult|Dragapult, F|100/100
|move|p2a: Heatran|Magma Storm|p1a: Dragapult
|-resisted|p1a: Dragapult
|-damage|p1a: Dragapult|67/100
|-activate|p1a: Dragapult|move: Magma Storm|[of] p2a: Heatran
|
|-damage|p1a: Dragapult|55/100|[from] move: Magma Storm|[partiallytrapped]
|upkeep
|turn|19
|
|t:|1666463749
|move|p1a: Dragapult|Shadow Ball|p2a: Heatran
|-damage|p2a: Heatran|27/100
|move|p2a: Heatran|Earth Power|p1a: Dragapult
|-damage|p1a: Dragapult|10/100
|-unboost|p1a: Dragapult|spd|1
|
|-damage|p1a: Dragapult|0 fnt|[from] move: Magma Storm|[partiallytrapped]
|faint|p1a: Dragapult
|upkeep
|
|t:|1666463763
|switch|p1a: Volcarona|Volcarona, F|88/100
|turn|20
|
|t:|1666463768
|move|p1a: Volcarona|Quiver Dance|p1a: Volcarona
|-boost|p1a: Volcarona|spa|1
|-boost|p1a: Volcarona|spd|1
|-boost|p1a: Volcarona|spe|1
|move|p2a: Heatran|Magma Storm|p1a: Volcarona
|-damage|p1a: Volcarona|52/100
|-activate|p1a: Volcarona|move: Magma Storm|[of] p2a: Heatran
|
|-damage|p1a: Volcarona|40/100|[from] move: Magma Storm|[partiallytrapped]
|upkeep
|turn|21
|
|t:|1666463770
|move|p1a: Volcarona|Psychic|p2a: Heatran
|-resisted|p2a: Heatran
|-damage|p2a: Heatran|2/100
|move|p2a: Heatran|Magma Storm|p1a: Volcarona
|-damage|p1a: Volcarona|0 fnt
|faint|p1a: Volcarona
|
|upkeep
|
|t:|1666463774
|switch|p1a: Urshifu|Urshifu-Rapid-Strike, M|84/100
|turn|22
|
|t:|1666463780
|switch|p2a: Tangrowth|Tangrowth, F|97/100
|move|p1a: Urshifu|Close Combat|p2a: Tangrowth
|-damage|p2a: Tangrowth|52/100
|-unboost|p1a: Urshifu|def|1
|-unboost|p1a: Urshifu|spd|1
|-damage|p1a: Urshifu|68/100|[from] item: Rocky Helmet|[of] p2a: Tangrowth
|
|upkeep
|turn|23
|
|t:|1666463783
|move|p1a: Urshifu|Close Combat|p2a: Tangrowth
|-damage|p2a: Tangrowth|1/100
|-unboost|p1a: Urshifu|def|1
|-unboost|p1a: Urshifu|spd|1
|-damage|p1a: Urshifu|51/100|[from] item: Rocky Helmet|[of] p2a: Tangrowth
|move|p2a: Tangrowth|Giga Drain|p1a: Urshifu
|-supereffective|p1a: Urshifu
|-crit|p1a: Urshifu
|-damage|p1a: Urshifu|0 fnt
|-heal|p2a: Tangrowth|23/100|[from] drain|[of] p1a: Urshifu
|faint|p1a: Urshifu
|
|win|minimax_ai
|raw|Alu9204's rating: 1488 &rarr; <strong>1468</strong><br />(-20 for losing)
|raw|minimax_ai's rating: 1482 &rarr; <strong>1502</strong><br />(+20 for winning)
|c|☆minimax_ai|gg
