|j|☆Batataplays
|j|☆Kackerot
|t:|1650679017
|gametype|singles
|player|p1|Batataplays|nessa|1581
|player|p2|Kackerot|2|1518
|teamsize|p1|6
|teamsize|p2|6
|gen|8
|tier|[Gen 8] OU
|rated|
|rule|Sleep Clause Mod: Limit one foe put to sleep
|rule|Species Clause: Limit one of each Pokémon
|rule|OHKO Clause: OHKO moves are banned
|rule|Evasion Moves Clause: Evasion moves are banned
|rule|Endless Battle Clause: Forcing endless battles is banned
|rule|HP Percentage Mod: HP is shown in percentages
|rule|Dynamax Clause: You cannot dynamax
|clearpoke
|poke|p1|Zapdos-Galar|
|poke|p1|Aegislash, M|
|poke|p1|Tapu Fini|
|poke|p1|Landorus-Therian, M|
|poke|p1|Heatran, F|
|poke|p1|Tapu Lele|
|poke|p2|Blaziken, M|
|poke|p2|Tangrowth, F|
|poke|p2|Melmetal|
|poke|p2|Toxapex, F|
|poke|p2|Aegislash, M|
|poke|p2|Landorus-Therian, M|
|teampreview
|inactive|Battle timer is ON: inactive players will automatically lose when time's up. (requested by Kackerot)
|
|t:|1650679036
|start
|switch|p1a: Tapu Lele|Tapu Lele|100/100
|switch|p2a: Tangrowth|Tangrowth, F|100/100
|-fieldstart|move: Psychic Terrain|[from] ability: Psychic Surge|[of] p1a: Tapu Lele
|turn|1
|
|t:|1650679042
|move|p1a: Tapu Lele|Psychic|p2a: Tangrowth
|-damage|p2a: Tangrowth|14/100
|move|p2a: Tangrowth|Leaf Storm|p1a: Tapu Lele|[miss]
|-miss|p2a: Tangrowth|p1a: Tapu Lele
|
|upkeep
|turn|2
|
|t:|1650679050
|switch|p1a: Heatran|Heatran, F|100/100
|switch|p2a: Aegislash|Aegislash, M|100/100
|
|upkeep
|turn|3
|
|t:|1650679054
|switch|p2a: Landorus|Landorus-Therian, M|100/100
|-ability|p2a: Landorus|Intimidate|boost
|-unboost|p1a: Heatran|atk|1
|move|p1a: Heatran|Stealth Rock|p2a: Landorus
|-sidestart|p2: Kackerot|move: Stealth Rock
|
|upkeep
|turn|4
|
|t:|1650679059
|move|p1a: Heatran|Magma Storm|p2a: Landorus
|-damage|p2a: Landorus|55/100
|-activate|p2a: Landorus|move: Magma Storm|[of] p1a: Heatran
|move|p2a: Landorus|Knock Off|p1a: Heatran
|-damage|p1a: Heatran|72/100
|-enditem|p1a: Heatran|Leftovers|[from] move: Knock Off|[of] p2a: Landorus
|
|-heal|p2a: Landorus|61/100|[from] item: Leftovers
|-damage|p2a: Landorus|49/100|[from] move: Magma Storm|[partiallytrapped]
|upkeep
|turn|5
|
|t:|1650679063
|switch|p1a: Landorus|Landorus-Therian, M|100/100
|-ability|p1a: Landorus|Intimidate|boost
|-unboost|p2a: Landorus|atk|1
|move|p2a: Landorus|Earthquake|p1a: Landorus
|-immune|p1a: Landorus
|
|-heal|p2a: Landorus|55/100|[from] item: Leftovers
|-end|p2a: Landorus|Magma Storm|[partiallytrapped]|[silent]
|-fieldend|move: Psychic Terrain
|upkeep
|turn|6
|
|t:|1650679066
|move|p2a: Landorus|Stealth Rock|p1a: Landorus
|-sidestart|p1: Batataplays|move: Stealth Rock
|move|p1a: Landorus|U-turn|p2a: Landorus
|-resisted|p2a: Landorus
|-damage|p2a: Landorus|45/100
|
|t:|1650679068
|switch|p1a: Tapu Lele|Tapu Lele|100/100|[from]move: U-turn
|-damage|p1a: Tapu Lele|88/100|[from] Stealth Rock
|-fieldstart|move: Psychic Terrain|[from] ability: Psychic Surge|[of] p1a: Tapu Lele
|
|-heal|p2a: Landorus|51/100|[from] item: Leftovers
|upkeep
|turn|7
|
|t:|1650679075
|switch|p2a: Melmetal|Melmetal|100/100
|-damage|p2a: Melmetal|94/100|[from] Stealth Rock
|move|p1a: Tapu Lele|Psychic|p2a: Melmetal
|-resisted|p2a: Melmetal
|-damage|p2a: Melmetal|63/100
|
|upkeep
|turn|8
|
|t:|1650679082
|switch|p1a: Heatran|Heatran, F|72/100
|-damage|p1a: Heatran|60/100|[from] Stealth Rock
|move|p2a: Melmetal|Earthquake|p1a: Heatran
|-supereffective|p1a: Heatran
|-damage|p1a: Heatran|0 fnt
|faint|p1a: Heatran
|
|upkeep
|
|t:|1650679086
|switch|p1a: Zapdos|Zapdos-Galar|100/100
|-damage|p1a: Zapdos|88/100|[from] Stealth Rock
|turn|9
|
|t:|1650679091
|switch|p2a: Toxapex|Toxapex, F|100/100
|-damage|p2a: Toxapex|88/100|[from] Stealth Rock
|move|p1a: Zapdos|U-turn|p2a: Toxapex
|-resisted|p2a: Toxapex
|-damage|p2a: Toxapex|76/100
|
|t:|1650679094
|switch|p1a: Tapu Lele|Tapu Lele|88/100|[from]move: U-turn
|-damage|p1a: Tapu Lele|76/100|[from] Stealth Rock
|
|-heal|p2a: Toxapex|83/100|[from] item: Black Sludge
|upkeep
|turn|10
|
|t:|1650679097
|move|p2a: Toxapex|Baneful Bunker|p2a: Toxapex
|-singleturn|p2a: Toxapex|move: Protect
|move|p1a: Tapu Lele|Psychic|p2a: Toxapex
|-activate|p2a: Toxapex|move: Protect
|
|-heal|p2a: Toxapex|89/100|[from] item: Black Sludge
|-fieldend|move: Psychic Terrain
|upkeep
|turn|11
|
|t:|1650679101
|move|p1a: Tapu Lele|Psychic|p2a: Toxapex
|-supereffective|p2a: Toxapex
|-damage|p2a: Toxapex|13/100
|move|p2a: Toxapex|Toxic|p1a: Tapu Lele
|-status|p1a: Tapu Lele|tox
|
|-heal|p2a: Toxapex|20/100|[from] item: Black Sludge
|-damage|p1a: Tapu Lele|70/100 tox|[from] psn
|upkeep
|turn|12
|
|t:|1650679106
|switch|p1a: Aegislash|Aegislash, M|100/100
|-damage|p1a: Aegislash|94/100|[from] Stealth Rock
|move|p2a: Toxapex|Baneful Bunker||[still]
|-fail|p2a: Toxapex
|
|-heal|p2a: Toxapex|26/100|[from] item: Black Sludge
|upkeep
|turn|13
|
|t:|1650679113
|switch|p2a: Landorus|Landorus-Therian, M|51/100
|-damage|p2a: Landorus|39/100|[from] Stealth Rock
|-ability|p2a: Landorus|Intimidate|boost
|-unboost|p1a: Aegislash|atk|1
|-formechange|p1a: Aegislash|Aegislash-Blade||[from] ability: Stance Change
|move|p1a: Aegislash|Shadow Ball|p2a: Landorus
|-damage|p2a: Landorus|0 fnt
|faint|p2a: Landorus
|
|upkeep
|
|t:|1650679125
|switch|p2a: Aegislash|Aegislash, M|100/100
|-damage|p2a: Aegislash|94/100|[from] Stealth Rock
|turn|14
|
|t:|1650679130
|move|p1a: Aegislash|Shadow Ball|p2a: Aegislash
|-supereffective|p2a: Aegislash
|-damage|p2a: Aegislash|0 fnt
|faint|p2a: Aegislash
|
|upkeep
|
|t:|1650679135
|switch|p2a: Blaziken|Blaziken, M|100/100
|-damage|p2a: Blaziken|88/100|[from] Stealth Rock
|turn|15
|
|t:|1650679139
|move|p2a: Blaziken|Flare Blitz|p1a: Aegislash
|-supereffective|p1a: Aegislash
|-damage|p1a: Aegislash|0 fnt
|faint|p1a: Aegislash
|-damage|p2a: Blaziken|61/100|[from] Recoil
|-damage|p2a: Blaziken|51/100|[from] item: Life Orb
|
|-ability|p2a: Blaziken|Speed Boost|boost
|-boost|p2a: Blaziken|spe|1
|upkeep
|
|t:|1650679144
|switch|p1a: Landorus|Landorus-Therian, M|100/100
|-damage|p1a: Landorus|88/100|[from] Stealth Rock
|-ability|p1a: Landorus|Intimidate|boost
|-unboost|p2a: Blaziken|atk|1
|turn|16
|
|t:|1650679150
|move|p2a: Blaziken|Protect|p2a: Blaziken
|-singleturn|p2a: Blaziken|Protect
|move|p1a: Landorus|Earthquake|p2a: Blaziken
|-activate|p2a: Blaziken|move: Protect
|
|-heal|p1a: Landorus|94/100|[from] item: Leftovers
|-ability|p2a: Blaziken|Speed Boost|boost
|-boost|p2a: Blaziken|spe|1
|upkeep
|turn|17
|
|t:|1650679153
|switch|p2a: Tangrowth|Tangrowth, F|47/100
|-damage|p2a: Tangrowth|35/100|[from] Stealth Rock
|move|p1a: Landorus|U-turn|p2a: Tangrowth
|-supereffective|p2a: Tangrowth
|-damage|p2a: Tangrowth|6/100
|
|t:|1650679157
|switch|p1a: Zapdos|Zapdos-Galar|88/100|[from]move: U-turn
|-damage|p1a: Zapdos|76/100|[from] Stealth Rock
|
|upkeep
|turn|18
|
|t:|1650679162
|switch|p2a: Toxapex|Toxapex, F|59/100
|-damage|p2a: Toxapex|47/100|[from] Stealth Rock
|move|p1a: Zapdos|U-turn|p2a: Toxapex
|-resisted|p2a: Toxapex
|-crit|p2a: Toxapex
|-damage|p2a: Toxapex|29/100
|
|t:|1650679166
|switch|p1a: Tapu Fini|Tapu Fini|100/100|[from]move: U-turn
|-damage|p1a: Tapu Fini|88/100|[from] Stealth Rock
|-fieldstart|move: Misty Terrain|[from] ability: Misty Surge|[of] p1a: Tapu Fini
|
|-heal|p1a: Tapu Fini|94/100|[from] item: Leftovers
|-heal|p2a: Toxapex|35/100|[from] item: Black Sludge
|upkeep
|turn|19
|
|t:|1650679170
|move|p2a: Toxapex|Baneful Bunker|p2a: Toxapex
|-singleturn|p2a: Toxapex|move: Protect
|move|p1a: Tapu Fini|Whirlpool|p2a: Toxapex
|-activate|p2a: Toxapex|move: Protect
|
|-heal|p1a: Tapu Fini|99/100|[from] item: Leftovers
|-heal|p2a: Toxapex|42/100|[from] item: Black Sludge
|upkeep
|turn|20
|
|t:|1650679178
|switch|p2a: Tangrowth|Tangrowth, F|39/100
|-damage|p2a: Tangrowth|27/100|[from] Stealth Rock
|move|p1a: Tapu Fini|Nature's Madness|p2a: Tangrowth
|-damage|p2a: Tangrowth|14/100
|
|-heal|p1a: Tapu Fini|100/100|[from] item: Leftovers
|upkeep
|turn|21
|
|t:|1650679182
|switch|p2a: Toxapex|Toxapex, F|75/100
|-damage|p2a: Toxapex|62/100|[from] Stealth Rock
|move|p1a: Tapu Fini|Moonblast|p2a: Toxapex
|-resisted|p2a: Toxapex
|-damage|p2a: Toxapex|51/100
|-unboost|p2a: Toxapex|spa|1
|
|-heal|p2a: Toxapex|57/100|[from] item: Black Sludge
|upkeep
|turn|22
|
|t:|1650679185
|move|p2a: Toxapex|Baneful Bunker|p2a: Toxapex
|-singleturn|p2a: Toxapex|move: Protect
|move|p1a: Tapu Fini|Whirlpool|p2a: Toxapex
|-activate|p2a: Toxapex|move: Protect
|
|-heal|p2a: Toxapex|63/100|[from] item: Black Sludge
|-fieldend|Misty Terrain
|upkeep
|turn|23
|
|t:|1650679189
|move|p1a: Tapu Fini|Whirlpool|p2a: Toxapex|[miss]
|-miss|p1a: Tapu Fini|p2a: Toxapex
|move|p2a: Toxapex|Toxic|p1a: Tapu Fini
|-status|p1a: Tapu Fini|tox
|
|-heal|p2a: Toxapex|70/100|[from] item: Black Sludge
|-damage|p1a: Tapu Fini|94/100 tox|[from] psn
|upkeep
|turn|24
|
|t:|1650679192
|move|p2a: Toxapex|Baneful Bunker|p2a: Toxapex
|-singleturn|p2a: Toxapex|move: Protect
|move|p1a: Tapu Fini|Whirlpool|p2a: Toxapex
|-activate|p2a: Toxapex|move: Protect
|
|-heal|p1a: Tapu Fini|100/100 tox|[from] item: Leftovers
|-heal|p2a: Toxapex|76/100|[from] item: Black Sludge
|-damage|p1a: Tapu Fini|88/100 tox|[from] psn
|upkeep
|turn|25
|
|t:|1650679195
|move|p1a: Tapu Fini|Whirlpool|p2a: Toxapex
|-resisted|p2a: Toxapex
|-damage|p2a: Toxapex|72/100
|-activate|p2a: Toxapex|move: Whirlpool|[of] p1a: Tapu Fini
|move|p2a: Toxapex|Recover|p2a: Toxapex
|-heal|p2a: Toxapex|100/100
|
|-heal|p1a: Tapu Fini|94/100 tox|[from] item: Leftovers
|-damage|p1a: Tapu Fini|76/100 tox|[from] psn
|-damage|p2a: Toxapex|88/100|[from] move: Whirlpool|[partiallytrapped]
|upkeep
|turn|26
|
|t:|1650679198
|move|p2a: Toxapex|Baneful Bunker|p2a: Toxapex
|-singleturn|p2a: Toxapex|move: Protect
|move|p1a: Tapu Fini|Taunt|p2a: Toxapex
|-activate|p2a: Toxapex|move: Protect
|
|-heal|p1a: Tapu Fini|82/100 tox|[from] item: Leftovers
|-heal|p2a: Toxapex|94/100|[from] item: Black Sludge
|-damage|p1a: Tapu Fini|58/100 tox|[from] psn
|-damage|p2a: Toxapex|82/100|[from] move: Whirlpool|[partiallytrapped]
|upkeep
|turn|27
|
|t:|1650679203
|move|p2a: Toxapex|Baneful Bunker|p2a: Toxapex
|-singleturn|p2a: Toxapex|move: Protect
|move|p1a: Tapu Fini|Taunt|p2a: Toxapex
|-activate|p2a: Toxapex|move: Protect
|
|-heal|p1a: Tapu Fini|64/100 tox|[from] item: Leftovers
|-heal|p2a: Toxapex|88/100|[from] item: Black Sludge
|-damage|p1a: Tapu Fini|33/100 tox|[from] psn
|-damage|p2a: Toxapex|75/100|[from] move: Whirlpool|[partiallytrapped]
|upkeep
|turn|28
|
|t:|1650679208
|move|p1a: Tapu Fini|Taunt|p2a: Toxapex
|-start|p2a: Toxapex|move: Taunt
|move|p2a: Toxapex|Scald|p1a: Tapu Fini
|-resisted|p1a: Tapu Fini
|-damage|p1a: Tapu Fini|29/100 tox
|
|-heal|p1a: Tapu Fini|35/100 tox|[from] item: Leftovers
|-heal|p2a: Toxapex|82/100|[from] item: Black Sludge
|-damage|p1a: Tapu Fini|0 fnt|[from] psn
|faint|p1a: Tapu Fini
|-end|p2a: Toxapex|Whirlpool|[partiallytrapped]|[silent]
|upkeep
|
|t:|1650679212
|switch|p1a: Zapdos|Zapdos-Galar|76/100
|-damage|p1a: Zapdos|63/100|[from] Stealth Rock
|turn|29
|
|t:|1650679216
|move|p1a: Zapdos|Brave Bird|p2a: Toxapex
|-damage|p2a: Toxapex|27/100
|-damage|p1a: Zapdos|46/100|[from] Recoil
|move|p2a: Toxapex|Scald|p1a: Zapdos
|-damage|p1a: Zapdos|34/100
|
|-heal|p2a: Toxapex|33/100|[from] item: Black Sludge
|upkeep
|turn|30
|
|t:|1650679222
|switch|p2a: Tangrowth|Tangrowth, F|47/100
|-damage|p2a: Tangrowth|35/100|[from] Stealth Rock
|move|p1a: Zapdos|Brave Bird|p2a: Tangrowth
|-supereffective|p2a: Tangrowth
|-damage|p2a: Tangrowth|0 fnt
|faint|p2a: Tangrowth
|-damage|p1a: Zapdos|19/100|[from] Recoil
|
|upkeep
|
|t:|1650679226
|switch|p2a: Toxapex|Toxapex, F|67/100
|-damage|p2a: Toxapex|54/100|[from] Stealth Rock
|turn|31
|
|t:|1650679229
|switch|p1a: Landorus|Landorus-Therian, M|94/100
|-damage|p1a: Landorus|82/100|[from] Stealth Rock
|-ability|p1a: Landorus|Intimidate|boost
|-unboost|p2a: Toxapex|atk|1
|move|p2a: Toxapex|Baneful Bunker||[still]
|-fail|p2a: Toxapex
|
|-heal|p1a: Landorus|88/100|[from] item: Leftovers
|-heal|p2a: Toxapex|60/100|[from] item: Black Sludge
|upkeep
|turn|32
|
|t:|1650679234
|move|p2a: Toxapex|Baneful Bunker|p2a: Toxapex
|-singleturn|p2a: Toxapex|move: Protect
|move|p1a: Landorus|Earthquake|p2a: Toxapex
|-activate|p2a: Toxapex|move: Protect
|
|-heal|p1a: Landorus|94/100|[from] item: Leftovers
|-heal|p2a: Toxapex|67/100|[from] item: Black Sludge
|upkeep
|turn|33
|
|t:|1650679250
|switch|p2a: Blaziken|Blaziken, M|51/100
|-damage|p2a: Blaziken|39/100|[from] Stealth Rock
|move|p1a: Landorus|Earthquake|p2a: Blaziken
|-supereffective|p2a: Blaziken
|-damage|p2a: Blaziken|0 fnt
|faint|p2a: Blaziken
|
|-heal|p1a: Landorus|99/100|[from] item: Leftovers
|upkeep
|
|t:|1650679252
|switch|p2a: Toxapex|Toxapex, F|99/100
|-damage|p2a: Toxapex|87/100|[from] Stealth Rock
|turn|34
|
|t:|1650679255
|move|p2a: Toxapex|Baneful Bunker|p2a: Toxapex
|-singleturn|p2a: Toxapex|move: Protect
|move|p1a: Landorus|Earthquake|p2a: Toxapex
|-activate|p2a: Toxapex|move: Protect
|
|-heal|p1a: Landorus|100/100|[from] item: Leftovers
|-heal|p2a: Toxapex|94/100|[from] item: Black Sludge
|upkeep
|turn|35
|
|t:|1650679257
|move|p1a: Landorus|Earthquake|p2a: Toxapex
|-supereffective|p2a: Toxapex
|-damage|p2a: Toxapex|30/100
|move|p2a: Toxapex|Scald|p1a: Landorus
|-supereffective|p1a: Landorus
|-damage|p1a: Landorus|75/100
|-status|p1a: Landorus|brn
|
|-heal|p1a: Landorus|81/100 brn|[from] item: Leftovers
|-heal|p2a: Toxapex|36/100|[from] item: Black Sludge
|-damage|p1a: Landorus|75/100 brn|[from] brn
|upkeep
|turn|36
|
|t:|1650679265
|move|p2a: Toxapex|Baneful Bunker|p2a: Toxapex
|-singleturn|p2a: Toxapex|move: Protect
|move|p1a: Landorus|Earthquake|p2a: Toxapex
|-activate|p2a: Toxapex|move: Protect
|
|-heal|p1a: Landorus|81/100 brn|[from] item: Leftovers
|-heal|p2a: Toxapex|42/100|[from] item: Black Sludge
|-damage|p1a: Landorus|75/100 brn|[from] brn
|upkeep
|turn|37
|
|t:|1650679268
|move|p1a: Landorus|Earthquake|p2a: Toxapex
|-supereffective|p2a: Toxapex
|-damage|p2a: Toxapex|10/100
|move|p2a: Toxapex|Recover|p2a: Toxapex
|-heal|p2a: Toxapex|60/100
|
|-heal|p1a: Landorus|81/100 brn|[from] item: Leftovers
|-heal|p2a: Toxapex|66/100|[from] item: Black Sludge
|-damage|p1a: Landorus|75/100 brn|[from] brn
|upkeep
|turn|38
|
|t:|1650679271
|move|p2a: Toxapex|Baneful Bunker|p2a: Toxapex
|-singleturn|p2a: Toxapex|move: Protect
|move|p1a: Landorus|Defog|p2a: Toxapex
|-activate|p2a: Toxapex|move: Protect
|
|-heal|p1a: Landorus|81/100 brn|[from] item: Leftovers
|-heal|p2a: Toxapex|72/100|[from] item: Black Sludge
|-damage|p1a: Landorus|75/100 brn|[from] brn
|upkeep
|turn|39
|
|t:|1650679274
|move|p1a: Landorus|Defog|p2a: Toxapex
|-unboost|p2a: Toxapex|evasion|1
|-sideend|p2: Kackerot|Stealth Rock|[from] move: Defog|[of] p1a: Landorus
|-sideend|p1: Batataplays|Stealth Rock|[from] move: Defog|[of] p1a: Landorus
|move|p2a: Toxapex|Scald|p1a: Landorus
|-supereffective|p1a: Landorus
|-damage|p1a: Landorus|48/100 brn
|
|-heal|p1a: Landorus|54/100 brn|[from] item: Leftovers
|-heal|p2a: Toxapex|78/100|[from] item: Black Sludge
|-damage|p1a: Landorus|48/100 brn|[from] brn
|upkeep
|turn|40
|
|t:|1650679286
|switch|p1a: Tapu Lele|Tapu Lele|70/100 tox
|-fieldstart|move: Psychic Terrain|[from] ability: Psychic Surge|[of] p1a: Tapu Lele
|move|p2a: Toxapex|Scald|p1a: Tapu Lele
|-damage|p1a: Tapu Lele|51/100 tox
|
|-heal|p2a: Toxapex|85/100|[from] item: Black Sludge
|-damage|p1a: Tapu Lele|45/100 tox|[from] psn
|upkeep
|turn|41
|
|t:|1650679293
|move|p2a: Toxapex|Baneful Bunker|p2a: Toxapex
|-singleturn|p2a: Toxapex|move: Protect
|move|p1a: Tapu Lele|Psychic|p2a: Toxapex
|-activate|p2a: Toxapex|move: Protect
|
|-heal|p2a: Toxapex|91/100|[from] item: Black Sludge
|-damage|p1a: Tapu Lele|33/100 tox|[from] psn
|upkeep
|turn|42
|
|t:|1650679297
|switch|p2a: Melmetal|Melmetal|63/100
|move|p1a: Tapu Lele|Psychic|p2a: Melmetal
|-resisted|p2a: Melmetal
|-crit|p2a: Melmetal
|-damage|p2a: Melmetal|13/100
|
|-damage|p1a: Tapu Lele|15/100 tox|[from] psn
|upkeep
|turn|43
|
|t:|1650679301
|move|p1a: Tapu Lele|Psychic|p2a: Melmetal
|-resisted|p2a: Melmetal
|-damage|p2a: Melmetal|0 fnt
|faint|p2a: Melmetal
|
|-damage|p1a: Tapu Lele|0 fnt|[from] psn
|faint|p1a: Tapu Lele
|upkeep
|
|t:|1650679303
|switch|p1a: Zapdos|Zapdos-Galar|19/100
|switch|p2a: Toxapex|Toxapex, F|100/100
|turn|44
|
|t:|1650679305
|move|p2a: Toxapex|Baneful Bunker|p2a: Toxapex
|-singleturn|p2a: Toxapex|move: Protect
|move|p1a: Zapdos|Brave Bird|p2a: Toxapex
|-activate|p2a: Toxapex|move: Protect
|-status|p1a: Zapdos|psn
|
|-damage|p1a: Zapdos|7/100 psn|[from] psn
|-fieldend|move: Psychic Terrain
|upkeep
|turn|45
|
|t:|1650679308
|move|p1a: Zapdos|Brave Bird|p2a: Toxapex
|-damage|p2a: Toxapex|37/100
|-damage|p1a: Zapdos|0 fnt|[from] Recoil
|faint|p1a: Zapdos
|move|p2a: Toxapex|Recover|p2a: Toxapex
|-heal|p2a: Toxapex|87/100
|
|-heal|p2a: Toxapex|94/100|[from] item: Black Sludge
|upkeep
|-message|Batataplays forfeited.
|
|win|Kackerot
|raw|Batataplays's rating: 1581 &rarr; <strong>1557</strong><br />(-24 for losing)
|raw|Kackerot's rating: 1518 &rarr; <strong>1542</strong><br />(+24 for winning)
|l|☆Batataplays
|j| Sticky pogster
|l| Sticky pogster
|j| the cool shy
|l| the cool shy
||Ladder isn't responding, score probably updated but might not have (Request timeout).
