|raw|<div class="broadcast-blue"><strong>This battle is required to be public due to a player having a name starting with 'lt93oq'.</div>
|j|☆LT93OQ Eeveeolence
|j|☆Adel19
|t:|1660392692
|gametype|singles
|player|p1|LT93OQ Eeveeolence|acetrainersnow|1826
|player|p2|Adel19|266|1820
|teamsize|p1|6
|teamsize|p2|6
|gen|8
|tier|[Gen 8] OU
|rated|
|rule|Sleep Clause Mod: Limit one foe put to sleep
|rule|Species Clause: Limit one of each Pokémon
|rule|OHKO Clause: OHKO moves are banned
|rule|Evasion Items Clause: Evasion items are banned
|rule|Evasion Moves Clause: Evasion moves are banned
|rule|Endless Battle Clause: Forcing endless battles is banned
|rule|HP Percentage Mod: HP is shown in percentages
|rule|Dynamax Clause: You cannot dynamax
|clearpoke
|poke|p1|Swampert, M|
|poke|p1|Landorus-Therian, M|
|poke|p1|Primarina, F|
|poke|p1|Scizor, M|
|poke|p1|Weavile, F|
|poke|p1|Zapdos|
|poke|p2|Landorus-Therian, M|
|poke|p2|Zeraora|
|poke|p2|Kartana|
|poke|p2|Tapu Fini|
|poke|p2|Blissey, F|
|poke|p2|Zapdos|
|teampreview
|inactive|Battle timer is ON: inactive players will automatically lose when time's up. (requested by LT93OQ Eeveeolence)
|
|t:|1660392708
|start
|switch|p1a: Swampy|Swampert, M|100/100
|switch|p2a: Kartana|Kartana|100/100
|turn|1
|
|t:|1660392713
|move|p2a: Kartana|Knock Off|p1a: Swampy
|-damage|p1a: Swampy|67/100
|-enditem|p1a: Swampy|Choice Band|[from] move: Knock Off|[of] p2a: Kartana
|move|p1a: Swampy|Superpower|p2a: Kartana
|-supereffective|p2a: Kartana
|-damage|p2a: Kartana|35/100
|-unboost|p1a: Swampy|atk|1
|-unboost|p1a: Swampy|def|1
|
|upkeep
|turn|2
|j| Alexlch
|
|t:|1660392721
|move|p2a: Kartana|Leaf Blade|p1a: Swampy
|-supereffective|p1a: Swampy
|-damage|p1a: Swampy|0 fnt
|faint|p1a: Swampy
|-ability|p2a: Kartana|Beast Boost|boost
|-boost|p2a: Kartana|spe|1
|
|upkeep
|
|t:|1660392727
|switch|p1a: Sr. Recortes|Scizor, M|100/100
|turn|3
|
|t:|1660392733
|switch|p2a: Tapu Fini|Tapu Fini|100/100
|-fieldstart|move: Misty Terrain|[from] ability: Misty Surge|[of] p2a: Tapu Fini
|move|p1a: Sr. Recortes|U-turn|p2a: Tapu Fini
|-resisted|p2a: Tapu Fini
|-crit|p2a: Tapu Fini
|-damage|p2a: Tapu Fini|85/100
|
|t:|1660392735
|switch|p1a: Zapdosorio|Zapdos|100/100|[from]move: U-turn
|
|-heal|p2a: Tapu Fini|91/100|[from] item: Leftovers
|upkeep
|turn|4
|
|t:|1660392742
|switch|p2a: Blissey|Blissey, F|100/100
|move|p1a: Zapdosorio|Volt Switch|p2a: Blissey
|-damage|p2a: Blissey|81/100
|
|t:|1660392744
|switch|p1a: Comaligna|Weavile, F|100/100|[from]move: Volt Switch
|-ability|p1a: Comaligna|Pressure
|
|upkeep
|turn|5
|l| Alexlch
|
|t:|1660392747
|switch|p2a: Tapu Fini|Tapu Fini|91/100
|move|p1a: Comaligna|Knock Off|p2a: Tapu Fini
|-resisted|p2a: Tapu Fini
|-damage|p2a: Tapu Fini|67/100
|-enditem|p2a: Tapu Fini|Leftovers|[from] move: Knock Off|[of] p1a: Comaligna
|
|upkeep
|turn|6
|j| Alexlch
|
|t:|1660392751
|switch|p1a: Ashirene|Primarina, F|100/100
|move|p2a: Tapu Fini|Moonblast|p1a: Ashirene
|-damage|p1a: Ashirene|75/100
|
|upkeep
|turn|7
|
|t:|1660392755
|switch|p2a: Blissey|Blissey, F|81/100
|move|p1a: Ashirene|Flip Turn|p2a: Blissey
|-damage|p2a: Blissey|67/100
|
|t:|1660392757
|switch|p1a: Comaligna|Weavile, F|100/100|[from]move: Flip Turn
|-ability|p1a: Comaligna|Pressure
|
|-fieldend|Misty Terrain
|upkeep
|turn|8
|
|t:|1660392761
|switch|p2a: Tapu Fini|Tapu Fini|67/100
|-fieldstart|move: Misty Terrain|[from] ability: Misty Surge|[of] p2a: Tapu Fini
|move|p1a: Comaligna|Triple Axel|p2a: Tapu Fini
|-resisted|p2a: Tapu Fini
|-damage|p2a: Tapu Fini|63/100
|-resisted|p2a: Tapu Fini
|-damage|p2a: Tapu Fini|53/100
|-resisted|p2a: Tapu Fini
|-damage|p2a: Tapu Fini|37/100
|-hitcount|p2a: Tapu Fini|3
|
|upkeep
|turn|9
|j| just nimmemja
|
|t:|1660392765
|switch|p1a: Ashirene|Primarina, F|75/100
|move|p2a: Tapu Fini|Moonblast|p1a: Ashirene
|-damage|p1a: Ashirene|45/100
|
|upkeep
|turn|10
|
|t:|1660392768
|move|p2a: Tapu Fini|Moonblast|p1a: Ashirene
|-damage|p1a: Ashirene|17/100
|move|p1a: Ashirene|Moonblast|p2a: Tapu Fini
|-damage|p2a: Tapu Fini|4/100
|
|upkeep
|turn|11
|
|t:|1660392772
|switch|p1a: Sr. Recortes|Scizor, M|100/100
|move|p2a: Tapu Fini|Moonblast|p1a: Sr. Recortes
|-resisted|p1a: Sr. Recortes
|-damage|p1a: Sr. Recortes|85/100
|
|upkeep
|turn|12
|
|t:|1660392777
|move|p2a: Tapu Fini|Surf|p1a: Sr. Recortes
|-damage|p1a: Sr. Recortes|54/100
|move|p1a: Sr. Recortes|U-turn|p2a: Tapu Fini
|-resisted|p2a: Tapu Fini
|-damage|p2a: Tapu Fini|0 fnt
|faint|p2a: Tapu Fini
|j| Emma Greene
|
|t:|1660392781
|switch|p1a: Landlord|Landorus-Therian, M|100/100|[from]move: U-turn
|
|-fieldend|Misty Terrain
|upkeep
|
|t:|1660392786
|switch|p2a: Landorus|Landorus-Therian, M|100/100
|-ability|p2a: Landorus|Intimidate|boost
|-unboost|p1a: Landlord|atk|1
|turn|13
|
|t:|1660392789
|move|p2a: Landorus|Swords Dance|p2a: Landorus
|-boost|p2a: Landorus|atk|2
|move|p1a: Landlord|Toxic|p2a: Landorus
|-status|p2a: Landorus|tox
|
|-damage|p2a: Landorus|95/100 tox|[from] psn
|upkeep
|turn|14
|j| gaopeng
|
|t:|1660392796
|switch|p1a: Ashirene|Primarina, F|17/100
|move|p2a: Landorus|Stone Edge|p1a: Ashirene|[miss]
|-miss|p2a: Landorus|p1a: Ashirene
|
|-damage|p2a: Landorus|83/100 tox|[from] psn
|upkeep
|turn|15
|j| fwdao
|
|t:|1660392801
|move|p2a: Landorus|Earthquake|p1a: Ashirene
|-damage|p1a: Ashirene|0 fnt
|faint|p1a: Ashirene
|
|-damage|p2a: Landorus|65/100 tox|[from] psn
|upkeep
|
|t:|1660392803
|switch|p1a: Comaligna|Weavile, F|100/100
|-ability|p1a: Comaligna|Pressure
|turn|16
|
|t:|1660392808
|switch|p2a: Kartana|Kartana|35/100
|move|p1a: Comaligna|Triple Axel|p2a: Kartana
|-damage|p2a: Kartana|23/100
|-hitcount|p2a: Kartana|1
|
|upkeep
|turn|17
|
|t:|1660392814
|move|p1a: Comaligna|Triple Axel|p2a: Kartana
|-damage|p2a: Kartana|11/100
|-damage|p2a: Kartana|0 fnt
|faint|p2a: Kartana
|-hitcount|p2: Kartana|2
|
|upkeep
|
|t:|1660392843
|switch|p2a: Zeraora|Zeraora|100/100
|turn|18
|
|t:|1660392846
|switch|p1a: Sr. Recortes|Scizor, M|54/100
|move|p2a: Zeraora|Knock Off|p1a: Sr. Recortes
|-damage|p1a: Sr. Recortes|25/100
|-enditem|p1a: Sr. Recortes|Heavy-Duty Boots|[from] move: Knock Off|[of] p2a: Zeraora
|
|upkeep
|turn|19
|j| LT93OQ Jack G 93
|
|t:|1660392849
|switch|p1a: Landlord|Landorus-Therian, M|100/100
|-ability|p1a: Landlord|Intimidate|boost
|-unboost|p2a: Zeraora|atk|1
|move|p2a: Zeraora|Close Combat|p1a: Landlord
|-resisted|p1a: Landlord
|-damage|p1a: Landlord|88/100
|-unboost|p2a: Zeraora|def|1
|-unboost|p2a: Zeraora|spd|1
|
|-heal|p1a: Landlord|94/100|[from] item: Leftovers
|upkeep
|turn|20
|
|t:|1660392852
|move|p2a: Zeraora|Knock Off|p1a: Landlord
|-damage|p1a: Landlord|74/100
|-enditem|p1a: Landlord|Leftovers|[from] move: Knock Off|[of] p2a: Zeraora
|move|p1a: Landlord|U-turn|p2a: Zeraora
|-damage|p2a: Zeraora|56/100
|
|t:|1660392854
|switch|p1a: Sr. Recortes|Scizor, M|25/100|[from]move: U-turn
|
|upkeep
|turn|21
|
|t:|1660392858
|switch|p2a: Zapdos|Zapdos|100/100
|move|p1a: Sr. Recortes|U-turn|p2a: Zapdos
|-resisted|p2a: Zapdos
|-damage|p2a: Zapdos|90/100
|-status|p1a: Sr. Recortes|par|[from] ability: Static|[of] p2a: Zapdos
|
|t:|1660392860
|switch|p1a: Comaligna|Weavile, F|100/100|[from]move: U-turn
|-ability|p1a: Comaligna|Pressure
|
|upkeep
|turn|22
|
|t:|1660392869
|move|p1a: Comaligna|Icicle Crash|p2a: Zapdos
|-supereffective|p2a: Zapdos
|-damage|p2a: Zapdos|3/100
|move|p2a: Zapdos|Volt Switch|p1a: Comaligna
|-damage|p1a: Comaligna|56/100
|l| gaopeng
|j| gaopeng
|
|t:|1660392880
|switch|p2a: Zeraora|Zeraora|56/100|[from]move: Volt Switch
|
|upkeep
|turn|23
|
|t:|1660392883
|switch|p1a: Landlord|Landorus-Therian, M|74/100
|-ability|p1a: Landlord|Intimidate|boost
|-unboost|p2a: Zeraora|atk|1
|move|p2a: Zeraora|Close Combat|p1a: Landlord
|-resisted|p1a: Landlord
|-damage|p1a: Landlord|62/100
|-unboost|p2a: Zeraora|def|1
|-unboost|p2a: Zeraora|spd|1
|
|upkeep
|turn|24
|l| gaopeng
|j| Suricata2000
|
|t:|1660392892
|switch|p2a: Blissey|Blissey, F|67/100
|move|p1a: Landlord|U-turn|p2a: Blissey
|-damage|p2a: Blissey|47/100
|
|t:|1660392895
|switch|p1a: Comaligna|Weavile, F|56/100|[from]move: U-turn
|-ability|p1a: Comaligna|Pressure
|
|upkeep
|turn|25
|
|t:|1660392905
|switch|p2a: Zapdos|Zapdos|3/100
|move|p1a: Comaligna|Icicle Crash|p2a: Zapdos
|-supereffective|p2a: Zapdos
|-damage|p2a: Zapdos|0 fnt
|faint|p2a: Zapdos
|
|upkeep
|
|t:|1660392915
|switch|p2a: Zeraora|Zeraora|56/100
|turn|26
|
|t:|1660392918
|switch|p1a: Landlord|Landorus-Therian, M|62/100
|-ability|p1a: Landlord|Intimidate|boost
|-unboost|p2a: Zeraora|atk|1
|move|p2a: Zeraora|Knock Off|p1a: Landlord
|-damage|p1a: Landlord|48/100
|
|upkeep
|turn|27
|-message|Adel19 forfeited.
|
|win|LT93OQ Eeveeolence
|raw|LT93OQ Eeveeolence's rating: 1826 &rarr; <strong>1846</strong><br />(+20 for winning)
|raw|Adel19's rating: 1820 &rarr; <strong>1800</strong><br />(-20 for losing)
|l|☆Adel19
|l|☆LT93OQ Eeveeolence
|l| just nimmemja
|j| zReptar
|l| zReptar
|l| LT93OQ Jack G 93
|j| joeding
|l| joeding
|l| Emma Greene
|l| Alexlch
