|j|☆galarian dragapult
|j|☆PurplZebra
|t:|1633288496
|gametype|singles
|player|p1|galarian dragapult|265|1690
|player|p2|PurplZebra|roxie|1764
|teamsize|p1|6
|teamsize|p2|6
|gen|8
|tier|[Gen 8] OU
|rated|
|rule|Sleep Clause Mod: Limit one foe put to sleep
|rule|Species Clause: Limit one of each Pokémon
|rule|OHKO Clause: OHKO moves are banned
|rule|Evasion Moves Clause: Evasion moves are banned
|rule|Endless Battle Clause: Forcing endless battles is banned
|rule|HP Percentage Mod: HP is shown in percentages
|rule|Dynamax Clause: You cannot dynamax
|clearpoke
|poke|p1|Zapdos|
|poke|p1|Gengar, F|
|poke|p1|Landorus-Therian, M|
|poke|p1|Urshifu-*, M|
|poke|p1|Ferrothorn, M|
|poke|p1|Clefable, F|
|poke|p2|Dragapult, M|
|poke|p2|Heracross, M|
|poke|p2|Melmetal|
|poke|p2|Blissey, F|
|poke|p2|Toxapex, M|
|poke|p2|Landorus-Therian, M|
|teampreview
|inactive|Battle timer is ON: inactive players will automatically lose when time's up. (requested by PurplZebra)
|
|t:|1633288505
|start
|switch|p1a: Clefable|Clefable, F|100/100
|switch|p2a: Dragapult|Dragapult, M|100/100
|turn|1
|
|t:|1633288508
|move|p2a: Dragapult|U-turn|p1a: Clefable
|-resisted|p1a: Clefable
|-damage|p1a: Clefable|92/100
|
|t:|1633288510
|switch|p2a: Melmetal|Melmetal|100/100|[from]move: U-turn
|move|p1a: Clefable|Stealth Rock|p2a: Melmetal
|-sidestart|p2: PurplZebra|move: Stealth Rock
|
|upkeep
|turn|2
|j| Wingeilias
|
|t:|1633288513
|switch|p1a: Ferrothorn|Ferrothorn, M|100/100
|move|p2a: Melmetal|Superpower|p1a: Ferrothorn
|-supereffective|p1a: Ferrothorn
|-damage|p1a: Ferrothorn|0 fnt
|-unboost|p2a: Melmetal|atk|1
|-unboost|p2a: Melmetal|def|1
|-damage|p2a: Melmetal|88/100|[from] ability: Iron Barbs|[of] p1a: Ferrothorn
|faint|p1a: Ferrothorn
|
|upkeep
|
|t:|1633288518
|switch|p1a: Gengar|Gengar, F|100/100
|turn|3
|
|t:|1633288520
|switch|p2a: Blissey|Blissey, F|100/100
|move|p1a: Gengar|Trick|p2a: Blissey
|-activate|p1a: Gengar|move: Trick|[of] p2a: Blissey
|-item|p2a: Blissey|Choice Scarf|[from] move: Trick
|-item|p1a: Gengar|Heavy-Duty Boots|[from] move: Trick
|
|upkeep
|turn|4
|
|t:|1633288525
|switch|p1a: Clefable|Clefable, F|92/100
|move|p2a: Blissey|Teleport|p2a: Blissey
|
|t:|1633288530
|switch|p2a: Melmetal|Melmetal|88/100|[from]move: Teleport
|-damage|p2a: Melmetal|82/100|[from] Stealth Rock
|
|upkeep
|turn|5
|j| Libaa
|
|t:|1633288532
|switch|p1a: Zapdos|Zapdos|100/100
|move|p2a: Melmetal|Double Iron Bash|p1a: Zapdos
|-resisted|p1a: Zapdos
|-damage|p1a: Zapdos|75/100
|-status|p2a: Melmetal|par|[from] ability: Static|[of] p1a: Zapdos
|-resisted|p1a: Zapdos
|-damage|p1a: Zapdos|51/100
|-hitcount|p1a: Zapdos|2
|
|upkeep
|turn|6
|
|t:|1633288538
|switch|p2a: Blissey|Blissey, F|100/100
|-damage|p2a: Blissey|88/100|[from] Stealth Rock
|move|p1a: Zapdos|Roost|p1a: Zapdos
|-heal|p1a: Zapdos|100/100
|-singleturn|p1a: Zapdos|move: Roost
|
|upkeep
|turn|7
|
|t:|1633288541
|switch|p1a: Clefable|Clefable, F|92/100
|move|p2a: Blissey|Teleport|p2a: Blissey
|
|t:|1633288543
|switch|p2a: Melmetal|Melmetal|82/100 par|[from]move: Teleport
|-damage|p2a: Melmetal|76/100 par|[from] Stealth Rock
|
|upkeep
|turn|8
|
|t:|1633288545
|switch|p1a: Zapdos|Zapdos|100/100
|move|p2a: Melmetal|Double Iron Bash|p1a: Zapdos
|-resisted|p1a: Zapdos
|-damage|p1a: Zapdos|78/100
|-resisted|p1a: Zapdos
|-damage|p1a: Zapdos|55/100
|-hitcount|p1a: Zapdos|2
|
|upkeep
|turn|9
|
|t:|1633288548
|move|p1a: Zapdos|Roost|p1a: Zapdos
|-heal|p1a: Zapdos|100/100
|-singleturn|p1a: Zapdos|move: Roost
|move|p2a: Melmetal|Double Iron Bash|p1a: Zapdos
|-resisted|p1a: Zapdos
|-damage|p1a: Zapdos|78/100
|-resisted|p1a: Zapdos
|-damage|p1a: Zapdos|55/100
|-hitcount|p1a: Zapdos|2
|
|upkeep
|turn|10
|
|t:|1633288550
|switch|p2a: Landorus|Landorus-Therian, M|100/100
|-damage|p2a: Landorus|88/100|[from] Stealth Rock
|-ability|p2a: Landorus|Intimidate|boost
|-unboost|p1a: Zapdos|atk|1
|move|p1a: Zapdos|Roost|p1a: Zapdos
|-heal|p1a: Zapdos|100/100
|-singleturn|p1a: Zapdos|move: Roost
|
|-heal|p2a: Landorus|94/100|[from] item: Leftovers
|upkeep
|turn|11
|j| Ninjack21
|c| Libaa|Oh i played agaist this guy
|
|t:|1633288558
|move|p1a: Zapdos|Hurricane|p2a: Landorus|[miss]
|-miss|p1a: Zapdos|p2a: Landorus
|move|p2a: Landorus|Toxic|p1a: Zapdos|[miss]
|-miss|p2a: Landorus|p1a: Zapdos
|
|-heal|p2a: Landorus|99/100|[from] item: Leftovers
|upkeep
|turn|12
|c| Libaa|He got Scarf Gengar
|
|t:|1633288565
|switch|p1a: Urshifu|Urshifu-Rapid-Strike, M|100/100
|move|p2a: Landorus|Defog|p1a: Urshifu
|-unboost|p1a: Urshifu|evasion|1
|-sideend|p2: PurplZebra|Stealth Rock|[from] move: Defog|[of] p2a: Landorus
|
|-heal|p2a: Landorus|100/100|[from] item: Leftovers
|upkeep
|turn|13
|
|t:|1633288567
|switch|p2a: Toxapex|Toxapex, M|100/100
|move|p1a: Urshifu|Thunder Punch|p2a: Toxapex
|-supereffective|p2a: Toxapex
|-damage|p2a: Toxapex|56/100
|-damage|p1a: Urshifu|84/100|[from] item: Rocky Helmet|[of] p2a: Toxapex
|
|upkeep
|turn|14
|j| stacksats
|
|t:|1633288574
|switch|p1a: Clefable|Clefable, F|92/100
|move|p2a: Toxapex|Recover|p2a: Toxapex
|-heal|p2a: Toxapex|100/100
|
|upkeep
|turn|15
|
|t:|1633288579
|switch|p2a: Melmetal|Melmetal|76/100 par
|move|p1a: Clefable|Stealth Rock|p2a: Melmetal
|-sidestart|p2: PurplZebra|move: Stealth Rock
|
|upkeep
|turn|16
|
|t:|1633288582
|switch|p1a: Zapdos|Zapdos|100/100
|cant|p2a: Melmetal|par
|
|upkeep
|turn|17
|l| stacksats
|
|t:|1633288589
|switch|p2a: Landorus|Landorus-Therian, M|100/100
|-damage|p2a: Landorus|88/100|[from] Stealth Rock
|-ability|p2a: Landorus|Intimidate|boost
|-unboost|p1a: Zapdos|atk|1
|move|p1a: Zapdos|Discharge|p2a: Landorus
|-immune|p2a: Landorus
|
|-heal|p2a: Landorus|94/100|[from] item: Leftovers
|upkeep
|turn|18
|
|t:|1633288591
|switch|p1a: Urshifu|Urshifu-Rapid-Strike, M|84/100
|move|p2a: Landorus|Toxic|p1a: Urshifu
|-status|p1a: Urshifu|tox
|
|-heal|p2a: Landorus|99/100|[from] item: Leftovers
|-damage|p1a: Urshifu|78/100 tox|[from] psn
|upkeep
|turn|19
|
|t:|1633288594
|switch|p1a: Landorus|Landorus-Therian, M|100/100
|-ability|p1a: Landorus|Intimidate|boost
|-unboost|p2a: Landorus|atk|1
|switch|p2a: Toxapex|Toxapex, M|100/100
|-damage|p2a: Toxapex|88/100|[from] Stealth Rock
|
|upkeep
|turn|20
|
|t:|1633288597
|move|p1a: Landorus|Swords Dance|p1a: Landorus
|-boost|p1a: Landorus|atk|2
|move|p2a: Toxapex|Scald|p1a: Landorus
|-supereffective|p1a: Landorus
|-damage|p1a: Landorus|57/100
|
|upkeep
|turn|21
|j| stacksats
|
|t:|1633288601
|switch|p2a: Landorus|Landorus-Therian, M|99/100
|-damage|p2a: Landorus|88/100|[from] Stealth Rock
|-ability|p2a: Landorus|Intimidate|boost
|-unboost|p1a: Landorus|atk|1
|move|p1a: Landorus|Gravity|p1a: Landorus
|-fieldstart|move: Gravity
|
|-heal|p2a: Landorus|94/100|[from] item: Leftovers
|upkeep
|turn|22
|
|t:|1633288607
|move|p1a: Landorus|Earthquake|p2a: Landorus
|-damage|p2a: Landorus|0 fnt
|faint|p2a: Landorus
|
|upkeep
|
|t:|1633288612
|switch|p2a: Dragapult|Dragapult, M|100/100
|-damage|p2a: Dragapult|88/100|[from] Stealth Rock
|turn|23
|
|t:|1633288615
|switch|p1a: Clefable|Clefable, F|92/100
|move|p2a: Dragapult|Shadow Ball|p1a: Clefable
|-damage|p1a: Clefable|53/100
|
|upkeep
|turn|24
|
|t:|1633288628
|move|p2a: Dragapult|Shadow Ball|p1a: Clefable
|-damage|p1a: Clefable|13/100
|move|p1a: Clefable|Soft-Boiled|p1a: Clefable
|-heal|p1a: Clefable|63/100
|
|upkeep
|turn|25
|
|t:|1633288636
|switch|p2a: Melmetal|Melmetal|76/100 par
|-damage|p2a: Melmetal|70/100 par|[from] Stealth Rock
|move|p1a: Clefable|Soft-Boiled|p1a: Clefable
|-heal|p1a: Clefable|100/100
|
|-fieldend|move: Gravity
|upkeep
|turn|26
|
|t:|1633288639
|switch|p1a: Zapdos|Zapdos|100/100
|move|p2a: Melmetal|Thunder Punch|p1a: Zapdos
|-damage|p1a: Zapdos|59/100
|
|upkeep
|turn|27
|
|t:|1633288649
|switch|p2a: Dragapult|Dragapult, M|88/100
|-damage|p2a: Dragapult|76/100|[from] Stealth Rock
|move|p1a: Zapdos|Roost|p1a: Zapdos
|-heal|p1a: Zapdos|100/100
|-singleturn|p1a: Zapdos|move: Roost
|
|upkeep
|turn|28
|
|t:|1633288654
|move|p2a: Dragapult|Draco Meteor|p1a: Zapdos
|-damage|p1a: Zapdos|24/100
|-unboost|p2a: Dragapult|spa|2
|move|p1a: Zapdos|Discharge|p2a: Dragapult
|-resisted|p2a: Dragapult
|-damage|p2a: Dragapult|54/100
|
|upkeep
|turn|29
|
|t:|1633288660
|switch|p1a: Clefable|Clefable, F|100/100
|move|p2a: Dragapult|Draco Meteor|p1a: Clefable
|-immune|p1a: Clefable
|
|upkeep
|turn|30
|
|t:|1633288666
|switch|p1a: Zapdos|Zapdos|24/100
|move|p2a: Dragapult|Draco Meteor|p1a: Zapdos
|-damage|p1a: Zapdos|0 fnt
|-unboost|p2a: Dragapult|spa|2
|faint|p1a: Zapdos
|
|upkeep
|c|☆PurplZebra|LOL
|c|☆PurplZebra|TOASTED
|
|t:|1633288680
|switch|p1a: Gengar|Gengar, F|100/100
|turn|31
|
|t:|1633288683
|switch|p2a: Blissey|Blissey, F|88/100
|-damage|p2a: Blissey|76/100|[from] Stealth Rock
|move|p1a: Gengar|Nasty Plot|p1a: Gengar
|-boost|p1a: Gengar|spa|2
|
|upkeep
|turn|32
|
|t:|1633288687
|move|p1a: Gengar|Sludge Wave|p2a: Blissey
|-damage|p2a: Blissey|41/100
|move|p2a: Blissey|Thunder Wave|p1a: Gengar
|-status|p1a: Gengar|par
|
|upkeep
|turn|33
|
|t:|1633288694
|switch|p2a: Toxapex|Toxapex, M|100/100
|-damage|p2a: Toxapex|88/100|[from] Stealth Rock
|move|p1a: Gengar|Shadow Ball|p2a: Toxapex
|-damage|p2a: Toxapex|19/100
|
|upkeep
|turn|34
|
|t:|1633288700
|switch|p2a: Blissey|Blissey, F|41/100
|-damage|p2a: Blissey|28/100|[from] Stealth Rock
|move|p1a: Gengar|Sludge Wave|p2a: Blissey
|-damage|p2a: Blissey|0 fnt
|faint|p2a: Blissey
|
|upkeep
|
|t:|1633288702
|switch|p2a: Dragapult|Dragapult, M|54/100
|-damage|p2a: Dragapult|42/100|[from] Stealth Rock
|turn|35
|
|t:|1633288715
|switch|p1a: Clefable|Clefable, F|100/100
|move|p2a: Dragapult|Shadow Ball|p1a: Clefable
|-damage|p1a: Clefable|62/100
|
|upkeep
|turn|36
|
|t:|1633288721
|switch|p2a: Melmetal|Melmetal|70/100 par
|-damage|p2a: Melmetal|64/100 par|[from] Stealth Rock
|move|p1a: Clefable|Soft-Boiled|p1a: Clefable
|-heal|p1a: Clefable|100/100
|
|upkeep
|turn|37
|
|t:|1633288725
|switch|p1a: Gengar|Gengar, F|100/100 par
|cant|p2a: Melmetal|par
|
|upkeep
|turn|38
|
|t:|1633288731
|move|p1a: Gengar|Shadow Ball|p2a: Melmetal
|-damage|p2a: Melmetal|28/100 par
|move|p2a: Melmetal|Earthquake|p1a: Gengar
|-supereffective|p1a: Gengar
|-damage|p1a: Gengar|0 fnt
|-start|p2a: Melmetal|Disable|Earthquake|[from] ability: Cursed Body|[of] p1a: Gengar
|faint|p1a: Gengar
|
|upkeep
|
|t:|1633288736
|switch|p1a: Landorus|Landorus-Therian, M|57/100
|-ability|p1a: Landorus|Intimidate|boost
|-unboost|p2a: Melmetal|atk|1
|turn|39
|
|t:|1633288742
|switch|p2a: Heracross|Heracross, M|100/100
|-damage|p2a: Heracross|88/100|[from] Stealth Rock
|move|p1a: Landorus|Earthquake|p2a: Heracross
|-resisted|p2a: Heracross
|-damage|p2a: Heracross|35/100
|
|-status|p2a: Heracross|brn|[from] item: Flame Orb
|upkeep
|turn|40
|
|t:|1633288746
|move|p1a: Landorus|Earthquake|p2a: Heracross
|-resisted|p2a: Heracross
|-damage|p2a: Heracross|0 fnt
|faint|p2a: Heracross
|
|upkeep
|
|t:|1633288748
|switch|p2a: Dragapult|Dragapult, M|42/100
|-damage|p2a: Dragapult|30/100|[from] Stealth Rock
|turn|41
|
|t:|1633288752
|switch|p1a: Clefable|Clefable, F|100/100
|move|p2a: Dragapult|U-turn|p1a: Clefable
|-resisted|p1a: Clefable
|-damage|p1a: Clefable|93/100
|
|t:|1633288753
|switch|p2a: Melmetal|Melmetal|28/100 par|[from]move: U-turn
|-damage|p2a: Melmetal|22/100 par|[from] Stealth Rock
|
|upkeep
|turn|42
|
|t:|1633288769
|switch|p1a: Urshifu|Urshifu-Rapid-Strike, M|78/100 tox
|move|p2a: Melmetal|Double Iron Bash|p1a: Urshifu
|-resisted|p1a: Urshifu
|-crit|p1a: Urshifu
|-damage|p1a: Urshifu|25/100 tox
|-resisted|p1a: Urshifu
|-damage|p1a: Urshifu|0 fnt
|faint|p1a: Urshifu
|-hitcount|p1: Urshifu|2
|
|upkeep
|
|t:|1633288771
|switch|p1a: Landorus|Landorus-Therian, M|57/100
|-ability|p1a: Landorus|Intimidate|boost
|-unboost|p2a: Melmetal|atk|1
|turn|43
|
|t:|1633288773
|switch|p2a: Toxapex|Toxapex, M|52/100
|-damage|p2a: Toxapex|40/100|[from] Stealth Rock
|move|p1a: Landorus|Earthquake|p2a: Toxapex
|-supereffective|p2a: Toxapex
|-damage|p2a: Toxapex|0 fnt
|faint|p2a: Toxapex
|
|upkeep
|
|t:|1633288774
|switch|p2a: Dragapult|Dragapult, M|30/100
|-damage|p2a: Dragapult|17/100|[from] Stealth Rock
|turn|44
|
|t:|1633288777
|switch|p1a: Clefable|Clefable, F|93/100
|move|p2a: Dragapult|Shadow Ball|p1a: Clefable
|-damage|p1a: Clefable|57/100
|
|upkeep
|turn|45
|
|t:|1633288781
|switch|p2a: Melmetal|Melmetal|22/100 par
|-damage|p2a: Melmetal|16/100 par|[from] Stealth Rock
|move|p1a: Clefable|Soft-Boiled|p1a: Clefable
|-heal|p1a: Clefable|100/100
|
|upkeep
|turn|46
|
|t:|1633288788
|move|p1a: Clefable|Moonblast|p2a: Melmetal
|-resisted|p2a: Melmetal
|-damage|p2a: Melmetal|1/100 par
|-unboost|p2a: Melmetal|spa|1
|move|p2a: Melmetal|Double Iron Bash|p1a: Clefable
|-supereffective|p1a: Clefable
|-damage|p1a: Clefable|0 fnt
|faint|p1a: Clefable
|-hitcount|p1: Clefable|1
|
|upkeep
|
|t:|1633288791
|switch|p1a: Landorus|Landorus-Therian, M|57/100
|-ability|p1a: Landorus|Intimidate|boost
|-unboost|p2a: Melmetal|atk|1
|turn|47
|
|t:|1633288794
|move|p1a: Landorus|Earthquake|p2a: Melmetal
|-supereffective|p2a: Melmetal
|-damage|p2a: Melmetal|0 fnt
|faint|p2a: Melmetal
|
|upkeep
|
|t:|1633288797
|switch|p2a: Dragapult|Dragapult, M|17/100
|-damage|p2a: Dragapult|5/100|[from] Stealth Rock
|turn|48
|
|t:|1633288802
|move|p2a: Dragapult|Draco Meteor|p1a: Landorus
|-damage|p1a: Landorus|0 fnt
|-unboost|p2a: Dragapult|spa|2
|faint|p1a: Landorus
|
|win|PurplZebra
|raw|galarian dragapult's rating: 1690 &rarr; <strong>1674</strong><br />(-16 for losing)
|raw|PurplZebra's rating: 1764 &rarr; <strong>1780</strong><br />(+16 for winning)
|l|☆galarian dragapult
|c|☆PurplZebra|Nice
|c|☆PurplZebra|Gg
|c|☆PurplZebra|Defo didn’t mean to click draco
|c|☆PurplZebra|that was bm
|l| Libaa
|l|☆PurplZebra
||Ladder isn't responding, score probably updated but might not have (Request timeout).
|l| Wingeilias
|j|☆PurplZebra
|player|p2|PurplZebra|roxie
|inactive|Battle timer is ON: inactive players will automatically lose when time's up. (requested by PurplZebra)
|l| Ninjack21
|l|☆PurplZebra
|player|p2|
|j|☆PurplZebra
|player|p2|PurplZebra|roxie
