|j|☆Nikacoffe
|j|☆Mel2345
|t:|1641826992
|gametype|singles
|player|p1|Nikacoffe|102|1487
|player|p2|Mel2345|cheren-gen5bw2|1615
|teamsize|p1|6
|teamsize|p2|6
|gen|8
|tier|[Gen 8] OU
|rated|
|rule|Sleep Clause Mod: Limit one foe put to sleep
|rule|Species Clause: Limit one of each Pokémon
|rule|OHKO Clause: OHKO moves are banned
|rule|Evasion Moves Clause: Evasion moves are banned
|rule|Endless Battle Clause: Forcing endless battles is banned
|rule|HP Percentage Mod: HP is shown in percentages
|rule|Dynamax Clause: You cannot dynamax
|clearpoke
|poke|p1|Zapdos|
|poke|p1|Ferrothorn, F|
|poke|p1|Heatran, F|
|poke|p1|Rillaboom, F|
|poke|p1|Tapu Lele|
|poke|p1|Garchomp, F|
|poke|p2|Tapu Fini|
|poke|p2|Melmetal|
|poke|p2|Blissey, F|
|poke|p2|Magnezone|
|poke|p2|Landorus-Therian, M|
|poke|p2|Dragapult, F|
|teampreview
|inactive|Battle timer is ON: inactive players will automatically lose when time's up. (requested by Mel2345)
|
|t:|1641827001
|start
|switch|p1a: Ferrothorn|Ferrothorn, F|100/100
|switch|p2a: Landorus|Landorus-Therian, M|100/100
|-ability|p2a: Landorus|Intimidate|boost
|-unboost|p1a: Ferrothorn|atk|1
|turn|1
|
|t:|1641827010
|switch|p2a: Magnezone|Magnezone|100/100
|move|p1a: Ferrothorn|Leech Seed|p2a: Magnezone
|-start|p2a: Magnezone|move: Leech Seed
|
|-damage|p2a: Magnezone|88/100|[from] Leech Seed|[of] p1a: Ferrothorn
|upkeep
|turn|2
|
|t:|1641827015
|move|p2a: Magnezone|Iron Defense|p2a: Magnezone
|-boost|p2a: Magnezone|def|2
|move|p1a: Ferrothorn|Body Press|p2a: Magnezone
|-supereffective|p2a: Magnezone
|-damage|p2a: Magnezone|62/100
|
|-heal|p2a: Magnezone|68/100|[from] item: Leftovers
|-damage|p2a: Magnezone|55/100|[from] Leech Seed|[of] p1a: Ferrothorn
|upkeep
|turn|3
|
|t:|1641827018
|move|p2a: Magnezone|Iron Defense|p2a: Magnezone
|-boost|p2a: Magnezone|def|2
|move|p1a: Ferrothorn|Stealth Rock|p2a: Magnezone
|-sidestart|p2: Mel2345|move: Stealth Rock
|
|-heal|p2a: Magnezone|61/100|[from] item: Leftovers
|-damage|p2a: Magnezone|49/100|[from] Leech Seed|[of] p1a: Ferrothorn
|upkeep
|turn|4
|
|t:|1641827027
|move|p2a: Magnezone|Body Press|p1a: Ferrothorn
|-supereffective|p1a: Ferrothorn
|-damage|p1a: Ferrothorn|6/100
|-damage|p2a: Magnezone|37/100|[from] ability: Iron Barbs|[of] p1a: Ferrothorn
|move|p1a: Ferrothorn|Knock Off|p2a: Magnezone
|-damage|p2a: Magnezone|32/100
|-enditem|p2a: Magnezone|Leftovers|[from] move: Knock Off|[of] p1a: Ferrothorn
|
|-heal|p1a: Ferrothorn|12/100|[from] item: Leftovers
|-damage|p2a: Magnezone|20/100|[from] Leech Seed|[of] p1a: Ferrothorn
|-heal|p1a: Ferrothorn|22/100|[silent]
|upkeep
|turn|5
|
|t:|1641827038
|move|p2a: Magnezone|Body Press|p1a: Ferrothorn
|-supereffective|p1a: Ferrothorn
|-damage|p1a: Ferrothorn|0 fnt
|-damage|p2a: Magnezone|8/100|[from] ability: Iron Barbs|[of] p1a: Ferrothorn
|faint|p1a: Ferrothorn
|
|upkeep
|
|t:|1641827048
|switch|p1a: Tapu Lele|Tapu Lele|100/100
|-fieldstart|move: Psychic Terrain|[from] ability: Psychic Surge|[of] p1a: Tapu Lele
|turn|6
|
|t:|1641827055
|move|p1a: Tapu Lele|Psychic|p2a: Magnezone
|-resisted|p2a: Magnezone
|-damage|p2a: Magnezone|0 fnt
|faint|p2a: Magnezone
|
|upkeep
|
|t:|1641827060
|switch|p2a: Melmetal|Melmetal|100/100
|-damage|p2a: Melmetal|94/100|[from] Stealth Rock
|turn|7
|
|t:|1641827086
|switch|p1a: Zapdos|Zapdos|100/100
|switch|p2a: Blissey|Blissey, F|100/100
|
|upkeep
|turn|8
|
|t:|1641827091
|move|p1a: Zapdos|Volt Switch|p2a: Blissey
|-crit|p2a: Blissey
|-damage|p2a: Blissey|83/100
|
|t:|1641827093
|switch|p1a: Heatran|Heatran, F|100/100|[from]move: Volt Switch
|move|p2a: Blissey|Teleport|p2a: Blissey
|
|t:|1641827097
|switch|p2a: Tapu Fini|Tapu Fini|100/100|[from]move: Teleport
|-damage|p2a: Tapu Fini|88/100|[from] Stealth Rock
|-fieldstart|move: Misty Terrain|[from] ability: Misty Surge|[of] p2a: Tapu Fini
|
|-heal|p2a: Tapu Fini|94/100|[from] item: Leftovers
|upkeep
|turn|9
|
|t:|1641827102
|switch|p1a: Zapdos|Zapdos|100/100
|move|p2a: Tapu Fini|Taunt|p1a: Zapdos
|-start|p1a: Zapdos|move: Taunt
|
|-heal|p2a: Tapu Fini|99/100|[from] item: Leftovers
|upkeep
|turn|10
|
|t:|1641827109
|switch|p2a: Landorus|Landorus-Therian, M|100/100
|-damage|p2a: Landorus|88/100|[from] Stealth Rock
|-ability|p2a: Landorus|Intimidate|boost
|-unboost|p1a: Zapdos|atk|1
|move|p1a: Zapdos|Volt Switch|p2a: Landorus
|-immune|p2a: Landorus
|
|-heal|p2a: Landorus|94/100|[from] item: Leftovers
|upkeep
|turn|11
|
|t:|1641827116
|switch|p1a: Rillaboom|Rillaboom, F|100/100
|-fieldstart|move: Grassy Terrain|[from] ability: Grassy Surge|[of] p1a: Rillaboom
|move|p2a: Landorus|Stealth Rock|p1a: Rillaboom
|-sidestart|p1: Nikacoffe|move: Stealth Rock
|
|-heal|p2a: Landorus|99/100|[from] item: Leftovers
|upkeep
|turn|12
|
|t:|1641827120
|move|p1a: Rillaboom|Knock Off|p2a: Landorus
|-damage|p2a: Landorus|62/100
|-enditem|p2a: Landorus|Leftovers|[from] move: Knock Off|[of] p1a: Rillaboom
|move|p2a: Landorus|U-turn|p1a: Rillaboom
|-supereffective|p1a: Rillaboom
|-damage|p1a: Rillaboom|54/100
|
|t:|1641827127
|switch|p2a: Dragapult|Dragapult, F|100/100|[from]move: U-turn
|-damage|p2a: Dragapult|88/100|[from] Stealth Rock
|
|-heal|p2a: Dragapult|94/100|[from] Grassy Terrain
|-heal|p1a: Rillaboom|60/100|[from] Grassy Terrain
|upkeep
|turn|13
|
|t:|1641827131
|switch|p1a: Heatran|Heatran, F|100/100
|-damage|p1a: Heatran|88/100|[from] Stealth Rock
|move|p2a: Dragapult|Draco Meteor|p1a: Heatran
|-resisted|p1a: Heatran
|-damage|p1a: Heatran|59/100
|-unboost|p2a: Dragapult|spa|2
|
|-heal|p2a: Dragapult|99/100|[from] Grassy Terrain
|-heal|p1a: Heatran|66/100|[from] Grassy Terrain
|-heal|p1a: Heatran|72/100|[from] item: Leftovers
|upkeep
|turn|14
|
|t:|1641827136
|switch|p2a: Tapu Fini|Tapu Fini|99/100
|-damage|p2a: Tapu Fini|88/100|[from] Stealth Rock
|-fieldstart|move: Misty Terrain|[from] ability: Misty Surge|[of] p2a: Tapu Fini
|move|p1a: Heatran|Magma Storm|p2a: Tapu Fini
|-resisted|p2a: Tapu Fini
|-damage|p2a: Tapu Fini|71/100
|-activate|p2a: Tapu Fini|move: Magma Storm|[of] p1a: Heatran
|
|-heal|p2a: Tapu Fini|77/100|[from] item: Leftovers
|-heal|p1a: Heatran|78/100|[from] item: Leftovers
|-damage|p2a: Tapu Fini|65/100|[from] move: Magma Storm|[partiallytrapped]
|upkeep
|turn|15
|
|t:|1641827153
|switch|p1a: Zapdos|Zapdos|100/100
|move|p2a: Tapu Fini|Calm Mind|p2a: Tapu Fini
|-boost|p2a: Tapu Fini|spa|1
|-boost|p2a: Tapu Fini|spd|1
|
|-heal|p2a: Tapu Fini|71/100|[from] item: Leftovers
|-end|p2a: Tapu Fini|Magma Storm|[partiallytrapped]|[silent]
|upkeep
|turn|16
|
|t:|1641827159
|switch|p2a: Landorus|Landorus-Therian, M|62/100
|-damage|p2a: Landorus|50/100|[from] Stealth Rock
|-ability|p2a: Landorus|Intimidate|boost
|-unboost|p1a: Zapdos|atk|1
|move|p1a: Zapdos|Volt Switch|p2a: Landorus
|-immune|p2a: Landorus
|
|upkeep
|turn|17
|
|t:|1641827163
|move|p2a: Landorus|Toxic|p1a: Zapdos
|-status|p1a: Zapdos|tox
|move|p1a: Zapdos|Heat Wave|p2a: Landorus
|-damage|p2a: Landorus|19/100
|
|-damage|p1a: Zapdos|94/100 tox|[from] psn
|upkeep
|turn|18
|
|t:|1641827171
|move|p2a: Landorus|U-turn|p1a: Zapdos
|-resisted|p1a: Zapdos
|-damage|p1a: Zapdos|86/100 tox
|-status|p2a: Landorus|par|[from] ability: Static|[of] p1a: Zapdos
|
|t:|1641827173
|switch|p2a: Blissey|Blissey, F|83/100|[from]move: U-turn
|move|p1a: Zapdos|Heat Wave|p2a: Blissey
|-damage|p2a: Blissey|73/100
|
|-damage|p1a: Zapdos|74/100 tox|[from] psn
|-fieldend|Misty Terrain
|upkeep
|turn|19
|
|t:|1641827179
|switch|p1a: Garchomp|Garchomp, F|100/100
|-damage|p1a: Garchomp|94/100|[from] Stealth Rock
|move|p2a: Blissey|Thunder Wave|p1a: Garchomp
|-immune|p1a: Garchomp
|
|-heal|p1a: Garchomp|100/100|[from] item: Leftovers
|upkeep
|turn|20
|
|t:|1641827183
|switch|p2a: Landorus|Landorus-Therian, M|19/100 par
|-damage|p2a: Landorus|7/100 par|[from] Stealth Rock
|-ability|p2a: Landorus|Intimidate|boost
|-unboost|p1a: Garchomp|atk|1
|move|p1a: Garchomp|Swords Dance|p1a: Garchomp
|-boost|p1a: Garchomp|atk|2
|
|upkeep
|turn|21
|
|t:|1641827197
|switch|p2a: Tapu Fini|Tapu Fini|71/100
|-damage|p2a: Tapu Fini|58/100|[from] Stealth Rock
|-fieldstart|move: Misty Terrain|[from] ability: Misty Surge|[of] p2a: Tapu Fini
|move|p1a: Garchomp|Earthquake|p2a: Tapu Fini
|-damage|p2a: Tapu Fini|1/100
|
|-heal|p2a: Tapu Fini|7/100|[from] item: Leftovers
|upkeep
|turn|22
|
|t:|1641827203
|move|p1a: Garchomp|Earthquake|p2a: Tapu Fini
|-damage|p2a: Tapu Fini|0 fnt
|faint|p2a: Tapu Fini
|
|upkeep
|
|t:|1641827206
|switch|p2a: Dragapult|Dragapult, F|99/100
|-damage|p2a: Dragapult|88/100|[from] Stealth Rock
|turn|23
|
|t:|1641827220
|switch|p1a: Rillaboom|Rillaboom, F|60/100
|-damage|p1a: Rillaboom|48/100|[from] Stealth Rock
|-fieldstart|move: Grassy Terrain|[from] ability: Grassy Surge|[of] p1a: Rillaboom
|move|p2a: Dragapult|Draco Meteor|p1a: Rillaboom
|-damage|p1a: Rillaboom|0 fnt
|-unboost|p2a: Dragapult|spa|2
|faint|p1a: Rillaboom
|
|-heal|p2a: Dragapult|94/100|[from] Grassy Terrain
|upkeep
|
|t:|1641827232
|switch|p1a: Tapu Lele|Tapu Lele|100/100
|-damage|p1a: Tapu Lele|88/100|[from] Stealth Rock
|-fieldstart|move: Psychic Terrain|[from] ability: Psychic Surge|[of] p1a: Tapu Lele
|turn|24
|
|t:|1641827239
|switch|p2a: Landorus|Landorus-Therian, M|7/100 par
|-damage|p2a: Landorus|0 fnt|[from] Stealth Rock
|faint|p2a: Landorus
|move|p1a: Tapu Lele|Psyshock|p2: Landorus|[notarget]
|-fail|p1a: Tapu Lele
|
|upkeep
|
|t:|1641827243
|switch|p2a: Melmetal|Melmetal|94/100
|-damage|p2a: Melmetal|88/100|[from] Stealth Rock
|turn|25
|
|t:|1641827249
|switch|p1a: Zapdos|Zapdos|74/100 tox
|move|p2a: Melmetal|Earthquake|p1a: Zapdos
|-immune|p1a: Zapdos
|
|-heal|p2a: Melmetal|94/100|[from] item: Leftovers
|-damage|p1a: Zapdos|68/100 tox|[from] psn
|upkeep
|turn|26
|
|t:|1641827253
|move|p2a: Melmetal|Protect|p2a: Melmetal
|-singleturn|p2a: Melmetal|Protect
|move|p1a: Zapdos|Volt Switch|p2a: Melmetal
|-activate|p2a: Melmetal|move: Protect
|
|-heal|p2a: Melmetal|100/100|[from] item: Leftovers
|-damage|p1a: Zapdos|56/100 tox|[from] psn
|upkeep
|turn|27
|
|t:|1641827258
|move|p1a: Zapdos|Roost|p1a: Zapdos
|-heal|p1a: Zapdos|100/100 tox
|-singleturn|p1a: Zapdos|move: Roost
|move|p2a: Melmetal|Earthquake|p1a: Zapdos
|-supereffective|p1a: Zapdos
|-damage|p1a: Zapdos|36/100 tox
|
|-damage|p1a: Zapdos|18/100 tox|[from] psn
|upkeep
|turn|28
|
|t:|1641827266
|move|p1a: Zapdos|Roost|p1a: Zapdos
|-heal|p1a: Zapdos|68/100 tox
|-singleturn|p1a: Zapdos|move: Roost
|move|p2a: Melmetal|Earthquake|p1a: Zapdos
|-supereffective|p1a: Zapdos
|-damage|p1a: Zapdos|8/100 tox
|
|-damage|p1a: Zapdos|0 fnt|[from] psn
|faint|p1a: Zapdos
|-fieldend|move: Psychic Terrain
|upkeep
|
|t:|1641827268
|switch|p1a: Garchomp|Garchomp, F|100/100
|-damage|p1a: Garchomp|94/100|[from] Stealth Rock
|turn|29
|
|t:|1641827282
|switch|p2a: Dragapult|Dragapult, F|94/100
|-damage|p2a: Dragapult|82/100|[from] Stealth Rock
|move|p1a: Garchomp|Swords Dance|p1a: Garchomp
|-boost|p1a: Garchomp|atk|2
|
|-heal|p1a: Garchomp|100/100|[from] item: Leftovers
|upkeep
|turn|30
|
|t:|1641827286
|switch|p1a: Tapu Lele|Tapu Lele|88/100
|-damage|p1a: Tapu Lele|76/100|[from] Stealth Rock
|-fieldstart|move: Psychic Terrain|[from] ability: Psychic Surge|[of] p1a: Tapu Lele
|move|p2a: Dragapult|Draco Meteor|p1a: Tapu Lele
|-immune|p1a: Tapu Lele
|
|upkeep
|turn|31
|
|t:|1641827289
|switch|p1a: Garchomp|Garchomp, F|100/100
|-damage|p1a: Garchomp|94/100|[from] Stealth Rock
|switch|p2a: Melmetal|Melmetal|100/100
|-damage|p2a: Melmetal|94/100|[from] Stealth Rock
|
|-heal|p1a: Garchomp|100/100|[from] item: Leftovers
|-heal|p2a: Melmetal|100/100|[from] item: Leftovers
|upkeep
|turn|32
|
|t:|1641827293
|move|p1a: Garchomp|Swords Dance|p1a: Garchomp
|-boost|p1a: Garchomp|atk|2
|move|p2a: Melmetal|Double Iron Bash|p1a: Garchomp
|-damage|p1a: Garchomp|59/100
|-damage|p2a: Melmetal|88/100|[from] ability: Rough Skin|[of] p1a: Garchomp
|-damage|p1a: Garchomp|14/100
|-damage|p2a: Melmetal|76/100|[from] ability: Rough Skin|[of] p1a: Garchomp
|-hitcount|p1a: Garchomp|2
|
|-heal|p1a: Garchomp|20/100|[from] item: Leftovers
|-heal|p2a: Melmetal|82/100|[from] item: Leftovers
|upkeep
|turn|33
|
|t:|1641827300
|move|p2a: Melmetal|Protect|p2a: Melmetal
|-singleturn|p2a: Melmetal|Protect
|move|p1a: Garchomp|Earthquake|p2a: Melmetal
|-activate|p2a: Melmetal|move: Protect
|
|-heal|p1a: Garchomp|26/100|[from] item: Leftovers
|-heal|p2a: Melmetal|88/100|[from] item: Leftovers
|upkeep
|turn|34
|
|t:|1641827303
|switch|p2a: Blissey|Blissey, F|73/100
|move|p1a: Garchomp|Earthquake|p2a: Blissey
|-damage|p2a: Blissey|0 fnt
|faint|p2a: Blissey
|
|-heal|p1a: Garchomp|32/100|[from] item: Leftovers
|-fieldend|move: Psychic Terrain
|upkeep
|
|t:|1641827305
|switch|p2a: Dragapult|Dragapult, F|82/100
|-damage|p2a: Dragapult|69/100|[from] Stealth Rock
|turn|35
|
|t:|1641827312
|switch|p1a: Heatran|Heatran, F|78/100
|-damage|p1a: Heatran|66/100|[from] Stealth Rock
|move|p2a: Dragapult|Shadow Ball|p1a: Heatran
|-damage|p1a: Heatran|31/100
|
|-heal|p1a: Heatran|37/100|[from] item: Leftovers
|upkeep
|turn|36
|
|t:|1641827316
|move|p2a: Dragapult|Shadow Ball|p1a: Heatran
|-damage|p1a: Heatran|6/100
|move|p1a: Heatran|Earth Power|p2a: Dragapult
|-damage|p2a: Dragapult|36/100
|
|-heal|p1a: Heatran|12/100|[from] item: Leftovers
|upkeep
|turn|37
|
|t:|1641827323
|move|p2a: Dragapult|Shadow Ball|p1a: Heatran
|-damage|p1a: Heatran|0 fnt
|faint|p1a: Heatran
|
|upkeep
|
|t:|1641827324
|switch|p1a: Tapu Lele|Tapu Lele|76/100
|-damage|p1a: Tapu Lele|63/100|[from] Stealth Rock
|-fieldstart|move: Psychic Terrain|[from] ability: Psychic Surge|[of] p1a: Tapu Lele
|turn|38
|
|t:|1641827331
|switch|p2a: Melmetal|Melmetal|88/100
|-damage|p2a: Melmetal|82/100|[from] Stealth Rock
|move|p1a: Tapu Lele|Moonblast|p2a: Melmetal
|-resisted|p2a: Melmetal
|-damage|p2a: Melmetal|62/100
|
|-heal|p2a: Melmetal|68/100|[from] item: Leftovers
|upkeep
|turn|39
|
|t:|1641827337
|move|p1a: Tapu Lele|Moonblast|p2a: Melmetal
|-resisted|p2a: Melmetal
|-damage|p2a: Melmetal|47/100
|move|p2a: Melmetal|Double Iron Bash|p1a: Tapu Lele
|-supereffective|p1a: Tapu Lele
|-damage|p1a: Tapu Lele|0 fnt
|faint|p1a: Tapu Lele
|-hitcount|p1: Tapu Lele|1
|
|-heal|p2a: Melmetal|53/100|[from] item: Leftovers
|upkeep
|
|t:|1641827339
|switch|p1a: Garchomp|Garchomp, F|32/100
|-damage|p1a: Garchomp|26/100|[from] Stealth Rock
|turn|40
|
|t:|1641827342
|move|p1a: Garchomp|Earthquake|p2a: Melmetal
|-supereffective|p2a: Melmetal
|-damage|p2a: Melmetal|0 fnt
|faint|p2a: Melmetal
|
|-heal|p1a: Garchomp|32/100|[from] item: Leftovers
|upkeep
|-message|Nikacoffe forfeited.
|
|win|Mel2345
|raw|Nikacoffe's rating: 1487 &rarr; <strong>1474</strong><br />(-13 for losing)
|raw|Mel2345's rating: 1615 &rarr; <strong>1628</strong><br />(+13 for winning)
|l|☆Nikacoffe
