|j|☆drop a baby
|j|☆Tapatio707
|t:|1654865978
|gametype|singles
|player|p1|drop a baby|lady|1488
|player|p2|Tapatio707|2|1432
|teamsize|p1|6
|teamsize|p2|6
|gen|8
|tier|[Gen 8] OU
|rated|
|rule|Sleep Clause Mod: Limit one foe put to sleep
|rule|Species Clause: Limit one of each Pokémon
|rule|OHKO Clause: OHKO moves are banned
|rule|Evasion Moves Clause: Evasion moves are banned
|rule|Endless Battle Clause: Forcing endless battles is banned
|rule|HP Percentage Mod: HP is shown in percentages
|rule|Dynamax Clause: You cannot dynamax
|clearpoke
|poke|p1|Landorus-Therian, M|
|poke|p1|Volcarona, M|
|poke|p1|Bewear, M|
|poke|p1|Slowbro, M|
|poke|p1|Zeraora|
|poke|p1|Tapu Fini|
|poke|p2|Ninetales, M|
|poke|p2|Venusaur, F|
|poke|p2|Slowbro, M|
|poke|p2|Blissey, F|
|poke|p2|Charizard, M|
|poke|p2|Excadrill, M|
|teampreview
|inactive|Battle timer is ON: inactive players will automatically lose when time's up. (requested by Tapatio707)
|
|t:|1654865998
|start
|switch|p1a: Volcarona|Volcarona, M|100/100
|switch|p2a: Ma|Ninetales, M, shiny|100/100
|-weather|SunnyDay|[from] ability: Drought|[of] p2a: Ma
|turn|1
|
|t:|1654866009
|switch|p2a: Crisp|Charizard, M, shiny|100/100
|move|p1a: Volcarona|Quiver Dance|p1a: Volcarona
|-boost|p1a: Volcarona|spa|1
|-boost|p1a: Volcarona|spd|1
|-boost|p1a: Volcarona|spe|1
|
|-weather|SunnyDay|[upkeep]
|-damage|p2a: Crisp|88/100|[from] ability: Solar Power|[of] p2a: Crisp
|upkeep
|turn|2
|
|t:|1654866011
|move|p1a: Volcarona|Quiver Dance|p1a: Volcarona
|-boost|p1a: Volcarona|spa|1
|-boost|p1a: Volcarona|spd|1
|-boost|p1a: Volcarona|spe|1
|move|p2a: Crisp|Overheat|p1a: Volcarona
|-damage|p1a: Volcarona|15/100
|-unboost|p2a: Crisp|spa|2
|
|-weather|SunnyDay|[upkeep]
|-damage|p2a: Crisp|76/100|[from] ability: Solar Power|[of] p2a: Crisp
|upkeep
|turn|3
|
|t:|1654866015
|move|p1a: Volcarona|Roost|p1a: Volcarona
|-heal|p1a: Volcarona|65/100
|-singleturn|p1a: Volcarona|move: Roost
|move|p2a: Crisp|Overheat|p1a: Volcarona
|-damage|p1a: Volcarona|18/100
|-unboost|p2a: Crisp|spa|2
|
|-weather|SunnyDay|[upkeep]
|-damage|p2a: Crisp|63/100|[from] ability: Solar Power|[of] p2a: Crisp
|upkeep
|turn|4
|
|t:|1654866019
|switch|p2a: Ma|Ninetales, M, shiny|100/100
|move|p1a: Volcarona|Roost|p1a: Volcarona
|-heal|p1a: Volcarona|68/100
|-singleturn|p1a: Volcarona|move: Roost
|
|-weather|SunnyDay|[upkeep]
|upkeep
|turn|5
|
|t:|1654866023
|move|p1a: Volcarona|Quiver Dance|p1a: Volcarona
|-boost|p1a: Volcarona|spa|1
|-boost|p1a: Volcarona|spd|1
|-boost|p1a: Volcarona|spe|1
|move|p2a: Ma|Memento|p1a: Volcarona
|-unboost|p1a: Volcarona|atk|2
|-unboost|p1a: Volcarona|spa|2
|faint|p2a: Ma
|
|-weather|SunnyDay|[upkeep]
|upkeep
|
|t:|1654866024
|switch|p2a: Crisp|Charizard, M, shiny|63/100
|turn|6
|
|t:|1654866026
|move|p1a: Volcarona|Roost|p1a: Volcarona
|-heal|p1a: Volcarona|100/100
|-singleturn|p1a: Volcarona|move: Roost
|move|p2a: Crisp|Air Slash|p1a: Volcarona
|-supereffective|p1a: Volcarona
|-damage|p1a: Volcarona|43/100
|
|-weather|SunnyDay|[upkeep]
|-damage|p2a: Crisp|51/100|[from] ability: Solar Power|[of] p2a: Crisp
|upkeep
|turn|7
|
|t:|1654866037
|move|p1a: Volcarona|Fiery Dance|p2a: Crisp
|-resisted|p2a: Crisp
|-damage|p2a: Crisp|0 fnt
|faint|p2a: Crisp
|
|-weather|SunnyDay|[upkeep]
|upkeep
|
|t:|1654866042
|switch|p2a: Venusaur|Venusaur, F|100/100
|turn|8
|
|t:|1654866044
|move|p1a: Volcarona|Fiery Dance|p2a: Venusaur
|-supereffective|p2a: Venusaur
|-damage|p2a: Venusaur|0 fnt
|-boost|p1a: Volcarona|spa|1
|faint|p2a: Venusaur
|
|-weather|none
|upkeep
|c|☆Tapatio707|Gayyy
|-message|Tapatio707 forfeited.
|
|win|drop a baby
|raw|drop a baby's rating: 1488 &rarr; <strong>1505</strong><br />(+17 for winning)
|raw|Tapatio707's rating: 1432 &rarr; <strong>1415</strong><br />(-17 for losing)
|l|☆Tapatio707
||Ladder isn't responding, score probably updated but might not have (Request timeout).
