|j|☆zKally
|j|☆u lost to bad team
|t:|1667766306
|gametype|singles
|player|p1|zKally|steven|1532
|player|p2|u lost to bad team|sisandbro|1518
|teamsize|p1|6
|teamsize|p2|6
|gen|8
|tier|[Gen 8] OU
|rated|
|rule|Sleep Clause Mod: Limit one foe put to sleep
|rule|Species Clause: Limit one of each Pokémon
|rule|OHKO Clause: OHKO moves are banned
|rule|Evasion Items Clause: Evasion items are banned
|rule|Evasion Moves Clause: Evasion moves are banned
|rule|Endless Battle Clause: Forcing endless battles is banned
|rule|HP Percentage Mod: HP is shown in percentages
|rule|Dynamax Clause: You cannot dynamax
|clearpoke
|poke|p1|Dragapult, M|
|poke|p1|Ferrothorn, M|
|poke|p1|Clefable, F|
|poke|p1|Tornadus-Therian, M|
|poke|p1|Magnezone|
|poke|p1|Garchomp, M|
|poke|p2|Mew|
|poke|p2|Zeraora|
|poke|p2|Celesteela|
|poke|p2|Dragapult, M|
|poke|p2|Weavile, F|
|poke|p2|Nihilego|
|teampreview
|inactive|Battle timer is ON: inactive players will automatically lose when time's up. (requested by u lost to bad team)
|
|t:|1667766325
|start
|switch|p1a: Magnezone|Magnezone|100/100
|switch|p2a: Zeraora|Zeraora|100/100
|turn|1
|
|t:|1667766333
|switch|p1a: Garchomp|Garchomp, M|100/100
|move|p2a: Zeraora|Knock Off|p1a: Garchomp
|-damage|p1a: Garchomp|73/100
|-damage|p2a: Zeraora|88/100|[from] ability: Rough Skin|[of] p1a: Garchomp
|-enditem|p1a: Garchomp|Leftovers|[from] move: Knock Off|[of] p2a: Zeraora
|
|upkeep
|turn|2
|
|t:|1667766339
|switch|p2a: Mew|Mew|100/100
|move|p1a: Garchomp|Stealth Rock|p2a: Mew
|-sidestart|p2: u lost to bad team|move: Stealth Rock
|
|upkeep
|turn|3
|
|t:|1667766343
|switch|p1a: Magnezone|Magnezone|100/100
|move|p2a: Mew|Stealth Rock|p1a: Magnezone
|-sidestart|p1: zKally|move: Stealth Rock
|
|upkeep
|turn|4
|
|t:|1667766348
|move|p2a: Mew|Spikes|p1a: Magnezone
|-sidestart|p1: zKally|Spikes
|move|p1a: Magnezone|Flash Cannon|p2a: Mew
|-damage|p2a: Mew|49/100
|-enditem|p2a: Mew|Red Card|[of] p1a: Magnezone
|drag|p1a: Garchomp|Garchomp, M|73/100
|-damage|p1a: Garchomp|67/100|[from] Stealth Rock
|-damage|p1a: Garchomp|55/100|[from] Spikes
|
|upkeep
|turn|5
|
|t:|1667766356
|move|p2a: Mew|Spikes|p1a: Garchomp
|-sidestart|p1: zKally|Spikes
|move|p1a: Garchomp|Earthquake|p2a: Mew
|-damage|p2a: Mew|12/100
|
|upkeep
|turn|6
|
|t:|1667766360
|switch|p1a: Tornadus|Tornadus-Therian, M|100/100
|move|p2a: Mew|Thunder Wave|p1a: Tornadus
|-status|p1a: Tornadus|par
|
|upkeep
|turn|7
|
|t:|1667766367
|move|p2a: Mew|Taunt|p1a: Tornadus
|-start|p1a: Tornadus|move: Taunt
|cant|p1a: Tornadus|move: Taunt|Defog
|
|upkeep
|turn|8
|
|t:|1667766369
|move|p2a: Mew|Spikes|p1a: Tornadus
|-sidestart|p1: zKally|Spikes
|cant|p1a: Tornadus|par
|
|upkeep
|turn|9
|
|t:|1667766376
|move|p2a: Mew|Taunt||[still]
|-fail|p2a: Mew
|cant|p1a: Tornadus|par
|
|-end|p1a: Tornadus|move: Taunt
|upkeep
|turn|10
|
|t:|1667766381
|move|p2a: Mew|Taunt|p1a: Tornadus
|-start|p1a: Tornadus|move: Taunt
|move|p1a: Tornadus|U-turn|p2a: Mew
|-supereffective|p2a: Mew
|-damage|p2a: Mew|0 fnt
|faint|p2a: Mew
|
|t:|1667766391
|switch|p1a: Ferrothorn|Ferrothorn, M|100/100|[from]move: U-turn
|-damage|p1a: Ferrothorn|94/100|[from] Stealth Rock
|-damage|p1a: Ferrothorn|69/100|[from] Spikes
|
|-heal|p1a: Ferrothorn|75/100|[from] item: Leftovers
|upkeep
|
|t:|1667766395
|switch|p2a: Celesteela|Celesteela, shiny|100/100
|-damage|p2a: Celesteela|88/100|[from] Stealth Rock
|turn|11
|
|t:|1667766403
|switch|p1a: Garchomp|Garchomp, M|55/100
|-damage|p1a: Garchomp|48/100|[from] Stealth Rock
|-damage|p1a: Garchomp|23/100|[from] Spikes
|move|p2a: Celesteela|Flamethrower|p1a: Garchomp
|-resisted|p1a: Garchomp
|-damage|p1a: Garchomp|14/100
|
|upkeep
|turn|12
|
|t:|1667766410
|move|p1a: Garchomp|Protect|p1a: Garchomp
|-singleturn|p1a: Garchomp|Protect
|move|p2a: Celesteela|Autotomize|p2a: Celesteela
|-boost|p2a: Celesteela|spe|2
|-start|p2a: Celesteela|Autotomize
|
|upkeep
|turn|13
|
|t:|1667766421
|switch|p1a: Magnezone|Magnezone|100/100
|-damage|p1a: Magnezone|94/100|[from] Stealth Rock
|-damage|p1a: Magnezone|70/100|[from] Spikes
|move|p2a: Celesteela|Flamethrower|p1a: Magnezone
|-supereffective|p1a: Magnezone
|-damage|p1a: Magnezone|0 fnt
|faint|p1a: Magnezone
|-ability|p2a: Celesteela|Beast Boost|boost
|-boost|p2a: Celesteela|spa|1
|
|upkeep
|-message|zKally forfeited.
|
|win|u lost to bad team
|raw|zKally's rating: 1532 &rarr; <strong>1511</strong><br />(-21 for losing)
|raw|u lost to bad team's rating: 1518 &rarr; <strong>1539</strong><br />(+21 for winning)
|l|☆zKally
