|j|☆Sombra Diurna
|j|☆discgolfer148309
|t:|1632359581
|gametype|singles
|player|p1|Sombra Diurna|blue|1812
|player|p2|discgolfer148309|169|1765
|teamsize|p1|6
|teamsize|p2|6
|gen|8
|tier|[Gen 8] OU
|rated|
|rule|Sleep Clause Mod: Limit one foe put to sleep
|rule|Species Clause: Limit one of each Pokémon
|rule|OHKO Clause: OHKO moves are banned
|rule|Evasion Moves Clause: Evasion moves are banned
|rule|Endless Battle Clause: Forcing endless battles is banned
|rule|HP Percentage Mod: HP is shown in percentages
|rule|Dynamax Clause: You cannot dynamax
|clearpoke
|poke|p1|Slowbro, M|
|poke|p1|Garchomp, M|
|poke|p1|Hatterene, F|
|poke|p1|Ferrothorn, F|
|poke|p1|Drampa, M|
|poke|p1|Marowak-Alola, F|
|poke|p2|Zapdos|
|poke|p2|Polteageist|
|poke|p2|Necrozma|
|poke|p2|Tapu Lele|
|poke|p2|Porygon2|
|poke|p2|Piloswine, F|
|teampreview
|inactive|Battle timer is ON: inactive players will automatically lose when time's up. (requested by Sombra Diurna)
|
|t:|1632359610
|start
|switch|p1a: Miguelito|Ferrothorn, F|100/100
|switch|p2a: Necrozma|Necrozma|100/100
|turn|1
|j| Ctannn
|
|t:|1632359618
|move|p2a: Necrozma|Heat Wave|p1a: Miguelito
|-supereffective|p1a: Miguelito
|-damage|p1a: Miguelito|4/100
|move|p1a: Miguelito|Leech Seed|p2a: Necrozma|[miss]
|-miss|p1a: Miguelito|p2a: Necrozma
|
|-heal|p1a: Miguelito|10/100|[from] item: Leftovers
|upkeep
|turn|2
|
|t:|1632359628
|switch|p1a: Sonso|Slowbro, M|100/100
|move|p2a: Necrozma|Earth Power|p1a: Sonso
|-damage|p1a: Sonso|64/100
|
|upkeep
|turn|3
|
|t:|1632359634
|switch|p1a: Gorra|Hatterene, F, shiny|100/100
|move|p2a: Necrozma|Meteor Beam||[still]
|-prepare|p2a: Necrozma|Meteor Beam
|-boost|p2a: Necrozma|spa|1
|-enditem|p2a: Necrozma|Power Herb
|-anim|p2a: Necrozma|Meteor Beam|p1a: Gorra
|-damage|p1a: Gorra|50/100
|
|upkeep
|turn|4
|j| ljkhbhbjkjhb
|
|t:|1632359644
|move|p2a: Necrozma|Earth Power|p1a: Gorra
|-damage|p1a: Gorra|13/100
|move|p1a: Gorra|Trick Room|p1a: Gorra
|-fieldstart|move: Trick Room|[of] p1a: Gorra
|
|upkeep
|turn|5
|j| uhidkwatdo
|
|t:|1632359661
|move|p1a: Gorra|Healing Wish|p1a: Gorra
|faint|p1a: Gorra
|move|p2a: Necrozma|Earth Power|p1: Gorra|[notarget]
|-fail|p2a: Necrozma
|
|upkeep
|
|t:|1632359675
|switch|p1a: Falkor|Drampa, M, shiny|100/100
|turn|6
|
|t:|1632359681
|move|p1a: Falkor|Hyper Voice|p2a: Necrozma
|-damage|p2a: Necrozma|29/100
|-damage|p1a: Falkor|91/100|[from] item: Life Orb
|move|p2a: Necrozma|Earth Power|p1a: Falkor
|-crit|p1a: Falkor
|-damage|p1a: Falkor|16/100
|-ability|p1a: Falkor|Berserk|boost
|-boost|p1a: Falkor|spa|1
|
|upkeep
|turn|7
|c|☆Sombra Diurna|more fucking hax?
|c|☆discgolfer148309|?
|
|t:|1632359703
|move|p1a: Falkor|Hyper Voice|p2a: Necrozma
|-damage|p2a: Necrozma|0 fnt
|faint|p2a: Necrozma
|-damage|p1a: Falkor|6/100|[from] item: Life Orb
|
|upkeep
|
|t:|1632359709
|switch|p2a: Polteageist|Polteageist|100/100
|turn|8
|
|t:|1632359718
|move|p1a: Falkor|Thunderbolt|p2a: Polteageist
|-damage|p2a: Polteageist|19/100
|-start|p1a: Falkor|Disable|Thunderbolt|[from] ability: Cursed Body|[of] p2a: Polteageist
|-damage|p1a: Falkor|0 fnt|[from] item: Life Orb
|faint|p1a: Falkor
|move|p2a: Polteageist|Shell Smash|p2a: Polteageist
|-unboost|p2a: Polteageist|def|1
|-unboost|p2a: Polteageist|spd|1
|-boost|p2a: Polteageist|atk|2
|-boost|p2a: Polteageist|spa|2
|-boost|p2a: Polteageist|spe|2
|
|-fieldend|move: Trick Room
|upkeep
|
|t:|1632359729
|switch|p1a: Miguelito|Ferrothorn, F|10/100
|-heal|p1a: Miguelito|100/100|[from] move: Healing Wish
|turn|9
|
|t:|1632359734
|move|p2a: Polteageist|Shadow Ball|p1a: Miguelito
|-damage|p1a: Miguelito|37/100
|-unboost|p1a: Miguelito|spd|1
|move|p1a: Miguelito|Gyro Ball|p2a: Polteageist
|-damage|p2a: Polteageist|0 fnt
|faint|p2a: Polteageist
|
|-heal|p1a: Miguelito|44/100|[from] item: Leftovers
|upkeep
|
|t:|1632359745
|switch|p2a: Porygon2|Porygon2|100/100
|-ability|p2a: Porygon2|Download|boost
|-boost|p2a: Porygon2|spa|1
|turn|10
|
|t:|1632359751
|switch|p1a: Sonso|Slowbro, M|97/100
|move|p2a: Porygon2|Ice Beam|p1a: Sonso
|-resisted|p1a: Sonso
|-damage|p1a: Sonso|75/100
|
|upkeep
|turn|11
|
|t:|1632359768
|switch|p1a: Miguelito|Ferrothorn, F|44/100
|move|p2a: Porygon2|Thunderbolt|p1a: Miguelito
|-resisted|p1a: Miguelito
|-damage|p1a: Miguelito|30/100
|
|-heal|p1a: Miguelito|37/100|[from] item: Leftovers
|upkeep
|turn|12
|
|t:|1632359775
|move|p2a: Porygon2|Ice Beam|p1a: Miguelito
|-damage|p1a: Miguelito|10/100
|move|p1a: Miguelito|Leech Seed|p2a: Porygon2
|-start|p2a: Porygon2|move: Leech Seed
|
|-heal|p1a: Miguelito|16/100|[from] item: Leftovers
|-damage|p2a: Porygon2|88/100|[from] Leech Seed|[of] p1a: Miguelito
|-heal|p1a: Miguelito|29/100|[silent]
|upkeep
|turn|13
|
|t:|1632359784
|switch|p2a: Zapdos|Zapdos|100/100
|move|p1a: Miguelito|Stealth Rock|p2a: Zapdos
|-sidestart|p2: discgolfer148309|move: Stealth Rock
|
|-heal|p1a: Miguelito|35/100|[from] item: Leftovers
|upkeep
|turn|14
|
|t:|1632359791
|switch|p1a: Sharko|Garchomp, M|100/100
|move|p2a: Zapdos|Heat Wave|p1a: Sharko
|-resisted|p1a: Sharko
|-damage|p1a: Sharko|80/100
|
|-heal|p1a: Sharko|86/100|[from] item: Leftovers
|upkeep
|turn|15
|
|t:|1632359798
|move|p1a: Sharko|Swords Dance|p1a: Sharko
|-boost|p1a: Sharko|atk|2
|move|p2a: Zapdos|Defog|p1a: Sharko
|-unboost|p1a: Sharko|evasion|1
|-sideend|p2: discgolfer148309|Stealth Rock|[from] move: Defog|[of] p2a: Zapdos
|
|-heal|p1a: Sharko|92/100|[from] item: Leftovers
|upkeep
|turn|16
|
|t:|1632359809
|switch|p2a: Piloswine|Piloswine, F|100/100
|move|p1a: Sharko|Stone Edge|p2a: Piloswine
|-damage|p2a: Piloswine|52/100
|
|-heal|p1a: Sharko|98/100|[from] item: Leftovers
|upkeep
|turn|17
|j| skykid500
|
|t:|1632359831
|move|p2a: Piloswine|Ice Shard|p1a: Sharko
|-supereffective|p1a: Sharko
|-damage|p1a: Sharko|24/100
|move|p1a: Sharko|Earthquake|p2a: Piloswine
|-damage|p2a: Piloswine|0 fnt
|faint|p2a: Piloswine
|
|-heal|p1a: Sharko|30/100|[from] item: Leftovers
|upkeep
|
|t:|1632359838
|switch|p2a: Porygon2|Porygon2|88/100
|-ability|p2a: Porygon2|Download|boost
|-boost|p2a: Porygon2|spa|1
|turn|18
|l| skykid500
|j| picles o ruim
|
|t:|1632359855
|move|p1a: Sharko|Earthquake|p2a: Porygon2
|-damage|p2a: Porygon2|13/100
|move|p2a: Porygon2|Ice Beam|p1a: Sharko
|-supereffective|p1a: Sharko
|-damage|p1a: Sharko|0 fnt
|faint|p1a: Sharko
|
|upkeep
|
|t:|1632359862
|switch|p1a: Sonso|Slowbro, M|100/100
|turn|19
|
|t:|1632359871
|move|p2a: Porygon2|Thunderbolt|p1a: Sonso
|-supereffective|p1a: Sonso
|-damage|p1a: Sonso|8/100
|move|p1a: Sonso|Trick Room|p1a: Sonso
|-fieldstart|move: Trick Room|[of] p1a: Sonso
|
|upkeep
|turn|20
|
|t:|1632359888
|move|p1a: Sonso|Scald|p2a: Porygon2
|-damage|p2a: Porygon2|0 fnt
|faint|p2a: Porygon2
|
|upkeep
|
|t:|1632359896
|switch|p2a: Tapu Lele|Tapu Lele|100/100
|-fieldstart|move: Psychic Terrain|[from] ability: Psychic Surge|[of] p2a: Tapu Lele
|turn|21
|
|t:|1632359906
|move|p1a: Sonso|Scald|p2a: Tapu Lele
|-damage|p2a: Tapu Lele|86/100
|-status|p2a: Tapu Lele|brn
|move|p2a: Tapu Lele|Psyshock|p1a: Sonso
|-resisted|p1a: Sonso
|-damage|p1a: Sonso|0 fnt
|faint|p1a: Sonso
|
|-damage|p2a: Tapu Lele|80/100 brn|[from] brn
|upkeep
|
|t:|1632359916
|switch|p1a: Billy B.|Marowak-Alola, F|100/100
|turn|22
|
|t:|1632359919
|switch|p2a: Zapdos|Zapdos|100/100
|move|p1a: Billy B.|Flare Blitz|p2a: Zapdos
|-damage|p2a: Zapdos|0 fnt
|-damage|p1a: Billy B.|84/100|[from] item: Rocky Helmet|[of] p2a: Zapdos
|faint|p2a: Zapdos
|
|upkeep
|
|t:|1632359927
|switch|p2a: Tapu Lele|Tapu Lele|80/100 brn
|turn|23
|
|t:|1632359929
|move|p1a: Billy B.|Flare Blitz|p2a: Tapu Lele
|-damage|p2a: Tapu Lele|0 fnt
|faint|p2a: Tapu Lele
|
|win|Sombra Diurna
|raw|Sombra Diurna's rating: 1812 &rarr; <strong>1829</strong><br />(+17 for winning)
|raw|discgolfer148309's rating: 1765 &rarr; <strong>1748</strong><br />(-17 for losing)
|l| ljkhbhbjkjhb
|l| picles o ruim
|l| Ctannn
|l| uhidkwatdo
|l|☆discgolfer148309
