|j|☆early_human
|j|☆JoJo Reference #10
|t:|1654989748
|gametype|singles
|player|p1|early_human|dancer|1653
|player|p2|JoJo Reference #10|red-gen2|1632
|teamsize|p1|6
|teamsize|p2|6
|gen|8
|tier|[Gen 8] OU
|rated|
|rule|Sleep Clause Mod: Limit one foe put to sleep
|rule|Species Clause: Limit one of each Pokémon
|rule|OHKO Clause: OHKO moves are banned
|rule|Evasion Moves Clause: Evasion moves are banned
|rule|Endless Battle Clause: Forcing endless battles is banned
|rule|HP Percentage Mod: HP is shown in percentages
|rule|Dynamax Clause: You cannot dynamax
|clearpoke
|poke|p1|Pelipper, F|
|poke|p1|Ferrothorn, M|
|poke|p1|Urshifu-*, M|
|poke|p1|Kingdra, M|
|poke|p1|Garchomp, F|
|poke|p1|Zapdos|
|poke|p2|Hatterene, F|
|poke|p2|Cresselia, F|
|poke|p2|Melmetal|
|poke|p2|Porygon2|
|poke|p2|Rhyperior, M|
|poke|p2|Trevenant, M|
|teampreview
|
|t:|1654989775
|start
|switch|p1a: Zapdos|Zapdos, shiny|100/100
|switch|p2a: Hatterene|Hatterene, F|100/100
|turn|1
|
|t:|1654989783
|move|p1a: Zapdos|Thunder|p2a: Hatterene
|-damage|p2a: Hatterene|42/100
|move|p2a: Hatterene|Trick Room|p2a: Hatterene
|-fieldstart|move: Trick Room|[of] p2a: Hatterene
|
|upkeep
|turn|2
|
|t:|1654989796
|move|p2a: Hatterene|Psychic|p1a: Zapdos
|-damage|p1a: Zapdos|36/100
|move|p1a: Zapdos|Roost|p1a: Zapdos
|-heal|p1a: Zapdos|86/100
|-singleturn|p1a: Zapdos|move: Roost
|
|upkeep
|turn|3
|
|t:|1654989806
|move|p2a: Hatterene|Misty Explosion|p1a: Zapdos
|-damage|p1a: Zapdos|16/100
|faint|p2a: Hatterene
|move|p1a: Zapdos|Thunder|p2: Hatterene|[notarget]
|-fail|p1a: Zapdos
|
|upkeep
|
|t:|1654989812
|switch|p2a: Rhyperior|Rhyperior, M|100/100
|turn|4
|
|t:|1654989834
|move|p2a: Rhyperior|Swords Dance|p2a: Rhyperior
|-boost|p2a: Rhyperior|atk|2
|move|p1a: Zapdos|Hurricane|p2a: Rhyperior|[miss]
|-miss|p1a: Zapdos|p2a: Rhyperior
|
|upkeep
|turn|5
|
|t:|1654989839
|move|p2a: Rhyperior|Stone Edge|p1a: Zapdos
|-supereffective|p1a: Zapdos
|-damage|p1a: Zapdos|0 fnt
|faint|p1a: Zapdos
|
|-fieldend|move: Trick Room
|upkeep
|
|t:|1654989850
|switch|p1a: Kingdra|Kingdra, M|100/100
|turn|6
|
|t:|1654989856
|switch|p2a: Porygon2|Porygon2|100/100
|-ability|p2a: Porygon2|Swift Swim|[from] ability: Trace|[of] p1a: Kingdra
|move|p1a: Kingdra|Flip Turn|p2a: Porygon2
|-damage|p2a: Porygon2|87/100
|
|t:|1654989872
|switch|p1a: Pelipper|Pelipper, F|100/100|[from]move: Flip Turn
|-weather|RainDance|[from] ability: Drizzle|[of] p1a: Pelipper
|
|-weather|RainDance|[upkeep]
|upkeep
|turn|7
|
|t:|1654989876
|move|p1a: Pelipper|U-turn|p2a: Porygon2
|-damage|p2a: Porygon2|82/100
|
|t:|1654989881
|switch|p1a: Ferrothorn|Ferrothorn, M|100/100|[from]move: U-turn
|move|p2a: Porygon2|Trick Room|p2a: Porygon2
|-fieldstart|move: Trick Room|[of] p2a: Porygon2
|
|-weather|RainDance|[upkeep]
|upkeep
|turn|8
|
|t:|1654989883
|move|p2a: Porygon2|Magic Coat|p2a: Porygon2
|-singleturn|p2a: Porygon2|move: Magic Coat
|move|p1a: Ferrothorn|Spikes|p2a: Porygon2
|move|p2a: Porygon2|Spikes|p1a: Ferrothorn|[from]Magic Coat
|-sidestart|p1: early_human|Spikes
|
|-weather|RainDance|[upkeep]
|upkeep
|turn|9
|
|t:|1654989889
|move|p1a: Ferrothorn|Knock Off|p2a: Porygon2
|-damage|p2a: Porygon2|68/100
|-enditem|p2a: Porygon2|Eviolite|[from] move: Knock Off|[of] p1a: Ferrothorn
|move|p2a: Porygon2|Teleport|p2a: Porygon2
|
|t:|1654989895
|switch|p2a: Rhyperior|Rhyperior, M|100/100|[from]move: Teleport
|
|-weather|RainDance|[upkeep]
|upkeep
|turn|10
|
|t:|1654989899
|move|p1a: Ferrothorn|Spikes|p2a: Rhyperior
|-sidestart|p2: JoJo Reference #10|Spikes
|move|p2a: Rhyperior|Swords Dance|p2a: Rhyperior
|-boost|p2a: Rhyperior|atk|2
|
|-weather|RainDance|[upkeep]
|upkeep
|turn|11
|
|t:|1654989916
|move|p1a: Ferrothorn|Spikes|p2a: Rhyperior
|-sidestart|p2: JoJo Reference #10|Spikes
|move|p2a: Rhyperior|Stone Edge|p1a: Ferrothorn|[miss]
|-miss|p2a: Rhyperior|p1a: Ferrothorn
|
|-weather|RainDance|[upkeep]
|-fieldend|move: Trick Room
|upkeep
|turn|12
|
|t:|1654989921
|move|p2a: Rhyperior|Earthquake|p1a: Ferrothorn
|-damage|p1a: Ferrothorn|2/100
|move|p1a: Ferrothorn|Spikes|p2a: Rhyperior
|-sidestart|p2: JoJo Reference #10|Spikes
|
|-weather|RainDance|[upkeep]
|-heal|p1a: Ferrothorn|9/100|[from] item: Leftovers
|upkeep
|turn|13
|
|t:|1654989928
|move|p2a: Rhyperior|Stone Edge|p1a: Ferrothorn
|-resisted|p1a: Ferrothorn
|-damage|p1a: Ferrothorn|0 fnt
|faint|p1a: Ferrothorn
|
|-weather|none
|upkeep
|
|t:|1654989939
|switch|p1a: Urshifu|Urshifu-Rapid-Strike, M|100/100
|-damage|p1a: Urshifu|88/100|[from] Spikes
|turn|14
|
|t:|1654989954
|switch|p2a: Porygon2|Porygon2|68/100
|-damage|p2a: Porygon2|43/100|[from] Spikes
|-ability|p2a: Porygon2|Unseen Fist|[from] ability: Trace|[of] p1a: Urshifu
|move|p1a: Urshifu|U-turn|p2a: Porygon2
|-damage|p2a: Porygon2|16/100
|
|t:|1654989959
|switch|p1a: Pelipper|Pelipper, F|100/100|[from]move: U-turn
|-weather|RainDance|[from] ability: Drizzle|[of] p1a: Pelipper
|
|-weather|RainDance|[upkeep]
|upkeep
|turn|15
|
|t:|1654989962
|move|p1a: Pelipper|Hurricane|p2a: Porygon2
|-damage|p2a: Porygon2|0 fnt
|faint|p2a: Porygon2
|
|-weather|RainDance|[upkeep]
|upkeep
|
|t:|1654989969
|switch|p2a: Melmetal|Melmetal|100/100
|-damage|p2a: Melmetal|76/100|[from] Spikes
|turn|16
|
|t:|1654989979
|switch|p1a: Urshifu|Urshifu-Rapid-Strike, M|88/100
|-damage|p1a: Urshifu|76/100|[from] Spikes
|move|p2a: Melmetal|Thunder Punch|p1a: Urshifu
|-supereffective|p1a: Urshifu
|-crit|p1a: Urshifu
|-damage|p1a: Urshifu|0 fnt
|faint|p1a: Urshifu
|-damage|p2a: Melmetal|66/100|[from] item: Life Orb
|
|-weather|RainDance|[upkeep]
|upkeep
|
|t:|1654989986
|switch|p1a: Garchomp|Garchomp, F, shiny|100/100
|-damage|p1a: Garchomp|88/100|[from] Spikes
|turn|17
|
|t:|1654989991
|move|p1a: Garchomp|Stealth Rock|p2a: Melmetal
|-sidestart|p2: JoJo Reference #10|move: Stealth Rock
|move|p2a: Melmetal|Ice Punch|p1a: Garchomp
|-supereffective|p1a: Garchomp
|-damage|p1a: Garchomp|0 fnt
|-damage|p2a: Melmetal|53/100|[from] ability: Rough Skin|[of] p1a: Garchomp
|faint|p1a: Garchomp
|-damage|p2a: Melmetal|43/100|[from] item: Life Orb
|
|-weather|RainDance|[upkeep]
|upkeep
|
|t:|1654989993
|switch|p1a: Kingdra|Kingdra, M|100/100
|-damage|p1a: Kingdra|88/100|[from] Spikes
|turn|18
|
|t:|1654990013
|move|p1a: Kingdra|Hydro Pump|p2a: Melmetal|[miss]
|-miss|p1a: Kingdra|p2a: Melmetal
|move|p2a: Melmetal|Ice Punch|p1a: Kingdra
|-crit|p1a: Kingdra
|-damage|p1a: Kingdra|0 fnt
|faint|p1a: Kingdra
|-damage|p2a: Melmetal|33/100|[from] item: Life Orb
|
|-weather|RainDance|[upkeep]
|upkeep
|-message|early_human forfeited.
|
|win|JoJo Reference #10
|raw|early_human's rating: 1653 &rarr; <strong>1632</strong><br />(-21 for losing)
|raw|JoJo Reference #10's rating: 1632 &rarr; <strong>1653</strong><br />(+21 for winning)
|l|☆early_human
