|raw|<div class="broadcast-blue"><strong>This battle is required to be public due to a player having a name starting with 'lt92pf'.</div>
|j|‽LT92PF FJ2K
|j|☆Pinkacross
|t:|1659825897
|gametype|singles
|player|p1|LT92PF FJ2K|102|1763
|player|p2|Pinkacross|artist|1843
|teamsize|p1|6
|teamsize|p2|6
|gen|8
|tier|[Gen 8] OU
|rated|
|rule|Sleep Clause Mod: Limit one foe put to sleep
|rule|Species Clause: Limit one of each Pokémon
|rule|OHKO Clause: OHKO moves are banned
|rule|Evasion Items Clause: Evasion items are banned
|rule|Evasion Moves Clause: Evasion moves are banned
|rule|Endless Battle Clause: Forcing endless battles is banned
|rule|HP Percentage Mod: HP is shown in percentages
|rule|Dynamax Clause: You cannot dynamax
|clearpoke
|poke|p1|Tyranitar, M|
|poke|p1|Rotom-Wash|
|poke|p1|Ferrothorn, M|
|poke|p1|Excadrill, M|
|poke|p1|Dragapult, F|
|poke|p1|Clefable, F|
|poke|p2|Ninetales-Alola, F|
|poke|p2|Cloyster, F|
|poke|p2|Landorus-Therian, M|
|poke|p2|Weavile, F|
|poke|p2|Nihilego|
|poke|p2|Volcarona, M|
|teampreview
|inactive|Battle timer is ON: inactive players will automatically lose when time's up. (requested by Pinkacross)
|
|t:|1659825916
|start
|switch|p1a: Clefable|Clefable, F|100/100
|switch|p2a: Weavile|Weavile, F|100/100
|turn|1
|
|t:|1659825919
|move|p2a: Weavile|Swords Dance|p2a: Weavile
|-boost|p2a: Weavile|atk|2
|move|p1a: Clefable|Moonblast|p2a: Weavile
|-supereffective|p2a: Weavile
|-damage|p2a: Weavile|12/100
|
|upkeep
|turn|2
|
|t:|1659825933
|move|p2a: Weavile|Poison Jab|p1a: Clefable
|-supereffective|p1a: Clefable
|-crit|p1a: Clefable
|-damage|p1a: Clefable|0 fnt
|-damage|p2a: Weavile|0 fnt|[from] item: Rocky Helmet|[of] p1a: Clefable
|faint|p1a: Clefable
|faint|p2a: Weavile
|
|upkeep
|
|t:|1659825940
|switch|p2a: Landorus|Landorus-Therian, M|100/100
|switch|p1a: Tyranitar|Tyranitar, M|100/100
|-ability|p2a: Landorus|Intimidate|boost
|-unboost|p1a: Tyranitar|atk|1
|-weather|Sandstorm|[from] ability: Sand Stream|[of] p1a: Tyranitar
|turn|3
|
|t:|1659825942
|switch|p2a: Ninetales|Ninetales-Alola, F|100/100
|-weather|Hail|[from] ability: Snow Warning|[of] p2a: Ninetales
|switch|p1a: Rotom|Rotom-Wash|100/100
|
|-weather|Hail|[upkeep]
|-damage|p1a: Rotom|94/100|[from] Hail
|-heal|p1a: Rotom|100/100|[from] item: Leftovers
|upkeep
|turn|4
|
|t:|1659825950
|move|p2a: Ninetales|Hail||[still]
|-fail|p2a: Ninetales
|move|p1a: Rotom|Volt Switch|p2a: Ninetales
|-damage|p2a: Ninetales|75/100
|
|t:|1659825954
|switch|p1a: Tyranitar|Tyranitar, M|100/100|[from]move: Volt Switch
|-weather|Sandstorm|[from] ability: Sand Stream|[of] p1a: Tyranitar
|
|-weather|Sandstorm|[upkeep]
|-damage|p2a: Ninetales|69/100|[from] Sandstorm
|upkeep
|turn|5
|
|t:|1659825956
|switch|p2a: Nihilego|Nihilego|100/100
|move|p1a: Tyranitar|Stone Edge|p2a: Nihilego
|-damage|p2a: Nihilego|0 fnt
|faint|p2a: Nihilego
|
|-weather|Sandstorm|[upkeep]
|upkeep
|
|t:|1659825958
|switch|p2a: Ninetales|Ninetales-Alola, F|69/100
|-weather|Hail|[from] ability: Snow Warning|[of] p2a: Ninetales
|turn|6
|
|t:|1659825965
|move|p2a: Ninetales|Aurora Veil|p2a: Ninetales
|-sidestart|p2: Pinkacross|move: Aurora Veil
|move|p1a: Tyranitar|Stone Edge|p2a: Ninetales
|-supereffective|p2a: Ninetales
|-damage|p2a: Ninetales|0 fnt
|faint|p2a: Ninetales
|
|-weather|Hail|[upkeep]
|-damage|p1a: Tyranitar|94/100|[from] Hail
|upkeep
|
|t:|1659825968
|switch|p2a: Landorus|Landorus-Therian, M|100/100
|-ability|p2a: Landorus|Intimidate|boost
|-unboost|p1a: Tyranitar|atk|1
|turn|7
|
|t:|1659825971
|switch|p1a: Rotom|Rotom-Wash|100/100
|move|p2a: Landorus|Swords Dance|p2a: Landorus
|-boost|p2a: Landorus|atk|2
|
|-weather|Hail|[upkeep]
|-damage|p1a: Rotom|94/100|[from] Hail
|-damage|p2a: Landorus|95/100|[from] Hail
|-heal|p1a: Rotom|100/100|[from] item: Leftovers
|upkeep
|turn|8
|
|t:|1659825974
|move|p1a: Rotom|Hydro Pump|p2a: Landorus
|-supereffective|p2a: Landorus
|-damage|p2a: Landorus|48/100
|move|p2a: Landorus|Stone Edge|p1a: Rotom
|-crit|p1a: Rotom
|-damage|p1a: Rotom|0 fnt
|faint|p1a: Rotom
|
|-weather|Hail|[upkeep]
|-damage|p2a: Landorus|42/100|[from] Hail
|upkeep
|
|t:|1659825979
|switch|p1a: Dragapult|Dragapult, F|100/100
|turn|9
|
|t:|1659825981
|move|p1a: Dragapult|Shadow Ball|p2a: Landorus
|-damage|p2a: Landorus|0 fnt
|faint|p2a: Landorus
|
|-weather|Hail|[upkeep]
|-damage|p1a: Dragapult|95/100|[from] Hail
|upkeep
|
|t:|1659825983
|switch|p2a: Volcarona|Volcarona, M|100/100
|turn|10
|
|t:|1659825984
|move|p1a: Dragapult|Shadow Ball|p2a: Volcarona
|-damage|p2a: Volcarona|49/100
|-unboost|p2a: Volcarona|spd|1
|move|p2a: Volcarona|Quiver Dance|p2a: Volcarona
|-boost|p2a: Volcarona|spa|1
|-boost|p2a: Volcarona|spd|1
|-boost|p2a: Volcarona|spe|1
|
|-weather|none
|-heal|p2a: Volcarona|55/100|[from] item: Leftovers
|upkeep
|turn|11
|
|t:|1659825987
|move|p1a: Dragapult|Shadow Ball|p2a: Volcarona
|-damage|p2a: Volcarona|5/100
|move|p2a: Volcarona|Quiver Dance|p2a: Volcarona
|-boost|p2a: Volcarona|spa|1
|-boost|p2a: Volcarona|spd|1
|-boost|p2a: Volcarona|spe|1
|
|-heal|p2a: Volcarona|11/100|[from] item: Leftovers
|upkeep
|turn|12
|
|t:|1659825992
|move|p2a: Volcarona|Bug Buzz|p1a: Dragapult
|-resisted|p1a: Dragapult
|-damage|p1a: Dragapult|0 fnt
|faint|p1a: Dragapult
|
|-heal|p2a: Volcarona|17/100|[from] item: Leftovers
|upkeep
|
|t:|1659825995
|switch|p1a: Tyranitar|Tyranitar, M|94/100
|-weather|Sandstorm|[from] ability: Sand Stream|[of] p1a: Tyranitar
|turn|13
|
|t:|1659826001
|move|p2a: Volcarona|Quiver Dance|p2a: Volcarona
|-boost|p2a: Volcarona|spa|1
|-boost|p2a: Volcarona|spd|1
|-boost|p2a: Volcarona|spe|1
|move|p1a: Tyranitar|Crunch|p2a: Volcarona
|-damage|p2a: Volcarona|0 fnt
|faint|p2a: Volcarona
|
|-weather|Sandstorm|[upkeep]
|-sideend|p2: Pinkacross|move: Aurora Veil
|upkeep
|
|t:|1659826002
|switch|p2a: Cloyster|Cloyster, F|100/100
|turn|14
|
|t:|1659826007
|move|p2a: Cloyster|Shell Smash|p2a: Cloyster
|-unboost|p2a: Cloyster|def|1
|-unboost|p2a: Cloyster|spd|1
|-boost|p2a: Cloyster|atk|2
|-boost|p2a: Cloyster|spa|2
|-boost|p2a: Cloyster|spe|2
|move|p1a: Tyranitar|Crunch|p2a: Cloyster
|-damage|p2a: Cloyster|16/100
|-unboost|p2a: Cloyster|def|1
|
|-weather|Sandstorm|[upkeep]
|-damage|p2a: Cloyster|10/100|[from] Sandstorm
|upkeep
|turn|15
|
|t:|1659826010
|move|p2a: Cloyster|Icicle Spear|p1a: Tyranitar
|-damage|p1a: Tyranitar|75/100
|-damage|p1a: Tyranitar|53/100
|-damage|p1a: Tyranitar|32/100
|-crit|p1a: Tyranitar
|-damage|p1a: Tyranitar|0 fnt
|faint|p1a: Tyranitar
|-hitcount|p1: Tyranitar|4
|
|-weather|Sandstorm|[upkeep]
|-damage|p2a: Cloyster|3/100|[from] Sandstorm
|upkeep
|
|t:|1659826011
|switch|p1a: Ferrothorn|Ferrothorn, M|100/100
|turn|16
|c|☆Pinkacross|gg
|
|t:|1659826015
|move|p2a: Cloyster|Icicle Spear|p1a: Ferrothorn
|-damage|p1a: Ferrothorn|84/100
|-damage|p1a: Ferrothorn|68/100
|-damage|p1a: Ferrothorn|51/100
|-damage|p1a: Ferrothorn|35/100
|-damage|p1a: Ferrothorn|18/100
|-hitcount|p1a: Ferrothorn|5
|move|p1a: Ferrothorn|Knock Off|p2a: Cloyster
|-damage|p2a: Cloyster|0 fnt
|-enditem|p2a: Cloyster|Heavy-Duty Boots|[from] move: Knock Off|[of] p1a: Ferrothorn
|faint|p2a: Cloyster
|
|win|LT92PF FJ2K
|raw|LT92PF FJ2K's rating: 1763 &rarr; <strong>1788</strong><br />(+25 for winning)
|raw|Pinkacross's rating: 1843 &rarr; <strong>1818</strong><br />(-25 for losing)
|l|☆Pinkacross
|j|+spoo
||Ladder isn't responding, score probably updated but might not have (Request timeout).
