|j|☆yung_iznamakin
|j|☆Agent Strike
|t:|1647848545
|gametype|singles
|player|p1|yung_iznamakin|ninjaboy|1385
|player|p2|Agent Strike|policeman-gen4|1406
|teamsize|p1|6
|teamsize|p2|6
|gen|8
|tier|[Gen 8] OU
|rated|
|rule|Sleep Clause Mod: Limit one foe put to sleep
|rule|Species Clause: Limit one of each Pokémon
|rule|OHKO Clause: OHKO moves are banned
|rule|Evasion Moves Clause: Evasion moves are banned
|rule|Endless Battle Clause: Forcing endless battles is banned
|rule|HP Percentage Mod: HP is shown in percentages
|rule|Dynamax Clause: You cannot dynamax
|clearpoke
|poke|p1|Heatran, M|
|poke|p1|Landorus-Therian, M|
|poke|p1|Rillaboom, M|
|poke|p1|Hawlucha, M|
|poke|p1|Tapu Lele|
|poke|p1|Weavile, M|
|poke|p2|Toxapex, F|
|poke|p2|Ferrothorn, F|
|poke|p2|Mew|
|poke|p2|Tornadus-Therian, M|
|poke|p2|Gengar, F|
|poke|p2|Volcarona, F|
|teampreview
|inactive|Battle timer is ON: inactive players will automatically lose when time's up. (requested by Agent Strike)
|
|t:|1647848558
|start
|switch|p1a: Weavile|Weavile, M|100/100
|switch|p2a: Ferrothorn|Ferrothorn, F|100/100
|-ability|p1a: Weavile|Pressure
|turn|1
|
|t:|1647848564
|switch|p1a: Landorus|Landorus-Therian, M|100/100
|-ability|p1a: Landorus|Intimidate|boost
|-unboost|p2a: Ferrothorn|atk|1
|switch|p2a: Mew|Mew, shiny|100/100
|
|upkeep
|turn|2
|
|t:|1647848571
|move|p2a: Mew|Ice Beam|p1a: Landorus
|-supereffective|p1a: Landorus
|-damage|p1a: Landorus|8/100
|move|p1a: Landorus|Earthquake|p2a: Mew
|-damage|p2a: Mew|56/100
|
|-heal|p1a: Landorus|14/100|[from] item: Leftovers
|upkeep
|turn|3
|
|t:|1647848579
|switch|p1a: Heatran|Heatran, M|100/100
|move|p2a: Mew|Earth Power|p1a: Heatran
|-supereffective|p1a: Heatran
|-damage|p1a: Heatran|20/100
|
|-heal|p1a: Heatran|26/100|[from] item: Leftovers
|upkeep
|turn|4
|
|t:|1647848587
|move|p2a: Mew|Earth Power|p1a: Heatran
|-supereffective|p1a: Heatran
|-damage|p1a: Heatran|0 fnt
|faint|p1a: Heatran
|
|upkeep
|
|t:|1647848591
|switch|p1a: Rillaboom|Rillaboom, M|100/100
|-fieldstart|move: Grassy Terrain|[from] ability: Grassy Surge|[of] p1a: Rillaboom
|turn|5
|c|☆Agent Strike|You're kinda predictable
|
|t:|1647848605
|switch|p2a: Ferrothorn|Ferrothorn, F|100/100
|move|p1a: Rillaboom|Knock Off|p2a: Ferrothorn
|-damage|p2a: Ferrothorn|72/100
|-damage|p1a: Rillaboom|88/100|[from] ability: Iron Barbs|[of] p2a: Ferrothorn
|-enditem|p2a: Ferrothorn|Leftovers|[from] move: Knock Off|[of] p1a: Rillaboom
|
|-heal|p1a: Rillaboom|94/100|[from] Grassy Terrain
|-heal|p2a: Ferrothorn|79/100|[from] Grassy Terrain
|upkeep
|turn|6
|
|t:|1647848618
|switch|p1a: Landorus|Landorus-Therian, M|14/100
|-ability|p1a: Landorus|Intimidate|boost
|-unboost|p2a: Ferrothorn|atk|1
|move|p2a: Ferrothorn|Knock Off|p1a: Landorus
|-damage|p1a: Landorus|0 fnt
|-enditem|p1a: Landorus|Leftovers|[from] move: Knock Off|[of] p2a: Ferrothorn
|faint|p1a: Landorus
|
|-heal|p2a: Ferrothorn|85/100|[from] Grassy Terrain
|upkeep
|
|t:|1647848627
|switch|p1a: Hawlucha|Hawlucha, M|100/100
|-enditem|p1a: Hawlucha|Grassy Seed
|-boost|p1a: Hawlucha|def|1|[from] item: Grassy Seed
|turn|7
|
|t:|1647848630
|move|p1a: Hawlucha|Swords Dance|p1a: Hawlucha
|-boost|p1a: Hawlucha|atk|2
|move|p2a: Ferrothorn|Thunder Wave|p1a: Hawlucha
|-status|p1a: Hawlucha|par
|
|-heal|p2a: Ferrothorn|91/100|[from] Grassy Terrain
|upkeep
|turn|8
|
|t:|1647848637
|switch|p2a: Toxapex|Toxapex, F, shiny|100/100
|move|p1a: Hawlucha|Acrobatics|p2a: Toxapex
|-damage|p2a: Toxapex|37/100
|-damage|p1a: Hawlucha|84/100 par|[from] item: Rocky Helmet|[of] p2a: Toxapex
|
|-heal|p2a: Toxapex|44/100|[from] Grassy Terrain
|upkeep
|turn|9
|
|t:|1647848645
|cant|p1a: Hawlucha|par
|move|p2a: Toxapex|Haze|p2a: Toxapex
|-clearallboost
|
|-heal|p2a: Toxapex|50/100|[from] Grassy Terrain
|-fieldend|move: Grassy Terrain
|upkeep
|turn|10
|
|t:|1647848651
|cant|p1a: Hawlucha|par
|move|p2a: Toxapex|Recover|p2a: Toxapex
|-heal|p2a: Toxapex|99/100
|
|upkeep
|turn|11
|
|t:|1647848655
|move|p1a: Hawlucha|Swords Dance|p1a: Hawlucha
|-boost|p1a: Hawlucha|atk|2
|move|p2a: Toxapex|Scald|p1a: Hawlucha
|-damage|p1a: Hawlucha|55/100 par
|
|upkeep
|turn|12
|
|t:|1647848660
|move|p1a: Hawlucha|Acrobatics|p2a: Toxapex
|-damage|p2a: Toxapex|35/100
|-damage|p1a: Hawlucha|38/100 par|[from] item: Rocky Helmet|[of] p2a: Toxapex
|move|p2a: Toxapex|Haze|p2a: Toxapex
|-clearallboost
|
|upkeep
|turn|13
|
|t:|1647848666
|move|p1a: Hawlucha|Acrobatics|p2a: Toxapex
|-damage|p2a: Toxapex|7/100
|-damage|p1a: Hawlucha|22/100 par|[from] item: Rocky Helmet|[of] p2a: Toxapex
|move|p2a: Toxapex|Recover|p2a: Toxapex
|-heal|p2a: Toxapex|57/100
|
|upkeep
|turn|14
|
|t:|1647848672
|move|p1a: Hawlucha|Swords Dance|p1a: Hawlucha
|-boost|p1a: Hawlucha|atk|2
|move|p2a: Toxapex|Recover|p2a: Toxapex
|-heal|p2a: Toxapex|100/100
|
|upkeep
|turn|15
|
|t:|1647848677
|move|p1a: Hawlucha|Acrobatics|p2a: Toxapex
|-damage|p2a: Toxapex|36/100
|-damage|p1a: Hawlucha|5/100 par|[from] item: Rocky Helmet|[of] p2a: Toxapex
|move|p2a: Toxapex|Haze|p2a: Toxapex
|-clearallboost
|
|upkeep
|turn|16
|
|t:|1647848683
|move|p1a: Hawlucha|Acrobatics|p2a: Toxapex
|-damage|p2a: Toxapex|8/100
|-damage|p1a: Hawlucha|0 fnt|[from] item: Rocky Helmet|[of] p2a: Toxapex
|faint|p1a: Hawlucha
|move|p2a: Toxapex|Recover|p2a: Toxapex
|-heal|p2a: Toxapex|58/100
|
|upkeep
|
|t:|1647848690
|switch|p1a: Weavile|Weavile, M|100/100
|-ability|p1a: Weavile|Pressure
|turn|17
|
|t:|1647848694
|move|p1a: Weavile|Swords Dance|p1a: Weavile
|-boost|p1a: Weavile|atk|2
|move|p2a: Toxapex|Scald|p1a: Weavile
|-damage|p1a: Weavile|76/100
|
|upkeep
|turn|18
|
|t:|1647848699
|switch|p2a: Ferrothorn|Ferrothorn, F|91/100
|move|p1a: Weavile|Knock Off|p2a: Ferrothorn
|-damage|p2a: Ferrothorn|56/100
|-damage|p1a: Weavile|63/100|[from] ability: Iron Barbs|[of] p2a: Ferrothorn
|
|upkeep
|turn|19
|
|t:|1647848705
|move|p1a: Weavile|Ice Shard|p2a: Ferrothorn
|-damage|p2a: Ferrothorn|35/100
|move|p2a: Ferrothorn|Body Press|p1a: Weavile
|-supereffective|p1a: Weavile
|-damage|p1a: Weavile|0 fnt
|faint|p1a: Weavile
|
|upkeep
|-message|yung_iznamakin forfeited.
|
|win|Agent Strike
|raw|yung_iznamakin's rating: 1385 &rarr; <strong>1366</strong><br />(-19 for losing)
|raw|Agent Strike's rating: 1406 &rarr; <strong>1425</strong><br />(+19 for winning)
|l|☆yung_iznamakin
