|j|‽minimax_ai
|j|☆LT_Alt1
|t:|1668158225
|gametype|singles
|player|p1|minimax_ai|265|1699
|player|p2|LT_Alt1|265|1692
|teamsize|p1|6
|teamsize|p2|6
|gen|8
|tier|[Gen 8] OU
|rated|
|rule|Sleep Clause Mod: Limit one foe put to sleep
|rule|Species Clause: Limit one of each Pokémon
|rule|OHKO Clause: OHKO moves are banned
|rule|Evasion Items Clause: Evasion items are banned
|rule|Evasion Moves Clause: Evasion moves are banned
|rule|Endless Battle Clause: Forcing endless battles is banned
|rule|HP Percentage Mod: HP is shown in percentages
|rule|Dynamax Clause: You cannot dynamax
|clearpoke
|poke|p1|Rotom-Wash|
|poke|p1|Weavile, F|
|poke|p1|Landorus-Therian, M|
|poke|p1|Heatran, M|
|poke|p1|Tangrowth, F|
|poke|p1|Melmetal|
|poke|p2|Alakazam, M|
|poke|p2|Suicune|
|poke|p2|Landorus-Therian, M|
|poke|p2|Ferrothorn, F|
|poke|p2|Victini|
|poke|p2|Dragonite, F|
|teampreview
|inactive|Battle timer is ON: inactive players will automatically lose when time's up. (requested by minimax_ai)
|
|t:|1668158234
|start
|switch|p1a: Landorus|Landorus-Therian, M|100/100
|switch|p2a: Landorus|Landorus-Therian, M|100/100
|-ability|p2a: Landorus|Intimidate|boost
|-unboost|p1a: Landorus|atk|1
|-ability|p1a: Landorus|Intimidate|boost
|-unboost|p2a: Landorus|atk|1
|turn|1
|
|t:|1668158243
|move|p2a: Landorus|Toxic|p1a: Landorus
|-status|p1a: Landorus|tox
|move|p1a: Landorus|Toxic|p2a: Landorus
|-status|p2a: Landorus|tox
|
|-damage|p2a: Landorus|94/100 tox|[from] psn
|-damage|p1a: Landorus|94/100 tox|[from] psn
|upkeep
|turn|2
|
|t:|1668158251
|switch|p1a: Heatran|Heatran, M|100/100
|-item|p1a: Heatran|Air Balloon
|move|p2a: Landorus|U-turn|p1a: Heatran
|-resisted|p1a: Heatran
|-damage|p1a: Heatran|97/100
|-enditem|p1a: Heatran|Air Balloon
|
|t:|1668158260
|switch|p2a: Dragonite|Dragonite, F|100/100|[from]move: U-turn
|
|upkeep
|turn|3
|j| broked on bricks
|
|t:|1668158267
|switch|p2a: Ferrothorn|Ferrothorn, F|100/100
|switch|p1a: Melmetal|Melmetal|100/100
|
|upkeep
|turn|4
|j| ggnhax
|
|t:|1668158274
|switch|p1a: Landorus|Landorus-Therian, M|94/100 tox
|-ability|p1a: Landorus|Intimidate|boost
|-unboost|p2a: Ferrothorn|atk|1
|move|p2a: Ferrothorn|Stealth Rock|p1a: Landorus
|-sidestart|p1: minimax_ai|move: Stealth Rock
|
|-heal|p1a: Landorus|100/100 tox|[from] item: Leftovers
|-damage|p1a: Landorus|94/100 tox|[from] psn
|upkeep
|turn|5
|
|t:|1668158283
|move|p1a: Landorus|Defog|p2a: Ferrothorn
|-unboost|p2a: Ferrothorn|evasion|1
|-sideend|p1: minimax_ai|Stealth Rock|[from] move: Defog|[of] p1a: Landorus
|move|p2a: Ferrothorn|Knock Off|p1a: Landorus
|-damage|p1a: Landorus|82/100 tox
|-enditem|p1a: Landorus|Leftovers|[from] move: Knock Off|[of] p2a: Ferrothorn
|
|-damage|p1a: Landorus|70/100 tox|[from] psn
|upkeep
|turn|6
|
|t:|1668158292
|move|p1a: Landorus|U-turn|p2a: Ferrothorn
|-damage|p2a: Ferrothorn|87/100
|-damage|p1a: Landorus|57/100 tox|[from] ability: Iron Barbs|[of] p2a: Ferrothorn
|
|t:|1668158292
|switch|p1a: Heatran|Heatran, M|97/100|[from]move: U-turn
|move|p2a: Ferrothorn|Stealth Rock|p1a: Heatran
|-sidestart|p1: minimax_ai|move: Stealth Rock
|
|-heal|p2a: Ferrothorn|93/100|[from] item: Leftovers
|upkeep
|turn|7
|
|t:|1668158308
|switch|p2a: Landorus|Landorus-Therian, M|94/100 tox
|-ability|p2a: Landorus|Intimidate|boost
|-unboost|p1a: Heatran|atk|1
|move|p1a: Heatran|Stealth Rock|p2a: Landorus
|-sidestart|p2: LT_Alt1|move: Stealth Rock
|
|-heal|p2a: Landorus|100/100 tox|[from] item: Leftovers
|-damage|p2a: Landorus|94/100 tox|[from] psn
|upkeep
|turn|8
|
|t:|1668158317
|switch|p1a: Rotom|Rotom-Wash|100/100
|-damage|p1a: Rotom|88/100|[from] Stealth Rock
|move|p2a: Landorus|U-turn|p1a: Rotom
|-damage|p1a: Rotom|63/100
|
|t:|1668158324
|switch|p2a: Ferrothorn|Ferrothorn, F|93/100|[from]move: U-turn
|-damage|p2a: Ferrothorn|87/100|[from] Stealth Rock
|
|-heal|p1a: Rotom|69/100|[from] item: Leftovers
|-heal|p2a: Ferrothorn|93/100|[from] item: Leftovers
|upkeep
|turn|9
|
|t:|1668158333
|switch|p1a: Tangrowth|Tangrowth, F|100/100
|-damage|p1a: Tangrowth|88/100|[from] Stealth Rock
|move|p2a: Ferrothorn|Spikes|p1a: Tangrowth
|-sidestart|p1: minimax_ai|Spikes
|
|-heal|p2a: Ferrothorn|99/100|[from] item: Leftovers
|upkeep
|turn|10
|l| ggnhax
|
|t:|1668158349
|move|p1a: Tangrowth|Focus Blast|p2a: Ferrothorn
|-supereffective|p2a: Ferrothorn
|-damage|p2a: Ferrothorn|58/100
|move|p2a: Ferrothorn|Knock Off|p1a: Tangrowth
|-damage|p1a: Tangrowth|77/100
|-damage|p2a: Ferrothorn|41/100|[from] item: Rocky Helmet|[of] p1a: Tangrowth
|-enditem|p1a: Tangrowth|Rocky Helmet|[from] move: Knock Off|[of] p2a: Ferrothorn
|
|-heal|p2a: Ferrothorn|48/100|[from] item: Leftovers
|upkeep
|turn|11
|
|t:|1668158360
|switch|p2a: Landorus|Landorus-Therian, M|94/100 tox
|-damage|p2a: Landorus|82/100 tox|[from] Stealth Rock
|-ability|p2a: Landorus|Intimidate|boost
|-unboost|p1a: Tangrowth|atk|1
|move|p1a: Tangrowth|Focus Blast|p2a: Landorus
|-resisted|p2a: Landorus
|-damage|p2a: Landorus|70/100 tox
|
|-heal|p2a: Landorus|76/100 tox|[from] item: Leftovers
|-damage|p2a: Landorus|70/100 tox|[from] psn
|upkeep
|turn|12
|j| ggnhax
|
|t:|1668158372
|switch|p1a: Rotom|Rotom-Wash|69/100
|-damage|p1a: Rotom|57/100|[from] Stealth Rock
|move|p2a: Landorus|Toxic|p1a: Rotom
|-status|p1a: Rotom|tox
|
|-heal|p1a: Rotom|63/100 tox|[from] item: Leftovers
|-heal|p2a: Landorus|76/100 tox|[from] item: Leftovers
|-damage|p1a: Rotom|57/100 tox|[from] psn
|-damage|p2a: Landorus|64/100 tox|[from] psn
|upkeep
|turn|13
|
|t:|1668158383
|switch|p2a: Ferrothorn|Ferrothorn, F|48/100
|-damage|p2a: Ferrothorn|41/100|[from] Stealth Rock
|move|p1a: Rotom|Hydro Pump|p2a: Ferrothorn
|-resisted|p2a: Ferrothorn
|-damage|p2a: Ferrothorn|24/100
|
|-heal|p1a: Rotom|63/100 tox|[from] item: Leftovers
|-heal|p2a: Ferrothorn|31/100|[from] item: Leftovers
|-damage|p1a: Rotom|50/100 tox|[from] psn
|upkeep
|turn|14
|
|t:|1668158395
|switch|p1a: Tangrowth|Tangrowth, F|100/100
|-damage|p1a: Tangrowth|88/100|[from] Stealth Rock
|-damage|p1a: Tangrowth|76/100|[from] Spikes
|move|p2a: Ferrothorn|Spikes|p1a: Tangrowth
|-sidestart|p1: minimax_ai|Spikes
|
|-heal|p2a: Ferrothorn|37/100|[from] item: Leftovers
|upkeep
|turn|15
|
|t:|1668158404
|switch|p2a: Landorus|Landorus-Therian, M|64/100 tox
|-damage|p2a: Landorus|51/100 tox|[from] Stealth Rock
|-ability|p2a: Landorus|Intimidate|boost
|-unboost|p1a: Tangrowth|atk|1
|move|p1a: Tangrowth|Focus Blast|p2a: Landorus|[miss]
|-miss|p1a: Tangrowth|p2a: Landorus
|
|-heal|p2a: Landorus|57/100 tox|[from] item: Leftovers
|-damage|p2a: Landorus|51/100 tox|[from] psn
|upkeep
|turn|16
|
|t:|1668158415
|move|p2a: Landorus|Toxic|p1a: Tangrowth
|-status|p1a: Tangrowth|tox
|move|p1a: Tangrowth|Knock Off|p2a: Landorus
|-damage|p2a: Landorus|37/100 tox
|-enditem|p2a: Landorus|Leftovers|[from] move: Knock Off|[of] p1a: Tangrowth
|
|-damage|p2a: Landorus|25/100 tox|[from] psn
|-damage|p1a: Tangrowth|70/100 tox|[from] psn
|upkeep
|turn|17
|
|t:|1668158425
|move|p2a: Landorus|U-turn|p1a: Tangrowth
|-supereffective|p1a: Tangrowth
|-crit|p1a: Tangrowth
|-damage|p1a: Tangrowth|32/100 tox
|
|t:|1668158430
|switch|p2a: Ferrothorn|Ferrothorn, F|37/100|[from]move: U-turn
|-damage|p2a: Ferrothorn|31/100|[from] Stealth Rock
|move|p1a: Tangrowth|Knock Off|p2a: Ferrothorn
|-damage|p2a: Ferrothorn|20/100
|-damage|p1a: Tangrowth|20/100 tox|[from] ability: Iron Barbs|[of] p2a: Ferrothorn
|-enditem|p2a: Ferrothorn|Leftovers|[from] move: Knock Off|[of] p1a: Tangrowth
|
|-damage|p1a: Tangrowth|7/100 tox|[from] psn
|upkeep
|turn|18
|j| Ran Kob
|
|t:|1668158441
|move|p1a: Tangrowth|Focus Blast|p2a: Ferrothorn
|-supereffective|p2a: Ferrothorn
|-damage|p2a: Ferrothorn|0 fnt
|faint|p2a: Ferrothorn
|
|-damage|p1a: Tangrowth|0 fnt|[from] psn
|faint|p1a: Tangrowth
|upkeep
|
|t:|1668158463
|switch|p1a: Rotom|Rotom-Wash|50/100 tox
|switch|p2a: Suicune|Suicune|100/100
|-damage|p1a: Rotom|38/100 tox|[from] Stealth Rock
|-damage|p2a: Suicune|88/100|[from] Stealth Rock
|-ability|p2a: Suicune|Pressure
|turn|19
|
|t:|1668158470
|switch|p2a: Landorus|Landorus-Therian, M|25/100 tox
|-damage|p2a: Landorus|13/100 tox|[from] Stealth Rock
|-ability|p2a: Landorus|Intimidate|boost
|-unboost|p1a: Rotom|atk|1
|move|p1a: Rotom|Thunderbolt|p2a: Landorus
|-immune|p2a: Landorus
|
|-heal|p1a: Rotom|44/100 tox|[from] item: Leftovers
|-damage|p1a: Rotom|38/100 tox|[from] psn
|-damage|p2a: Landorus|7/100 tox|[from] psn
|upkeep
|turn|20
|
|t:|1668158481
|move|p1a: Rotom|Hydro Pump|p2a: Landorus
|-supereffective|p2a: Landorus
|-damage|p2a: Landorus|0 fnt
|faint|p2a: Landorus
|
|-heal|p1a: Rotom|44/100 tox|[from] item: Leftovers
|-damage|p1a: Rotom|32/100 tox|[from] psn
|upkeep
|
|t:|1668158490
|switch|p2a: Alakazam|Alakazam, M|100/100
|turn|21
|
|t:|1668158496
|move|p2a: Alakazam|Energy Ball|p1a: Rotom
|-supereffective|p1a: Rotom
|-damage|p1a: Rotom|0 fnt
|faint|p1a: Rotom
|
|upkeep
|
|t:|1668158496
|switch|p1a: Melmetal|Melmetal|100/100
|-damage|p1a: Melmetal|94/100|[from] Stealth Rock
|-damage|p1a: Melmetal|78/100|[from] Spikes
|turn|22
|j| wdz999
|
|t:|1668158510
|move|p2a: Alakazam|Focus Blast|p1a: Melmetal
|-supereffective|p1a: Melmetal
|-damage|p1a: Melmetal|21/100
|move|p1a: Melmetal|Earthquake|p2a: Alakazam
|-damage|p2a: Alakazam|17/100
|
|upkeep
|turn|23
|
|t:|1668158517
|move|p2a: Alakazam|Shadow Ball|p1a: Melmetal
|-damage|p1a: Melmetal|1/100
|move|p1a: Melmetal|Ice Punch|p2a: Alakazam
|-damage|p2a: Alakazam|0 fnt
|faint|p2a: Alakazam
|
|upkeep
|
|t:|1668158525
|switch|p2a: Suicune|Suicune|88/100
|-damage|p2a: Suicune|76/100|[from] Stealth Rock
|-ability|p2a: Suicune|Pressure
|turn|24
|
|t:|1668158530
|move|p2a: Suicune|Scald|p1a: Melmetal
|-damage|p1a: Melmetal|0 fnt
|faint|p1a: Melmetal
|
|upkeep
|
|t:|1668158530
|switch|p1a: Landorus|Landorus-Therian, M|57/100 tox
|-damage|p1a: Landorus|45/100 tox|[from] Stealth Rock
|-ability|p1a: Landorus|Intimidate|boost
|-unboost|p2a: Suicune|atk|1
|turn|25
|
|t:|1668158539
|move|p2a: Suicune|Ice Beam|p1a: Landorus
|-supereffective|p1a: Landorus
|-damage|p1a: Landorus|0 fnt
|faint|p1a: Landorus
|
|upkeep
|
|t:|1668158539
|switch|p1a: Weavile|Weavile, F|100/100
|-damage|p1a: Weavile|76/100|[from] Stealth Rock
|-damage|p1a: Weavile|59/100|[from] Spikes
|-ability|p1a: Weavile|Pressure
|turn|26
|
|t:|1668158550
|move|p1a: Weavile|Knock Off|p2a: Suicune
|-damage|p2a: Suicune|30/100
|-damage|p1a: Weavile|43/100|[from] item: Rocky Helmet|[of] p2a: Suicune
|-enditem|p2a: Suicune|Rocky Helmet|[from] move: Knock Off|[of] p1a: Weavile
|move|p2a: Suicune|Scald|p1a: Weavile
|-damage|p1a: Weavile|8/100
|
|upkeep
|turn|27
|
|t:|1668158559
|move|p1a: Weavile|Knock Off|p2a: Suicune
|-damage|p2a: Suicune|0 fnt
|faint|p2a: Suicune
|
|upkeep
|
|t:|1668158563
|switch|p2a: Dragonite|Dragonite, F|100/100
|turn|28
|
|t:|1668158567
|move|p1a: Weavile|Knock Off|p2a: Dragonite
|-damage|p2a: Dragonite|69/100
|-enditem|p2a: Dragonite|Heavy-Duty Boots|[from] move: Knock Off|[of] p1a: Weavile
|move|p2a: Dragonite|Earthquake|p1a: Weavile
|-damage|p1a: Weavile|0 fnt
|faint|p1a: Weavile
|
|upkeep
|
|t:|1668158567
|switch|p1a: Heatran|Heatran, M|97/100
|-damage|p1a: Heatran|84/100|[from] Stealth Rock
|-damage|p1a: Heatran|68/100|[from] Spikes
|turn|29
|l| broked on bricks
|
|t:|1668158578
|move|p2a: Dragonite|Earthquake|p1a: Heatran
|-supereffective|p1a: Heatran
|-damage|p1a: Heatran|0 fnt
|faint|p1a: Heatran
|
|win|LT_Alt1
|raw|minimax_ai's rating: 1699 &rarr; <strong>1679</strong><br />(-20 for losing)
|raw|LT_Alt1's rating: 1692 &rarr; <strong>1712</strong><br />(+20 for winning)
|l|‽minimax_ai
|l| wdz999
|l| Ran Kob
||Ladder isn't responding, score probably updated but might not have (Request timeout).
