|raw|<div class="broadcast-blue"><strong>This battle is required to be public due to a player having a name prefixed by 'LT71LX'.</div>
|j|☆Ayante
|j|☆LT71LX Sagiri
|t:|1596685009
|player|p1|Ayante|koga|1647
|player|p2|LT71LX Sagiri|winona-gen6|1701
|teamsize|p1|6
|teamsize|p2|6
|gametype|singles
|gen|8
|tier|[Gen 8] OU
|rated|
|clearpoke
|poke|p1|Urshifu-*, F|
|poke|p1|Alakazam, M|
|poke|p1|Clefable, F|
|poke|p1|Haxorus, F|
|poke|p1|Corviknight, M|
|poke|p1|Weezing-Galar, M|
|poke|p2|Sandaconda, F|
|poke|p2|Excadrill, M|
|poke|p2|Togekiss, M|
|poke|p2|Urshifu-*, M|
|poke|p2|Cloyster, M|
|poke|p2|Volcarona, F|
|rule|Sleep Clause Mod: Limit one foe put to sleep
|rule|Species Clause: Limit one of each Pokémon
|rule|OHKO Clause: OHKO moves are banned
|rule|Evasion Moves Clause: Evasion moves are banned
|rule|Endless Battle Clause: Forcing endless battles is banned
|rule|HP Percentage Mod: HP is shown in percentages
|rule|Dynamax Clause: You cannot dynamax
|teampreview
|
|t:|1596685032
|start
|switch|p1a: Alakazam|Alakazam, M|100/100
|switch|p2a: Sandaconda|Sandaconda, F|100/100
|turn|1
|
|t:|1596685043
|move|p1a: Alakazam|Psychic|p2a: Sandaconda
|-damage|p2a: Sandaconda|4/100
|-weather|Sandstorm|[from] ability: Sand Spit|[of] p2a: Sandaconda
|move|p2a: Sandaconda|Glare|p1a: Alakazam
|-status|p1a: Alakazam|par
|
|-weather|Sandstorm|[upkeep]
|upkeep
|turn|2
|
|t:|1596685053
|move|p2a: Sandaconda|Stealth Rock|p1a: Alakazam
|-sidestart|p1: Ayante|move: Stealth Rock
|cant|p1a: Alakazam|par
|
|-weather|Sandstorm|[upkeep]
|upkeep
|turn|3
|
|t:|1596685062
|move|p2a: Sandaconda|Rock Tomb|p1a: Alakazam
|-damage|p1a: Alakazam|46/100 par
|-unboost|p1a: Alakazam|spe|1
|move|p1a: Alakazam|Dazzling Gleam|p2a: Sandaconda
|-damage|p2a: Sandaconda|0 fnt
|faint|p2a: Sandaconda
|
|-weather|Sandstorm|[upkeep]
|upkeep
|
|t:|1596685074
|switch|p2a: Volcarona|Volcarona, F|100/100
|turn|4
|
|t:|1596685079
|move|p2a: Volcarona|Quiver Dance|p2a: Volcarona
|-boost|p2a: Volcarona|spa|1
|-boost|p2a: Volcarona|spd|1
|-boost|p2a: Volcarona|spe|1
|move|p1a: Alakazam|Psyshock|p2a: Volcarona
|-damage|p2a: Volcarona|12/100
|
|-weather|Sandstorm|[upkeep]
|-damage|p2a: Volcarona|6/100|[from] Sandstorm
|upkeep
|turn|5
|
|t:|1596685095
|move|p2a: Volcarona|Fiery Dance|p1a: Alakazam
|-damage|p1a: Alakazam|0 fnt
|-boost|p2a: Volcarona|spa|1
|faint|p1a: Alakazam
|
|-weather|Sandstorm|[upkeep]
|-damage|p2a: Volcarona|0 fnt|[from] Sandstorm
|faint|p2a: Volcarona
|upkeep
|
|t:|1596685110
|switch|p1a: Weezing|Weezing-Galar, M|100/100
|switch|p2a: Togekiss|Togekiss, M|100/100
|-ability|p1a: Weezing|Neutralizing Gas
|-damage|p1a: Weezing|88/100|[from] Stealth Rock
|turn|6
|
|t:|1596685127
|switch|p1a: Corviknight|Corviknight, M|100/100
|-damage|p1a: Corviknight|88/100|[from] Stealth Rock
|-ability|p1a: Corviknight|Pressure
|move|p2a: Togekiss|Air Slash|p1a: Corviknight
|-resisted|p1a: Corviknight
|-damage|p1a: Corviknight|75/100
|
|-weather|Sandstorm|[upkeep]
|-damage|p2a: Togekiss|94/100|[from] Sandstorm
|-heal|p1a: Corviknight|81/100|[from] item: Leftovers
|upkeep
|turn|7
|
|t:|1596685140
|move|p2a: Togekiss|Air Slash|p1a: Corviknight
|-resisted|p1a: Corviknight
|-damage|p1a: Corviknight|69/100
|cant|p1a: Corviknight|flinch
|
|-weather|Sandstorm|[upkeep]
|-damage|p2a: Togekiss|88/100|[from] Sandstorm
|-heal|p1a: Corviknight|75/100|[from] item: Leftovers
|upkeep
|turn|8
|
|t:|1596685149
|move|p2a: Togekiss|Air Slash|p1a: Corviknight
|-resisted|p1a: Corviknight
|-damage|p1a: Corviknight|63/100
|move|p1a: Corviknight|Bulk Up|p1a: Corviknight
|-boost|p1a: Corviknight|atk|1
|-boost|p1a: Corviknight|def|1
|
|-weather|none
|-heal|p1a: Corviknight|69/100|[from] item: Leftovers
|upkeep
|turn|9
|
|t:|1596685158
|move|p2a: Togekiss|Nasty Plot|p2a: Togekiss
|-boost|p2a: Togekiss|spa|2
|move|p1a: Corviknight|Roost|p1a: Corviknight
|-heal|p1a: Corviknight|100/100
|-singleturn|p1a: Corviknight|move: Roost
|
|upkeep
|turn|10
|
|t:|1596685187
|move|p2a: Togekiss|Air Slash|p1a: Corviknight
|-resisted|p1a: Corviknight
|-damage|p1a: Corviknight|74/100
|move|p1a: Corviknight|Brave Bird|p2a: Togekiss
|-damage|p2a: Togekiss|23/100
|-enditem|p2a: Togekiss|Salac Berry|[eat]
|-boost|p2a: Togekiss|spe|1|[from] item: Salac Berry
|-damage|p1a: Corviknight|57/100|[from] Recoil
|
|-heal|p1a: Corviknight|63/100|[from] item: Leftovers
|upkeep
|turn|11
|
|t:|1596685202
|move|p2a: Togekiss|Flamethrower|p1a: Corviknight
|-supereffective|p1a: Corviknight
|-damage|p1a: Corviknight|0 fnt
|faint|p1a: Corviknight
|
|upkeep
|
|t:|1596685214
|switch|p1a: Haxorus|Haxorus, F|100/100
|-damage|p1a: Haxorus|88/100|[from] Stealth Rock
|-ability|p1a: Haxorus|Mold Breaker
|turn|12
|
|t:|1596685220
|move|p1a: Haxorus|Poison Jab|p2a: Togekiss
|-supereffective|p2a: Togekiss
|-damage|p2a: Togekiss|0 fnt
|faint|p2a: Togekiss
|
|upkeep
|
|t:|1596685232
|switch|p2a: Cloyster|Cloyster, M|100/100
|turn|13
|
|t:|1596685249
|move|p1a: Haxorus|Poison Jab|p2a: Cloyster
|-damage|p2a: Cloyster|74/100
|move|p2a: Cloyster|Shell Smash|p2a: Cloyster
|-unboost|p2a: Cloyster|def|1
|-unboost|p2a: Cloyster|spd|1
|-boost|p2a: Cloyster|atk|2
|-boost|p2a: Cloyster|spa|2
|-boost|p2a: Cloyster|spe|2
|
|upkeep
|turn|14
|
|t:|1596685259
|move|p2a: Cloyster|Ice Shard|p1a: Haxorus
|-supereffective|p1a: Haxorus
|-damage|p1a: Haxorus|0 fnt
|faint|p1a: Haxorus
|
|upkeep
|
|t:|1596685284
|switch|p1a: Weezing|Weezing-Galar, M|88/100
|-ability|p1a: Weezing|Neutralizing Gas
|-damage|p1a: Weezing|76/100|[from] Stealth Rock
|turn|15
|
|t:|1596685291
|move|p2a: Cloyster|Icicle Spear|p1a: Weezing
|-damage|p1a: Weezing|61/100
|-damage|p1a: Weezing|47/100
|-damage|p1a: Weezing|33/100
|-hitcount|p1a: Weezing|3
|move|p1a: Weezing|Strange Steam|p2a: Cloyster
|-damage|p2a: Cloyster|0 fnt
|faint|p2a: Cloyster
|
|-heal|p1a: Weezing|39/100|[from] item: Black Sludge
|upkeep
|
|t:|1596685295
|switch|p2a: Urshifu|Urshifu, M|100/100
|turn|16
|
|t:|1596685312
|move|p2a: Urshifu|Wicked Blow|p1a: Weezing
|-resisted|p1a: Weezing
|-crit|p1a: Weezing
|-damage|p1a: Weezing|13/100
|-damage|p2a: Urshifu|91/100|[from] item: Life Orb
|move|p1a: Weezing|Strange Steam|p2a: Urshifu
|-supereffective|p2a: Urshifu
|-damage|p2a: Urshifu|0 fnt
|faint|p2a: Urshifu
|
|-heal|p1a: Weezing|19/100|[from] item: Black Sludge
|upkeep
|
|t:|1596685314
|switch|p2a: Excadrill|Excadrill, M|100/100
|turn|17
|
|t:|1596685332
|move|p2a: Excadrill|Rapid Spin|p1a: Weezing
|-damage|p1a: Weezing|4/100
|-boost|p2a: Excadrill|spe|1
|-damage|p2a: Excadrill|91/100|[from] item: Life Orb
|move|p1a: Weezing|Strange Steam|p2a: Excadrill
|-resisted|p2a: Excadrill
|-damage|p2a: Excadrill|72/100
|
|-heal|p1a: Weezing|10/100|[from] item: Black Sludge
|upkeep
|turn|18
|
|t:|1596685343
|move|p2a: Excadrill|Swords Dance|p2a: Excadrill
|-boost|p2a: Excadrill|atk|2
|move|p1a: Weezing|Strange Steam|p2a: Excadrill
|-resisted|p2a: Excadrill
|-damage|p2a: Excadrill|54/100
|
|-heal|p1a: Weezing|16/100|[from] item: Black Sludge
|upkeep
|turn|19
|
|t:|1596685351
|move|p2a: Excadrill|Iron Head|p1a: Weezing
|-supereffective|p1a: Weezing
|-damage|p1a: Weezing|0 fnt
|-damage|p2a: Excadrill|44/100|[from] item: Life Orb
|faint|p1a: Weezing
|
|upkeep
|
|t:|1596685358
|switch|p1a: Urshifu|Urshifu, F|100/100
|-damage|p1a: Urshifu|94/100|[from] Stealth Rock
|turn|20
|
|t:|1596685364
|move|p2a: Excadrill|Swords Dance|p2a: Excadrill
|-boost|p2a: Excadrill|atk|2
|move|p1a: Urshifu|Wicked Blow|p2a: Excadrill
|-crit|p2a: Excadrill
|-damage|p2a: Excadrill|0 fnt
|faint|p2a: Excadrill
|
|win|Ayante
|raw|Ayante's rating: 1647 &rarr; <strong>1670</strong><br />(+23 for winning)
|raw|LT71LX Sagiri's rating: 1701 &rarr; <strong>1678</strong><br />(-23 for losing)
|l|☆LT71LX Sagiri
