|raw|<div class="broadcast-blue"><strong>This battle is required to be public due to a player having a name starting with 'lt93oq'.</div>
|j|‽kinetic chain
|j|☆LT93OQ Eeveeolence
|t:|1660557991
|gametype|singles
|player|p1|kinetic chain|silver-gen2|1800
|player|p2|LT93OQ Eeveeolence|acetrainersnow|1877
|teamsize|p1|6
|teamsize|p2|6
|gen|8
|tier|[Gen 8] OU
|rated|
|rule|Sleep Clause Mod: Limit one foe put to sleep
|rule|Species Clause: Limit one of each Pokémon
|rule|OHKO Clause: OHKO moves are banned
|rule|Evasion Items Clause: Evasion items are banned
|rule|Evasion Moves Clause: Evasion moves are banned
|rule|Endless Battle Clause: Forcing endless battles is banned
|rule|HP Percentage Mod: HP is shown in percentages
|rule|Dynamax Clause: You cannot dynamax
|clearpoke
|poke|p1|Dragapult, F|
|poke|p1|Tapu Fini|
|poke|p1|Zapdos|
|poke|p1|Melmetal|
|poke|p1|Landorus-Therian, M|
|poke|p1|Dragonite, F|
|poke|p2|Volcanion|
|poke|p2|Landorus-Therian, M|
|poke|p2|Primarina, F|
|poke|p2|Scizor, M|
|poke|p2|Weavile, F|
|poke|p2|Zapdos|
|teampreview
|inactive|Battle timer is ON: inactive players will automatically lose when time's up. (requested by kinetic chain)
|
|t:|1660558009
|start
|switch|p1a: Tapu Fini|Tapu Fini|100/100
|switch|p2a: Hefesto|Volcanion|100/100
|-fieldstart|move: Misty Terrain|[from] ability: Misty Surge|[of] p1a: Tapu Fini
|turn|1
|
|t:|1660558015
|move|p1a: Tapu Fini|Nature's Madness|p2a: Hefesto
|-damage|p2a: Hefesto|51/100
|move|p2a: Hefesto|Sludge Wave|p1a: Tapu Fini
|-supereffective|p1a: Tapu Fini
|-damage|p1a: Tapu Fini|41/100
|
|-heal|p1a: Tapu Fini|47/100|[from] item: Leftovers
|upkeep
|turn|2
|
|t:|1660558036
|move|p1a: Tapu Fini|Knock Off|p2a: Hefesto
|-damage|p2a: Hefesto|36/100
|-enditem|p2a: Hefesto|Assault Vest|[from] move: Knock Off|[of] p1a: Tapu Fini
|move|p2a: Hefesto|Sludge Wave|p1a: Tapu Fini
|-supereffective|p1a: Tapu Fini
|-damage|p1a: Tapu Fini|0 fnt
|faint|p1a: Tapu Fini
|
|upkeep
|
|t:|1660558044
|switch|p1a: Dragapult|Dragapult, F|100/100
|turn|3
|j| Kyurem
|j| StarGalxie
|j| Bushido Black
|
|t:|1660558054
|move|p1a: Dragapult|Shadow Ball|p2a: Hefesto
|-damage|p2a: Hefesto|0 fnt
|faint|p2a: Hefesto
|
|upkeep
|
|t:|1660558055
|switch|p2a: Comaligna|Weavile, F|100/100
|-ability|p2a: Comaligna|Pressure
|turn|4
|
|t:|1660558060
|switch|p1a: Zapdos|Zapdos|100/100
|move|p2a: Comaligna|Knock Off|p1a: Zapdos
|-damage|p1a: Zapdos|13/100
|-enditem|p1a: Zapdos|Heavy-Duty Boots|[from] move: Knock Off|[of] p2a: Comaligna
|
|upkeep
|turn|5
|
|t:|1660558068
|move|p2a: Comaligna|Knock Off|p1a: Zapdos
|-damage|p1a: Zapdos|0 fnt
|faint|p1a: Zapdos
|
|-fieldend|Misty Terrain
|upkeep
|j| lt93oq empo
|
|t:|1660558071
|switch|p1a: Melmetal|Melmetal|100/100
|turn|6
|j| oakdeon
|
|t:|1660558078
|switch|p2a: Sr. Recortes|Scizor, M|100/100
|move|p1a: Melmetal|Toxic|p2a: Sr. Recortes
|-immune|p2a: Sr. Recortes
|
|upkeep
|turn|7
|j| Cono de la Correze
|j| rheysali
|
|t:|1660558083
|switch|p1a: Landorus|Landorus-Therian, M|100/100
|-ability|p1a: Landorus|Intimidate|boost
|-unboost|p2a: Sr. Recortes|atk|1
|move|p2a: Sr. Recortes|U-turn|p1a: Landorus
|-resisted|p1a: Landorus
|-damage|p1a: Landorus|90/100
|
|t:|1660558087
|switch|p2a: Comaligna|Weavile, F|100/100|[from]move: U-turn
|-ability|p2a: Comaligna|Pressure
|
|-heal|p1a: Landorus|96/100|[from] item: Leftovers
|upkeep
|turn|8
|
|t:|1660558089
|switch|p1a: Melmetal|Melmetal|100/100
|move|p2a: Comaligna|Knock Off|p1a: Melmetal
|-damage|p1a: Melmetal|56/100
|-enditem|p1a: Melmetal|Leftovers|[from] move: Knock Off|[of] p2a: Comaligna
|
|upkeep
|turn|9
|
|t:|1660558092
|switch|p2a: Sr. Recortes|Scizor, M|100/100
|switch|p1a: Landorus|Landorus-Therian, M|96/100
|-ability|p1a: Landorus|Intimidate|boost
|-unboost|p2a: Sr. Recortes|atk|1
|
|-heal|p1a: Landorus|100/100|[from] item: Leftovers
|upkeep
|turn|10
|
|t:|1660558095
|switch|p2a: Landlord|Landorus-Therian, M|100/100
|-ability|p2a: Landlord|Intimidate|boost
|-unboost|p1a: Landorus|atk|1
|move|p1a: Landorus|Stealth Rock|p2a: Landlord
|-sidestart|p2: LT93OQ Eeveeolence|move: Stealth Rock
|
|upkeep
|turn|11
|
|t:|1660558097
|move|p1a: Landorus|Toxic|p2a: Landlord
|-status|p2a: Landlord|tox
|move|p2a: Landlord|Defog|p1a: Landorus
|-unboost|p1a: Landorus|evasion|1
|-sideend|p2: LT93OQ Eeveeolence|Stealth Rock|[from] move: Defog|[of] p2a: Landlord
|
|-damage|p2a: Landlord|94/100 tox|[from] psn
|upkeep
|turn|12
|
|t:|1660558100
|move|p1a: Landorus|Stealth Rock|p2a: Landlord
|-sidestart|p2: LT93OQ Eeveeolence|move: Stealth Rock
|move|p2a: Landlord|Toxic|p1a: Landorus
|-status|p1a: Landorus|tox
|
|-heal|p2a: Landlord|100/100 tox|[from] item: Leftovers
|-damage|p1a: Landorus|94/100 tox|[from] psn
|-damage|p2a: Landlord|88/100 tox|[from] psn
|upkeep
|turn|13
|
|t:|1660558103
|move|p1a: Landorus|U-turn|p2a: Landlord
|-resisted|p2a: Landlord
|-damage|p2a: Landlord|81/100 tox
|
|t:|1660558104
|switch|p1a: Dragapult|Dragapult, F|100/100|[from]move: U-turn
|move|p2a: Landlord|Defog|p1a: Dragapult
|-unboost|p1a: Dragapult|evasion|1
|-sideend|p2: LT93OQ Eeveeolence|Stealth Rock|[from] move: Defog|[of] p2a: Landlord
|
|-heal|p2a: Landlord|87/100 tox|[from] item: Leftovers
|-damage|p2a: Landlord|69/100 tox|[from] psn
|upkeep
|turn|14
|
|t:|1660558110
|move|p1a: Dragapult|Shadow Ball|p2a: Landlord
|-damage|p2a: Landlord|30/100 tox
|move|p2a: Landlord|Toxic|p1a: Dragapult
|-status|p1a: Dragapult|tox
|
|-heal|p2a: Landlord|36/100 tox|[from] item: Leftovers
|-damage|p1a: Dragapult|95/100 tox|[from] psn
|-damage|p2a: Landlord|12/100 tox|[from] psn
|upkeep
|turn|15
|
|t:|1660558113
|switch|p2a: Comaligna|Weavile, F|100/100
|-ability|p2a: Comaligna|Pressure
|move|p1a: Dragapult|Shadow Ball|p2a: Comaligna
|-resisted|p2a: Comaligna
|-damage|p2a: Comaligna|62/100
|
|-damage|p1a: Dragapult|83/100 tox|[from] psn
|upkeep
|turn|16
|j| ShowMix
|
|t:|1660558118
|switch|p1a: Melmetal|Melmetal|56/100
|move|p2a: Comaligna|Knock Off|p1a: Melmetal
|-damage|p1a: Melmetal|24/100
|
|upkeep
|turn|17
|
|t:|1660558123
|move|p2a: Comaligna|Knock Off|p1a: Melmetal
|-damage|p1a: Melmetal|0 fnt
|faint|p1a: Melmetal
|
|upkeep
|j| storm zone
|
|t:|1660558126
|switch|p1a: Dragapult|Dragapult, F|83/100 tox
|turn|18
|
|t:|1660558130
|switch|p2a: Landlord|Landorus-Therian, M|12/100 tox
|-ability|p2a: Landlord|Intimidate|boost
|-unboost|p1a: Dragapult|atk|1
|move|p1a: Dragapult|Shadow Ball|p2a: Landlord
|-damage|p2a: Landlord|0 fnt
|faint|p2a: Landlord
|
|-damage|p1a: Dragapult|77/100 tox|[from] psn
|upkeep
|
|t:|1660558132
|switch|p2a: Comaligna|Weavile, F|62/100
|-ability|p2a: Comaligna|Pressure
|turn|19
|
|t:|1660558137
|switch|p1a: Landorus|Landorus-Therian, M|94/100 tox
|-ability|p1a: Landorus|Intimidate|boost
|-unboost|p2a: Comaligna|atk|1
|move|p2a: Comaligna|Ice Shard|p1a: Landorus
|-supereffective|p1a: Landorus
|-damage|p1a: Landorus|15/100 tox
|
|-heal|p1a: Landorus|21/100 tox|[from] item: Leftovers
|-damage|p1a: Landorus|15/100 tox|[from] psn
|upkeep
|turn|20
|
|t:|1660558140
|move|p2a: Comaligna|Ice Shard|p1a: Landorus
|-supereffective|p1a: Landorus
|-damage|p1a: Landorus|0 fnt
|faint|p1a: Landorus
|
|upkeep
|-message|kinetic chain forfeited.
|
|win|LT93OQ Eeveeolence
|raw|kinetic chain's rating: 1800 &rarr; <strong>1784</strong><br />(-16 for losing)
|raw|LT93OQ Eeveeolence's rating: 1877 &rarr; <strong>1893</strong><br />(+16 for winning)
|l|‽kinetic chain
|j| LT93OQ TROP CHAUD
|l|☆LT93OQ Eeveeolence
|l| ShowMix
|l| oakdeon
|l| LT93OQ TROP CHAUD
|l| Bushido Black
|j| Volcaronium
|l| Volcaronium
|l| Cono de la Correze
|l| StarGalxie
|l| lt93oq empo
|j| Keblar
|l| Keblar
|j| LT92PF Jobless
|l| LT92PF Jobless
|l| rheysali
