|j|☆NikGk
|j|☆Alu9204
|t:|1644766812
|gametype|singles
|player|p1|NikGk|lucas|1409
|player|p2|Alu9204|burglar|1416
|teamsize|p1|6
|teamsize|p2|6
|gen|8
|tier|[Gen 8] OU
|rated|
|rule|Sleep Clause Mod: Limit one foe put to sleep
|rule|Species Clause: Limit one of each Pokémon
|rule|OHKO Clause: OHKO moves are banned
|rule|Evasion Moves Clause: Evasion moves are banned
|rule|Endless Battle Clause: Forcing endless battles is banned
|rule|HP Percentage Mod: HP is shown in percentages
|rule|Dynamax Clause: You cannot dynamax
|clearpoke
|poke|p1|Inteleon, M|
|poke|p1|Ninetales-Alola, F|
|poke|p1|Shuckle, F|
|poke|p1|Corviknight, M|
|poke|p1|Toxtricity, M|
|poke|p1|Mew|
|poke|p2|Kartana|
|poke|p2|Slowbro, M|
|poke|p2|Zapdos|
|poke|p2|Weavile, F|
|poke|p2|Garchomp, F|
|poke|p2|Landorus-Therian, M|
|teampreview
|j| De5tr0yr
|j| Flying Ducheman
|l| De5tr0yr
|inactive|Battle timer is ON: inactive players will automatically lose when time's up. (requested by Alu9204)
|
|t:|1644766850
|start
|switch|p1a: Corviknight|Corviknight, M|100/100
|switch|p2a: Landorus|Landorus-Therian, M|100/100
|-ability|p1a: Corviknight|Pressure
|-ability|p2a: Landorus|Intimidate|boost
|-unboost|p1a: Corviknight|atk|1
|turn|1
|
|t:|1644766859
|move|p1a: Corviknight|Bulk Up|p1a: Corviknight
|-boost|p1a: Corviknight|atk|1
|-boost|p1a: Corviknight|def|1
|move|p2a: Landorus|Stealth Rock|p1a: Corviknight
|-sidestart|p1: NikGk|move: Stealth Rock
|
|upkeep
|turn|2
|
|t:|1644766865
|move|p1a: Corviknight|Agility|p1a: Corviknight
|-boost|p1a: Corviknight|spe|2
|move|p2a: Landorus|U-turn|p1a: Corviknight
|-resisted|p1a: Corviknight
|-damage|p1a: Corviknight|97/100
|
|t:|1644766868
|switch|p2a: Zapdos|Zapdos|100/100|[from]move: U-turn
|
|upkeep
|turn|3
|
|t:|1644766873
|move|p1a: Corviknight|Bulk Up|p1a: Corviknight
|-boost|p1a: Corviknight|atk|1
|-boost|p1a: Corviknight|def|1
|move|p2a: Zapdos|Heat Wave|p1a: Corviknight
|-supereffective|p1a: Corviknight
|-crit|p1a: Corviknight
|-damage|p1a: Corviknight|16/100
|-enditem|p1a: Corviknight|Weakness Policy
|-boost|p1a: Corviknight|atk|2|[from] item: Weakness Policy
|-boost|p1a: Corviknight|spa|2|[from] item: Weakness Policy
|
|upkeep
|turn|4
|
|t:|1644766884
|move|p1a: Corviknight|Power Trip|p2a: Zapdos
|-damage|p2a: Zapdos|0 fnt
|faint|p2a: Zapdos
|
|upkeep
|
|t:|1644766892
|switch|p2a: Kartana|Kartana|100/100
|turn|5
|
|t:|1644766899
|move|p2a: Kartana|Knock Off|p1a: Corviknight
|-damage|p1a: Corviknight|4/100
|move|p1a: Corviknight|Power Trip|p2a: Kartana
|-damage|p2a: Kartana|0 fnt
|faint|p2a: Kartana
|
|upkeep
|
|t:|1644766906
|switch|p2a: Weavile|Weavile, F|100/100
|-ability|p2a: Weavile|Pressure
|turn|6
|
|t:|1644766913
|move|p2a: Weavile|Ice Shard|p1a: Corviknight
|-damage|p1a: Corviknight|0 fnt
|faint|p1a: Corviknight
|
|upkeep
|
|t:|1644766924
|switch|p1a: Ninetales|Ninetales-Alola, F, shiny|100/100
|-damage|p1a: Ninetales|76/100|[from] Stealth Rock
|-weather|Hail|[from] ability: Snow Warning|[of] p1a: Ninetales
|turn|7
|
|t:|1644766939
|move|p2a: Weavile|Swords Dance|p2a: Weavile
|-boost|p2a: Weavile|atk|2
|move|p1a: Ninetales|Aurora Veil|p1a: Ninetales
|-sidestart|p1: NikGk|move: Aurora Veil
|
|-weather|Hail|[upkeep]
|upkeep
|turn|8
|-message|Alu9204 forfeited.
|
|win|NikGk
|raw|NikGk's rating: 1409 &rarr; <strong>1429</strong><br />(+20 for winning)
|raw|Alu9204's rating: 1416 &rarr; <strong>1396</strong><br />(-20 for losing)
|l|☆Alu9204
||Ladder isn't responding, score probably updated but might not have (Request timeout).
