|raw|<div class="broadcast-blue"><strong>This battle is required to be public due to a player having a name starting with 'lt91bb'.</div>
|j|☆Lt91bb Pokeglace17
|j|☆tirkys
|t:|1659489647
|gametype|singles
|player|p1|Lt91bb Pokeglace17|koga-gen2|1705
|player|p2|tirkys|hilda|1696
|teamsize|p1|6
|teamsize|p2|6
|gen|8
|tier|[Gen 8] OU
|rated|
|rule|Sleep Clause Mod: Limit one foe put to sleep
|rule|Species Clause: Limit one of each Pokémon
|rule|OHKO Clause: OHKO moves are banned
|rule|Evasion Moves Clause: Evasion moves are banned
|rule|Endless Battle Clause: Forcing endless battles is banned
|rule|HP Percentage Mod: HP is shown in percentages
|rule|Dynamax Clause: You cannot dynamax
|clearpoke
|poke|p1|Thundurus, M|
|poke|p1|Tapu Koko|
|poke|p1|Victini|
|poke|p1|Ferrothorn, F|
|poke|p1|Rotom-Wash|
|poke|p1|Landorus-Therian, M|
|poke|p2|Volcarona, F|
|poke|p2|Quagsire, M|
|poke|p2|Xatu, F|
|poke|p2|Mantine, F|
|poke|p2|Ferrothorn, F|
|poke|p2|Ninetales-Alola, M|
|teampreview
|inactive|Battle timer is ON: inactive players will automatically lose when time's up. (requested by tirkys)
|
|t:|1659489678
|start
|switch|p1a: Victini|Victini|100/100
|switch|p2a: StarPlatinum|Quagsire, M, shiny|100/100
|turn|1
|
|t:|1659489682
|switch|p2a: CatchTheRainbow|Mantine, F|100/100
|move|p1a: Victini|U-turn|p2a: CatchTheRainbow
|-resisted|p2a: CatchTheRainbow
|-damage|p2a: CatchTheRainbow|90/100
|
|t:|1659489688
|switch|p1a: Thundurus|Thundurus, M|100/100|[from]move: U-turn
|
|-heal|p2a: CatchTheRainbow|96/100|[from] item: Leftovers
|upkeep
|turn|2
|
|t:|1659489694
|switch|p2a: StarPlatinum|Quagsire, M, shiny|100/100
|move|p1a: Thundurus|Knock Off|p2a: StarPlatinum
|-damage|p2a: StarPlatinum|80/100
|-enditem|p2a: StarPlatinum|Leftovers|[from] move: Knock Off|[of] p1a: Thundurus
|
|upkeep
|turn|3
|
|t:|1659489712
|switch|p1a: Ferrothorn|Ferrothorn, F|100/100
|move|p2a: StarPlatinum|Scald|p1a: Ferrothorn
|-resisted|p1a: Ferrothorn
|-damage|p1a: Ferrothorn|92/100
|
|-heal|p1a: Ferrothorn|98/100|[from] item: Leftovers
|upkeep
|turn|4
|
|t:|1659489725
|switch|p2a: ManInTheMirror|Xatu, F|100/100
|move|p1a: Ferrothorn|Knock Off|p2a: ManInTheMirror
|-supereffective|p2a: ManInTheMirror
|-damage|p2a: ManInTheMirror|42/100
|-damage|p1a: Ferrothorn|81/100|[from] item: Rocky Helmet|[of] p2a: ManInTheMirror
|-enditem|p2a: ManInTheMirror|Rocky Helmet|[from] move: Knock Off|[of] p1a: Ferrothorn
|
|-heal|p1a: Ferrothorn|88/100|[from] item: Leftovers
|upkeep
|turn|5
|
|t:|1659489736
|switch|p1a: Victini|Victini|100/100
|move|p2a: ManInTheMirror|Roost|p2a: ManInTheMirror
|-heal|p2a: ManInTheMirror|92/100
|-singleturn|p2a: ManInTheMirror|move: Roost
|
|upkeep
|turn|6
|
|t:|1659489747
|switch|p2a: StarPlatinum|Quagsire, M, shiny|80/100
|move|p1a: Victini|Bolt Strike|p2a: StarPlatinum
|-immune|p2a: StarPlatinum
|
|upkeep
|turn|7
|
|t:|1659489751
|move|p1a: Victini|U-turn|p2a: StarPlatinum
|-damage|p2a: StarPlatinum|66/100
|
|t:|1659489755
|switch|p1a: Rotom|Rotom-Wash|100/100|[from]move: U-turn
|move|p2a: StarPlatinum|Scald|p1a: Rotom
|-resisted|p1a: Rotom
|-damage|p1a: Rotom|93/100
|
|-heal|p1a: Rotom|99/100|[from] item: Leftovers
|upkeep
|turn|8
|
|t:|1659489762
|move|p1a: Rotom|Toxic|p2a: StarPlatinum
|-status|p2a: StarPlatinum|tox
|move|p2a: StarPlatinum|Recover|p2a: StarPlatinum
|-heal|p2a: StarPlatinum|100/100 tox
|
|-heal|p1a: Rotom|100/100|[from] item: Leftovers
|-damage|p2a: StarPlatinum|94/100 tox|[from] psn
|upkeep
|turn|9
|
|t:|1659489771
|move|p1a: Rotom|Volt Switch|p2a: StarPlatinum
|-immune|p2a: StarPlatinum
|move|p2a: StarPlatinum|Scald|p1a: Rotom
|-resisted|p1a: Rotom
|-damage|p1a: Rotom|92/100
|
|-heal|p1a: Rotom|99/100|[from] item: Leftovers
|-damage|p2a: StarPlatinum|82/100 tox|[from] psn
|upkeep
|turn|10
|
|t:|1659489777
|move|p1a: Rotom|Hydro Pump|p2a: StarPlatinum
|-damage|p2a: StarPlatinum|37/100 tox
|move|p2a: StarPlatinum|Scald|p1a: Rotom
|-resisted|p1a: Rotom
|-damage|p1a: Rotom|91/100
|-status|p1a: Rotom|brn
|
|-heal|p1a: Rotom|97/100 brn|[from] item: Leftovers
|-damage|p2a: StarPlatinum|19/100 tox|[from] psn
|-damage|p1a: Rotom|91/100 brn|[from] brn
|upkeep
|turn|11
|
|t:|1659489786
|move|p1a: Rotom|Hydro Pump|p2a: StarPlatinum
|-damage|p2a: StarPlatinum|0 fnt
|faint|p2a: StarPlatinum
|
|-heal|p1a: Rotom|97/100 brn|[from] item: Leftovers
|-damage|p1a: Rotom|91/100 brn|[from] brn
|upkeep
|
|t:|1659489791
|switch|p2a: GreenGreenGrass|Ferrothorn, F|100/100
|turn|12
|
|t:|1659489797
|move|p1a: Rotom|Volt Switch|p2a: GreenGreenGrass
|-resisted|p2a: GreenGreenGrass
|-damage|p2a: GreenGreenGrass|91/100
|
|t:|1659489804
|switch|p1a: Thundurus|Thundurus, M|100/100|[from]move: Volt Switch
|move|p2a: GreenGreenGrass|Stealth Rock|p1a: Thundurus
|-sidestart|p1: Lt91bb Pokeglace17|move: Stealth Rock
|
|upkeep
|turn|13
|
|t:|1659489812
|switch|p2a: WhiteAlbum|Ninetales-Alola, M|100/100
|-weather|Hail|[from] ability: Snow Warning|[of] p2a: WhiteAlbum
|move|p1a: Thundurus|Knock Off|p2a: WhiteAlbum
|-resisted|p2a: WhiteAlbum
|-damage|p2a: WhiteAlbum|78/100
|-enditem|p2a: WhiteAlbum|Choice Scarf|[from] move: Knock Off|[of] p1a: Thundurus
|
|-weather|Hail|[upkeep]
|-damage|p1a: Thundurus|94/100|[from] Hail
|upkeep
|turn|14
|
|t:|1659489824
|move|p1a: Thundurus|U-turn|p2a: WhiteAlbum
|-resisted|p2a: WhiteAlbum
|-damage|p2a: WhiteAlbum|61/100
|
|t:|1659489830
|switch|p1a: Ferrothorn|Ferrothorn, F|88/100|[from]move: U-turn
|-damage|p1a: Ferrothorn|81/100|[from] Stealth Rock
|move|p2a: WhiteAlbum|Blizzard|p1a: Ferrothorn
|-damage|p1a: Ferrothorn|41/100
|
|-weather|Hail|[upkeep]
|-damage|p1a: Ferrothorn|34/100|[from] Hail
|-heal|p1a: Ferrothorn|41/100|[from] item: Leftovers
|upkeep
|turn|15
|
|t:|1659489844
|switch|p2a: ManInTheMirror|Xatu, F|92/100
|move|p1a: Ferrothorn|Gyro Ball|p2a: ManInTheMirror
|-damage|p2a: ManInTheMirror|20/100
|
|-weather|Hail|[upkeep]
|-damage|p2a: ManInTheMirror|14/100|[from] Hail
|-damage|p1a: Ferrothorn|34/100|[from] Hail
|-heal|p1a: Ferrothorn|41/100|[from] item: Leftovers
|upkeep
|turn|16
|
|t:|1659489854
|move|p2a: ManInTheMirror|Roost|p2a: ManInTheMirror
|-heal|p2a: ManInTheMirror|64/100
|-singleturn|p2a: ManInTheMirror|move: Roost
|move|p1a: Ferrothorn|Gyro Ball|p2a: ManInTheMirror
|-damage|p2a: ManInTheMirror|1/100
|
|-weather|Hail|[upkeep]
|-damage|p2a: ManInTheMirror|0 fnt|[from] Hail
|-damage|p1a: Ferrothorn|34/100|[from] Hail
|faint|p2a: ManInTheMirror
|-heal|p1a: Ferrothorn|41/100|[from] item: Leftovers
|upkeep
|
|t:|1659489858
|switch|p2a: Magician'sRed|Volcarona, F, shiny|100/100
|turn|17
|
|t:|1659489867
|move|p2a: Magician'sRed|Quiver Dance|p2a: Magician'sRed
|-boost|p2a: Magician'sRed|spa|1
|-boost|p2a: Magician'sRed|spd|1
|-boost|p2a: Magician'sRed|spe|1
|move|p1a: Ferrothorn|Leech Seed|p2a: Magician'sRed
|-start|p2a: Magician'sRed|move: Leech Seed
|
|-weather|none
|-heal|p1a: Ferrothorn|47/100|[from] item: Leftovers
|-damage|p2a: Magician'sRed|88/100|[from] Leech Seed|[of] p1a: Ferrothorn
|-heal|p1a: Ferrothorn|60/100|[silent]
|upkeep
|turn|18
|
|t:|1659489876
|switch|p1a: Landorus|Landorus-Therian, M|100/100
|-damage|p1a: Landorus|88/100|[from] Stealth Rock
|-ability|p1a: Landorus|Intimidate|boost
|-unboost|p2a: Magician'sRed|atk|1
|move|p2a: Magician'sRed|Quiver Dance|p2a: Magician'sRed
|-boost|p2a: Magician'sRed|spa|1
|-boost|p2a: Magician'sRed|spd|1
|-boost|p2a: Magician'sRed|spe|1
|
|-heal|p1a: Landorus|94/100|[from] item: Leftovers
|-damage|p2a: Magician'sRed|76/100|[from] Leech Seed|[of] p1a: Landorus
|-heal|p1a: Landorus|100/100|[silent]
|upkeep
|turn|19
|
|t:|1659489889
|move|p2a: Magician'sRed|Fiery Dance|p1a: Landorus
|-damage|p1a: Landorus|41/100
|move|p1a: Landorus|Earthquake|p2a: Magician'sRed
|-damage|p2a: Magician'sRed|33/100
|
|-heal|p1a: Landorus|47/100|[from] item: Leftovers
|-damage|p2a: Magician'sRed|21/100|[from] Leech Seed|[of] p1a: Landorus
|-heal|p1a: Landorus|59/100|[silent]
|upkeep
|turn|20
|
|t:|1659489903
|switch|p1a: Rotom|Rotom-Wash|91/100 brn
|-damage|p1a: Rotom|78/100 brn|[from] Stealth Rock
|move|p2a: Magician'sRed|Fiery Dance|p1a: Rotom
|-resisted|p1a: Rotom
|-damage|p1a: Rotom|47/100 brn
|-boost|p2a: Magician'sRed|spa|1
|
|-heal|p1a: Rotom|53/100 brn|[from] item: Leftovers
|-damage|p2a: Magician'sRed|8/100|[from] Leech Seed|[of] p1a: Rotom
|-heal|p1a: Rotom|69/100 brn|[silent]
|-damage|p1a: Rotom|62/100 brn|[from] brn
|upkeep
|turn|21
|
|t:|1659489914
|move|p2a: Magician'sRed|Bug Buzz|p1a: Rotom
|-damage|p1a: Rotom|0 fnt
|faint|p1a: Rotom
|
|upkeep
|inactive|Lt91bb Pokeglace17 has 120 seconds left.
|
|t:|1659489945
|switch|p1a: Thundurus|Thundurus, M|94/100
|turn|22
|
|t:|1659489950
|switch|p1a: Landorus|Landorus-Therian, M|59/100
|-damage|p1a: Landorus|47/100|[from] Stealth Rock
|-ability|p1a: Landorus|Intimidate|boost
|-unboost|p2a: Magician'sRed|atk|1
|move|p2a: Magician'sRed|Roost|p2a: Magician'sRed
|-heal|p2a: Magician'sRed|58/100
|-singleturn|p2a: Magician'sRed|move: Roost
|
|-heal|p1a: Landorus|53/100|[from] item: Leftovers
|-damage|p2a: Magician'sRed|46/100|[from] Leech Seed|[of] p1a: Landorus
|-heal|p1a: Landorus|65/100|[silent]
|upkeep
|turn|23
|
|t:|1659489963
|move|p2a: Magician'sRed|Fiery Dance|p1a: Landorus
|-damage|p1a: Landorus|0 fnt
|faint|p1a: Landorus
|
|upkeep
|
|t:|1659489972
|switch|p1a: Victini|Victini|100/100
|turn|24
|
|t:|1659489983
|move|p2a: Magician'sRed|Bug Buzz|p1a: Victini
|-crit|p1a: Victini
|-damage|p1a: Victini|0 fnt
|faint|p1a: Victini
|
|upkeep
|j| Nighteye Monroe
|c|☆Lt91bb Pokeglace17|Unreal
|c|☆Lt91bb Pokeglace17|wtf
|c|☆Lt91bb Pokeglace17|i want to die
|inactive|Lt91bb Pokeglace17 has 120 seconds left.
|c|☆Lt91bb Pokeglace17|why did i not toxic
|c|☆tirkys|Kinda weird bro
|c|☆Lt91bb Pokeglace17|why didnt i go directly to victini
|
|t:|1659490031
|switch|p1a: Thundurus|Thundurus, M|94/100
|turn|25
|
|t:|1659490036
|move|p2a: Magician'sRed|Fiery Dance|p1a: Thundurus
|-damage|p1a: Thundurus|0 fnt
|faint|p1a: Thundurus
|
|upkeep
|c|☆Lt91bb Pokeglace17|Your team is kinda ass too
|inactive|Lt91bb Pokeglace17 has 90 seconds left.
|c|☆tirkys|Then why you losing my boy
|c|☆Lt91bb Pokeglace17|And you played subpar
|inactive|Lt91bb Pokeglace17 has 60 seconds left.
|c|☆Lt91bb Pokeglace17|Cause your team is a fucking semi st ll
|c|&|/log Lt91bb Pokeglace17 was warned by Artemis (☆Lt91bb Pokeglace17: Cause your team is a fucking semi st ll)
|c|&|/raw <small>This action was done automatically. Want to learn more about the AI? <a href="https://www.smogon.com/forums/threads/3570628/#post-9056769">Visit the information thread</a>.</small>
|inactive|Lt91bb Pokeglace17 has 30 seconds left.
|inactive|Lt91bb Pokeglace17 has 20 seconds left.
|c|☆Lt91bb Pokeglace17|Semi stall
|inactive|Lt91bb Pokeglace17 has 15 seconds left.
|inactive|Lt91bb Pokeglace17 has 10 seconds left.
|
|t:|1659490139
|switch|p1a: Tapu Koko|Tapu Koko|100/100
|-fieldstart|move: Electric Terrain|[from] ability: Electric Surge|[of] p1a: Tapu Koko
|turn|26
|inactive|Lt91bb Pokeglace17 has 20 seconds left this turn.
|inactive|Lt91bb Pokeglace17 has 15 seconds left.
|inactive|Lt91bb Pokeglace17 has 10 seconds left.
|inactive|Lt91bb Pokeglace17 has 5 seconds left.
|c|☆Lt91bb Pokeglace17|Volc rona should at least try to bet heatran
|-message|Lt91bb Pokeglace17 lost due to inactivity.
|
|win|tirkys
|raw|Lt91bb Pokeglace17's rating: 1705 &rarr; <strong>1684</strong><br />(-21 for losing)
|raw|tirkys's rating: 1696 &rarr; <strong>1717</strong><br />(+21 for winning)
|c|☆Lt91bb Pokeglace17|in this kind of team
|c|☆tirkys|Volca is not the heatran counter
|c|☆tirkys|That job is for mantyke
|c|☆Lt91bb Pokeglace17|Thanks i kniw that
|c|☆Lt91bb Pokeglace17|do you have a heal bell iser?
||Ladder isn't responding, score probably updated but might not have (Request timeout).
