|raw|<div class="broadcast-blue"><strong>This battle is required to be public due to a player having a name starting with 'lt81yl'.</div>
|j|☆roboPOKE
|j|☆LT81YL ABR
|t:|1625491407
|gametype|singles
|player|p1|roboPOKE|1|1700
|player|p2|LT81YL ABR|lucas|1712
|teamsize|p1|6
|teamsize|p2|6
|gen|8
|tier|[Gen 8] OU
|rated|
|rule|Sleep Clause Mod: Limit one foe put to sleep
|rule|Species Clause: Limit one of each Pokémon
|rule|OHKO Clause: OHKO moves are banned
|rule|Evasion Moves Clause: Evasion moves are banned
|rule|Endless Battle Clause: Forcing endless battles is banned
|rule|HP Percentage Mod: HP is shown in percentages
|rule|Dynamax Clause: You cannot dynamax
|clearpoke
|poke|p1|Tyranitar, M|
|poke|p1|Slowking, F|
|poke|p1|Landorus-Therian, M|
|poke|p1|Garchomp, M|
|poke|p1|Tornadus-Therian, M|
|poke|p1|Heatran, M|
|poke|p2|Mew|
|poke|p2|Zeraora|
|poke|p2|Clefable, F|
|poke|p2|Toxapex, M|
|poke|p2|Dragonite, M|
|poke|p2|Corviknight, M|
|teampreview
|j| MAX UND MAX
|j| Goojoo
|j| I am Cloyster
|j| sexless
|j| aa batterie
|j| ironwater@!
|c|☆roboPOKE|olt is on?
|j| Lord_Enz
|c| ironwater|yeah
|j| WarumFelix
|c| ironwater|cycle 1
|c|☆roboPOKE|oh
|c|☆roboPOKE|cool
|j| union boss
|c|☆LT81YL ABR|hf
|c|☆roboPOKE|u2
|j| RipReckful
|j| xray
|
|t:|1625491475
|start
|switch|p1a: Landorus|Landorus-Therian, M|100/100
|switch|p2a: Toxapex|Toxapex, M|100/100
|-ability|p1a: Landorus|Intimidate|boost
|-unboost|p2a: Toxapex|atk|1
|turn|1
|
|t:|1625491480
|switch|p1a: Slowking|Slowking, F|100/100
|move|p2a: Toxapex|Toxic|p1a: Slowking
|-status|p1a: Slowking|tox
|
|-damage|p1a: Slowking|94/100 tox|[from] psn
|upkeep
|turn|2
|
|t:|1625491483
|move|p2a: Toxapex|Knock Off|p1a: Slowking
|-supereffective|p1a: Slowking
|-damage|p1a: Slowking|74/100 tox
|-enditem|p1a: Slowking|Heavy-Duty Boots|[from] move: Knock Off|[of] p2a: Toxapex
|move|p1a: Slowking|Future Sight|p2a: Toxapex
|-start|p1a: Slowking|move: Future Sight
|
|-damage|p1a: Slowking|61/100 tox|[from] psn
|upkeep
|turn|3
|j| LT81YL Yelo
|
|t:|1625491493
|switch|p2a: Mew|Mew|100/100
|move|p1a: Slowking|Teleport|p1a: Slowking
|
|t:|1625491504
|switch|p1a: Tyranitar|Tyranitar, M|100/100|[from]move: Teleport
|-weather|Sandstorm|[from] ability: Sand Stream|[of] p1a: Tyranitar
|
|-weather|Sandstorm|[upkeep]
|-damage|p2a: Mew|94/100|[from] Sandstorm
|upkeep
|turn|4
|
|t:|1625491508
|switch|p1a: Slowking|Slowking, F|95/100 tox
|move|p2a: Mew|Will-O-Wisp||[still]
|-fail|p2a: Mew
|
|-weather|Sandstorm|[upkeep]
|-damage|p2a: Mew|88/100|[from] Sandstorm
|-damage|p1a: Slowking|89/100 tox|[from] Sandstorm
|-end|p2a: Mew|move: Future Sight
|-resisted|p2a: Mew
|-damage|p2a: Mew|70/100
|-damage|p1a: Slowking|82/100 tox|[from] psn
|upkeep
|turn|5
|
|t:|1625491514
|move|p2a: Mew|Spikes|p1a: Slowking
|-sidestart|p1: roboPOKE|Spikes
|move|p1a: Slowking|Future Sight|p2a: Mew
|-start|p1a: Slowking|move: Future Sight
|
|-weather|Sandstorm|[upkeep]
|-damage|p2a: Mew|64/100|[from] Sandstorm
|-damage|p1a: Slowking|76/100 tox|[from] Sandstorm
|-damage|p1a: Slowking|64/100 tox|[from] psn
|upkeep
|turn|6
|j| LT81YL Elou2000
|
|t:|1625491522
|switch|p1a: Landorus|Landorus-Therian, M|100/100
|-ability|p1a: Landorus|Intimidate|boost
|-unboost|p2a: Mew|atk|1
|move|p2a: Mew|Soft-Boiled|p2a: Mew
|-heal|p2a: Mew|100/100
|
|-weather|Sandstorm|[upkeep]
|-damage|p2a: Mew|94/100|[from] Sandstorm
|upkeep
|turn|7
|
|t:|1625491527
|switch|p1a: Heatran|Heatran, M|100/100
|-damage|p1a: Heatran|88/100|[from] Spikes
|move|p2a: Mew|Will-O-Wisp|p1a: Heatran
|-start|p1a: Heatran|ability: Flash Fire
|
|-weather|none
|-end|p2a: Mew|move: Future Sight
|-resisted|p2a: Mew
|-damage|p2a: Mew|76/100
|-heal|p1a: Heatran|94/100|[from] item: Leftovers
|upkeep
|turn|8
|j| July Leaves
|
|t:|1625491531
|switch|p2a: Dragonite|Dragonite, M|100/100
|move|p1a: Heatran|Stealth Rock|p2a: Dragonite
|-sidestart|p2: LT81YL ABR|move: Stealth Rock
|
|-heal|p1a: Heatran|100/100|[from] item: Leftovers
|upkeep
|turn|9
|
|t:|1625491539
|-end|p1a: Heatran|ability: Flash Fire|[silent]
|switch|p1a: Landorus|Landorus-Therian, M|100/100
|-ability|p1a: Landorus|Intimidate|boost
|-unboost|p2a: Dragonite|atk|1
|move|p2a: Dragonite|Ice Beam|p1a: Landorus
|-supereffective|p1a: Landorus
|-damage|p1a: Landorus|0 fnt
|faint|p1a: Landorus
|
|upkeep
|
|t:|1625491546
|switch|p1a: Tyranitar|Tyranitar, M|100/100
|-damage|p1a: Tyranitar|88/100|[from] Spikes
|-weather|Sandstorm|[from] ability: Sand Stream|[of] p1a: Tyranitar
|turn|10
|
|t:|1625491554
|switch|p2a: Corviknight|Corviknight, M|100/100
|-damage|p2a: Corviknight|88/100|[from] Stealth Rock
|-ability|p2a: Corviknight|Pressure
|move|p1a: Tyranitar|Stone Edge|p2a: Corviknight
|-damage|p2a: Corviknight|31/100
|
|-weather|Sandstorm|[upkeep]
|-heal|p2a: Corviknight|38/100|[from] item: Leftovers
|upkeep
|turn|11
|
|t:|1625491559
|move|p1a: Tyranitar|Stone Edge|p2a: Corviknight|[miss]
|-miss|p1a: Tyranitar|p2a: Corviknight
|move|p2a: Corviknight|Roost|p2a: Corviknight
|-heal|p2a: Corviknight|88/100
|-singleturn|p2a: Corviknight|move: Roost
|
|-weather|Sandstorm|[upkeep]
|-heal|p2a: Corviknight|94/100|[from] item: Leftovers
|upkeep
|turn|12
|
|t:|1625491564
|switch|p1a: Tornadus|Tornadus-Therian, M|100/100
|move|p2a: Corviknight|Body Press|p1a: Tornadus
|-resisted|p1a: Tornadus
|-damage|p1a: Tornadus|88/100
|
|-weather|Sandstorm|[upkeep]
|-damage|p1a: Tornadus|82/100|[from] Sandstorm
|-heal|p2a: Corviknight|99/100|[from] item: Leftovers
|upkeep
|turn|13
|j| Kostac
|
|t:|1625491571
|switch|p2a: Toxapex|Toxapex, M|100/100
|-damage|p2a: Toxapex|88/100|[from] Stealth Rock
|move|p1a: Tornadus|Knock Off|p2a: Toxapex
|-damage|p2a: Toxapex|74/100
|-enditem|p2a: Toxapex|Black Sludge|[from] move: Knock Off|[of] p1a: Tornadus
|
|-weather|Sandstorm|[upkeep]
|-damage|p1a: Tornadus|76/100|[from] Sandstorm
|-damage|p2a: Toxapex|68/100|[from] Sandstorm
|upkeep
|turn|14
|
|t:|1625491575
|move|p1a: Tornadus|U-turn|p2a: Toxapex
|-resisted|p2a: Toxapex
|-damage|p2a: Toxapex|63/100
|
|t:|1625491577
|switch|p1a: Slowking|Slowking, F|97/100 tox|[from]move: U-turn
|-damage|p1a: Slowking|85/100 tox|[from] Spikes
|move|p2a: Toxapex|Knock Off|p1a: Slowking
|-supereffective|p1a: Slowking
|-damage|p1a: Slowking|62/100 tox
|
|-weather|none
|-damage|p1a: Slowking|56/100 tox|[from] psn
|upkeep
|turn|15
|j| LT81YL Raiza
|
|t:|1625491581
|move|p2a: Toxapex|Knock Off|p1a: Slowking
|-supereffective|p1a: Slowking
|-damage|p1a: Slowking|34/100 tox
|move|p1a: Slowking|Teleport|p1a: Slowking
|
|t:|1625491584
|switch|p1a: Tornadus|Tornadus-Therian, M|100/100|[from]move: Teleport
|
|upkeep
|turn|16
|
|t:|1625491586
|move|p1a: Tornadus|U-turn|p2a: Toxapex
|-resisted|p2a: Toxapex
|-damage|p2a: Toxapex|58/100
|
|t:|1625491588
|switch|p1a: Slowking|Slowking, F|67/100 tox|[from]move: U-turn
|-damage|p1a: Slowking|55/100 tox|[from] Spikes
|move|p2a: Toxapex|Knock Off|p1a: Slowking
|-supereffective|p1a: Slowking
|-damage|p1a: Slowking|31/100 tox
|
|-damage|p1a: Slowking|25/100 tox|[from] psn
|upkeep
|turn|17
|
|t:|1625491590
|move|p2a: Toxapex|Knock Off|p1a: Slowking
|-supereffective|p1a: Slowking
|-damage|p1a: Slowking|4/100 tox
|move|p1a: Slowking|Slack Off|p1a: Slowking
|-heal|p1a: Slowking|54/100 tox
|
|-damage|p1a: Slowking|42/100 tox|[from] psn
|upkeep
|turn|18
|
|t:|1625491595
|move|p2a: Toxapex|Knock Off|p1a: Slowking
|-supereffective|p1a: Slowking
|-damage|p1a: Slowking|21/100 tox
|move|p1a: Slowking|Slack Off|p1a: Slowking
|-heal|p1a: Slowking|71/100 tox
|
|-damage|p1a: Slowking|53/100 tox|[from] psn
|upkeep
|turn|19
|
|t:|1625491603
|switch|p1a: Tornadus|Tornadus-Therian, M|100/100
|move|p2a: Toxapex|Recover|p2a: Toxapex
|-heal|p2a: Toxapex|100/100
|
|upkeep
|turn|20
|
|t:|1625491606
|move|p1a: Tornadus|U-turn|p2a: Toxapex
|-resisted|p2a: Toxapex
|-damage|p2a: Toxapex|95/100
|
|t:|1625491608
|switch|p1a: Slowking|Slowking, F|86/100 tox|[from]move: U-turn
|-damage|p1a: Slowking|73/100 tox|[from] Spikes
|move|p2a: Toxapex|Knock Off|p1a: Slowking
|-supereffective|p1a: Slowking
|-damage|p1a: Slowking|50/100 tox
|
|-damage|p1a: Slowking|44/100 tox|[from] psn
|upkeep
|turn|21
|
|t:|1625491610
|move|p2a: Toxapex|Knock Off|p1a: Slowking
|-supereffective|p1a: Slowking
|-damage|p1a: Slowking|23/100 tox
|move|p1a: Slowking|Slack Off|p1a: Slowking
|-heal|p1a: Slowking|73/100 tox
|
|-damage|p1a: Slowking|60/100 tox|[from] psn
|upkeep
|turn|22
|
|t:|1625491612
|move|p2a: Toxapex|Knock Off|p1a: Slowking
|-supereffective|p1a: Slowking
|-damage|p1a: Slowking|37/100 tox
|move|p1a: Slowking|Future Sight|p2a: Toxapex
|-start|p1a: Slowking|move: Future Sight
|
|-damage|p1a: Slowking|18/100 tox|[from] psn
|upkeep
|turn|23
|
|t:|1625491616
|switch|p1a: Tornadus|Tornadus-Therian, M|100/100
|move|p2a: Toxapex|Knock Off|p1a: Tornadus
|-damage|p1a: Tornadus|82/100
|-enditem|p1a: Tornadus|Heavy-Duty Boots|[from] move: Knock Off|[of] p2a: Toxapex
|
|upkeep
|turn|24
|
|t:|1625491621
|move|p1a: Tornadus|U-turn|p2a: Toxapex
|-resisted|p2a: Toxapex
|-damage|p2a: Toxapex|89/100
|
|t:|1625491623
|switch|p1a: Slowking|Slowking, F|52/100 tox|[from]move: U-turn
|-damage|p1a: Slowking|39/100 tox|[from] Spikes
|move|p2a: Toxapex|Recover|p2a: Toxapex
|-heal|p2a: Toxapex|100/100
|
|-end|p2a: Toxapex|move: Future Sight
|-supereffective|p2a: Toxapex
|-crit|p2a: Toxapex
|-damage|p2a: Toxapex|12/100
|-damage|p1a: Slowking|33/100 tox|[from] psn
|upkeep
|turn|25
|
|t:|1625491628
|move|p2a: Toxapex|Recover|p2a: Toxapex
|-heal|p2a: Toxapex|62/100
|move|p1a: Slowking|Future Sight|p2a: Toxapex
|-start|p1a: Slowking|move: Future Sight
|
|-damage|p1a: Slowking|21/100 tox|[from] psn
|upkeep
|turn|26
|
|t:|1625491633
|switch|p1a: Tornadus|Tornadus-Therian, M|100/100
|move|p2a: Toxapex|Toxic|p1a: Tornadus
|-status|p1a: Tornadus|tox
|
|-damage|p1a: Tornadus|94/100 tox|[from] psn
|upkeep
|turn|27
|
|t:|1625491637
|move|p1a: Tornadus|Hurricane|p2a: Toxapex
|-crit|p2a: Toxapex
|-damage|p2a: Toxapex|20/100
|-start|p2a: Toxapex|confusion
|-activate|p2a: Toxapex|confusion
|move|p2a: Toxapex|Recover|p2a: Toxapex
|-heal|p2a: Toxapex|70/100
|
|-end|p2a: Toxapex|move: Future Sight
|-supereffective|p2a: Toxapex
|-damage|p2a: Toxapex|14/100
|-damage|p1a: Tornadus|82/100 tox|[from] psn
|upkeep
|turn|28
|
|t:|1625491645
|switch|p2a: Clefable|Clefable, F|100/100
|move|p1a: Tornadus|Knock Off|p2a: Clefable
|-resisted|p2a: Clefable
|-damage|p2a: Clefable|92/100
|-enditem|p2a: Clefable|Leftovers|[from] move: Knock Off|[of] p1a: Tornadus
|
|-damage|p1a: Tornadus|64/100 tox|[from] psn
|upkeep
|turn|29
|
|t:|1625491649
|move|p1a: Tornadus|U-turn|p2a: Clefable
|-resisted|p2a: Clefable
|-damage|p2a: Clefable|86/100
|
|t:|1625491651
|switch|p1a: Heatran|Heatran, M|100/100|[from]move: U-turn
|-damage|p1a: Heatran|88/100|[from] Spikes
|move|p2a: Clefable|Stealth Rock|p1a: Heatran
|-sidestart|p1: roboPOKE|move: Stealth Rock
|
|-heal|p1a: Heatran|94/100|[from] item: Leftovers
|upkeep
|turn|30
|
|t:|1625491655
|switch|p2a: Dragonite|Dragonite, M|100/100
|move|p1a: Heatran|Lava Plume|p2a: Dragonite
|-resisted|p2a: Dragonite
|-damage|p2a: Dragonite|93/100
|
|-heal|p1a: Heatran|100/100|[from] item: Leftovers
|upkeep
|turn|31
|
|t:|1625491665
|switch|p1a: Tyranitar|Tyranitar, M|88/100
|-damage|p1a: Tyranitar|76/100|[from] Spikes
|-damage|p1a: Tyranitar|64/100|[from] Stealth Rock
|-weather|Sandstorm|[from] ability: Sand Stream|[of] p1a: Tyranitar
|move|p2a: Dragonite|Earthquake|p1a: Tyranitar
|-supereffective|p1a: Tyranitar
|-damage|p1a: Tyranitar|13/100
|
|-weather|Sandstorm|[upkeep]
|-damage|p2a: Dragonite|87/100|[from] Sandstorm
|upkeep
|turn|32
|
|t:|1625491669
|move|p2a: Dragonite|Earthquake|p1a: Tyranitar
|-supereffective|p1a: Tyranitar
|-damage|p1a: Tyranitar|0 fnt
|faint|p1a: Tyranitar
|
|-weather|Sandstorm|[upkeep]
|-damage|p2a: Dragonite|81/100|[from] Sandstorm
|upkeep
|
|t:|1625491675
|switch|p1a: Garchomp|Garchomp, M|100/100
|-damage|p1a: Garchomp|88/100|[from] Spikes
|-damage|p1a: Garchomp|82/100|[from] Stealth Rock
|turn|33
|
|t:|1625491679
|move|p1a: Garchomp|Scale Shot|p2a: Dragonite
|-supereffective|p2a: Dragonite
|-damage|p2a: Dragonite|60/100
|-supereffective|p2a: Dragonite
|-damage|p2a: Dragonite|38/100
|-hitcount|p2a: Dragonite|2
|-unboost|p1a: Garchomp|def|1
|-boost|p1a: Garchomp|spe|1
|move|p2a: Dragonite|Ice Beam|p1a: Garchomp
|-supereffective|p1a: Garchomp
|-damage|p1a: Garchomp|0 fnt
|faint|p1a: Garchomp
|
|-weather|Sandstorm|[upkeep]
|-damage|p2a: Dragonite|31/100|[from] Sandstorm
|upkeep
|c|☆roboPOKE|gg
|-message|roboPOKE forfeited.
|
|win|LT81YL ABR
|raw|roboPOKE's rating: 1700 &rarr; <strong>1681</strong><br />(-19 for losing)
|raw|LT81YL ABR's rating: 1712 &rarr; <strong>1731</strong><br />(+19 for winning)
|c|☆LT81YL ABR|gg
|l|☆roboPOKE
|l|☆LT81YL ABR
|l| MAX UND MAX
|l| I am Cloyster
|l| aa batterie
|l| WarumFelix
|l| LT81YL Elou2000
|l| sexless
|l| July Leaves
