|raw|<div class="broadcast-blue"><strong>This battle is required to be public due to a player having a name starting with 'lt91bb'.</div>
|j|☆LT91BB Neil
|j|☆POLYKlNG
|t:|1659146494
|gametype|singles
|player|p1|LT91BB Neil|dawn|1680
|player|p2|POLYKlNG|cynthia|1731
|teamsize|p1|6
|teamsize|p2|6
|gen|8
|tier|[Gen 8] OU
|rated|
|rule|Sleep Clause Mod: Limit one foe put to sleep
|rule|Species Clause: Limit one of each Pokémon
|rule|OHKO Clause: OHKO moves are banned
|rule|Evasion Moves Clause: Evasion moves are banned
|rule|Endless Battle Clause: Forcing endless battles is banned
|rule|HP Percentage Mod: HP is shown in percentages
|rule|Dynamax Clause: You cannot dynamax
|clearpoke
|poke|p1|Slowbro, L99, M|
|poke|p1|Blacephalon|
|poke|p1|Landorus-Therian, M|
|poke|p1|Dragapult, F|
|poke|p1|Celesteela|
|poke|p1|Bisharp, M|
|poke|p2|Ribombee, M|
|poke|p2|Haxorus, M|
|poke|p2|Aegislash, F|
|poke|p2|Volcanion|
|poke|p2|Krookodile, M|
|poke|p2|Tornadus-Therian, M|
|teampreview
|inactive|Battle timer is ON: inactive players will automatically lose when time's up. (requested by POLYKlNG)
|
|t:|1659146513
|start
|switch|p1a: Blacephalon|Blacephalon|100/100
|switch|p2a: Ribombee|Ribombee, M|100/100
|turn|1
|
|t:|1659146520
|move|p1a: Blacephalon|Shadow Ball|p2a: Ribombee
|-damage|p2a: Ribombee|20/100
|move|p2a: Ribombee|Moonblast|p1a: Blacephalon
|-resisted|p1a: Blacephalon
|-damage|p1a: Blacephalon|68/100
|
|upkeep
|turn|2
|
|t:|1659146526
|switch|p2a: Krookodile|Krookodile, M|100/100
|move|p1a: Blacephalon|Shadow Ball|p2a: Krookodile
|-resisted|p2a: Krookodile
|-damage|p2a: Krookodile|71/100
|
|upkeep
|turn|3
|
|t:|1659146530
|switch|p1a: Landorus|Landorus-Therian, M|100/100
|-ability|p1a: Landorus|Intimidate|boost
|-unboost|p2a: Krookodile|atk|1
|move|p2a: Krookodile|Stealth Rock|p1a: Landorus
|-sidestart|p1: LT91BB Neil|move: Stealth Rock
|
|upkeep
|turn|4
|
|t:|1659146532
|switch|p2a: Ribombee|Ribombee, M|20/100
|move|p1a: Landorus|Defog|p2a: Ribombee
|-unboost|p2a: Ribombee|evasion|1
|-sideend|p1: LT91BB Neil|Stealth Rock|[from] move: Defog|[of] p1a: Landorus
|
|upkeep
|turn|5
|
|t:|1659146535
|move|p2a: Ribombee|Toxic|p1a: Landorus
|-status|p1a: Landorus|tox
|move|p1a: Landorus|Knock Off|p2a: Ribombee
|-resisted|p2a: Ribombee
|-damage|p2a: Ribombee|0 fnt
|-enditem|p2a: Ribombee|Focus Sash|[from] move: Knock Off|[of] p1a: Landorus
|faint|p2a: Ribombee
|
|-damage|p1a: Landorus|94/100 tox|[from] psn
|upkeep
|
|t:|1659146549
|switch|p2a: Tornadus|Tornadus-Therian, M|100/100
|turn|6
|
|t:|1659146554
|move|p2a: Tornadus|Hurricane|p1a: Landorus
|-damage|p1a: Landorus|60/100 tox
|-start|p1a: Landorus|confusion
|-activate|p1a: Landorus|confusion
|-damage|p1a: Landorus|48/100 tox|[from] confusion
|
|-heal|p1a: Landorus|54/100 tox|[from] item: Leftovers
|-damage|p1a: Landorus|42/100 tox|[from] psn
|upkeep
|turn|7
|
|t:|1659146573
|move|p2a: Tornadus|Hurricane|p1a: Landorus
|-damage|p1a: Landorus|5/100 tox
|-activate|p1a: Landorus|confusion
|-damage|p1a: Landorus|0 fnt|[from] confusion
|faint|p1a: Landorus
|
|upkeep
|c|☆POLYKlNG|oof
|c|☆LT91BB Neil|big oof
|
|t:|1659146584
|switch|p1a: Bisharp|Bisharp, M|100/100
|turn|8
|
|t:|1659146588
|move|p2a: Tornadus|Heat Wave|p1a: Bisharp
|-supereffective|p1a: Bisharp
|-damage|p1a: Bisharp|0 fnt
|faint|p1a: Bisharp
|
|upkeep
|
|t:|1659146605
|switch|p1a: Dragapult|Dragapult, F|100/100
|turn|9
|
|t:|1659146613
|move|p2a: Tornadus|Hurricane|p1a: Dragapult
|-damage|p1a: Dragapult|24/100
|move|p1a: Dragapult|Dragon Dance|p1a: Dragapult
|-boost|p1a: Dragapult|atk|1
|-boost|p1a: Dragapult|spe|1
|
|upkeep
|turn|10
|
|t:|1659146628
|switch|p2a: Aegislash|Aegislash, F|100/100
|move|p1a: Dragapult|Dragon Darts|p2a: Aegislash
|-resisted|p2a: Aegislash
|-damage|p2a: Aegislash|83/100
|-anim|p1a: Dragapult|Dragon Darts|p2a: Aegislash
|-resisted|p2a: Aegislash
|-damage|p2a: Aegislash|65/100
|
|-heal|p2a: Aegislash|71/100|[from] item: Leftovers
|upkeep
|turn|11
|
|t:|1659146633
|-formechange|p2a: Aegislash|Aegislash-Blade||[from] ability: Stance Change
|move|p2a: Aegislash|Shadow Sneak|p1a: Dragapult
|-supereffective|p1a: Dragapult
|-damage|p1a: Dragapult|0 fnt
|faint|p1a: Dragapult
|
|-heal|p2a: Aegislash|77/100|[from] item: Leftovers
|upkeep
|
|t:|1659146635
|switch|p1a: Celesteela|Celesteela|100/100
|turn|12
|
|t:|1659146648
|move|p1a: Celesteela|Autotomize|p1a: Celesteela
|-boost|p1a: Celesteela|spe|2
|-start|p1a: Celesteela|Autotomize
|move|p2a: Aegislash|Shadow Ball|p1a: Celesteela
|-damage|p1a: Celesteela|54/100
|
|-heal|p2a: Aegislash|84/100|[from] item: Leftovers
|upkeep
|turn|13
|
|t:|1659146651
|move|p1a: Celesteela|Earthquake|p2a: Aegislash
|-supereffective|p2a: Aegislash
|-damage|p2a: Aegislash|0 fnt
|faint|p2a: Aegislash
|-ability|p1a: Celesteela|Beast Boost|boost
|-boost|p1a: Celesteela|atk|1
|
|upkeep
|
|t:|1659146671
|switch|p2a: Volcanion|Volcanion|100/100
|turn|14
|
|t:|1659146673
|move|p1a: Celesteela|Earthquake|p2a: Volcanion
|-supereffective|p2a: Volcanion
|-damage|p2a: Volcanion|0 fnt
|faint|p2a: Volcanion
|-ability|p1a: Celesteela|Beast Boost|boost
|-boost|p1a: Celesteela|atk|1
|
|upkeep
|c|☆POLYKlNG|oof for me now
|
|t:|1659146686
|switch|p2a: Krookodile|Krookodile, M|71/100
|turn|15
|
|t:|1659146689
|move|p2a: Krookodile|Stone Edge|p1a: Celesteela
|-damage|p1a: Celesteela|23/100
|move|p1a: Celesteela|Heavy Slam|p2a: Krookodile
|-damage|p2a: Krookodile|0 fnt
|faint|p2a: Krookodile
|-ability|p1a: Celesteela|Beast Boost|boost
|-boost|p1a: Celesteela|atk|1
|
|upkeep
|c|☆POLYKlNG|gg
|c|☆LT91BB Neil|gg
|
|t:|1659146697
|switch|p2a: Tornadus|Tornadus-Therian, M|100/100
|turn|16
|
|t:|1659146700
|move|p1a: Celesteela|Heavy Slam|p2a: Tornadus
|-damage|p2a: Tornadus|0 fnt
|faint|p2a: Tornadus
|-ability|p1a: Celesteela|Beast Boost|boost
|-boost|p1a: Celesteela|atk|1
|
|upkeep
|
|t:|1659146702
|switch|p2a: Haxorus|Haxorus, M|100/100
|-ability|p2a: Haxorus|Mold Breaker
|turn|17
|
|t:|1659146704
|move|p1a: Celesteela|Heavy Slam|p2a: Haxorus
|-damage|p2a: Haxorus|0 fnt
|faint|p2a: Haxorus
|
|win|LT91BB Neil
|raw|LT91BB Neil's rating: 1680 &rarr; <strong>1703</strong><br />(+23 for winning)
|raw|POLYKlNG's rating: 1731 &rarr; <strong>1708</strong><br />(-23 for losing)
|l|☆POLYKlNG
||Ladder isn't responding, score probably updated but might not have (Request timeout).
