|j|☆JoJo Reference #10
|j|☆friedfreak
|t:|1664339590
|gametype|singles
|player|p1|JoJo Reference #10|170|1665
|player|p2|friedfreak|2|1766
|teamsize|p1|6
|teamsize|p2|6
|gen|8
|tier|[Gen 8] OU
|rated|
|rule|Sleep Clause Mod: Limit one foe put to sleep
|rule|Species Clause: Limit one of each Pokémon
|rule|OHKO Clause: OHKO moves are banned
|rule|Evasion Items Clause: Evasion items are banned
|rule|Evasion Moves Clause: Evasion moves are banned
|rule|Endless Battle Clause: Forcing endless battles is banned
|rule|HP Percentage Mod: HP is shown in percentages
|rule|Dynamax Clause: You cannot dynamax
|clearpoke
|poke|p1|Scolipede, M|
|poke|p1|Terrakion|
|poke|p1|Kartana|
|poke|p1|Tapu Fini|
|poke|p1|Nidoking, M|
|poke|p1|Volcarona, F|
|poke|p2|Heatran, F|
|poke|p2|Mamoswine, M|
|poke|p2|Kartana|
|poke|p2|Corviknight, M|
|poke|p2|Tapu Koko|
|poke|p2|Slowbro, F|
|teampreview
|inactive|Battle timer is ON: inactive players will automatically lose when time's up. (requested by friedfreak)
|inactive|friedfreak has 120 seconds left.
|
|t:|1664339620
|start
|switch|p1a: Scolipede|Scolipede, M|100/100
|switch|p2a: Slowbro|Slowbro, F|100/100
|turn|1
|
|t:|1664339628
|move|p1a: Scolipede|Spikes|p2a: Slowbro
|-sidestart|p2: friedfreak|Spikes
|move|p2a: Slowbro|Scald|p1a: Scolipede
|-damage|p1a: Scolipede|48/100
|
|-ability|p1a: Scolipede|Speed Boost|boost
|-boost|p1a: Scolipede|spe|1
|upkeep
|turn|2
|
|t:|1664339635
|move|p1a: Scolipede|Spikes|p2a: Slowbro
|-sidestart|p2: friedfreak|Spikes
|move|p2a: Slowbro|Scald|p1a: Scolipede
|-damage|p1a: Scolipede|3/100
|
|-ability|p1a: Scolipede|Speed Boost|boost
|-boost|p1a: Scolipede|spe|1
|upkeep
|turn|3
|
|t:|1664339645
|move|p1a: Scolipede|Endeavor|p2a: Slowbro
|-damage|p2a: Slowbro|2/100
|move|p2a: Slowbro|Scald|p1a: Scolipede
|-damage|p1a: Scolipede|0 fnt
|faint|p1a: Scolipede
|
|upkeep
|
|t:|1664339651
|switch|p1a: Terrakion|Terrakion|100/100
|turn|4
|j| Clemdu13
|
|t:|1664339678
|move|p1a: Terrakion|Stone Edge|p2a: Slowbro
|-damage|p2a: Slowbro|0 fnt
|faint|p2a: Slowbro
|
|upkeep
|
|t:|1664339685
|switch|p2a: Kartana|Kartana|100/100
|-damage|p2a: Kartana|84/100|[from] Spikes
|turn|5
|
|t:|1664339692
|move|p2a: Kartana|Knock Off|p1a: Terrakion
|-resisted|p1a: Terrakion
|-damage|p1a: Terrakion|61/100
|-ability|p1a: Terrakion|Justified|boost
|-boost|p1a: Terrakion|atk|1
|-enditem|p1a: Terrakion|Focus Sash|[from] move: Knock Off|[of] p2a: Kartana
|move|p1a: Terrakion|Close Combat|p2a: Kartana
|-supereffective|p2a: Kartana
|-damage|p2a: Kartana|0 fnt
|-unboost|p1a: Terrakion|def|1
|-unboost|p1a: Terrakion|spd|1
|faint|p2a: Kartana
|
|upkeep
|
|t:|1664339698
|switch|p2a: Tapu Koko|Tapu Koko|100/100
|-fieldstart|move: Electric Terrain|[from] ability: Electric Surge|[of] p2a: Tapu Koko
|turn|6
|
|t:|1664339703
|switch|p1a: Nidoking|Nidoking, M|100/100
|move|p2a: Tapu Koko|Thunderbolt|p1a: Nidoking
|-immune|p1a: Nidoking
|
|upkeep
|turn|7
|-message|friedfreak forfeited.
|
|win|JoJo Reference #10
|raw|JoJo Reference #10's rating: 1665 &rarr; <strong>1691</strong><br />(+26 for winning)
|raw|friedfreak's rating: 1766 &rarr; <strong>1740</strong><br />(-26 for losing)
|l|☆friedfreak
