|j|☆wally waffles
|j|☆2(H2O)
|t:|1653240675
|gametype|singles
|player|p1|wally waffles|chuck|1643
|player|p2|2(H2O)|viola|1665
|teamsize|p1|6
|teamsize|p2|6
|gen|8
|tier|[Gen 8] OU
|rated|
|rule|Sleep Clause Mod: Limit one foe put to sleep
|rule|Species Clause: Limit one of each Pokémon
|rule|OHKO Clause: OHKO moves are banned
|rule|Evasion Moves Clause: Evasion moves are banned
|rule|Endless Battle Clause: Forcing endless battles is banned
|rule|HP Percentage Mod: HP is shown in percentages
|rule|Dynamax Clause: You cannot dynamax
|clearpoke
|poke|p1|Dragapult, F|
|poke|p1|Rillaboom, M|
|poke|p1|Urshifu-*, F|
|poke|p1|Landorus-Therian, M|
|poke|p1|Keldeo|
|poke|p1|Zapdos|
|poke|p2|Alakazam, M|
|poke|p2|Toxapex, M|
|poke|p2|Dragapult, M|
|poke|p2|Magnezone|
|poke|p2|Heatran, M|
|poke|p2|Landorus-Therian, M|
|teampreview
|inactive|Battle timer is ON: inactive players will automatically lose when time's up. (requested by 2(H2O))
|
|t:|1653240684
|start
|switch|p1a: Keldeo|Keldeo|100/100
|switch|p2a: Landorus|Landorus-Therian, M|100/100
|-ability|p2a: Landorus|Intimidate|boost
|-unboost|p1a: Keldeo|atk|1
|turn|1
|
|t:|1653240698
|switch|p2a: Toxapex|Toxapex, M|100/100
|move|p1a: Keldeo|Scald|p2a: Toxapex
|-resisted|p2a: Toxapex
|-damage|p2a: Toxapex|75/100
|-status|p2a: Toxapex|brn
|-enditem|p2a: Toxapex|Eject Button
|j| Bunch24
|j| 8th Hokage Killua
|
|t:|1653240707
|switch|p2a: Alakazam|Alakazam, M|100/100
|
|upkeep
|turn|2
|
|t:|1653240719
|switch|p1a: Dragapult|Dragapult, F|100/100
|move|p2a: Alakazam|Psyshock|p1a: Dragapult
|-damage|p1a: Dragapult|29/100
|
|-heal|p1a: Dragapult|35/100|[from] item: Leftovers
|upkeep
|turn|3
|
|t:|1653240730
|switch|p2a: Toxapex|Toxapex, M|100/100 brn
|move|p1a: Dragapult|Dragon Darts|p2a: Toxapex
|-damage|p2a: Toxapex|85/100 brn
|-anim|p1a: Dragapult|Dragon Darts|p2a: Toxapex
|-damage|p2a: Toxapex|69/100 brn
|
|-heal|p1a: Dragapult|41/100|[from] item: Leftovers
|-damage|p2a: Toxapex|64/100 brn|[from] brn
|upkeep
|turn|4
|
|t:|1653240758
|move|p1a: Dragapult|Substitute|p1a: Dragapult
|-start|p1a: Dragapult|Substitute
|-damage|p1a: Dragapult|16/100
|move|p2a: Toxapex|Knock Off|p1a: Dragapult
|-supereffective|p1a: Dragapult
|-activate|p1a: Dragapult|move: Substitute|[damage]
|
|-heal|p1a: Dragapult|22/100|[from] item: Leftovers
|-damage|p2a: Toxapex|58/100 brn|[from] brn
|upkeep
|turn|5
|
|t:|1653240765
|move|p1a: Dragapult|Dragon Dance|p1a: Dragapult
|-boost|p1a: Dragapult|atk|1
|-boost|p1a: Dragapult|spe|1
|move|p2a: Toxapex|Knock Off|p1a: Dragapult
|-supereffective|p1a: Dragapult
|-end|p1a: Dragapult|Substitute
|
|-heal|p1a: Dragapult|28/100|[from] item: Leftovers
|-damage|p2a: Toxapex|52/100 brn|[from] brn
|upkeep
|turn|6
|
|t:|1653240775
|switch|p2a: Heatran|Heatran, M|100/100
|move|p1a: Dragapult|Substitute|p1a: Dragapult
|-start|p1a: Dragapult|Substitute
|-damage|p1a: Dragapult|3/100
|
|-heal|p1a: Dragapult|9/100|[from] item: Leftovers
|upkeep
|turn|7
|
|t:|1653240782
|move|p1a: Dragapult|Phantom Force||[still]
|-prepare|p1a: Dragapult|Phantom Force
|move|p2a: Heatran|Earth Power|p1a: Dragapult|[miss]
|-miss|p2a: Heatran|p1a: Dragapult
|
|-heal|p1a: Dragapult|15/100|[from] item: Leftovers
|upkeep
|turn|8
|
|t:|1653240788
|move|p1a: Dragapult|Phantom Force|p2a: Heatran|[from]lockedmove
|-damage|p2a: Heatran|42/100
|move|p2a: Heatran|Earth Power|p1a: Dragapult
|-end|p1a: Dragapult|Substitute
|
|-heal|p1a: Dragapult|21/100|[from] item: Leftovers
|-heal|p2a: Heatran|48/100|[from] item: Leftovers
|upkeep
|turn|9
|
|t:|1653240806
|switch|p2a: Magnezone|Magnezone|100/100
|move|p1a: Dragapult|Dragon Darts|p2a: Magnezone
|-resisted|p2a: Magnezone
|-damage|p2a: Magnezone|81/100
|-anim|p1a: Dragapult|Dragon Darts|p2a: Magnezone
|-resisted|p2a: Magnezone
|-damage|p2a: Magnezone|63/100
|
|-heal|p1a: Dragapult|27/100|[from] item: Leftovers
|-heal|p2a: Magnezone|69/100|[from] item: Leftovers
|upkeep
|turn|10
|inactive|wally waffles has 120 seconds left.
|
|t:|1653240843
|move|p1a: Dragapult|Phantom Force||[still]
|-prepare|p1a: Dragapult|Phantom Force
|move|p2a: Magnezone|Iron Defense|p2a: Magnezone
|-boost|p2a: Magnezone|def|2
|
|-heal|p1a: Dragapult|33/100|[from] item: Leftovers
|-heal|p2a: Magnezone|75/100|[from] item: Leftovers
|upkeep
|turn|11
|
|t:|1653240849
|move|p1a: Dragapult|Phantom Force|p2a: Magnezone|[from]lockedmove
|-damage|p2a: Magnezone|42/100
|move|p2a: Magnezone|Toxic|p1a: Dragapult
|-status|p1a: Dragapult|tox
|
|-heal|p1a: Dragapult|39/100 tox|[from] item: Leftovers
|-heal|p2a: Magnezone|48/100|[from] item: Leftovers
|-damage|p1a: Dragapult|33/100 tox|[from] psn
|upkeep
|turn|12
|
|t:|1653240858
|switch|p1a: Keldeo|Keldeo|100/100
|move|p2a: Magnezone|Iron Defense|p2a: Magnezone
|-boost|p2a: Magnezone|def|2
|
|-heal|p2a: Magnezone|54/100|[from] item: Leftovers
|upkeep
|turn|13
|
|t:|1653240865
|switch|p2a: Toxapex|Toxapex, M|85/100 brn
|move|p1a: Keldeo|Scald|p2a: Toxapex
|-resisted|p2a: Toxapex
|-damage|p2a: Toxapex|60/100 brn
|
|-damage|p2a: Toxapex|54/100 brn|[from] brn
|upkeep
|turn|14
|
|t:|1653240873
|switch|p1a: Rillaboom|Rillaboom, M|100/100
|-fieldstart|move: Grassy Terrain|[from] ability: Grassy Surge|[of] p1a: Rillaboom
|move|p2a: Toxapex|Knock Off|p1a: Rillaboom
|-crit|p1a: Rillaboom
|-damage|p1a: Rillaboom|87/100
|-enditem|p1a: Rillaboom|Choice Band|[from] move: Knock Off|[of] p2a: Toxapex
|
|-heal|p1a: Rillaboom|93/100|[from] Grassy Terrain
|-heal|p2a: Toxapex|60/100 brn|[from] Grassy Terrain
|-damage|p2a: Toxapex|54/100 brn|[from] brn
|upkeep
|turn|15
|
|t:|1653240885
|switch|p2a: Heatran|Heatran, M|48/100
|move|p1a: Rillaboom|Wood Hammer|p2a: Heatran
|-resisted|p2a: Heatran
|-damage|p2a: Heatran|32/100
|-damage|p1a: Rillaboom|88/100|[from] Recoil
|
|-heal|p1a: Rillaboom|94/100|[from] Grassy Terrain
|-heal|p2a: Heatran|39/100|[from] Grassy Terrain
|-heal|p2a: Heatran|45/100|[from] item: Leftovers
|upkeep
|turn|16
|
|t:|1653240895
|switch|p1a: Urshifu|Urshifu-Rapid-Strike, F|100/100
|switch|p2a: Landorus|Landorus-Therian, M|100/100
|-ability|p2a: Landorus|Intimidate|boost
|-unboost|p1a: Urshifu|atk|1
|
|upkeep
|turn|17
|
|t:|1653240903
|switch|p2a: Toxapex|Toxapex, M|88/100 brn
|move|p1a: Urshifu|Surging Strikes|p2a: Toxapex
|-resisted|p2a: Toxapex
|-crit|p2a: Toxapex
|-damage|p2a: Toxapex|81/100 brn
|-resisted|p2a: Toxapex
|-crit|p2a: Toxapex
|-damage|p2a: Toxapex|75/100 brn
|-resisted|p2a: Toxapex
|-crit|p2a: Toxapex
|-damage|p2a: Toxapex|69/100 brn
|-hitcount|p2a: Toxapex|3
|
|-heal|p2a: Toxapex|75/100 brn|[from] Grassy Terrain
|-damage|p2a: Toxapex|69/100 brn|[from] brn
|upkeep
|turn|18
|
|t:|1653240915
|switch|p1a: Rillaboom|Rillaboom, M|94/100
|switch|p2a: Landorus|Landorus-Therian, M|100/100
|-ability|p2a: Landorus|Intimidate|boost
|-unboost|p1a: Rillaboom|atk|1
|
|-heal|p1a: Rillaboom|99/100|[from] Grassy Terrain
|-fieldend|move: Grassy Terrain
|upkeep
|turn|19
|
|t:|1653240924
|move|p1a: Rillaboom|Knock Off|p2a: Landorus
|-damage|p2a: Landorus|78/100
|-enditem|p2a: Landorus|Leftovers|[from] move: Knock Off|[of] p1a: Rillaboom
|move|p2a: Landorus|Stealth Rock|p1a: Rillaboom
|-sidestart|p1: wally waffles|move: Stealth Rock
|
|upkeep
|turn|20
|
|t:|1653240929
|switch|p1a: Landorus|Landorus-Therian, M|100/100
|-damage|p1a: Landorus|88/100|[from] Stealth Rock
|-ability|p1a: Landorus|Intimidate|boost
|-unboost|p2a: Landorus|atk|1
|move|p2a: Landorus|U-turn|p1a: Landorus
|-resisted|p1a: Landorus
|-damage|p1a: Landorus|83/100
|-damage|p2a: Landorus|62/100|[from] item: Rocky Helmet|[of] p1a: Landorus
|
|t:|1653240938
|switch|p2a: Dragapult|Dragapult, M|100/100|[from]move: U-turn
|
|upkeep
|turn|21
|
|t:|1653240942
|move|p2a: Dragapult|Shadow Ball|p1a: Landorus
|-damage|p1a: Landorus|27/100
|move|p1a: Landorus|Earthquake|p2a: Dragapult
|-damage|p2a: Dragapult|34/100
|
|upkeep
|turn|22
|
|t:|1653240951
|switch|p1a: Dragapult|Dragapult, F|33/100 tox
|-damage|p1a: Dragapult|21/100 tox|[from] Stealth Rock
|move|p2a: Dragapult|Shadow Ball|p1a: Dragapult
|-supereffective|p1a: Dragapult
|-damage|p1a: Dragapult|0 fnt
|faint|p1a: Dragapult
|
|upkeep
|
|t:|1653240953
|switch|p1a: Rillaboom|Rillaboom, M|99/100
|-damage|p1a: Rillaboom|88/100|[from] Stealth Rock
|-fieldstart|move: Grassy Terrain|[from] ability: Grassy Surge|[of] p1a: Rillaboom
|turn|23
|
|t:|1653240969
|switch|p2a: Heatran|Heatran, M|45/100
|move|p1a: Rillaboom|Knock Off|p2a: Heatran
|-damage|p2a: Heatran|16/100
|-enditem|p2a: Heatran|Leftovers|[from] move: Knock Off|[of] p1a: Rillaboom
|
|-heal|p1a: Rillaboom|94/100|[from] Grassy Terrain
|-heal|p2a: Heatran|22/100|[from] Grassy Terrain
|upkeep
|turn|24
|
|t:|1653240978
|switch|p1a: Urshifu|Urshifu-Rapid-Strike, F|100/100
|-damage|p1a: Urshifu|94/100|[from] Stealth Rock
|move|p2a: Heatran|Magma Storm|p1a: Urshifu|[miss]
|-miss|p2a: Heatran|p1a: Urshifu
|
|-heal|p1a: Urshifu|100/100|[from] Grassy Terrain
|-heal|p2a: Heatran|28/100|[from] Grassy Terrain
|upkeep
|turn|25
|c| Bunch24|Whole team walked by pex
|
|t:|1653240987
|move|p1a: Urshifu|U-turn|p2a: Heatran
|-resisted|p2a: Heatran
|-damage|p2a: Heatran|23/100
|
|t:|1653240990
|switch|p1a: Keldeo|Keldeo|100/100|[from]move: U-turn
|-damage|p1a: Keldeo|94/100|[from] Stealth Rock
|move|p2a: Heatran|Toxic|p1a: Keldeo
|-status|p1a: Keldeo|tox
|
|-heal|p1a: Keldeo|100/100 tox|[from] Grassy Terrain
|-heal|p2a: Heatran|29/100|[from] Grassy Terrain
|-damage|p1a: Keldeo|94/100 tox|[from] psn
|upkeep
|turn|26
|
|t:|1653241001
|switch|p2a: Toxapex|Toxapex, M|100/100 brn
|move|p1a: Keldeo|Flip Turn|p2a: Toxapex
|-resisted|p2a: Toxapex
|-damage|p2a: Toxapex|97/100 brn
|
|t:|1653241006
|switch|p1a: Zapdos|Zapdos|100/100|[from]move: Flip Turn
|
|-heal|p2a: Toxapex|100/100 brn|[from] Grassy Terrain
|-damage|p2a: Toxapex|95/100 brn|[from] brn
|upkeep
|turn|27
|
|t:|1653241013
|switch|p2a: Heatran|Heatran, M|29/100
|move|p1a: Zapdos|Defog|p2a: Heatran
|-unboost|p2a: Heatran|evasion|1
|-sideend|p1: wally waffles|Stealth Rock|[from] move: Defog|[of] p1a: Zapdos
|-fieldend|move: Grassy Terrain
|
|upkeep
|turn|28
|
|t:|1653241019
|move|p1a: Zapdos|Volt Switch|p2a: Heatran
|-damage|p2a: Heatran|12/100
|
|t:|1653241022
|switch|p1a: Keldeo|Keldeo|94/100 tox|[from]move: Volt Switch
|move|p2a: Heatran|Magma Storm|p1a: Keldeo|[miss]
|-miss|p2a: Heatran|p1a: Keldeo
|
|-damage|p1a: Keldeo|88/100 tox|[from] psn
|upkeep
|turn|29
|
|t:|1653241030
|move|p1a: Keldeo|Flip Turn|p2a: Heatran
|-supereffective|p2a: Heatran
|-damage|p2a: Heatran|0 fnt
|faint|p2a: Heatran
|
|t:|1653241036
|switch|p1a: Rillaboom|Rillaboom, M|94/100|[from]move: Flip Turn
|-fieldstart|move: Grassy Terrain|[from] ability: Grassy Surge|[of] p1a: Rillaboom
|
|-heal|p1a: Rillaboom|99/100|[from] Grassy Terrain
|upkeep
|j| AltDeElPayaso
|
|t:|1653241042
|switch|p2a: Magnezone|Magnezone|54/100
|turn|30
|
|t:|1653241049
|switch|p1a: Keldeo|Keldeo|88/100 tox
|switch|p2a: Landorus|Landorus-Therian, M|62/100
|-ability|p2a: Landorus|Intimidate|boost
|-unboost|p1a: Keldeo|atk|1
|
|-heal|p1a: Keldeo|94/100 tox|[from] Grassy Terrain
|-damage|p1a: Keldeo|88/100 tox|[from] psn
|upkeep
|turn|31
|j| idgasab
|
|t:|1653241058
|switch|p2a: Toxapex|Toxapex, M|100/100 brn
|move|p1a: Keldeo|Flip Turn|p2a: Toxapex
|-resisted|p2a: Toxapex
|-damage|p2a: Toxapex|98/100 brn
|
|t:|1653241061
|switch|p1a: Zapdos|Zapdos|100/100|[from]move: Flip Turn
|
|-heal|p2a: Toxapex|100/100 brn|[from] Grassy Terrain
|-damage|p2a: Toxapex|95/100 brn|[from] brn
|upkeep
|turn|32
|
|t:|1653241068
|move|p1a: Zapdos|Hurricane|p2a: Toxapex
|-damage|p2a: Toxapex|60/100 brn
|move|p2a: Toxapex|Knock Off|p1a: Zapdos
|-damage|p1a: Zapdos|95/100
|-enditem|p1a: Zapdos|Heavy-Duty Boots|[from] move: Knock Off|[of] p2a: Toxapex
|
|-heal|p2a: Toxapex|66/100 brn|[from] Grassy Terrain
|-damage|p2a: Toxapex|60/100 brn|[from] brn
|upkeep
|turn|33
|
|t:|1653241076
|switch|p2a: Landorus|Landorus-Therian, M|62/100
|-ability|p2a: Landorus|Intimidate|boost
|-unboost|p1a: Zapdos|atk|1
|move|p1a: Zapdos|Volt Switch|p2a: Landorus
|-immune|p2a: Landorus
|
|-fieldend|move: Grassy Terrain
|upkeep
|turn|34
|
|t:|1653241085
|move|p1a: Zapdos|Hurricane|p2a: Landorus
|-damage|p2a: Landorus|30/100
|move|p2a: Landorus|Toxic|p1a: Zapdos
|-status|p1a: Zapdos|tox
|
|-damage|p1a: Zapdos|89/100 tox|[from] psn
|upkeep
|turn|35
|
|t:|1653241095
|switch|p2a: Magnezone|Magnezone|54/100
|move|p1a: Zapdos|Hurricane|p2a: Magnezone
|-resisted|p2a: Magnezone
|-damage|p2a: Magnezone|40/100
|
|-heal|p2a: Magnezone|46/100|[from] item: Leftovers
|-damage|p1a: Zapdos|76/100 tox|[from] psn
|upkeep
|turn|36
|l| AltDeElPayaso
|
|t:|1653241104
|move|p1a: Zapdos|Volt Switch|p2a: Magnezone
|-resisted|p2a: Magnezone
|-damage|p2a: Magnezone|27/100
|
|t:|1653241107
|switch|p1a: Keldeo|Keldeo|88/100 tox|[from]move: Volt Switch
|move|p2a: Magnezone|Toxic|p1a: Keldeo|[miss]
|-miss|p2a: Magnezone|p1a: Keldeo
|
|-heal|p2a: Magnezone|33/100|[from] item: Leftovers
|-damage|p1a: Keldeo|82/100 tox|[from] psn
|upkeep
|turn|37
|
|t:|1653241115
|switch|p2a: Toxapex|Toxapex, M|93/100 brn
|move|p1a: Keldeo|Flip Turn|p2a: Toxapex
|-resisted|p2a: Toxapex
|-damage|p2a: Toxapex|88/100 brn
|
|t:|1653241122
|switch|p1a: Rillaboom|Rillaboom, M|99/100|[from]move: Flip Turn
|-fieldstart|move: Grassy Terrain|[from] ability: Grassy Surge|[of] p1a: Rillaboom
|
|-heal|p1a: Rillaboom|100/100|[from] Grassy Terrain
|-heal|p2a: Toxapex|94/100 brn|[from] Grassy Terrain
|-damage|p2a: Toxapex|88/100 brn|[from] brn
|upkeep
|turn|38
|
|t:|1653241130
|move|p1a: Rillaboom|Wood Hammer|p2a: Toxapex
|-damage|p2a: Toxapex|44/100 brn
|-damage|p1a: Rillaboom|87/100|[from] Recoil
|move|p2a: Toxapex|Scald|p1a: Rillaboom
|-resisted|p1a: Rillaboom
|-damage|p1a: Rillaboom|77/100
|
|-heal|p1a: Rillaboom|83/100|[from] Grassy Terrain
|-heal|p2a: Toxapex|50/100 brn|[from] Grassy Terrain
|-damage|p2a: Toxapex|44/100 brn|[from] brn
|upkeep
|turn|39
|
|t:|1653241141
|switch|p2a: Magnezone|Magnezone|33/100
|move|p1a: Rillaboom|Wood Hammer|p2a: Magnezone
|-resisted|p2a: Magnezone
|-damage|p2a: Magnezone|0 fnt
|faint|p2a: Magnezone
|-damage|p1a: Rillaboom|74/100|[from] Recoil
|
|-heal|p1a: Rillaboom|80/100|[from] Grassy Terrain
|upkeep
|j| hypno#1
|
|t:|1653241150
|switch|p2a: Toxapex|Toxapex, M|77/100 brn
|turn|40
|
|t:|1653241158
|switch|p1a: Zapdos|Zapdos|76/100 tox
|move|p2a: Toxapex|Scald|p1a: Zapdos
|-damage|p1a: Zapdos|61/100 tox
|
|-heal|p2a: Toxapex|83/100 brn|[from] Grassy Terrain
|-damage|p1a: Zapdos|55/100 tox|[from] psn
|-damage|p2a: Toxapex|77/100 brn|[from] brn
|upkeep
|turn|41
|
|t:|1653241167
|switch|p2a: Landorus|Landorus-Therian, M|30/100
|-ability|p2a: Landorus|Intimidate|boost
|-unboost|p1a: Zapdos|atk|1
|move|p1a: Zapdos|Roost|p1a: Zapdos
|-heal|p1a: Zapdos|100/100 tox
|-singleturn|p1a: Zapdos|move: Roost
|
|-damage|p1a: Zapdos|88/100 tox|[from] psn
|-fieldend|move: Grassy Terrain
|upkeep
|turn|42
|l| hypno#1
|
|t:|1653241176
|move|p1a: Zapdos|Hurricane|p2a: Landorus
|-damage|p2a: Landorus|0 fnt
|faint|p2a: Landorus
|
|-damage|p1a: Zapdos|69/100 tox|[from] psn
|upkeep
|
|t:|1653241182
|switch|p2a: Dragapult|Dragapult, M|34/100
|turn|43
|
|t:|1653241187
|switch|p1a: Keldeo|Keldeo|82/100 tox
|move|p2a: Dragapult|Draco Meteor|p1a: Keldeo
|-damage|p1a: Keldeo|0 fnt
|-unboost|p2a: Dragapult|spa|2
|faint|p1a: Keldeo
|
|upkeep
|
|t:|1653241199
|switch|p1a: Rillaboom|Rillaboom, M|80/100
|-fieldstart|move: Grassy Terrain|[from] ability: Grassy Surge|[of] p1a: Rillaboom
|turn|44
|
|t:|1653241206
|move|p2a: Dragapult|Draco Meteor|p1a: Rillaboom
|-damage|p1a: Rillaboom|21/100
|-unboost|p2a: Dragapult|spa|2
|move|p1a: Rillaboom|Wood Hammer|p2a: Dragapult
|-resisted|p2a: Dragapult
|-damage|p2a: Dragapult|0 fnt
|faint|p2a: Dragapult
|-damage|p1a: Rillaboom|11/100|[from] Recoil
|
|-heal|p1a: Rillaboom|17/100|[from] Grassy Terrain
|upkeep
|
|t:|1653241216
|switch|p2a: Toxapex|Toxapex, M|100/100 brn
|turn|45
|
|t:|1653241228
|switch|p1a: Zapdos|Zapdos|69/100 tox
|switch|p2a: Alakazam|Alakazam, M|100/100
|
|-damage|p1a: Zapdos|63/100 tox|[from] psn
|upkeep
|turn|46
|
|t:|1653241245
|switch|p1a: Urshifu|Urshifu-Rapid-Strike, F|100/100
|move|p2a: Alakazam|Psyshock|p1a: Urshifu
|-supereffective|p1a: Urshifu
|-damage|p1a: Urshifu|0 fnt
|faint|p1a: Urshifu
|
|upkeep
|
|t:|1653241255
|switch|p1a: Rillaboom|Rillaboom, M|17/100
|turn|47
|
|t:|1653241258
|switch|p2a: Toxapex|Toxapex, M|100/100 brn
|move|p1a: Rillaboom|Grassy Glide|p2a: Toxapex
|-damage|p2a: Toxapex|74/100 brn
|
|-heal|p1a: Rillaboom|23/100|[from] Grassy Terrain
|-heal|p2a: Toxapex|80/100 brn|[from] Grassy Terrain
|-damage|p2a: Toxapex|74/100 brn|[from] brn
|upkeep
|turn|48
|
|t:|1653241268
|move|p1a: Rillaboom|U-turn|p2a: Toxapex
|-resisted|p2a: Toxapex
|-damage|p2a: Toxapex|67/100 brn
|
|t:|1653241269
|switch|p1a: Zapdos|Zapdos|63/100 tox|[from]move: U-turn
|move|p2a: Toxapex|Recover|p2a: Toxapex
|-heal|p2a: Toxapex|100/100 brn
|
|-damage|p1a: Zapdos|57/100 tox|[from] psn
|-damage|p2a: Toxapex|95/100 brn|[from] brn
|-fieldend|move: Grassy Terrain
|upkeep
|turn|49
|
|t:|1653241277
|move|p1a: Zapdos|Roost|p1a: Zapdos
|-heal|p1a: Zapdos|100/100 tox
|-singleturn|p1a: Zapdos|move: Roost
|move|p2a: Toxapex|Recover|p2a: Toxapex
|-heal|p2a: Toxapex|100/100 brn
|
|-damage|p1a: Zapdos|88/100 tox|[from] psn
|-damage|p2a: Toxapex|95/100 brn|[from] brn
|upkeep
|turn|50
|
|t:|1653241286
|move|p1a: Zapdos|Volt Switch|p2a: Toxapex
|-supereffective|p2a: Toxapex
|-damage|p2a: Toxapex|43/100 brn
|
|t:|1653241289
|switch|p1a: Landorus|Landorus-Therian, M|27/100|[from]move: Volt Switch
|-ability|p1a: Landorus|Intimidate|boost
|-unboost|p2a: Toxapex|atk|1
|move|p2a: Toxapex|Recover|p2a: Toxapex
|-heal|p2a: Toxapex|93/100 brn
|
|-damage|p2a: Toxapex|87/100 brn|[from] brn
|upkeep
|turn|51
|
|t:|1653241298
|move|p1a: Landorus|Earthquake|p2a: Toxapex
|-supereffective|p2a: Toxapex
|-damage|p2a: Toxapex|32/100 brn
|move|p2a: Toxapex|Scald|p1a: Landorus
|-supereffective|p1a: Landorus
|-damage|p1a: Landorus|0 fnt
|faint|p1a: Landorus
|
|-damage|p2a: Toxapex|26/100 brn|[from] brn
|upkeep
|
|t:|1653241304
|switch|p1a: Zapdos|Zapdos|88/100 tox
|turn|52
|
|t:|1653241308
|switch|p2a: Alakazam|Alakazam, M|100/100
|move|p1a: Zapdos|Volt Switch|p2a: Alakazam
|-damage|p2a: Alakazam|57/100
|
|t:|1653241310
|switch|p1a: Rillaboom|Rillaboom, M|23/100|[from]move: Volt Switch
|-fieldstart|move: Grassy Terrain|[from] ability: Grassy Surge|[of] p1a: Rillaboom
|
|-heal|p2a: Alakazam|63/100|[from] Grassy Terrain
|-heal|p1a: Rillaboom|29/100|[from] Grassy Terrain
|upkeep
|turn|53
|
|t:|1653241320
|move|p1a: Rillaboom|Grassy Glide|p2a: Alakazam
|-crit|p2a: Alakazam
|-damage|p2a: Alakazam|0 fnt
|faint|p2a: Alakazam
|
|-heal|p1a: Rillaboom|35/100|[from] Grassy Terrain
|upkeep
|
|t:|1653241325
|switch|p2a: Toxapex|Toxapex, M|59/100 brn
|turn|54
|
|t:|1653241331
|switch|p1a: Zapdos|Zapdos|88/100 tox
|move|p2a: Toxapex|Recover|p2a: Toxapex
|-heal|p2a: Toxapex|100/100 brn
|
|-damage|p1a: Zapdos|82/100 tox|[from] psn
|-damage|p2a: Toxapex|95/100 brn|[from] brn
|upkeep
|turn|55
|
|t:|1653241339
|move|p1a: Zapdos|Defog|p2a: Toxapex
|-unboost|p2a: Toxapex|evasion|1
|-fieldend|move: Grassy Terrain
|move|p2a: Toxapex|Recover|p2a: Toxapex
|-heal|p2a: Toxapex|100/100 brn
|
|-damage|p1a: Zapdos|69/100 tox|[from] psn
|-damage|p2a: Toxapex|95/100 brn|[from] brn
|upkeep
|turn|56
|
|t:|1653241347
|move|p1a: Zapdos|Volt Switch|p2a: Toxapex
|-supereffective|p2a: Toxapex
|-damage|p2a: Toxapex|43/100 brn
|
|t:|1653241349
|switch|p1a: Rillaboom|Rillaboom, M|35/100|[from]move: Volt Switch
|-fieldstart|move: Grassy Terrain|[from] ability: Grassy Surge|[of] p1a: Rillaboom
|move|p2a: Toxapex|Scald|p1a: Rillaboom
|-resisted|p1a: Rillaboom
|-damage|p1a: Rillaboom|25/100
|-status|p1a: Rillaboom|brn
|
|-heal|p1a: Rillaboom|32/100 brn|[from] Grassy Terrain
|-heal|p2a: Toxapex|49/100 brn|[from] Grassy Terrain
|-damage|p1a: Rillaboom|25/100 brn|[from] brn
|-damage|p2a: Toxapex|43/100 brn|[from] brn
|upkeep
|turn|57
|
|t:|1653241362
|switch|p1a: Zapdos|Zapdos|69/100 tox
|move|p2a: Toxapex|Recover|p2a: Toxapex
|-heal|p2a: Toxapex|93/100 brn
|
|-heal|p2a: Toxapex|99/100 brn|[from] Grassy Terrain
|-damage|p1a: Zapdos|63/100 tox|[from] psn
|-damage|p2a: Toxapex|93/100 brn|[from] brn
|upkeep
|turn|58
|
|t:|1653241375
|move|p1a: Zapdos|Roost|p1a: Zapdos
|-heal|p1a: Zapdos|100/100 tox
|-singleturn|p1a: Zapdos|move: Roost
|move|p2a: Toxapex|Scald|p1a: Zapdos
|-damage|p1a: Zapdos|86/100 tox
|
|-heal|p1a: Zapdos|93/100 tox|[from] Grassy Terrain
|-heal|p2a: Toxapex|99/100 brn|[from] Grassy Terrain
|-damage|p1a: Zapdos|80/100 tox|[from] psn
|-damage|p2a: Toxapex|93/100 brn|[from] brn
|upkeep
|turn|59
|
|t:|1653241387
|move|p1a: Zapdos|Volt Switch|p2a: Toxapex
|-supereffective|p2a: Toxapex
|-damage|p2a: Toxapex|42/100 brn
|
|t:|1653241389
|switch|p1a: Rillaboom|Rillaboom, M|25/100 brn|[from]move: Volt Switch
|move|p2a: Toxapex|Scald|p1a: Rillaboom
|-resisted|p1a: Rillaboom
|-damage|p1a: Rillaboom|16/100 brn
|
|-heal|p1a: Rillaboom|22/100 brn|[from] Grassy Terrain
|-heal|p2a: Toxapex|48/100 brn|[from] Grassy Terrain
|-damage|p1a: Rillaboom|16/100 brn|[from] brn
|-damage|p2a: Toxapex|42/100 brn|[from] brn
|upkeep
|turn|60
|
|t:|1653241399
|move|p1a: Rillaboom|U-turn|p2a: Toxapex
|-resisted|p2a: Toxapex
|-damage|p2a: Toxapex|38/100 brn
|
|t:|1653241400
|switch|p1a: Zapdos|Zapdos|80/100 tox|[from]move: U-turn
|move|p2a: Toxapex|Recover|p2a: Toxapex
|-heal|p2a: Toxapex|88/100 brn
|
|-heal|p2a: Toxapex|94/100 brn|[from] Grassy Terrain
|-damage|p1a: Zapdos|74/100 tox|[from] psn
|-damage|p2a: Toxapex|88/100 brn|[from] brn
|-fieldend|move: Grassy Terrain
|upkeep
|turn|61
|
|t:|1653241410
|move|p1a: Zapdos|Hurricane|p2a: Toxapex
|-damage|p2a: Toxapex|52/100 brn
|move|p2a: Toxapex|Scald|p1a: Zapdos
|-damage|p1a: Zapdos|60/100 tox
|
|-damage|p1a: Zapdos|48/100 tox|[from] psn
|-damage|p2a: Toxapex|46/100 brn|[from] brn
|upkeep
|turn|62
|
|t:|1653241418
|move|p1a: Zapdos|Volt Switch|p2a: Toxapex
|-supereffective|p2a: Toxapex
|-damage|p2a: Toxapex|0 fnt
|faint|p2a: Toxapex
|
|win|wally waffles
|raw|wally waffles's rating: 1643 &rarr; <strong>1664</strong><br />(+21 for winning)
|raw|2(H2O)'s rating: 1665 &rarr; <strong>1644</strong><br />(-21 for losing)
|c|☆wally waffles|gg
|c|☆2(H2O)|gg
|l| idgasab
|l|☆2(H2O)
|l|☆wally waffles
|l| Bunch24
||Ladder isn't responding, score probably updated but might not have (Request timeout).
