|j|☆Omari P
|j|☆early_human
|player|p1|Omari P|pokemonrangerf|1836
|player|p2|early_human|101|1744
|teamsize|p1|6
|teamsize|p2|6
|gametype|singles
|gen|8
|tier|[Gen 8] OU
|rated|
|clearpoke
|poke|p1|Mandibuzz, F|
|poke|p1|Mew|
|poke|p1|Haxorus, F|
|poke|p1|Mamoswine, M|
|poke|p1|Gengar, F|
|poke|p1|Toxtricity, M|
|poke|p2|Seismitoad, F|
|poke|p2|Clefable, F|
|poke|p2|Mandibuzz, F|
|poke|p2|Ferrothorn, F|
|poke|p2|Rotom-Heat|
|poke|p2|Dugtrio, F|
|rule|Sleep Clause Mod: Limit one foe put to sleep
|rule|Species Clause: Limit one of each Pokémon
|rule|OHKO Clause: OHKO moves are banned
|rule|Evasion Moves Clause: Evasion moves are banned
|rule|Endless Battle Clause: Forcing endless battles is banned
|rule|HP Percentage Mod: HP is shown in percentages
|rule|Dynamax Clause: You cannot dynamax
|teampreview
|inactive|Battle timer is ON: inactive players will automatically lose when time's up. (requested by Omari P)
|
|start
|switch|p1a: Mamoswine|Mamoswine, M|100/100
|switch|p2a: Seismitoad|Seismitoad, F|100/100
|turn|1
|
|move|p1a: Mamoswine|Freeze-Dry|p2a: Seismitoad
|-supereffective|p2a: Seismitoad
|-damage|p2a: Seismitoad|0 fnt
|faint|p2a: Seismitoad
|
|upkeep
|
|switch|p2a: Ferrothorn|Ferrothorn, F|100/100
|turn|2
|
|move|p1a: Mamoswine|Earthquake|p2a: Ferrothorn
|-damage|p2a: Ferrothorn|56/100
|move|p2a: Ferrothorn|Power Whip|p1a: Mamoswine
|-supereffective|p1a: Mamoswine
|-damage|p1a: Mamoswine|9/100
|
|-heal|p2a: Ferrothorn|62/100|[from] item: Leftovers
|upkeep
|turn|3
|
|move|p1a: Mamoswine|Stealth Rock|p2a: Ferrothorn
|-sidestart|p2: early_human|move: Stealth Rock
|move|p2a: Ferrothorn|Leech Seed|p1a: Mamoswine
|-start|p1a: Mamoswine|move: Leech Seed
|
|-heal|p2a: Ferrothorn|68/100|[from] item: Leftovers
|-damage|p1a: Mamoswine|0 fnt|[from] Leech Seed|[of] p2a: Ferrothorn
|-heal|p2a: Ferrothorn|77/100|[silent]
|faint|p1a: Mamoswine
|upkeep
|
|switch|p1a: Mew|Mew|100/100
|turn|4
|
|switch|p2a: Mandibuzz|Mandibuzz, F|100/100
|move|p1a: Mew|Fire Blast|p2a: Mandibuzz
|-damage|p2a: Mandibuzz|80/100
|
|upkeep
|turn|5
|
|move|p1a: Mew|Nasty Plot|p1a: Mew
|-boost|p1a: Mew|spa|2
|move|p2a: Mandibuzz|Foul Play|p1a: Mew
|-supereffective|p1a: Mew
|-damage|p1a: Mew|51/100
|
|upkeep
|turn|6
|
|move|p1a: Mew|Dazzling Gleam|p2a: Mandibuzz
|-supereffective|p2a: Mandibuzz
|-damage|p2a: Mandibuzz|23/100
|move|p2a: Mandibuzz|Roost|p2a: Mandibuzz
|-heal|p2a: Mandibuzz|73/100
|-singleturn|p2a: Mandibuzz|move: Roost
|
|upkeep
|turn|7
|
|move|p1a: Mew|Dazzling Gleam|p2a: Mandibuzz
|-supereffective|p2a: Mandibuzz
|-damage|p2a: Mandibuzz|21/100
|move|p2a: Mandibuzz|U-turn|p1a: Mew
|-supereffective|p1a: Mew
|-damage|p1a: Mew|30/100
|
|switch|p2a: Dugtrio|Dugtrio, F|100/100|[from]move: U-turn
|-damage|p2a: Dugtrio|94/100|[from] Stealth Rock
|
|upkeep
|turn|8
|
|move|p2a: Dugtrio|Earthquake|p1a: Mew
|-damage|p1a: Mew|0 fnt
|faint|p1a: Mew
|
|upkeep
|j| dominos_jp
|
|switch|p1a: Gengar|Gengar, F, shiny|100/100
|turn|9
|
|move|p2a: Dugtrio|Earthquake|p1a: Gengar
|-supereffective|p1a: Gengar
|-enditem|p1a: Gengar|Focus Sash
|-damage|p1a: Gengar|1/100
|move|p1a: Gengar|Shadow Ball|p2a: Dugtrio
|-damage|p2a: Dugtrio|0 fnt
|faint|p2a: Dugtrio
|
|upkeep
|
|switch|p2a: Ferrothorn|Ferrothorn, F|77/100
|-damage|p2a: Ferrothorn|70/100|[from] Stealth Rock
|turn|10
|
|move|p2a: Ferrothorn|Protect|p2a: Ferrothorn
|-singleturn|p2a: Ferrothorn|Protect
|move|p1a: Gengar|Focus Blast|p2a: Ferrothorn
|-activate|p2a: Ferrothorn|move: Protect
|
|-heal|p2a: Ferrothorn|77/100|[from] item: Leftovers
|upkeep
|turn|11
|
|move|p1a: Gengar|Focus Blast|p2a: Ferrothorn|[miss]
|-miss|p1a: Gengar|p2a: Ferrothorn
|move|p2a: Ferrothorn|Leech Seed|p1a: Gengar|[miss]
|-miss|p2a: Ferrothorn|p1a: Gengar
|
|-heal|p2a: Ferrothorn|83/100|[from] item: Leftovers
|upkeep
|turn|12
|
|move|p2a: Ferrothorn|Protect|p2a: Ferrothorn
|-singleturn|p2a: Ferrothorn|Protect
|move|p1a: Gengar|Nasty Plot|p1a: Gengar
|-boost|p1a: Gengar|spa|2
|
|-heal|p2a: Ferrothorn|89/100|[from] item: Leftovers
|upkeep
|turn|13
|
|move|p1a: Gengar|Focus Blast|p2a: Ferrothorn
|-supereffective|p2a: Ferrothorn
|-damage|p2a: Ferrothorn|0 fnt
|faint|p2a: Ferrothorn
|
|upkeep
|j| dynamax etu
|-message|early_human forfeited.
|
|win|Omari P
|l|☆early_human
|raw|Omari P's rating: 1836 &rarr; <strong>1851</strong><br />(+15 for winning)
|raw|early_human's rating: 1744 &rarr; <strong>1729</strong><br />(-15 for losing)
|l| dynamax etu
|l| dominos_jp
