|j|☆Monsieur Eans
|j|☆Verdas1128
|t:|1658861278
|gametype|singles
|player|p1|Monsieur Eans|backers|1492
|player|p2|Verdas1128|caitlin|1478
|teamsize|p1|6
|teamsize|p2|6
|gen|8
|tier|[Gen 8] OU
|rated|
|rule|Sleep Clause Mod: Limit one foe put to sleep
|rule|Species Clause: Limit one of each Pokémon
|rule|OHKO Clause: OHKO moves are banned
|rule|Evasion Moves Clause: Evasion moves are banned
|rule|Endless Battle Clause: Forcing endless battles is banned
|rule|HP Percentage Mod: HP is shown in percentages
|rule|Dynamax Clause: You cannot dynamax
|clearpoke
|poke|p1|Rotom-Heat|
|poke|p1|Zeraora|
|poke|p1|Rillaboom, F|
|poke|p1|Melmetal|
|poke|p1|Slowking-Galar, F|
|poke|p1|Excadrill, M|
|poke|p2|Tyranitar, F|
|poke|p2|Excadrill, M|
|poke|p2|Rotom-Wash|
|poke|p2|Buzzwole|
|poke|p2|Ferrothorn, F|
|poke|p2|Dragapult, M|
|teampreview
|inactive|Battle timer is ON: inactive players will automatically lose when time's up. (requested by Verdas1128)
|
|t:|1658861331
|start
|switch|p1a: Zeraora|Zeraora|100/100
|switch|p2a: Rotom|Rotom-Wash, shiny|100/100
|turn|1
|
|t:|1658861337
|move|p1a: Zeraora|Knock Off|p2a: Rotom
|-damage|p2a: Rotom|70/100
|-enditem|p2a: Rotom|Leftovers|[from] move: Knock Off|[of] p1a: Zeraora
|move|p2a: Rotom|Hydro Pump|p1a: Zeraora
|-damage|p1a: Zeraora|50/100
|
|upkeep
|turn|2
|
|t:|1658861348
|move|p1a: Zeraora|Volt Switch|p2a: Rotom
|-damage|p2a: Rotom|50/100
|
|t:|1658861359
|switch|p1a: Slowking|Slowking-Galar, F|100/100|[from]move: Volt Switch
|move|p2a: Rotom|Volt Switch|p1a: Slowking
|-damage|p1a: Slowking|85/100
|
|t:|1658861362
|switch|p2a: Tyranitar|Tyranitar, F, shiny|100/100|[from]move: Volt Switch
|-weather|Sandstorm|[from] ability: Sand Stream|[of] p2a: Tyranitar
|
|-weather|Sandstorm|[upkeep]
|-damage|p1a: Slowking|79/100|[from] Sandstorm
|-heal|p1a: Slowking|85/100|[from] item: Black Sludge
|upkeep
|turn|3
|
|t:|1658861375
|switch|p1a: Melmetal|Melmetal|100/100
|move|p2a: Tyranitar|Crunch|p1a: Melmetal
|-damage|p1a: Melmetal|71/100
|
|-weather|Sandstorm|[upkeep]
|-heal|p1a: Melmetal|77/100|[from] item: Leftovers
|upkeep
|turn|4
|
|t:|1658861389
|switch|p2a: Rotom|Rotom-Wash, shiny|50/100
|move|p1a: Melmetal|Acid Armor|p1a: Melmetal
|-boost|p1a: Melmetal|def|2
|
|-weather|Sandstorm|[upkeep]
|-damage|p2a: Rotom|44/100|[from] Sandstorm
|-heal|p1a: Melmetal|83/100|[from] item: Leftovers
|upkeep
|turn|5
|
|t:|1658861398
|move|p2a: Rotom|Pain Split|p1a: Melmetal
|-sethp|p1a: Melmetal|56/100|[from] move: Pain Split|[silent]
|-sethp|p2a: Rotom|87/100|[from] move: Pain Split
|move|p1a: Melmetal|Body Press|p2a: Rotom
|-damage|p2a: Rotom|16/100
|
|-weather|Sandstorm|[upkeep]
|-damage|p2a: Rotom|9/100|[from] Sandstorm
|-heal|p1a: Melmetal|62/100|[from] item: Leftovers
|upkeep
|turn|6
|
|t:|1658861408
|move|p2a: Rotom|Pain Split|p1a: Melmetal
|-sethp|p1a: Melmetal|34/100|[from] move: Pain Split|[silent]
|-sethp|p2a: Rotom|53/100|[from] move: Pain Split
|move|p1a: Melmetal|Body Press|p2a: Rotom
|-damage|p2a: Rotom|0 fnt
|faint|p2a: Rotom
|
|-weather|none
|-heal|p1a: Melmetal|40/100|[from] item: Leftovers
|upkeep
|
|t:|1658861415
|switch|p2a: Dragapult|Dragapult, M, shiny|100/100
|turn|7
|
|t:|1658861418
|move|p1a: Melmetal|Protect|p1a: Melmetal
|-singleturn|p1a: Melmetal|Protect
|move|p2a: Dragapult|Flamethrower|p1a: Melmetal
|-activate|p1a: Melmetal|move: Protect
|
|-heal|p1a: Melmetal|46/100|[from] item: Leftovers
|upkeep
|turn|8
|
|t:|1658861440
|switch|p1a: Slowking|Slowking-Galar, F|100/100
|move|p2a: Dragapult|Flamethrower|p1a: Slowking
|-damage|p1a: Slowking|77/100
|
|-heal|p1a: Slowking|83/100|[from] item: Black Sludge
|upkeep
|turn|9
|
|t:|1658861446
|switch|p2a: Tyranitar|Tyranitar, F, shiny|100/100
|-weather|Sandstorm|[from] ability: Sand Stream|[of] p2a: Tyranitar
|move|p1a: Slowking|Future Sight|p2a: Tyranitar
|-start|p1a: Slowking|move: Future Sight
|
|-weather|Sandstorm|[upkeep]
|-damage|p1a: Slowking|77/100|[from] Sandstorm
|-heal|p1a: Slowking|83/100|[from] item: Black Sludge
|upkeep
|turn|10
|
|t:|1658861455
|switch|p1a: Rillaboom|Rillaboom, F|100/100
|-fieldstart|move: Grassy Terrain|[from] ability: Grassy Surge|[of] p1a: Rillaboom
|move|p2a: Tyranitar|Crunch|p1a: Rillaboom
|-damage|p1a: Rillaboom|19/100
|
|-weather|Sandstorm|[upkeep]
|-damage|p1a: Rillaboom|13/100|[from] Sandstorm
|-heal|p1a: Rillaboom|19/100|[from] Grassy Terrain
|upkeep
|turn|11
|j| FENDINI
|
|t:|1658861459
|switch|p2a: Buzzwole|Buzzwole, shiny|100/100
|move|p1a: Rillaboom|Superpower|p2a: Buzzwole
|-resisted|p2a: Buzzwole
|-damage|p2a: Buzzwole|77/100
|-unboost|p1a: Rillaboom|atk|1
|-unboost|p1a: Rillaboom|def|1
|
|-weather|Sandstorm|[upkeep]
|-damage|p1a: Rillaboom|13/100|[from] Sandstorm
|-damage|p2a: Buzzwole|71/100|[from] Sandstorm
|-end|p2a: Buzzwole|move: Future Sight
|-supereffective|p2a: Buzzwole
|-damage|p2a: Buzzwole|0 fnt
|faint|p2a: Buzzwole
|-heal|p1a: Rillaboom|19/100|[from] Grassy Terrain
|upkeep
|
|t:|1658861469
|switch|p2a: Dragapult|Dragapult, M, shiny|100/100
|turn|12
|
|t:|1658861479
|switch|p1a: Slowking|Slowking-Galar, F|100/100
|move|p2a: Dragapult|U-turn|p1a: Slowking
|-damage|p1a: Slowking|83/100
|
|t:|1658861481
|switch|p2a: Tyranitar|Tyranitar, F, shiny|100/100|[from]move: U-turn
|
|-weather|Sandstorm|[upkeep]
|-damage|p1a: Slowking|77/100|[from] Sandstorm
|-heal|p1a: Slowking|83/100|[from] Grassy Terrain
|-heal|p1a: Slowking|89/100|[from] item: Black Sludge
|upkeep
|turn|13
|
|t:|1658861486
|switch|p1a: Melmetal|Melmetal|46/100
|move|p2a: Tyranitar|Crunch|p1a: Melmetal
|-damage|p1a: Melmetal|19/100
|
|-weather|none
|-heal|p1a: Melmetal|26/100|[from] Grassy Terrain
|-heal|p1a: Melmetal|32/100|[from] item: Leftovers
|upkeep
|turn|14
|
|t:|1658861495
|move|p2a: Tyranitar|Crunch|p1a: Melmetal
|-damage|p1a: Melmetal|2/100
|move|p1a: Melmetal|Double Iron Bash|p2a: Tyranitar
|-supereffective|p2a: Tyranitar
|-damage|p2a: Tyranitar|33/100
|-supereffective|p2a: Tyranitar
|-damage|p2a: Tyranitar|0 fnt
|faint|p2a: Tyranitar
|-hitcount|p2: Tyranitar|2
|
|-heal|p1a: Melmetal|9/100|[from] Grassy Terrain
|-heal|p1a: Melmetal|15/100|[from] item: Leftovers
|-fieldend|move: Grassy Terrain
|upkeep
|
|t:|1658861502
|switch|p2a: Excadrill|Excadrill, M, shiny|100/100
|turn|15
|
|t:|1658861505
|move|p2a: Excadrill|Earthquake|p1a: Melmetal
|-supereffective|p1a: Melmetal
|-damage|p1a: Melmetal|0 fnt
|faint|p1a: Melmetal
|
|upkeep
|
|t:|1658861512
|switch|p1a: Rotom|Rotom-Heat|100/100
|turn|16
|
|t:|1658861515
|switch|p2a: Dragapult|Dragapult, M, shiny|100/100
|move|p1a: Rotom|Overheat|p2a: Dragapult
|-resisted|p2a: Dragapult
|-damage|p2a: Dragapult|37/100
|-unboost|p1a: Rotom|spa|2
|
|upkeep
|turn|17
|
|t:|1658861526
|switch|p1a: Slowking|Slowking-Galar, F|100/100
|move|p2a: Dragapult|Draco Meteor|p1a: Slowking
|-damage|p1a: Slowking|51/100
|-unboost|p2a: Dragapult|spa|2
|
|-heal|p1a: Slowking|57/100|[from] item: Black Sludge
|upkeep
|turn|18
|c|☆Verdas1128|gg
|c|☆Monsieur Eans|GG
|-message|Verdas1128 forfeited.
|
|win|Monsieur Eans
|raw|Monsieur Eans's rating: 1492 &rarr; <strong>1511</strong><br />(+19 for winning)
|raw|Verdas1128's rating: 1478 &rarr; <strong>1459</strong><br />(-19 for losing)
|l|☆Verdas1128
|l| FENDINI
||Ladder isn't responding, score probably updated but might not have (Request timeout).
