|j|☆misplayin
|j|☆Firelord Term
|t:|1665351154
|gametype|singles
|player|p1|misplayin|pokemonrangerf-gen4|
|player|p2|Firelord Term|flint|
|teamsize|p1|6
|teamsize|p2|6
|gen|8
|tier|[Gen 8] OU
|rule|Sleep Clause Mod: Limit one foe put to sleep
|rule|Species Clause: Limit one of each Pokémon
|rule|OHKO Clause: OHKO moves are banned
|rule|Evasion Items Clause: Evasion items are banned
|rule|Evasion Moves Clause: Evasion moves are banned
|rule|Endless Battle Clause: Forcing endless battles is banned
|rule|HP Percentage Mod: HP is shown in percentages
|rule|Dynamax Clause: You cannot dynamax
|clearpoke
|poke|p1|Obstagoon, F|
|poke|p1|Garchomp, F|
|poke|p1|Pelipper, F|
|poke|p1|Buzzwole|
|poke|p1|Tornadus-Therian, M|
|poke|p1|Tapu Koko|
|poke|p2|Mamoswine, F|
|poke|p2|Araquanid, F|
|poke|p2|Rillaboom, M|
|poke|p2|Hawlucha, M|
|poke|p2|Ninetales-Alola, F|
|poke|p2|Arctozolt|
|teampreview
|inactive|Battle timer is ON: inactive players will automatically lose when time's up. (requested by misplayin)
|inactive|Firelord Term also wants the timer to be on.
|inactive|misplayin has 270 seconds left.
|inactive|Firelord Term has 270 seconds left.
|c|☆misplayin|gl friend
|
|t:|1665351195
|start
|switch|p1a: Pelipper|Pelipper, F|100/100
|switch|p2a: Mamoswine|Mamoswine, F|100/100
|-weather|RainDance|[from] ability: Drizzle|[of] p1a: Pelipper
|turn|1
|c|☆Firelord Term|u too
|
|t:|1665351213
|switch|p2a: Ninetales|Ninetales-Alola, F|100/100
|-weather|Hail|[from] ability: Snow Warning|[of] p2a: Ninetales
|move|p1a: Pelipper|Scald|p2a: Ninetales
|-damage|p2a: Ninetales|47/100
|
|-weather|Hail|[upkeep]
|-damage|p1a: Pelipper|94/100|[from] Hail
|upkeep
|turn|2
|
|t:|1665351218
|switch|p1a: Tornadus|Tornadus-Therian, M|100/100
|move|p2a: Ninetales|Aurora Veil|p2a: Ninetales
|-sidestart|p2: Firelord Term|move: Aurora Veil
|
|-weather|Hail|[upkeep]
|-damage|p1a: Tornadus|94/100|[from] Hail
|upkeep
|turn|3
|
|t:|1665351223
|switch|p2a: Arctozolt|Arctozolt|100/100
|move|p1a: Tornadus|Knock Off|p2a: Arctozolt
|-damage|p2a: Arctozolt|89/100
|-enditem|p2a: Arctozolt|Expert Belt|[from] move: Knock Off|[of] p1a: Tornadus
|
|-weather|Hail|[upkeep]
|-damage|p1a: Tornadus|88/100|[from] Hail
|upkeep
|turn|4
|
|t:|1665351235
|switch|p1a: Buzzwole|Buzzwole|100/100
|move|p2a: Arctozolt|Blizzard|p1a: Buzzwole
|-damage|p1a: Buzzwole|57/100
|
|-weather|Hail|[upkeep]
|-damage|p1a: Buzzwole|51/100|[from] Hail
|upkeep
|turn|5
|inactive|misplayin has 270 seconds left.
|
|t:|1665351286
|switch|p2a: Araquanid|Araquanid, F|100/100
|move|p1a: Buzzwole|Close Combat|p2a: Araquanid
|-resisted|p2a: Araquanid
|-damage|p2a: Araquanid|87/100
|-unboost|p1a: Buzzwole|def|1
|-unboost|p1a: Buzzwole|spd|1
|-damage|p1a: Buzzwole|34/100|[from] item: Rocky Helmet|[of] p2a: Araquanid
|
|-weather|Hail|[upkeep]
|-damage|p1a: Buzzwole|28/100|[from] Hail
|-damage|p2a: Araquanid|81/100|[from] Hail
|upkeep
|turn|6
|
|t:|1665351293
|switch|p1a: Tornadus|Tornadus-Therian, M|100/100
|move|p2a: Araquanid|Toxic|p1a: Tornadus
|-status|p1a: Tornadus|tox
|
|-weather|Hail|[upkeep]
|-damage|p1a: Tornadus|94/100 tox|[from] Hail
|-damage|p2a: Araquanid|74/100|[from] Hail
|-damage|p1a: Tornadus|88/100 tox|[from] psn
|-sideend|p2: Firelord Term|move: Aurora Veil
|upkeep
|turn|7
|
|t:|1665351301
|switch|p2a: Arctozolt|Arctozolt|89/100
|move|p1a: Tornadus|Hurricane|p2a: Arctozolt|[miss]
|-miss|p1a: Tornadus|p2a: Arctozolt
|
|-weather|Hail|[upkeep]
|-damage|p1a: Tornadus|82/100 tox|[from] Hail
|-damage|p1a: Tornadus|70/100 tox|[from] psn
|upkeep
|turn|8
|
|t:|1665351305
|switch|p1a: Buzzwole|Buzzwole|28/100
|move|p2a: Arctozolt|Bolt Beak|p1a: Buzzwole
|-damage|p1a: Buzzwole|0 fnt
|-damage|p2a: Arctozolt|73/100|[from] item: Rocky Helmet|[of] p1a: Buzzwole
|faint|p1a: Buzzwole
|
|-weather|none
|upkeep
|inactive|misplayin has 270 seconds left.
|
|t:|1665351312
|switch|p1a: Obstagoon|Obstagoon, F|100/100
|turn|9
|
|t:|1665351316
|switch|p2a: Ninetales|Ninetales-Alola, F|47/100
|-weather|Hail|[from] ability: Snow Warning|[of] p2a: Ninetales
|move|p1a: Obstagoon|Knock Off|p2a: Ninetales
|-resisted|p2a: Ninetales
|-damage|p2a: Ninetales|22/100
|-enditem|p2a: Ninetales|Icy Rock|[from] move: Knock Off|[of] p1a: Obstagoon
|
|-weather|Hail|[upkeep]
|-damage|p1a: Obstagoon|94/100|[from] Hail
|-status|p1a: Obstagoon|brn|[from] item: Flame Orb
|upkeep
|turn|10
|
|t:|1665351322
|move|p2a: Ninetales|Encore|p1a: Obstagoon
|-start|p1a: Obstagoon|Encore
|move|p1a: Obstagoon|Knock Off|p2a: Ninetales
|-resisted|p2a: Ninetales
|-damage|p2a: Ninetales|0 fnt
|faint|p2a: Ninetales
|
|-weather|Hail|[upkeep]
|-damage|p1a: Obstagoon|88/100 brn|[from] Hail
|-damage|p1a: Obstagoon|82/100 brn|[from] brn
|upkeep
|
|t:|1665351325
|switch|p2a: Arctozolt|Arctozolt|73/100
|turn|11
|
|t:|1665351332
|switch|p1a: Pelipper|Pelipper, F|94/100
|-weather|RainDance|[from] ability: Drizzle|[of] p1a: Pelipper
|move|p2a: Arctozolt|Low Kick|p1a: Pelipper
|-resisted|p1a: Pelipper
|-damage|p1a: Pelipper|83/100
|
|-weather|RainDance|[upkeep]
|upkeep
|turn|12
|
|t:|1665351343
|switch|p1a: Garchomp|Garchomp, F|100/100
|move|p2a: Arctozolt|Blizzard|p1a: Garchomp|[miss]
|-miss|p2a: Arctozolt|p1a: Garchomp
|
|-weather|RainDance|[upkeep]
|upkeep
|turn|13
|j| luminarie
|c| luminarie|ayy
|
|t:|1665351353
|move|p1a: Garchomp|Earthquake|p2a: Arctozolt
|-supereffective|p2a: Arctozolt
|-damage|p2a: Arctozolt|0 fnt
|faint|p2a: Arctozolt
|
|-weather|RainDance|[upkeep]
|upkeep
|c|☆Firelord Term|thats unfort
|c| luminarie|im here to spectate fellas
|c|☆misplayin|hella
|j| is vae okay??
|c| luminarie|lemme just watch the turns back rq
|
|t:|1665351372
|switch|p2a: Araquanid|Araquanid, F|74/100
|turn|14
|c| is vae okay??|terminator
|
|t:|1665351378
|move|p1a: Garchomp|Stealth Rock|p2a: Araquanid
|-sidestart|p2: Firelord Term|move: Stealth Rock
|move|p2a: Araquanid|Liquidation|p1a: Garchomp
|-damage|p1a: Garchomp|14/100
|-unboost|p1a: Garchomp|def|1
|-damage|p2a: Araquanid|62/100|[from] ability: Rough Skin|[of] p1a: Garchomp
|
|-weather|RainDance|[upkeep]
|-heal|p1a: Garchomp|20/100|[from] item: Leftovers
|upkeep
|turn|15
|c| is vae okay??|i'd never take this
|
|t:|1665351385
|move|p1a: Garchomp|Protect|p1a: Garchomp
|-singleturn|p1a: Garchomp|Protect
|move|p2a: Araquanid|Sticky Web|p1a: Garchomp
|-sidestart|p1: misplayin|move: Sticky Web
|
|-weather|none
|-heal|p1a: Garchomp|26/100|[from] item: Leftovers
|upkeep
|turn|16
|
|t:|1665351388
|move|p1a: Garchomp|Earthquake|p2a: Araquanid
|-resisted|p2a: Araquanid
|-damage|p2a: Araquanid|38/100
|move|p2a: Araquanid|Liquidation|p1a: Garchomp
|-damage|p1a: Garchomp|0 fnt
|-damage|p2a: Araquanid|26/100|[from] ability: Rough Skin|[of] p1a: Garchomp
|faint|p1a: Garchomp
|
|upkeep
|
|t:|1665351392
|switch|p1a: Pelipper|Pelipper, F|83/100
|-weather|RainDance|[from] ability: Drizzle|[of] p1a: Pelipper
|turn|17
|
|t:|1665351394
|move|p1a: Pelipper|Hurricane|p2a: Araquanid
|-supereffective|p2a: Araquanid
|-damage|p2a: Araquanid|0 fnt
|faint|p2a: Araquanid
|
|-weather|RainDance|[upkeep]
|upkeep
|
|t:|1665351402
|switch|p2a: Rillaboom|Rillaboom, M|100/100
|-damage|p2a: Rillaboom|88/100|[from] Stealth Rock
|-fieldstart|move: Grassy Terrain|[from] ability: Grassy Surge|[of] p2a: Rillaboom
|turn|18
|
|t:|1665351406
|move|p2a: Rillaboom|U-turn|p1a: Pelipper
|-resisted|p1a: Pelipper
|-damage|p1a: Pelipper|57/100
|
|t:|1665351409
|switch|p2a: Mamoswine|Mamoswine, F|100/100|[from]move: U-turn
|-damage|p2a: Mamoswine|88/100|[from] Stealth Rock
|move|p1a: Pelipper|Hurricane|p2a: Mamoswine
|-damage|p2a: Mamoswine|0 fnt
|faint|p2a: Mamoswine
|
|-weather|RainDance|[upkeep]
|upkeep
|c| is vae okay??|o wait nvm. this ni66a jay boutta get attacked by mamoswine
|c|☆Firelord Term|lmao
|c| luminarie|im in awe of what ive been seeing
|c| is vae okay??|uhh nmv, jayy's boutta be attacked by hawlucha
|
|t:|1665351430
|switch|p2a: Bravo|Hawlucha, M|100/100
|-damage|p2a: Bravo|88/100|[from] Stealth Rock
|-enditem|p2a: Bravo|Grassy Seed
|-boost|p2a: Bravo|def|1|[from] item: Grassy Seed
|turn|19
|c| luminarie|lucha dies here
|c|☆Firelord Term|pelipper doesnt die
|
|t:|1665351442
|move|p2a: Bravo|Acrobatics|p1a: Pelipper
|-damage|p1a: Pelipper|0 fnt
|faint|p1a: Pelipper
|
|-weather|RainDance|[upkeep]
|upkeep
|c|☆Firelord Term|nvm
|c| is vae okay??|yea
|c| is vae okay??|goofballs
|c|☆misplayin|im specs
|
|t:|1665351451
|switch|p1a: Tapu Koko|Tapu Koko|100/100
|-fieldstart|move: Electric Terrain|[from] ability: Electric Surge|[of] p1a: Tapu Koko
|turn|20
|c| luminarie|peli is such a shit pokemon bro
|c| luminarie|rain is all it has
|c| is vae okay??|you bugging luminarie
|c| is vae okay??|specs pelipper's brazy
|c| luminarie|na na dont get me wrong
|c|☆Firelord Term|i lose to torn tho
|c| luminarie|peli is fun to use
|c| luminarie|but when u look at the stats
|
|t:|1665351475
|move|p2a: Bravo|Acrobatics|p1a: Tapu Koko
|-resisted|p1a: Tapu Koko
|-damage|p1a: Tapu Koko|69/100
|move|p1a: Tapu Koko|Thunderbolt|p2a: Bravo
|-supereffective|p2a: Bravo
|-damage|p2a: Bravo|0 fnt
|faint|p2a: Bravo
|
|-weather|RainDance|[upkeep]
|upkeep
|c| luminarie|its so fuckin shit
|
|t:|1665351478
|switch|p2a: Rillaboom|Rillaboom, M|88/100
|-damage|p2a: Rillaboom|76/100|[from] Stealth Rock
|-fieldstart|move: Grassy Terrain|[from] ability: Grassy Surge|[of] p2a: Rillaboom
|turn|21
|c| luminarie|i like specs on semi rain too doe
|
|t:|1665351482
|switch|p1a: Obstagoon|Obstagoon, F|82/100 brn
|-activate|p1a: Obstagoon|move: Sticky Web
|-unboost|p1a: Obstagoon|spe|1
|move|p2a: Rillaboom|Grassy Glide|p1a: Obstagoon
|-damage|p1a: Obstagoon|4/100 brn
|
|-weather|none
|-heal|p2a: Rillaboom|82/100|[from] Grassy Terrain
|-heal|p1a: Obstagoon|10/100 brn|[from] Grassy Terrain
|-damage|p1a: Obstagoon|4/100 brn|[from] brn
|upkeep
|turn|22
|
|t:|1665351484
|move|p2a: Rillaboom|Grassy Glide|p1a: Obstagoon
|-damage|p1a: Obstagoon|0 fnt
|faint|p1a: Obstagoon
|
|-heal|p2a: Rillaboom|88/100|[from] Grassy Terrain
|upkeep
|
|t:|1665351486
|switch|p1a: Tornadus|Tornadus-Therian, M|100/100 tox
|turn|23
|
|t:|1665351488
|move|p2a: Rillaboom|Grassy Glide|p1a: Tornadus
|-resisted|p1a: Tornadus
|-damage|p1a: Tornadus|59/100 tox
|move|p1a: Tornadus|Hurricane|p2a: Rillaboom
|-supereffective|p2a: Rillaboom
|-damage|p2a: Rillaboom|0 fnt
|faint|p2a: Rillaboom
|
|win|misplayin
|c|☆Firelord Term|gg
|c| is vae okay??|firelord term it aint over yet ni66a, u forgetting about the accuracy of hurricane
|c|☆misplayin|gg
|c|☆Firelord Term|i choked on the mamo switch
|c| is vae okay??|o
