|j|☆Cowsrule247
|j|☆BasedLordATV
|t:|1667951849
|gametype|singles
|player|p1|Cowsrule247|skyla|1666
|player|p2|BasedLordATV|tuberf|1700
|teamsize|p1|6
|teamsize|p2|6
|gen|8
|tier|[Gen 8] OU
|rated|
|rule|Sleep Clause Mod: Limit one foe put to sleep
|rule|Species Clause: Limit one of each Pokémon
|rule|OHKO Clause: OHKO moves are banned
|rule|Evasion Items Clause: Evasion items are banned
|rule|Evasion Moves Clause: Evasion moves are banned
|rule|Endless Battle Clause: Forcing endless battles is banned
|rule|HP Percentage Mod: HP is shown in percentages
|rule|Dynamax Clause: You cannot dynamax
|clearpoke
|poke|p1|Corviknight, F|
|poke|p1|Gastrodon-East, F|
|poke|p1|Toxapex, F|
|poke|p1|Buzzwole|
|poke|p1|Clefable, M|
|poke|p1|Blissey, F|
|poke|p2|Aegislash, F|
|poke|p2|Hydreigon, F|
|poke|p2|Tornadus-Therian, M|
|poke|p2|Garchomp, M|
|poke|p2|Clefable, M|
|poke|p2|Doublade, M|
|teampreview
|inactive|Battle timer is ON: inactive players will automatically lose when time's up. (requested by Cowsrule247)
|
|t:|1667951867
|start
|switch|p1a: HitEmFromTheEast|Gastrodon-East, F|100/100
|switch|p2a: Tornadus|Tornadus-Therian, M|100/100
|turn|1
|
|t:|1667951870
|move|p2a: Tornadus|Knock Off|p1a: HitEmFromTheEast
|-damage|p1a: HitEmFromTheEast|80/100
|-activate|p1a: HitEmFromTheEast|ability: Sticky Hold
|move|p1a: HitEmFromTheEast|Toxic|p2a: Tornadus
|-status|p2a: Tornadus|tox
|
|-heal|p1a: HitEmFromTheEast|86/100|[from] item: Leftovers
|-damage|p2a: Tornadus|94/100 tox|[from] psn
|upkeep
|turn|2
|
|t:|1667951882
|move|p2a: Tornadus|Knock Off|p1a: HitEmFromTheEast
|-damage|p1a: HitEmFromTheEast|63/100
|-activate|p1a: HitEmFromTheEast|ability: Sticky Hold
|move|p1a: HitEmFromTheEast|Scald|p2a: Tornadus
|-damage|p2a: Tornadus|73/100 tox
|
|-heal|p1a: HitEmFromTheEast|69/100|[from] item: Leftovers
|-damage|p2a: Tornadus|61/100 tox|[from] psn
|upkeep
|turn|3
|
|t:|1667951888
|move|p2a: Tornadus|U-turn|p1a: HitEmFromTheEast
|-damage|p1a: HitEmFromTheEast|52/100
|
|t:|1667951890
|switch|p2a: Clefable|Clefable, M|100/100|[from]move: U-turn
|move|p1a: HitEmFromTheEast|Scald|p2a: Clefable
|-damage|p2a: Clefable|78/100
|
|-heal|p2a: Clefable|84/100|[from] item: Leftovers
|-heal|p1a: HitEmFromTheEast|58/100|[from] item: Leftovers
|upkeep
|turn|4
|
|t:|1667951897
|switch|p1a: Caw Bitch|Corviknight, F|100/100
|-ability|p1a: Caw Bitch|Pressure
|move|p2a: Clefable|Moonblast|p1a: Caw Bitch
|-resisted|p1a: Caw Bitch
|-crit|p1a: Caw Bitch
|-damage|p1a: Caw Bitch|81/100
|
|-heal|p1a: Caw Bitch|87/100|[from] item: Leftovers
|-heal|p2a: Clefable|90/100|[from] item: Leftovers
|upkeep
|turn|5
|
|t:|1667951908
|switch|p1a: Treble|Clefable, M|100/100
|switch|p2a: Roar of Time|Garchomp, M|100/100
|
|upkeep
|turn|6
|
|t:|1667951923
|switch|p1a: ;)|Toxapex, F|100/100
|move|p2a: Roar of Time|Stealth Rock|p1a: ;)
|-sidestart|p1: Cowsrule247|move: Stealth Rock
|
|upkeep
|turn|7
|
|t:|1667951928
|switch|p1a: Caw Bitch|Corviknight, F|87/100
|-damage|p1a: Caw Bitch|75/100|[from] Stealth Rock
|-ability|p1a: Caw Bitch|Pressure
|move|p2a: Roar of Time|Earthquake|p1a: Caw Bitch
|-immune|p1a: Caw Bitch
|
|-heal|p1a: Caw Bitch|81/100|[from] item: Leftovers
|upkeep
|turn|8
|
|t:|1667951941
|switch|p2a: Hydreigon|Hydreigon, F|100/100
|move|p1a: Caw Bitch|Defog|p2a: Hydreigon
|-unboost|p2a: Hydreigon|evasion|1
|-sideend|p1: Cowsrule247|Stealth Rock|[from] move: Defog|[of] p1a: Caw Bitch
|
|-heal|p1a: Caw Bitch|87/100|[from] item: Leftovers
|upkeep
|turn|9
|
|t:|1667951951
|switch|p1a: thicc|Blissey, F|100/100
|move|p2a: Hydreigon|Dark Pulse|p1a: thicc
|-damage|p1a: thicc|88/100
|
|upkeep
|turn|10
|
|t:|1667951959
|move|p2a: Hydreigon|Dark Pulse|p1a: thicc
|-damage|p1a: thicc|75/100
|cant|p1a: thicc|flinch
|
|upkeep
|turn|11
|
|t:|1667951964
|move|p2a: Hydreigon|Nasty Plot|p2a: Hydreigon
|-boost|p2a: Hydreigon|spa|2
|move|p1a: thicc|Stealth Rock|p2a: Hydreigon
|-sidestart|p2: BasedLordATV|move: Stealth Rock
|
|upkeep
|turn|12
|
|t:|1667951970
|move|p2a: Hydreigon|Dark Pulse|p1a: thicc
|-damage|p1a: thicc|50/100
|cant|p1a: thicc|flinch
|
|upkeep
|turn|13
|
|t:|1667951976
|switch|p1a: Treble|Clefable, M|100/100
|move|p2a: Hydreigon|Dark Pulse|p1a: Treble
|-resisted|p1a: Treble
|-damage|p1a: Treble|86/100
|
|-heal|p1a: Treble|92/100|[from] item: Leftovers
|upkeep
|turn|14
|
|t:|1667951988
|switch|p2a: Tornadus|Tornadus-Therian, M|94/100 tox
|move|p1a: Treble|Wish|p1a: Treble
|
|-heal|p1a: Treble|98/100|[from] item: Leftovers
|-damage|p2a: Tornadus|88/100 tox|[from] psn
|upkeep
|turn|15
|
|t:|1667951992
|switch|p1a: HitEmFromTheEast|Gastrodon-East, F|58/100
|move|p2a: Tornadus|Defog|p1a: HitEmFromTheEast
|-unboost|p1a: HitEmFromTheEast|evasion|1
|-sideend|p2: BasedLordATV|Stealth Rock|[from] move: Defog|[of] p2a: Tornadus
|
|-heal|p1a: HitEmFromTheEast|100/100|[from] move: Wish|[wisher] Treble
|-damage|p2a: Tornadus|76/100 tox|[from] psn
|upkeep
|turn|16
|
|t:|1667951999
|move|p2a: Tornadus|U-turn|p1a: HitEmFromTheEast
|-damage|p1a: HitEmFromTheEast|84/100
|
|t:|1667952026
|switch|p2a: Roar of Time|Garchomp, M|100/100|[from]move: U-turn
|move|p1a: HitEmFromTheEast|Scald|p2a: Roar of Time
|-damage|p2a: Roar of Time|74/100
|
|-heal|p1a: HitEmFromTheEast|90/100|[from] item: Leftovers
|upkeep
|turn|17
|
|t:|1667952030
|switch|p1a: Caw Bitch|Corviknight, F|87/100
|-ability|p1a: Caw Bitch|Pressure
|move|p2a: Roar of Time|Stealth Rock|p1a: Caw Bitch
|-sidestart|p1: Cowsrule247|move: Stealth Rock
|
|-heal|p1a: Caw Bitch|93/100|[from] item: Leftovers
|upkeep
|turn|18
|
|t:|1667952044
|switch|p2a: Golden Sun|Aegislash, F|100/100
|move|p1a: Caw Bitch|Defog|p2a: Golden Sun
|-unboost|p2a: Golden Sun|evasion|1
|-sideend|p1: Cowsrule247|Stealth Rock|[from] move: Defog|[of] p1a: Caw Bitch
|
|-heal|p1a: Caw Bitch|99/100|[from] item: Leftovers
|upkeep
|turn|19
|
|t:|1667952050
|switch|p1a: ;)|Toxapex, F|100/100
|move|p2a: Golden Sun|Substitute|p2a: Golden Sun
|-start|p2a: Golden Sun|Substitute
|-damage|p2a: Golden Sun|76/100
|
|-heal|p2a: Golden Sun|82/100|[from] item: Leftovers
|upkeep
|turn|20
|
|t:|1667952054
|move|p2a: Golden Sun|King's Shield|p2a: Golden Sun
|-singleturn|p2a: Golden Sun|Protect
|move|p1a: ;)|Knock Off|p2a: Golden Sun
|-activate|p2a: Golden Sun|move: Protect
|-unboost|p1a: ;)|atk|1
|
|-heal|p2a: Golden Sun|88/100|[from] item: Leftovers
|upkeep
|turn|21
|
|t:|1667952065
|-formechange|p2a: Golden Sun|Aegislash-Blade||[from] ability: Stance Change
|move|p2a: Golden Sun|Shadow Ball|p1a: ;)
|-damage|p1a: ;)|70/100
|move|p1a: ;)|Scald|p2a: Golden Sun
|-activate|p2a: Golden Sun|move: Substitute|[damage]
|
|-heal|p2a: Golden Sun|94/100|[from] item: Leftovers
|upkeep
|turn|22
|
|t:|1667952074
|move|p2a: Golden Sun|Shadow Ball|p1a: ;)
|-damage|p1a: ;)|41/100
|move|p1a: ;)|Scald|p2a: Golden Sun
|-end|p2a: Golden Sun|Substitute
|
|-heal|p2a: Golden Sun|100/100|[from] item: Leftovers
|upkeep
|turn|23
|
|t:|1667952082
|move|p2a: Golden Sun|Substitute|p2a: Golden Sun
|-start|p2a: Golden Sun|Substitute
|-damage|p2a: Golden Sun|76/100
|move|p1a: ;)|Recover|p1a: ;)
|-heal|p1a: ;)|91/100
|
|-heal|p2a: Golden Sun|82/100|[from] item: Leftovers
|upkeep
|turn|24
|
|t:|1667952087
|-formechange|p2a: Golden Sun|Aegislash||[from] ability: Stance Change
|move|p2a: Golden Sun|King's Shield|p2a: Golden Sun
|-singleturn|p2a: Golden Sun|Protect
|move|p1a: ;)|Scald|p2a: Golden Sun
|-activate|p2a: Golden Sun|move: Protect
|
|-heal|p2a: Golden Sun|88/100|[from] item: Leftovers
|upkeep
|turn|25
|
|t:|1667952096
|switch|p1a: thicc|Blissey, F|50/100
|-formechange|p2a: Golden Sun|Aegislash-Blade||[from] ability: Stance Change
|move|p2a: Golden Sun|Shadow Ball|p1a: thicc
|-immune|p1a: thicc
|
|-heal|p2a: Golden Sun|94/100|[from] item: Leftovers
|upkeep
|turn|26
|
|t:|1667952102
|switch|p1a: ;)|Toxapex, F|100/100
|move|p2a: Golden Sun|Sacred Sword|p1a: ;)
|-resisted|p1a: ;)
|-damage|p1a: ;)|92/100
|
|-heal|p2a: Golden Sun|100/100|[from] item: Leftovers
|upkeep
|turn|27
|
|t:|1667952108
|move|p2a: Golden Sun|Shadow Ball|p1a: ;)
|-damage|p1a: ;)|59/100
|-unboost|p1a: ;)|spd|1
|move|p1a: ;)|Scald|p2a: Golden Sun
|-activate|p2a: Golden Sun|move: Substitute|[damage]
|
|upkeep
|turn|28
|j| Kursula
|
|t:|1667952119
|switch|p1a: HitEmFromTheEast|Gastrodon-East, F|90/100
|move|p2a: Golden Sun|Sacred Sword|p1a: HitEmFromTheEast
|-damage|p1a: HitEmFromTheEast|62/100
|
|-heal|p1a: HitEmFromTheEast|68/100|[from] item: Leftovers
|upkeep
|turn|29
|
|t:|1667952126
|switch|p1a: ;)|Toxapex, F|93/100
|move|p2a: Golden Sun|Shadow Ball|p1a: ;)
|-damage|p1a: ;)|64/100
|
|upkeep
|turn|30
|
|t:|1667952130
|move|p2a: Golden Sun|Shadow Ball|p1a: ;)
|-damage|p1a: ;)|30/100
|move|p1a: ;)|Knock Off|p2a: Golden Sun
|-supereffective|p2a: Golden Sun
|-end|p2a: Golden Sun|Substitute
|
|upkeep
|turn|31
|
|t:|1667952135
|switch|p1a: HitEmFromTheEast|Gastrodon-East, F|68/100
|move|p2a: Golden Sun|Shadow Ball|p1a: HitEmFromTheEast
|-damage|p1a: HitEmFromTheEast|44/100
|-unboost|p1a: HitEmFromTheEast|spd|1
|
|-heal|p1a: HitEmFromTheEast|50/100|[from] item: Leftovers
|upkeep
|turn|32
|
|t:|1667952140
|move|p2a: Golden Sun|Substitute|p2a: Golden Sun
|-start|p2a: Golden Sun|Substitute
|-damage|p2a: Golden Sun|76/100
|move|p1a: HitEmFromTheEast|Recover|p1a: HitEmFromTheEast
|-heal|p1a: HitEmFromTheEast|99/100
|
|-heal|p2a: Golden Sun|82/100|[from] item: Leftovers
|-heal|p1a: HitEmFromTheEast|100/100|[from] item: Leftovers
|upkeep
|turn|33
|
|t:|1667952142
|switch|p1a: ;)|Toxapex, F|64/100
|move|p2a: Golden Sun|Shadow Ball|p1a: ;)
|-damage|p1a: ;)|34/100
|-unboost|p1a: ;)|spd|1
|
|-heal|p2a: Golden Sun|88/100|[from] item: Leftovers
|upkeep
|turn|34
|
|t:|1667952145
|switch|p1a: HitEmFromTheEast|Gastrodon-East, F|100/100
|move|p2a: Golden Sun|Sacred Sword|p1a: HitEmFromTheEast
|-damage|p1a: HitEmFromTheEast|68/100
|
|-heal|p2a: Golden Sun|94/100|[from] item: Leftovers
|-heal|p1a: HitEmFromTheEast|74/100|[from] item: Leftovers
|upkeep
|turn|35
|
|t:|1667952149
|move|p2a: Golden Sun|Shadow Ball|p1a: HitEmFromTheEast
|-damage|p1a: HitEmFromTheEast|50/100
|-unboost|p1a: HitEmFromTheEast|spd|1
|move|p1a: HitEmFromTheEast|Earthquake|p2a: Golden Sun
|-supereffective|p2a: Golden Sun
|-end|p2a: Golden Sun|Substitute
|
|-heal|p2a: Golden Sun|100/100|[from] item: Leftovers
|-heal|p1a: HitEmFromTheEast|56/100|[from] item: Leftovers
|upkeep
|turn|36
|
|t:|1667952151
|switch|p1a: ;)|Toxapex, F|67/100
|move|p2a: Golden Sun|Shadow Ball|p1a: ;)
|-damage|p1a: ;)|36/100
|
|upkeep
|turn|37
|
|t:|1667952154
|move|p2a: Golden Sun|Shadow Ball|p1a: ;)
|-damage|p1a: ;)|7/100
|move|p1a: ;)|Recover|p1a: ;)
|-heal|p1a: ;)|57/100
|
|upkeep
|turn|38
|
|t:|1667952162
|switch|p1a: HitEmFromTheEast|Gastrodon-East, F|56/100
|move|p2a: Golden Sun|Substitute|p2a: Golden Sun
|-start|p2a: Golden Sun|Substitute
|-damage|p2a: Golden Sun|76/100
|
|-heal|p2a: Golden Sun|82/100|[from] item: Leftovers
|-heal|p1a: HitEmFromTheEast|62/100|[from] item: Leftovers
|upkeep
|turn|39
|
|t:|1667952165
|move|p2a: Golden Sun|Shadow Ball|p1a: HitEmFromTheEast
|-damage|p1a: HitEmFromTheEast|37/100
|move|p1a: HitEmFromTheEast|Recover|p1a: HitEmFromTheEast
|-heal|p1a: HitEmFromTheEast|87/100
|
|-heal|p2a: Golden Sun|88/100|[from] item: Leftovers
|-heal|p1a: HitEmFromTheEast|93/100|[from] item: Leftovers
|upkeep
|turn|40
|
|t:|1667952171
|move|p2a: Golden Sun|Shadow Ball|p1a: HitEmFromTheEast
|-damage|p1a: HitEmFromTheEast|68/100
|-unboost|p1a: HitEmFromTheEast|spd|1
|move|p1a: HitEmFromTheEast|Scald|p2a: Golden Sun
|-end|p2a: Golden Sun|Substitute
|
|-heal|p2a: Golden Sun|94/100|[from] item: Leftovers
|-heal|p1a: HitEmFromTheEast|74/100|[from] item: Leftovers
|upkeep
|turn|41
|
|t:|1667952177
|switch|p2a: Hydreigon|Hydreigon, F|100/100
|move|p1a: HitEmFromTheEast|Earthquake|p2a: Hydreigon
|-immune|p2a: Hydreigon|[from] ability: Levitate
|
|-heal|p1a: HitEmFromTheEast|80/100|[from] item: Leftovers
|upkeep
|turn|42
|j| KappaHalo
|
|t:|1667952189
|switch|p2a: Tornadus|Tornadus-Therian, M|100/100 tox
|switch|p1a: thicc|Blissey, F|50/100
|
|-damage|p2a: Tornadus|94/100 tox|[from] psn
|upkeep
|turn|43
|
|t:|1667952193
|switch|p1a: HitEmFromTheEast|Gastrodon-East, F|80/100
|move|p2a: Tornadus|Knock Off|p1a: HitEmFromTheEast
|-crit|p1a: HitEmFromTheEast
|-damage|p1a: HitEmFromTheEast|45/100
|-activate|p1a: HitEmFromTheEast|ability: Sticky Hold
|
|-heal|p1a: HitEmFromTheEast|51/100|[from] item: Leftovers
|-damage|p2a: Tornadus|82/100 tox|[from] psn
|upkeep
|turn|44
|
|t:|1667952195
|move|p2a: Tornadus|U-turn|p1a: HitEmFromTheEast
|-damage|p1a: HitEmFromTheEast|36/100
|
|t:|1667952203
|switch|p2a: Roar of Time|Garchomp, M|74/100|[from]move: U-turn
|move|p1a: HitEmFromTheEast|Recover|p1a: HitEmFromTheEast
|-heal|p1a: HitEmFromTheEast|86/100
|
|-heal|p1a: HitEmFromTheEast|92/100|[from] item: Leftovers
|upkeep
|turn|45
|
|t:|1667952209
|switch|p1a: Caw Bitch|Corviknight, F|99/100
|-ability|p1a: Caw Bitch|Pressure
|move|p2a: Roar of Time|Stealth Rock|p1a: Caw Bitch
|-sidestart|p1: Cowsrule247|move: Stealth Rock
|
|-heal|p1a: Caw Bitch|100/100|[from] item: Leftovers
|upkeep
|turn|46
|
|t:|1667952215
|switch|p2a: Tornadus|Tornadus-Therian, M|100/100 tox
|move|p1a: Caw Bitch|Defog|p2a: Tornadus
|-unboost|p2a: Tornadus|evasion|1
|-sideend|p1: Cowsrule247|Stealth Rock|[from] move: Defog|[of] p1a: Caw Bitch
|
|-damage|p2a: Tornadus|94/100 tox|[from] psn
|upkeep
|turn|47
|
|t:|1667952224
|switch|p1a: HitEmFromTheEast|Gastrodon-East, F|92/100
|move|p2a: Tornadus|U-turn|p1a: HitEmFromTheEast
|-damage|p1a: HitEmFromTheEast|78/100
|
|t:|1667952227
|switch|p2a: Roar of Time|Garchomp, M|74/100|[from]move: U-turn
|
|-heal|p1a: HitEmFromTheEast|84/100|[from] item: Leftovers
|upkeep
|turn|48
|l| Kursula
|
|t:|1667952230
|switch|p1a: Caw Bitch|Corviknight, F|100/100
|-ability|p1a: Caw Bitch|Pressure
|move|p2a: Roar of Time|Stealth Rock|p1a: Caw Bitch
|-sidestart|p1: Cowsrule247|move: Stealth Rock
|
|upkeep
|turn|49
|
|t:|1667952235
|switch|p2a: Golden Sun|Aegislash, F|94/100
|move|p1a: Caw Bitch|Defog|p2a: Golden Sun
|-unboost|p2a: Golden Sun|evasion|1
|-sideend|p1: Cowsrule247|Stealth Rock|[from] move: Defog|[of] p1a: Caw Bitch
|
|-heal|p2a: Golden Sun|100/100|[from] item: Leftovers
|upkeep
|turn|50
|
|t:|1667952240
|switch|p1a: ;)|Toxapex, F|90/100
|switch|p2a: Roar of Time|Garchomp, M|74/100
|
|upkeep
|turn|51
|
|t:|1667952243
|switch|p1a: Caw Bitch|Corviknight, F|100/100
|-ability|p1a: Caw Bitch|Pressure
|move|p2a: Roar of Time|Stealth Rock|p1a: Caw Bitch
|-sidestart|p1: Cowsrule247|move: Stealth Rock
|
|upkeep
|turn|52
|
|t:|1667952257
|switch|p2a: Tornadus|Tornadus-Therian, M|100/100 tox
|move|p1a: Caw Bitch|Defog|p2a: Tornadus
|-unboost|p2a: Tornadus|evasion|1
|-sideend|p1: Cowsrule247|Stealth Rock|[from] move: Defog|[of] p1a: Caw Bitch
|
|-damage|p2a: Tornadus|94/100 tox|[from] psn
|upkeep
|turn|53
|j| Jongruenwald
|
|t:|1667952262
|switch|p1a: HitEmFromTheEast|Gastrodon-East, F|84/100
|move|p2a: Tornadus|Knock Off|p1a: HitEmFromTheEast
|-damage|p1a: HitEmFromTheEast|62/100
|-activate|p1a: HitEmFromTheEast|ability: Sticky Hold
|
|-heal|p1a: HitEmFromTheEast|69/100|[from] item: Leftovers
|-damage|p2a: Tornadus|82/100 tox|[from] psn
|upkeep
|turn|54
|
|t:|1667952267
|move|p2a: Tornadus|U-turn|p1a: HitEmFromTheEast
|-damage|p1a: HitEmFromTheEast|51/100
|
|t:|1667952271
|switch|p2a: Roar of Time|Garchomp, M|74/100|[from]move: U-turn
|move|p1a: HitEmFromTheEast|Scald|p2a: Roar of Time
|-damage|p2a: Roar of Time|46/100
|
|-heal|p1a: HitEmFromTheEast|57/100|[from] item: Leftovers
|upkeep
|turn|55
|
|t:|1667952274
|switch|p1a: Caw Bitch|Corviknight, F|100/100
|-ability|p1a: Caw Bitch|Pressure
|move|p2a: Roar of Time|Stealth Rock|p1a: Caw Bitch
|-sidestart|p1: Cowsrule247|move: Stealth Rock
|
|upkeep
|turn|56
|
|t:|1667952284
|switch|p2a: Tornadus|Tornadus-Therian, M|100/100 tox
|move|p1a: Caw Bitch|Defog|p2a: Tornadus
|-unboost|p2a: Tornadus|evasion|1
|-sideend|p1: Cowsrule247|Stealth Rock|[from] move: Defog|[of] p1a: Caw Bitch
|
|-damage|p2a: Tornadus|94/100 tox|[from] psn
|upkeep
|turn|57
|
|t:|1667952287
|switch|p1a: HitEmFromTheEast|Gastrodon-East, F|57/100
|move|p2a: Tornadus|U-turn|p1a: HitEmFromTheEast
|-damage|p1a: HitEmFromTheEast|40/100
|
|t:|1667952289
|switch|p2a: Roar of Time|Garchomp, M|46/100|[from]move: U-turn
|
|-heal|p1a: HitEmFromTheEast|46/100|[from] item: Leftovers
|upkeep
|turn|58
|
|t:|1667952293
|switch|p1a: Caw Bitch|Corviknight, F|100/100
|-ability|p1a: Caw Bitch|Pressure
|move|p2a: Roar of Time|Stealth Rock|p1a: Caw Bitch
|-sidestart|p1: Cowsrule247|move: Stealth Rock
|
|upkeep
|turn|59
|
|t:|1667952296
|switch|p2a: Tornadus|Tornadus-Therian, M|100/100 tox
|move|p1a: Caw Bitch|Defog|p2a: Tornadus
|-unboost|p2a: Tornadus|evasion|1
|-sideend|p1: Cowsrule247|Stealth Rock|[from] move: Defog|[of] p1a: Caw Bitch
|
|-damage|p2a: Tornadus|94/100 tox|[from] psn
|upkeep
|turn|60
|
|t:|1667952299
|switch|p1a: ;)|Toxapex, F|100/100
|move|p2a: Tornadus|U-turn|p1a: ;)
|-resisted|p1a: ;)
|-damage|p1a: ;)|96/100
|
|t:|1667952308
|switch|p2a: Roar of Time|Garchomp, M|46/100|[from]move: U-turn
|
|upkeep
|turn|61
|
|t:|1667952312
|switch|p1a: Caw Bitch|Corviknight, F|100/100
|-ability|p1a: Caw Bitch|Pressure
|move|p2a: Roar of Time|Stealth Rock|p1a: Caw Bitch
|-sidestart|p1: Cowsrule247|move: Stealth Rock
|
|upkeep
|turn|62
|
|t:|1667952315
|switch|p2a: Tornadus|Tornadus-Therian, M|100/100 tox
|move|p1a: Caw Bitch|Defog|p2a: Tornadus
|-unboost|p2a: Tornadus|evasion|1
|-sideend|p1: Cowsrule247|Stealth Rock|[from] move: Defog|[of] p1a: Caw Bitch
|
|-damage|p2a: Tornadus|94/100 tox|[from] psn
|upkeep
|turn|63
|
|t:|1667952319
|switch|p1a: ;)|Toxapex, F|100/100
|move|p2a: Tornadus|U-turn|p1a: ;)
|-resisted|p1a: ;)
|-damage|p1a: ;)|96/100
|inactive|BasedLordATV has 120 seconds left.
|
|t:|1667952351
|switch|p2a: Roar of Time|Garchomp, M|46/100|[from]move: U-turn
|
|upkeep
|turn|64
|
|t:|1667952355
|switch|p1a: Caw Bitch|Corviknight, F|100/100
|-ability|p1a: Caw Bitch|Pressure
|move|p2a: Roar of Time|Stealth Rock|p1a: Caw Bitch
|-sidestart|p1: Cowsrule247|move: Stealth Rock
|
|upkeep
|turn|65
|
|t:|1667952362
|switch|p2a: Tornadus|Tornadus-Therian, M|100/100 tox
|move|p1a: Caw Bitch|Defog|p2a: Tornadus
|-unboost|p2a: Tornadus|evasion|1
|-sideend|p1: Cowsrule247|Stealth Rock|[from] move: Defog|[of] p1a: Caw Bitch
|
|-damage|p2a: Tornadus|94/100 tox|[from] psn
|upkeep
|turn|66
|
|t:|1667952365
|switch|p1a: HitEmFromTheEast|Gastrodon-East, F|46/100
|move|p2a: Tornadus|U-turn|p1a: HitEmFromTheEast
|-damage|p1a: HitEmFromTheEast|29/100
|
|t:|1667952368
|switch|p2a: Roar of Time|Garchomp, M|46/100|[from]move: U-turn
|
|-heal|p1a: HitEmFromTheEast|35/100|[from] item: Leftovers
|upkeep
|turn|67
|
|t:|1667952371
|switch|p1a: Caw Bitch|Corviknight, F|100/100
|-ability|p1a: Caw Bitch|Pressure
|move|p2a: Roar of Time|Earthquake|p1a: Caw Bitch
|-immune|p1a: Caw Bitch
|
|upkeep
|turn|68
|
|t:|1667952381
|move|p2a: Roar of Time|Stealth Rock|p1a: Caw Bitch
|-sidestart|p1: Cowsrule247|move: Stealth Rock
|move|p1a: Caw Bitch|Iron Defense|p1a: Caw Bitch
|-boost|p1a: Caw Bitch|def|2
|
|upkeep
|turn|69
|
|t:|1667952386
|move|p2a: Roar of Time|Rest|p2a: Roar of Time
|-status|p2a: Roar of Time|slp|[from] move: Rest
|-heal|p2a: Roar of Time|100/100 slp|[silent]
|move|p1a: Caw Bitch|Defog|p2a: Roar of Time
|-unboost|p2a: Roar of Time|evasion|1
|-sideend|p1: Cowsrule247|Stealth Rock|[from] move: Defog|[of] p1a: Caw Bitch
|
|upkeep
|turn|70
|
|t:|1667952396
|switch|p2a: Golden Sun|Aegislash, F|100/100
|move|p1a: Caw Bitch|Body Press|p2a: Golden Sun
|-immune|p2a: Golden Sun
|
|upkeep
|turn|71
|
|t:|1667952407
|switch|p1a: ;)|Toxapex, F|100/100
|switch|p2a: Tornadus|Tornadus-Therian, M|100/100 tox
|
|-damage|p2a: Tornadus|94/100 tox|[from] psn
|upkeep
|turn|72
|
|t:|1667952414
|move|p2a: Tornadus|Knock Off|p1a: ;)
|-damage|p1a: ;)|89/100
|-enditem|p1a: ;)|Shed Shell|[from] move: Knock Off|[of] p2a: Tornadus
|move|p1a: ;)|Scald|p2a: Tornadus
|-damage|p2a: Tornadus|81/100 tox
|
|-damage|p2a: Tornadus|68/100 tox|[from] psn
|upkeep
|turn|73
|
|t:|1667952422
|move|p2a: Tornadus|U-turn|p1a: ;)
|-resisted|p1a: ;)
|-damage|p1a: ;)|84/100
|
|t:|1667952425
|switch|p2a: Clefable|Clefable, M|90/100|[from]move: U-turn
|move|p1a: ;)|Knock Off|p2a: Clefable
|-resisted|p2a: Clefable
|-damage|p2a: Clefable|84/100
|-enditem|p2a: Clefable|Leftovers|[from] move: Knock Off|[of] p1a: ;)
|
|upkeep
|turn|74
|
|t:|1667952431
|switch|p1a: HitEmFromTheEast|Gastrodon-East, F|35/100
|move|p2a: Clefable|Aromatherapy|p2a: Clefable
|-activate|p2a: Clefable|move: Aromatherapy
|-curestatus|p2: Tornadus|tox|[msg]
|-curestatus|p2: Roar of Time|slp|[msg]
|
|-heal|p1a: HitEmFromTheEast|42/100|[from] item: Leftovers
|upkeep
|turn|75
|
|t:|1667952439
|move|p2a: Clefable|Moonblast|p1a: HitEmFromTheEast
|-damage|p1a: HitEmFromTheEast|20/100
|move|p1a: HitEmFromTheEast|Recover|p1a: HitEmFromTheEast
|-heal|p1a: HitEmFromTheEast|70/100
|
|-heal|p1a: HitEmFromTheEast|77/100|[from] item: Leftovers
|upkeep
|turn|76
|
|t:|1667952446
|switch|p1a: thicc|Blissey, F|50/100
|move|p2a: Clefable|Calm Mind|p2a: Clefable
|-boost|p2a: Clefable|spa|1
|-boost|p2a: Clefable|spd|1
|
|upkeep
|turn|77
|
|t:|1667952448
|move|p2a: Clefable|Moonblast|p1a: thicc
|-damage|p1a: thicc|33/100
|move|p1a: thicc|Soft-Boiled|p1a: thicc
|-heal|p1a: thicc|83/100
|
|upkeep
|turn|78
|
|t:|1667952451
|move|p2a: Clefable|Moonblast|p1a: thicc
|-damage|p1a: thicc|65/100
|move|p1a: thicc|Stealth Rock|p2a: Clefable
|-sidestart|p2: BasedLordATV|move: Stealth Rock
|
|upkeep
|turn|79
|
|t:|1667952455
|move|p2a: Clefable|Calm Mind|p2a: Clefable
|-boost|p2a: Clefable|spa|1
|-boost|p2a: Clefable|spd|1
|move|p1a: thicc|Seismic Toss|p2a: Clefable
|-damage|p2a: Clefable|59/100
|
|upkeep
|turn|80
|
|t:|1667952458
|switch|p1a: Treble|Clefable, M|98/100
|move|p2a: Clefable|Calm Mind|p2a: Clefable
|-boost|p2a: Clefable|spa|1
|-boost|p2a: Clefable|spd|1
|
|-heal|p1a: Treble|100/100|[from] item: Leftovers
|upkeep
|turn|81
|
|t:|1667952461
|move|p1a: Treble|Moonblast|p2a: Clefable
|-damage|p2a: Clefable|28/100
|-unboost|p2a: Clefable|spa|1
|move|p2a: Clefable|Moonblast|p1a: Treble
|-damage|p1a: Treble|75/100
|-unboost|p1a: Treble|spa|1
|
|-heal|p1a: Treble|81/100|[from] item: Leftovers
|upkeep
|turn|82
|
|t:|1667952464
|move|p2a: Clefable|Soft-Boiled|p2a: Clefable
|-heal|p2a: Clefable|78/100
|move|p1a: Treble|Moonblast|p2a: Clefable
|-damage|p2a: Clefable|50/100
|
|-heal|p1a: Treble|87/100|[from] item: Leftovers
|upkeep
|turn|83
|
|t:|1667952466
|move|p1a: Treble|Moonblast|p2a: Clefable
|-damage|p2a: Clefable|22/100
|-unboost|p2a: Clefable|spa|1
|move|p2a: Clefable|Soft-Boiled|p2a: Clefable
|-heal|p2a: Clefable|72/100
|
|-heal|p1a: Treble|93/100|[from] item: Leftovers
|upkeep
|turn|84
|
|t:|1667952471
|move|p1a: Treble|Wish|p1a: Treble
|move|p2a: Clefable|Soft-Boiled|p2a: Clefable
|-heal|p2a: Clefable|100/100
|
|-heal|p1a: Treble|99/100|[from] item: Leftovers
|upkeep
|turn|85
|
|t:|1667952479
|switch|p1a: thicc|Blissey, F|65/100
|move|p2a: Clefable|Moonblast|p1a: thicc
|-damage|p1a: thicc|46/100
|-unboost|p1a: thicc|spa|1
|
|-heal|p1a: thicc|73/100|[from] move: Wish|[wisher] Treble
|upkeep
|turn|86
|
|t:|1667952490
|move|p2a: Clefable|Moonblast|p1a: thicc
|-damage|p1a: thicc|56/100
|-unboost|p1a: thicc|spa|1
|move|p1a: thicc|Seismic Toss|p2a: Clefable
|-damage|p2a: Clefable|75/100
|
|upkeep
|turn|87
|
|t:|1667952497
|move|p2a: Clefable|Calm Mind|p2a: Clefable
|-boost|p2a: Clefable|spa|1
|-boost|p2a: Clefable|spd|1
|move|p1a: thicc|Seismic Toss|p2a: Clefable
|-damage|p2a: Clefable|50/100
|
|upkeep
|turn|88
|
|t:|1667952499
|move|p2a: Clefable|Soft-Boiled|p2a: Clefable
|-heal|p2a: Clefable|99/100
|move|p1a: thicc|Soft-Boiled|p1a: thicc
|-heal|p1a: thicc|100/100
|
|upkeep
|turn|89
|
|t:|1667952505
|switch|p1a: Treble|Clefable, M|99/100
|move|p2a: Clefable|Calm Mind|p2a: Clefable
|-boost|p2a: Clefable|spa|1
|-boost|p2a: Clefable|spd|1
|
|-heal|p1a: Treble|100/100|[from] item: Leftovers
|upkeep
|turn|90
|
|t:|1667952509
|switch|p2a: Golden Sun|Aegislash, F|100/100
|-damage|p2a: Golden Sun|94/100|[from] Stealth Rock
|move|p1a: Treble|Moonblast|p2a: Golden Sun
|-resisted|p2a: Golden Sun
|-crit|p2a: Golden Sun
|-damage|p2a: Golden Sun|80/100
|-unboost|p2a: Golden Sun|spa|1
|
|-heal|p2a: Golden Sun|86/100|[from] item: Leftovers
|upkeep
|turn|91
|
|t:|1667952521
|switch|p1a: HitEmFromTheEast|Gastrodon-East, F|77/100
|move|p2a: Golden Sun|Substitute|p2a: Golden Sun
|-start|p2a: Golden Sun|Substitute
|-damage|p2a: Golden Sun|61/100
|
|-heal|p2a: Golden Sun|67/100|[from] item: Leftovers
|-heal|p1a: HitEmFromTheEast|83/100|[from] item: Leftovers
|upkeep
|turn|92
|
|t:|1667952527
|-formechange|p2a: Golden Sun|Aegislash-Blade||[from] ability: Stance Change
|move|p2a: Golden Sun|Sacred Sword|p1a: HitEmFromTheEast
|-crit|p1a: HitEmFromTheEast
|-damage|p1a: HitEmFromTheEast|39/100
|move|p1a: HitEmFromTheEast|Earthquake|p2a: Golden Sun
|-supereffective|p2a: Golden Sun
|-end|p2a: Golden Sun|Substitute
|
|-heal|p2a: Golden Sun|74/100|[from] item: Leftovers
|-heal|p1a: HitEmFromTheEast|46/100|[from] item: Leftovers
|upkeep
|turn|93
|
|t:|1667952544
|switch|p2a: Roar of Time|Garchomp, M|100/100
|-damage|p2a: Roar of Time|94/100|[from] Stealth Rock
|move|p1a: HitEmFromTheEast|Recover|p1a: HitEmFromTheEast
|-heal|p1a: HitEmFromTheEast|96/100
|
|-heal|p1a: HitEmFromTheEast|100/100|[from] item: Leftovers
|upkeep
|turn|94
|
|t:|1667952553
|switch|p2a: Tornadus|Tornadus-Therian, M|100/100
|switch|p1a: Caw Bitch|Corviknight, F|100/100
|-ability|p1a: Caw Bitch|Pressure
|
|upkeep
|turn|95
|
|t:|1667952559
|switch|p1a: ;)|Toxapex, F|100/100
|move|p2a: Tornadus|Defog|p1a: ;)
|-unboost|p1a: ;)|evasion|1
|-sideend|p2: BasedLordATV|Stealth Rock|[from] move: Defog|[of] p2a: Tornadus
|
|upkeep
|turn|96
|
|t:|1667952568
|switch|p1a: Caw Bitch|Corviknight, F|100/100
|-ability|p1a: Caw Bitch|Pressure
|move|p2a: Tornadus|U-turn|p1a: Caw Bitch
|-resisted|p1a: Caw Bitch
|-damage|p1a: Caw Bitch|98/100
|
|t:|1667952577
|switch|p2a: Roar of Time|Garchomp, M|94/100|[from]move: U-turn
|
|-heal|p1a: Caw Bitch|100/100|[from] item: Leftovers
|upkeep
|turn|97
|
|t:|1667952584
|move|p2a: Roar of Time|Stealth Rock|p1a: Caw Bitch
|-sidestart|p1: Cowsrule247|move: Stealth Rock
|move|p1a: Caw Bitch|Iron Defense|p1a: Caw Bitch
|-boost|p1a: Caw Bitch|def|2
|
|upkeep
|turn|98
|
|t:|1667952589
|switch|p2a: Golden Sun|Aegislash, F|74/100
|move|p1a: Caw Bitch|Defog|p2a: Golden Sun
|-unboost|p2a: Golden Sun|evasion|1
|-sideend|p1: Cowsrule247|Stealth Rock|[from] move: Defog|[of] p1a: Caw Bitch
|
|-heal|p2a: Golden Sun|80/100|[from] item: Leftovers
|upkeep
|turn|99
|
|t:|1667952603
|switch|p1a: HitEmFromTheEast|Gastrodon-East, F|100/100
|switch|p2a: Tornadus|Tornadus-Therian, M|100/100
|
|upkeep
|turn|100
|
|t:|1667952610
|move|p2a: Tornadus|U-turn|p1a: HitEmFromTheEast
|-damage|p1a: HitEmFromTheEast|84/100
|
|t:|1667952617
|switch|p2a: Roar of Time|Garchomp, M|94/100|[from]move: U-turn
|move|p1a: HitEmFromTheEast|Earthquake|p2a: Roar of Time
|-damage|p2a: Roar of Time|70/100
|
|-heal|p1a: HitEmFromTheEast|90/100|[from] item: Leftovers
|upkeep
|turn|101
|
|t:|1667952621
|switch|p1a: Caw Bitch|Corviknight, F|100/100
|-ability|p1a: Caw Bitch|Pressure
|move|p2a: Roar of Time|Stealth Rock|p1a: Caw Bitch
|-sidestart|p1: Cowsrule247|move: Stealth Rock
|
|upkeep
|turn|102
|
|t:|1667952634
|switch|p2a: Tornadus|Tornadus-Therian, M|100/100
|move|p1a: Caw Bitch|Defog|p2a: Tornadus
|-unboost|p2a: Tornadus|evasion|1
|-sideend|p1: Cowsrule247|Stealth Rock|[from] move: Defog|[of] p1a: Caw Bitch
|
|upkeep
|turn|103
|
|t:|1667952636
|switch|p1a: HitEmFromTheEast|Gastrodon-East, F|90/100
|move|p2a: Tornadus|Knock Off|p1a: HitEmFromTheEast
|-damage|p1a: HitEmFromTheEast|70/100
|-activate|p1a: HitEmFromTheEast|ability: Sticky Hold
|
|-heal|p1a: HitEmFromTheEast|76/100|[from] item: Leftovers
|upkeep
|turn|104
|
|t:|1667952641
|move|p2a: Tornadus|U-turn|p1a: HitEmFromTheEast
|-damage|p1a: HitEmFromTheEast|59/100
|
|t:|1667952644
|switch|p2a: Roar of Time|Garchomp, M|70/100|[from]move: U-turn
|move|p1a: HitEmFromTheEast|Toxic|p2a: Roar of Time
|-status|p2a: Roar of Time|tox
|
|-heal|p1a: HitEmFromTheEast|65/100|[from] item: Leftovers
|-damage|p2a: Roar of Time|64/100 tox|[from] psn
|upkeep
|turn|105
|
|t:|1667952650
|switch|p1a: Caw Bitch|Corviknight, F|100/100
|-ability|p1a: Caw Bitch|Pressure
|move|p2a: Roar of Time|Stealth Rock|p1a: Caw Bitch
|-sidestart|p1: Cowsrule247|move: Stealth Rock
|
|-damage|p2a: Roar of Time|51/100 tox|[from] psn
|upkeep
|turn|106
|
|t:|1667952653
|move|p2a: Roar of Time|Rest|p2a: Roar of Time
|-status|p2a: Roar of Time|slp|[from] move: Rest
|-heal|p2a: Roar of Time|100/100 slp|[silent]
|move|p1a: Caw Bitch|Defog|p2a: Roar of Time
|-unboost|p2a: Roar of Time|evasion|1
|-sideend|p1: Cowsrule247|Stealth Rock|[from] move: Defog|[of] p1a: Caw Bitch
|
|upkeep
|turn|107
|
|t:|1667952661
|cant|p2a: Roar of Time|slp
|move|p1a: Caw Bitch|Iron Defense|p1a: Caw Bitch
|-boost|p1a: Caw Bitch|def|2
|
|upkeep
|turn|108
|
|t:|1667952670
|switch|p2a: Golden Sun|Aegislash, F|80/100
|switch|p1a: ;)|Toxapex, F|100/100
|
|-heal|p2a: Golden Sun|86/100|[from] item: Leftovers
|upkeep
|turn|109
|
|t:|1667952678
|move|p2a: Golden Sun|King's Shield|p2a: Golden Sun
|-singleturn|p2a: Golden Sun|Protect
|move|p1a: ;)|Scald|p2a: Golden Sun
|-activate|p2a: Golden Sun|move: Protect
|
|-heal|p2a: Golden Sun|92/100|[from] item: Leftovers
|upkeep
|turn|110
|
|t:|1667952693
|switch|p2a: Roar of Time|Garchomp, M|100/100 slp
|move|p1a: ;)|Knock Off|p2a: Roar of Time
|-damage|p2a: Roar of Time|87/100 slp
|-damage|p1a: ;)|88/100|[from] ability: Rough Skin|[of] p2a: Roar of Time
|-damage|p1a: ;)|72/100|[from] item: Rocky Helmet|[of] p2a: Roar of Time
|-enditem|p2a: Roar of Time|Rocky Helmet|[from] move: Knock Off|[of] p1a: ;)
|
|upkeep
|turn|111
|
|t:|1667952704
|switch|p1a: Treble|Clefable, M|100/100
|cant|p2a: Roar of Time|slp
|
|upkeep
|turn|112
|
|t:|1667952710
|switch|p2a: Golden Sun|Aegislash, F|92/100
|move|p1a: Treble|Moonblast|p2a: Golden Sun
|-resisted|p2a: Golden Sun
|-damage|p2a: Golden Sun|83/100
|
|-heal|p2a: Golden Sun|89/100|[from] item: Leftovers
|upkeep
|turn|113
|
|t:|1667952715
|switch|p1a: ;)|Toxapex, F|100/100
|-formechange|p2a: Golden Sun|Aegislash-Blade||[from] ability: Stance Change
|move|p2a: Golden Sun|Shadow Ball|p1a: ;)
|-damage|p1a: ;)|70/100
|
|-heal|p2a: Golden Sun|95/100|[from] item: Leftovers
|upkeep
|turn|114
|
|t:|1667952718
|switch|p2a: Roar of Time|Garchomp, M|87/100 slp
|move|p1a: ;)|Scald|p2a: Roar of Time
|-crit|p2a: Roar of Time
|-damage|p2a: Roar of Time|58/100 slp
|
|upkeep
|turn|115
|
|t:|1667952725
|switch|p1a: Caw Bitch|Corviknight, F|100/100
|-ability|p1a: Caw Bitch|Pressure
|-curestatus|p2a: Roar of Time|slp|[msg]
|move|p2a: Roar of Time|Stealth Rock|p1a: Caw Bitch
|-sidestart|p1: Cowsrule247|move: Stealth Rock
|
|upkeep
|turn|116
|
|t:|1667952728
|move|p2a: Roar of Time|Rest|p2a: Roar of Time
|-status|p2a: Roar of Time|slp|[from] move: Rest
|-heal|p2a: Roar of Time|100/100 slp|[silent]
|move|p1a: Caw Bitch|Defog|p2a: Roar of Time
|-unboost|p2a: Roar of Time|evasion|1
|-sideend|p1: Cowsrule247|Stealth Rock|[from] move: Defog|[of] p1a: Caw Bitch
|
|upkeep
|turn|117
|
|t:|1667952735
|switch|p1a: Treble|Clefable, M|100/100
|cant|p2a: Roar of Time|slp
|
|upkeep
|turn|118
|
|t:|1667952738
|switch|p2a: Golden Sun|Aegislash, F|95/100
|move|p1a: Treble|Moonblast|p2a: Golden Sun
|-resisted|p2a: Golden Sun
|-damage|p2a: Golden Sun|85/100
|-unboost|p2a: Golden Sun|spa|1
|
|-heal|p2a: Golden Sun|91/100|[from] item: Leftovers
|upkeep
|turn|119
|
|t:|1667952753
|switch|p2a: Tornadus|Tornadus-Therian, M|100/100
|move|p1a: Treble|Wish|p1a: Treble
|
|upkeep
|turn|120
|
|t:|1667952757
|switch|p1a: HitEmFromTheEast|Gastrodon-East, F|65/100
|move|p2a: Tornadus|Knock Off|p1a: HitEmFromTheEast
|-damage|p1a: HitEmFromTheEast|43/100
|-activate|p1a: HitEmFromTheEast|ability: Sticky Hold
|
|-heal|p1a: HitEmFromTheEast|89/100|[from] move: Wish|[wisher] Treble
|-heal|p1a: HitEmFromTheEast|95/100|[from] item: Leftovers
|upkeep
|turn|121
|
|t:|1667952767
|move|p2a: Tornadus|U-turn|p1a: HitEmFromTheEast
|-damage|p1a: HitEmFromTheEast|80/100
|
|t:|1667952770
|switch|p2a: Roar of Time|Garchomp, M|100/100 slp|[from]move: U-turn
|move|p1a: HitEmFromTheEast|Earthquake|p2a: Roar of Time
|-damage|p2a: Roar of Time|76/100 slp
|
|-heal|p1a: HitEmFromTheEast|86/100|[from] item: Leftovers
|upkeep
|turn|122
|
|t:|1667952776
|cant|p2a: Roar of Time|slp
|move|p1a: HitEmFromTheEast|Scald|p2a: Roar of Time
|-damage|p2a: Roar of Time|46/100 slp
|
|-heal|p1a: HitEmFromTheEast|93/100|[from] item: Leftovers
|upkeep
|turn|123
|
|t:|1667952781
|-curestatus|p2a: Roar of Time|slp|[msg]
|move|p2a: Roar of Time|Rest|p2a: Roar of Time
|-status|p2a: Roar of Time|slp|[from] move: Rest
|-heal|p2a: Roar of Time|100/100 slp|[silent]
|move|p1a: HitEmFromTheEast|Toxic||[still]
|-fail|p1a: HitEmFromTheEast
|
|-heal|p1a: HitEmFromTheEast|99/100|[from] item: Leftovers
|upkeep
|turn|124
|
|t:|1667952786
|cant|p2a: Roar of Time|slp
|move|p1a: HitEmFromTheEast|Scald|p2a: Roar of Time
|-damage|p2a: Roar of Time|70/100 slp
|
|-heal|p1a: HitEmFromTheEast|100/100|[from] item: Leftovers
|upkeep
|turn|125
|
|t:|1667952791
|cant|p2a: Roar of Time|slp
|move|p1a: HitEmFromTheEast|Scald|p2a: Roar of Time
|-damage|p2a: Roar of Time|43/100 slp
|
|upkeep
|turn|126
|
|t:|1667952793
|-curestatus|p2a: Roar of Time|slp|[msg]
|move|p2a: Roar of Time|Rest|p2a: Roar of Time
|-status|p2a: Roar of Time|slp|[from] move: Rest
|-heal|p2a: Roar of Time|100/100 slp|[silent]
|move|p1a: HitEmFromTheEast|Toxic||[still]
|-fail|p1a: HitEmFromTheEast
|
|upkeep
|turn|127
|
|t:|1667952796
|cant|p2a: Roar of Time|slp
|move|p1a: HitEmFromTheEast|Scald|p2a: Roar of Time
|-damage|p2a: Roar of Time|74/100 slp
|
|upkeep
|turn|128
|
|t:|1667952801
|cant|p2a: Roar of Time|slp
|move|p1a: HitEmFromTheEast|Scald|p2a: Roar of Time
|-damage|p2a: Roar of Time|47/100 slp
|
|upkeep
|turn|129
|
|t:|1667952806
|-curestatus|p2a: Roar of Time|slp|[msg]
|move|p2a: Roar of Time|Earthquake|p1a: HitEmFromTheEast
|-damage|p1a: HitEmFromTheEast|47/100
|move|p1a: HitEmFromTheEast|Scald|p2a: Roar of Time
|-damage|p2a: Roar of Time|21/100
|-status|p2a: Roar of Time|brn
|
|-heal|p1a: HitEmFromTheEast|53/100|[from] item: Leftovers
|-damage|p2a: Roar of Time|15/100 brn|[from] brn
|upkeep
|turn|130
|
|t:|1667952809
|move|p2a: Roar of Time|Rest|p2a: Roar of Time
|-status|p2a: Roar of Time|slp|[from] move: Rest
|-heal|p2a: Roar of Time|100/100 slp|[silent]
|move|p1a: HitEmFromTheEast|Recover|p1a: HitEmFromTheEast
|-heal|p1a: HitEmFromTheEast|100/100
|
|upkeep
|turn|131
|
|t:|1667952819
|switch|p1a: thicc|Blissey, F|100/100
|cant|p2a: Roar of Time|slp
|
|upkeep
|turn|132
|
|t:|1667952824
|switch|p2a: Tornadus|Tornadus-Therian, M|100/100
|move|p1a: thicc|Stealth Rock|p2a: Tornadus
|-sidestart|p2: BasedLordATV|move: Stealth Rock
|
|upkeep
|turn|133
|
|t:|1667952828
|switch|p1a: Caw Bitch|Corviknight, F|100/100
|-ability|p1a: Caw Bitch|Pressure
|move|p2a: Tornadus|Defog|p1a: Caw Bitch
|-unboost|p1a: Caw Bitch|evasion|1
|-sideend|p2: BasedLordATV|Stealth Rock|[from] move: Defog|[of] p2a: Tornadus
|
|upkeep
|turn|134
|
|t:|1667952831
|switch|p1a: HitEmFromTheEast|Gastrodon-East, F|100/100
|move|p2a: Tornadus|Knock Off|p1a: HitEmFromTheEast
|-damage|p1a: HitEmFromTheEast|79/100
|-activate|p1a: HitEmFromTheEast|ability: Sticky Hold
|
|-heal|p1a: HitEmFromTheEast|85/100|[from] item: Leftovers
|upkeep
|turn|135
|
|t:|1667952835
|move|p2a: Tornadus|U-turn|p1a: HitEmFromTheEast
|-damage|p1a: HitEmFromTheEast|69/100
|
|t:|1667952838
|switch|p2a: Roar of Time|Garchomp, M|100/100 slp|[from]move: U-turn
|move|p1a: HitEmFromTheEast|Scald|p2a: Roar of Time
|-damage|p2a: Roar of Time|72/100 slp
|
|-heal|p1a: HitEmFromTheEast|75/100|[from] item: Leftovers
|upkeep
|turn|136
|
|t:|1667952843
|switch|p1a: Treble|Clefable, M|100/100
|cant|p2a: Roar of Time|slp
|
|upkeep
|turn|137
|
|t:|1667952851
|switch|p2a: Tornadus|Tornadus-Therian, M|100/100
|switch|p1a: ;)|Toxapex, F|100/100
|
|upkeep
|turn|138
|
|t:|1667952860
|move|p2a: Tornadus|U-turn|p1a: ;)
|-resisted|p1a: ;)
|-damage|p1a: ;)|96/100
|
|t:|1667952862
|switch|p2a: Roar of Time|Garchomp, M|72/100 slp|[from]move: U-turn
|move|p1a: ;)|Knock Off|p2a: Roar of Time
|-damage|p2a: Roar of Time|64/100 slp
|-damage|p1a: ;)|84/100|[from] ability: Rough Skin|[of] p2a: Roar of Time
|
|upkeep
|turn|139
|
|t:|1667952870
|switch|p1a: Caw Bitch|Corviknight, F|100/100
|-ability|p1a: Caw Bitch|Pressure
|-curestatus|p2a: Roar of Time|slp|[msg]
|move|p2a: Roar of Time|Stealth Rock|p1a: Caw Bitch
|-sidestart|p1: Cowsrule247|move: Stealth Rock
|
|upkeep
|turn|140
|
|t:|1667952891
|switch|p2a: Tornadus|Tornadus-Therian, M|100/100
|move|p1a: Caw Bitch|Defog|p2a: Tornadus
|-unboost|p2a: Tornadus|evasion|1
|-sideend|p1: Cowsrule247|Stealth Rock|[from] move: Defog|[of] p1a: Caw Bitch
|
|upkeep
|turn|141
|
|t:|1667952898
|switch|p1a: ;)|Toxapex, F|100/100
|move|p2a: Tornadus|Knock Off|p1a: ;)
|-crit|p1a: ;)
|-damage|p1a: ;)|88/100
|
|upkeep
|turn|142
|
|t:|1667952901
|move|p2a: Tornadus|U-turn|p1a: ;)
|-resisted|p1a: ;)
|-damage|p1a: ;)|84/100
|
|t:|1667952904
|switch|p2a: Roar of Time|Garchomp, M|64/100|[from]move: U-turn
|move|p1a: ;)|Scald|p2a: Roar of Time
|-damage|p2a: Roar of Time|46/100
|-status|p2a: Roar of Time|brn
|
|-damage|p2a: Roar of Time|39/100 brn|[from] brn
|upkeep
|turn|143
|
|t:|1667952914
|switch|p1a: Treble|Clefable, M|100/100
|move|p2a: Roar of Time|Stealth Rock|p1a: Treble
|-sidestart|p1: Cowsrule247|move: Stealth Rock
|
|-damage|p2a: Roar of Time|33/100 brn|[from] brn
|upkeep
|turn|144
|
|t:|1667952919
|switch|p2a: Tornadus|Tornadus-Therian, M|100/100
|move|p1a: Treble|Moonblast|p2a: Tornadus
|-damage|p2a: Tornadus|75/100
|
|upkeep
|turn|145
|
|t:|1667952927
|switch|p1a: ;)|Toxapex, F|100/100
|-damage|p1a: ;)|88/100|[from] Stealth Rock
|move|p2a: Tornadus|U-turn|p1a: ;)
|-resisted|p1a: ;)
|-damage|p1a: ;)|84/100
|
|t:|1667952929
|switch|p2a: Roar of Time|Garchomp, M|33/100 brn|[from]move: U-turn
|
|-damage|p2a: Roar of Time|27/100 brn|[from] brn
|upkeep
|turn|146
|
|t:|1667952932
|switch|p1a: Caw Bitch|Corviknight, F|100/100
|-damage|p1a: Caw Bitch|88/100|[from] Stealth Rock
|-ability|p1a: Caw Bitch|Pressure
|move|p2a: Roar of Time|Rest|p2a: Roar of Time
|-status|p2a: Roar of Time|slp|[from] move: Rest
|-heal|p2a: Roar of Time|100/100 slp|[silent]
|
|-heal|p1a: Caw Bitch|94/100|[from] item: Leftovers
|upkeep
|turn|147
|
|t:|1667952939
|switch|p2a: Tornadus|Tornadus-Therian, M|100/100
|move|p1a: Caw Bitch|Defog|p2a: Tornadus
|-unboost|p2a: Tornadus|evasion|1
|-sideend|p1: Cowsrule247|Stealth Rock|[from] move: Defog|[of] p1a: Caw Bitch
|
|-heal|p1a: Caw Bitch|100/100|[from] item: Leftovers
|upkeep
|turn|148
|
|t:|1667952945
|switch|p1a: ;)|Toxapex, F|100/100
|move|p2a: Tornadus|Knock Off|p1a: ;)
|-damage|p1a: ;)|93/100
|
|upkeep
|turn|149
|
|t:|1667952949
|switch|p1a: Caw Bitch|Corviknight, F|100/100
|-ability|p1a: Caw Bitch|Pressure
|move|p2a: Tornadus|U-turn|p1a: Caw Bitch
|-resisted|p1a: Caw Bitch
|-damage|p1a: Caw Bitch|98/100
|
|t:|1667952963
|switch|p2a: Roar of Time|Garchomp, M|100/100 slp|[from]move: U-turn
|
|-heal|p1a: Caw Bitch|100/100|[from] item: Leftovers
|upkeep
|turn|150
|
|t:|1667952969
|switch|p1a: Treble|Clefable, M|100/100
|cant|p2a: Roar of Time|slp
|
|upkeep
|turn|151
|
|t:|1667952976
|switch|p2a: Tornadus|Tornadus-Therian, M|100/100
|switch|p1a: ;)|Toxapex, F|100/100
|
|upkeep
|turn|152
|
|t:|1667952981
|move|p2a: Tornadus|U-turn|p1a: ;)
|-resisted|p1a: ;)
|-damage|p1a: ;)|96/100
|
|t:|1667952984
|switch|p2a: Roar of Time|Garchomp, M|100/100 slp|[from]move: U-turn
|move|p1a: ;)|Knock Off|p2a: Roar of Time
|-damage|p2a: Roar of Time|91/100 slp
|-damage|p1a: ;)|83/100|[from] ability: Rough Skin|[of] p2a: Roar of Time
|
|upkeep
|turn|153
|
|t:|1667952991
|switch|p1a: Treble|Clefable, M|100/100
|cant|p2a: Roar of Time|slp
|
|upkeep
|turn|154
|
|t:|1667953000
|switch|p2a: Tornadus|Tornadus-Therian, M|100/100
|move|p1a: Treble|Moonblast|p2a: Tornadus
|-damage|p2a: Tornadus|72/100
|-unboost|p2a: Tornadus|spa|1
|
|upkeep
|turn|155
|
|t:|1667953007
|switch|p1a: HitEmFromTheEast|Gastrodon-East, F|75/100
|move|p2a: Tornadus|Knock Off|p1a: HitEmFromTheEast
|-damage|p1a: HitEmFromTheEast|52/100
|-activate|p1a: HitEmFromTheEast|ability: Sticky Hold
|
|-heal|p1a: HitEmFromTheEast|58/100|[from] item: Leftovers
|upkeep
|turn|156
|
|t:|1667953012
|switch|p2a: Roar of Time|Garchomp, M|91/100 slp
|move|p1a: HitEmFromTheEast|Recover|p1a: HitEmFromTheEast
|-heal|p1a: HitEmFromTheEast|100/100
|
|upkeep
|turn|157
|
|t:|1667953020
|switch|p2a: Hydreigon|Hydreigon, F|100/100
|switch|p1a: Caw Bitch|Corviknight, F|100/100
|-ability|p1a: Caw Bitch|Pressure
|
|upkeep
|turn|158
|
|t:|1667953027
|switch|p2a: Tornadus|Tornadus-Therian, M|100/100
|switch|p1a: thicc|Blissey, F|100/100
|
|upkeep
|turn|159
|
|t:|1667953043
|switch|p2a: Roar of Time|Garchomp, M|91/100 slp
|switch|p1a: ;)|Toxapex, F|100/100
|
|upkeep
|turn|160
|
|t:|1667953051
|switch|p1a: Caw Bitch|Corviknight, F|100/100
|-ability|p1a: Caw Bitch|Pressure
|-curestatus|p2a: Roar of Time|slp|[msg]
|move|p2a: Roar of Time|Stealth Rock|p1a: Caw Bitch
|-sidestart|p1: Cowsrule247|move: Stealth Rock
|
|upkeep
|turn|161
|j| Vivemouah
|
|t:|1667953061
|switch|p2a: Doublade|Doublade, M|100/100
|move|p1a: Caw Bitch|Defog|p2a: Doublade
|-unboost|p2a: Doublade|evasion|1
|-sideend|p1: Cowsrule247|Stealth Rock|[from] move: Defog|[of] p1a: Caw Bitch
|
|upkeep
|turn|162
|
|t:|1667953076
|switch|p1a: ;)|Toxapex, F|100/100
|switch|p2a: Tornadus|Tornadus-Therian, M|100/100
|
|upkeep
|turn|163
|
|t:|1667953087
|switch|p2a: Roar of Time|Garchomp, M|91/100
|move|p1a: ;)|Scald|p2a: Roar of Time
|-damage|p2a: Roar of Time|72/100
|-status|p2a: Roar of Time|brn
|
|-damage|p2a: Roar of Time|66/100 brn|[from] brn
|upkeep
|turn|164
|inactive|Cowsrule247 has 120 seconds left.
|
|t:|1667953109
|move|p2a: Roar of Time|Earthquake|p1a: ;)
|-supereffective|p1a: ;)
|-damage|p1a: ;)|75/100
|move|p1a: ;)|Scald|p2a: Roar of Time
|-damage|p2a: Roar of Time|47/100 brn
|
|-damage|p2a: Roar of Time|41/100 brn|[from] brn
|upkeep
|turn|165
|j| LVNT
|inactive|Cowsrule247 has 120 seconds left.
|
|t:|1667953117
|switch|p1a: Treble|Clefable, M|100/100
|move|p2a: Roar of Time|Rest|p2a: Roar of Time
|-status|p2a: Roar of Time|slp|[from] move: Rest
|-heal|p2a: Roar of Time|100/100 slp|[silent]
|
|upkeep
|turn|166
|
|t:|1667953121
|switch|p2a: Tornadus|Tornadus-Therian, M|100/100
|switch|p1a: ;)|Toxapex, F|100/100
|
|upkeep
|turn|167
|
|t:|1667953126
|switch|p2a: Roar of Time|Garchomp, M|100/100 slp
|move|p1a: ;)|Scald|p2a: Roar of Time
|-crit|p2a: Roar of Time
|-damage|p2a: Roar of Time|75/100 slp
|
|upkeep
|turn|168
|
|t:|1667953132
|cant|p2a: Roar of Time|slp
|move|p1a: ;)|Scald|p2a: Roar of Time
|-damage|p2a: Roar of Time|57/100 slp
|
|upkeep
|turn|169
|
|t:|1667953135
|cant|p2a: Roar of Time|slp
|move|p1a: ;)|Scald|p2a: Roar of Time
|-damage|p2a: Roar of Time|37/100 slp
|
|upkeep
|turn|170
|
|t:|1667953140
|switch|p1a: Caw Bitch|Corviknight, F|100/100
|-ability|p1a: Caw Bitch|Pressure
|-curestatus|p2a: Roar of Time|slp|[msg]
|move|p2a: Roar of Time|Rest|p2a: Roar of Time
|-status|p2a: Roar of Time|slp|[from] move: Rest
|-heal|p2a: Roar of Time|100/100 slp|[silent]
|
|upkeep
|turn|171
|
|t:|1667953156
|switch|p2a: Golden Sun|Aegislash, F|91/100
|switch|p1a: SWOLE|Buzzwole, shiny|100/100
|
|-heal|p2a: Golden Sun|97/100|[from] item: Leftovers
|upkeep
|turn|172
|
|t:|1667953164
|switch|p1a: HitEmFromTheEast|Gastrodon-East, F|100/100
|move|p2a: Golden Sun|Substitute|p2a: Golden Sun
|-start|p2a: Golden Sun|Substitute
|-damage|p2a: Golden Sun|73/100
|
|-heal|p2a: Golden Sun|79/100|[from] item: Leftovers
|upkeep
|turn|173
|
|t:|1667953169
|-formechange|p2a: Golden Sun|Aegislash-Blade||[from] ability: Stance Change
|move|p2a: Golden Sun|Sacred Sword|p1a: HitEmFromTheEast
|-damage|p1a: HitEmFromTheEast|69/100
|move|p1a: HitEmFromTheEast|Scald|p2a: Golden Sun
|-end|p2a: Golden Sun|Substitute
|
|-heal|p2a: Golden Sun|85/100|[from] item: Leftovers
|-heal|p1a: HitEmFromTheEast|75/100|[from] item: Leftovers
|upkeep
|turn|174
|
|t:|1667953178
|switch|p2a: Tornadus|Tornadus-Therian, M|100/100
|move|p1a: HitEmFromTheEast|Toxic|p2a: Tornadus
|-status|p2a: Tornadus|tox
|
|-heal|p1a: HitEmFromTheEast|81/100|[from] item: Leftovers
|-damage|p2a: Tornadus|94/100 tox|[from] psn
|upkeep
|turn|175
|
|t:|1667953184
|switch|p1a: ;)|Toxapex, F|100/100
|move|p2a: Tornadus|U-turn|p1a: ;)
|-resisted|p1a: ;)
|-damage|p1a: ;)|96/100
|
|t:|1667953188
|switch|p2a: Clefable|Clefable, M|99/100|[from]move: U-turn
|
|upkeep
|turn|176
|
|t:|1667953193
|switch|p1a: thicc|Blissey, F|100/100
|move|p2a: Clefable|Aromatherapy|p2a: Clefable
|-activate|p2a: Clefable|move: Aromatherapy
|-curestatus|p2: Tornadus|tox|[msg]
|-curestatus|p2: Roar of Time|slp|[msg]
|
|upkeep
|turn|177
|
|t:|1667953200
|switch|p2a: Roar of Time|Garchomp, M|100/100
|move|p1a: thicc|Stealth Rock|p2a: Roar of Time
|-sidestart|p2: BasedLordATV|move: Stealth Rock
|
|upkeep
|turn|178
|
|t:|1667953213
|switch|p2a: Tornadus|Tornadus-Therian, M|100/100
|move|p1a: thicc|Toxic|p2a: Tornadus
|-status|p2a: Tornadus|tox
|
|-damage|p2a: Tornadus|94/100 tox|[from] psn
|upkeep
|turn|179
|
|t:|1667953218
|move|p2a: Tornadus|Defog|p1a: thicc
|-unboost|p1a: thicc|evasion|1
|-sideend|p2: BasedLordATV|Stealth Rock|[from] move: Defog|[of] p2a: Tornadus
|move|p1a: thicc|Seismic Toss|p2a: Tornadus
|-damage|p2a: Tornadus|65/100 tox
|
|-damage|p2a: Tornadus|52/100 tox|[from] psn
|upkeep
|turn|180
|
|t:|1667953227
|move|p2a: Tornadus|U-turn|p1a: thicc
|-damage|p1a: thicc|87/100
|
|t:|1667953234
|switch|p2a: Clefable|Clefable, M|99/100|[from]move: U-turn
|move|p1a: thicc|Soft-Boiled|p1a: thicc
|-heal|p1a: thicc|100/100
|
|upkeep
|turn|181
|
|t:|1667953248
|switch|p2a: Golden Sun|Aegislash, F|85/100
|move|p1a: thicc|Seismic Toss|p2a: Golden Sun
|-immune|p2a: Golden Sun
|
|-heal|p2a: Golden Sun|91/100|[from] item: Leftovers
|upkeep
|turn|182
|
|t:|1667953257
|switch|p2a: Tornadus|Tornadus-Therian, M|85/100 tox
|move|p1a: thicc|Stealth Rock|p2a: Tornadus
|-sidestart|p2: BasedLordATV|move: Stealth Rock
|
|-damage|p2a: Tornadus|79/100 tox|[from] psn
|upkeep
|turn|183
|
|t:|1667953261
|move|p2a: Tornadus|Defog|p1a: thicc
|-unboost|p1a: thicc|evasion|1
|-sideend|p2: BasedLordATV|Stealth Rock|[from] move: Defog|[of] p2a: Tornadus
|move|p1a: thicc|Seismic Toss|p2a: Tornadus
|-damage|p2a: Tornadus|49/100 tox
|
|-damage|p2a: Tornadus|37/100 tox|[from] psn
|upkeep
|turn|184
|
|t:|1667953270
|switch|p2a: Clefable|Clefable, M|99/100
|move|p1a: thicc|Stealth Rock|p2a: Clefable
|-sidestart|p2: BasedLordATV|move: Stealth Rock
|
|upkeep
|turn|185
|
|t:|1667953272
|move|p2a: Clefable|Aromatherapy|p2a: Clefable
|-activate|p2a: Clefable|move: Aromatherapy
|-curestatus|p2: Tornadus|tox|[msg]
|move|p1a: thicc|Seismic Toss|p2a: Clefable
|-damage|p2a: Clefable|74/100
|
|upkeep
|turn|186
|
|t:|1667953287
|switch|p2a: Golden Sun|Aegislash, F|91/100
|-damage|p2a: Golden Sun|85/100|[from] Stealth Rock
|move|p1a: thicc|Seismic Toss|p2a: Golden Sun
|-immune|p2a: Golden Sun
|
|-heal|p2a: Golden Sun|91/100|[from] item: Leftovers
|upkeep
|turn|187
|
|t:|1667953293
|switch|p2a: Tornadus|Tornadus-Therian, M|70/100
|move|p1a: thicc|Seismic Toss|p2a: Tornadus
|-damage|p2a: Tornadus|41/100
|
|upkeep
|turn|188
|inactive|BasedLordATV has 120 seconds left.
|
|t:|1667953305
|switch|p2a: Golden Sun|Aegislash, F|91/100
|-damage|p2a: Golden Sun|85/100|[from] Stealth Rock
|move|p1a: thicc|Seismic Toss|p2a: Golden Sun
|-immune|p2a: Golden Sun
|
|-heal|p2a: Golden Sun|91/100|[from] item: Leftovers
|upkeep
|turn|189
|inactive|BasedLordATV has 120 seconds left.
|
|t:|1667953314
|switch|p1a: ;)|Toxapex, F|100/100
|-formechange|p2a: Golden Sun|Aegislash-Blade||[from] ability: Stance Change
|move|p2a: Golden Sun|Sacred Sword|p1a: ;)
|-resisted|p1a: ;)
|-damage|p1a: ;)|92/100
|
|-heal|p2a: Golden Sun|97/100|[from] item: Leftovers
|upkeep
|turn|190
|
|t:|1667953320
|switch|p2a: Roar of Time|Garchomp, M|100/100
|-damage|p2a: Roar of Time|94/100|[from] Stealth Rock
|move|p1a: ;)|Scald|p2a: Roar of Time
|-damage|p2a: Roar of Time|77/100
|
|upkeep
|turn|191
|
|t:|1667953329
|switch|p2a: Golden Sun|Aegislash, F|97/100
|-damage|p2a: Golden Sun|91/100|[from] Stealth Rock
|switch|p1a: Caw Bitch|Corviknight, F|100/100
|-ability|p1a: Caw Bitch|Pressure
|
|-heal|p2a: Golden Sun|97/100|[from] item: Leftovers
|upkeep
|turn|192
|
|t:|1667953346
|switch|p1a: ;)|Toxapex, F|100/100
|switch|p2a: Tornadus|Tornadus-Therian, M|74/100
|
|upkeep
|turn|193
|
|t:|1667953351
|switch|p2a: Roar of Time|Garchomp, M|77/100
|-damage|p2a: Roar of Time|71/100|[from] Stealth Rock
|move|p1a: ;)|Knock Off|p2a: Roar of Time
|-crit|p2a: Roar of Time
|-damage|p2a: Roar of Time|57/100
|-damage|p1a: ;)|88/100|[from] ability: Rough Skin|[of] p2a: Roar of Time
|
|upkeep
|turn|194
|inactive|BasedLordATV has 90 seconds left.
|
|t:|1667953365
|switch|p1a: Caw Bitch|Corviknight, F|100/100
|-ability|p1a: Caw Bitch|Pressure
|move|p2a: Roar of Time|Earthquake|p1a: Caw Bitch
|-immune|p1a: Caw Bitch
|
|upkeep
|turn|195
|inactive|BasedLordATV has 90 seconds left.
|
|t:|1667953374
|switch|p2a: Golden Sun|Aegislash, F|97/100
|-damage|p2a: Golden Sun|91/100|[from] Stealth Rock
|switch|p1a: ;)|Toxapex, F|100/100
|
|-heal|p2a: Golden Sun|97/100|[from] item: Leftovers
|upkeep
|turn|196
|
|t:|1667953378
|switch|p2a: Roar of Time|Garchomp, M|57/100
|-damage|p2a: Roar of Time|51/100|[from] Stealth Rock
|move|p1a: ;)|Knock Off|p2a: Roar of Time
|-damage|p2a: Roar of Time|43/100
|-damage|p1a: ;)|88/100|[from] ability: Rough Skin|[of] p2a: Roar of Time
|
|upkeep
|turn|197
|inactive|BasedLordATV has 90 seconds left.
|
|t:|1667953389
|move|p2a: Roar of Time|Rest|p2a: Roar of Time
|-status|p2a: Roar of Time|slp|[from] move: Rest
|-heal|p2a: Roar of Time|100/100 slp|[silent]
|move|p1a: ;)|Scald|p2a: Roar of Time
|-damage|p2a: Roar of Time|83/100 slp
|
|upkeep
|turn|198
|l| LVNT
|
|t:|1667953393
|cant|p2a: Roar of Time|slp
|move|p1a: ;)|Knock Off|p2a: Roar of Time
|-damage|p2a: Roar of Time|74/100 slp
|-damage|p1a: ;)|75/100|[from] ability: Rough Skin|[of] p2a: Roar of Time
|
|upkeep
|turn|199
|
|t:|1667953397
|switch|p1a: Caw Bitch|Corviknight, F|100/100
|-ability|p1a: Caw Bitch|Pressure
|cant|p2a: Roar of Time|slp
|
|upkeep
|turn|200
|
|t:|1667953406
|switch|p2a: Golden Sun|Aegislash, F|97/100
|-damage|p2a: Golden Sun|91/100|[from] Stealth Rock
|switch|p1a: HitEmFromTheEast|Gastrodon-East, F|81/100
|
|-heal|p2a: Golden Sun|97/100|[from] item: Leftovers
|-heal|p1a: HitEmFromTheEast|87/100|[from] item: Leftovers
|upkeep
|turn|201
|inactive|BasedLordATV has 90 seconds left.
|inactive|BasedLordATV has 60 seconds left.
|
|t:|1667953452
|switch|p2a: Roar of Time|Garchomp, M|74/100 slp
|-damage|p2a: Roar of Time|68/100 slp|[from] Stealth Rock
|switch|p1a: ;)|Toxapex, F|100/100
|
|upkeep
|turn|202
|
|t:|1667953458
|switch|p1a: SWOLE|Buzzwole, shiny|100/100
|-curestatus|p2a: Roar of Time|slp|[msg]
|move|p2a: Roar of Time|Earthquake|p1a: SWOLE
|-resisted|p1a: SWOLE
|-damage|p1a: SWOLE|88/100
|
|upkeep
|turn|203
|
|t:|1667953462
|switch|p2a: Doublade|Doublade, M|100/100
|-damage|p2a: Doublade|94/100|[from] Stealth Rock
|move|p1a: SWOLE|Ice Punch|p2a: Doublade
|-resisted|p2a: Doublade
|-damage|p2a: Doublade|89/100
|
|upkeep
|turn|204
|
|t:|1667953475
|switch|p1a: ;)|Toxapex, F|100/100
|move|p2a: Doublade|Toxic|p1a: ;)
|-immune|p1a: ;)
|
|upkeep
|turn|205
|
|t:|1667953483
|switch|p2a: Roar of Time|Garchomp, M|68/100
|-damage|p2a: Roar of Time|62/100|[from] Stealth Rock
|switch|p1a: SWOLE|Buzzwole, shiny|88/100
|
|upkeep
|turn|206
|
|t:|1667953490
|switch|p2a: Doublade|Doublade, M|89/100
|-damage|p2a: Doublade|83/100|[from] Stealth Rock
|move|p1a: SWOLE|Ice Punch|p2a: Doublade
|-resisted|p2a: Doublade
|-damage|p2a: Doublade|77/100
|
|upkeep
|turn|207
|j| Urdnot wren
|
|t:|1667953498
|switch|p1a: ;)|Toxapex, F|100/100
|move|p2a: Doublade|Shadow Sneak|p1a: ;)
|-damage|p1a: ;)|90/100
|
|upkeep
|turn|208
|
|t:|1667953507
|switch|p2a: Roar of Time|Garchomp, M|62/100
|-damage|p2a: Roar of Time|55/100|[from] Stealth Rock
|move|p1a: ;)|Scald|p2a: Roar of Time
|-damage|p2a: Roar of Time|35/100
|-status|p2a: Roar of Time|brn
|
|-damage|p2a: Roar of Time|29/100 brn|[from] brn
|upkeep
|turn|209
|
|t:|1667953511
|switch|p1a: SWOLE|Buzzwole, shiny|88/100
|move|p2a: Roar of Time|Rest|p2a: Roar of Time
|-status|p2a: Roar of Time|slp|[from] move: Rest
|-heal|p2a: Roar of Time|100/100 slp|[silent]
|
|upkeep
|turn|210
|
|t:|1667953514
|switch|p2a: Doublade|Doublade, M|77/100
|-damage|p2a: Doublade|71/100|[from] Stealth Rock
|move|p1a: SWOLE|Ice Punch|p2a: Doublade
|-resisted|p2a: Doublade
|-damage|p2a: Doublade|65/100
|
|upkeep
|turn|211
|
|t:|1667953523
|move|p1a: SWOLE|Ice Punch|p2a: Doublade
|-resisted|p2a: Doublade
|-damage|p2a: Doublade|60/100
|move|p2a: Doublade|Rest|p2a: Doublade
|-status|p2a: Doublade|slp|[from] move: Rest
|-heal|p2a: Doublade|100/100 slp|[silent]
|
|upkeep
|turn|212
|
|t:|1667953531
|switch|p1a: ;)|Toxapex, F|100/100
|cant|p2a: Doublade|slp
|
|upkeep
|turn|213
|
|t:|1667953539
|switch|p2a: Roar of Time|Garchomp, M|100/100 slp
|-damage|p2a: Roar of Time|94/100 slp|[from] Stealth Rock
|switch|p1a: HitEmFromTheEast|Gastrodon-East, F|87/100
|
|-heal|p1a: HitEmFromTheEast|93/100|[from] item: Leftovers
|upkeep
|turn|214
|
|t:|1667953543
|cant|p2a: Roar of Time|slp
|move|p1a: HitEmFromTheEast|Scald|p2a: Roar of Time
|-damage|p2a: Roar of Time|66/100 slp
|
|-heal|p1a: HitEmFromTheEast|99/100|[from] item: Leftovers
|upkeep
|turn|215
|
|t:|1667953547
|cant|p2a: Roar of Time|slp
|move|p1a: HitEmFromTheEast|Scald|p2a: Roar of Time
|-crit|p2a: Roar of Time
|-damage|p2a: Roar of Time|27/100 slp
|
|-heal|p1a: HitEmFromTheEast|100/100|[from] item: Leftovers
|upkeep
|turn|216
|
|t:|1667953551
|-curestatus|p2a: Roar of Time|slp|[msg]
|move|p2a: Roar of Time|Rest|p2a: Roar of Time
|-status|p2a: Roar of Time|slp|[from] move: Rest
|-heal|p2a: Roar of Time|100/100 slp|[silent]
|move|p1a: HitEmFromTheEast|Scald|p2a: Roar of Time
|-damage|p2a: Roar of Time|74/100 slp
|
|upkeep
|turn|217
|
|t:|1667953563
|switch|p2a: Tornadus|Tornadus-Therian, M|100/100
|move|p1a: HitEmFromTheEast|Scald|p2a: Tornadus
|-damage|p2a: Tornadus|79/100
|
|upkeep
|turn|218
|
|t:|1667953568
|move|p2a: Tornadus|Defog|p1a: HitEmFromTheEast
|-unboost|p1a: HitEmFromTheEast|evasion|1
|-sideend|p2: BasedLordATV|Stealth Rock|[from] move: Defog|[of] p2a: Tornadus
|move|p1a: HitEmFromTheEast|Toxic|p2a: Tornadus
|-status|p2a: Tornadus|tox
|
|-damage|p2a: Tornadus|73/100 tox|[from] psn
|upkeep
|turn|219
|
|t:|1667953576
|switch|p2a: Clefable|Clefable, M|74/100
|move|p1a: HitEmFromTheEast|Scald|p2a: Clefable
|-damage|p2a: Clefable|48/100
|-status|p2a: Clefable|brn
|
|-damage|p2a: Clefable|42/100 brn|[from] brn
|upkeep
|turn|220
|
|t:|1667953579
|switch|p1a: thicc|Blissey, F|100/100
|move|p2a: Clefable|Aromatherapy|p2a: Clefable
|-activate|p2a: Clefable|move: Aromatherapy
|-curestatus|p2a: Clefable|brn|[msg]
|-curestatus|p2: Doublade|slp|[msg]
|-curestatus|p2: Roar of Time|slp|[msg]
|-curestatus|p2: Tornadus|tox|[msg]
|
|upkeep
|turn|221
|
|t:|1667953582
|move|p2a: Clefable|Soft-Boiled|p2a: Clefable
|-heal|p2a: Clefable|92/100
|move|p1a: thicc|Stealth Rock|p2a: Clefable
|-sidestart|p2: BasedLordATV|move: Stealth Rock
|
|upkeep
|turn|222
|inactive|BasedLordATV has 30 seconds left.
|
|t:|1667953595
|switch|p2a: Tornadus|Tornadus-Therian, M|100/100
|switch|p1a: ;)|Toxapex, F|100/100
|
|upkeep
|turn|223
|
|t:|1667953599
|switch|p2a: Roar of Time|Garchomp, M|74/100
|-damage|p2a: Roar of Time|68/100|[from] Stealth Rock
|move|p1a: ;)|Knock Off|p2a: Roar of Time
|-damage|p2a: Roar of Time|59/100
|-damage|p1a: ;)|88/100|[from] ability: Rough Skin|[of] p2a: Roar of Time
|
|upkeep
|turn|224
|inactive|BasedLordATV has 30 seconds left.
|
|t:|1667953608
|switch|p2a: Tornadus|Tornadus-Therian, M|100/100
|switch|p1a: SWOLE|Buzzwole, shiny|88/100
|
|upkeep
|turn|225
|
|t:|1667953617
|switch|p1a: thicc|Blissey, F|100/100
|move|p2a: Tornadus|Heat Wave|p1a: thicc
|-damage|p1a: thicc|92/100
|
|upkeep
|turn|226
|
|t:|1667953620
|move|p2a: Tornadus|Defog|p1a: thicc
|-unboost|p1a: thicc|evasion|1
|-sideend|p2: BasedLordATV|Stealth Rock|[from] move: Defog|[of] p2a: Tornadus
|move|p1a: thicc|Toxic|p2a: Tornadus
|-status|p2a: Tornadus|tox
|
|-damage|p2a: Tornadus|94/100 tox|[from] psn
|upkeep
|turn|227
|
|t:|1667953624
|move|p2a: Tornadus|Knock Off|p1a: thicc
|-damage|p1a: thicc|76/100
|-enditem|p1a: thicc|Heavy-Duty Boots|[from] move: Knock Off|[of] p2a: Tornadus
|move|p1a: thicc|Stealth Rock|p2a: Tornadus
|-sidestart|p2: BasedLordATV|move: Stealth Rock
|
|-damage|p2a: Tornadus|82/100 tox|[from] psn
|upkeep
|turn|228
|
|t:|1667953629
|move|p2a: Tornadus|Defog|p1a: thicc
|-unboost|p1a: thicc|evasion|1
|-sideend|p2: BasedLordATV|Stealth Rock|[from] move: Defog|[of] p2a: Tornadus
|move|p1a: thicc|Seismic Toss|p2a: Tornadus
|-damage|p2a: Tornadus|52/100 tox
|
|-damage|p2a: Tornadus|33/100 tox|[from] psn
|upkeep
|turn|229
|
|t:|1667953637
|switch|p2a: Golden Sun|Aegislash, F|97/100
|move|p1a: thicc|Stealth Rock|p2a: Golden Sun
|-sidestart|p2: BasedLordATV|move: Stealth Rock
|
|-heal|p2a: Golden Sun|100/100|[from] item: Leftovers
|upkeep
|turn|230
|
|t:|1667953644
|switch|p1a: HitEmFromTheEast|Gastrodon-East, F|100/100
|switch|p2a: Tornadus|Tornadus-Therian, M|67/100 tox
|
|-damage|p2a: Tornadus|60/100 tox|[from] psn
|upkeep
|turn|231
|
|t:|1667953653
|switch|p2a: Roar of Time|Garchomp, M|59/100
|-damage|p2a: Roar of Time|53/100|[from] Stealth Rock
|move|p1a: HitEmFromTheEast|Scald|p2a: Roar of Time
|-damage|p2a: Roar of Time|23/100
|
|upkeep
|turn|232
|
|t:|1667953659
|move|p2a: Roar of Time|Rest|p2a: Roar of Time
|-status|p2a: Roar of Time|slp|[from] move: Rest
|-heal|p2a: Roar of Time|100/100 slp|[silent]
|move|p1a: HitEmFromTheEast|Scald|p2a: Roar of Time
|-crit|p2a: Roar of Time
|-damage|p2a: Roar of Time|57/100 slp
|
|upkeep
|turn|233
|
|t:|1667953661
|cant|p2a: Roar of Time|slp
|move|p1a: HitEmFromTheEast|Scald|p2a: Roar of Time
|-damage|p2a: Roar of Time|27/100 slp
|
|upkeep
|turn|234
|
|t:|1667953668
|switch|p2a: Hydreigon|Hydreigon, F|100/100
|-damage|p2a: Hydreigon|88/100|[from] Stealth Rock
|move|p1a: HitEmFromTheEast|Scald|p2a: Hydreigon
|-resisted|p2a: Hydreigon
|-damage|p2a: Hydreigon|79/100
|-status|p2a: Hydreigon|brn
|
|-heal|p2a: Hydreigon|85/100 brn|[from] item: Leftovers
|-damage|p2a: Hydreigon|79/100 brn|[from] brn
|upkeep
|turn|235
|
|t:|1667953676
|switch|p1a: thicc|Blissey, F|76/100
|move|p2a: Hydreigon|Dark Pulse|p1a: thicc
|-damage|p1a: thicc|64/100
|
|-heal|p2a: Hydreigon|85/100 brn|[from] item: Leftovers
|-damage|p2a: Hydreigon|79/100 brn|[from] brn
|upkeep
|turn|236
|inactive|BasedLordATV has 30 seconds left.
|
|t:|1667953686
|move|p2a: Hydreigon|Nasty Plot|p2a: Hydreigon
|-boost|p2a: Hydreigon|spa|2
|move|p1a: thicc|Soft-Boiled|p1a: thicc
|-heal|p1a: thicc|100/100
|
|-heal|p2a: Hydreigon|85/100 brn|[from] item: Leftovers
|-damage|p2a: Hydreigon|79/100 brn|[from] brn
|upkeep
|turn|237
|
|t:|1667953690
|switch|p2a: Clefable|Clefable, M|92/100
|-damage|p2a: Clefable|80/100|[from] Stealth Rock
|move|p1a: thicc|Seismic Toss|p2a: Clefable
|-damage|p2a: Clefable|54/100
|
|upkeep
|turn|238
|inactive|BasedLordATV has 30 seconds left.
|
|t:|1667953696
|move|p2a: Clefable|Aromatherapy|p2a: Clefable
|-activate|p2a: Clefable|move: Aromatherapy
|-curestatus|p2: Tornadus|tox|[msg]
|-curestatus|p2: Roar of Time|slp|[msg]
|-curestatus|p2: Hydreigon|brn|[msg]
|move|p1a: thicc|Seismic Toss|p2a: Clefable
|-damage|p2a: Clefable|29/100
|
|upkeep
|turn|239
|inactive|BasedLordATV has 30 seconds left.
|
|t:|1667953705
|switch|p1a: ;)|Toxapex, F|100/100
|move|p2a: Clefable|Soft-Boiled|p2a: Clefable
|-heal|p2a: Clefable|79/100
|
|upkeep
|turn|240
|inactive|BasedLordATV has 30 seconds left this turn.
|
|t:|1667953709
|switch|p2a: Roar of Time|Garchomp, M|27/100
|-damage|p2a: Roar of Time|21/100|[from] Stealth Rock
|move|p1a: ;)|Knock Off|p2a: Roar of Time
|-damage|p2a: Roar of Time|13/100
|-damage|p1a: ;)|88/100|[from] ability: Rough Skin|[of] p2a: Roar of Time
|
|upkeep
|turn|241
|inactive|BasedLordATV has 30 seconds left.
|
|t:|1667953714
|move|p2a: Roar of Time|Rest|p2a: Roar of Time
|-status|p2a: Roar of Time|slp|[from] move: Rest
|-heal|p2a: Roar of Time|100/100 slp|[silent]
|move|p1a: ;)|Scald|p2a: Roar of Time
|-damage|p2a: Roar of Time|81/100 slp
|
|upkeep
|turn|242
|inactive|BasedLordATV has 30 seconds left this turn.
|
|t:|1667953718
|switch|p1a: HitEmFromTheEast|Gastrodon-East, F|100/100
|cant|p2a: Roar of Time|slp
|
|upkeep
|turn|243
|inactive|BasedLordATV has 30 seconds left.
|
|t:|1667953723
|switch|p2a: Hydreigon|Hydreigon, F|79/100
|-damage|p2a: Hydreigon|66/100|[from] Stealth Rock
|move|p1a: HitEmFromTheEast|Scald|p2a: Hydreigon
|-resisted|p2a: Hydreigon
|-damage|p2a: Hydreigon|57/100
|-status|p2a: Hydreigon|brn
|
|-heal|p2a: Hydreigon|64/100 brn|[from] item: Leftovers
|-damage|p2a: Hydreigon|57/100 brn|[from] brn
|upkeep
|turn|244
|inactive|BasedLordATV has 30 seconds left this turn.
|
|t:|1667953727
|switch|p1a: thicc|Blissey, F|100/100
|move|p2a: Hydreigon|Roost|p2a: Hydreigon
|-heal|p2a: Hydreigon|100/100 brn
|-singleturn|p2a: Hydreigon|move: Roost
|
|-damage|p2a: Hydreigon|94/100 brn|[from] brn
|upkeep
|turn|245
|
|t:|1667953731
|switch|p2a: Golden Sun|Aegislash, F|100/100
|-damage|p2a: Golden Sun|94/100|[from] Stealth Rock
|move|p1a: thicc|Seismic Toss|p2a: Golden Sun
|-immune|p2a: Golden Sun
|
|-heal|p2a: Golden Sun|100/100|[from] item: Leftovers
|upkeep
|turn|246
|inactive|BasedLordATV has 30 seconds left.
|
|t:|1667953752
|switch|p1a: Caw Bitch|Corviknight, F|100/100
|-ability|p1a: Caw Bitch|Pressure
|-formechange|p2a: Golden Sun|Aegislash-Blade||[from] ability: Stance Change
|move|p2a: Golden Sun|Sacred Sword|p1a: Caw Bitch
|-damage|p1a: Caw Bitch|83/100
|
|-heal|p1a: Caw Bitch|90/100|[from] item: Leftovers
|upkeep
|turn|247
|inactive|BasedLordATV has 30 seconds left this turn.
|
|t:|1667953759
|switch|p2a: Tornadus|Tornadus-Therian, M|94/100
|move|p1a: Caw Bitch|Iron Defense|p1a: Caw Bitch
|-boost|p1a: Caw Bitch|def|2
|
|-heal|p1a: Caw Bitch|96/100|[from] item: Leftovers
|upkeep
|turn|248
|inactive|BasedLordATV has 25 seconds left this turn.
|inactive|BasedLordATV has 20 seconds left.
|
|t:|1667953767
|switch|p2a: Golden Sun|Aegislash, F|100/100
|-damage|p2a: Golden Sun|94/100|[from] Stealth Rock
|switch|p1a: thicc|Blissey, F|100/100
|
|-heal|p2a: Golden Sun|100/100|[from] item: Leftovers
|upkeep
|turn|249
|inactive|BasedLordATV has 25 seconds left this turn.
|inactive|BasedLordATV has 20 seconds left.
|
|t:|1667953776
|switch|p1a: Caw Bitch|Corviknight, F|96/100
|-ability|p1a: Caw Bitch|Pressure
|switch|p2a: Doublade|Doublade, M|100/100
|-damage|p2a: Doublade|94/100|[from] Stealth Rock
|
|-heal|p1a: Caw Bitch|100/100|[from] item: Leftovers
|upkeep
|turn|250
|inactive|BasedLordATV has 20 seconds left this turn.
|inactive|BasedLordATV has 15 seconds left.
|
|t:|1667953788
|switch|p1a: ;)|Toxapex, F|100/100
|switch|p2a: Tornadus|Tornadus-Therian, M|100/100
|
|upkeep
|turn|251
|inactive|BasedLordATV has 20 seconds left this turn.
|inactive|BasedLordATV has 15 seconds left.
|
|t:|1667953797
|switch|p2a: Hydreigon|Hydreigon, F|94/100 brn
|-damage|p2a: Hydreigon|82/100 brn|[from] Stealth Rock
|move|p1a: ;)|Knock Off|p2a: Hydreigon
|-resisted|p2a: Hydreigon
|-damage|p2a: Hydreigon|74/100 brn
|-enditem|p2a: Hydreigon|Leftovers|[from] move: Knock Off|[of] p1a: ;)
|
|-damage|p2a: Hydreigon|68/100 brn|[from] brn
|upkeep
|turn|252
|inactive|BasedLordATV has 15 seconds left this turn.
|inactive|BasedLordATV has 10 seconds left.
|
|t:|1667953806
|switch|p1a: Treble|Clefable, M|100/100
|move|p2a: Hydreigon|Dark Pulse|p1a: Treble
|-resisted|p1a: Treble
|-damage|p1a: Treble|88/100
|
|-heal|p1a: Treble|94/100|[from] item: Leftovers
|-damage|p2a: Hydreigon|62/100 brn|[from] brn
|upkeep
|turn|253
|inactive|BasedLordATV has 15 seconds left this turn.
|
|t:|1667953811
|switch|p2a: Golden Sun|Aegislash, F|100/100
|-damage|p2a: Golden Sun|94/100|[from] Stealth Rock
|move|p1a: Treble|Moonblast|p2a: Golden Sun
|-resisted|p2a: Golden Sun
|-damage|p2a: Golden Sun|85/100
|
|-heal|p1a: Treble|99/100|[from] item: Leftovers
|-heal|p2a: Golden Sun|91/100|[from] item: Leftovers
|upkeep
|turn|254
|inactive|BasedLordATV has 15 seconds left this turn.
|inactive|BasedLordATV has 10 seconds left.
|
|t:|1667953819
|switch|p1a: ;)|Toxapex, F|100/100
|switch|p2a: Tornadus|Tornadus-Therian, M|100/100
|
|upkeep
|turn|255
|inactive|BasedLordATV has 15 seconds left this turn.
|inactive|BasedLordATV has 10 seconds left.
|
|t:|1667953824
|switch|p2a: Hydreigon|Hydreigon, F|62/100 brn
|-damage|p2a: Hydreigon|49/100 brn|[from] Stealth Rock
|move|p1a: ;)|Knock Off|p2a: Hydreigon
|-resisted|p2a: Hydreigon
|-damage|p2a: Hydreigon|45/100 brn
|
|-damage|p2a: Hydreigon|38/100 brn|[from] brn
|upkeep
|turn|256
|inactive|BasedLordATV has 10 seconds left this turn.
|
|t:|1667953829
|switch|p1a: Treble|Clefable, M|99/100
|move|p2a: Hydreigon|Roost|p2a: Hydreigon
|-heal|p2a: Hydreigon|89/100 brn
|-singleturn|p2a: Hydreigon|move: Roost
|
|-heal|p1a: Treble|100/100|[from] item: Leftovers
|-damage|p2a: Hydreigon|82/100 brn|[from] brn
|upkeep
|turn|257
|inactive|BasedLordATV has 15 seconds left this turn.
|inactive|BasedLordATV has 10 seconds left.
|
|t:|1667953835
|switch|p2a: Golden Sun|Aegislash, F|91/100
|-damage|p2a: Golden Sun|85/100|[from] Stealth Rock
|move|p1a: Treble|Moonblast|p2a: Golden Sun
|-resisted|p2a: Golden Sun
|-damage|p2a: Golden Sun|75/100
|-unboost|p2a: Golden Sun|spa|1
|
|-heal|p2a: Golden Sun|81/100|[from] item: Leftovers
|upkeep
|turn|258
|inactive|BasedLordATV has 10 seconds left this turn.
|j| LVNT
|inactive|BasedLordATV has 5 seconds left.
|l| Jongruenwald
|
|t:|1667953842
|switch|p2a: Tornadus|Tornadus-Therian, M|100/100
|move|p1a: Treble|Moonblast|p2a: Tornadus
|-damage|p2a: Tornadus|72/100
|
|upkeep
|turn|259
|inactive|BasedLordATV has 10 seconds left this turn.
|
|t:|1667953846
|switch|p1a: thicc|Blissey, F|100/100
|move|p2a: Tornadus|Knock Off|p1a: thicc
|-damage|p1a: thicc|89/100
|
|upkeep
|turn|260
|inactive|BasedLordATV has 10 seconds left this turn.
|
|t:|1667953848
|move|p2a: Tornadus|U-turn|p1a: thicc
|-damage|p1a: thicc|76/100
|inactive|BasedLordATV has 15 seconds left this turn.
|l| LVNT
|
|t:|1667953852
|switch|p2a: Golden Sun|Aegislash, F|81/100|[from]move: U-turn
|-damage|p2a: Golden Sun|75/100|[from] Stealth Rock
|move|p1a: thicc|Toxic|p2a: Golden Sun
|-immune|p2a: Golden Sun
|
|-heal|p2a: Golden Sun|81/100|[from] item: Leftovers
|upkeep
|turn|261
|inactive|BasedLordATV has 15 seconds left this turn.
|j| Jongruenwald
|
|t:|1667953856
|switch|p1a: ;)|Toxapex, F|100/100
|switch|p2a: Doublade|Doublade, M|94/100
|-damage|p2a: Doublade|88/100|[from] Stealth Rock
|
|upkeep
|turn|262
|inactive|BasedLordATV has 20 seconds left this turn.
|l| Jongruenwald
|inactive|BasedLordATV has 15 seconds left.
|
|t:|1667953861
|switch|p2a: Hydreigon|Hydreigon, F|82/100 brn
|-damage|p2a: Hydreigon|70/100 brn|[from] Stealth Rock
|move|p1a: ;)|Knock Off|p2a: Hydreigon
|-resisted|p2a: Hydreigon
|-damage|p2a: Hydreigon|65/100 brn
|
|-damage|p2a: Hydreigon|59/100 brn|[from] brn
|upkeep
|turn|263
|inactive|BasedLordATV has 15 seconds left this turn.
|
|t:|1667953865
|switch|p1a: thicc|Blissey, F|76/100
|move|p2a: Hydreigon|Roost|p2a: Hydreigon
|-heal|p2a: Hydreigon|100/100 brn
|-singleturn|p2a: Hydreigon|move: Roost
|
|-damage|p2a: Hydreigon|94/100 brn|[from] brn
|upkeep
|turn|264
|inactive|BasedLordATV has 20 seconds left this turn.
|j| Jongruenwald
|inactive|BasedLordATV has 15 seconds left.
|
|t:|1667953870
|switch|p2a: Golden Sun|Aegislash, F|81/100
|-damage|p2a: Golden Sun|75/100|[from] Stealth Rock
|switch|p1a: ;)|Toxapex, F|100/100
|
|-heal|p2a: Golden Sun|81/100|[from] item: Leftovers
|upkeep
|turn|265
|inactive|BasedLordATV has 15 seconds left this turn.
|inactive|BasedLordATV has 10 seconds left.
|
|t:|1667953880
|switch|p2a: Roar of Time|Garchomp, M|81/100 slp
|-damage|p2a: Roar of Time|75/100 slp|[from] Stealth Rock
|switch|p1a: SWOLE|Buzzwole, shiny|88/100
|
|upkeep
|turn|266
|inactive|BasedLordATV has 15 seconds left this turn.
|
|t:|1667953884
|switch|p2a: Doublade|Doublade, M|88/100
|-damage|p2a: Doublade|82/100|[from] Stealth Rock
|move|p1a: SWOLE|Ice Punch|p2a: Doublade
|-resisted|p2a: Doublade
|-damage|p2a: Doublade|77/100
|
|upkeep
|turn|267
|inactive|BasedLordATV has 15 seconds left this turn.
|
|t:|1667953892
|switch|p1a: ;)|Toxapex, F|100/100
|move|p2a: Doublade|Toxic|p1a: ;)
|-immune|p1a: ;)
|
|upkeep
|turn|268
|inactive|BasedLordATV has 20 seconds left this turn.
|
|t:|1667953896
|switch|p2a: Hydreigon|Hydreigon, F|94/100 brn
|-damage|p2a: Hydreigon|82/100 brn|[from] Stealth Rock
|move|p1a: ;)|Knock Off|p2a: Hydreigon
|-resisted|p2a: Hydreigon
|-damage|p2a: Hydreigon|77/100 brn
|
|-damage|p2a: Hydreigon|71/100 brn|[from] brn
|upkeep
|turn|269
|inactive|BasedLordATV has 20 seconds left this turn.
|inactive|BasedLordATV has 15 seconds left.
|
|t:|1667953903
|switch|p1a: thicc|Blissey, F|76/100
|move|p2a: Hydreigon|Roost|p2a: Hydreigon
|-heal|p2a: Hydreigon|100/100 brn
|-singleturn|p2a: Hydreigon|move: Roost
|
|-damage|p2a: Hydreigon|94/100 brn|[from] brn
|upkeep
|turn|270
|inactive|BasedLordATV has 20 seconds left this turn.
|inactive|BasedLordATV has 15 seconds left.
|
|t:|1667953911
|switch|p2a: Golden Sun|Aegislash, F|81/100
|-damage|p2a: Golden Sun|75/100|[from] Stealth Rock
|switch|p1a: ;)|Toxapex, F|100/100
|
|-heal|p2a: Golden Sun|81/100|[from] item: Leftovers
|upkeep
|turn|271
|inactive|BasedLordATV has 15 seconds left this turn.
|inactive|BasedLordATV has 10 seconds left.
|
|t:|1667953917
|switch|p2a: Roar of Time|Garchomp, M|75/100 slp
|-damage|p2a: Roar of Time|69/100 slp|[from] Stealth Rock
|move|p1a: ;)|Scald|p2a: Roar of Time
|-damage|p2a: Roar of Time|52/100 slp
|
|upkeep
|turn|272
|inactive|BasedLordATV has 15 seconds left this turn.
|inactive|BasedLordATV has 10 seconds left.
|
|t:|1667953922
|cant|p2a: Roar of Time|slp
|move|p1a: ;)|Scald|p2a: Roar of Time
|-damage|p2a: Roar of Time|35/100 slp
|
|upkeep
|turn|273
|inactive|BasedLordATV has 10 seconds left this turn.
|
|t:|1667953926
|switch|p1a: Treble|Clefable, M|100/100
|-curestatus|p2a: Roar of Time|slp|[msg]
|move|p2a: Roar of Time|Earthquake|p1a: Treble
|-damage|p1a: Treble|58/100
|
|-heal|p1a: Treble|64/100|[from] item: Leftovers
|upkeep
|turn|274
|inactive|BasedLordATV has 15 seconds left this turn.
|
|t:|1667953931
|switch|p2a: Golden Sun|Aegislash, F|81/100
|-damage|p2a: Golden Sun|75/100|[from] Stealth Rock
|move|p1a: Treble|Moonblast|p2a: Golden Sun
|-resisted|p2a: Golden Sun
|-damage|p2a: Golden Sun|66/100
|
|-heal|p1a: Treble|71/100|[from] item: Leftovers
|-heal|p2a: Golden Sun|72/100|[from] item: Leftovers
|upkeep
|turn|275
|inactive|BasedLordATV has 15 seconds left this turn.
|
|t:|1667953935
|switch|p1a: HitEmFromTheEast|Gastrodon-East, F|100/100
|-formechange|p2a: Golden Sun|Aegislash-Blade||[from] ability: Stance Change
|move|p2a: Golden Sun|Shadow Ball|p1a: HitEmFromTheEast
|-damage|p1a: HitEmFromTheEast|78/100
|
|-heal|p2a: Golden Sun|78/100|[from] item: Leftovers
|-heal|p1a: HitEmFromTheEast|85/100|[from] item: Leftovers
|upkeep
|turn|276
|inactive|BasedLordATV has 20 seconds left this turn.
|inactive|BasedLordATV has 15 seconds left.
|
|t:|1667953942
|switch|p2a: Tornadus|Tornadus-Therian, M|100/100
|switch|p1a: ;)|Toxapex, F|100/100
|
|upkeep
|turn|277
|inactive|BasedLordATV has 15 seconds left this turn.
|
|t:|1667953945
|switch|p2a: Roar of Time|Garchomp, M|35/100
|-damage|p2a: Roar of Time|29/100|[from] Stealth Rock
|move|p1a: ;)|Knock Off|p2a: Roar of Time
|-damage|p2a: Roar of Time|20/100
|-damage|p1a: ;)|88/100|[from] ability: Rough Skin|[of] p2a: Roar of Time
|
|upkeep
|turn|278
|inactive|BasedLordATV has 20 seconds left this turn.
|
|t:|1667953951
|move|p2a: Roar of Time|Rest|p2a: Roar of Time
|-status|p2a: Roar of Time|slp|[from] move: Rest
|-heal|p2a: Roar of Time|100/100 slp|[silent]
|move|p1a: ;)|Scald|p2a: Roar of Time
|-damage|p2a: Roar of Time|82/100 slp
|
|upkeep
|turn|279
|inactive|BasedLordATV has 20 seconds left this turn.
|
|t:|1667953954
|cant|p2a: Roar of Time|slp
|move|p1a: ;)|Scald|p2a: Roar of Time
|-damage|p2a: Roar of Time|63/100 slp
|
|upkeep
|turn|280
|inactive|BasedLordATV has 25 seconds left this turn.
|
|t:|1667953958
|switch|p1a: Caw Bitch|Corviknight, F|100/100
|-ability|p1a: Caw Bitch|Pressure
|cant|p2a: Roar of Time|slp
|
|upkeep
|turn|281
|inactive|BasedLordATV has 25 seconds left this turn.
|
|t:|1667953968
|switch|p2a: Golden Sun|Aegislash, F|78/100
|-damage|p2a: Golden Sun|72/100|[from] Stealth Rock
|switch|p1a: Treble|Clefable, M|71/100
|
|-heal|p1a: Treble|77/100|[from] item: Leftovers
|-heal|p2a: Golden Sun|78/100|[from] item: Leftovers
|upkeep
|turn|282
|inactive|BasedLordATV has 30 seconds left this turn.
|
|t:|1667953973
|switch|p1a: Caw Bitch|Corviknight, F|100/100
|-ability|p1a: Caw Bitch|Pressure
|move|p2a: Golden Sun|Substitute|p2a: Golden Sun
|-start|p2a: Golden Sun|Substitute
|-damage|p2a: Golden Sun|53/100
|
|-heal|p2a: Golden Sun|60/100|[from] item: Leftovers
|upkeep
|turn|283
|inactive|BasedLordATV has 30 seconds left this turn.
|
|t:|1667953981
|switch|p1a: ;)|Toxapex, F|100/100
|-formechange|p2a: Golden Sun|Aegislash-Blade||[from] ability: Stance Change
|move|p2a: Golden Sun|Sacred Sword|p1a: ;)
|-resisted|p1a: ;)
|-damage|p1a: ;)|92/100
|
|-heal|p2a: Golden Sun|66/100|[from] item: Leftovers
|upkeep
|turn|284
|
|t:|1667953985
|-formechange|p2a: Golden Sun|Aegislash||[from] ability: Stance Change
|move|p2a: Golden Sun|King's Shield|p2a: Golden Sun
|-singleturn|p2a: Golden Sun|Protect
|move|p1a: ;)|Scald|p2a: Golden Sun
|-activate|p2a: Golden Sun|move: Protect
|
|-heal|p2a: Golden Sun|72/100|[from] item: Leftovers
|upkeep
|turn|285
|inactive|BasedLordATV has 30 seconds left.
|
|t:|1667953992
|-formechange|p2a: Golden Sun|Aegislash-Blade||[from] ability: Stance Change
|move|p2a: Golden Sun|Shadow Ball|p1a: ;)
|-crit|p1a: ;)
|-damage|p1a: ;)|43/100
|move|p1a: ;)|Haze|p1a: ;)
|-clearallboost
|
|-heal|p2a: Golden Sun|78/100|[from] item: Leftovers
|upkeep
|turn|286
|
|t:|1667953997
|move|p2a: Golden Sun|Sacred Sword|p1a: ;)
|-resisted|p1a: ;)
|-damage|p1a: ;)|34/100
|move|p1a: ;)|Recover|p1a: ;)
|-heal|p1a: ;)|84/100
|
|-heal|p2a: Golden Sun|84/100|[from] item: Leftovers
|upkeep
|turn|287
|
|t:|1667954001
|-formechange|p2a: Golden Sun|Aegislash||[from] ability: Stance Change
|move|p2a: Golden Sun|King's Shield|p2a: Golden Sun
|-singleturn|p2a: Golden Sun|Protect
|move|p1a: ;)|Haze|p1a: ;)
|-clearallboost
|
|-heal|p2a: Golden Sun|91/100|[from] item: Leftovers
|upkeep
|turn|288
|
|t:|1667954005
|-formechange|p2a: Golden Sun|Aegislash-Blade||[from] ability: Stance Change
|move|p2a: Golden Sun|Shadow Ball|p1a: ;)
|-damage|p1a: ;)|55/100
|move|p1a: ;)|Recover|p1a: ;)
|-heal|p1a: ;)|100/100
|
|-heal|p2a: Golden Sun|97/100|[from] item: Leftovers
|upkeep
|turn|289
|
|t:|1667954011
|switch|p2a: Roar of Time|Garchomp, M|63/100 slp
|-damage|p2a: Roar of Time|57/100 slp|[from] Stealth Rock
|move|p1a: ;)|Haze|p1a: ;)
|-clearallboost
|
|upkeep
|turn|290
|
|t:|1667954017
|switch|p1a: SWOLE|Buzzwole, shiny|88/100
|-curestatus|p2a: Roar of Time|slp|[msg]
|move|p2a: Roar of Time|Earthquake|p1a: SWOLE
|-resisted|p1a: SWOLE
|-damage|p1a: SWOLE|76/100
|
|upkeep
|turn|291
|
|t:|1667954020
|switch|p2a: Doublade|Doublade, M|77/100
|-damage|p2a: Doublade|70/100|[from] Stealth Rock
|move|p1a: SWOLE|Ice Punch|p2a: Doublade
|-resisted|p2a: Doublade
|-damage|p2a: Doublade|65/100
|
|upkeep
|turn|292
|
|t:|1667954023
|switch|p1a: ;)|Toxapex, F|100/100
|move|p2a: Doublade|Rest|p2a: Doublade
|-status|p2a: Doublade|slp|[from] move: Rest
|-heal|p2a: Doublade|100/100 slp|[silent]
|
|upkeep
|turn|293
|
|t:|1667954030
|switch|p2a: Roar of Time|Garchomp, M|57/100
|-damage|p2a: Roar of Time|51/100|[from] Stealth Rock
|switch|p1a: SWOLE|Buzzwole, shiny|76/100
|
|upkeep
|turn|294
|
|t:|1667954033
|switch|p2a: Doublade|Doublade, M|100/100 slp
|-damage|p2a: Doublade|94/100 slp|[from] Stealth Rock
|move|p1a: SWOLE|Ice Punch|p2a: Doublade
|-resisted|p2a: Doublade
|-damage|p2a: Doublade|88/100 slp
|
|upkeep
|turn|295
|
|t:|1667954037
|move|p1a: SWOLE|Ice Punch|p2a: Doublade
|-resisted|p2a: Doublade
|-damage|p2a: Doublade|83/100 slp
|cant|p2a: Doublade|slp
|
|upkeep
|turn|296
|
|t:|1667954039
|move|p1a: SWOLE|Ice Punch|p2a: Doublade
|-resisted|p2a: Doublade
|-damage|p2a: Doublade|78/100 slp
|cant|p2a: Doublade|slp
|
|upkeep
|turn|297
|
|t:|1667954043
|switch|p1a: ;)|Toxapex, F|100/100
|-curestatus|p2a: Doublade|slp|[msg]
|move|p2a: Doublade|Toxic|p1a: ;)
|-immune|p1a: ;)
|
|upkeep
|turn|298
|
|t:|1667954049
|switch|p2a: Roar of Time|Garchomp, M|51/100
|-damage|p2a: Roar of Time|44/100|[from] Stealth Rock
|move|p1a: ;)|Knock Off|p2a: Roar of Time
|-damage|p2a: Roar of Time|36/100
|-damage|p1a: ;)|88/100|[from] ability: Rough Skin|[of] p2a: Roar of Time
|
|upkeep
|turn|299
|
|t:|1667954053
|switch|p1a: SWOLE|Buzzwole, shiny|76/100
|move|p2a: Roar of Time|Earthquake|p1a: SWOLE
|-resisted|p1a: SWOLE
|-damage|p1a: SWOLE|64/100
|
|upkeep
|turn|300
|
|t:|1667954059
|switch|p2a: Doublade|Doublade, M|78/100
|-damage|p2a: Doublade|72/100|[from] Stealth Rock
|move|p1a: SWOLE|Ice Punch|p2a: Doublade
|-resisted|p2a: Doublade
|-damage|p2a: Doublade|66/100
|
|upkeep
|turn|301
|
|t:|1667954064
|move|p1a: SWOLE|Roost|p1a: SWOLE
|-heal|p1a: SWOLE|100/100
|-singleturn|p1a: SWOLE|move: Roost
|move|p2a: Doublade|Rest|p2a: Doublade
|-status|p2a: Doublade|slp|[from] move: Rest
|-heal|p2a: Doublade|100/100 slp|[silent]
|
|upkeep
|turn|302
|
|t:|1667954067
|switch|p1a: ;)|Toxapex, F|100/100
|cant|p2a: Doublade|slp
|
|upkeep
|turn|303
|
|t:|1667954073
|switch|p2a: Roar of Time|Garchomp, M|36/100
|-damage|p2a: Roar of Time|29/100|[from] Stealth Rock
|move|p1a: ;)|Knock Off|p2a: Roar of Time
|-damage|p2a: Roar of Time|21/100
|-damage|p1a: ;)|88/100|[from] ability: Rough Skin|[of] p2a: Roar of Time
|
|upkeep
|turn|304
|
|t:|1667954079
|switch|p1a: Treble|Clefable, M|77/100
|move|p2a: Roar of Time|Rest|p2a: Roar of Time
|-status|p2a: Roar of Time|slp|[from] move: Rest
|-heal|p2a: Roar of Time|100/100 slp|[silent]
|
|-heal|p1a: Treble|83/100|[from] item: Leftovers
|upkeep
|turn|305
|
|t:|1667954083
|switch|p2a: Golden Sun|Aegislash, F|97/100
|-damage|p2a: Golden Sun|91/100|[from] Stealth Rock
|move|p1a: Treble|Moonblast|p2a: Golden Sun
|-resisted|p2a: Golden Sun
|-damage|p2a: Golden Sun|81/100
|
|-heal|p1a: Treble|89/100|[from] item: Leftovers
|-heal|p2a: Golden Sun|87/100|[from] item: Leftovers
|upkeep
|turn|306
|
|t:|1667954098
|switch|p1a: ;)|Toxapex, F|100/100
|switch|p2a: Hydreigon|Hydreigon, F|94/100 brn
|-damage|p2a: Hydreigon|82/100 brn|[from] Stealth Rock
|
|-damage|p2a: Hydreigon|76/100 brn|[from] brn
|upkeep
|turn|307
|inactive|BasedLordATV has 30 seconds left.
|
|t:|1667954103
|switch|p1a: thicc|Blissey, F|76/100
|move|p2a: Hydreigon|Roost|p2a: Hydreigon
|-heal|p2a: Hydreigon|100/100 brn
|-singleturn|p2a: Hydreigon|move: Roost
|
|-damage|p2a: Hydreigon|94/100 brn|[from] brn
|upkeep
|turn|308
|inactive|BasedLordATV has 30 seconds left.
|
|t:|1667954108
|switch|p2a: Doublade|Doublade, M|100/100 slp
|-damage|p2a: Doublade|94/100 slp|[from] Stealth Rock
|switch|p1a: ;)|Toxapex, F|100/100
|
|upkeep
|turn|309
|inactive|BasedLordATV has 30 seconds left this turn.
|
|t:|1667954115
|switch|p2a: Hydreigon|Hydreigon, F|94/100 brn
|-damage|p2a: Hydreigon|82/100 brn|[from] Stealth Rock
|move|p1a: ;)|Scald|p2a: Hydreigon
|-resisted|p2a: Hydreigon
|-damage|p2a: Hydreigon|76/100 brn
|
|-damage|p2a: Hydreigon|70/100 brn|[from] brn
|upkeep
|turn|310
|inactive|BasedLordATV has 30 seconds left this turn.
|
|t:|1667954121
|move|p2a: Hydreigon|Dark Pulse|p1a: ;)
|-crit|p1a: ;)
|-damage|p1a: ;)|57/100
|move|p1a: ;)|Knock Off|p2a: Hydreigon
|-resisted|p2a: Hydreigon
|-damage|p2a: Hydreigon|65/100 brn
|
|-damage|p2a: Hydreigon|59/100 brn|[from] brn
|upkeep
|turn|311
|inactive|BasedLordATV has 30 seconds left this turn.
|inactive|BasedLordATV has 20 seconds left.
|
|t:|1667954133
|switch|p1a: Treble|Clefable, M|89/100
|move|p2a: Hydreigon|Roost|p2a: Hydreigon
|-heal|p2a: Hydreigon|100/100 brn
|-singleturn|p2a: Hydreigon|move: Roost
|
|-heal|p1a: Treble|95/100|[from] item: Leftovers
|-damage|p2a: Hydreigon|94/100 brn|[from] brn
|upkeep
|turn|312
|inactive|BasedLordATV has 25 seconds left this turn.
|
|t:|1667954138
|switch|p2a: Golden Sun|Aegislash, F|87/100
|-damage|p2a: Golden Sun|81/100|[from] Stealth Rock
|switch|p1a: ;)|Toxapex, F|90/100
|
|-heal|p2a: Golden Sun|87/100|[from] item: Leftovers
|upkeep
|turn|313
|inactive|BasedLordATV has 25 seconds left this turn.
|inactive|BasedLordATV has 20 seconds left.
|inactive|BasedLordATV has 15 seconds left.
|
|t:|1667954149
|switch|p2a: Roar of Time|Garchomp, M|100/100 slp
|-damage|p2a: Roar of Time|94/100 slp|[from] Stealth Rock
|move|p1a: ;)|Knock Off|p2a: Roar of Time
|-damage|p2a: Roar of Time|86/100 slp
|-damage|p1a: ;)|78/100|[from] ability: Rough Skin|[of] p2a: Roar of Time
|
|upkeep
|turn|314
|inactive|BasedLordATV has 20 seconds left this turn.
|inactive|BasedLordATV has 15 seconds left.
|
|t:|1667954155
|cant|p2a: Roar of Time|slp
|move|p1a: ;)|Scald|p2a: Roar of Time
|-damage|p2a: Roar of Time|66/100 slp
|
|upkeep
|turn|315
|inactive|BasedLordATV has 15 seconds left this turn.
|
|t:|1667954160
|cant|p2a: Roar of Time|slp
|move|p1a: ;)|Knock Off|p2a: Roar of Time
|-damage|p2a: Roar of Time|57/100 slp
|-damage|p1a: ;)|65/100|[from] ability: Rough Skin|[of] p2a: Roar of Time
|
|upkeep
|turn|316
|inactive|BasedLordATV has 20 seconds left this turn.
|
|t:|1667954165
|switch|p2a: Hydreigon|Hydreigon, F|94/100 brn
|-damage|p2a: Hydreigon|82/100 brn|[from] Stealth Rock
|switch|p1a: Caw Bitch|Corviknight, F|100/100
|-ability|p1a: Caw Bitch|Pressure
|
|-damage|p2a: Hydreigon|76/100 brn|[from] brn
|upkeep
|turn|317
|inactive|BasedLordATV has 20 seconds left this turn.
|inactive|BasedLordATV has 15 seconds left.
|
|t:|1667954171
|switch|p2a: Tornadus|Tornadus-Therian, M|100/100
|move|p1a: Caw Bitch|Body Press|p2a: Tornadus
|-resisted|p2a: Tornadus
|-damage|p2a: Tornadus|86/100
|
|upkeep
|turn|318
|inactive|BasedLordATV has 20 seconds left this turn.
|
|t:|1667954174
|switch|p1a: thicc|Blissey, F|76/100
|move|p2a: Tornadus|Defog|p1a: thicc
|-unboost|p1a: thicc|evasion|1
|-sideend|p2: BasedLordATV|Stealth Rock|[from] move: Defog|[of] p2a: Tornadus
|
|upkeep
|turn|319
|inactive|BasedLordATV has 20 seconds left this turn.
|inactive|BasedLordATV has 15 seconds left.
|
|t:|1667954184
|switch|p2a: Golden Sun|Aegislash, F|87/100
|move|p1a: thicc|Stealth Rock|p2a: Golden Sun
|-sidestart|p2: BasedLordATV|move: Stealth Rock
|
|-heal|p2a: Golden Sun|93/100|[from] item: Leftovers
|upkeep
|turn|320
|inactive|BasedLordATV has 20 seconds left this turn.
|
|t:|1667954199
|switch|p1a: ;)|Toxapex, F|99/100
|-formechange|p2a: Golden Sun|Aegislash-Blade||[from] ability: Stance Change
|move|p2a: Golden Sun|Sacred Sword|p1a: ;)
|-resisted|p1a: ;)
|-damage|p1a: ;)|91/100
|
|-heal|p2a: Golden Sun|99/100|[from] item: Leftovers
|upkeep
|turn|321
|inactive|BasedLordATV has 20 seconds left this turn.
|inactive|BasedLordATV has 15 seconds left.
|
|t:|1667954209
|switch|p2a: Hydreigon|Hydreigon, F|76/100 brn
|-damage|p2a: Hydreigon|63/100 brn|[from] Stealth Rock
|move|p1a: ;)|Knock Off|p2a: Hydreigon
|-resisted|p2a: Hydreigon
|-damage|p2a: Hydreigon|58/100 brn
|
|-damage|p2a: Hydreigon|52/100 brn|[from] brn
|upkeep
|turn|322
|inactive|BasedLordATV has 20 seconds left this turn.
|
|t:|1667954215
|switch|p1a: Treble|Clefable, M|95/100
|move|p2a: Hydreigon|Roost|p2a: Hydreigon
|-heal|p2a: Hydreigon|100/100 brn
|-singleturn|p2a: Hydreigon|move: Roost
|
|-heal|p1a: Treble|100/100|[from] item: Leftovers
|-damage|p2a: Hydreigon|94/100 brn|[from] brn
|upkeep
|turn|323
|inactive|BasedLordATV has 20 seconds left this turn.
|inactive|BasedLordATV has 15 seconds left.
|inactive|BasedLordATV has 10 seconds left.
|
|t:|1667954226
|switch|p2a: Golden Sun|Aegislash, F|99/100
|-damage|p2a: Golden Sun|93/100|[from] Stealth Rock
|switch|p1a: ;)|Toxapex, F|100/100
|
|-heal|p2a: Golden Sun|99/100|[from] item: Leftovers
|upkeep
|turn|324
|inactive|BasedLordATV has 15 seconds left this turn.
|inactive|BasedLordATV has 10 seconds left.
|
|t:|1667954235
|switch|p2a: Clefable|Clefable, M|79/100
|-damage|p2a: Clefable|66/100|[from] Stealth Rock
|switch|p1a: HitEmFromTheEast|Gastrodon-East, F|85/100
|
|-heal|p1a: HitEmFromTheEast|91/100|[from] item: Leftovers
|upkeep
|turn|325
|inactive|BasedLordATV has 10 seconds left this turn.
|
|t:|1667954237
|move|p2a: Clefable|Soft-Boiled|p2a: Clefable
|-heal|p2a: Clefable|100/100
|move|p1a: HitEmFromTheEast|Earthquake|p2a: Clefable
|-damage|p2a: Clefable|77/100
|
|-heal|p1a: HitEmFromTheEast|97/100|[from] item: Leftovers
|upkeep
|turn|326
|inactive|BasedLordATV has 15 seconds left this turn.
|
|t:|1667954242
|switch|p2a: Hydreigon|Hydreigon, F|94/100 brn
|-damage|p2a: Hydreigon|82/100 brn|[from] Stealth Rock
|move|p1a: HitEmFromTheEast|Earthquake|p2a: Hydreigon
|-immune|p2a: Hydreigon|[from] ability: Levitate
|
|-heal|p1a: HitEmFromTheEast|100/100|[from] item: Leftovers
|-damage|p2a: Hydreigon|76/100 brn|[from] brn
|upkeep
|turn|327
|inactive|BasedLordATV has 15 seconds left this turn.
|
|t:|1667954245
|move|p2a: Hydreigon|Nasty Plot|p2a: Hydreigon
|-boost|p2a: Hydreigon|spa|2
|move|p1a: HitEmFromTheEast|Scald|p2a: Hydreigon
|-resisted|p2a: Hydreigon
|-damage|p2a: Hydreigon|67/100 brn
|
|-damage|p2a: Hydreigon|61/100 brn|[from] brn
|upkeep
|turn|328
|inactive|BasedLordATV has 20 seconds left this turn.
|
|t:|1667954255
|switch|p1a: Treble|Clefable, M|100/100
|move|p2a: Hydreigon|Roost|p2a: Hydreigon
|-heal|p2a: Hydreigon|100/100 brn
|-singleturn|p2a: Hydreigon|move: Roost
|
|-damage|p2a: Hydreigon|94/100 brn|[from] brn
|upkeep
|turn|329
|inactive|BasedLordATV has 20 seconds left this turn.
|
|t:|1667954258
|switch|p2a: Golden Sun|Aegislash, F|99/100
|-damage|p2a: Golden Sun|93/100|[from] Stealth Rock
|switch|p1a: HitEmFromTheEast|Gastrodon-East, F|100/100
|
|-heal|p2a: Golden Sun|99/100|[from] item: Leftovers
|upkeep
|turn|330
|inactive|BasedLordATV has 25 seconds left this turn.
|inactive|BasedLordATV has 20 seconds left.
|
|t:|1667954266
|switch|p2a: Tornadus|Tornadus-Therian, M|100/100
|switch|p1a: Treble|Clefable, M|100/100
|
|upkeep
|turn|331
|inactive|BasedLordATV has 20 seconds left this turn.
|
|t:|1667954275
|switch|p2a: Golden Sun|Aegislash, F|99/100
|-damage|p2a: Golden Sun|93/100|[from] Stealth Rock
|switch|p1a: thicc|Blissey, F|76/100
|
|-heal|p2a: Golden Sun|99/100|[from] item: Leftovers
|upkeep
|turn|332
|inactive|BasedLordATV has 25 seconds left this turn.
|inactive|BasedLordATV has 20 seconds left.
|
|t:|1667954285
|switch|p1a: Treble|Clefable, M|100/100
|-formechange|p2a: Golden Sun|Aegislash-Blade||[from] ability: Stance Change
|move|p2a: Golden Sun|Sacred Sword|p1a: Treble
|-resisted|p1a: Treble
|-damage|p1a: Treble|88/100
|
|-heal|p1a: Treble|94/100|[from] item: Leftovers
|-heal|p2a: Golden Sun|100/100|[from] item: Leftovers
|upkeep
|turn|333
|inactive|BasedLordATV has 20 seconds left this turn.
|l| Vivemouah
|inactive|BasedLordATV has 15 seconds left.
|
|t:|1667954291
|switch|p1a: ;)|Toxapex, F|100/100
|switch|p2a: Tornadus|Tornadus-Therian, M|100/100
|
|upkeep
|turn|334
|inactive|BasedLordATV has 20 seconds left this turn.
|inactive|BasedLordATV has 15 seconds left.
|
|t:|1667954298
|switch|p2a: Hydreigon|Hydreigon, F|94/100 brn
|-damage|p2a: Hydreigon|82/100 brn|[from] Stealth Rock
|move|p1a: ;)|Haze|p1a: ;)
|-clearallboost
|
|-damage|p2a: Hydreigon|76/100 brn|[from] brn
|upkeep
|turn|335
|inactive|BasedLordATV has 15 seconds left this turn.
|inactive|BasedLordATV has 10 seconds left.
|
|t:|1667954304
|move|p2a: Hydreigon|Nasty Plot|p2a: Hydreigon
|-boost|p2a: Hydreigon|spa|2
|move|p1a: ;)|Haze|p1a: ;)
|-clearallboost
|
|-damage|p2a: Hydreigon|69/100 brn|[from] brn
|upkeep
|turn|336
|inactive|BasedLordATV has 15 seconds left this turn.
|
|t:|1667954306
|move|p2a: Hydreigon|Nasty Plot|p2a: Hydreigon
|-boost|p2a: Hydreigon|spa|2
|move|p1a: ;)|Haze|p1a: ;)
|-clearallboost
|
|-damage|p2a: Hydreigon|63/100 brn|[from] brn
|upkeep
|turn|337
|inactive|BasedLordATV has 15 seconds left this turn.
|
|t:|1667954308
|move|p2a: Hydreigon|Nasty Plot|p2a: Hydreigon
|-boost|p2a: Hydreigon|spa|2
|move|p1a: ;)|Haze|p1a: ;)
|-clearallboost
|
|-damage|p2a: Hydreigon|57/100 brn|[from] brn
|upkeep
|turn|338
|inactive|BasedLordATV has 20 seconds left this turn.
|
|t:|1667954311
|move|p2a: Hydreigon|Nasty Plot|p2a: Hydreigon
|-boost|p2a: Hydreigon|spa|2
|move|p1a: ;)|Haze|p1a: ;)
|-clearallboost
|
|-damage|p2a: Hydreigon|51/100 brn|[from] brn
|upkeep
|turn|339
|inactive|BasedLordATV has 20 seconds left this turn.
|
|t:|1667954313
|move|p2a: Hydreigon|Roost|p2a: Hydreigon
|-heal|p2a: Hydreigon|100/100 brn
|-singleturn|p2a: Hydreigon|move: Roost
|move|p1a: ;)|Haze|p1a: ;)
|-clearallboost
|
|-damage|p2a: Hydreigon|94/100 brn|[from] brn
|upkeep
|turn|340
|inactive|BasedLordATV has 25 seconds left this turn.
|
|t:|1667954317
|move|p2a: Hydreigon|Dark Pulse|p1a: ;)
|-damage|p1a: ;)|74/100
|move|p1a: ;)|Haze|p1a: ;)
|-clearallboost
|
|-damage|p2a: Hydreigon|88/100 brn|[from] brn
|upkeep
|turn|341
|inactive|BasedLordATV has 25 seconds left this turn.
|inactive|BasedLordATV has 20 seconds left.
|
|t:|1667954322
|move|p2a: Hydreigon|Draco Meteor|p1a: ;)|[miss]
|-miss|p2a: Hydreigon|p1a: ;)
|move|p1a: ;)|Haze|p1a: ;)
|-clearallboost
|
|-damage|p2a: Hydreigon|82/100 brn|[from] brn
|upkeep
|turn|342
|inactive|BasedLordATV has 25 seconds left this turn.
|
|t:|1667954327
|switch|p1a: Treble|Clefable, M|94/100
|move|p2a: Hydreigon|Dark Pulse|p1a: Treble
|-resisted|p1a: Treble
|-damage|p1a: Treble|81/100
|
|-heal|p1a: Treble|87/100|[from] item: Leftovers
|-damage|p2a: Hydreigon|76/100 brn|[from] brn
|upkeep
|turn|343
|inactive|BasedLordATV has 25 seconds left this turn.
|j| Vivemouah
|
|t:|1667954331
|switch|p2a: Golden Sun|Aegislash, F|100/100
|-damage|p2a: Golden Sun|94/100|[from] Stealth Rock
|switch|p1a: ;)|Toxapex, F|100/100
|
|-heal|p2a: Golden Sun|100/100|[from] item: Leftovers
|upkeep
|turn|344
|inactive|BasedLordATV has 30 seconds left this turn.
|
|t:|1667954336
|switch|p2a: Hydreigon|Hydreigon, F|76/100 brn
|-damage|p2a: Hydreigon|63/100 brn|[from] Stealth Rock
|move|p1a: ;)|Knock Off|p2a: Hydreigon
|-resisted|p2a: Hydreigon
|-crit|p2a: Hydreigon
|-damage|p2a: Hydreigon|56/100 brn
|
|-damage|p2a: Hydreigon|50/100 brn|[from] brn
|upkeep
|turn|345
|inactive|BasedLordATV has 30 seconds left this turn.
|
|t:|1667954340
|switch|p1a: Treble|Clefable, M|87/100
|move|p2a: Hydreigon|Roost|p2a: Hydreigon
|-heal|p2a: Hydreigon|99/100 brn
|-singleturn|p2a: Hydreigon|move: Roost
|
|-heal|p1a: Treble|93/100|[from] item: Leftovers
|-damage|p2a: Hydreigon|93/100 brn|[from] brn
|upkeep
|turn|346
|
|t:|1667954344
|switch|p2a: Clefable|Clefable, M|77/100
|-damage|p2a: Clefable|64/100|[from] Stealth Rock
|switch|p1a: ;)|Toxapex, F|100/100
|
|upkeep
|turn|347
|inactive|BasedLordATV has 30 seconds left.
|
|t:|1667954349
|move|p2a: Clefable|Calm Mind|p2a: Clefable
|-boost|p2a: Clefable|spa|1
|-boost|p2a: Clefable|spd|1
|move|p1a: ;)|Haze|p1a: ;)
|-clearallboost
|
|upkeep
|turn|348
|
|t:|1667954353
|switch|p1a: thicc|Blissey, F|76/100
|move|p2a: Clefable|Soft-Boiled|p2a: Clefable
|-heal|p2a: Clefable|100/100
|
|upkeep
|turn|349
|
|t:|1667954358
|switch|p2a: Golden Sun|Aegislash, F|100/100
|-damage|p2a: Golden Sun|94/100|[from] Stealth Rock
|switch|p1a: ;)|Toxapex, F|100/100
|
|-heal|p2a: Golden Sun|100/100|[from] item: Leftovers
|upkeep
|turn|350
|
|t:|1667954363
|switch|p2a: Clefable|Clefable, M|100/100
|-damage|p2a: Clefable|88/100|[from] Stealth Rock
|switch|p1a: Treble|Clefable, M|93/100
|
|-heal|p1a: Treble|99/100|[from] item: Leftovers
|upkeep
|turn|351
|
|t:|1667954367
|switch|p2a: Golden Sun|Aegislash, F|100/100
|-damage|p2a: Golden Sun|94/100|[from] Stealth Rock
|switch|p1a: thicc|Blissey, F|76/100
|
|-heal|p2a: Golden Sun|100/100|[from] item: Leftovers
|upkeep
|turn|352
|
|t:|1667954371
|switch|p1a: ;)|Toxapex, F|100/100
|switch|p2a: Clefable|Clefable, M|88/100
|-damage|p2a: Clefable|76/100|[from] Stealth Rock
|
|upkeep
|turn|353
|
|t:|1667954376
|switch|p1a: thicc|Blissey, F|76/100
|move|p2a: Clefable|Calm Mind|p2a: Clefable
|-boost|p2a: Clefable|spa|1
|-boost|p2a: Clefable|spd|1
|
|upkeep
|turn|354
|
|t:|1667954380
|move|p2a: Clefable|Calm Mind|p2a: Clefable
|-boost|p2a: Clefable|spa|1
|-boost|p2a: Clefable|spd|1
|move|p1a: thicc|Seismic Toss|p2a: Clefable
|-damage|p2a: Clefable|50/100
|
|upkeep
|turn|355
|
|t:|1667954384
|move|p2a: Clefable|Soft-Boiled|p2a: Clefable
|-heal|p2a: Clefable|99/100
|move|p1a: thicc|Seismic Toss|p2a: Clefable
|-damage|p2a: Clefable|75/100
|
|upkeep
|turn|356
|
|t:|1667954390
|switch|p2a: Golden Sun|Aegislash, F|100/100
|-damage|p2a: Golden Sun|94/100|[from] Stealth Rock
|move|p1a: thicc|Soft-Boiled|p1a: thicc
|-heal|p1a: thicc|100/100
|
|-heal|p2a: Golden Sun|100/100|[from] item: Leftovers
|upkeep
|turn|357
|
|t:|1667954397
|switch|p1a: Caw Bitch|Corviknight, F|100/100
|-ability|p1a: Caw Bitch|Pressure
|switch|p2a: Doublade|Doublade, M|94/100 slp
|-damage|p2a: Doublade|88/100 slp|[from] Stealth Rock
|
|upkeep
|turn|358
|
|t:|1667954402
|switch|p1a: HitEmFromTheEast|Gastrodon-East, F|100/100
|cant|p2a: Doublade|slp
|
|upkeep
|turn|359
|
|t:|1667954407
|-curestatus|p2a: Doublade|slp|[msg]
|move|p2a: Doublade|Toxic|p1a: HitEmFromTheEast
|-status|p1a: HitEmFromTheEast|tox
|move|p1a: HitEmFromTheEast|Earthquake|p2a: Doublade
|-supereffective|p2a: Doublade
|-damage|p2a: Doublade|61/100
|
|-damage|p1a: HitEmFromTheEast|94/100 tox|[from] psn
|upkeep
|turn|360
|
|t:|1667954413
|switch|p1a: Treble|Clefable, M|99/100
|move|p2a: Doublade|Rest|p2a: Doublade
|-status|p2a: Doublade|slp|[from] move: Rest
|-heal|p2a: Doublade|100/100 slp|[silent]
|
|-heal|p1a: Treble|100/100|[from] item: Leftovers
|upkeep
|turn|361
|
|t:|1667954418
|move|p1a: Treble|Heal Bell|p1a: Treble
|-activate|p1a: Treble|move: Heal Bell
|-curestatus|p1: HitEmFromTheEast|tox|[msg]
|cant|p2a: Doublade|slp
|
|upkeep
|turn|362
|
|t:|1667954425
|switch|p1a: Caw Bitch|Corviknight, F|100/100
|-ability|p1a: Caw Bitch|Pressure
|cant|p2a: Doublade|slp
|
|upkeep
|turn|363
|
|t:|1667954431
|switch|p2a: Golden Sun|Aegislash, F|100/100
|-damage|p2a: Golden Sun|94/100|[from] Stealth Rock
|move|p1a: Caw Bitch|Iron Defense|p1a: Caw Bitch
|-boost|p1a: Caw Bitch|def|2
|
|-heal|p2a: Golden Sun|100/100|[from] item: Leftovers
|upkeep
|turn|364
|
|t:|1667954440
|switch|p2a: Doublade|Doublade, M|100/100 slp
|-damage|p2a: Doublade|94/100 slp|[from] Stealth Rock
|move|p1a: Caw Bitch|Iron Defense|p1a: Caw Bitch
|-boost|p1a: Caw Bitch|def|2
|
|upkeep
|turn|365
|
|t:|1667954443
|switch|p2a: Golden Sun|Aegislash, F|100/100
|-damage|p2a: Golden Sun|94/100|[from] Stealth Rock
|move|p1a: Caw Bitch|Iron Defense|p1a: Caw Bitch
|-boost|p1a: Caw Bitch|def|2
|
|-heal|p2a: Golden Sun|100/100|[from] item: Leftovers
|upkeep
|turn|366
|
|t:|1667954445
|switch|p2a: Doublade|Doublade, M|94/100 slp
|-damage|p2a: Doublade|88/100 slp|[from] Stealth Rock
|move|p1a: Caw Bitch|Body Press|p2a: Doublade
|-immune|p2a: Doublade
|
|upkeep
|turn|367
|
|t:|1667954450
|switch|p2a: Golden Sun|Aegislash, F|100/100
|-damage|p2a: Golden Sun|94/100|[from] Stealth Rock
|move|p1a: Caw Bitch|Body Press|p2a: Golden Sun
|-immune|p2a: Golden Sun
|
|-heal|p2a: Golden Sun|100/100|[from] item: Leftovers
|upkeep
|turn|368
|
|t:|1667954457
|switch|p1a: ;)|Toxapex, F|100/100
|switch|p2a: Doublade|Doublade, M|88/100 slp
|-damage|p2a: Doublade|82/100 slp|[from] Stealth Rock
|
|upkeep
|turn|369
|inactive|BasedLordATV has 60 seconds left.
|
|t:|1667954465
|switch|p2a: Clefable|Clefable, M|75/100
|-damage|p2a: Clefable|62/100|[from] Stealth Rock
|switch|p1a: HitEmFromTheEast|Gastrodon-East, F|94/100
|
|-heal|p1a: HitEmFromTheEast|100/100|[from] item: Leftovers
|upkeep
|turn|370
|inactive|BasedLordATV has 60 seconds left.
|
|t:|1667954481
|switch|p2a: Hydreigon|Hydreigon, F|93/100 brn
|-damage|p2a: Hydreigon|81/100 brn|[from] Stealth Rock
|move|p1a: HitEmFromTheEast|Earthquake|p2a: Hydreigon
|-immune|p2a: Hydreigon|[from] ability: Levitate
|
|-damage|p2a: Hydreigon|75/100 brn|[from] brn
|upkeep
|turn|371
|
|t:|1667954486
|switch|p1a: Treble|Clefable, M|100/100
|move|p2a: Hydreigon|Nasty Plot|p2a: Hydreigon
|-boost|p2a: Hydreigon|spa|2
|
|-damage|p2a: Hydreigon|69/100 brn|[from] brn
|upkeep
|turn|372
|
|t:|1667954497
|switch|p2a: Tornadus|Tornadus-Therian, M|100/100
|switch|p1a: HitEmFromTheEast|Gastrodon-East, F|100/100
|
|upkeep
|turn|373
|j| Serek94
|l| Serek94
|
|t:|1667954509
|switch|p2a: Hydreigon|Hydreigon, F|69/100 brn
|-damage|p2a: Hydreigon|56/100 brn|[from] Stealth Rock
|move|p1a: HitEmFromTheEast|Toxic||[still]
|-fail|p1a: HitEmFromTheEast
|
|-damage|p2a: Hydreigon|50/100 brn|[from] brn
|upkeep
|turn|374
|
|t:|1667954518
|switch|p1a: Treble|Clefable, M|100/100
|move|p2a: Hydreigon|Roost|p2a: Hydreigon
|-heal|p2a: Hydreigon|99/100 brn
|-singleturn|p2a: Hydreigon|move: Roost
|
|-damage|p2a: Hydreigon|94/100 brn|[from] brn
|upkeep
|turn|375
|inactive|BasedLordATV has 30 seconds left.
|
|t:|1667954532
|switch|p2a: Golden Sun|Aegislash, F|100/100
|-damage|p2a: Golden Sun|94/100|[from] Stealth Rock
|move|p1a: Treble|Moonblast|p2a: Golden Sun
|-resisted|p2a: Golden Sun
|-damage|p2a: Golden Sun|85/100
|-unboost|p2a: Golden Sun|spa|1
|
|-heal|p2a: Golden Sun|91/100|[from] item: Leftovers
|upkeep
|turn|376
|inactive|BasedLordATV has 30 seconds left.
|
|t:|1667954538
|switch|p1a: ;)|Toxapex, F|100/100
|switch|p2a: Doublade|Doublade, M|82/100 slp
|-damage|p2a: Doublade|76/100 slp|[from] Stealth Rock
|
|upkeep
|turn|377
|inactive|BasedLordATV has 30 seconds left this turn.
|
|t:|1667954545
|switch|p2a: Clefable|Clefable, M|62/100
|-damage|p2a: Clefable|50/100|[from] Stealth Rock
|move|p1a: ;)|Haze|p1a: ;)
|-clearallboost
|
|upkeep
|turn|378
|inactive|BasedLordATV has 30 seconds left this turn.
|
|t:|1667954550
|switch|p1a: thicc|Blissey, F|100/100
|move|p2a: Clefable|Soft-Boiled|p2a: Clefable
|-heal|p2a: Clefable|99/100
|
|upkeep
|turn|379
|inactive|BasedLordATV has 30 seconds left this turn.
|
|t:|1667954557
|switch|p2a: Golden Sun|Aegislash, F|91/100
|-damage|p2a: Golden Sun|85/100|[from] Stealth Rock
|switch|p1a: ;)|Toxapex, F|100/100
|
|-heal|p2a: Golden Sun|91/100|[from] item: Leftovers
|upkeep
|turn|380
|inactive|BasedLordATV has 30 seconds left this turn.
|
|t:|1667954565
|switch|p2a: Hydreigon|Hydreigon, F|94/100 brn
|-damage|p2a: Hydreigon|81/100 brn|[from] Stealth Rock
|switch|p1a: thicc|Blissey, F|100/100
|
|-damage|p2a: Hydreigon|75/100 brn|[from] brn
|upkeep
|turn|381
|inactive|BasedLordATV has 25 seconds left this turn.
|
|t:|1667954568
|switch|p2a: Golden Sun|Aegislash, F|91/100
|-damage|p2a: Golden Sun|85/100|[from] Stealth Rock
|move|p1a: thicc|Seismic Toss|p2a: Golden Sun
|-immune|p2a: Golden Sun
|
|-heal|p2a: Golden Sun|91/100|[from] item: Leftovers
|upkeep
|turn|382
|inactive|BasedLordATV has 30 seconds left this turn.
|inactive|BasedLordATV has 20 seconds left.
|
|t:|1667954579
|switch|p1a: ;)|Toxapex, F|100/100
|switch|p2a: Tornadus|Tornadus-Therian, M|100/100
|
|upkeep
|turn|383
|inactive|BasedLordATV has 20 seconds left this turn.
|inactive|BasedLordATV has 15 seconds left.
|inactive|BasedLordATV has 10 seconds left.
|
|t:|1667954589
|switch|p2a: Clefable|Clefable, M|99/100
|-damage|p2a: Clefable|88/100|[from] Stealth Rock
|move|p1a: ;)|Knock Off|p2a: Clefable
|-resisted|p2a: Clefable
|-damage|p2a: Clefable|83/100
|
|upkeep
|turn|384
|inactive|BasedLordATV has 15 seconds left this turn.
|
|t:|1667954596
|switch|p1a: thicc|Blissey, F|100/100
|move|p2a: Clefable|Calm Mind|p2a: Clefable
|-boost|p2a: Clefable|spa|1
|-boost|p2a: Clefable|spd|1
|
|upkeep
|turn|385
|inactive|BasedLordATV has 15 seconds left this turn.
|inactive|BasedLordATV has 10 seconds left.
|
|t:|1667954603
|switch|p2a: Doublade|Doublade, M|76/100 slp
|-damage|p2a: Doublade|69/100 slp|[from] Stealth Rock
|move|p1a: thicc|Seismic Toss|p2a: Doublade
|-immune|p2a: Doublade
|
|upkeep
|turn|386
|inactive|BasedLordATV has 15 seconds left this turn.
|
|t:|1667954607
|switch|p1a: ;)|Toxapex, F|100/100
|-curestatus|p2a: Doublade|slp|[msg]
|move|p2a: Doublade|Rest|p2a: Doublade
|-status|p2a: Doublade|slp|[from] move: Rest
|-heal|p2a: Doublade|100/100 slp|[silent]
|
|upkeep
|turn|387
|inactive|BasedLordATV has 15 seconds left this turn.
|inactive|BasedLordATV has 10 seconds left.
|inactive|BasedLordATV has 5 seconds left.
|
|t:|1667954617
|switch|p2a: Clefable|Clefable, M|83/100
|-damage|p2a: Clefable|71/100|[from] Stealth Rock
|switch|p1a: SWOLE|Buzzwole, shiny|100/100
|
|upkeep
|turn|388
|inactive|BasedLordATV has 10 seconds left this turn.
|
|t:|1667954624
|switch|p1a: thicc|Blissey, F|100/100
|switch|p2a: Doublade|Doublade, M|100/100 slp
|-damage|p2a: Doublade|94/100 slp|[from] Stealth Rock
|
|upkeep
|turn|389
|inactive|BasedLordATV has 10 seconds left this turn.
|
|t:|1667954628
|switch|p1a: HitEmFromTheEast|Gastrodon-East, F|100/100
|cant|p2a: Doublade|slp
|
|upkeep
|turn|390
|inactive|BasedLordATV has 15 seconds left this turn.
|
|t:|1667954632
|switch|p1a: ;)|Toxapex, F|100/100
|cant|p2a: Doublade|slp
|
|upkeep
|turn|391
|inactive|BasedLordATV has 15 seconds left this turn.
|inactive|BasedLordATV has 10 seconds left.
|
|t:|1667954639
|switch|p2a: Clefable|Clefable, M|71/100
|-damage|p2a: Clefable|59/100|[from] Stealth Rock
|switch|p1a: HitEmFromTheEast|Gastrodon-East, F|100/100
|
|upkeep
|turn|392
|inactive|BasedLordATV has 15 seconds left this turn.
|inactive|BasedLordATV has 10 seconds left.
|
|t:|1667954647
|switch|p1a: thicc|Blissey, F|100/100
|move|p2a: Clefable|Calm Mind|p2a: Clefable
|-boost|p2a: Clefable|spa|1
|-boost|p2a: Clefable|spd|1
|
|upkeep
|turn|393
|inactive|BasedLordATV has 10 seconds left this turn.
|
|t:|1667954649
|move|p2a: Clefable|Soft-Boiled|p2a: Clefable
|-heal|p2a: Clefable|100/100
|move|p1a: thicc|Seismic Toss|p2a: Clefable
|-damage|p2a: Clefable|75/100
|
|upkeep
|turn|394
|inactive|BasedLordATV has 15 seconds left this turn.
|inactive|BasedLordATV has 10 seconds left.
|
|t:|1667954656
|switch|p2a: Doublade|Doublade, M|94/100 slp
|-damage|p2a: Doublade|88/100 slp|[from] Stealth Rock
|switch|p1a: ;)|Toxapex, F|100/100
|
|upkeep
|turn|395
|inactive|BasedLordATV has 10 seconds left this turn.
|
|t:|1667954659
|switch|p2a: Clefable|Clefable, M|75/100
|-damage|p2a: Clefable|63/100|[from] Stealth Rock
|switch|p1a: HitEmFromTheEast|Gastrodon-East, F|100/100
|
|upkeep
|turn|396
|inactive|BasedLordATV has 15 seconds left this turn.
|
|t:|1667954667
|move|p2a: Clefable|Soft-Boiled|p2a: Clefable
|-heal|p2a: Clefable|100/100
|move|p1a: HitEmFromTheEast|Earthquake|p2a: Clefable
|-damage|p2a: Clefable|76/100
|
|upkeep
|turn|397
|inactive|BasedLordATV has 15 seconds left this turn.
|
|t:|1667954672
|switch|p1a: ;)|Toxapex, F|100/100
|move|p2a: Clefable|Moonblast|p1a: ;)
|-resisted|p1a: ;)
|-damage|p1a: ;)|88/100
|-unboost|p1a: ;)|spa|1
|
|upkeep
|turn|398
|inactive|BasedLordATV has 20 seconds left this turn.
|inactive|BasedLordATV has 15 seconds left.
|
|t:|1667954680
|switch|p2a: Hydreigon|Hydreigon, F|75/100 brn
|-damage|p2a: Hydreigon|63/100 brn|[from] Stealth Rock
|switch|p1a: thicc|Blissey, F|100/100
|
|-damage|p2a: Hydreigon|56/100 brn|[from] brn
|upkeep
|turn|399
|inactive|BasedLordATV has 15 seconds left this turn.
|inactive|BasedLordATV has 10 seconds left.
|inactive|BasedLordATV has 5 seconds left.
|
|t:|1667954691
|switch|p2a: Doublade|Doublade, M|88/100 slp
|-damage|p2a: Doublade|82/100 slp|[from] Stealth Rock
|move|p1a: thicc|Seismic Toss|p2a: Doublade
|-immune|p2a: Doublade
|
|upkeep
|turn|400
|inactive|BasedLordATV has 10 seconds left this turn.
|
|t:|1667954694
|switch|p1a: HitEmFromTheEast|Gastrodon-East, F|100/100
|switch|p2a: Golden Sun|Aegislash, F|91/100
|-damage|p2a: Golden Sun|85/100|[from] Stealth Rock
|
|-heal|p2a: Golden Sun|91/100|[from] item: Leftovers
|upkeep
|turn|401
|inactive|BasedLordATV has 10 seconds left this turn.
|
|t:|1667954699
|switch|p2a: Hydreigon|Hydreigon, F|56/100 brn
|-damage|p2a: Hydreigon|44/100 brn|[from] Stealth Rock
|switch|p1a: thicc|Blissey, F|100/100
|
|-damage|p2a: Hydreigon|38/100 brn|[from] brn
|upkeep
|turn|402
|inactive|BasedLordATV has 15 seconds left this turn.
|
|t:|1667954701
|move|p2a: Hydreigon|Roost|p2a: Hydreigon
|-heal|p2a: Hydreigon|88/100 brn
|-singleturn|p2a: Hydreigon|move: Roost
|move|p1a: thicc|Seismic Toss|p2a: Hydreigon
|-damage|p2a: Hydreigon|62/100 brn
|
|-damage|p2a: Hydreigon|56/100 brn|[from] brn
|upkeep
|turn|403
|inactive|BasedLordATV has 15 seconds left this turn.
|
|t:|1667954707
|switch|p1a: HitEmFromTheEast|Gastrodon-East, F|100/100
|move|p2a: Hydreigon|Roost|p2a: Hydreigon
|-heal|p2a: Hydreigon|100/100 brn
|-singleturn|p2a: Hydreigon|move: Roost
|
|-damage|p2a: Hydreigon|94/100 brn|[from] brn
|upkeep
|turn|404
|inactive|BasedLordATV has 20 seconds left this turn.
|inactive|BasedLordATV has 15 seconds left.
|
|t:|1667954713
|switch|p1a: thicc|Blissey, F|100/100
|move|p2a: Hydreigon|Dark Pulse|p1a: thicc
|-damage|p1a: thicc|87/100
|
|-damage|p2a: Hydreigon|88/100 brn|[from] brn
|upkeep
|turn|405
|inactive|BasedLordATV has 15 seconds left this turn.
|
|t:|1667954717
|switch|p2a: Golden Sun|Aegislash, F|91/100
|-damage|p2a: Golden Sun|85/100|[from] Stealth Rock
|switch|p1a: HitEmFromTheEast|Gastrodon-East, F|100/100
|
|-heal|p2a: Golden Sun|91/100|[from] item: Leftovers
|upkeep
|turn|406
|inactive|BasedLordATV has 20 seconds left this turn.
|
|t:|1667954721
|switch|p2a: Tornadus|Tornadus-Therian, M|100/100
|switch|p1a: thicc|Blissey, F|87/100
|
|upkeep
|turn|407
|inactive|BasedLordATV has 20 seconds left this turn.
|j| BLOATED_BAGEL
|inactive|BasedLordATV has 15 seconds left.
|
|t:|1667954727
|switch|p2a: Doublade|Doublade, M|82/100 slp
|-damage|p2a: Doublade|76/100 slp|[from] Stealth Rock
|move|p1a: thicc|Toxic||[still]
|-fail|p1a: thicc
|
|upkeep
|turn|408
|inactive|BasedLordATV has 20 seconds left this turn.
|
|t:|1667954731
|switch|p1a: HitEmFromTheEast|Gastrodon-East, F|100/100
|-curestatus|p2a: Doublade|slp|[msg]
|move|p2a: Doublade|Close Combat|p1a: HitEmFromTheEast
|-damage|p1a: HitEmFromTheEast|65/100
|-unboost|p2a: Doublade|def|1
|-unboost|p2a: Doublade|spd|1
|
|-heal|p1a: HitEmFromTheEast|71/100|[from] item: Leftovers
|upkeep
|turn|409
|inactive|BasedLordATV has 20 seconds left this turn.
|inactive|BasedLordATV has 15 seconds left.
|l| BLOATED_BAGEL
|
|t:|1667954740
|switch|p1a: ;)|Toxapex, F|100/100
|move|p2a: Doublade|Toxic|p1a: ;)
|-immune|p1a: ;)
|
|upkeep
|turn|410
|inactive|BasedLordATV has 20 seconds left this turn.
|inactive|BasedLordATV has 15 seconds left.
|
|t:|1667954749
|switch|p2a: Clefable|Clefable, M|76/100
|-damage|p2a: Clefable|64/100|[from] Stealth Rock
|move|p1a: ;)|Knock Off|p2a: Clefable
|-resisted|p2a: Clefable
|-damage|p2a: Clefable|59/100
|
|upkeep
|turn|411
|inactive|BasedLordATV has 15 seconds left this turn.
|
|t:|1667954753
|switch|p1a: thicc|Blissey, F|87/100
|move|p2a: Clefable|Soft-Boiled|p2a: Clefable
|-heal|p2a: Clefable|100/100
|
|upkeep
|turn|412
|inactive|BasedLordATV has 20 seconds left this turn.
|inactive|BasedLordATV has 15 seconds left.
|
|t:|1667954762
|switch|p2a: Doublade|Doublade, M|76/100
|-damage|p2a: Doublade|69/100|[from] Stealth Rock
|move|p1a: thicc|Toxic|p2a: Doublade
|-immune|p2a: Doublade
|
|upkeep
|turn|413
|inactive|BasedLordATV has 15 seconds left this turn.
|j| t qwrhgaw
|
|t:|1667954767
|switch|p1a: ;)|Toxapex, F|100/100
|move|p2a: Doublade|Rest|p2a: Doublade
|-status|p2a: Doublade|slp|[from] move: Rest
|-heal|p2a: Doublade|100/100 slp|[silent]
|
|upkeep
|turn|414
|inactive|BasedLordATV has 20 seconds left this turn.
|inactive|BasedLordATV has 15 seconds left.
|l| Urdnot wren
|inactive|BasedLordATV has 10 seconds left.
|
|t:|1667954780
|switch|p2a: Clefable|Clefable, M|100/100
|-damage|p2a: Clefable|88/100|[from] Stealth Rock
|switch|p1a: HitEmFromTheEast|Gastrodon-East, F|71/100
|
|-heal|p1a: HitEmFromTheEast|77/100|[from] item: Leftovers
|upkeep
|turn|415
|inactive|BasedLordATV has 10 seconds left this turn.
|
|t:|1667954783
|switch|p1a: ;)|Toxapex, F|100/100
|move|p2a: Clefable|Moonblast|p1a: ;)
|-resisted|p1a: ;)
|-damage|p1a: ;)|89/100
|
|upkeep
|turn|416
|inactive|BasedLordATV has 15 seconds left this turn.
|j| Slick Slomopavitz
|l| t qwrhgaw
|inactive|BasedLordATV has 10 seconds left.
|j| t qwrhgaw
|inactive|BasedLordATV has 5 seconds left.
|
|t:|1667954795
|switch|p1a: HitEmFromTheEast|Gastrodon-East, F|77/100
|move|p2a: Clefable|Moonblast|p1a: HitEmFromTheEast
|-damage|p1a: HitEmFromTheEast|55/100
|
|-heal|p1a: HitEmFromTheEast|62/100|[from] item: Leftovers
|upkeep
|turn|417
|inactive|BasedLordATV has 5 seconds left this turn.
|l| Slick Slomopavitz
|j| Slick Slomopavitz
|-message|BasedLordATV lost due to inactivity.
|
|win|Cowsrule247
|raw|Cowsrule247's rating: 1666 &rarr; <strong>1688</strong><br />(+22 for winning)
|raw|BasedLordATV's rating: 1700 &rarr; <strong>1678</strong><br />(-22 for losing)
|l| t qwrhgaw
|l| Slick Slomopavitz
|j| Slick Slomopavitz
