|j|☆ZAINE SASSON
|j|☆Down$hift
|t:|1664668917
|gametype|singles
|player|p1|ZAINE SASSON|ethan-masters|1615
|player|p2|Down$hift|teamrocket|1665
|teamsize|p1|6
|teamsize|p2|6
|gen|8
|tier|[Gen 8] OU
|rated|
|rule|Sleep Clause Mod: Limit one foe put to sleep
|rule|Species Clause: Limit one of each Pokémon
|rule|OHKO Clause: OHKO moves are banned
|rule|Evasion Items Clause: Evasion items are banned
|rule|Evasion Moves Clause: Evasion moves are banned
|rule|Endless Battle Clause: Forcing endless battles is banned
|rule|HP Percentage Mod: HP is shown in percentages
|rule|Dynamax Clause: You cannot dynamax
|clearpoke
|poke|p1|Blacephalon|
|poke|p1|Snorlax, M|
|poke|p1|Mew|
|poke|p1|Landorus-Therian, M|
|poke|p1|Kartana|
|poke|p1|Volcarona, M|
|poke|p2|Regigigas|
|poke|p2|Weezing-Galar, F|
|poke|p2|Landorus-Therian, M|
|poke|p2|Dragapult, F|
|poke|p2|Slowbro, F|
|poke|p2|Tapu Lele|
|teampreview
|inactive|Battle timer is ON: inactive players will automatically lose when time's up. (requested by ZAINE SASSON)
|c|☆Down$hift|hf
|c|☆ZAINE SASSON|hf
|
|t:|1664668948
|start
|switch|p1a: Landorus|Landorus-Therian, M|100/100
|switch|p2a: Canned Calamari|Tapu Lele|100/100
|-fieldstart|move: Psychic Terrain|[from] ability: Psychic Surge|[of] p2a: Canned Calamari
|-ability|p1a: Landorus|Intimidate|boost
|-unboost|p2a: Canned Calamari|atk|1
|turn|1
|
|t:|1664668954
|move|p2a: Canned Calamari|Psychic|p1a: Landorus
|-damage|p1a: Landorus|0 fnt
|faint|p1a: Landorus
|
|upkeep
|
|t:|1664668960
|switch|p1a: stormzone(lame)|Mew|100/100
|turn|2
|
|t:|1664668976
|move|p1a: stormzone(lame)|Cosmic Power|p1a: stormzone(lame)
|-boost|p1a: stormzone(lame)|def|1
|-boost|p1a: stormzone(lame)|spd|1
|move|p2a: Canned Calamari|Psychic|p1a: stormzone(lame)
|-resisted|p1a: stormzone(lame)
|-damage|p1a: stormzone(lame)|74/100
|
|upkeep
|turn|3
|
|t:|1664668981
|switch|p2a: Dreepy Airlines|Dragapult, F|100/100
|move|p1a: stormzone(lame)|Cosmic Power|p1a: stormzone(lame)
|-boost|p1a: stormzone(lame)|def|1
|-boost|p1a: stormzone(lame)|spd|1
|
|upkeep
|turn|4
|
|t:|1664668984
|move|p2a: Dreepy Airlines|Thunder Wave|p1a: stormzone(lame)|[miss]
|-miss|p2a: Dreepy Airlines|p1a: stormzone(lame)
|move|p1a: stormzone(lame)|Soft-Boiled|p1a: stormzone(lame)
|-heal|p1a: stormzone(lame)|100/100
|
|upkeep
|turn|5
|
|t:|1664668990
|move|p2a: Dreepy Airlines|Thunder Wave|p1a: stormzone(lame)|[miss]
|-miss|p2a: Dreepy Airlines|p1a: stormzone(lame)
|move|p1a: stormzone(lame)|Stored Power|p2a: Dreepy Airlines
|-damage|p2a: Dreepy Airlines|44/100
|
|-fieldend|move: Psychic Terrain
|upkeep
|turn|6
|
|t:|1664668994
|move|p2a: Dreepy Airlines|Thunder Wave|p1a: stormzone(lame)
|-status|p1a: stormzone(lame)|par
|-activate|p1a: stormzone(lame)|ability: Synchronize
|-status|p2a: Dreepy Airlines|par
|move|p1a: stormzone(lame)|Stored Power|p2a: Dreepy Airlines
|-damage|p2a: Dreepy Airlines|0 fnt
|faint|p2a: Dreepy Airlines
|
|upkeep
|
|t:|1664668999
|switch|p2a: BIacephaIon|Regigigas, shiny|100/100
|-start|p2a: BIacephaIon|ability: Slow Start
|turn|7
|j| ionlysmokezaza
|
|t:|1664669006
|cant|p1a: stormzone(lame)|par
|move|p2a: BIacephaIon|Power-Up Punch|p1a: stormzone(lame)
|-resisted|p1a: stormzone(lame)
|-damage|p1a: stormzone(lame)|99/100 par
|-boost|p2a: BIacephaIon|atk|1
|
|upkeep
|turn|8
|
|t:|1664669008
|move|p1a: stormzone(lame)|Cosmic Power|p1a: stormzone(lame)
|-boost|p1a: stormzone(lame)|def|1
|-boost|p1a: stormzone(lame)|spd|1
|move|p2a: BIacephaIon|Power-Up Punch|p1a: stormzone(lame)
|-resisted|p1a: stormzone(lame)
|-damage|p1a: stormzone(lame)|97/100 par
|-boost|p2a: BIacephaIon|atk|1
|
|upkeep
|turn|9
|
|t:|1664669011
|move|p1a: stormzone(lame)|Stored Power|p2a: BIacephaIon
|-damage|p2a: BIacephaIon|71/100
|move|p2a: BIacephaIon|Power-Up Punch|p1a: stormzone(lame)
|-resisted|p1a: stormzone(lame)
|-damage|p1a: stormzone(lame)|95/100 par
|-boost|p2a: BIacephaIon|atk|1
|
|-heal|p2a: BIacephaIon|77/100|[from] item: Leftovers
|upkeep
|turn|10
|
|t:|1664669031
|switch|p1a: Blacephalon|Blacephalon|100/100
|move|p2a: BIacephaIon|Power-Up Punch|p1a: Blacephalon
|-immune|p1a: Blacephalon
|
|-heal|p2a: BIacephaIon|84/100|[from] item: Leftovers
|upkeep
|turn|11
|
|t:|1664669037
|move|p1a: Blacephalon|Explosion|p2a: BIacephaIon
|-enditem|p1a: Blacephalon|Normal Gem|[from] gem
|-damage|p2a: BIacephaIon|5/100
|faint|p1a: Blacephalon
|move|p2a: BIacephaIon|Knock Off|p1: Blacephalon|[notarget]
|-fail|p2a: BIacephaIon
|
|-heal|p2a: BIacephaIon|11/100|[from] item: Leftovers
|-end|p2a: BIacephaIon|Slow Start
|upkeep
|
|t:|1664669043
|switch|p1a: Kartana|Kartana|100/100
|turn|12
|
|t:|1664669050
|-end|p2a: BIacephaIon|Slow Start|[silent]
|switch|p2a: LandOUrus-T|Landorus-Therian, M|100/100
|-ability|p2a: LandOUrus-T|Intimidate|boost
|-unboost|p1a: Kartana|atk|1
|move|p1a: Kartana|Knock Off|p2a: LandOUrus-T
|-damage|p2a: LandOUrus-T|79/100
|-enditem|p2a: LandOUrus-T|Leftovers|[from] move: Knock Off|[of] p1a: Kartana
|
|upkeep
|turn|13
|
|t:|1664669057
|move|p1a: Kartana|Leaf Blade|p2a: LandOUrus-T
|-damage|p2a: LandOUrus-T|51/100
|move|p2a: LandOUrus-T|Stealth Rock|p1a: Kartana
|-sidestart|p1: ZAINE SASSON|move: Stealth Rock
|
|upkeep
|turn|14
|
|t:|1664669065
|switch|p2a: Dimmadome|Weezing-Galar, F|100/100
|move|p1a: Kartana|Leaf Blade|p2a: Dimmadome
|-resisted|p2a: Dimmadome
|-crit|p2a: Dimmadome
|-damage|p2a: Dimmadome|72/100
|-damage|p1a: Kartana|84/100|[from] item: Rocky Helmet|[of] p2a: Dimmadome
|
|upkeep
|turn|15
|
|t:|1664669073
|switch|p1a: stormzone(lame)|Mew|95/100 par
|-damage|p1a: stormzone(lame)|83/100 par|[from] Stealth Rock
|move|p2a: Dimmadome|Will-O-Wisp||[still]
|-fail|p2a: Dimmadome
|
|upkeep
|turn|16
|
|t:|1664669076
|switch|p2a: Canned Calamari|Tapu Lele|100/100
|-fieldstart|move: Psychic Terrain|[from] ability: Psychic Surge|[of] p2a: Canned Calamari
|cant|p1a: stormzone(lame)|par
|
|upkeep
|turn|17
|
|t:|1664669087
|switch|p1a: Kartana|Kartana|84/100
|-damage|p1a: Kartana|78/100|[from] Stealth Rock
|move|p2a: Canned Calamari|Moonblast|p1a: Kartana
|-resisted|p1a: Kartana
|-damage|p1a: Kartana|0 fnt
|faint|p1a: Kartana
|
|upkeep
|
|t:|1664669094
|switch|p1a: Volcarona|Volcarona, M|100/100
|turn|18
|
|t:|1664669098
|switch|p2a: LandOUrus-T|Landorus-Therian, M|51/100
|-ability|p2a: LandOUrus-T|Intimidate|boost
|-unboost|p1a: Volcarona|atk|1
|move|p1a: Volcarona|Quiver Dance|p1a: Volcarona
|-boost|p1a: Volcarona|spa|1
|-boost|p1a: Volcarona|spd|1
|-boost|p1a: Volcarona|spe|1
|
|upkeep
|turn|19
|
|t:|1664669101
|move|p1a: Volcarona|Flamethrower|p2a: LandOUrus-T
|-damage|p2a: LandOUrus-T|0 fnt
|faint|p2a: LandOUrus-T
|
|upkeep
|
|t:|1664669103
|switch|p2a: Canned Calamari|Tapu Lele|100/100
|turn|20
|
|t:|1664669113
|switch|p1a: stormzone(lame)|Mew|83/100 par
|-damage|p1a: stormzone(lame)|70/100 par|[from] Stealth Rock
|move|p2a: Canned Calamari|Psyshock|p1a: stormzone(lame)
|-resisted|p1a: stormzone(lame)
|-damage|p1a: stormzone(lame)|32/100 par
|
|-fieldend|move: Psychic Terrain
|upkeep
|turn|21
|
|t:|1664669124
|switch|p2a: BIacephaIon|Regigigas, shiny|11/100
|-start|p2a: BIacephaIon|ability: Slow Start
|move|p1a: stormzone(lame)|Soft-Boiled|p1a: stormzone(lame)
|-heal|p1a: stormzone(lame)|82/100 par
|
|-heal|p2a: BIacephaIon|17/100|[from] item: Leftovers
|upkeep
|turn|22
|
|t:|1664669134
|cant|p1a: stormzone(lame)|par
|move|p2a: BIacephaIon|Power-Up Punch|p1a: stormzone(lame)
|-resisted|p1a: stormzone(lame)
|-crit|p1a: stormzone(lame)
|-damage|p1a: stormzone(lame)|78/100 par
|-boost|p2a: BIacephaIon|atk|1
|
|-heal|p2a: BIacephaIon|23/100|[from] item: Leftovers
|upkeep
|turn|23
|
|t:|1664669137
|move|p1a: stormzone(lame)|Stored Power|p2a: BIacephaIon
|-damage|p2a: BIacephaIon|19/100
|move|p2a: BIacephaIon|Power-Up Punch|p1a: stormzone(lame)
|-resisted|p1a: stormzone(lame)
|-damage|p1a: stormzone(lame)|73/100 par
|-boost|p2a: BIacephaIon|atk|1
|
|-heal|p2a: BIacephaIon|25/100|[from] item: Leftovers
|upkeep
|turn|24
|
|t:|1664669141
|switch|p1a: Volcarona|Volcarona, M|100/100
|move|p2a: BIacephaIon|Body Slam|p1a: Volcarona
|-damage|p1a: Volcarona|34/100
|
|-heal|p2a: BIacephaIon|31/100|[from] item: Leftovers
|upkeep
|turn|25
|
|t:|1664669147
|-end|p2a: BIacephaIon|Slow Start|[silent]
|switch|p2a: ur slow|Slowbro, F|100/100
|move|p1a: Volcarona|Flamethrower|p2a: ur slow
|-resisted|p2a: ur slow
|-damage|p2a: ur slow|81/100
|
|upkeep
|turn|26
|
|t:|1664669149
|move|p1a: Volcarona|Bug Buzz|p2a: ur slow
|-supereffective|p2a: ur slow
|-damage|p2a: ur slow|9/100
|move|p2a: ur slow|Scald|p1a: Volcarona
|-supereffective|p1a: Volcarona
|-damage|p1a: Volcarona|0 fnt
|faint|p1a: Volcarona
|
|upkeep
|
|t:|1664669153
|switch|p1a: stormzone(lame)|Mew|73/100 par
|-damage|p1a: stormzone(lame)|61/100 par|[from] Stealth Rock
|turn|27
|
|t:|1664669156
|switch|p2a: Canned Calamari|Tapu Lele|100/100
|-fieldstart|move: Psychic Terrain|[from] ability: Psychic Surge|[of] p2a: Canned Calamari
|move|p1a: stormzone(lame)|Cosmic Power|p1a: stormzone(lame)
|-boost|p1a: stormzone(lame)|def|1
|-boost|p1a: stormzone(lame)|spd|1
|
|upkeep
|turn|28
|l| ionlysmokezaza
|
|t:|1664669159
|move|p2a: Canned Calamari|Moonblast|p1a: stormzone(lame)
|-damage|p1a: stormzone(lame)|12/100 par
|move|p1a: stormzone(lame)|Soft-Boiled|p1a: stormzone(lame)
|-heal|p1a: stormzone(lame)|62/100 par
|
|upkeep
|turn|29
|
|t:|1664669166
|move|p2a: Canned Calamari|Moonblast|p1a: stormzone(lame)
|-damage|p1a: stormzone(lame)|13/100 par
|cant|p1a: stormzone(lame)|par
|
|upkeep
|turn|30
|-message|ZAINE SASSON forfeited.
|
|win|Down$hift
|raw|ZAINE SASSON's rating: 1615 &rarr; <strong>1598</strong><br />(-17 for losing)
|raw|Down$hift's rating: 1665 &rarr; <strong>1682</strong><br />(+17 for winning)
|l|☆ZAINE SASSON
|j| zaydapoketrainer
|j| knexhawk2
|j| Lisofef
|j| sufy512
|j| NoTollsNoRolls
|c| zaydapoketrainer|bom
||Ladder isn't responding, score probably updated but might not have (Request timeout).
|l| Lisofef
|j| Qinter
|j| Kwaga
|c| zaydapoketrainer|what shit did regigigas do
|c| zaydapoketrainer|lol
|l| Kwaga
|c| Qinter|yeah
|c| zaydapoketrainer|I mean
|j| bhkg
|l| bhkg
|c|☆Down$hift|he made it si
|c| zaydapoketrainer|it did 66 to bolcarona
|j| cycle cap
|c|☆Down$hift|so
|c| zaydapoketrainer|ig
|c|☆Down$hift|mew didnt win
|l| NoTollsNoRolls
|c|☆Down$hift|and also volc
|l| Qinter
|c| zaydapoketrainer|But
|c| zaydapoketrainer|why
|c| zaydapoketrainer|are u running
|c| zaydapoketrainer|weezing-galar
|c| zaydapoketrainer|ur playing singles
|c| sufy512|yep
|c| sufy512|weezing is good bro
|l| sufy512
|l| zaydapoketrainer
|c|☆Down$hift|rilla, kart, lando chomp all checked
|c|☆Down$hift|+ defog
|c| cycle cap|if that was curselax
