|raw|<div class="broadcast-blue"><strong>This battle is required to be public due to a player having a name starting with 'lt91bb'.</div>
|j|☆KFC Chizza
|j|☆LT91BB stareal
|t:|1659030482
|gametype|singles
|player|p1|KFC Chizza|unknown|1750
|player|p2|LT91BB stareal|#omplxtempertyrantrums|1829
|teamsize|p1|6
|teamsize|p2|6
|gen|8
|tier|[Gen 8] OU
|rated|
|rule|Sleep Clause Mod: Limit one foe put to sleep
|rule|Species Clause: Limit one of each Pokémon
|rule|OHKO Clause: OHKO moves are banned
|rule|Evasion Moves Clause: Evasion moves are banned
|rule|Endless Battle Clause: Forcing endless battles is banned
|rule|HP Percentage Mod: HP is shown in percentages
|rule|Dynamax Clause: You cannot dynamax
|clearpoke
|poke|p1|Buzzwole|
|poke|p1|Boltund, F|
|poke|p1|Mamoswine, F|
|poke|p1|Tornadus-Therian, M|
|poke|p1|Aegislash, M|
|poke|p1|Tapu Fini|
|poke|p2|Garchomp, F|
|poke|p2|Weavile, F|
|poke|p2|Melmetal|
|poke|p2|Volcanion|
|poke|p2|Tornadus-Therian, M|
|poke|p2|Tapu Koko|
|teampreview
|inactive|Battle timer is ON: inactive players will automatically lose when time's up. (requested by LT91BB stareal)
|j| StupidIdiotMe
|j| LT91BB Tace
|j| LT91BB Dasher
|j| WARUMFELIX???
|j| America's Youth
|j| Winston Earl
|j| hump
|j| Hyss
|j| samurott champloo
|j| Waylaid
|j| arbok13
|j| ripreckful
|inactive|KFC Chizza has 120 seconds left.
|inactive|LT91BB stareal has 120 seconds left.
|c| WARUMFELIX???|this is so intense, im shaking
|j| Amigento1958
|
|t:|1659030530
|start
|switch|p1a: Pooka|Boltund, F|100/100
|switch|p2a: Weavile|Weavile, F|100/100
|-ability|p2a: Weavile|Pressure
|turn|1
|
|t:|1659030554
|switch|p1a: Buzzwole|Buzzwole|100/100
|move|p2a: Weavile|Knock Off|p1a: Buzzwole
|-resisted|p1a: Buzzwole
|-damage|p1a: Buzzwole|83/100
|-enditem|p1a: Buzzwole|Heavy-Duty Boots|[from] move: Knock Off|[of] p2a: Weavile
|
|upkeep
|turn|2
|j| famzy
|
|t:|1659030569
|move|p2a: Weavile|Knock Off|p1a: Buzzwole
|-resisted|p1a: Buzzwole
|-damage|p1a: Buzzwole|71/100
|move|p1a: Buzzwole|Roost|p1a: Buzzwole
|-heal|p1a: Buzzwole|100/100
|-singleturn|p1a: Buzzwole|move: Roost
|
|upkeep
|turn|3
|j| BigCrappers
|
|t:|1659030574
|switch|p2a: Tornadus|Tornadus-Therian, M|100/100
|move|p1a: Buzzwole|Ice Punch|p2a: Tornadus
|-supereffective|p2a: Tornadus
|-damage|p2a: Tornadus|50/100
|
|upkeep
|turn|4
|j| LT91BB Raizen
|j|@ironwater
|j| Suishom4ru
|
|t:|1659030585
|switch|p1a: Tornadus|Tornadus-Therian, M, shiny|100/100
|move|p2a: Tornadus|U-turn|p1a: Tornadus
|-resisted|p1a: Tornadus
|-damage|p1a: Tornadus|93/100
|
|t:|1659030593
|switch|p2a: Tapu Koko|Tapu Koko|100/100|[from]move: U-turn
|-fieldstart|move: Electric Terrain|[from] ability: Electric Surge|[of] p2a: Tapu Koko
|
|upkeep
|turn|5
|
|t:|1659030601
|switch|p1a: Aegislash|Aegislash, M|100/100
|move|p2a: Tapu Koko|U-turn|p1a: Aegislash
|-resisted|p1a: Aegislash
|-damage|p1a: Aegislash|97/100
|
|t:|1659030604
|switch|p2a: Garchomp|Garchomp, F|100/100|[from]move: U-turn
|
|-heal|p1a: Aegislash|100/100|[from] item: Leftovers
|upkeep
|turn|6
|
|t:|1659030612
|move|p2a: Garchomp|Stealth Rock|p1a: Aegislash
|-sidestart|p1: KFC Chizza|move: Stealth Rock
|move|p1a: Aegislash|Toxic|p2a: Garchomp
|-status|p2a: Garchomp|tox
|
|-damage|p2a: Garchomp|94/100 tox|[from] psn
|upkeep
|turn|7
|j| Alain Ledon
|
|t:|1659030619
|move|p2a: Garchomp|Swords Dance|p2a: Garchomp
|-boost|p2a: Garchomp|atk|2
|-formechange|p1a: Aegislash|Aegislash-Blade||[from] ability: Stance Change
|move|p1a: Aegislash|Shadow Ball|p2a: Garchomp
|-damage|p2a: Garchomp|55/100 tox
|
|-heal|p2a: Garchomp|61/100 tox|[from] item: Leftovers
|-damage|p2a: Garchomp|49/100 tox|[from] psn
|upkeep
|turn|8
|j| fardin
|j| fish=friends≠food
|
|t:|1659030629
|-formechange|p1a: Aegislash|Aegislash||[from] ability: Stance Change
|move|p1a: Aegislash|King's Shield|p1a: Aegislash
|-singleturn|p1a: Aegislash|Protect
|move|p2a: Garchomp|Swords Dance|p2a: Garchomp
|-boost|p2a: Garchomp|atk|2
|
|-heal|p2a: Garchomp|55/100 tox|[from] item: Leftovers
|-damage|p2a: Garchomp|36/100 tox|[from] psn
|-fieldend|move: Electric Terrain
|upkeep
|turn|9
|l|@ironwater
|inactive|KFC Chizza has 120 seconds left.
|j| ibleachyourskin
|l| ibleachyourskin
|inactive|KFC Chizza has 90 seconds left.
|
|t:|1659030690
|switch|p1a: Tornadus|Tornadus-Therian, M, shiny|100/100
|move|p2a: Garchomp|Scale Shot|p1a: Tornadus
|-damage|p1a: Tornadus|56/100
|-damage|p1a: Tornadus|18/100
|-hitcount|p1a: Tornadus|2
|-unboost|p2a: Garchomp|def|1
|-boost|p2a: Garchomp|spe|1
|
|-heal|p2a: Garchomp|43/100 tox|[from] item: Leftovers
|-damage|p2a: Garchomp|18/100 tox|[from] psn
|upkeep
|turn|10
|j| greenandgrey77
|j| ImAllAboutDusk
|j| gameeese
|inactive|KFC Chizza has 90 seconds left.
|j| ibleachyourskin
|inactive|LT91BB stareal has 120 seconds left.
|
|t:|1659030720
|switch|p2a: Melmetal|Melmetal|100/100
|move|p1a: Tornadus|Defog|p2a: Melmetal
|-unboost|p2a: Melmetal|evasion|1
|-sideend|p1: KFC Chizza|Stealth Rock|[from] move: Defog|[of] p1a: Tornadus
|
|upkeep
|turn|11
|
|t:|1659030732
|move|p1a: Tornadus|Knock Off|p2a: Melmetal
|-damage|p2a: Melmetal|87/100
|-enditem|p2a: Melmetal|Assault Vest|[from] move: Knock Off|[of] p1a: Tornadus
|move|p2a: Melmetal|Double Iron Bash|p1a: Tornadus
|-damage|p1a: Tornadus|0 fnt
|faint|p1a: Tornadus
|-hitcount|p1: Tornadus|1
|
|upkeep
|l| ibleachyourskin
|
|t:|1659030740
|switch|p1a: Buzzwole|Buzzwole|100/100
|turn|12
|
|t:|1659030745
|switch|p2a: Volcanion|Volcanion|100/100
|move|p1a: Buzzwole|Ice Punch|p2a: Volcanion
|-resisted|p2a: Volcanion
|-damage|p2a: Volcanion|95/100
|
|upkeep
|turn|13
|
|t:|1659030751
|switch|p1a: Tapu Fini|Tapu Fini|100/100
|-fieldstart|move: Misty Terrain|[from] ability: Misty Surge|[of] p1a: Tapu Fini
|move|p2a: Volcanion|Sludge Wave|p1a: Tapu Fini
|-supereffective|p1a: Tapu Fini
|-damage|p1a: Tapu Fini|55/100
|
|-heal|p1a: Tapu Fini|61/100|[from] item: Leftovers
|upkeep
|turn|14
|j| isabela000◥▶_◀◤
|
|t:|1659030757
|move|p2a: Volcanion|Steam Eruption|p1a: Tapu Fini
|-resisted|p1a: Tapu Fini
|-damage|p1a: Tapu Fini|39/100
|move|p1a: Tapu Fini|Nature's Madness|p2a: Volcanion|[miss]
|-miss|p1a: Tapu Fini|p2a: Volcanion
|
|-heal|p1a: Tapu Fini|46/100|[from] item: Leftovers
|upkeep
|turn|15
|l| ImAllAboutDusk
|
|t:|1659030774
|move|p2a: Volcanion|Sludge Wave|p1a: Tapu Fini
|-supereffective|p1a: Tapu Fini
|-damage|p1a: Tapu Fini|0 fnt
|faint|p1a: Tapu Fini
|
|upkeep
|l| isabela000◥▶_◀◤
|c| BigCrappers|nature's madness do be like that
|c| BigCrappers|that
|
|t:|1659030783
|switch|p1a: Mamoswine|Mamoswine, F, shiny|100/100
|turn|16
|
|t:|1659030796
|switch|p2a: Tornadus|Tornadus-Therian, M|83/100
|move|p1a: Mamoswine|Earthquake|p2a: Tornadus
|-immune|p2a: Tornadus
|
|upkeep
|turn|17
|l| LT91BB Tace
|
|t:|1659030801
|move|p2a: Tornadus|U-turn|p1a: Mamoswine
|-damage|p1a: Mamoswine|84/100
|
|t:|1659030805
|switch|p2a: Garchomp|Garchomp, F|18/100 tox|[from]move: U-turn
|move|p1a: Mamoswine|Icicle Crash|p2a: Garchomp
|-supereffective|p2a: Garchomp
|-damage|p2a: Garchomp|0 fnt
|faint|p2a: Garchomp
|
|-fieldend|Misty Terrain
|upkeep
|
|t:|1659030809
|switch|p2a: Weavile|Weavile, F|100/100
|-ability|p2a: Weavile|Pressure
|turn|18
|inactive|KFC Chizza has 120 seconds left.
|l| WARUMFELIX???
|
|t:|1659030829
|switch|p1a: Buzzwole|Buzzwole|100/100
|move|p2a: Weavile|Triple Axel|p1a: Buzzwole
|-damage|p1a: Buzzwole|93/100
|-damage|p1a: Buzzwole|77/100
|-damage|p1a: Buzzwole|56/100
|-hitcount|p1a: Buzzwole|3
|
|upkeep
|turn|19
|
|t:|1659030836
|switch|p2a: Volcanion|Volcanion|95/100
|move|p1a: Buzzwole|Roost|p1a: Buzzwole
|-heal|p1a: Buzzwole|100/100
|-singleturn|p1a: Buzzwole|move: Roost
|
|upkeep
|turn|20
|inactive|KFC Chizza has 120 seconds left.
|
|t:|1659030850
|switch|p1a: Aegislash|Aegislash, M|100/100
|move|p2a: Volcanion|Steam Eruption|p1a: Aegislash
|-damage|p1a: Aegislash|65/100
|
|-heal|p1a: Aegislash|71/100|[from] item: Leftovers
|upkeep
|turn|21
|inactive|KFC Chizza has 120 seconds left.
|
|t:|1659030858
|move|p2a: Volcanion|Flamethrower|p1a: Aegislash
|-supereffective|p1a: Aegislash
|-damage|p1a: Aegislash|11/100
|-formechange|p1a: Aegislash|Aegislash-Blade||[from] ability: Stance Change
|move|p1a: Aegislash|Shadow Ball|p2a: Volcanion
|-damage|p2a: Volcanion|50/100
|
|-heal|p1a: Aegislash|17/100|[from] item: Leftovers
|upkeep
|turn|22
|
|t:|1659030864
|move|p2a: Volcanion|Steam Eruption|p1a: Aegislash|[miss]
|-miss|p2a: Volcanion|p1a: Aegislash
|move|p1a: Aegislash|Shadow Ball|p2a: Volcanion
|-damage|p2a: Volcanion|1/100
|
|-heal|p1a: Aegislash|24/100|[from] item: Leftovers
|upkeep
|turn|23
|
|t:|1659030866
|-formechange|p1a: Aegislash|Aegislash||[from] ability: Stance Change
|move|p1a: Aegislash|King's Shield|p1a: Aegislash
|-singleturn|p1a: Aegislash|Protect
|move|p2a: Volcanion|Steam Eruption|p1a: Aegislash
|-activate|p1a: Aegislash|move: Protect
|
|-heal|p1a: Aegislash|30/100|[from] item: Leftovers
|upkeep
|turn|24
|
|t:|1659030870
|move|p2a: Volcanion|Steam Eruption|p1a: Aegislash
|-damage|p1a: Aegislash|0 fnt
|faint|p1a: Aegislash
|
|upkeep
|
|t:|1659030872
|switch|p1a: Pooka|Boltund, F|100/100
|turn|25
|
|t:|1659030882
|move|p1a: Pooka|Thunderbolt|p2a: Volcanion
|-supereffective|p2a: Volcanion
|-damage|p2a: Volcanion|0 fnt
|faint|p2a: Volcanion
|
|upkeep
|
|t:|1659030886
|switch|p2a: Melmetal|Melmetal|87/100
|turn|26
|
|t:|1659030889
|switch|p1a: Buzzwole|Buzzwole|100/100
|move|p2a: Melmetal|Double Iron Bash|p1a: Buzzwole
|-damage|p1a: Buzzwole|80/100
|-damage|p1a: Buzzwole|61/100
|-hitcount|p1a: Buzzwole|2
|
|upkeep
|turn|27
|
|t:|1659030897
|switch|p1a: Pooka|Boltund, F|100/100
|switch|p2a: Tornadus|Tornadus-Therian, M|100/100
|
|upkeep
|turn|28
|l| Suishom4ru
|
|t:|1659030912
|switch|p2a: Melmetal|Melmetal|87/100
|move|p1a: Pooka|Thunderbolt|p2a: Melmetal
|-damage|p2a: Melmetal|41/100
|
|upkeep
|turn|29
|
|t:|1659030916
|move|p1a: Pooka|Thunderbolt|p2a: Melmetal
|-damage|p2a: Melmetal|0 fnt
|faint|p2a: Melmetal
|
|upkeep
|j| Nr1imKaferturnier
|j| Ran Kob
|j| LT91BB rejeff
|inactive|LT91BB stareal has 120 seconds left.
|j| LT91BB Tace
|
|t:|1659030952
|switch|p2a: Weavile|Weavile, F|100/100
|-ability|p2a: Weavile|Pressure
|turn|30
|c| Nr1imKaferturnier|how you doggin?
|inactive|LT91BB stareal has 120 seconds left.
|l| Ran Kob
|j| osonnenuntergango
|j| Venositile
|inactive|KFC Chizza has 120 seconds left.
|
|t:|1659030986
|move|p1a: Pooka|Thunderbolt|p2a: Weavile
|-damage|p2a: Weavile|24/100
|-status|p2a: Weavile|par
|move|p2a: Weavile|Triple Axel|p1a: Pooka
|-damage|p1a: Pooka|69/100
|-hitcount|p1a: Pooka|1
|
|upkeep
|turn|31
|
|t:|1659030999
|move|p1a: Pooka|Thunderbolt|p2a: Weavile
|-damage|p2a: Weavile|0 fnt
|faint|p2a: Weavile
|
|upkeep
|
|t:|1659031001
|switch|p2a: Tapu Koko|Tapu Koko|100/100
|-fieldstart|move: Electric Terrain|[from] ability: Electric Surge|[of] p2a: Tapu Koko
|turn|32
|inactive|LT91BB stareal has 120 seconds left.
|
|t:|1659031007
|move|p2a: Tapu Koko|Dazzling Gleam|p1a: Pooka
|-damage|p1a: Pooka|9/100
|move|p1a: Pooka|Thunderbolt|p2a: Tapu Koko
|-resisted|p2a: Tapu Koko
|-damage|p2a: Tapu Koko|47/100
|
|upkeep
|turn|33
|
|t:|1659031014
|move|p2a: Tapu Koko|Roost|p2a: Tapu Koko
|-heal|p2a: Tapu Koko|97/100
|-singleturn|p2a: Tapu Koko|move: Roost
|move|p1a: Pooka|Thunderbolt|p2a: Tapu Koko
|-resisted|p2a: Tapu Koko
|-damage|p2a: Tapu Koko|47/100
|
|upkeep
|turn|34
|
|t:|1659031020
|move|p2a: Tapu Koko|Roost|p2a: Tapu Koko
|-heal|p2a: Tapu Koko|98/100
|-singleturn|p2a: Tapu Koko|move: Roost
|move|p1a: Pooka|Thunderbolt|p2a: Tapu Koko
|-resisted|p2a: Tapu Koko
|-damage|p2a: Tapu Koko|46/100
|
|upkeep
|turn|35
|
|t:|1659031028
|move|p2a: Tapu Koko|Dazzling Gleam|p1a: Pooka
|-damage|p1a: Pooka|0 fnt
|faint|p1a: Pooka
|
|upkeep
|
|t:|1659031030
|switch|p1a: Mamoswine|Mamoswine, F, shiny|84/100
|turn|36
|
|t:|1659031050
|move|p2a: Tapu Koko|Dazzling Gleam|p1a: Mamoswine
|-damage|p1a: Mamoswine|30/100
|move|p1a: Mamoswine|Icicle Crash|p2a: Tapu Koko
|-damage|p2a: Tapu Koko|0 fnt
|faint|p2a: Tapu Koko
|
|-fieldend|move: Electric Terrain
|upkeep
|
|t:|1659031052
|switch|p2a: Tornadus|Tornadus-Therian, M|100/100
|turn|37
|
|t:|1659031062
|move|p1a: Mamoswine|Ice Shard|p2a: Tornadus
|-supereffective|p2a: Tornadus
|-damage|p2a: Tornadus|42/100
|move|p2a: Tornadus|Hurricane|p1a: Mamoswine|[miss]
|-miss|p2a: Tornadus|p1a: Mamoswine
|
|upkeep
|turn|38
|c|☆LT91BB stareal|alright
|-message|LT91BB stareal forfeited.
|
|win|KFC Chizza
|raw|KFC Chizza's rating: 1750 &rarr; <strong>1774</strong><br />(+24 for winning)
|raw|LT91BB stareal's rating: 1829 &rarr; <strong>1805</strong><br />(-24 for losing)
|c|☆KFC Chizza|please pray for Pooka, she is very sick
|c|☆KFC Chizza|Thanks and gg
|l|☆KFC Chizza
|l| America's Youth
|l| Nr1imKaferturnier
|l| Venositile
