|j|☆VirginJimmy99
|j|☆firepowah
|t:|1660091544
|gametype|singles
|player|p1|VirginJimmy99|lucas|1646
|player|p2|firepowah|hilda|1610
|teamsize|p1|6
|teamsize|p2|6
|gen|8
|tier|[Gen 8] OU
|rated|
|rule|Sleep Clause Mod: Limit one foe put to sleep
|rule|Species Clause: Limit one of each Pokémon
|rule|OHKO Clause: OHKO moves are banned
|rule|Evasion Items Clause: Evasion items are banned
|rule|Evasion Moves Clause: Evasion moves are banned
|rule|Endless Battle Clause: Forcing endless battles is banned
|rule|HP Percentage Mod: HP is shown in percentages
|rule|Dynamax Clause: You cannot dynamax
|clearpoke
|poke|p1|Duraludon, M|
|poke|p1|Rillaboom, F|
|poke|p1|Magnezone|
|poke|p1|Mandibuzz, F|
|poke|p1|Swampert, F|
|poke|p1|Buzzwole|
|poke|p2|Regieleki|
|poke|p2|Heatran, M|
|poke|p2|Buzzwole|
|poke|p2|Landorus-Therian, M|
|poke|p2|Corviknight, M|
|poke|p2|Slowbro, M|
|teampreview
|inactive|Battle timer is ON: inactive players will automatically lose when time's up. (requested by firepowah)
|inactive|VirginJimmy99 has 120 seconds left.
|inactive|VirginJimmy99 has 90 seconds left.
|
|t:|1660091647
|start
|switch|p1a: Rillaboom|Rillaboom, F|100/100
|switch|p2a: Landorus|Landorus-Therian, M|100/100
|-fieldstart|move: Grassy Terrain|[from] ability: Grassy Surge|[of] p1a: Rillaboom
|-ability|p2a: Landorus|Intimidate|boost
|-unboost|p1a: Rillaboom|atk|1
|turn|1
|
|t:|1660091659
|move|p1a: Rillaboom|Wood Hammer|p2a: Landorus
|-damage|p2a: Landorus|18/100
|-damage|p1a: Rillaboom|70/100|[from] Recoil
|move|p2a: Landorus|Stealth Rock|p1a: Rillaboom
|-sidestart|p1: VirginJimmy99|move: Stealth Rock
|
|-heal|p1a: Rillaboom|76/100|[from] Grassy Terrain
|-heal|p2a: Landorus|24/100|[from] item: Leftovers
|upkeep
|turn|2
|
|t:|1660091669
|switch|p1a: Duraludon|Duraludon, M|100/100
|-damage|p1a: Duraludon|94/100|[from] Stealth Rock
|switch|p2a: Buzzwole|Buzzwole, shiny|100/100
|
|-heal|p1a: Duraludon|100/100|[from] Grassy Terrain
|upkeep
|turn|3
|
|t:|1660091680
|switch|p2a: Corviknight|Corviknight, M, shiny|100/100
|-ability|p2a: Corviknight|Pressure
|move|p1a: Duraludon|Iron Defense|p1a: Duraludon
|-boost|p1a: Duraludon|def|2
|
|upkeep
|turn|4
|
|t:|1660091684
|move|p1a: Duraludon|Iron Defense|p1a: Duraludon
|-boost|p1a: Duraludon|def|2
|move|p2a: Corviknight|U-turn|p1a: Duraludon
|-resisted|p1a: Duraludon
|-damage|p1a: Duraludon|98/100
|
|t:|1660091689
|switch|p2a: Slowbro|Slowbro, M|100/100|[from]move: U-turn
|
|-heal|p1a: Duraludon|100/100|[from] Grassy Terrain
|upkeep
|turn|5
|
|t:|1660091691
|move|p1a: Duraludon|Draco Meteor|p2a: Slowbro
|-damage|p2a: Slowbro|16/100
|-unboost|p1a: Duraludon|spa|2
|-damage|p1a: Duraludon|91/100|[from] item: Life Orb
|move|p2a: Slowbro|Scald|p1a: Duraludon
|-resisted|p1a: Duraludon
|-damage|p1a: Duraludon|63/100
|
|-heal|p1a: Duraludon|70/100|[from] Grassy Terrain
|-heal|p2a: Slowbro|22/100|[from] Grassy Terrain
|-fieldend|move: Grassy Terrain
|upkeep
|turn|6
|
|t:|1660091696
|switch|p2a: Corviknight|Corviknight, M, shiny|100/100
|-ability|p2a: Corviknight|Pressure
|move|p1a: Duraludon|Body Press|p2a: Corviknight
|-damage|p2a: Corviknight|28/100
|-damage|p1a: Duraludon|60/100|[from] item: Life Orb
|
|-heal|p2a: Corviknight|34/100|[from] item: Leftovers
|upkeep
|turn|7
|
|t:|1660091703
|switch|p2a: Slowbro|Slowbro, M|55/100
|move|p1a: Duraludon|Body Press|p2a: Slowbro
|-resisted|p2a: Slowbro
|-damage|p2a: Slowbro|30/100
|-damage|p1a: Duraludon|43/100|[from] item: Rocky Helmet|[of] p2a: Slowbro
|-damage|p1a: Duraludon|33/100|[from] item: Life Orb
|
|upkeep
|turn|8
|
|t:|1660091710
|switch|p2a: Landorus|Landorus-Therian, M|24/100
|-ability|p2a: Landorus|Intimidate|boost
|-unboost|p1a: Duraludon|atk|1
|move|p1a: Duraludon|Draco Meteor|p2a: Landorus
|-damage|p2a: Landorus|0 fnt
|-unboost|p1a: Duraludon|spa|2
|faint|p2a: Landorus
|-damage|p1a: Duraludon|23/100|[from] item: Life Orb
|
|upkeep
|
|t:|1660091719
|switch|p2a: Regieleki|Regieleki, shiny|100/100
|turn|9
|
|t:|1660091724
|switch|p1a: Swampert|Swampert, F|100/100
|-damage|p1a: Swampert|94/100|[from] Stealth Rock
|move|p2a: Regieleki|Thunderbolt|p1a: Swampert
|-immune|p1a: Swampert
|
|-heal|p1a: Swampert|100/100|[from] item: Leftovers
|upkeep
|turn|10
|
|t:|1660091727
|switch|p2a: Slowbro|Slowbro, M|63/100
|move|p1a: Swampert|Stealth Rock|p2a: Slowbro
|-sidestart|p2: firepowah|move: Stealth Rock
|
|upkeep
|turn|11
|
|t:|1660091729
|move|p1a: Swampert|Toxic|p2a: Slowbro
|-status|p2a: Slowbro|tox
|move|p2a: Slowbro|Teleport|p2a: Slowbro
|
|t:|1660091731
|switch|p2a: Corviknight|Corviknight, M, shiny|34/100|[from]move: Teleport
|-damage|p2a: Corviknight|21/100|[from] Stealth Rock
|-ability|p2a: Corviknight|Pressure
|
|-heal|p2a: Corviknight|28/100|[from] item: Leftovers
|upkeep
|turn|12
|
|t:|1660091733
|move|p2a: Corviknight|Roost|p2a: Corviknight
|-heal|p2a: Corviknight|78/100
|-singleturn|p2a: Corviknight|move: Roost
|move|p1a: Swampert|Earthquake|p2a: Corviknight
|-supereffective|p2a: Corviknight
|-damage|p2a: Corviknight|22/100
|
|-heal|p2a: Corviknight|28/100|[from] item: Leftovers
|upkeep
|turn|13
|
|t:|1660091736
|switch|p1a: Magnezone|Magnezone|100/100
|-damage|p1a: Magnezone|94/100|[from] Stealth Rock
|move|p2a: Corviknight|Roost|p2a: Corviknight
|-heal|p2a: Corviknight|78/100
|-singleturn|p2a: Corviknight|move: Roost
|
|-heal|p2a: Corviknight|84/100|[from] item: Leftovers
|upkeep
|turn|14
|
|t:|1660091741
|move|p1a: Magnezone|Volt Switch|p2a: Corviknight
|-supereffective|p2a: Corviknight
|-damage|p2a: Corviknight|3/100
|
|t:|1660091745
|switch|p1a: Buzzwole|Buzzwole|100/100|[from]move: Volt Switch
|-damage|p1a: Buzzwole|88/100|[from] Stealth Rock
|move|p2a: Corviknight|U-turn|p1a: Buzzwole
|-resisted|p1a: Buzzwole
|-damage|p1a: Buzzwole|83/100
|-damage|p2a: Corviknight|0 fnt|[from] item: Rocky Helmet|[of] p1a: Buzzwole
|faint|p2a: Corviknight
|
|upkeep
|
|t:|1660091759
|switch|p2a: Heatran|Heatran, M|100/100
|-damage|p2a: Heatran|88/100|[from] Stealth Rock
|-item|p2a: Heatran|Air Balloon
|turn|15
|
|t:|1660091765
|switch|p1a: Mandibuzz|Mandibuzz, F|100/100
|move|p2a: Heatran|Eruption|p1a: Mandibuzz
|-damage|p1a: Mandibuzz|44/100
|
|upkeep
|turn|16
|
|t:|1660091776
|move|p2a: Heatran|Eruption|p1a: Mandibuzz
|-crit|p1a: Mandibuzz
|-damage|p1a: Mandibuzz|0 fnt
|faint|p1a: Mandibuzz
|
|upkeep
|
|t:|1660091778
|switch|p1a: Swampert|Swampert, F|100/100
|-damage|p1a: Swampert|94/100|[from] Stealth Rock
|turn|17
|
|t:|1660091787
|switch|p2a: Slowbro|Slowbro, M|96/100 tox
|-damage|p2a: Slowbro|84/100 tox|[from] Stealth Rock
|move|p1a: Swampert|Flip Turn|p2a: Slowbro
|-resisted|p2a: Slowbro
|-damage|p2a: Slowbro|78/100 tox
|-damage|p1a: Swampert|78/100|[from] item: Rocky Helmet|[of] p2a: Slowbro
|
|t:|1660091808
|switch|p1a: Magnezone|Magnezone|94/100|[from]move: Flip Turn
|-damage|p1a: Magnezone|88/100|[from] Stealth Rock
|
|-damage|p2a: Slowbro|72/100 tox|[from] psn
|upkeep
|turn|18
|
|t:|1660091825
|move|p1a: Magnezone|Volt Switch|p2a: Slowbro
|-supereffective|p2a: Slowbro
|-damage|p2a: Slowbro|0 fnt
|faint|p2a: Slowbro
|
|t:|1660091828
|switch|p1a: Duraludon|Duraludon, M|23/100|[from]move: Volt Switch
|-damage|p1a: Duraludon|17/100|[from] Stealth Rock
|
|upkeep
|
|t:|1660091839
|switch|p2a: Regieleki|Regieleki, shiny|100/100
|-damage|p2a: Regieleki|88/100|[from] Stealth Rock
|turn|19
|
|t:|1660091848
|switch|p2a: Buzzwole|Buzzwole, shiny|100/100
|switch|p1a: Swampert|Swampert, F|78/100
|-damage|p1a: Swampert|72/100|[from] Stealth Rock
|
|-heal|p1a: Swampert|78/100|[from] item: Leftovers
|upkeep
|turn|20
|
|t:|1660091860
|switch|p1a: Buzzwole|Buzzwole|83/100
|-damage|p1a: Buzzwole|71/100|[from] Stealth Rock
|move|p2a: Buzzwole|Close Combat|p1a: Buzzwole
|-resisted|p1a: Buzzwole
|-damage|p1a: Buzzwole|49/100
|-unboost|p2a: Buzzwole|def|1
|-unboost|p2a: Buzzwole|spd|1
|-damage|p2a: Buzzwole|84/100|[from] item: Rocky Helmet|[of] p1a: Buzzwole
|
|upkeep
|turn|21
|
|t:|1660091867
|switch|p2a: Regieleki|Regieleki, shiny|88/100
|-damage|p2a: Regieleki|76/100|[from] Stealth Rock
|move|p1a: Buzzwole|Roost|p1a: Buzzwole
|-heal|p1a: Buzzwole|99/100
|-singleturn|p1a: Buzzwole|move: Roost
|
|upkeep
|turn|22
|
|t:|1660091879
|switch|p2a: Buzzwole|Buzzwole, shiny|84/100
|move|p1a: Buzzwole|Close Combat|p2a: Buzzwole
|-resisted|p2a: Buzzwole
|-damage|p2a: Buzzwole|64/100
|-unboost|p1a: Buzzwole|def|1
|-unboost|p1a: Buzzwole|spd|1
|
|upkeep
|turn|23
|
|t:|1660091887
|move|p1a: Buzzwole|Poison Jab|p2a: Buzzwole
|-damage|p2a: Buzzwole|47/100
|move|p2a: Buzzwole|Earthquake|p1a: Buzzwole
|-resisted|p1a: Buzzwole
|-damage|p1a: Buzzwole|80/100
|
|upkeep
|turn|24
|
|t:|1660091891
|move|p1a: Buzzwole|Poison Jab|p2a: Buzzwole
|-damage|p2a: Buzzwole|29/100
|move|p2a: Buzzwole|Roost|p2a: Buzzwole
|-heal|p2a: Buzzwole|79/100
|-singleturn|p2a: Buzzwole|move: Roost
|
|upkeep
|turn|25
|
|t:|1660091895
|switch|p2a: Heatran|Heatran, M|88/100
|-damage|p2a: Heatran|76/100|[from] Stealth Rock
|-item|p2a: Heatran|Air Balloon
|move|p1a: Buzzwole|Close Combat|p2a: Heatran
|-supereffective|p2a: Heatran
|-damage|p2a: Heatran|0 fnt
|-unboost|p1a: Buzzwole|def|1
|-unboost|p1a: Buzzwole|spd|1
|-enditem|p2a: Heatran|Air Balloon
|faint|p2a: Heatran
|-ability|p1a: Buzzwole|Beast Boost|boost
|-boost|p1a: Buzzwole|atk|1
|
|upkeep
|-message|firepowah forfeited.
|
|win|VirginJimmy99
|raw|VirginJimmy99's rating: 1667 &rarr; <strong>1684</strong><br />(+17 for winning)
|raw|firepowah's rating: 1610 &rarr; <strong>1593</strong><br />(-17 for losing)
|l|☆firepowah
||Ladder isn't responding, score probably updated but might not have (Request timeout).
