|j|☆yung_iznamakin
|j|☆Fox nico nii
|t:|1648606478
|gametype|singles
|player|p1|yung_iznamakin|brendan-gen3|1542
|player|p2|Fox nico nii|elesa|1477
|teamsize|p1|6
|teamsize|p2|6
|gen|8
|tier|[Gen 8] OU
|rated|
|rule|Sleep Clause Mod: Limit one foe put to sleep
|rule|Species Clause: Limit one of each Pokémon
|rule|OHKO Clause: OHKO moves are banned
|rule|Evasion Moves Clause: Evasion moves are banned
|rule|Endless Battle Clause: Forcing endless battles is banned
|rule|HP Percentage Mod: HP is shown in percentages
|rule|Dynamax Clause: You cannot dynamax
|clearpoke
|poke|p1|Weavile, F|
|poke|p1|Dragapult, M|
|poke|p1|Corviknight, F|
|poke|p1|Heatran, M|
|poke|p1|Toxapex, M|
|poke|p1|Garchomp, F|
|poke|p2|Tapu Fini|
|poke|p2|Blissey, F|
|poke|p2|Tornadus-Therian, M|
|poke|p2|Scizor, M|
|poke|p2|Dragapult, M|
|poke|p2|Mamoswine, F|
|teampreview
|inactive|Battle timer is ON: inactive players will automatically lose when time's up. (requested by yung_iznamakin)
|inactive|Fox nico nii has 120 seconds left.
|
|t:|1648606545
|start
|switch|p1a: Corviknight|Corviknight, F|100/100
|switch|p2a: Scizor|Scizor, M|100/100
|-ability|p1a: Corviknight|Pressure
|turn|1
|
|t:|1648606560
|move|p2a: Scizor|Sand Tomb|p1a: Corviknight
|-immune|p1a: Corviknight
|move|p1a: Corviknight|Body Press|p2a: Scizor
|-damage|p2a: Scizor|68/100
|
|upkeep
|turn|2
|
|t:|1648606569
|switch|p2a: Dragapult|Dragapult, M|100/100
|move|p1a: Corviknight|U-turn|p2a: Dragapult
|-resisted|p2a: Dragapult
|-damage|p2a: Dragapult|91/100
|
|t:|1648606575
|switch|p1a: Dragapult|Dragapult, M|100/100|[from]move: U-turn
|
|upkeep
|turn|3
|
|t:|1648606579
|move|p2a: Dragapult|Shadow Ball|p1a: Dragapult
|-supereffective|p1a: Dragapult
|-damage|p1a: Dragapult|0 fnt
|faint|p1a: Dragapult
|
|upkeep
|
|t:|1648606584
|switch|p1a: Weavile|Weavile, F|100/100
|-ability|p1a: Weavile|Pressure
|turn|4
|
|t:|1648606588
|switch|p2a: Tapu Fini|Tapu Fini|100/100
|-fieldstart|move: Misty Terrain|[from] ability: Misty Surge|[of] p2a: Tapu Fini
|move|p1a: Weavile|Knock Off|p2a: Tapu Fini
|-resisted|p2a: Tapu Fini
|-damage|p2a: Tapu Fini|79/100
|-enditem|p2a: Tapu Fini|Leftovers|[from] move: Knock Off|[of] p1a: Weavile
|-damage|p1a: Weavile|91/100|[from] item: Life Orb
|
|upkeep
|turn|5
|
|t:|1648606597
|switch|p1a: Toxapex|Toxapex, M|100/100
|move|p2a: Tapu Fini|Whirlpool|p1a: Toxapex
|-resisted|p1a: Toxapex
|-damage|p1a: Toxapex|96/100
|-activate|p1a: Toxapex|move: Whirlpool|[of] p2a: Tapu Fini
|-enditem|p1a: Toxapex|Eject Button
|
|t:|1648606604
|switch|p1a: Heatran|Heatran, M|100/100
|
|upkeep
|turn|6
|
|t:|1648606607
|switch|p2a: Blissey|Blissey, F|100/100
|move|p1a: Heatran|Magma Storm|p2a: Blissey
|-damage|p2a: Blissey|84/100
|-activate|p2a: Blissey|move: Magma Storm|[of] p1a: Heatran
|
|-damage|p2a: Blissey|72/100|[from] move: Magma Storm|[partiallytrapped]
|upkeep
|turn|7
|
|t:|1648606614
|move|p1a: Heatran|Taunt|p2a: Blissey
|-start|p2a: Blissey|move: Taunt
|cant|p2a: Blissey|move: Taunt|Teleport
|
|-damage|p2a: Blissey|59/100|[from] move: Magma Storm|[partiallytrapped]
|upkeep
|turn|8
|
|t:|1648606619
|move|p1a: Heatran|Stealth Rock|p2a: Blissey
|-sidestart|p2: Fox nico nii|move: Stealth Rock
|move|p2a: Blissey|Seismic Toss|p1a: Heatran
|-damage|p1a: Heatran|75/100
|
|-heal|p1a: Heatran|81/100|[from] item: Leftovers
|-damage|p2a: Blissey|47/100|[from] move: Magma Storm|[partiallytrapped]
|-fieldend|Misty Terrain
|upkeep
|turn|9
|
|t:|1648606626
|move|p1a: Heatran|Earth Power|p2a: Blissey
|-damage|p2a: Blissey|38/100
|move|p2a: Blissey|Seismic Toss|p1a: Heatran
|-damage|p1a: Heatran|55/100
|
|-heal|p1a: Heatran|61/100|[from] item: Leftovers
|-damage|p2a: Blissey|25/100|[from] move: Magma Storm|[partiallytrapped]
|-end|p2a: Blissey|move: Taunt
|upkeep
|turn|10
|
|t:|1648606635
|move|p1a: Heatran|Taunt|p2a: Blissey
|-start|p2a: Blissey|move: Taunt
|move|p2a: Blissey|Seismic Toss|p1a: Heatran
|-damage|p1a: Heatran|35/100
|
|-heal|p1a: Heatran|41/100|[from] item: Leftovers
|-end|p2a: Blissey|Magma Storm|[partiallytrapped]
|upkeep
|turn|11
|
|t:|1648606642
|switch|p2a: Tapu Fini|Tapu Fini|79/100
|-damage|p2a: Tapu Fini|66/100|[from] Stealth Rock
|-fieldstart|move: Misty Terrain|[from] ability: Misty Surge|[of] p2a: Tapu Fini
|move|p1a: Heatran|Magma Storm|p2a: Tapu Fini|[miss]
|-miss|p1a: Heatran|p2a: Tapu Fini
|
|-heal|p1a: Heatran|48/100|[from] item: Leftovers
|upkeep
|turn|12
|
|t:|1648606651
|move|p2a: Tapu Fini|Whirlpool|p1a: Heatran
|-supereffective|p1a: Heatran
|-damage|p1a: Heatran|32/100
|-activate|p1a: Heatran|move: Whirlpool|[of] p2a: Tapu Fini
|move|p1a: Heatran|Magma Storm|p2a: Tapu Fini|[miss]
|-miss|p1a: Heatran|p2a: Tapu Fini
|
|-heal|p1a: Heatran|38/100|[from] item: Leftovers
|-damage|p1a: Heatran|26/100|[from] move: Whirlpool|[partiallytrapped]
|upkeep
|turn|13
|
|t:|1648606660
|move|p2a: Tapu Fini|Whirlpool|p1a: Heatran
|-supereffective|p1a: Heatran
|-damage|p1a: Heatran|11/100
|move|p1a: Heatran|Magma Storm|p2a: Tapu Fini|[miss]
|-miss|p1a: Heatran|p2a: Tapu Fini
|
|-heal|p1a: Heatran|18/100|[from] item: Leftovers
|-damage|p1a: Heatran|5/100|[from] move: Whirlpool|[partiallytrapped]
|upkeep
|turn|14
|
|t:|1648606668
|move|p2a: Tapu Fini|Moonblast|p1a: Heatran
|-resisted|p1a: Heatran
|-damage|p1a: Heatran|0 fnt
|faint|p1a: Heatran
|
|upkeep
|
|t:|1648606672
|switch|p1a: Weavile|Weavile, F|91/100
|-ability|p1a: Weavile|Pressure
|turn|15
|
|t:|1648606676
|move|p1a: Weavile|Triple Axel|p2a: Tapu Fini
|-resisted|p2a: Tapu Fini
|-damage|p2a: Tapu Fini|62/100
|-resisted|p2a: Tapu Fini
|-damage|p2a: Tapu Fini|53/100
|-hitcount|p2a: Tapu Fini|2
|-damage|p1a: Weavile|81/100|[from] item: Life Orb
|move|p2a: Tapu Fini|Moonblast|p1a: Weavile
|-supereffective|p1a: Weavile
|-damage|p1a: Weavile|0 fnt
|faint|p1a: Weavile
|
|-fieldend|Misty Terrain
|upkeep
|-message|yung_iznamakin forfeited.
|
|win|Fox nico nii
|raw|yung_iznamakin's rating: 1542 &rarr; <strong>1518</strong><br />(-24 for losing)
|raw|Fox nico nii's rating: 1477 &rarr; <strong>1501</strong><br />(+24 for winning)
|l|☆yung_iznamakin
||Ladder isn't responding, score probably updated but might not have (Request timeout).
