|raw|<div class="broadcast-blue"><strong>This battle is required to be public due to a player having a name starting with 'lt81yl'.</div>
|j|☆BestixL
|j|☆LT81YL BT
|t:|1625504642
|gametype|singles
|player|p1|BestixL|262|2039
|player|p2|LT81YL BT|265|1903
|teamsize|p1|6
|teamsize|p2|6
|gen|8
|tier|[Gen 8] OU
|rated|
|rule|Sleep Clause Mod: Limit one foe put to sleep
|rule|Species Clause: Limit one of each Pokémon
|rule|OHKO Clause: OHKO moves are banned
|rule|Evasion Moves Clause: Evasion moves are banned
|rule|Endless Battle Clause: Forcing endless battles is banned
|rule|HP Percentage Mod: HP is shown in percentages
|rule|Dynamax Clause: You cannot dynamax
|clearpoke
|poke|p1|Clefable, F|
|poke|p1|Slowking, M|
|poke|p1|Heatran, M|
|poke|p1|Zeraora|
|poke|p1|Rillaboom, M|
|poke|p1|Corviknight, M|
|poke|p2|Urshifu-*, F|
|poke|p2|Landorus-Therian, M|
|poke|p2|Slowking-Galar, F|
|poke|p2|Tornadus-Therian, M|
|poke|p2|Buzzwole|
|poke|p2|Ferrothorn, F|
|teampreview
|j| hailarctozolt
|j| Aurella
|j| yacht
|j|+Pohjis
|j| LT81YL John
|inactive|Battle timer is ON: inactive players will automatically lose when time's up. (requested by BestixL)
|j|+talah☭
|j|+lax
|j| LT81YL Elou2000
|j| reigen shishou
|c|☆LT81YL BT|im stealing ur points
|j| regnite ◕‿◕
|j| IPF
|c|☆BestixL|ok bro
|j|+Eo
|j| eebsofresh
|c|+Pohjis|add another 20 points to the 60 points
|
|t:|1625504673
|start
|switch|p1a: Itsuki|Clefable, F|100/100
|switch|p2a: Slowking|Slowking-Galar, F|100/100
|turn|1
|j| Serene Grace
|c|+Pohjis|u just lost
|j| Bleach
|c|+Pohjis|lead goat
|c|☆BestixL|yea
|j|+Pissog
|
|t:|1625504692
|switch|p1a: just friends|Slowking, M|100/100
|move|p2a: Slowking|Sludge Bomb|p1a: just friends
|-damage|p1a: just friends|76/100
|
|upkeep
|turn|2
|c|+Pohjis|not u
|l| LT81YL Elou2000
|c|+Pohjis|BT
|j|+suapah
|j| Joya
|c|☆BestixL|ik
|j| aeeaeeeaaa
|j| Kobato Hanato
|c|+Pohjis|C:
|j| pu mainer lol
|
|t:|1625504705
|move|p2a: Slowking|Sludge Bomb|p1a: just friends
|-damage|p1a: just friends|51/100
|move|p1a: just friends|Future Sight|p2a: Slowking
|-start|p1a: just friends|move: Future Sight
|
|upkeep
|turn|3
|j| Xizaaa
|c|☆LT81YL BT|poison
|
|t:|1625504712
|switch|p1a: 2 soon|Corviknight, M|100/100
|-ability|p1a: 2 soon|Pressure
|move|p2a: Slowking|Future Sight|p1a: 2 soon
|-start|p2a: Slowking|move: Future Sight
|
|upkeep
|turn|4
|c|☆LT81YL BT|burn
|
|t:|1625504721
|move|p1a: 2 soon|U-turn|p2a: Slowking
|-damage|p2a: Slowking|87/100
|
|t:|1625504723
|switch|p1a: the reaper|Heatran, M|100/100|[from]move: U-turn
|move|p2a: Slowking|Ice Beam|p1a: the reaper
|-resisted|p1a: the reaper
|-damage|p1a: the reaper|97/100
|-status|p1a: the reaper|frz
|
|-end|p2a: Slowking|move: Future Sight
|-damage|p2a: Slowking|66/100
|-heal|p1a: the reaper|100/100 frz|[from] item: Leftovers
|upkeep
|turn|5
|l| hailarctozolt
|c|☆BestixL|or freeze
|c|☆LT81YL BT|bless
|c| IPF|oh?
|j| nlttm12
|j| Sasuuna
|j| ciri
|
|t:|1625504746
|switch|p1a: Itsuki|Clefable, F|100/100
|move|p2a: Slowking|Earthquake|p1a: Itsuki
|-damage|p1a: Itsuki|88/100
|
|-end|p1a: Itsuki|move: Future Sight
|-crit|p1a: Itsuki
|-damage|p1a: Itsuki|16/100
|-heal|p1a: Itsuki|23/100|[from] item: Leftovers
|upkeep
|turn|6
|j| mionda sandaconda
|j| Allen-xia
|
|t:|1625504761
|switch|p1a: 2 soon|Corviknight, M|100/100
|-ability|p1a: 2 soon|Pressure
|move|p2a: Slowking|Sludge Bomb|p1a: 2 soon
|-immune|p1a: 2 soon
|
|upkeep
|turn|7
|l| ciri
|
|t:|1625504766
|move|p1a: 2 soon|Brave Bird|p2a: Slowking
|-damage|p2a: Slowking|33/100
|-damage|p1a: 2 soon|90/100|[from] Recoil
|move|p2a: Slowking|Earthquake|p1a: 2 soon
|-immune|p1a: 2 soon
|
|-heal|p1a: 2 soon|96/100|[from] item: Leftovers
|upkeep
|turn|8
|
|t:|1625504774
|switch|p2a: Buzzwole|Buzzwole|100/100
|move|p1a: 2 soon|U-turn|p2a: Buzzwole
|-resisted|p2a: Buzzwole
|-damage|p2a: Buzzwole|95/100
|-damage|p1a: 2 soon|79/100|[from] item: Rocky Helmet|[of] p2a: Buzzwole
|c|☆BestixL|wp
|
|t:|1625504779
|switch|p1a: Itsuki|Clefable, F|23/100|[from]move: U-turn
|
|-heal|p1a: Itsuki|29/100|[from] item: Leftovers
|upkeep
|turn|9
|j| kleop
|n| tolstoy|lax
|j| Don Colombus
|c|☆LT81YL BT|lag
|c|☆LT81YL BT|test
|c|☆LT81YL BT|ok
|
|t:|1625504797
|switch|p2a: Ferrothorn|Ferrothorn, F|100/100
|switch|p1a: 2 soon|Corviknight, M|79/100
|-ability|p1a: 2 soon|Pressure
|
|-heal|p1a: 2 soon|85/100|[from] item: Leftovers
|upkeep
|turn|10
|j| LT81YL JHONX
|j| StandingMicrophone
|
|t:|1625504821
|move|p1a: 2 soon|U-turn|p2a: Ferrothorn
|-damage|p2a: Ferrothorn|89/100
|-damage|p1a: 2 soon|73/100|[from] ability: Iron Barbs|[of] p2a: Ferrothorn
|
|t:|1625504823
|switch|p1a: Itsuki|Clefable, F|29/100|[from]move: U-turn
|move|p2a: Ferrothorn|Stealth Rock|p1a: Itsuki
|-sidestart|p1: BestixL|move: Stealth Rock
|
|-heal|p1a: Itsuki|35/100|[from] item: Leftovers
|-heal|p2a: Ferrothorn|95/100|[from] item: Leftovers
|upkeep
|turn|11
|
|t:|1625504828
|move|p1a: Itsuki|Soft-Boiled|p1a: Itsuki
|-heal|p1a: Itsuki|85/100
|move|p2a: Ferrothorn|Thunder Wave|p1a: Itsuki|[miss]
|-miss|p2a: Ferrothorn|p1a: Itsuki
|
|-heal|p1a: Itsuki|91/100|[from] item: Leftovers
|-heal|p2a: Ferrothorn|100/100|[from] item: Leftovers
|upkeep
|turn|12
|j| penmag
|
|t:|1625504833
|move|p1a: Itsuki|Knock Off|p2a: Ferrothorn
|-damage|p2a: Ferrothorn|90/100
|-activate|p2a: Ferrothorn|ability: Iron Barbs
|-enditem|p2a: Ferrothorn|Leftovers|[from] move: Knock Off|[of] p1a: Itsuki
|move|p2a: Ferrothorn|Knock Off|p1a: Itsuki
|-resisted|p1a: Itsuki
|-damage|p1a: Itsuki|83/100
|-enditem|p1a: Itsuki|Leftovers|[from] move: Knock Off|[of] p2a: Ferrothorn
|
|upkeep
|turn|13
|l| Sasuuna
|j| b1arhghlfargh1
|
|t:|1625504837
|move|p1a: Itsuki|Stealth Rock|p2a: Ferrothorn
|-sidestart|p2: LT81YL BT|move: Stealth Rock
|move|p2a: Ferrothorn|Thunder Wave|p1a: Itsuki
|-status|p1a: Itsuki|par
|
|upkeep
|turn|14
|j|+airfare
|j| Plasmeek
|
|t:|1625504843
|move|p1a: Itsuki|Soft-Boiled|p1a: Itsuki
|-heal|p1a: Itsuki|100/100 par
|move|p2a: Ferrothorn|Knock Off|p1a: Itsuki
|-resisted|p1a: Itsuki
|-damage|p1a: Itsuki|95/100 par
|
|upkeep
|turn|15
|l|+airfare
|
|t:|1625504848
|switch|p2a: Slowking|Slowking-Galar, F|67/100
|-damage|p2a: Slowking|54/100|[from] Stealth Rock
|move|p1a: Itsuki|Moonblast|p2a: Slowking
|-resisted|p2a: Slowking
|-damage|p2a: Slowking|47/100
|
|upkeep
|turn|16
|l| b1arhghlfargh1
|j| OU make me yawn
|
|t:|1625504865
|move|p2a: Slowking|Future Sight|p1a: Itsuki
|-start|p2a: Slowking|move: Future Sight
|move|p1a: Itsuki|Moonblast|p2a: Slowking
|-resisted|p2a: Slowking
|-damage|p2a: Slowking|40/100
|
|upkeep
|turn|17
|
|t:|1625504872
|switch|p1a: 2 soon|Corviknight, M|73/100
|-damage|p1a: 2 soon|61/100|[from] Stealth Rock
|-ability|p1a: 2 soon|Pressure
|move|p2a: Slowking|Sludge Bomb|p1a: 2 soon
|-immune|p1a: 2 soon
|
|-heal|p1a: 2 soon|67/100|[from] item: Leftovers
|upkeep
|turn|18
|
|t:|1625504879
|switch|p2a: Tornadus|Tornadus-Therian, M, shiny|100/100
|move|p1a: 2 soon|Roost|p1a: 2 soon
|-heal|p1a: 2 soon|100/100
|-singleturn|p1a: 2 soon|move: Roost
|
|-end|p1a: 2 soon|move: Future Sight
|-resisted|p1a: 2 soon
|-damage|p1a: 2 soon|77/100
|-heal|p1a: 2 soon|83/100|[from] item: Leftovers
|upkeep
|turn|19
|
|t:|1625504891
|switch|p1a: Itsuki|Clefable, F|95/100 par
|move|p2a: Tornadus|Knock Off|p1a: Itsuki
|-resisted|p1a: Itsuki
|-damage|p1a: Itsuki|90/100 par
|
|upkeep
|turn|20
|
|t:|1625504896
|move|p2a: Tornadus|U-turn|p1a: Itsuki
|-resisted|p1a: Itsuki
|-damage|p1a: Itsuki|84/100 par
|
|t:|1625504904
|switch|p2a: Ferrothorn|Ferrothorn, F|90/100|[from]move: U-turn
|-damage|p2a: Ferrothorn|84/100|[from] Stealth Rock
|move|p1a: Itsuki|Knock Off|p2a: Ferrothorn
|-damage|p2a: Ferrothorn|77/100
|-activate|p2a: Ferrothorn|ability: Iron Barbs
|
|upkeep
|turn|21
|
|t:|1625504921
|switch|p2a: Slowking|Slowking-Galar, F|74/100
|-damage|p2a: Slowking|61/100|[from] Stealth Rock
|move|p1a: Itsuki|Knock Off|p2a: Slowking
|-supereffective|p2a: Slowking
|-damage|p2a: Slowking|34/100
|-enditem|p2a: Slowking|Assault Vest|[from] move: Knock Off|[of] p1a: Itsuki
|
|upkeep
|turn|22
|
|t:|1625504932
|switch|p1a: just friends|Slowking, M|84/100
|move|p2a: Slowking|Future Sight|p1a: just friends
|-start|p2a: Slowking|move: Future Sight
|
|upkeep
|turn|23
|
|t:|1625504943
|switch|p2a: Tornadus|Tornadus-Therian, M, shiny|100/100
|move|p1a: just friends|Future Sight|p2a: Tornadus
|-start|p1a: just friends|move: Future Sight
|
|upkeep
|turn|24
|
|t:|1625504954
|move|p2a: Tornadus|Knock Off|p1a: just friends
|-supereffective|p1a: just friends
|-damage|p1a: just friends|45/100
|-enditem|p1a: just friends|Heavy-Duty Boots|[from] move: Knock Off|[of] p2a: Tornadus
|move|p1a: just friends|Teleport|p1a: just friends
|
|t:|1625504957
|switch|p1a: the reaper|Heatran, M|100/100 frz|[from]move: Teleport
|-damage|p1a: the reaper|88/100 frz|[from] Stealth Rock
|
|-end|p1a: the reaper|move: Future Sight
|-resisted|p1a: the reaper
|-damage|p1a: the reaper|72/100 frz
|-heal|p1a: the reaper|79/100 frz|[from] item: Leftovers
|upkeep
|turn|25
|
|t:|1625504963
|move|p2a: Tornadus|Knock Off|p1a: the reaper
|-damage|p1a: the reaper|62/100 frz
|-enditem|p1a: the reaper|Leftovers|[from] move: Knock Off|[of] p2a: Tornadus
|cant|p1a: the reaper|frz
|
|-end|p2a: Tornadus|move: Future Sight
|-damage|p2a: Tornadus|63/100
|upkeep
|turn|26
|
|t:|1625504985
|move|p2a: Tornadus|U-turn|p1a: the reaper
|-resisted|p1a: the reaper
|-damage|p1a: the reaper|59/100 frz
|
|t:|1625504988
|switch|p2a: Urshifu|Urshifu-Rapid-Strike, F|100/100|[from]move: U-turn
|-damage|p2a: Urshifu|94/100|[from] Stealth Rock
|cant|p1a: the reaper|frz
|
|upkeep
|turn|27
|l|+Pissog
|inactive|BestixL has 120 seconds left.
|
|t:|1625505024
|switch|p1a: just friends|Slowking, M|78/100
|-damage|p1a: just friends|66/100|[from] Stealth Rock
|move|p2a: Urshifu|Surging Strikes|p1a: just friends
|-resisted|p1a: just friends
|-crit|p1a: just friends
|-damage|p1a: just friends|53/100
|-resisted|p1a: just friends
|-crit|p1a: just friends
|-damage|p1a: just friends|40/100
|-resisted|p1a: just friends
|-crit|p1a: just friends
|-damage|p1a: just friends|27/100
|-hitcount|p1a: just friends|3
|
|upkeep
|turn|28
|l| OU make me yawn
|
|t:|1625505034
|switch|p1a: the reaper|Heatran, M|59/100 frz
|-damage|p1a: the reaper|47/100 frz|[from] Stealth Rock
|move|p2a: Urshifu|Surging Strikes|p1a: the reaper
|-supereffective|p1a: the reaper
|-crit|p1a: the reaper
|-damage|p1a: the reaper|0 fnt
|faint|p1a: the reaper
|-hitcount|p1: the reaper|1
|
|upkeep
|
|t:|1625505041
|switch|p1a: no space|Rillaboom, M|100/100
|-damage|p1a: no space|88/100|[from] Stealth Rock
|-fieldstart|move: Grassy Terrain|[from] ability: Grassy Surge|[of] p1a: no space
|turn|29
|
|t:|1625505045
|move|p2a: Urshifu|Surging Strikes|p1a: no space
|-resisted|p1a: no space
|-crit|p1a: no space
|-damage|p1a: no space|71/100
|-resisted|p1a: no space
|-crit|p1a: no space
|-damage|p1a: no space|55/100
|-resisted|p1a: no space
|-crit|p1a: no space
|-damage|p1a: no space|40/100
|-hitcount|p1a: no space|3
|move|p1a: no space|U-turn|p2a: Urshifu
|-resisted|p2a: Urshifu
|-damage|p2a: Urshifu|74/100
|
|t:|1625505049
|switch|p1a: just friends|Slowking, M|61/100|[from]move: U-turn
|-damage|p1a: just friends|48/100|[from] Stealth Rock
|
|-heal|p2a: Urshifu|81/100|[from] Grassy Terrain
|-heal|p1a: just friends|54/100|[from] Grassy Terrain
|upkeep
|turn|30
|
|t:|1625505065
|switch|p2a: Landorus|Landorus-Therian, M|100/100
|-damage|p2a: Landorus|88/100|[from] Stealth Rock
|-ability|p2a: Landorus|Intimidate|boost
|-unboost|p1a: just friends|atk|1
|move|p1a: just friends|Slack Off|p1a: just friends
|-heal|p1a: just friends|100/100
|
|upkeep
|turn|31
|
|t:|1625505074
|move|p2a: Landorus|Knock Off|p1a: just friends
|-supereffective|p1a: just friends
|-damage|p1a: just friends|35/100
|move|p1a: just friends|Scald|p2a: Landorus
|-supereffective|p2a: Landorus
|-damage|p2a: Landorus|17/100
|-status|p2a: Landorus|brn
|
|-heal|p1a: just friends|41/100|[from] Grassy Terrain
|-damage|p2a: Landorus|11/100 brn|[from] brn
|upkeep
|turn|32
|c|☆LT81YL BT|i knocked this i forgot
|l| StandingMicrophone
|
|t:|1625505090
|switch|p2a: Urshifu|Urshifu-Rapid-Strike, F|81/100
|-damage|p2a: Urshifu|74/100|[from] Stealth Rock
|move|p1a: just friends|Slack Off|p1a: just friends
|-heal|p1a: just friends|91/100
|
|-heal|p2a: Urshifu|81/100|[from] Grassy Terrain
|-heal|p1a: just friends|97/100|[from] Grassy Terrain
|upkeep
|turn|33
|
|t:|1625505098
|move|p2a: Urshifu|U-turn|p1a: just friends
|-supereffective|p1a: just friends
|-damage|p1a: just friends|34/100
|
|t:|1625505104
|switch|p2a: Tornadus|Tornadus-Therian, M, shiny|96/100|[from]move: U-turn
|move|p1a: just friends|Slack Off|p1a: just friends
|-heal|p1a: just friends|84/100
|
|-heal|p1a: just friends|90/100|[from] Grassy Terrain
|-fieldend|move: Grassy Terrain
|upkeep
|turn|34
|j| Okayu supremacy
|
|t:|1625505110
|move|p2a: Tornadus|U-turn|p1a: just friends
|-supereffective|p1a: just friends
|-damage|p1a: just friends|65/100
|
|t:|1625505113
|switch|p2a: Ferrothorn|Ferrothorn, F|77/100|[from]move: U-turn
|-damage|p2a: Ferrothorn|71/100|[from] Stealth Rock
|move|p1a: just friends|Future Sight|p2a: Ferrothorn
|-start|p1a: just friends|move: Future Sight
|
|upkeep
|turn|35
|
|t:|1625505135
|switch|p1a: Yotsuba no chikara|Zeraora|100/100
|-damage|p1a: Yotsuba no chikara|88/100|[from] Stealth Rock
|move|p2a: Ferrothorn|Knock Off|p1a: Yotsuba no chikara
|-damage|p1a: Yotsuba no chikara|59/100
|-enditem|p1a: Yotsuba no chikara|Leftovers|[from] move: Knock Off|[of] p2a: Ferrothorn
|
|upkeep
|turn|36
|
|t:|1625505146
|switch|p2a: Buzzwole|Buzzwole|95/100
|-damage|p2a: Buzzwole|83/100|[from] Stealth Rock
|move|p1a: Yotsuba no chikara|Close Combat|p2a: Buzzwole
|-resisted|p2a: Buzzwole
|-damage|p2a: Buzzwole|70/100
|-unboost|p1a: Yotsuba no chikara|def|1
|-unboost|p1a: Yotsuba no chikara|spd|1
|-damage|p1a: Yotsuba no chikara|42/100|[from] item: Rocky Helmet|[of] p2a: Buzzwole
|
|-end|p2a: Buzzwole|move: Future Sight
|-supereffective|p2a: Buzzwole
|-damage|p2a: Buzzwole|0 fnt
|faint|p2a: Buzzwole
|upkeep
|c|☆LT81YL BT|I
|c|☆LT81YL BT|FORGOT
|c|☆LT81YL BT|AGAIN
|
|t:|1625505170
|switch|p2a: Urshifu|Urshifu-Rapid-Strike, F|81/100
|-damage|p2a: Urshifu|74/100|[from] Stealth Rock
|turn|37
|l| Okayu supremacy
|inactive|LT81YL BT has 120 seconds left.
|inactive|BestixL has 120 seconds left.
|j| Bbeeaa
|c|☆BestixL|are u real bro?
|c|☆LT81YL BT|im real
|c|☆LT81YL BT|u real?
|c|☆BestixL|yea
|inactive|LT81YL BT has 90 seconds left.
|c| Bbeeaa|Cha besti
|inactive|BestixL has 90 seconds left.
|c| penmag|Im real too if anyone wants to know
|c| Bbeeaa|Deja de snipear al mongo de Bush
|
|t:|1625505250
|move|p1a: Yotsuba no chikara|Plasma Fists|p2a: Urshifu
|-supereffective|p2a: Urshifu
|-damage|p2a: Urshifu|0 fnt
|faint|p2a: Urshifu
|
|upkeep
|c| Bbeeaa|Te bloquea como a ewin luego
|c|☆LT81YL BT|fuck
|
|t:|1625505256
|switch|p2a: Ferrothorn|Ferrothorn, F|71/100
|-damage|p2a: Ferrothorn|65/100|[from] Stealth Rock
|turn|38
|inactive|BestixL has 90 seconds left.
|j| Capchat
|
|t:|1625505265
|switch|p1a: Itsuki|Clefable, F|84/100 par
|move|p2a: Ferrothorn|Knock Off|p1a: Itsuki
|-resisted|p1a: Itsuki
|-damage|p1a: Itsuki|79/100 par
|
|upkeep
|turn|39
|
|t:|1625505271
|switch|p2a: Slowking|Slowking-Galar, F|68/100
|-damage|p2a: Slowking|55/100|[from] Stealth Rock
|cant|p1a: Itsuki|par
|
|upkeep
|turn|40
|
|t:|1625505277
|switch|p1a: 2 soon|Corviknight, M|83/100
|-damage|p1a: 2 soon|70/100|[from] Stealth Rock
|-ability|p1a: 2 soon|Pressure
|move|p2a: Slowking|Future Sight|p1a: 2 soon
|-start|p2a: Slowking|move: Future Sight
|
|-heal|p1a: 2 soon|76/100|[from] item: Leftovers
|upkeep
|turn|41
|
|t:|1625505284
|move|p1a: 2 soon|Roost|p1a: 2 soon
|-heal|p1a: 2 soon|100/100
|-singleturn|p1a: 2 soon|move: Roost
|move|p2a: Slowking|Ice Beam|p1a: 2 soon
|-resisted|p1a: 2 soon
|-damage|p1a: 2 soon|89/100
|-status|p1a: 2 soon|frz
|
|-heal|p1a: 2 soon|95/100 frz|[from] item: Leftovers
|upkeep
|turn|42
|j| pliang888
|
|t:|1625505294
|-curestatus|p1a: 2 soon|frz|[msg]
|move|p1a: 2 soon|Brave Bird|p2a: Slowking
|-damage|p2a: Slowking|22/100
|-damage|p1a: 2 soon|84/100|[from] Recoil
|move|p2a: Slowking|Ice Beam|p1a: 2 soon
|-damage|p1a: 2 soon|62/100
|
|-end|p1a: 2 soon|move: Future Sight
|-resisted|p1a: 2 soon
|-damage|p1a: 2 soon|38/100
|-heal|p1a: 2 soon|44/100|[from] item: Leftovers
|upkeep
|turn|43
|
|t:|1625505303
|switch|p2a: Tornadus|Tornadus-Therian, M, shiny|100/100
|move|p1a: 2 soon|Roost|p1a: 2 soon
|-heal|p1a: 2 soon|94/100
|-singleturn|p1a: 2 soon|move: Roost
|
|-heal|p1a: 2 soon|100/100|[from] item: Leftovers
|upkeep
|turn|44
|
|t:|1625505309
|switch|p1a: just friends|Slowking, M|98/100
|-damage|p1a: just friends|86/100|[from] Stealth Rock
|move|p2a: Tornadus|Knock Off|p1a: just friends
|-supereffective|p1a: just friends
|-damage|p1a: just friends|62/100
|
|upkeep
|turn|45
|j| THE PUWUSY
|
|t:|1625505314
|move|p2a: Tornadus|U-turn|p1a: just friends
|-supereffective|p1a: just friends
|-damage|p1a: just friends|37/100
|-message|LT81YL BT forfeited.
|
|win|BestixL
|raw|BestixL's rating: 2039 &rarr; <strong>2051</strong><br />(+12 for winning)
|raw|LT81YL BT's rating: 1902 &rarr; <strong>1890</strong><br />(-12 for losing)
|l|☆LT81YL BT
|l| tolstoy
|l| pliang888
|l| THE PUWUSY
|l| Serene Grace
|j| THE PUWUSY
|l| yacht
|l| THE PUWUSY
|l| penmag
|l|capchat
||Ladder isn't responding, score probably updated but might not have (Request timeout).
|l| Kobato Hanato
|l| Allen-xia
|l| Xizaaa
|l|☆BestixL
|l| aeeaeeeaaa
|l| regnite ◕‿◕
|j|☆BestixL
|player|p1|BestixL|262
|l|+suapah
|l| Don Colombus
|l| mionda sandaconda
|l|☆BestixL
|player|p1|
|l| Joya
|l| Bleach
|l| IPF
|l|+talah☭
|l| kleop
|l| pu mainer lol
