|raw|<div class="broadcast-blue"><strong>This battle is required to be public due to a player having a name starting with 'lt92pf'.</div>
|j|☆Coach Jones 6fifth
|j|☆lt92pf james
|t:|1659970840
|gametype|singles
|player|p1|Coach Jones 6fifth|lusamine-nihilego|1848
|player|p2|lt92pf james|waiter|1871
|teamsize|p1|6
|teamsize|p2|6
|gen|8
|tier|[Gen 8] OU
|rated|
|rule|Sleep Clause Mod: Limit one foe put to sleep
|rule|Species Clause: Limit one of each Pokémon
|rule|OHKO Clause: OHKO moves are banned
|rule|Evasion Items Clause: Evasion items are banned
|rule|Evasion Moves Clause: Evasion moves are banned
|rule|Endless Battle Clause: Forcing endless battles is banned
|rule|HP Percentage Mod: HP is shown in percentages
|rule|Dynamax Clause: You cannot dynamax
|clearpoke
|poke|p1|Weavile, M|
|poke|p1|Magnezone|
|poke|p1|Dragapult, M|
|poke|p1|Landorus-Therian, M|
|poke|p1|Heatran, M|
|poke|p1|Hawlucha, M|
|poke|p2|Magnezone|
|poke|p2|Garchomp, M|
|poke|p2|Tornadus-Therian, M|
|poke|p2|Clefable, M|
|poke|p2|Slowbro, M|
|poke|p2|Melmetal|
|teampreview
|inactive|Battle timer is ON: inactive players will automatically lose when time's up. (requested by lt92pf james)
|j| Livio el Tito
|
|t:|1659970856
|start
|switch|p1a: Landorus|Landorus-Therian, M|100/100
|switch|p2a: Clefable|Clefable, M|100/100
|-ability|p1a: Landorus|Intimidate|boost
|-unboost|p2a: Clefable|atk|1
|turn|1
|j| lllllkkkkk
|
|t:|1659970863
|move|p1a: Landorus|Stealth Rock|p2a: Clefable
|-sidestart|p2: lt92pf james|move: Stealth Rock
|move|p2a: Clefable|Stealth Rock|p1a: Landorus
|-sidestart|p1: Coach Jones 6fifth|move: Stealth Rock
|
|upkeep
|turn|2
|
|t:|1659970872
|switch|p2a: Slowbro|Slowbro, M|100/100
|move|p1a: Landorus|Earthquake|p2a: Slowbro
|-damage|p2a: Slowbro|65/100
|
|upkeep
|turn|3
|
|t:|1659970879
|move|p1a: Landorus|Explosion|p2a: Slowbro
|-enditem|p1a: Landorus|Normal Gem|[from] gem
|-damage|p2a: Slowbro|0 fnt
|faint|p1a: Landorus
|faint|p2a: Slowbro
|
|upkeep
|j| trumps convoy
|j| when it shutdown
|j| Mimikyu Stardust
|
|t:|1659970896
|switch|p1a: Weavile|Weavile, M|100/100
|switch|p2a: Tornadus|Tornadus-Therian, M|100/100
|-ability|p1a: Weavile|Pressure
|turn|4
|
|t:|1659970903
|switch|p2a: Melmetal|Melmetal|100/100
|-damage|p2a: Melmetal|94/100|[from] Stealth Rock
|move|p1a: Weavile|Knock Off|p2a: Melmetal
|-damage|p2a: Melmetal|60/100
|-enditem|p2a: Melmetal|Leftovers|[from] move: Knock Off|[of] p1a: Weavile
|
|upkeep
|turn|5
|j| samurott champloo
|j| the tacoman
|
|t:|1659970913
|switch|p1a: Hawlucha|Hawlucha, M, shiny|100/100
|-damage|p1a: Hawlucha|88/100|[from] Stealth Rock
|switch|p2a: Tornadus|Tornadus-Therian, M|100/100
|
|upkeep
|turn|6
|j| HLTL1
|l| the tacoman
|
|t:|1659970921
|switch|p1a: Magnezone|Magnezone|100/100
|-damage|p1a: Magnezone|94/100|[from] Stealth Rock
|move|p2a: Tornadus|Heat Wave|p1a: Magnezone
|-supereffective|p1a: Magnezone
|-damage|p1a: Magnezone|35/100
|
|upkeep
|turn|7
|
|t:|1659970926
|switch|p1a: Weavile|Weavile, M|100/100
|-ability|p1a: Weavile|Pressure
|move|p2a: Tornadus|U-turn|p1a: Weavile
|-supereffective|p1a: Weavile
|-damage|p1a: Weavile|51/100
|j| abab rhyme
|
|t:|1659970932
|switch|p2a: Clefable|Clefable, M|100/100|[from]move: U-turn
|
|upkeep
|turn|8
|
|t:|1659970935
|switch|p1a: Heatran|Heatran, M|100/100
|-damage|p1a: Heatran|88/100|[from] Stealth Rock
|move|p2a: Clefable|Moonblast|p1a: Heatran
|-resisted|p1a: Heatran
|-damage|p1a: Heatran|81/100
|
|upkeep
|turn|9
|
|t:|1659970939
|switch|p2a: Espressi|Garchomp, M, shiny|100/100
|-damage|p2a: Espressi|94/100|[from] Stealth Rock
|move|p1a: Heatran|Eruption|p2a: Espressi
|-resisted|p2a: Espressi
|-damage|p2a: Espressi|46/100
|
|-heal|p2a: Espressi|53/100|[from] item: Leftovers
|upkeep
|turn|10
|l| lllllkkkkk
|
|t:|1659970947
|switch|p1a: Hawlucha|Hawlucha, M, shiny|88/100
|-damage|p1a: Hawlucha|76/100|[from] Stealth Rock
|move|p2a: Espressi|Substitute|p2a: Espressi
|-start|p2a: Espressi|Substitute
|-damage|p2a: Espressi|28/100
|
|-heal|p2a: Espressi|34/100|[from] item: Leftovers
|upkeep
|turn|11
|j| LT_Alt1
|j| regnite ◕‿◕
|
|t:|1659970960
|move|p1a: Hawlucha|Sky Attack||[still]
|-prepare|p1a: Hawlucha|Sky Attack
|-enditem|p1a: Hawlucha|Power Herb
|-anim|p1a: Hawlucha|Sky Attack|p2a: Espressi
|-end|p2a: Espressi|Substitute
|move|p2a: Espressi|Scale Shot|p1a: Hawlucha
|-damage|p1a: Hawlucha|55/100
|-damage|p1a: Hawlucha|37/100
|-hitcount|p1a: Hawlucha|2
|-unboost|p2a: Espressi|def|1
|-boost|p2a: Espressi|spe|1
|
|-heal|p2a: Espressi|40/100|[from] item: Leftovers
|upkeep
|turn|12
|j| F7tjfjr
|l| F7tjfjr
|
|t:|1659970969
|switch|p2a: Clefable|Clefable, M|100/100
|move|p1a: Hawlucha|Swords Dance|p1a: Hawlucha
|-boost|p1a: Hawlucha|atk|2
|
|upkeep
|turn|13
|j| LT92PF rej
|
|t:|1659970979
|move|p1a: Hawlucha|Acrobatics|p2a: Clefable
|-damage|p2a: Clefable|20/100
|-damage|p1a: Hawlucha|20/100|[from] item: Rocky Helmet|[of] p2a: Clefable
|move|p2a: Clefable|Moonblast|p1a: Hawlucha
|-supereffective|p1a: Hawlucha
|-damage|p1a: Hawlucha|0 fnt
|faint|p1a: Hawlucha
|
|upkeep
|
|t:|1659970990
|switch|p1a: Magnezone|Magnezone|35/100
|-damage|p1a: Magnezone|29/100|[from] Stealth Rock
|turn|14
|
|t:|1659970998
|move|p1a: Magnezone|Thunderbolt|p2a: Clefable
|-damage|p2a: Clefable|0 fnt
|faint|p2a: Clefable
|
|upkeep
|
|t:|1659971000
|switch|p2a: Espressi|Garchomp, M, shiny|40/100
|-damage|p2a: Espressi|34/100|[from] Stealth Rock
|turn|15
|
|t:|1659971004
|move|p2a: Espressi|Earthquake|p1a: Magnezone
|-supereffective|p1a: Magnezone
|-damage|p1a: Magnezone|0 fnt
|faint|p1a: Magnezone
|
|-heal|p2a: Espressi|40/100|[from] item: Leftovers
|upkeep
|
|t:|1659971008
|switch|p1a: Dragapult|Dragapult, M, shiny|100/100
|-damage|p1a: Dragapult|88/100|[from] Stealth Rock
|turn|16
|j| Venositile
|
|t:|1659971030
|switch|p2a: Tornadus|Tornadus-Therian, M|100/100
|move|p1a: Dragapult|Dragon Darts|p2a: Tornadus
|-damage|p2a: Tornadus|62/100
|-anim|p1a: Dragapult|Dragon Darts|p2a: Tornadus
|-damage|p2a: Tornadus|21/100
|
|upkeep
|turn|17
|j|+Raj.Shoot
|
|t:|1659971036
|switch|p2a: Magnezone|Magnezone|100/100
|-damage|p2a: Magnezone|94/100|[from] Stealth Rock
|move|p1a: Dragapult|Dragon Darts|p2a: Magnezone
|-resisted|p2a: Magnezone
|-damage|p2a: Magnezone|75/100
|-anim|p1a: Dragapult|Dragon Darts|p2a: Magnezone
|-resisted|p2a: Magnezone
|-damage|p2a: Magnezone|57/100
|
|-heal|p2a: Magnezone|63/100|[from] item: Leftovers
|upkeep
|turn|18
|j| Anonymous43567
|
|t:|1659971044
|move|p1a: Dragapult|Dragon Darts|p2a: Magnezone
|-resisted|p2a: Magnezone
|-damage|p2a: Magnezone|43/100
|-anim|p1a: Dragapult|Dragon Darts|p2a: Magnezone
|-resisted|p2a: Magnezone
|-damage|p2a: Magnezone|24/100
|move|p2a: Magnezone|Flash Cannon|p1a: Dragapult
|-damage|p1a: Dragapult|30/100
|
|-heal|p2a: Magnezone|30/100|[from] item: Leftovers
|upkeep
|turn|19
|l| Anonymous43567
|
|t:|1659971057
|move|p1a: Dragapult|Dragon Darts|p2a: Magnezone
|-resisted|p2a: Magnezone
|-damage|p2a: Magnezone|10/100
|-anim|p1a: Dragapult|Dragon Darts|p2a: Magnezone
|-resisted|p2a: Magnezone
|-damage|p2a: Magnezone|0 fnt
|faint|p2a: Magnezone
|
|upkeep
|
|t:|1659971072
|switch|p2a: Melmetal|Melmetal|60/100
|-damage|p2a: Melmetal|53/100|[from] Stealth Rock
|turn|20
|
|t:|1659971074
|move|p1a: Dragapult|Dragon Darts|p2a: Melmetal
|-resisted|p2a: Melmetal
|-damage|p2a: Melmetal|41/100
|-anim|p1a: Dragapult|Dragon Darts|p2a: Melmetal
|-resisted|p2a: Melmetal
|-damage|p2a: Melmetal|28/100
|move|p2a: Melmetal|Earthquake|p1a: Dragapult
|-damage|p1a: Dragapult|0 fnt
|faint|p1a: Dragapult
|
|upkeep
|
|t:|1659971078
|switch|p1a: Heatran|Heatran, M|81/100
|-damage|p1a: Heatran|68/100|[from] Stealth Rock
|turn|21
|
|t:|1659971082
|switch|p2a: Tornadus|Tornadus-Therian, M|54/100
|move|p1a: Heatran|Eruption|p2a: Tornadus
|-damage|p2a: Tornadus|0 fnt
|faint|p2a: Tornadus
|
|upkeep
|
|t:|1659971085
|switch|p2a: Espressi|Garchomp, M, shiny|40/100
|-damage|p2a: Espressi|34/100|[from] Stealth Rock
|turn|22
|
|t:|1659971089
|move|p2a: Espressi|Earthquake|p1a: Heatran
|-supereffective|p1a: Heatran
|-damage|p1a: Heatran|0 fnt
|faint|p1a: Heatran
|
|-heal|p2a: Espressi|40/100|[from] item: Leftovers
|upkeep
|
|t:|1659971090
|switch|p1a: Weavile|Weavile, M|51/100
|-ability|p1a: Weavile|Pressure
|turn|23
|
|t:|1659971092
|move|p1a: Weavile|Ice Shard|p2a: Espressi
|-supereffective|p2a: Espressi
|-damage|p2a: Espressi|0 fnt
|faint|p2a: Espressi
|
|upkeep
|
|t:|1659971094
|switch|p2a: Melmetal|Melmetal|28/100
|-damage|p2a: Melmetal|22/100|[from] Stealth Rock
|turn|24
|
|t:|1659971095
|move|p1a: Weavile|Knock Off|p2a: Melmetal
|-damage|p2a: Melmetal|0 fnt
|faint|p2a: Melmetal
|
|win|Coach Jones 6fifth
|raw|Coach Jones 6fifth's rating: 1848 &rarr; <strong>1869</strong><br />(+21 for winning)
|raw|lt92pf james's rating: 1871 &rarr; <strong>1850</strong><br />(-21 for losing)
