|j|☆lobstergang
|j|☆Tirkys
|t:|1614657137
|player|p1|lobstergang|84|1514
|player|p2|Tirkys|hilda-dueldisk|1595
|teamsize|p1|6
|teamsize|p2|6
|gametype|singles
|gen|8
|tier|[Gen 8] OU
|rated|
|clearpoke
|poke|p1|Dragonite, F|
|poke|p1|Magnezone|
|poke|p1|Krookodile, F|
|poke|p1|Slowking-Galar, M|
|poke|p1|Gastrodon, F|
|poke|p1|Weezing-Galar, M|
|poke|p2|Volcarona, M|
|poke|p2|Quagsire, M|
|poke|p2|Xatu, F|
|poke|p2|Mantine, M|
|poke|p2|Drapion, M|
|poke|p2|Ninetales-Alola, M|
|rule|Sleep Clause Mod: Limit one foe put to sleep
|rule|Species Clause: Limit one of each Pokémon
|rule|OHKO Clause: OHKO moves are banned
|rule|Evasion Moves Clause: Evasion moves are banned
|rule|Endless Battle Clause: Forcing endless battles is banned
|rule|HP Percentage Mod: HP is shown in percentages
|rule|Dynamax Clause: You cannot dynamax
|teampreview
|inactive|Battle timer is ON: inactive players will automatically lose when time's up. (requested by Tirkys)
|
|t:|1614657159
|start
|switch|p1a: Slowking|Slowking-Galar, M|100/100
|switch|p2a: WhiteAlbum|Ninetales-Alola, M|100/100
|-weather|Hail|[from] ability: Snow Warning|[of] p2a: WhiteAlbum
|turn|1
|
|t:|1614657162
|switch|p2a: PurpleHaze|Drapion, M|100/100
|move|p1a: Slowking|Sludge Bomb|p2a: PurpleHaze
|-resisted|p2a: PurpleHaze
|-damage|p2a: PurpleHaze|85/100
|
|-weather|Hail|[upkeep]
|-damage|p2a: PurpleHaze|79/100|[from] Hail
|-damage|p1a: Slowking|94/100|[from] Hail
|-heal|p2a: PurpleHaze|85/100|[from] item: Black Sludge
|upkeep
|turn|2
|
|t:|1614657168
|switch|p1a: Weezing|Weezing-Galar, M|100/100
|move|p2a: PurpleHaze|Knock Off|p1a: Weezing
|-resisted|p1a: Weezing
|-damage|p1a: Weezing|90/100
|-enditem|p1a: Weezing|Leftovers|[from] move: Knock Off|[of] p2a: PurpleHaze
|
|-weather|Hail|[upkeep]
|-damage|p2a: PurpleHaze|79/100|[from] Hail
|-damage|p1a: Weezing|84/100|[from] Hail
|-heal|p2a: PurpleHaze|85/100|[from] item: Black Sludge
|upkeep
|turn|3
|
|t:|1614657175
|move|p2a: PurpleHaze|Earthquake|p1a: Weezing
|-immune|p1a: Weezing|[from] ability: Levitate
|move|p1a: Weezing|Strange Steam|p2a: PurpleHaze
|-damage|p2a: PurpleHaze|60/100
|
|-weather|Hail|[upkeep]
|-damage|p2a: PurpleHaze|54/100|[from] Hail
|-damage|p1a: Weezing|78/100|[from] Hail
|-heal|p2a: PurpleHaze|60/100|[from] item: Black Sludge
|upkeep
|turn|4
|
|t:|1614657179
|move|p2a: PurpleHaze|Ice Fang|p1a: Weezing
|-damage|p1a: Weezing|69/100
|move|p1a: Weezing|Will-O-Wisp|p2a: PurpleHaze
|-status|p2a: PurpleHaze|brn
|
|-weather|Hail|[upkeep]
|-damage|p2a: PurpleHaze|54/100 brn|[from] Hail
|-damage|p1a: Weezing|63/100|[from] Hail
|-heal|p2a: PurpleHaze|60/100 brn|[from] item: Black Sludge
|-damage|p2a: PurpleHaze|54/100 brn|[from] brn
|upkeep
|turn|5
|
|t:|1614657185
|move|p2a: PurpleHaze|Ice Fang|p1a: Weezing
|-damage|p1a: Weezing|58/100
|move|p1a: Weezing|Strange Steam|p2a: PurpleHaze
|-damage|p2a: PurpleHaze|31/100 brn
|
|-weather|none
|-heal|p2a: PurpleHaze|37/100 brn|[from] item: Black Sludge
|-damage|p2a: PurpleHaze|31/100 brn|[from] brn
|upkeep
|turn|6
|
|t:|1614657188
|move|p2a: PurpleHaze|Rest|p2a: PurpleHaze
|-status|p2a: PurpleHaze|slp|[from] move: Rest
|-heal|p2a: PurpleHaze|100/100 slp|[silent]
|move|p1a: Weezing|Strange Steam|p2a: PurpleHaze
|-damage|p2a: PurpleHaze|75/100 slp
|
|-heal|p2a: PurpleHaze|81/100 slp|[from] item: Black Sludge
|upkeep
|turn|7
|
|t:|1614657191
|cant|p2a: PurpleHaze|slp
|move|p1a: Weezing|Pain Split|p2a: PurpleHaze
|-sethp|p2a: PurpleHaze|69/100 slp|[from] move: Pain Split|[silent]
|-sethp|p1a: Weezing|71/100|[from] move: Pain Split
|
|-heal|p2a: PurpleHaze|75/100 slp|[from] item: Black Sludge
|upkeep
|turn|8
|
|t:|1614657196
|cant|p2a: PurpleHaze|slp
|move|p1a: Weezing|Strange Steam|p2a: PurpleHaze
|-damage|p2a: PurpleHaze|53/100 slp
|
|-heal|p2a: PurpleHaze|59/100 slp|[from] item: Black Sludge
|upkeep
|turn|9
|
|t:|1614657201
|-curestatus|p2a: PurpleHaze|slp|[msg]
|move|p2a: PurpleHaze|Ice Fang|p1a: Weezing
|-damage|p1a: Weezing|62/100
|-status|p1a: Weezing|frz
|-curestatus|p1a: Weezing|frz|[msg]
|move|p1a: Weezing|Strange Steam|p2a: PurpleHaze|[miss]
|-miss|p1a: Weezing|p2a: PurpleHaze
|
|-heal|p2a: PurpleHaze|65/100|[from] item: Black Sludge
|upkeep
|turn|10
|
|t:|1614657205
|switch|p2a: ManInTheMirror|Xatu, F|100/100
|move|p1a: Weezing|Strange Steam|p2a: ManInTheMirror
|-damage|p2a: ManInTheMirror|73/100
|
|upkeep
|turn|11
|
|t:|1614657212
|switch|p1a: Slowking|Slowking-Galar, M|100/100
|move|p2a: ManInTheMirror|Heat Wave|p1a: Slowking|[miss]
|-miss|p2a: ManInTheMirror|p1a: Slowking
|
|upkeep
|turn|12
|
|t:|1614657220
|switch|p2a: PurpleHaze|Drapion, M|65/100
|move|p1a: Slowking|Sludge Bomb|p2a: PurpleHaze
|-resisted|p2a: PurpleHaze
|-damage|p2a: PurpleHaze|52/100
|
|-heal|p2a: PurpleHaze|58/100|[from] item: Black Sludge
|upkeep
|turn|13
|
|t:|1614657223
|switch|p1a: Weezing|Weezing-Galar, M|62/100
|move|p2a: PurpleHaze|Knock Off|p1a: Weezing
|-resisted|p1a: Weezing
|-damage|p1a: Weezing|56/100
|
|-heal|p2a: PurpleHaze|64/100|[from] item: Black Sludge
|upkeep
|turn|14
|
|t:|1614657228
|switch|p2a: ManInTheMirror|Xatu, F|73/100
|move|p1a: Weezing|Strange Steam|p2a: ManInTheMirror
|-damage|p2a: ManInTheMirror|45/100
|
|upkeep
|turn|15
|
|t:|1614657235
|switch|p1a: Gastrodon|Gastrodon, F|100/100
|move|p2a: ManInTheMirror|Roost|p2a: ManInTheMirror
|-heal|p2a: ManInTheMirror|95/100
|-singleturn|p2a: ManInTheMirror|move: Roost
|
|upkeep
|turn|16
|
|t:|1614657241
|move|p2a: ManInTheMirror|Cosmic Power|p2a: ManInTheMirror
|-boost|p2a: ManInTheMirror|def|1
|-boost|p2a: ManInTheMirror|spd|1
|move|p1a: Gastrodon|Scald|p2a: ManInTheMirror
|-damage|p2a: ManInTheMirror|79/100
|
|upkeep
|turn|17
|
|t:|1614657249
|switch|p2a: CatchTheRainbow|Mantine, M|100/100
|switch|p1a: Slowking|Slowking-Galar, M|100/100
|
|upkeep
|turn|18
|
|t:|1614657253
|switch|p2a: PurpleHaze|Drapion, M|64/100
|move|p1a: Slowking|Sludge Bomb|p2a: PurpleHaze
|-resisted|p2a: PurpleHaze
|-damage|p2a: PurpleHaze|48/100
|
|-heal|p2a: PurpleHaze|55/100|[from] item: Black Sludge
|upkeep
|turn|19
|
|t:|1614657257
|switch|p1a: Weezing|Weezing-Galar, M|56/100
|move|p2a: PurpleHaze|Earthquake|p1a: Weezing
|-immune|p1a: Weezing|[from] ability: Levitate
|
|-heal|p2a: PurpleHaze|61/100|[from] item: Black Sludge
|upkeep
|turn|20
|
|t:|1614657260
|move|p2a: PurpleHaze|Knock Off|p1a: Weezing
|-resisted|p1a: Weezing
|-damage|p1a: Weezing|49/100
|move|p1a: Weezing|Strange Steam|p2a: PurpleHaze
|-damage|p2a: PurpleHaze|35/100
|
|-heal|p2a: PurpleHaze|41/100|[from] item: Black Sludge
|upkeep
|turn|21
|
|t:|1614657263
|switch|p2a: ManInTheMirror|Xatu, F|79/100
|move|p1a: Weezing|Strange Steam|p2a: ManInTheMirror
|-damage|p2a: ManInTheMirror|50/100
|
|upkeep
|turn|22
|j| outz lalawee
|
|t:|1614657266
|move|p2a: ManInTheMirror|Roost|p2a: ManInTheMirror
|-heal|p2a: ManInTheMirror|99/100
|-singleturn|p2a: ManInTheMirror|move: Roost
|move|p1a: Weezing|Strange Steam|p2a: ManInTheMirror
|-damage|p2a: ManInTheMirror|72/100
|
|upkeep
|turn|23
|
|t:|1614657270
|switch|p2a: PurpleHaze|Drapion, M|41/100
|move|p1a: Weezing|Pain Split|p2a: PurpleHaze
|-sethp|p2a: PurpleHaze|44/100|[from] move: Pain Split|[silent]
|-sethp|p1a: Weezing|46/100|[from] move: Pain Split
|
|-heal|p2a: PurpleHaze|50/100|[from] item: Black Sludge
|upkeep
|turn|24
|
|t:|1614657273
|move|p2a: PurpleHaze|Knock Off|p1a: Weezing
|-resisted|p1a: Weezing
|-damage|p1a: Weezing|39/100
|move|p1a: Weezing|Strange Steam|p2a: PurpleHaze
|-damage|p2a: PurpleHaze|28/100
|
|-heal|p2a: PurpleHaze|34/100|[from] item: Black Sludge
|upkeep
|turn|25
|
|t:|1614657276
|move|p2a: PurpleHaze|Knock Off|p1a: Weezing
|-resisted|p1a: Weezing
|-damage|p1a: Weezing|32/100
|move|p1a: Weezing|Strange Steam|p2a: PurpleHaze
|-damage|p2a: PurpleHaze|9/100
|-start|p2a: PurpleHaze|confusion
|
|-heal|p2a: PurpleHaze|15/100|[from] item: Black Sludge
|upkeep
|turn|26
|
|t:|1614657282
|-activate|p2a: PurpleHaze|confusion
|-damage|p2a: PurpleHaze|7/100|[from] confusion
|move|p1a: Weezing|Pain Split|p2a: PurpleHaze
|-sethp|p2a: PurpleHaze|19/100|[from] move: Pain Split|[silent]
|-sethp|p1a: Weezing|20/100|[from] move: Pain Split
|
|-heal|p2a: PurpleHaze|25/100|[from] item: Black Sludge
|upkeep
|turn|27
|c|☆Tirkys|???
|
|t:|1614657293
|-activate|p2a: PurpleHaze|confusion
|move|p2a: PurpleHaze|Rest|p2a: PurpleHaze
|-status|p2a: PurpleHaze|slp|[from] move: Rest
|-heal|p2a: PurpleHaze|100/100 slp|[silent]
|move|p1a: Weezing|Strange Steam|p2a: PurpleHaze
|-damage|p2a: PurpleHaze|77/100 slp
|
|-heal|p2a: PurpleHaze|83/100 slp|[from] item: Black Sludge
|upkeep
|turn|28
|
|t:|1614657296
|cant|p2a: PurpleHaze|slp
|move|p1a: Weezing|Pain Split|p2a: PurpleHaze
|-sethp|p2a: PurpleHaze|51/100 slp|[from] move: Pain Split|[silent]
|-sethp|p1a: Weezing|52/100|[from] move: Pain Split
|
|-heal|p2a: PurpleHaze|57/100 slp|[from] item: Black Sludge
|upkeep
|turn|29
|
|t:|1614657305
|cant|p2a: PurpleHaze|slp
|move|p1a: Weezing|Strange Steam|p2a: PurpleHaze
|-damage|p2a: PurpleHaze|32/100 slp
|
|-heal|p2a: PurpleHaze|39/100 slp|[from] item: Black Sludge
|upkeep
|turn|30
|
|t:|1614657308
|-curestatus|p2a: PurpleHaze|slp|[msg]
|-activate|p2a: PurpleHaze|confusion
|-damage|p2a: PurpleHaze|31/100|[from] confusion
|move|p1a: Weezing|Strange Steam|p2a: PurpleHaze
|-damage|p2a: PurpleHaze|9/100
|
|-heal|p2a: PurpleHaze|15/100|[from] item: Black Sludge
|upkeep
|turn|31
|
|t:|1614657314
|-end|p2a: PurpleHaze|confusion
|move|p2a: PurpleHaze|Rest|p2a: PurpleHaze
|-status|p2a: PurpleHaze|slp|[from] move: Rest
|-heal|p2a: PurpleHaze|100/100 slp|[silent]
|move|p1a: Weezing|Strange Steam|p2a: PurpleHaze
|-damage|p2a: PurpleHaze|77/100 slp
|
|-heal|p2a: PurpleHaze|83/100 slp|[from] item: Black Sludge
|upkeep
|turn|32
|
|t:|1614657319
|cant|p2a: PurpleHaze|slp
|move|p1a: Weezing|Pain Split|p2a: PurpleHaze
|-sethp|p2a: PurpleHaze|67/100 slp|[from] move: Pain Split|[silent]
|-sethp|p1a: Weezing|69/100|[from] move: Pain Split
|
|-heal|p2a: PurpleHaze|73/100 slp|[from] item: Black Sludge
|upkeep
|turn|33
|j| Mr Katch-22
|
|t:|1614657323
|switch|p1a: Krookodile|Krookodile, F|100/100
|-ability|p1a: Krookodile|Intimidate|boost
|-unboost|p2a: PurpleHaze|atk|1
|cant|p2a: PurpleHaze|slp
|
|-heal|p2a: PurpleHaze|79/100 slp|[from] item: Black Sludge
|upkeep
|turn|34
|
|t:|1614657326
|switch|p2a: StarPlatinum|Quagsire, M, shiny|100/100
|move|p1a: Krookodile|Stealth Rock|p2a: StarPlatinum
|-sidestart|p2: Tirkys|move: Stealth Rock
|
|upkeep
|turn|35
|
|t:|1614657333
|switch|p1a: Weezing|Weezing-Galar, M|69/100
|move|p2a: StarPlatinum|Scald|p1a: Weezing
|-damage|p1a: Weezing|44/100
|-status|p1a: Weezing|brn
|
|-damage|p1a: Weezing|38/100 brn|[from] brn
|upkeep
|turn|36
|
|t:|1614657336
|switch|p2a: CatchTheRainbow|Mantine, M|100/100
|-damage|p2a: CatchTheRainbow|76/100|[from] Stealth Rock
|move|p1a: Weezing|Pain Split|p2a: CatchTheRainbow
|-sethp|p2a: CatchTheRainbow|55/100|[from] move: Pain Split|[silent]
|-sethp|p1a: Weezing|61/100 brn|[from] move: Pain Split
|
|-heal|p2a: CatchTheRainbow|61/100|[from] item: Leftovers
|-damage|p1a: Weezing|55/100 brn|[from] brn
|upkeep
|turn|37
|j| longboarder
|
|t:|1614657343
|switch|p1a: Slowking|Slowking-Galar, M|100/100
|move|p2a: CatchTheRainbow|Defog|p1a: Slowking
|-unboost|p1a: Slowking|evasion|1
|-sideend|p2: Tirkys|Stealth Rock|[from] move: Defog|[of] p2a: CatchTheRainbow
|
|-heal|p2a: CatchTheRainbow|67/100|[from] item: Leftovers
|upkeep
|turn|38
|c| longboarder|just scouting out so I can win
|
|t:|1614657358
|switch|p2a: PurpleHaze|Drapion, M|79/100 slp
|move|p1a: Slowking|Earthquake|p2a: PurpleHaze
|-supereffective|p2a: PurpleHaze
|-damage|p2a: PurpleHaze|52/100 slp
|
|-heal|p2a: PurpleHaze|58/100 slp|[from] item: Black Sludge
|upkeep
|turn|39
|
|t:|1614657382
|switch|p1a: Weezing|Weezing-Galar, M|55/100 brn
|-curestatus|p2a: PurpleHaze|slp|[msg]
|move|p2a: PurpleHaze|Knock Off|p1a: Weezing
|-resisted|p1a: Weezing
|-damage|p1a: Weezing|49/100 brn
|
|-heal|p2a: PurpleHaze|64/100|[from] item: Black Sludge
|-damage|p1a: Weezing|43/100 brn|[from] brn
|upkeep
|turn|40
|
|t:|1614657389
|move|p2a: PurpleHaze|Knock Off|p1a: Weezing
|-resisted|p1a: Weezing
|-damage|p1a: Weezing|36/100 brn
|move|p1a: Weezing|Pain Split|p2a: PurpleHaze
|-sethp|p2a: PurpleHaze|49/100|[from] move: Pain Split|[silent]
|-sethp|p1a: Weezing|51/100 brn|[from] move: Pain Split
|
|-heal|p2a: PurpleHaze|55/100|[from] item: Black Sludge
|-damage|p1a: Weezing|45/100 brn|[from] brn
|upkeep
|turn|41
|
|t:|1614657398
|move|p2a: PurpleHaze|Knock Off|p1a: Weezing
|-resisted|p1a: Weezing
|-damage|p1a: Weezing|39/100 brn
|move|p1a: Weezing|Will-O-Wisp|p2a: PurpleHaze
|-status|p2a: PurpleHaze|brn
|
|-heal|p2a: PurpleHaze|62/100 brn|[from] item: Black Sludge
|-damage|p2a: PurpleHaze|55/100 brn|[from] brn
|-damage|p1a: Weezing|33/100 brn|[from] brn
|upkeep
|turn|42
|l| Mr Katch-22
|
|t:|1614657417
|move|p2a: PurpleHaze|Knock Off|p1a: Weezing
|-resisted|p1a: Weezing
|-damage|p1a: Weezing|29/100 brn
|move|p1a: Weezing|Pain Split|p2a: PurpleHaze
|-sethp|p2a: PurpleHaze|42/100 brn|[from] move: Pain Split|[silent]
|-sethp|p1a: Weezing|43/100 brn|[from] move: Pain Split
|
|-heal|p2a: PurpleHaze|48/100 brn|[from] item: Black Sludge
|-damage|p2a: PurpleHaze|42/100 brn|[from] brn
|-damage|p1a: Weezing|37/100 brn|[from] brn
|upkeep
|turn|43
|
|t:|1614657423
|switch|p1a: Gastrodon|Gastrodon, F|100/100
|move|p2a: PurpleHaze|Knock Off|p1a: Gastrodon
|-damage|p1a: Gastrodon|87/100
|-enditem|p1a: Gastrodon|Leftovers|[from] move: Knock Off|[of] p2a: PurpleHaze
|
|-heal|p2a: PurpleHaze|48/100 brn|[from] item: Black Sludge
|-damage|p2a: PurpleHaze|42/100 brn|[from] brn
|upkeep
|turn|44
|
|t:|1614657426
|move|p2a: PurpleHaze|Rest|p2a: PurpleHaze
|-status|p2a: PurpleHaze|slp|[from] move: Rest
|-heal|p2a: PurpleHaze|100/100 slp|[silent]
|move|p1a: Gastrodon|Scald|p2a: PurpleHaze
|-damage|p2a: PurpleHaze|79/100 slp
|
|-heal|p2a: PurpleHaze|85/100 slp|[from] item: Black Sludge
|upkeep
|turn|45
|
|t:|1614657429
|cant|p2a: PurpleHaze|slp
|move|p1a: Gastrodon|Earth Power|p2a: PurpleHaze
|-supereffective|p2a: PurpleHaze
|-damage|p2a: PurpleHaze|39/100 slp
|
|-heal|p2a: PurpleHaze|46/100 slp|[from] item: Black Sludge
|upkeep
|turn|46
|
|t:|1614657433
|switch|p2a: CatchTheRainbow|Mantine, M|67/100
|move|p1a: Gastrodon|Scald|p2a: CatchTheRainbow
|-heal|p2a: CatchTheRainbow|92/100|[from] ability: Water Absorb|[of] p1a: Gastrodon
|
|-heal|p2a: CatchTheRainbow|98/100|[from] item: Leftovers
|upkeep
|turn|47
|
|t:|1614657438
|switch|p2a: ManInTheMirror|Xatu, F|72/100
|switch|p1a: Slowking|Slowking-Galar, M|100/100
|
|upkeep
|turn|48
|
|t:|1614657441
|switch|p2a: PurpleHaze|Drapion, M|46/100 slp
|move|p1a: Slowking|Future Sight|p2a: PurpleHaze
|-start|p1a: Slowking|move: Future Sight
|
|-heal|p2a: PurpleHaze|52/100 slp|[from] item: Black Sludge
|upkeep
|turn|49
|
|t:|1614657444
|switch|p1a: Gastrodon|Gastrodon, F|87/100
|cant|p2a: PurpleHaze|slp
|
|-heal|p2a: PurpleHaze|58/100 slp|[from] item: Black Sludge
|upkeep
|turn|50
|
|t:|1614657448
|switch|p2a: CatchTheRainbow|Mantine, M|98/100
|move|p1a: Gastrodon|Earth Power|p2a: CatchTheRainbow
|-immune|p2a: CatchTheRainbow
|
|-end|p2a: CatchTheRainbow|move: Future Sight
|-damage|p2a: CatchTheRainbow|71/100
|-heal|p2a: CatchTheRainbow|78/100|[from] item: Leftovers
|upkeep
|turn|51
|
|t:|1614657455
|switch|p2a: ManInTheMirror|Xatu, F|72/100
|switch|p1a: Magnezone|Magnezone|100/100
|
|upkeep
|turn|52
|
|t:|1614657478
|switch|p2a: Magician'sRed|Volcarona, M|100/100
|switch|p1a: Slowking|Slowking-Galar, M|100/100
|
|upkeep
|turn|53
|
|t:|1614657484
|move|p2a: Magician'sRed|Bug Buzz|p1a: Slowking
|-damage|p1a: Slowking|85/100
|move|p1a: Slowking|Sludge Bomb|p2a: Magician'sRed
|-damage|p2a: Magician'sRed|73/100
|
|-heal|p2a: Magician'sRed|79/100|[from] item: Leftovers
|upkeep
|turn|54
|inactive|lobstergang has 120 seconds left.
|
|t:|1614657528
|switch|p2a: PurpleHaze|Drapion, M|58/100 slp
|switch|p1a: Gastrodon|Gastrodon, F|87/100
|
|-heal|p2a: PurpleHaze|64/100 slp|[from] item: Black Sludge
|upkeep
|turn|55
|
|t:|1614657539
|switch|p2a: CatchTheRainbow|Mantine, M|78/100
|move|p1a: Gastrodon|Earth Power|p2a: CatchTheRainbow
|-immune|p2a: CatchTheRainbow
|
|-heal|p2a: CatchTheRainbow|84/100|[from] item: Leftovers
|upkeep
|turn|56
|
|t:|1614657547
|switch|p1a: Slowking|Slowking-Galar, M|100/100
|move|p2a: CatchTheRainbow|Haze|p2a: CatchTheRainbow
|-clearallboost
|
|-heal|p2a: CatchTheRainbow|90/100|[from] item: Leftovers
|upkeep
|turn|57
|
|t:|1614657552
|switch|p2a: PurpleHaze|Drapion, M|64/100 slp
|move|p1a: Slowking|Sludge Bomb|p2a: PurpleHaze
|-resisted|p2a: PurpleHaze
|-damage|p2a: PurpleHaze|50/100 slp
|
|-heal|p2a: PurpleHaze|56/100 slp|[from] item: Black Sludge
|upkeep
|turn|58
|
|t:|1614657559
|switch|p1a: Krookodile|Krookodile, F|100/100
|-ability|p1a: Krookodile|Intimidate|boost
|-unboost|p2a: PurpleHaze|atk|1
|-curestatus|p2a: PurpleHaze|slp|[msg]
|move|p2a: PurpleHaze|Ice Fang|p1a: Krookodile
|-supereffective|p1a: Krookodile
|-damage|p1a: Krookodile|81/100
|
|-heal|p1a: Krookodile|87/100|[from] item: Leftovers
|-heal|p2a: PurpleHaze|62/100|[from] item: Black Sludge
|upkeep
|turn|59
|
|t:|1614657564
|switch|p2a: ManInTheMirror|Xatu, F|72/100
|move|p1a: Krookodile|Stealth Rock|p2a: ManInTheMirror
|move|p2a: ManInTheMirror|Stealth Rock|p1a: Krookodile|[from]ability: Magic Bounce
|-sidestart|p1: lobstergang|move: Stealth Rock
|
|-heal|p1a: Krookodile|93/100|[from] item: Leftovers
|upkeep
|turn|60
|
|t:|1614657571
|switch|p2a: WhiteAlbum|Ninetales-Alola, M|100/100
|-weather|Hail|[from] ability: Snow Warning|[of] p2a: WhiteAlbum
|move|p1a: Krookodile|Knock Off|p2a: WhiteAlbum
|-resisted|p2a: WhiteAlbum
|-damage|p2a: WhiteAlbum|72/100
|-enditem|p2a: WhiteAlbum|Choice Scarf|[from] move: Knock Off|[of] p1a: Krookodile
|
|-weather|Hail|[upkeep]
|-damage|p1a: Krookodile|87/100|[from] Hail
|-heal|p1a: Krookodile|93/100|[from] item: Leftovers
|upkeep
|turn|61
|
|t:|1614657586
|switch|p1a: Slowking|Slowking-Galar, M|100/100
|-damage|p1a: Slowking|88/100|[from] Stealth Rock
|move|p2a: WhiteAlbum|Blizzard|p1a: Slowking
|-crit|p1a: Slowking
|-damage|p1a: Slowking|65/100
|
|-weather|Hail|[upkeep]
|-damage|p1a: Slowking|59/100|[from] Hail
|upkeep
|turn|62
|
|t:|1614657590
|switch|p2a: PurpleHaze|Drapion, M|62/100
|move|p1a: Slowking|Future Sight|p2a: PurpleHaze
|-start|p1a: Slowking|move: Future Sight
|
|-weather|Hail|[upkeep]
|-damage|p2a: PurpleHaze|56/100|[from] Hail
|-damage|p1a: Slowking|53/100|[from] Hail
|-heal|p2a: PurpleHaze|62/100|[from] item: Black Sludge
|upkeep
|turn|63
|
|t:|1614657597
|switch|p1a: Gastrodon|Gastrodon, F|87/100
|-damage|p1a: Gastrodon|81/100|[from] Stealth Rock
|move|p2a: PurpleHaze|Knock Off|p1a: Gastrodon
|-damage|p1a: Gastrodon|65/100
|
|-weather|Hail|[upkeep]
|-damage|p2a: PurpleHaze|56/100|[from] Hail
|-damage|p1a: Gastrodon|59/100|[from] Hail
|-heal|p2a: PurpleHaze|62/100|[from] item: Black Sludge
|upkeep
|turn|64
|
|t:|1614657601
|switch|p2a: CatchTheRainbow|Mantine, M|90/100
|move|p1a: Gastrodon|Recover|p1a: Gastrodon
|-heal|p1a: Gastrodon|100/100
|
|-weather|none
|-end|p2a: CatchTheRainbow|move: Future Sight
|-damage|p2a: CatchTheRainbow|63/100
|-heal|p2a: CatchTheRainbow|69/100|[from] item: Leftovers
|upkeep
|turn|65
|
|t:|1614657617
|switch|p1a: Dragonite|Dragonite, F|100/100
|move|p2a: CatchTheRainbow|Haze|p2a: CatchTheRainbow
|-clearallboost
|
|-heal|p2a: CatchTheRainbow|75/100|[from] item: Leftovers
|upkeep
|turn|66
|
|t:|1614657621
|move|p1a: Dragonite|Dragon Dance|p1a: Dragonite
|-boost|p1a: Dragonite|atk|1
|-boost|p1a: Dragonite|spe|1
|move|p2a: CatchTheRainbow|Toxic|p1a: Dragonite
|-status|p1a: Dragonite|tox
|
|-heal|p2a: CatchTheRainbow|82/100|[from] item: Leftovers
|-damage|p1a: Dragonite|94/100 tox|[from] psn
|upkeep
|turn|67
|
|t:|1614657625
|switch|p2a: StarPlatinum|Quagsire, M, shiny|100/100
|move|p1a: Dragonite|Heal Bell|p1a: Dragonite
|-activate|p1a: Dragonite|move: Heal Bell
|-curestatus|p1a: Dragonite|tox|[msg]
|-curestatus|p1: Weezing|brn|[msg]
|
|upkeep
|turn|68
|
|t:|1614657629
|move|p1a: Dragonite|Dual Wingbeat|p2a: StarPlatinum
|-damage|p2a: StarPlatinum|86/100
|-damage|p2a: StarPlatinum|71/100
|-hitcount|p2a: StarPlatinum|2
|move|p2a: StarPlatinum|Stockpile|p2a: StarPlatinum
|-start|p2a: StarPlatinum|stockpile1
|-boost|p2a: StarPlatinum|def|1
|-boost|p2a: StarPlatinum|spd|1
|
|-heal|p2a: StarPlatinum|77/100|[from] item: Leftovers
|upkeep
|turn|69
|
|t:|1614657635
|switch|p1a: Gastrodon|Gastrodon, F|100/100
|-damage|p1a: Gastrodon|94/100|[from] Stealth Rock
|move|p2a: StarPlatinum|Stockpile|p2a: StarPlatinum
|-start|p2a: StarPlatinum|stockpile2
|-boost|p2a: StarPlatinum|def|1
|-boost|p2a: StarPlatinum|spd|1
|
|-heal|p2a: StarPlatinum|83/100|[from] item: Leftovers
|upkeep
|turn|70
|
|t:|1614657642
|move|p1a: Gastrodon|Scald|p2a: StarPlatinum
|-damage|p2a: StarPlatinum|67/100
|move|p2a: StarPlatinum|Stockpile|p2a: StarPlatinum
|-start|p2a: StarPlatinum|stockpile3
|-boost|p2a: StarPlatinum|def|1
|-boost|p2a: StarPlatinum|spd|1
|
|-heal|p2a: StarPlatinum|73/100|[from] item: Leftovers
|upkeep
|turn|71
|
|t:|1614657644
|move|p1a: Gastrodon|Toxic|p2a: StarPlatinum
|-status|p2a: StarPlatinum|tox
|move|p2a: StarPlatinum|Stockpile||[still]
|-fail|p2a: StarPlatinum
|
|-heal|p2a: StarPlatinum|79/100 tox|[from] item: Leftovers
|-damage|p2a: StarPlatinum|73/100 tox|[from] psn
|upkeep
|turn|72
|
|t:|1614657650
|move|p1a: Gastrodon|Scald|p2a: StarPlatinum
|-damage|p2a: StarPlatinum|60/100 tox
|move|p2a: StarPlatinum|Rest|p2a: StarPlatinum
|-status|p2a: StarPlatinum|slp|[from] move: Rest
|-heal|p2a: StarPlatinum|100/100 slp|[silent]
|
|upkeep
|turn|73
|
|t:|1614657660
|switch|p1a: Weezing|Weezing-Galar, M|37/100
|-damage|p1a: Weezing|25/100|[from] Stealth Rock
|cant|p2a: StarPlatinum|slp
|
|upkeep
|turn|74
|
|t:|1614657664
|move|p1a: Weezing|Pain Split|p2a: StarPlatinum
|-sethp|p2a: StarPlatinum|61/100 slp|[from] move: Pain Split|[silent]
|-sethp|p1a: Weezing|71/100|[from] move: Pain Split
|cant|p2a: StarPlatinum|slp
|
|-heal|p2a: StarPlatinum|67/100 slp|[from] item: Leftovers
|upkeep
|turn|75
|
|t:|1614657668
|move|p1a: Weezing|Defog|p2a: StarPlatinum
|-unboost|p2a: StarPlatinum|evasion|1
|-sideend|p1: lobstergang|Stealth Rock|[from] move: Defog|[of] p1a: Weezing
|-curestatus|p2a: StarPlatinum|slp|[msg]
|move|p2a: StarPlatinum|Scald|p1a: Weezing
|-damage|p1a: Weezing|45/100
|-status|p1a: Weezing|brn
|
|-heal|p2a: StarPlatinum|73/100|[from] item: Leftovers
|-damage|p1a: Weezing|39/100 brn|[from] brn
|upkeep
|turn|76
|
|t:|1614657675
|switch|p2a: PurpleHaze|Drapion, M|62/100
|move|p1a: Weezing|Pain Split|p2a: PurpleHaze
|-sethp|p2a: PurpleHaze|50/100|[from] move: Pain Split|[silent]
|-sethp|p1a: Weezing|51/100 brn|[from] move: Pain Split
|
|-heal|p2a: PurpleHaze|56/100|[from] item: Black Sludge
|-damage|p1a: Weezing|45/100 brn|[from] brn
|upkeep
|turn|77
|
|t:|1614657677
|switch|p1a: Gastrodon|Gastrodon, F|94/100
|move|p2a: PurpleHaze|Knock Off|p1a: Gastrodon
|-damage|p1a: Gastrodon|78/100
|
|-heal|p2a: PurpleHaze|62/100|[from] item: Black Sludge
|upkeep
|turn|78
|
|t:|1614657682
|switch|p2a: StarPlatinum|Quagsire, M, shiny|73/100
|move|p1a: Gastrodon|Earth Power|p2a: StarPlatinum
|-damage|p2a: StarPlatinum|38/100
|
|-heal|p2a: StarPlatinum|44/100|[from] item: Leftovers
|upkeep
|turn|79
|
|t:|1614657687
|move|p1a: Gastrodon|Earth Power|p2a: StarPlatinum
|-damage|p2a: StarPlatinum|9/100
|move|p2a: StarPlatinum|Recover|p2a: StarPlatinum
|-heal|p2a: StarPlatinum|59/100
|
|-heal|p2a: StarPlatinum|65/100|[from] item: Leftovers
|upkeep
|turn|80
|
|t:|1614657692
|move|p1a: Gastrodon|Earth Power|p2a: StarPlatinum
|-damage|p2a: StarPlatinum|29/100
|move|p2a: StarPlatinum|Stockpile|p2a: StarPlatinum
|-start|p2a: StarPlatinum|stockpile1
|-boost|p2a: StarPlatinum|def|1
|-boost|p2a: StarPlatinum|spd|1
|
|-heal|p2a: StarPlatinum|35/100|[from] item: Leftovers
|upkeep
|turn|81
|
|t:|1614657707
|switch|p1a: Slowking|Slowking-Galar, M|86/100
|move|p2a: StarPlatinum|Recover|p2a: StarPlatinum
|-heal|p2a: StarPlatinum|85/100
|
|-heal|p2a: StarPlatinum|91/100|[from] item: Leftovers
|upkeep
|turn|82
|
|t:|1614657712
|switch|p2a: PurpleHaze|Drapion, M|62/100
|move|p1a: Slowking|Future Sight|p2a: PurpleHaze
|-start|p1a: Slowking|move: Future Sight
|
|-heal|p2a: PurpleHaze|68/100|[from] item: Black Sludge
|upkeep
|turn|83
|
|t:|1614657720
|switch|p1a: Gastrodon|Gastrodon, F|78/100
|move|p2a: PurpleHaze|Earthquake|p1a: Gastrodon
|-damage|p1a: Gastrodon|59/100
|
|-heal|p2a: PurpleHaze|74/100|[from] item: Black Sludge
|upkeep
|turn|84
|
|t:|1614657727
|switch|p2a: CatchTheRainbow|Mantine, M|82/100
|move|p1a: Gastrodon|Earth Power|p2a: CatchTheRainbow
|-immune|p2a: CatchTheRainbow
|
|-end|p2a: CatchTheRainbow|move: Future Sight
|-damage|p2a: CatchTheRainbow|56/100
|-heal|p2a: CatchTheRainbow|63/100|[from] item: Leftovers
|upkeep
|turn|85
|
|t:|1614657745
|switch|p2a: PurpleHaze|Drapion, M|74/100
|switch|p1a: Slowking|Slowking-Galar, M|100/100
|
|-heal|p2a: PurpleHaze|80/100|[from] item: Black Sludge
|upkeep
|turn|86
|
|t:|1614657750
|switch|p1a: Gastrodon|Gastrodon, F|59/100
|move|p2a: PurpleHaze|Knock Off|p1a: Gastrodon
|-damage|p1a: Gastrodon|42/100
|
|-heal|p2a: PurpleHaze|86/100|[from] item: Black Sludge
|upkeep
|turn|87
|
|t:|1614657754
|move|p2a: PurpleHaze|Ice Fang|p1a: Gastrodon
|-crit|p1a: Gastrodon
|-damage|p1a: Gastrodon|25/100
|-status|p1a: Gastrodon|frz
|cant|p1a: Gastrodon|frz
|
|-heal|p2a: PurpleHaze|92/100|[from] item: Black Sludge
|upkeep
|turn|88
|
|t:|1614657760
|switch|p1a: Weezing|Weezing-Galar, M|45/100 brn
|move|p2a: PurpleHaze|Knock Off|p1a: Weezing
|-resisted|p1a: Weezing
|-damage|p1a: Weezing|38/100 brn
|
|-heal|p2a: PurpleHaze|98/100|[from] item: Black Sludge
|-damage|p1a: Weezing|32/100 brn|[from] brn
|upkeep
|turn|89
|
|t:|1614657763
|move|p2a: PurpleHaze|Knock Off|p1a: Weezing
|-resisted|p1a: Weezing
|-damage|p1a: Weezing|25/100 brn
|move|p1a: Weezing|Pain Split|p2a: PurpleHaze
|-sethp|p2a: PurpleHaze|62/100|[from] move: Pain Split|[silent]
|-sethp|p1a: Weezing|63/100 brn|[from] move: Pain Split
|
|-heal|p2a: PurpleHaze|68/100|[from] item: Black Sludge
|-damage|p1a: Weezing|57/100 brn|[from] brn
|upkeep
|turn|90
|
|t:|1614657775
|switch|p2a: Magician'sRed|Volcarona, M|79/100
|move|p1a: Weezing|Will-O-Wisp|p2a: Magician'sRed
|-immune|p2a: Magician'sRed
|
|-heal|p2a: Magician'sRed|85/100|[from] item: Leftovers
|-damage|p1a: Weezing|51/100 brn|[from] brn
|upkeep
|turn|91
|c| outz lalawee|your drapion hits piss poor
|
|t:|1614657785
|switch|p1a: Dragonite|Dragonite, F|94/100
|move|p2a: Magician'sRed|Fiery Dance|p1a: Dragonite
|-resisted|p1a: Dragonite
|-damage|p1a: Dragonite|77/100
|
|-heal|p2a: Magician'sRed|92/100|[from] item: Leftovers
|upkeep
|turn|92
|
|t:|1614657794
|switch|p1a: Slowking|Slowking-Galar, M|100/100
|switch|p2a: StarPlatinum|Quagsire, M, shiny|91/100
|
|-heal|p2a: StarPlatinum|97/100|[from] item: Leftovers
|upkeep
|turn|93
|
|t:|1614657798
|switch|p2a: PurpleHaze|Drapion, M|68/100
|move|p1a: Slowking|Future Sight|p2a: PurpleHaze
|-start|p1a: Slowking|move: Future Sight
|
|-heal|p2a: PurpleHaze|74/100|[from] item: Black Sludge
|upkeep
|turn|94
|
|t:|1614657805
|switch|p1a: Weezing|Weezing-Galar, M|51/100 brn
|move|p2a: PurpleHaze|Knock Off|p1a: Weezing
|-resisted|p1a: Weezing
|-damage|p1a: Weezing|45/100 brn
|
|-heal|p2a: PurpleHaze|80/100|[from] item: Black Sludge
|-damage|p1a: Weezing|39/100 brn|[from] brn
|upkeep
|turn|95
|
|t:|1614657809
|move|p2a: PurpleHaze|Knock Off|p1a: Weezing
|-resisted|p1a: Weezing
|-damage|p1a: Weezing|31/100 brn
|move|p1a: Weezing|Pain Split|p2a: PurpleHaze
|-sethp|p2a: PurpleHaze|55/100|[from] move: Pain Split|[silent]
|-sethp|p1a: Weezing|57/100 brn|[from] move: Pain Split
|
|-end|p2a: PurpleHaze|move: Future Sight
|-immune|p2a: PurpleHaze
|-heal|p2a: PurpleHaze|61/100|[from] item: Black Sludge
|-damage|p1a: Weezing|51/100 brn|[from] brn
|upkeep
|turn|96
|
|t:|1614657818
|move|p2a: PurpleHaze|Knock Off|p1a: Weezing
|-resisted|p1a: Weezing
|-damage|p1a: Weezing|45/100 brn
|move|p1a: Weezing|Will-O-Wisp|p2a: PurpleHaze|[miss]
|-miss|p1a: Weezing|p2a: PurpleHaze
|
|-heal|p2a: PurpleHaze|67/100|[from] item: Black Sludge
|-damage|p1a: Weezing|39/100 brn|[from] brn
|upkeep
|turn|97
|
|t:|1614657822
|move|p2a: PurpleHaze|Rest|p2a: PurpleHaze
|-status|p2a: PurpleHaze|slp|[from] move: Rest
|-heal|p2a: PurpleHaze|100/100 slp|[silent]
|move|p1a: Weezing|Pain Split|p2a: PurpleHaze
|-sethp|p2a: PurpleHaze|69/100 slp|[from] move: Pain Split|[silent]
|-sethp|p1a: Weezing|71/100 brn|[from] move: Pain Split
|
|-heal|p2a: PurpleHaze|75/100 slp|[from] item: Black Sludge
|-damage|p1a: Weezing|65/100 brn|[from] brn
|upkeep
|turn|98
|
|t:|1614657842
|switch|p1a: Krookodile|Krookodile, F|93/100
|-ability|p1a: Krookodile|Intimidate|boost
|-unboost|p2a: PurpleHaze|atk|1
|cant|p2a: PurpleHaze|slp
|
|-heal|p1a: Krookodile|99/100|[from] item: Leftovers
|-heal|p2a: PurpleHaze|81/100 slp|[from] item: Black Sludge
|upkeep
|turn|99
|
|t:|1614657849
|switch|p2a: Magician'sRed|Volcarona, M|92/100
|move|p1a: Krookodile|Knock Off|p2a: Magician'sRed
|-damage|p2a: Magician'sRed|59/100
|-status|p1a: Krookodile|brn|[from] ability: Flame Body|[of] p2a: Magician'sRed
|-enditem|p2a: Magician'sRed|Leftovers|[from] move: Knock Off|[of] p1a: Krookodile
|
|-heal|p1a: Krookodile|100/100 brn|[from] item: Leftovers
|-damage|p1a: Krookodile|94/100 brn|[from] brn
|upkeep
|turn|100
|
|t:|1614657863
|switch|p1a: Slowking|Slowking-Galar, M|100/100
|move|p2a: Magician'sRed|Roost|p2a: Magician'sRed
|-heal|p2a: Magician'sRed|100/100
|-singleturn|p2a: Magician'sRed|move: Roost
|
|upkeep
|turn|101
|
|t:|1614657871
|switch|p2a: PurpleHaze|Drapion, M|81/100 slp
|move|p1a: Slowking|Sludge Bomb|p2a: PurpleHaze
|-resisted|p2a: PurpleHaze
|-damage|p2a: PurpleHaze|66/100 slp
|
|-heal|p2a: PurpleHaze|72/100 slp|[from] item: Black Sludge
|upkeep
|turn|102
|
|t:|1614657882
|switch|p1a: Weezing|Weezing-Galar, M|65/100 brn
|cant|p2a: PurpleHaze|slp
|
|-heal|p2a: PurpleHaze|78/100 slp|[from] item: Black Sludge
|-damage|p1a: Weezing|59/100 brn|[from] brn
|upkeep
|turn|103
|inactive|lobstergang has 120 seconds left.
|
|t:|1614657898
|switch|p2a: Magician'sRed|Volcarona, M|100/100
|switch|p1a: Krookodile|Krookodile, F|94/100 brn
|-ability|p1a: Krookodile|Intimidate|boost
|-unboost|p2a: Magician'sRed|atk|1
|
|-heal|p1a: Krookodile|100/100 brn|[from] item: Leftovers
|-damage|p1a: Krookodile|94/100 brn|[from] brn
|upkeep
|turn|104
|
|t:|1614657902
|switch|p1a: Dragonite|Dragonite, F|77/100
|switch|p2a: ManInTheMirror|Xatu, F|72/100
|
|upkeep
|turn|105
|inactive|lobstergang has 120 seconds left.
|
|t:|1614657915
|switch|p1a: Gastrodon|Gastrodon, F|25/100 frz
|move|p2a: ManInTheMirror|Roost|p2a: ManInTheMirror
|-heal|p2a: ManInTheMirror|100/100
|-singleturn|p2a: ManInTheMirror|move: Roost
|
|upkeep
|turn|106
|
|t:|1614657922
|switch|p2a: CatchTheRainbow|Mantine, M|63/100
|-curestatus|p1a: Gastrodon|frz|[from] move: Scald
|move|p1a: Gastrodon|Scald|p2a: CatchTheRainbow
|-heal|p2a: CatchTheRainbow|87/100|[from] ability: Water Absorb|[of] p1a: Gastrodon
|
|-heal|p2a: CatchTheRainbow|94/100|[from] item: Leftovers
|upkeep
|turn|107
|
|t:|1614657932
|switch|p2a: ManInTheMirror|Xatu, F|100/100
|switch|p1a: Slowking|Slowking-Galar, M|100/100
|
|upkeep
|turn|108
|
|t:|1614657935
|switch|p2a: PurpleHaze|Drapion, M|78/100 slp
|move|p1a: Slowking|Future Sight|p2a: PurpleHaze
|-start|p1a: Slowking|move: Future Sight
|
|-heal|p2a: PurpleHaze|85/100 slp|[from] item: Black Sludge
|upkeep
|turn|109
|inactive|lobstergang has 120 seconds left.
|l| outz lalawee
|
|t:|1614657944
|switch|p1a: Weezing|Weezing-Galar, M|59/100 brn
|-curestatus|p2a: PurpleHaze|slp|[msg]
|move|p2a: PurpleHaze|Knock Off|p1a: Weezing
|-resisted|p1a: Weezing
|-damage|p1a: Weezing|53/100 brn
|
|-heal|p2a: PurpleHaze|91/100|[from] item: Black Sludge
|-damage|p1a: Weezing|47/100 brn|[from] brn
|upkeep
|turn|110
|
|t:|1614657947
|switch|p2a: Magician'sRed|Volcarona, M|100/100
|move|p1a: Weezing|Pain Split|p2a: Magician'sRed
|-sethp|p2a: Magician'sRed|71/100|[from] move: Pain Split|[silent]
|-sethp|p1a: Weezing|79/100 brn|[from] move: Pain Split
|
|-end|p2a: Magician'sRed|move: Future Sight
|-damage|p2a: Magician'sRed|33/100
|-damage|p1a: Weezing|73/100 brn|[from] brn
|upkeep
|turn|111
|
|t:|1614657957
|switch|p1a: Dragonite|Dragonite, F|77/100
|move|p2a: Magician'sRed|Roost|p2a: Magician'sRed
|-heal|p2a: Magician'sRed|83/100
|-singleturn|p2a: Magician'sRed|move: Roost
|
|upkeep
|turn|112
|
|t:|1614657970
|switch|p2a: StarPlatinum|Quagsire, M, shiny|97/100
|move|p1a: Dragonite|Dual Wingbeat|p2a: StarPlatinum
|-damage|p2a: StarPlatinum|81/100
|-damage|p2a: StarPlatinum|66/100
|-hitcount|p2a: StarPlatinum|2
|
|-heal|p2a: StarPlatinum|72/100|[from] item: Leftovers
|upkeep
|turn|113
|
|t:|1614657979
|move|p1a: Dragonite|Dual Wingbeat|p2a: StarPlatinum
|-damage|p2a: StarPlatinum|56/100
|-damage|p2a: StarPlatinum|40/100
|-hitcount|p2a: StarPlatinum|2
|move|p2a: StarPlatinum|Stockpile|p2a: StarPlatinum
|-start|p2a: StarPlatinum|stockpile1
|-boost|p2a: StarPlatinum|def|1
|-boost|p2a: StarPlatinum|spd|1
|
|-heal|p2a: StarPlatinum|46/100|[from] item: Leftovers
|upkeep
|turn|114
|
|t:|1614657983
|switch|p1a: Gastrodon|Gastrodon, F|25/100
|move|p2a: StarPlatinum|Recover|p2a: StarPlatinum
|-heal|p2a: StarPlatinum|96/100
|
|-heal|p2a: StarPlatinum|100/100|[from] item: Leftovers
|upkeep
|turn|115
|j| NewAgeJerkBoy
|
|t:|1614657990
|switch|p2a: PurpleHaze|Drapion, M|91/100
|move|p1a: Gastrodon|Recover|p1a: Gastrodon
|-heal|p1a: Gastrodon|75/100
|
|-heal|p2a: PurpleHaze|97/100|[from] item: Black Sludge
|upkeep
|turn|116
|inactive|lobstergang has 120 seconds left.
|
|t:|1614658018
|switch|p1a: Weezing|Weezing-Galar, M|73/100 brn
|move|p2a: PurpleHaze|Earthquake|p1a: Weezing
|-immune|p1a: Weezing|[from] ability: Levitate
|
|-heal|p2a: PurpleHaze|100/100|[from] item: Black Sludge
|-damage|p1a: Weezing|67/100 brn|[from] brn
|upkeep
|turn|117
|
|t:|1614658022
|switch|p2a: Magician'sRed|Volcarona, M|83/100
|move|p1a: Weezing|Will-O-Wisp|p2a: Magician'sRed
|-immune|p2a: Magician'sRed
|
|-damage|p1a: Weezing|61/100 brn|[from] brn
|upkeep
|turn|118
|inactive|lobstergang has 120 seconds left.
|
|t:|1614658033
|switch|p1a: Slowking|Slowking-Galar, M|100/100
|move|p2a: Magician'sRed|Fiery Dance|p1a: Slowking
|-damage|p1a: Slowking|86/100
|
|upkeep
|turn|119
|
|t:|1614658040
|switch|p2a: PurpleHaze|Drapion, M|100/100
|move|p1a: Slowking|Sludge Bomb|p2a: PurpleHaze
|-resisted|p2a: PurpleHaze
|-damage|p2a: PurpleHaze|86/100
|
|-heal|p2a: PurpleHaze|92/100|[from] item: Black Sludge
|upkeep
|turn|120
|inactive|lobstergang has 120 seconds left.
|
|t:|1614658050
|switch|p1a: Weezing|Weezing-Galar, M|61/100 brn
|move|p2a: PurpleHaze|Earthquake|p1a: Weezing
|-immune|p1a: Weezing|[from] ability: Levitate
|
|-heal|p2a: PurpleHaze|98/100|[from] item: Black Sludge
|-damage|p1a: Weezing|55/100 brn|[from] brn
|upkeep
|turn|121
|
|t:|1614658055
|switch|p2a: ManInTheMirror|Xatu, F|100/100
|move|p1a: Weezing|Pain Split|p2a: ManInTheMirror
|-sethp|p2a: ManInTheMirror|78/100|[from] move: Pain Split|[silent]
|-sethp|p1a: Weezing|78/100 brn|[from] move: Pain Split
|
|-damage|p1a: Weezing|72/100 brn|[from] brn
|upkeep
|turn|122
|
|t:|1614658063
|switch|p2a: PurpleHaze|Drapion, M|98/100
|switch|p1a: Slowking|Slowking-Galar, M|100/100
|
|-heal|p2a: PurpleHaze|100/100|[from] item: Black Sludge
|upkeep
|turn|123
|
|t:|1614658068
|switch|p1a: Weezing|Weezing-Galar, M|72/100 brn
|move|p2a: PurpleHaze|Knock Off|p1a: Weezing
|-resisted|p1a: Weezing
|-damage|p1a: Weezing|65/100 brn
|
|-damage|p1a: Weezing|59/100 brn|[from] brn
|upkeep
|turn|124
|
|t:|1614658074
|switch|p1a: Krookodile|Krookodile, F|94/100 brn
|-ability|p1a: Krookodile|Intimidate|boost
|-unboost|p2a: PurpleHaze|atk|1
|move|p2a: PurpleHaze|Earthquake|p1a: Krookodile
|-damage|p1a: Krookodile|80/100 brn
|
|-heal|p1a: Krookodile|86/100 brn|[from] item: Leftovers
|-damage|p1a: Krookodile|80/100 brn|[from] brn
|upkeep
|turn|125
|
|t:|1614658082
|switch|p1a: Gastrodon|Gastrodon, F|75/100
|switch|p2a: ManInTheMirror|Xatu, F|78/100
|
|upkeep
|turn|126
|
|t:|1614658088
|switch|p2a: StarPlatinum|Quagsire, M, shiny|100/100
|move|p1a: Gastrodon|Scald|p2a: StarPlatinum
|-damage|p2a: StarPlatinum|68/100
|
|-heal|p2a: StarPlatinum|74/100|[from] item: Leftovers
|upkeep
|turn|127
|
|t:|1614658093
|switch|p1a: Slowking|Slowking-Galar, M|100/100
|move|p2a: StarPlatinum|Stockpile|p2a: StarPlatinum
|-start|p2a: StarPlatinum|stockpile1
|-boost|p2a: StarPlatinum|def|1
|-boost|p2a: StarPlatinum|spd|1
|
|-heal|p2a: StarPlatinum|80/100|[from] item: Leftovers
|upkeep
|turn|128
|
|t:|1614658100
|switch|p2a: PurpleHaze|Drapion, M|100/100
|move|p1a: Slowking|Earthquake|p2a: PurpleHaze
|-supereffective|p2a: PurpleHaze
|-damage|p2a: PurpleHaze|69/100
|
|-heal|p2a: PurpleHaze|75/100|[from] item: Black Sludge
|upkeep
|turn|129
|
|t:|1614658109
|switch|p1a: Gastrodon|Gastrodon, F|75/100
|move|p2a: PurpleHaze|Rest|p2a: PurpleHaze
|-status|p2a: PurpleHaze|slp|[from] move: Rest
|-heal|p2a: PurpleHaze|100/100 slp|[silent]
|
|upkeep
|turn|130
|
|t:|1614658113
|switch|p1a: Krookodile|Krookodile, F|80/100 brn
|-ability|p1a: Krookodile|Intimidate|boost
|-unboost|p2a: PurpleHaze|atk|1
|cant|p2a: PurpleHaze|slp
|
|-heal|p1a: Krookodile|86/100 brn|[from] item: Leftovers
|-damage|p1a: Krookodile|80/100 brn|[from] brn
|upkeep
|turn|131
|
|t:|1614658116
|switch|p2a: ManInTheMirror|Xatu, F|78/100
|move|p1a: Krookodile|Knock Off|p2a: ManInTheMirror
|-supereffective|p2a: ManInTheMirror
|-damage|p2a: ManInTheMirror|29/100
|-damage|p1a: Krookodile|63/100 brn|[from] item: Rocky Helmet|[of] p2a: ManInTheMirror
|-enditem|p2a: ManInTheMirror|Rocky Helmet|[from] move: Knock Off|[of] p1a: Krookodile
|
|-heal|p1a: Krookodile|69/100 brn|[from] item: Leftovers
|-damage|p1a: Krookodile|63/100 brn|[from] brn
|upkeep
|turn|132
|
|t:|1614658119
|move|p1a: Krookodile|Knock Off|p2a: ManInTheMirror
|-supereffective|p2a: ManInTheMirror
|-damage|p2a: ManInTheMirror|0 fnt
|faint|p2a: ManInTheMirror
|
|-heal|p1a: Krookodile|69/100 brn|[from] item: Leftovers
|-damage|p1a: Krookodile|63/100 brn|[from] brn
|upkeep
|
|t:|1614658122
|switch|p2a: WhiteAlbum|Ninetales-Alola, M|72/100
|-weather|Hail|[from] ability: Snow Warning|[of] p2a: WhiteAlbum
|turn|133
|c|☆lobstergang|132 turns in and only one pokemon is dead
|
|t:|1614658134
|switch|p1a: Slowking|Slowking-Galar, M|100/100
|move|p2a: WhiteAlbum|Dark Pulse|p1a: Slowking
|-supereffective|p1a: Slowking
|-crit|p1a: Slowking
|-damage|p1a: Slowking|75/100
|
|-weather|Hail|[upkeep]
|-damage|p1a: Slowking|69/100|[from] Hail
|upkeep
|turn|134
|
|t:|1614658140
|switch|p2a: PurpleHaze|Drapion, M|100/100 slp
|move|p1a: Slowking|Sludge Bomb|p2a: PurpleHaze
|-resisted|p2a: PurpleHaze
|-damage|p2a: PurpleHaze|85/100 slp
|
|-weather|Hail|[upkeep]
|-damage|p2a: PurpleHaze|79/100 slp|[from] Hail
|-damage|p1a: Slowking|62/100|[from] Hail
|-heal|p2a: PurpleHaze|85/100 slp|[from] item: Black Sludge
|upkeep
|turn|135
|
|t:|1614658148
|switch|p1a: Gastrodon|Gastrodon, F|75/100
|cant|p2a: PurpleHaze|slp
|
|-weather|Hail|[upkeep]
|-damage|p2a: PurpleHaze|79/100 slp|[from] Hail
|-damage|p1a: Gastrodon|69/100|[from] Hail
|-heal|p2a: PurpleHaze|85/100 slp|[from] item: Black Sludge
|upkeep
|turn|136
|
|t:|1614658151
|switch|p2a: StarPlatinum|Quagsire, M, shiny|80/100
|move|p1a: Gastrodon|Scald|p2a: StarPlatinum
|-damage|p2a: StarPlatinum|51/100
|
|-weather|Hail|[upkeep]
|-damage|p1a: Gastrodon|63/100|[from] Hail
|-damage|p2a: StarPlatinum|45/100|[from] Hail
|-heal|p2a: StarPlatinum|51/100|[from] item: Leftovers
|upkeep
|turn|137
|
|t:|1614658156
|move|p1a: Gastrodon|Recover|p1a: Gastrodon
|-heal|p1a: Gastrodon|100/100
|move|p2a: StarPlatinum|Recover|p2a: StarPlatinum
|-heal|p2a: StarPlatinum|100/100
|
|-weather|none
|upkeep
|turn|138
|
|t:|1614658160
|move|p1a: Gastrodon|Toxic|p2a: StarPlatinum
|-status|p2a: StarPlatinum|tox
|move|p2a: StarPlatinum|Stockpile|p2a: StarPlatinum
|-start|p2a: StarPlatinum|stockpile1
|-boost|p2a: StarPlatinum|def|1
|-boost|p2a: StarPlatinum|spd|1
|
|-damage|p2a: StarPlatinum|94/100 tox|[from] psn
|upkeep
|turn|139
|inactive|lobstergang has 120 seconds left.
|
|t:|1614658194
|switch|p1a: Slowking|Slowking-Galar, M|96/100
|move|p2a: StarPlatinum|Stockpile|p2a: StarPlatinum
|-start|p2a: StarPlatinum|stockpile2
|-boost|p2a: StarPlatinum|def|1
|-boost|p2a: StarPlatinum|spd|1
|
|-heal|p2a: StarPlatinum|100/100 tox|[from] item: Leftovers
|-damage|p2a: StarPlatinum|88/100 tox|[from] psn
|upkeep
|turn|140
|
|t:|1614658197
|move|p2a: StarPlatinum|Stockpile|p2a: StarPlatinum
|-start|p2a: StarPlatinum|stockpile3
|-boost|p2a: StarPlatinum|def|1
|-boost|p2a: StarPlatinum|spd|1
|move|p1a: Slowking|Future Sight|p2a: StarPlatinum
|-start|p1a: Slowking|move: Future Sight
|
|-heal|p2a: StarPlatinum|94/100 tox|[from] item: Leftovers
|-damage|p2a: StarPlatinum|76/100 tox|[from] psn
|upkeep
|turn|141
|
|t:|1614658201
|move|p2a: StarPlatinum|Rest|p2a: StarPlatinum
|-status|p2a: StarPlatinum|slp|[from] move: Rest
|-heal|p2a: StarPlatinum|100/100 slp|[silent]
|move|p1a: Slowking|Earthquake|p2a: StarPlatinum
|-damage|p2a: StarPlatinum|95/100 slp
|
|-heal|p2a: StarPlatinum|100/100 slp|[from] item: Leftovers
|upkeep
|turn|142
|inactive|lobstergang has 120 seconds left.
|
|t:|1614658218
|switch|p1a: Weezing|Weezing-Galar, M|59/100 brn
|cant|p2a: StarPlatinum|slp
|
|-end|p2a: StarPlatinum|move: Future Sight
|-damage|p2a: StarPlatinum|77/100 slp
|-heal|p2a: StarPlatinum|83/100 slp|[from] item: Leftovers
|-damage|p1a: Weezing|53/100 brn|[from] brn
|upkeep
|turn|143
|
|t:|1614658224
|move|p1a: Weezing|Pain Split|p2a: StarPlatinum
|-sethp|p2a: StarPlatinum|64/100 slp|[from] move: Pain Split|[silent]
|-sethp|p1a: Weezing|75/100 brn|[from] move: Pain Split
|cant|p2a: StarPlatinum|slp
|
|-heal|p2a: StarPlatinum|70/100 slp|[from] item: Leftovers
|-damage|p1a: Weezing|69/100 brn|[from] brn
|upkeep
|turn|144
|
|t:|1614658232
|switch|p1a: Slowking|Slowking-Galar, M|100/100
|-curestatus|p2a: StarPlatinum|slp|[msg]
|move|p2a: StarPlatinum|Scald|p1a: Slowking
|-damage|p1a: Slowking|93/100
|
|-heal|p2a: StarPlatinum|76/100|[from] item: Leftovers
|upkeep
|turn|145
|
|t:|1614658237
|switch|p1a: Gastrodon|Gastrodon, F|100/100
|move|p2a: StarPlatinum|Stockpile||[still]
|-fail|p2a: StarPlatinum
|
|-heal|p2a: StarPlatinum|82/100|[from] item: Leftovers
|upkeep
|turn|146
|j| shinji adventures
|
|t:|1614658242
|switch|p1a: Slowking|Slowking-Galar, M|100/100
|move|p2a: StarPlatinum|Stockpile||[still]
|-fail|p2a: StarPlatinum
|
|-heal|p2a: StarPlatinum|88/100|[from] item: Leftovers
|upkeep
|turn|147
|
|t:|1614658245
|switch|p1a: Gastrodon|Gastrodon, F|100/100
|move|p2a: StarPlatinum|Scald|p1a: Gastrodon
|-ability|p1a: Gastrodon|Storm Drain|boost
|-boost|p1a: Gastrodon|spa|1
|
|-heal|p2a: StarPlatinum|94/100|[from] item: Leftovers
|upkeep
|turn|148
|
|t:|1614658250
|switch|p1a: Slowking|Slowking-Galar, M|100/100
|move|p2a: StarPlatinum|Stockpile||[still]
|-fail|p2a: StarPlatinum
|
|-heal|p2a: StarPlatinum|100/100|[from] item: Leftovers
|upkeep
|turn|149
|
|t:|1614658252
|switch|p2a: PurpleHaze|Drapion, M|85/100 slp
|switch|p1a: Gastrodon|Gastrodon, F|100/100
|
|-heal|p2a: PurpleHaze|91/100 slp|[from] item: Black Sludge
|upkeep
|turn|150
|
|t:|1614658255
|-curestatus|p2a: PurpleHaze|slp|[msg]
|move|p2a: PurpleHaze|Knock Off|p1a: Gastrodon
|-damage|p1a: Gastrodon|83/100
|move|p1a: Gastrodon|Earth Power|p2a: PurpleHaze
|-supereffective|p2a: PurpleHaze
|-damage|p2a: PurpleHaze|45/100
|
|-heal|p2a: PurpleHaze|51/100|[from] item: Black Sludge
|upkeep
|turn|151
|
|t:|1614658263
|move|p2a: PurpleHaze|Earthquake|p1a: Gastrodon
|-damage|p1a: Gastrodon|64/100
|move|p1a: Gastrodon|Toxic|p2a: PurpleHaze
|-immune|p2a: PurpleHaze
|
|-heal|p2a: PurpleHaze|57/100|[from] item: Black Sludge
|upkeep
|turn|152
|
|t:|1614658267
|move|p2a: PurpleHaze|Earthquake|p1a: Gastrodon
|-damage|p1a: Gastrodon|48/100
|move|p1a: Gastrodon|Recover|p1a: Gastrodon
|-heal|p1a: Gastrodon|98/100
|
|-heal|p2a: PurpleHaze|64/100|[from] item: Black Sludge
|upkeep
|turn|153
|
|t:|1614658271
|move|p2a: PurpleHaze|Earthquake|p1a: Gastrodon
|-damage|p1a: Gastrodon|80/100
|move|p1a: Gastrodon|Earth Power|p2a: PurpleHaze
|-supereffective|p2a: PurpleHaze
|-damage|p2a: PurpleHaze|15/100
|
|-heal|p2a: PurpleHaze|21/100|[from] item: Black Sludge
|upkeep
|turn|154
|
|t:|1614658273
|move|p2a: PurpleHaze|Rest|p2a: PurpleHaze
|-status|p2a: PurpleHaze|slp|[from] move: Rest
|-heal|p2a: PurpleHaze|100/100 slp|[silent]
|move|p1a: Gastrodon|Scald|p2a: PurpleHaze
|-damage|p2a: PurpleHaze|78/100 slp
|
|-heal|p2a: PurpleHaze|84/100 slp|[from] item: Black Sludge
|upkeep
|turn|155
|
|t:|1614658277
|cant|p2a: PurpleHaze|slp
|move|p1a: Gastrodon|Earth Power|p2a: PurpleHaze
|-supereffective|p2a: PurpleHaze
|-damage|p2a: PurpleHaze|36/100 slp
|
|-heal|p2a: PurpleHaze|42/100 slp|[from] item: Black Sludge
|upkeep
|turn|156
|
|t:|1614658281
|switch|p2a: CatchTheRainbow|Mantine, M|94/100
|move|p1a: Gastrodon|Earth Power|p2a: CatchTheRainbow
|-immune|p2a: CatchTheRainbow
|
|-heal|p2a: CatchTheRainbow|99/100|[from] item: Leftovers
|upkeep
|turn|157
|
|t:|1614658285
|switch|p2a: StarPlatinum|Quagsire, M, shiny|100/100
|switch|p1a: Slowking|Slowking-Galar, M|100/100
|
|upkeep
|turn|158
|
|t:|1614658289
|switch|p2a: PurpleHaze|Drapion, M|42/100 slp
|move|p1a: Slowking|Future Sight|p2a: PurpleHaze
|-start|p1a: Slowking|move: Future Sight
|
|-heal|p2a: PurpleHaze|48/100 slp|[from] item: Black Sludge
|upkeep
|turn|159
|
|t:|1614658295
|switch|p1a: Gastrodon|Gastrodon, F|80/100
|cant|p2a: PurpleHaze|slp
|
|-heal|p2a: PurpleHaze|54/100 slp|[from] item: Black Sludge
|upkeep
|turn|160
|
|t:|1614658302
|-curestatus|p2a: PurpleHaze|slp|[msg]
|move|p2a: PurpleHaze|Earthquake|p1a: Gastrodon
|-damage|p1a: Gastrodon|62/100
|move|p1a: Gastrodon|Earth Power|p2a: PurpleHaze
|-supereffective|p2a: PurpleHaze
|-damage|p2a: PurpleHaze|2/100
|
|-end|p2a: PurpleHaze|move: Future Sight
|-immune|p2a: PurpleHaze
|-heal|p2a: PurpleHaze|8/100|[from] item: Black Sludge
|upkeep
|turn|161
|
|t:|1614658313
|switch|p1a: Krookodile|Krookodile, F|63/100 brn
|-ability|p1a: Krookodile|Intimidate|boost
|-unboost|p2a: PurpleHaze|atk|1
|move|p2a: PurpleHaze|Rest|p2a: PurpleHaze
|-status|p2a: PurpleHaze|slp|[from] move: Rest
|-heal|p2a: PurpleHaze|100/100 slp|[silent]
|
|-heal|p1a: Krookodile|69/100 brn|[from] item: Leftovers
|-damage|p1a: Krookodile|63/100 brn|[from] brn
|upkeep
|turn|162
|
|t:|1614658325
|switch|p2a: CatchTheRainbow|Mantine, M|99/100
|move|p1a: Krookodile|Knock Off|p2a: CatchTheRainbow
|-damage|p2a: CatchTheRainbow|80/100
|-enditem|p2a: CatchTheRainbow|Leftovers|[from] move: Knock Off|[of] p1a: Krookodile
|
|-heal|p1a: Krookodile|69/100 brn|[from] item: Leftovers
|-damage|p1a: Krookodile|63/100 brn|[from] brn
|upkeep
|turn|163
|
|t:|1614658337
|switch|p1a: Slowking|Slowking-Galar, M|100/100
|move|p2a: CatchTheRainbow|Haze|p2a: CatchTheRainbow
|-clearallboost
|
|upkeep
|turn|164
|
|t:|1614658341
|switch|p2a: PurpleHaze|Drapion, M|100/100 slp
|move|p1a: Slowking|Future Sight|p2a: PurpleHaze
|-start|p1a: Slowking|move: Future Sight
|
|upkeep
|turn|165
|
|t:|1614658345
|switch|p1a: Gastrodon|Gastrodon, F|62/100
|cant|p2a: PurpleHaze|slp
|
|upkeep
|turn|166
|
|t:|1614658348
|cant|p2a: PurpleHaze|slp
|move|p1a: Gastrodon|Earth Power|p2a: PurpleHaze
|-supereffective|p2a: PurpleHaze
|-damage|p2a: PurpleHaze|53/100 slp
|
|-end|p2a: PurpleHaze|move: Future Sight
|-immune|p2a: PurpleHaze
|-heal|p2a: PurpleHaze|60/100 slp|[from] item: Black Sludge
|upkeep
|turn|167
|
|t:|1614658353
|-curestatus|p2a: PurpleHaze|slp|[msg]
|move|p2a: PurpleHaze|Earthquake|p1a: Gastrodon
|-damage|p1a: Gastrodon|43/100
|move|p1a: Gastrodon|Recover|p1a: Gastrodon
|-heal|p1a: Gastrodon|93/100
|
|-heal|p2a: PurpleHaze|66/100|[from] item: Black Sludge
|upkeep
|turn|168
|
|t:|1614658368
|switch|p1a: Weezing|Weezing-Galar, M|69/100 brn
|move|p2a: PurpleHaze|Earthquake|p1a: Weezing
|-immune|p1a: Weezing|[from] ability: Levitate
|
|-heal|p2a: PurpleHaze|72/100|[from] item: Black Sludge
|-damage|p1a: Weezing|63/100 brn|[from] brn
|upkeep
|turn|169
|
|t:|1614658376
|move|p2a: PurpleHaze|Rest|p2a: PurpleHaze
|-status|p2a: PurpleHaze|slp|[from] move: Rest
|-heal|p2a: PurpleHaze|100/100 slp|[silent]
|move|p1a: Weezing|Will-O-Wisp|p2a: PurpleHaze|[miss]
|-miss|p1a: Weezing|p2a: PurpleHaze
|
|-damage|p1a: Weezing|57/100 brn|[from] brn
|upkeep
|turn|170
|
|t:|1614658379
|cant|p2a: PurpleHaze|slp
|move|p1a: Weezing|Pain Split|p2a: PurpleHaze
|-sethp|p2a: PurpleHaze|78/100 slp|[from] move: Pain Split|[silent]
|-sethp|p1a: Weezing|80/100 brn|[from] move: Pain Split
|
|-heal|p2a: PurpleHaze|84/100 slp|[from] item: Black Sludge
|-damage|p1a: Weezing|74/100 brn|[from] brn
|upkeep
|turn|171
|
|t:|1614658390
|switch|p1a: Krookodile|Krookodile, F|63/100 brn
|-ability|p1a: Krookodile|Intimidate|boost
|-unboost|p2a: PurpleHaze|atk|1
|cant|p2a: PurpleHaze|slp
|
|-heal|p1a: Krookodile|69/100 brn|[from] item: Leftovers
|-heal|p2a: PurpleHaze|90/100 slp|[from] item: Black Sludge
|-damage|p1a: Krookodile|63/100 brn|[from] brn
|upkeep
|turn|172
|
|t:|1614658392
|switch|p2a: CatchTheRainbow|Mantine, M|80/100
|move|p1a: Krookodile|Knock Off|p2a: CatchTheRainbow
|-damage|p2a: CatchTheRainbow|68/100
|
|-heal|p1a: Krookodile|69/100 brn|[from] item: Leftovers
|-damage|p1a: Krookodile|63/100 brn|[from] brn
|upkeep
|turn|173
|
|t:|1614658404
|move|p1a: Krookodile|Stealth Rock|p2a: CatchTheRainbow
|-sidestart|p2: Tirkys|move: Stealth Rock
|move|p2a: CatchTheRainbow|Haze|p2a: CatchTheRainbow
|-clearallboost
|
|-heal|p1a: Krookodile|69/100 brn|[from] item: Leftovers
|-damage|p1a: Krookodile|63/100 brn|[from] brn
|upkeep
|turn|174
|
|t:|1614658416
|switch|p1a: Magnezone|Magnezone|100/100
|move|p2a: CatchTheRainbow|Defog|p1a: Magnezone
|-unboost|p1a: Magnezone|evasion|1
|-sideend|p2: Tirkys|Stealth Rock|[from] move: Defog|[of] p2a: CatchTheRainbow
|
|upkeep
|turn|175
|l| NewAgeJerkBoy
|
|t:|1614658421
|switch|p2a: Magician'sRed|Volcarona, M|83/100
|move|p1a: Magnezone|Iron Defense|p1a: Magnezone
|-boost|p1a: Magnezone|def|2
|
|upkeep
|turn|176
|
|t:|1614658427
|switch|p1a: Gastrodon|Gastrodon, F|93/100
|move|p2a: Magician'sRed|Fiery Dance|p1a: Gastrodon
|-resisted|p1a: Gastrodon
|-damage|p1a: Gastrodon|78/100
|-boost|p2a: Magician'sRed|spa|1
|
|upkeep
|turn|177
|
|t:|1614658432
|switch|p2a: PurpleHaze|Drapion, M|90/100 slp
|switch|p1a: Slowking|Slowking-Galar, M|100/100
|
|-heal|p2a: PurpleHaze|96/100 slp|[from] item: Black Sludge
|upkeep
|turn|178
|
|t:|1614658435
|switch|p1a: Gastrodon|Gastrodon, F|78/100
|-curestatus|p2a: PurpleHaze|slp|[msg]
|move|p2a: PurpleHaze|Knock Off|p1a: Gastrodon
|-damage|p1a: Gastrodon|61/100
|
|-heal|p2a: PurpleHaze|100/100|[from] item: Black Sludge
|upkeep
|turn|179
|
|t:|1614658438
|move|p2a: PurpleHaze|Earthquake|p1a: Gastrodon
|-damage|p1a: Gastrodon|45/100
|move|p1a: Gastrodon|Recover|p1a: Gastrodon
|-heal|p1a: Gastrodon|95/100
|
|upkeep
|turn|180
|
|t:|1614658441
|move|p2a: PurpleHaze|Earthquake|p1a: Gastrodon
|-damage|p1a: Gastrodon|78/100
|move|p1a: Gastrodon|Toxic|p2a: PurpleHaze
|-immune|p2a: PurpleHaze
|
|upkeep
|turn|181
|
|t:|1614658447
|move|p2a: PurpleHaze|Earthquake|p1a: Gastrodon
|-damage|p1a: Gastrodon|60/100
|move|p1a: Gastrodon|Scald|p2a: PurpleHaze
|-damage|p2a: PurpleHaze|79/100
|-status|p2a: PurpleHaze|brn
|
|-heal|p2a: PurpleHaze|85/100 brn|[from] item: Black Sludge
|-damage|p2a: PurpleHaze|79/100 brn|[from] brn
|upkeep
|turn|182
|
|t:|1614658466
|switch|p1a: Dragonite|Dragonite, F|77/100
|move|p2a: PurpleHaze|Rest|p2a: PurpleHaze
|-status|p2a: PurpleHaze|slp|[from] move: Rest
|-heal|p2a: PurpleHaze|100/100 slp|[silent]
|
|upkeep
|turn|183
|
|t:|1614658474
|switch|p1a: Gastrodon|Gastrodon, F|60/100
|switch|p2a: WhiteAlbum|Ninetales-Alola, M|72/100
|-weather|Hail|[from] ability: Snow Warning|[of] p2a: WhiteAlbum
|
|-weather|Hail|[upkeep]
|-damage|p1a: Gastrodon|54/100|[from] Hail
|upkeep
|turn|184
|
|t:|1614658477
|switch|p1a: Slowking|Slowking-Galar, M|100/100
|move|p2a: WhiteAlbum|Freeze-Dry|p1a: Slowking
|-damage|p1a: Slowking|91/100
|
|-weather|Hail|[upkeep]
|-damage|p1a: Slowking|85/100|[from] Hail
|upkeep
|turn|185
|
|t:|1614658482
|switch|p2a: PurpleHaze|Drapion, M|100/100 slp
|move|p1a: Slowking|Earthquake|p2a: PurpleHaze
|-supereffective|p2a: PurpleHaze
|-damage|p2a: PurpleHaze|72/100 slp
|
|-weather|Hail|[upkeep]
|-damage|p2a: PurpleHaze|66/100 slp|[from] Hail
|-damage|p1a: Slowking|78/100|[from] Hail
|-heal|p2a: PurpleHaze|72/100 slp|[from] item: Black Sludge
|upkeep
|turn|186
|
|t:|1614658496
|switch|p1a: Gastrodon|Gastrodon, F|54/100
|cant|p2a: PurpleHaze|slp
|
|-weather|Hail|[upkeep]
|-damage|p2a: PurpleHaze|66/100 slp|[from] Hail
|-damage|p1a: Gastrodon|48/100|[from] Hail
|-heal|p2a: PurpleHaze|72/100 slp|[from] item: Black Sludge
|upkeep
|turn|187
|
|t:|1614658499
|cant|p2a: PurpleHaze|slp
|move|p1a: Gastrodon|Recover|p1a: Gastrodon
|-heal|p1a: Gastrodon|98/100
|
|-weather|none
|-heal|p2a: PurpleHaze|78/100 slp|[from] item: Black Sludge
|upkeep
|turn|188
|
|t:|1614658502
|-curestatus|p2a: PurpleHaze|slp|[msg]
|move|p2a: PurpleHaze|Earthquake|p1a: Gastrodon
|-damage|p1a: Gastrodon|82/100
|move|p1a: Gastrodon|Earth Power|p2a: PurpleHaze
|-supereffective|p2a: PurpleHaze
|-damage|p2a: PurpleHaze|27/100
|
|-heal|p2a: PurpleHaze|33/100|[from] item: Black Sludge
|upkeep
|turn|189
|
|t:|1614658510
|switch|p1a: Krookodile|Krookodile, F|63/100 brn
|-ability|p1a: Krookodile|Intimidate|boost
|-unboost|p2a: PurpleHaze|atk|1
|move|p2a: PurpleHaze|Rest|p2a: PurpleHaze
|-status|p2a: PurpleHaze|slp|[from] move: Rest
|-heal|p2a: PurpleHaze|100/100 slp|[silent]
|
|-heal|p1a: Krookodile|69/100 brn|[from] item: Leftovers
|-damage|p1a: Krookodile|63/100 brn|[from] brn
|upkeep
|turn|190
|
|t:|1614658514
|switch|p2a: CatchTheRainbow|Mantine, M|68/100
|move|p1a: Krookodile|Smack Down|p2a: CatchTheRainbow
|-supereffective|p2a: CatchTheRainbow
|-damage|p2a: CatchTheRainbow|55/100
|-start|p2a: CatchTheRainbow|Smack Down
|
|-heal|p1a: Krookodile|69/100 brn|[from] item: Leftovers
|-damage|p1a: Krookodile|63/100 brn|[from] brn
|upkeep
|turn|191
|
|t:|1614658537
|switch|p1a: Slowking|Slowking-Galar, M|100/100
|move|p2a: CatchTheRainbow|Roost|p2a: CatchTheRainbow
|-heal|p2a: CatchTheRainbow|100/100
|-singleturn|p2a: CatchTheRainbow|move: Roost
|
|upkeep
|turn|192
|
|t:|1614658541
|switch|p2a: PurpleHaze|Drapion, M|100/100 slp
|move|p1a: Slowking|Sludge Bomb|p2a: PurpleHaze
|-resisted|p2a: PurpleHaze
|-damage|p2a: PurpleHaze|85/100 slp
|
|-heal|p2a: PurpleHaze|91/100 slp|[from] item: Black Sludge
|upkeep
|turn|193
|
|t:|1614658550
|switch|p1a: Gastrodon|Gastrodon, F|82/100
|cant|p2a: PurpleHaze|slp
|
|-heal|p2a: PurpleHaze|98/100 slp|[from] item: Black Sludge
|upkeep
|turn|194
|
|t:|1614658553
|cant|p2a: PurpleHaze|slp
|move|p1a: Gastrodon|Scald|p2a: PurpleHaze
|-damage|p2a: PurpleHaze|73/100 slp
|
|-heal|p2a: PurpleHaze|79/100 slp|[from] item: Black Sludge
|upkeep
|turn|195
|
|t:|1614658562
|-curestatus|p2a: PurpleHaze|slp|[msg]
|move|p2a: PurpleHaze|Ice Fang|p1a: Gastrodon
|-damage|p1a: Gastrodon|71/100
|move|p1a: Gastrodon|Toxic|p2a: PurpleHaze
|-immune|p2a: PurpleHaze
|
|-heal|p2a: PurpleHaze|85/100|[from] item: Black Sludge
|upkeep
|turn|196
|
|t:|1614658568
|move|p2a: PurpleHaze|Ice Fang|p1a: Gastrodon
|-damage|p1a: Gastrodon|59/100
|move|p1a: Gastrodon|Scald|p2a: PurpleHaze
|-damage|p2a: PurpleHaze|63/100
|-status|p2a: PurpleHaze|brn
|
|-heal|p2a: PurpleHaze|69/100 brn|[from] item: Black Sludge
|-damage|p2a: PurpleHaze|63/100 brn|[from] brn
|upkeep
|turn|197
|
|t:|1614658573
|move|p2a: PurpleHaze|Ice Fang|p1a: Gastrodon
|-damage|p1a: Gastrodon|54/100
|-status|p1a: Gastrodon|frz
|-curestatus|p1a: Gastrodon|frz|[msg]
|move|p1a: Gastrodon|Recover|p1a: Gastrodon
|-heal|p1a: Gastrodon|100/100
|
|-heal|p2a: PurpleHaze|69/100 brn|[from] item: Black Sludge
|-damage|p2a: PurpleHaze|63/100 brn|[from] brn
|upkeep
|turn|198
|
|t:|1614658579
|move|p2a: PurpleHaze|Knock Off|p1a: Gastrodon
|-damage|p1a: Gastrodon|92/100
|move|p1a: Gastrodon|Toxic||[still]
|-fail|p1a: Gastrodon
|
|-heal|p2a: PurpleHaze|69/100 brn|[from] item: Black Sludge
|-damage|p2a: PurpleHaze|63/100 brn|[from] brn
|upkeep
|turn|199
|
|t:|1614658581
|move|p2a: PurpleHaze|Knock Off|p1a: Gastrodon
|-damage|p1a: Gastrodon|84/100
|move|p1a: Gastrodon|Scald|p2a: PurpleHaze
|-damage|p2a: PurpleHaze|39/100 brn
|
|-heal|p2a: PurpleHaze|45/100 brn|[from] item: Black Sludge
|-damage|p2a: PurpleHaze|39/100 brn|[from] brn
|upkeep
|turn|200
|
|t:|1614658584
|move|p2a: PurpleHaze|Rest|p2a: PurpleHaze
|-status|p2a: PurpleHaze|slp|[from] move: Rest
|-heal|p2a: PurpleHaze|100/100 slp|[silent]
|move|p1a: Gastrodon|Recover|p1a: Gastrodon
|-heal|p1a: Gastrodon|100/100
|
|upkeep
|turn|201
|
|t:|1614658587
|cant|p2a: PurpleHaze|slp
|move|p1a: Gastrodon|Scald|p2a: PurpleHaze
|-damage|p2a: PurpleHaze|78/100 slp
|
|-heal|p2a: PurpleHaze|85/100 slp|[from] item: Black Sludge
|upkeep
|turn|202
|
|t:|1614658597
|cant|p2a: PurpleHaze|slp
|move|p1a: Gastrodon|Scald|p2a: PurpleHaze
|-damage|p2a: PurpleHaze|63/100 slp
|
|-heal|p2a: PurpleHaze|69/100 slp|[from] item: Black Sludge
|upkeep
|turn|203
|
|t:|1614658615
|-curestatus|p2a: PurpleHaze|slp|[msg]
|move|p2a: PurpleHaze|Ice Fang|p1a: Gastrodon
|-damage|p1a: Gastrodon|90/100
|move|p1a: Gastrodon|Earth Power|p2a: PurpleHaze
|-supereffective|p2a: PurpleHaze
|-damage|p2a: PurpleHaze|23/100
|
|-heal|p2a: PurpleHaze|30/100|[from] item: Black Sludge
|upkeep
|turn|204
|
|t:|1614658629
|move|p2a: PurpleHaze|Rest|p2a: PurpleHaze
|-status|p2a: PurpleHaze|slp|[from] move: Rest
|-heal|p2a: PurpleHaze|100/100 slp|[silent]
|move|p1a: Gastrodon|Scald|p2a: PurpleHaze
|-damage|p2a: PurpleHaze|78/100 slp
|
|-heal|p2a: PurpleHaze|84/100 slp|[from] item: Black Sludge
|upkeep
|turn|205
|
|t:|1614658638
|switch|p1a: Weezing|Weezing-Galar, M|74/100 brn
|cant|p2a: PurpleHaze|slp
|
|-heal|p2a: PurpleHaze|90/100 slp|[from] item: Black Sludge
|-damage|p1a: Weezing|68/100 brn|[from] brn
|upkeep
|turn|206
|
|t:|1614658646
|switch|p2a: Magician'sRed|Volcarona, M|83/100
|move|p1a: Weezing|Defog|p2a: Magician'sRed
|-unboost|p2a: Magician'sRed|evasion|1
|
|-damage|p1a: Weezing|62/100 brn|[from] brn
|upkeep
|turn|207
|
|t:|1614658652
|switch|p1a: Dragonite|Dragonite, F|77/100
|move|p2a: Magician'sRed|Quiver Dance|p2a: Magician'sRed
|-boost|p2a: Magician'sRed|spa|1
|-boost|p2a: Magician'sRed|spd|1
|-boost|p2a: Magician'sRed|spe|1
|
|upkeep
|turn|208
|
|t:|1614658657
|switch|p2a: StarPlatinum|Quagsire, M, shiny|100/100
|move|p1a: Dragonite|Dragon Dance|p1a: Dragonite
|-boost|p1a: Dragonite|atk|1
|-boost|p1a: Dragonite|spe|1
|
|upkeep
|turn|209
|inactive|lobstergang has 120 seconds left.
|
|t:|1614658673
|switch|p1a: Gastrodon|Gastrodon, F|90/100
|move|p2a: StarPlatinum|Scald|p1a: Gastrodon
|-ability|p1a: Gastrodon|Storm Drain|boost
|-boost|p1a: Gastrodon|spa|1
|
|upkeep
|turn|210
|
|t:|1614658679
|move|p1a: Gastrodon|Toxic|p2a: StarPlatinum
|-status|p2a: StarPlatinum|tox
|move|p2a: StarPlatinum|Stockpile|p2a: StarPlatinum
|-start|p2a: StarPlatinum|stockpile1
|-boost|p2a: StarPlatinum|def|1
|-boost|p2a: StarPlatinum|spd|1
|
|-damage|p2a: StarPlatinum|94/100 tox|[from] psn
|upkeep
|turn|211
|
|t:|1614658689
|switch|p1a: Slowking|Slowking-Galar, M|100/100
|move|p2a: StarPlatinum|Rest|p2a: StarPlatinum
|-status|p2a: StarPlatinum|slp|[from] move: Rest
|-heal|p2a: StarPlatinum|100/100 slp|[silent]
|
|upkeep
|turn|212
|
|t:|1614658694
|switch|p2a: PurpleHaze|Drapion, M|90/100 slp
|switch|p1a: Gastrodon|Gastrodon, F|90/100
|
|-heal|p2a: PurpleHaze|96/100 slp|[from] item: Black Sludge
|upkeep
|turn|213
|
|t:|1614658697
|cant|p2a: PurpleHaze|slp
|move|p1a: Gastrodon|Scald|p2a: PurpleHaze
|-damage|p2a: PurpleHaze|75/100 slp
|
|-heal|p2a: PurpleHaze|81/100 slp|[from] item: Black Sludge
|upkeep
|turn|214
|
|t:|1614658701
|switch|p2a: StarPlatinum|Quagsire, M, shiny|100/100 slp
|move|p1a: Gastrodon|Scald|p2a: StarPlatinum
|-crit|p2a: StarPlatinum
|-damage|p2a: StarPlatinum|57/100 slp
|
|-heal|p2a: StarPlatinum|63/100 slp|[from] item: Leftovers
|upkeep
|turn|215
|
|t:|1614658713
|switch|p1a: Slowking|Slowking-Galar, M|100/100
|cant|p2a: StarPlatinum|slp
|
|-heal|p2a: StarPlatinum|69/100 slp|[from] item: Leftovers
|upkeep
|turn|216
|
|t:|1614658715
|cant|p2a: StarPlatinum|slp
|move|p1a: Slowking|Sludge Bomb|p2a: StarPlatinum
|-resisted|p2a: StarPlatinum
|-damage|p2a: StarPlatinum|49/100 slp
|
|-heal|p2a: StarPlatinum|55/100 slp|[from] item: Leftovers
|upkeep
|turn|217
|
|t:|1614658718
|-curestatus|p2a: StarPlatinum|slp|[msg]
|move|p2a: StarPlatinum|Recover|p2a: StarPlatinum
|-heal|p2a: StarPlatinum|100/100
|move|p1a: Slowking|Future Sight|p2a: StarPlatinum
|-start|p1a: Slowking|move: Future Sight
|
|upkeep
|turn|218
|
|t:|1614658724
|switch|p2a: PurpleHaze|Drapion, M|81/100 slp
|move|p1a: Slowking|Earthquake|p2a: PurpleHaze
|-supereffective|p2a: PurpleHaze
|-damage|p2a: PurpleHaze|53/100 slp
|
|-heal|p2a: PurpleHaze|59/100 slp|[from] item: Black Sludge
|upkeep
|turn|219
|
|t:|1614658738
|switch|p1a: Gastrodon|Gastrodon, F|90/100
|-curestatus|p2a: PurpleHaze|slp|[msg]
|move|p2a: PurpleHaze|Ice Fang|p1a: Gastrodon
|-damage|p1a: Gastrodon|78/100
|
|-end|p2a: PurpleHaze|move: Future Sight
|-immune|p2a: PurpleHaze
|-heal|p2a: PurpleHaze|65/100|[from] item: Black Sludge
|upkeep
|turn|220
|
|t:|1614658745
|switch|p2a: CatchTheRainbow|Mantine, M|100/100
|move|p1a: Gastrodon|Scald|p2a: CatchTheRainbow
|-immune|p2a: CatchTheRainbow|[from] ability: Water Absorb
|
|upkeep
|turn|221
|
|t:|1614658753
|switch|p2a: PurpleHaze|Drapion, M|65/100
|switch|p1a: Slowking|Slowking-Galar, M|100/100
|
|-heal|p2a: PurpleHaze|71/100|[from] item: Black Sludge
|upkeep
|turn|222
|
|t:|1614658757
|switch|p1a: Weezing|Weezing-Galar, M|62/100 brn
|move|p2a: PurpleHaze|Ice Fang|p1a: Weezing
|-damage|p1a: Weezing|53/100 brn
|
|-heal|p2a: PurpleHaze|77/100|[from] item: Black Sludge
|-damage|p1a: Weezing|47/100 brn|[from] brn
|upkeep
|turn|223
|
|t:|1614658760
|switch|p2a: Magician'sRed|Volcarona, M|83/100
|move|p1a: Weezing|Pain Split|p2a: Magician'sRed
|-sethp|p2a: Magician'sRed|62/100|[from] move: Pain Split|[silent]
|-sethp|p1a: Weezing|69/100 brn|[from] move: Pain Split
|
|-damage|p1a: Weezing|63/100 brn|[from] brn
|upkeep
|turn|224
|
|t:|1614658764
|switch|p1a: Dragonite|Dragonite, F|77/100
|move|p2a: Magician'sRed|Quiver Dance|p2a: Magician'sRed
|-boost|p2a: Magician'sRed|spa|1
|-boost|p2a: Magician'sRed|spd|1
|-boost|p2a: Magician'sRed|spe|1
|
|upkeep
|turn|225
|
|t:|1614658772
|switch|p2a: StarPlatinum|Quagsire, M, shiny|100/100
|move|p1a: Dragonite|Dual Wingbeat|p2a: StarPlatinum
|-damage|p2a: StarPlatinum|85/100
|-damage|p2a: StarPlatinum|71/100
|-hitcount|p2a: StarPlatinum|2
|
|-heal|p2a: StarPlatinum|77/100|[from] item: Leftovers
|upkeep
|turn|226
|
|t:|1614658782
|switch|p1a: Gastrodon|Gastrodon, F|78/100
|move|p2a: StarPlatinum|Scald|p1a: Gastrodon
|-ability|p1a: Gastrodon|Storm Drain|boost
|-boost|p1a: Gastrodon|spa|1
|
|-heal|p2a: StarPlatinum|83/100|[from] item: Leftovers
|upkeep
|turn|227
|
|t:|1614658786
|switch|p1a: Slowking|Slowking-Galar, M|100/100
|move|p2a: StarPlatinum|Stockpile|p2a: StarPlatinum
|-start|p2a: StarPlatinum|stockpile1
|-boost|p2a: StarPlatinum|def|1
|-boost|p2a: StarPlatinum|spd|1
|
|-heal|p2a: StarPlatinum|89/100|[from] item: Leftovers
|upkeep
|turn|228
|
|t:|1614658788
|switch|p2a: PurpleHaze|Drapion, M|77/100
|switch|p1a: Gastrodon|Gastrodon, F|78/100
|
|-heal|p2a: PurpleHaze|83/100|[from] item: Black Sludge
|upkeep
|turn|229
|
|t:|1614658793
|switch|p2a: StarPlatinum|Quagsire, M, shiny|89/100
|switch|p1a: Weezing|Weezing-Galar, M|63/100 brn
|
|-heal|p2a: StarPlatinum|95/100|[from] item: Leftovers
|-damage|p1a: Weezing|57/100 brn|[from] brn
|upkeep
|turn|230
|
|t:|1614658797
|switch|p2a: Magician'sRed|Volcarona, M|62/100
|move|p1a: Weezing|Pain Split|p2a: Magician'sRed
|-sethp|p2a: Magician'sRed|57/100|[from] move: Pain Split|[silent]
|-sethp|p1a: Weezing|63/100 brn|[from] move: Pain Split
|
|-damage|p1a: Weezing|57/100 brn|[from] brn
|upkeep
|turn|231
|
|t:|1614658800
|switch|p1a: Dragonite|Dragonite, F|77/100
|move|p2a: Magician'sRed|Quiver Dance|p2a: Magician'sRed
|-boost|p2a: Magician'sRed|spa|1
|-boost|p2a: Magician'sRed|spd|1
|-boost|p2a: Magician'sRed|spe|1
|
|upkeep
|turn|232
|l| longboarder
|
|t:|1614658809
|switch|p2a: StarPlatinum|Quagsire, M, shiny|95/100
|move|p1a: Dragonite|Dragon Dance|p1a: Dragonite
|-boost|p1a: Dragonite|atk|1
|-boost|p1a: Dragonite|spe|1
|
|-heal|p2a: StarPlatinum|100/100|[from] item: Leftovers
|upkeep
|turn|233
|
|t:|1614658814
|switch|p1a: Gastrodon|Gastrodon, F|78/100
|move|p2a: StarPlatinum|Scald|p1a: Gastrodon
|-ability|p1a: Gastrodon|Storm Drain|boost
|-boost|p1a: Gastrodon|spa|1
|
|upkeep
|turn|234
|
|t:|1614658823
|switch|p1a: Slowking|Slowking-Galar, M|100/100
|move|p2a: StarPlatinum|Stockpile|p2a: StarPlatinum
|-start|p2a: StarPlatinum|stockpile1
|-boost|p2a: StarPlatinum|def|1
|-boost|p2a: StarPlatinum|spd|1
|
|upkeep
|turn|235
|
|t:|1614658827
|switch|p2a: PurpleHaze|Drapion, M|83/100
|switch|p1a: Gastrodon|Gastrodon, F|78/100
|
|-heal|p2a: PurpleHaze|89/100|[from] item: Black Sludge
|upkeep
|turn|236
|
|t:|1614658833
|switch|p2a: WhiteAlbum|Ninetales-Alola, M|72/100
|-weather|Hail|[from] ability: Snow Warning|[of] p2a: WhiteAlbum
|switch|p1a: Weezing|Weezing-Galar, M|57/100 brn
|
|-weather|Hail|[upkeep]
|-damage|p1a: Weezing|51/100 brn|[from] Hail
|-damage|p1a: Weezing|45/100 brn|[from] brn
|upkeep
|turn|237
|
|t:|1614658837
|switch|p2a: Magician'sRed|Volcarona, M|57/100
|switch|p1a: Slowking|Slowking-Galar, M|100/100
|
|-weather|Hail|[upkeep]
|-damage|p2a: Magician'sRed|51/100|[from] Hail
|-damage|p1a: Slowking|94/100|[from] Hail
|upkeep
|turn|238
|
|t:|1614658850
|move|p2a: Magician'sRed|Roost|p2a: Magician'sRed
|-heal|p2a: Magician'sRed|100/100
|-singleturn|p2a: Magician'sRed|move: Roost
|move|p1a: Slowking|Future Sight|p2a: Magician'sRed
|-start|p1a: Slowking|move: Future Sight
|
|-weather|Hail|[upkeep]
|-damage|p2a: Magician'sRed|94/100|[from] Hail
|-damage|p1a: Slowking|88/100|[from] Hail
|upkeep
|turn|239
|
|t:|1614658855
|switch|p2a: PurpleHaze|Drapion, M|89/100
|switch|p1a: Dragonite|Dragonite, F|77/100
|
|-weather|Hail|[upkeep]
|-damage|p1a: Dragonite|71/100|[from] Hail
|-damage|p2a: PurpleHaze|83/100|[from] Hail
|-heal|p2a: PurpleHaze|89/100|[from] item: Black Sludge
|upkeep
|turn|240
|
|t:|1614658861
|switch|p1a: Gastrodon|Gastrodon, F|78/100
|move|p2a: PurpleHaze|Knock Off|p1a: Gastrodon
|-damage|p1a: Gastrodon|60/100
|
|-weather|none
|-end|p2a: PurpleHaze|move: Future Sight
|-immune|p2a: PurpleHaze
|-heal|p2a: PurpleHaze|96/100|[from] item: Black Sludge
|upkeep
|turn|241
|inactive|lobstergang has 90 seconds left.
|
|t:|1614658874
|switch|p2a: StarPlatinum|Quagsire, M, shiny|100/100
|move|p1a: Gastrodon|Recover|p1a: Gastrodon
|-heal|p1a: Gastrodon|100/100
|
|upkeep
|turn|242
|
|t:|1614658880
|switch|p1a: Slowking|Slowking-Galar, M|100/100
|move|p2a: StarPlatinum|Scald|p1a: Slowking
|-damage|p1a: Slowking|93/100
|-status|p1a: Slowking|brn
|
|-damage|p1a: Slowking|87/100 brn|[from] brn
|upkeep
|turn|243
|inactive|lobstergang has 90 seconds left.
|
|t:|1614658885
|switch|p2a: PurpleHaze|Drapion, M|96/100
|switch|p1a: Gastrodon|Gastrodon, F|100/100
|
|-heal|p2a: PurpleHaze|100/100|[from] item: Black Sludge
|upkeep
|turn|244
|inactive|lobstergang has 90 seconds left.
|
|t:|1614658896
|switch|p2a: WhiteAlbum|Ninetales-Alola, M|72/100
|-weather|Hail|[from] ability: Snow Warning|[of] p2a: WhiteAlbum
|switch|p1a: Slowking|Slowking-Galar, M|100/100 brn
|
|-weather|Hail|[upkeep]
|-damage|p1a: Slowking|94/100 brn|[from] Hail
|-damage|p1a: Slowking|88/100 brn|[from] brn
|upkeep
|turn|245
|
|t:|1614658902
|switch|p2a: PurpleHaze|Drapion, M|100/100
|move|p1a: Slowking|Flamethrower|p2a: PurpleHaze
|-damage|p2a: PurpleHaze|80/100
|
|-weather|Hail|[upkeep]
|-damage|p2a: PurpleHaze|74/100|[from] Hail
|-damage|p1a: Slowking|82/100 brn|[from] Hail
|-heal|p2a: PurpleHaze|80/100|[from] item: Black Sludge
|-damage|p1a: Slowking|76/100 brn|[from] brn
|upkeep
|turn|246
|
|t:|1614658907
|switch|p1a: Gastrodon|Gastrodon, F|100/100
|move|p2a: PurpleHaze|Ice Fang|p1a: Gastrodon
|-damage|p1a: Gastrodon|88/100
|
|-weather|Hail|[upkeep]
|-damage|p2a: PurpleHaze|74/100|[from] Hail
|-damage|p1a: Gastrodon|82/100|[from] Hail
|-heal|p2a: PurpleHaze|80/100|[from] item: Black Sludge
|upkeep
|turn|247
|
|t:|1614658915
|switch|p2a: StarPlatinum|Quagsire, M, shiny|100/100
|move|p1a: Gastrodon|Scald|p2a: StarPlatinum
|-damage|p2a: StarPlatinum|70/100
|-status|p2a: StarPlatinum|brn
|
|-weather|Hail|[upkeep]
|-damage|p1a: Gastrodon|76/100|[from] Hail
|-damage|p2a: StarPlatinum|64/100 brn|[from] Hail
|-heal|p2a: StarPlatinum|70/100 brn|[from] item: Leftovers
|-damage|p2a: StarPlatinum|64/100 brn|[from] brn
|upkeep
|turn|248
|inactive|lobstergang has 60 seconds left.
|
|t:|1614658945
|switch|p1a: Slowking|Slowking-Galar, M|100/100 brn
|move|p2a: StarPlatinum|Stockpile|p2a: StarPlatinum
|-start|p2a: StarPlatinum|stockpile1
|-boost|p2a: StarPlatinum|def|1
|-boost|p2a: StarPlatinum|spd|1
|
|-weather|none
|-heal|p2a: StarPlatinum|70/100 brn|[from] item: Leftovers
|-damage|p2a: StarPlatinum|64/100 brn|[from] brn
|-damage|p1a: Slowking|94/100 brn|[from] brn
|upkeep
|turn|249
|
|t:|1614658961
|switch|p2a: PurpleHaze|Drapion, M|80/100
|switch|p1a: Krookodile|Krookodile, F|63/100 brn
|-ability|p1a: Krookodile|Intimidate|boost
|-unboost|p2a: PurpleHaze|atk|1
|
|-heal|p1a: Krookodile|69/100 brn|[from] item: Leftovers
|-heal|p2a: PurpleHaze|87/100|[from] item: Black Sludge
|-damage|p1a: Krookodile|63/100 brn|[from] brn
|upkeep
|turn|250
|
|t:|1614658965
|move|p1a: Krookodile|Knock Off|p2a: PurpleHaze
|-resisted|p2a: PurpleHaze
|-damage|p2a: PurpleHaze|78/100
|-enditem|p2a: PurpleHaze|Black Sludge|[from] move: Knock Off|[of] p1a: Krookodile
|move|p2a: PurpleHaze|Knock Off|p1a: Krookodile
|-resisted|p1a: Krookodile
|-damage|p1a: Krookodile|53/100 brn
|-enditem|p1a: Krookodile|Leftovers|[from] move: Knock Off|[of] p2a: PurpleHaze
|
|-damage|p1a: Krookodile|46/100 brn|[from] brn
|upkeep
|turn|251
|
|t:|1614658975
|switch|p1a: Gastrodon|Gastrodon, F|76/100
|switch|p2a: CatchTheRainbow|Mantine, M|100/100
|
|upkeep
|turn|252
|
|t:|1614658981
|switch|p1a: Slowking|Slowking-Galar, M|100/100 brn
|move|p2a: CatchTheRainbow|Toxic||[still]
|-fail|p2a: CatchTheRainbow
|
|-damage|p1a: Slowking|94/100 brn|[from] brn
|upkeep
|turn|253
|inactive|lobstergang has 30 seconds left.
|
|t:|1614658993
|switch|p2a: StarPlatinum|Quagsire, M, shiny|64/100 brn
|switch|p1a: Dragonite|Dragonite, F|71/100
|
|-heal|p2a: StarPlatinum|70/100 brn|[from] item: Leftovers
|-damage|p2a: StarPlatinum|64/100 brn|[from] brn
|upkeep
|turn|254
|
|t:|1614658996
|move|p1a: Dragonite|Heal Bell|p1a: Dragonite
|-activate|p1a: Dragonite|move: Heal Bell
|-curestatus|p1: Weezing|brn|[msg]
|-curestatus|p1: Slowking|brn|[msg]
|-curestatus|p1: Krookodile|brn|[msg]
|move|p2a: StarPlatinum|Scald|p1a: Dragonite
|-resisted|p1a: Dragonite
|-crit|p1a: Dragonite
|-damage|p1a: Dragonite|55/100
|-status|p1a: Dragonite|brn
|
|-heal|p2a: StarPlatinum|70/100 brn|[from] item: Leftovers
|-damage|p1a: Dragonite|49/100 brn|[from] brn
|-damage|p2a: StarPlatinum|64/100 brn|[from] brn
|upkeep
|turn|255
|
|t:|1614659000
|move|p1a: Dragonite|Roost|p1a: Dragonite
|-heal|p1a: Dragonite|99/100 brn
|-singleturn|p1a: Dragonite|move: Roost
|move|p2a: StarPlatinum|Scald|p1a: Dragonite
|-resisted|p1a: Dragonite
|-crit|p1a: Dragonite
|-damage|p1a: Dragonite|83/100 brn
|
|-heal|p2a: StarPlatinum|70/100 brn|[from] item: Leftovers
|-damage|p1a: Dragonite|77/100 brn|[from] brn
|-damage|p2a: StarPlatinum|64/100 brn|[from] brn
|upkeep
|turn|256
|
|t:|1614659002
|move|p1a: Dragonite|Heal Bell|p1a: Dragonite
|-activate|p1a: Dragonite|move: Heal Bell
|-curestatus|p1a: Dragonite|brn|[msg]
|move|p2a: StarPlatinum|Scald|p1a: Dragonite
|-resisted|p1a: Dragonite
|-damage|p1a: Dragonite|66/100
|
|-heal|p2a: StarPlatinum|70/100 brn|[from] item: Leftovers
|-damage|p2a: StarPlatinum|64/100 brn|[from] brn
|upkeep
|turn|257
|
|t:|1614659008
|switch|p1a: Gastrodon|Gastrodon, F|76/100
|move|p2a: StarPlatinum|Recover|p2a: StarPlatinum
|-heal|p2a: StarPlatinum|100/100 brn
|
|-damage|p2a: StarPlatinum|94/100 brn|[from] brn
|upkeep
|turn|258
|
|t:|1614659023
|switch|p1a: Slowking|Slowking-Galar, M|100/100
|switch|p2a: WhiteAlbum|Ninetales-Alola, M|72/100
|-weather|Hail|[from] ability: Snow Warning|[of] p2a: WhiteAlbum
|
|-weather|Hail|[upkeep]
|-damage|p1a: Slowking|94/100|[from] Hail
|upkeep
|turn|259
|
|t:|1614659027
|switch|p2a: CatchTheRainbow|Mantine, M|100/100
|move|p1a: Slowking|Flamethrower|p2a: CatchTheRainbow
|-resisted|p2a: CatchTheRainbow
|-damage|p2a: CatchTheRainbow|94/100
|
|-weather|Hail|[upkeep]
|-damage|p2a: CatchTheRainbow|87/100|[from] Hail
|-damage|p1a: Slowking|88/100|[from] Hail
|upkeep
|turn|260
|
|t:|1614659031
|switch|p2a: StarPlatinum|Quagsire, M, shiny|94/100 brn
|move|p1a: Slowking|Sludge Bomb|p2a: StarPlatinum
|-resisted|p2a: StarPlatinum
|-damage|p2a: StarPlatinum|75/100 brn
|
|-weather|Hail|[upkeep]
|-damage|p2a: StarPlatinum|69/100 brn|[from] Hail
|-damage|p1a: Slowking|82/100|[from] Hail
|-heal|p2a: StarPlatinum|75/100 brn|[from] item: Leftovers
|-damage|p2a: StarPlatinum|69/100 brn|[from] brn
|upkeep
|turn|261
|
|t:|1614659038
|move|p2a: StarPlatinum|Stockpile|p2a: StarPlatinum
|-start|p2a: StarPlatinum|stockpile1
|-boost|p2a: StarPlatinum|def|1
|-boost|p2a: StarPlatinum|spd|1
|move|p1a: Slowking|Future Sight|p2a: StarPlatinum
|-start|p1a: Slowking|move: Future Sight
|
|-weather|Hail|[upkeep]
|-damage|p2a: StarPlatinum|63/100 brn|[from] Hail
|-damage|p1a: Slowking|76/100|[from] Hail
|-heal|p2a: StarPlatinum|69/100 brn|[from] item: Leftovers
|-damage|p2a: StarPlatinum|63/100 brn|[from] brn
|upkeep
|turn|262
|
|t:|1614659045
|switch|p1a: Gastrodon|Gastrodon, F|76/100
|move|p2a: StarPlatinum|Recover|p2a: StarPlatinum
|-heal|p2a: StarPlatinum|100/100 brn
|
|-weather|none
|-damage|p2a: StarPlatinum|94/100 brn|[from] brn
|upkeep
|turn|263
|
|t:|1614659048
|switch|p1a: Slowking|Slowking-Galar, M|100/100
|move|p2a: StarPlatinum|Stockpile|p2a: StarPlatinum
|-start|p2a: StarPlatinum|stockpile2
|-boost|p2a: StarPlatinum|def|1
|-boost|p2a: StarPlatinum|spd|1
|
|-end|p2a: StarPlatinum|move: Future Sight
|-damage|p2a: StarPlatinum|69/100 brn
|-heal|p2a: StarPlatinum|75/100 brn|[from] item: Leftovers
|-damage|p2a: StarPlatinum|69/100 brn|[from] brn
|upkeep
|turn|264
|
|t:|1614659050
|switch|p2a: PurpleHaze|Drapion, M|78/100
|switch|p1a: Gastrodon|Gastrodon, F|76/100
|
|upkeep
|turn|265
|
|t:|1614659059
|switch|p2a: StarPlatinum|Quagsire, M, shiny|69/100 brn
|switch|p1a: Weezing|Weezing-Galar, M|45/100
|
|-heal|p2a: StarPlatinum|75/100 brn|[from] item: Leftovers
|-damage|p2a: StarPlatinum|69/100 brn|[from] brn
|upkeep
|turn|266
|
|t:|1614659075
|switch|p2a: Magician'sRed|Volcarona, M|94/100
|move|p1a: Weezing|Pain Split|p2a: Magician'sRed
|-sethp|p2a: Magician'sRed|68/100|[from] move: Pain Split|[silent]
|-sethp|p1a: Weezing|75/100|[from] move: Pain Split
|
|upkeep
|turn|267
|
|t:|1614659079
|switch|p1a: Dragonite|Dragonite, F|66/100
|move|p2a: Magician'sRed|Quiver Dance|p2a: Magician'sRed
|-boost|p2a: Magician'sRed|spa|1
|-boost|p2a: Magician'sRed|spd|1
|-boost|p2a: Magician'sRed|spe|1
|
|upkeep
|turn|268
|
|t:|1614659088
|move|p2a: Magician'sRed|Roost|p2a: Magician'sRed
|-heal|p2a: Magician'sRed|100/100
|-singleturn|p2a: Magician'sRed|move: Roost
|move|p1a: Dragonite|Dual Wingbeat|p2a: Magician'sRed
|-supereffective|p2a: Magician'sRed
|-damage|p2a: Magician'sRed|62/100
|-status|p1a: Dragonite|brn|[from] ability: Flame Body|[of] p2a: Magician'sRed
|-supereffective|p2a: Magician'sRed
|-damage|p2a: Magician'sRed|41/100
|-hitcount|p2a: Magician'sRed|2
|
|-damage|p1a: Dragonite|60/100 brn|[from] brn
|upkeep
|turn|269
|inactive|lobstergang has 30 seconds left.
|
|t:|1614659099
|move|p2a: Magician'sRed|Roost|p2a: Magician'sRed
|-heal|p2a: Magician'sRed|92/100
|-singleturn|p2a: Magician'sRed|move: Roost
|move|p1a: Dragonite|Heal Bell|p1a: Dragonite
|-activate|p1a: Dragonite|move: Heal Bell
|-curestatus|p1a: Dragonite|brn|[msg]
|
|upkeep
|turn|270
|
|t:|1614659102
|move|p2a: Magician'sRed|Quiver Dance|p2a: Magician'sRed
|-boost|p2a: Magician'sRed|spa|1
|-boost|p2a: Magician'sRed|spd|1
|-boost|p2a: Magician'sRed|spe|1
|move|p1a: Dragonite|Roost|p1a: Dragonite
|-heal|p1a: Dragonite|100/100
|-singleturn|p1a: Dragonite|move: Roost
|
|upkeep
|turn|271
|
|t:|1614659104
|move|p2a: Magician'sRed|Quiver Dance|p2a: Magician'sRed
|-boost|p2a: Magician'sRed|spa|1
|-boost|p2a: Magician'sRed|spd|1
|-boost|p2a: Magician'sRed|spe|1
|move|p1a: Dragonite|Dragon Dance|p1a: Dragonite
|-boost|p1a: Dragonite|atk|1
|-boost|p1a: Dragonite|spe|1
|
|upkeep
|turn|272
|
|t:|1614659110
|switch|p2a: WhiteAlbum|Ninetales-Alola, M|72/100
|-weather|Hail|[from] ability: Snow Warning|[of] p2a: WhiteAlbum
|move|p1a: Dragonite|Dual Wingbeat|p2a: WhiteAlbum
|-damage|p2a: WhiteAlbum|27/100
|-damage|p2a: WhiteAlbum|0 fnt
|-hitcount|p2a: WhiteAlbum|2
|faint|p2a: WhiteAlbum
|
|-weather|Hail|[upkeep]
|-damage|p1a: Dragonite|94/100|[from] Hail
|upkeep
|
|t:|1614659113
|switch|p2a: StarPlatinum|Quagsire, M, shiny|69/100 brn
|turn|273
|inactive|lobstergang has 30 seconds left.
|
|t:|1614659130
|move|p1a: Dragonite|Dual Wingbeat|p2a: StarPlatinum
|-damage|p2a: StarPlatinum|53/100 brn
|-damage|p2a: StarPlatinum|38/100 brn
|-hitcount|p2a: StarPlatinum|2
|move|p2a: StarPlatinum|Scald|p1a: Dragonite
|-resisted|p1a: Dragonite
|-damage|p1a: Dragonite|84/100
|-status|p1a: Dragonite|brn
|
|-weather|Hail|[upkeep]
|-damage|p1a: Dragonite|78/100 brn|[from] Hail
|-damage|p2a: StarPlatinum|31/100 brn|[from] Hail
|-heal|p2a: StarPlatinum|38/100 brn|[from] item: Leftovers
|-damage|p1a: Dragonite|72/100 brn|[from] brn
|-damage|p2a: StarPlatinum|31/100 brn|[from] brn
|upkeep
|turn|274
|inactive|lobstergang has 25 seconds left this turn.
|inactive|lobstergang has 20 seconds left.
|
|t:|1614659137
|switch|p1a: Slowking|Slowking-Galar, M|100/100
|move|p2a: StarPlatinum|Rest|p2a: StarPlatinum
|-status|p2a: StarPlatinum|slp|[from] move: Rest
|-heal|p2a: StarPlatinum|100/100 slp|[silent]
|
|-weather|Hail|[upkeep]
|-damage|p2a: StarPlatinum|94/100 slp|[from] Hail
|-damage|p1a: Slowking|94/100|[from] Hail
|-heal|p2a: StarPlatinum|100/100 slp|[from] item: Leftovers
|upkeep
|turn|275
|inactive|lobstergang has 25 seconds left this turn.
|
|t:|1614659142
|switch|p2a: Magician'sRed|Volcarona, M|92/100
|switch|p1a: Gastrodon|Gastrodon, F|76/100
|
|-weather|Hail|[upkeep]
|-damage|p2a: Magician'sRed|85/100|[from] Hail
|-damage|p1a: Gastrodon|70/100|[from] Hail
|upkeep
|turn|276
|inactive|lobstergang has 25 seconds left this turn.
|inactive|lobstergang has 20 seconds left.
|
|t:|1614659148
|switch|p2a: PurpleHaze|Drapion, M|78/100
|switch|p1a: Slowking|Slowking-Galar, M|100/100
|
|-weather|none
|upkeep
|turn|277
|inactive|lobstergang has 25 seconds left this turn.
|
|t:|1614659151
|switch|p2a: Magician'sRed|Volcarona, M|85/100
|switch|p1a: Gastrodon|Gastrodon, F|70/100
|
|upkeep
|turn|278
|inactive|lobstergang has 25 seconds left this turn.
|
|t:|1614659153
|switch|p2a: PurpleHaze|Drapion, M|78/100
|switch|p1a: Slowking|Slowking-Galar, M|100/100
|
|upkeep
|turn|279
|inactive|lobstergang has 30 seconds left this turn.
|
|t:|1614659155
|switch|p2a: Magician'sRed|Volcarona, M|85/100
|switch|p1a: Gastrodon|Gastrodon, F|70/100
|
|upkeep
|turn|280
|inactive|lobstergang has 30 seconds left this turn.
|
|t:|1614659157
|switch|p2a: PurpleHaze|Drapion, M|78/100
|switch|p1a: Slowking|Slowking-Galar, M|100/100
|
|upkeep
|turn|281
|
|t:|1614659159
|switch|p2a: Magician'sRed|Volcarona, M|85/100
|switch|p1a: Gastrodon|Gastrodon, F|70/100
|
|upkeep
|turn|282
|
|t:|1614659162
|switch|p1a: Slowking|Slowking-Galar, M|100/100
|move|p2a: Magician'sRed|Quiver Dance|p2a: Magician'sRed
|-boost|p2a: Magician'sRed|spa|1
|-boost|p2a: Magician'sRed|spd|1
|-boost|p2a: Magician'sRed|spe|1
|
|upkeep
|turn|283
|
|t:|1614659165
|switch|p1a: Dragonite|Dragonite, F|72/100 brn
|move|p2a: Magician'sRed|Quiver Dance|p2a: Magician'sRed
|-boost|p2a: Magician'sRed|spa|1
|-boost|p2a: Magician'sRed|spd|1
|-boost|p2a: Magician'sRed|spe|1
|
|-damage|p1a: Dragonite|66/100 brn|[from] brn
|upkeep
|turn|284
|
|t:|1614659167
|move|p2a: Magician'sRed|Quiver Dance|p2a: Magician'sRed
|-boost|p2a: Magician'sRed|spa|1
|-boost|p2a: Magician'sRed|spd|1
|-boost|p2a: Magician'sRed|spe|1
|move|p1a: Dragonite|Roost|p1a: Dragonite
|-heal|p1a: Dragonite|100/100 brn
|-singleturn|p1a: Dragonite|move: Roost
|
|-damage|p1a: Dragonite|94/100 brn|[from] brn
|upkeep
|turn|285
|
|t:|1614659171
|move|p2a: Magician'sRed|Quiver Dance|p2a: Magician'sRed
|-boost|p2a: Magician'sRed|spa|1
|-boost|p2a: Magician'sRed|spd|1
|-boost|p2a: Magician'sRed|spe|1
|move|p1a: Dragonite|Heal Bell|p1a: Dragonite
|-activate|p1a: Dragonite|move: Heal Bell
|-curestatus|p1a: Dragonite|brn|[msg]
|
|upkeep
|turn|286
|
|t:|1614659173
|move|p2a: Magician'sRed|Fiery Dance|p1a: Dragonite
|-resisted|p1a: Dragonite
|-damage|p1a: Dragonite|40/100
|-boost|p2a: Magician'sRed|spa|1
|move|p1a: Dragonite|Dragon Dance|p1a: Dragonite
|-boost|p1a: Dragonite|atk|1
|-boost|p1a: Dragonite|spe|1
|
|upkeep
|turn|287
|
|t:|1614659177
|move|p2a: Magician'sRed|Fiery Dance|p1a: Dragonite
|-resisted|p1a: Dragonite
|-damage|p1a: Dragonite|0 fnt
|faint|p1a: Dragonite
|
|upkeep
|
|t:|1614659189
|switch|p1a: Gastrodon|Gastrodon, F|70/100
|turn|288
|
|t:|1614659195
|switch|p2a: PurpleHaze|Drapion, M|78/100
|move|p1a: Gastrodon|Toxic|p2a: PurpleHaze
|-immune|p2a: PurpleHaze
|
|upkeep
|turn|289
|
|t:|1614659208
|switch|p1a: Weezing|Weezing-Galar, M|75/100
|move|p2a: PurpleHaze|Ice Fang|p1a: Weezing
|-damage|p1a: Weezing|66/100
|
|upkeep
|turn|290
|inactive|lobstergang has 30 seconds left.
|
|t:|1614659218
|switch|p2a: Magician'sRed|Volcarona, M|85/100
|move|p1a: Weezing|Will-O-Wisp|p2a: Magician'sRed
|-immune|p2a: Magician'sRed
|
|upkeep
|turn|291
|inactive|lobstergang has 30 seconds left this turn.
|
|t:|1614659223
|switch|p1a: Gastrodon|Gastrodon, F|70/100
|move|p2a: Magician'sRed|Bug Buzz|p1a: Gastrodon
|-damage|p1a: Gastrodon|35/100
|
|upkeep
|turn|292
|
|t:|1614659229
|move|p2a: Magician'sRed|Bug Buzz|p1a: Gastrodon
|-damage|p1a: Gastrodon|1/100
|move|p1a: Gastrodon|Recover|p1a: Gastrodon
|-heal|p1a: Gastrodon|51/100
|
|upkeep
|turn|293
|
|t:|1614659232
|switch|p2a: PurpleHaze|Drapion, M|78/100
|move|p1a: Gastrodon|Recover|p1a: Gastrodon
|-heal|p1a: Gastrodon|100/100
|
|upkeep
|turn|294
|
|t:|1614659236
|move|p2a: PurpleHaze|Ice Fang|p1a: Gastrodon
|-damage|p1a: Gastrodon|89/100
|move|p1a: Gastrodon|Earth Power|p2a: PurpleHaze
|-supereffective|p2a: PurpleHaze
|-damage|p2a: PurpleHaze|28/100
|
|upkeep
|turn|295
|
|t:|1614659244
|move|p2a: PurpleHaze|Rest|p2a: PurpleHaze
|-status|p2a: PurpleHaze|slp|[from] move: Rest
|-heal|p2a: PurpleHaze|100/100 slp|[silent]
|move|p1a: Gastrodon|Scald|p2a: PurpleHaze
|-damage|p2a: PurpleHaze|77/100 slp
|
|upkeep
|turn|296
|
|t:|1614659251
|cant|p2a: PurpleHaze|slp
|move|p1a: Gastrodon|Toxic||[still]
|-fail|p1a: Gastrodon
|
|upkeep
|turn|297
|inactive|lobstergang has 30 seconds left.
|
|t:|1614659257
|switch|p1a: Weezing|Weezing-Galar, M|66/100
|cant|p2a: PurpleHaze|slp
|
|upkeep
|turn|298
|inactive|lobstergang has 30 seconds left.
|
|t:|1614659264
|switch|p2a: Magician'sRed|Volcarona, M|85/100
|move|p1a: Weezing|Pain Split|p2a: Magician'sRed
|-sethp|p2a: Magician'sRed|72/100|[from] move: Pain Split|[silent]
|-sethp|p1a: Weezing|80/100|[from] move: Pain Split
|
|upkeep
|turn|299
|inactive|lobstergang has 30 seconds left this turn.
|
|t:|1614659266
|switch|p1a: Gastrodon|Gastrodon, F|89/100
|move|p2a: Magician'sRed|Quiver Dance|p2a: Magician'sRed
|-boost|p2a: Magician'sRed|spa|1
|-boost|p2a: Magician'sRed|spd|1
|-boost|p2a: Magician'sRed|spe|1
|
|upkeep
|turn|300
|
|t:|1614659270
|switch|p2a: PurpleHaze|Drapion, M|77/100 slp
|move|p1a: Gastrodon|Toxic||[still]
|-fail|p1a: Gastrodon
|
|upkeep
|turn|301
|
|t:|1614659274
|switch|p1a: Weezing|Weezing-Galar, M|80/100
|-curestatus|p2a: PurpleHaze|slp|[msg]
|move|p2a: PurpleHaze|Ice Fang|p1a: Weezing
|-damage|p1a: Weezing|71/100
|
|upkeep
|turn|302
|
|t:|1614659277
|switch|p2a: Magician'sRed|Volcarona, M|72/100
|move|p1a: Weezing|Will-O-Wisp|p2a: Magician'sRed
|-immune|p2a: Magician'sRed
|
|upkeep
|turn|303
|
|t:|1614659280
|switch|p1a: Gastrodon|Gastrodon, F|89/100
|move|p2a: Magician'sRed|Bug Buzz|p1a: Gastrodon
|-damage|p1a: Gastrodon|54/100
|
|upkeep
|turn|304
|
|t:|1614659283
|switch|p2a: PurpleHaze|Drapion, M|77/100
|move|p1a: Gastrodon|Recover|p1a: Gastrodon
|-heal|p1a: Gastrodon|100/100
|
|upkeep
|turn|305
|
|t:|1614659289
|switch|p1a: Weezing|Weezing-Galar, M|71/100
|move|p2a: PurpleHaze|Ice Fang|p1a: Weezing
|-damage|p1a: Weezing|63/100
|
|upkeep
|turn|306
|
|t:|1614659292
|switch|p2a: Magician'sRed|Volcarona, M|72/100
|switch|p1a: Slowking|Slowking-Galar, M|100/100
|
|upkeep
|turn|307
|
|t:|1614659294
|move|p2a: Magician'sRed|Quiver Dance|p2a: Magician'sRed
|-boost|p2a: Magician'sRed|spa|1
|-boost|p2a: Magician'sRed|spd|1
|-boost|p2a: Magician'sRed|spe|1
|move|p1a: Slowking|Sludge Bomb|p2a: Magician'sRed
|-damage|p2a: Magician'sRed|53/100
|
|upkeep
|turn|308
|
|t:|1614659301
|switch|p1a: Gastrodon|Gastrodon, F|100/100
|move|p2a: Magician'sRed|Bug Buzz|p1a: Gastrodon
|-damage|p1a: Gastrodon|49/100
|
|upkeep
|turn|309
|inactive|lobstergang has 30 seconds left.
|
|t:|1614659321
|move|p2a: Magician'sRed|Bug Buzz|p1a: Gastrodon
|-damage|p1a: Gastrodon|2/100
|move|p1a: Gastrodon|Toxic|p2a: Magician'sRed
|-status|p2a: Magician'sRed|tox
|
|-damage|p2a: Magician'sRed|47/100 tox|[from] psn
|upkeep
|turn|310
|inactive|lobstergang has 30 seconds left this turn.
|
|t:|1614659325
|switch|p1a: Slowking|Slowking-Galar, M|100/100
|move|p2a: Magician'sRed|Roost|p2a: Magician'sRed
|-heal|p2a: Magician'sRed|97/100 tox
|-singleturn|p2a: Magician'sRed|move: Roost
|
|-damage|p2a: Magician'sRed|85/100 tox|[from] psn
|upkeep
|turn|311
|inactive|lobstergang has 30 seconds left this turn.
|
|t:|1614659328
|move|p2a: Magician'sRed|Quiver Dance|p2a: Magician'sRed
|-boost|p2a: Magician'sRed|spa|1
|-boost|p2a: Magician'sRed|spd|1
|-boost|p2a: Magician'sRed|spe|1
|move|p1a: Slowking|Sludge Bomb|p2a: Magician'sRed
|-damage|p2a: Magician'sRed|70/100 tox
|
|-damage|p2a: Magician'sRed|51/100 tox|[from] psn
|upkeep
|turn|312
|inactive|lobstergang has 30 seconds left.
|
|t:|1614659333
|move|p2a: Magician'sRed|Fiery Dance|p1a: Slowking
|-damage|p1a: Slowking|74/100
|move|p1a: Slowking|Sludge Bomb|p2a: Magician'sRed
|-damage|p2a: Magician'sRed|37/100 tox
|
|-damage|p2a: Magician'sRed|12/100 tox|[from] psn
|upkeep
|turn|313
|inactive|lobstergang has 30 seconds left this turn.
|
|t:|1614659342
|move|p2a: Magician'sRed|Roost|p2a: Magician'sRed
|-heal|p2a: Magician'sRed|62/100 tox
|-singleturn|p2a: Magician'sRed|move: Roost
|move|p1a: Slowking|Earthquake|p2a: Magician'sRed
|-damage|p2a: Magician'sRed|46/100 tox
|
|-damage|p2a: Magician'sRed|15/100 tox|[from] psn
|upkeep
|turn|314
|inactive|lobstergang has 30 seconds left this turn.
|
|t:|1614659345
|move|p2a: Magician'sRed|Roost|p2a: Magician'sRed
|-heal|p2a: Magician'sRed|65/100 tox
|-singleturn|p2a: Magician'sRed|move: Roost
|move|p1a: Slowking|Earthquake|p2a: Magician'sRed
|-damage|p2a: Magician'sRed|48/100 tox
|
|-damage|p2a: Magician'sRed|11/100 tox|[from] psn
|upkeep
|turn|315
|inactive|lobstergang has 30 seconds left this turn.
|
|t:|1614659348
|move|p2a: Magician'sRed|Roost|p2a: Magician'sRed
|-heal|p2a: Magician'sRed|61/100 tox
|-singleturn|p2a: Magician'sRed|move: Roost
|move|p1a: Slowking|Earthquake|p2a: Magician'sRed
|-damage|p2a: Magician'sRed|47/100 tox
|
|-damage|p2a: Magician'sRed|3/100 tox|[from] psn
|upkeep
|turn|316
|j| blacksquidward
|
|t:|1614659351
|move|p2a: Magician'sRed|Fiery Dance|p1a: Slowking
|-damage|p1a: Slowking|45/100
|move|p1a: Slowking|Sludge Bomb|p2a: Magician'sRed
|-crit|p2a: Magician'sRed
|-damage|p2a: Magician'sRed|0 fnt
|faint|p2a: Magician'sRed
|
|upkeep
|
|t:|1614659355
|switch|p2a: PurpleHaze|Drapion, M|77/100
|turn|317
|
|t:|1614659359
|switch|p1a: Weezing|Weezing-Galar, M|63/100
|move|p2a: PurpleHaze|Ice Fang|p1a: Weezing
|-damage|p1a: Weezing|54/100
|
|upkeep
|turn|318
|
|t:|1614659364
|switch|p2a: StarPlatinum|Quagsire, M, shiny|100/100 slp
|move|p1a: Weezing|Pain Split|p2a: StarPlatinum
|-sethp|p2a: StarPlatinum|73/100 slp|[from] move: Pain Split|[silent]
|-sethp|p1a: Weezing|86/100|[from] move: Pain Split
|
|-heal|p2a: StarPlatinum|79/100 slp|[from] item: Leftovers
|upkeep
|turn|319
|
|t:|1614659369
|switch|p1a: Gastrodon|Gastrodon, F|2/100
|cant|p2a: StarPlatinum|slp
|
|-heal|p2a: StarPlatinum|85/100 slp|[from] item: Leftovers
|upkeep
|turn|320
|
|t:|1614659378
|move|p1a: Gastrodon|Recover|p1a: Gastrodon
|-heal|p1a: Gastrodon|52/100
|cant|p2a: StarPlatinum|slp
|
|-heal|p2a: StarPlatinum|91/100 slp|[from] item: Leftovers
|upkeep
|turn|321
|inactive|lobstergang has 30 seconds left.
|
|t:|1614659395
|switch|p1a: Weezing|Weezing-Galar, M|86/100
|switch|p2a: PurpleHaze|Drapion, M|77/100
|
|upkeep
|turn|322
|inactive|lobstergang has 30 seconds left this turn.
|
|t:|1614659398
|switch|p2a: StarPlatinum|Quagsire, M, shiny|91/100 slp
|move|p1a: Weezing|Will-O-Wisp||[still]
|-fail|p1a: Weezing
|
|-heal|p2a: StarPlatinum|97/100 slp|[from] item: Leftovers
|upkeep
|turn|323
|
|t:|1614659401
|switch|p1a: Gastrodon|Gastrodon, F|52/100
|switch|p2a: PurpleHaze|Drapion, M|77/100
|
|upkeep
|turn|324
|
|t:|1614659403
|switch|p2a: StarPlatinum|Quagsire, M, shiny|97/100 slp
|switch|p1a: Weezing|Weezing-Galar, M|86/100
|
|-heal|p2a: StarPlatinum|100/100 slp|[from] item: Leftovers
|upkeep
|turn|325
|
|t:|1614659406
|switch|p1a: Gastrodon|Gastrodon, F|52/100
|switch|p2a: PurpleHaze|Drapion, M|77/100
|
|upkeep
|turn|326
|
|t:|1614659408
|switch|p2a: StarPlatinum|Quagsire, M, shiny|100/100 slp
|switch|p1a: Weezing|Weezing-Galar, M|86/100
|
|upkeep
|turn|327
|
|t:|1614659414
|switch|p1a: Gastrodon|Gastrodon, F|52/100
|switch|p2a: PurpleHaze|Drapion, M|77/100
|
|upkeep
|turn|328
|
|t:|1614659416
|switch|p2a: StarPlatinum|Quagsire, M, shiny|100/100 slp
|switch|p1a: Weezing|Weezing-Galar, M|86/100
|
|upkeep
|turn|329
|
|t:|1614659419
|switch|p1a: Gastrodon|Gastrodon, F|52/100
|switch|p2a: PurpleHaze|Drapion, M|77/100
|
|upkeep
|turn|330
|
|t:|1614659424
|switch|p2a: StarPlatinum|Quagsire, M, shiny|100/100 slp
|switch|p1a: Weezing|Weezing-Galar, M|86/100
|
|upkeep
|turn|331
|
|t:|1614659426
|switch|p1a: Krookodile|Krookodile, F|46/100
|-ability|p1a: Krookodile|Intimidate|boost
|-unboost|p2a: StarPlatinum|atk|1
|switch|p2a: PurpleHaze|Drapion, M|77/100
|
|upkeep
|turn|332
|
|t:|1614659430
|switch|p2a: StarPlatinum|Quagsire, M, shiny|100/100 slp
|move|p1a: Krookodile|High Horsepower|p2a: StarPlatinum
|-damage|p2a: StarPlatinum|77/100 slp
|
|-heal|p2a: StarPlatinum|83/100 slp|[from] item: Leftovers
|upkeep
|turn|333
|
|t:|1614659446
|switch|p1a: Weezing|Weezing-Galar, M|86/100
|switch|p2a: CatchTheRainbow|Mantine, M|87/100
|
|upkeep
|turn|334
|
|t:|1614659452
|switch|p2a: StarPlatinum|Quagsire, M, shiny|83/100 slp
|switch|p1a: Slowking|Slowking-Galar, M|78/100
|
|-heal|p2a: StarPlatinum|89/100 slp|[from] item: Leftovers
|upkeep
|turn|335
|
|t:|1614659457
|switch|p2a: PurpleHaze|Drapion, M|77/100
|move|p1a: Slowking|Future Sight|p2a: PurpleHaze
|-start|p1a: Slowking|move: Future Sight
|
|upkeep
|turn|336
|
|t:|1614659460
|switch|p1a: Weezing|Weezing-Galar, M|86/100
|move|p2a: PurpleHaze|Ice Fang|p1a: Weezing
|-damage|p1a: Weezing|78/100
|
|upkeep
|turn|337
|
|t:|1614659471
|switch|p2a: StarPlatinum|Quagsire, M, shiny|89/100 slp
|move|p1a: Weezing|Will-O-Wisp||[still]
|-fail|p1a: Weezing
|
|-end|p2a: StarPlatinum|move: Future Sight
|-damage|p2a: StarPlatinum|35/100 slp
|-heal|p2a: StarPlatinum|41/100 slp|[from] item: Leftovers
|upkeep
|turn|338
|
|t:|1614659475
|switch|p1a: Slowking|Slowking-Galar, M|100/100
|-curestatus|p2a: StarPlatinum|slp|[msg]
|move|p2a: StarPlatinum|Recover|p2a: StarPlatinum
|-heal|p2a: StarPlatinum|91/100
|
|-heal|p2a: StarPlatinum|97/100|[from] item: Leftovers
|upkeep
|turn|339
|
|t:|1614659477
|switch|p2a: PurpleHaze|Drapion, M|77/100
|move|p1a: Slowking|Future Sight|p2a: PurpleHaze
|-start|p1a: Slowking|move: Future Sight
|
|upkeep
|turn|340
|
|t:|1614659481
|switch|p1a: Weezing|Weezing-Galar, M|78/100
|move|p2a: PurpleHaze|Knock Off|p1a: Weezing
|-resisted|p1a: Weezing
|-damage|p1a: Weezing|71/100
|
|upkeep
|turn|341
|
|t:|1614659484
|move|p2a: PurpleHaze|Ice Fang|p1a: Weezing
|-damage|p1a: Weezing|62/100
|move|p1a: Weezing|Will-O-Wisp|p2a: PurpleHaze
|-status|p2a: PurpleHaze|brn
|
|-end|p2a: PurpleHaze|move: Future Sight
|-immune|p2a: PurpleHaze
|-damage|p2a: PurpleHaze|71/100 brn|[from] brn
|upkeep
|turn|342
|
|t:|1614659487
|move|p2a: PurpleHaze|Ice Fang|p1a: Weezing|[miss]
|-miss|p2a: PurpleHaze|p1a: Weezing
|move|p1a: Weezing|Pain Split|p2a: PurpleHaze
|-sethp|p2a: PurpleHaze|66/100 brn|[from] move: Pain Split|[silent]
|-sethp|p1a: Weezing|68/100|[from] move: Pain Split
|
|-damage|p2a: PurpleHaze|60/100 brn|[from] brn
|upkeep
|turn|343
|
|t:|1614659496
|switch|p1a: Gastrodon|Gastrodon, F|52/100
|move|p2a: PurpleHaze|Ice Fang|p1a: Gastrodon
|-damage|p1a: Gastrodon|47/100
|
|-damage|p2a: PurpleHaze|53/100 brn|[from] brn
|upkeep
|turn|344
|
|t:|1614659500
|move|p2a: PurpleHaze|Ice Fang|p1a: Gastrodon
|-damage|p1a: Gastrodon|41/100
|cant|p1a: Gastrodon|flinch
|
|-damage|p2a: PurpleHaze|47/100 brn|[from] brn
|upkeep
|turn|345
|
|t:|1614659504
|move|p2a: PurpleHaze|Rest|p2a: PurpleHaze
|-status|p2a: PurpleHaze|slp|[from] move: Rest
|-heal|p2a: PurpleHaze|100/100 slp|[silent]
|move|p1a: Gastrodon|Recover|p1a: Gastrodon
|-heal|p1a: Gastrodon|91/100
|
|upkeep
|turn|346
|
|t:|1614659507
|switch|p2a: StarPlatinum|Quagsire, M, shiny|97/100
|move|p1a: Gastrodon|Scald|p2a: StarPlatinum
|-damage|p2a: StarPlatinum|63/100
|-status|p2a: StarPlatinum|brn
|
|-heal|p2a: StarPlatinum|69/100 brn|[from] item: Leftovers
|-damage|p2a: StarPlatinum|63/100 brn|[from] brn
|upkeep
|turn|347
|
|t:|1614659511
|move|p1a: Gastrodon|Scald|p2a: StarPlatinum
|-damage|p2a: StarPlatinum|30/100 brn
|move|p2a: StarPlatinum|Stockpile|p2a: StarPlatinum
|-start|p2a: StarPlatinum|stockpile1
|-boost|p2a: StarPlatinum|def|1
|-boost|p2a: StarPlatinum|spd|1
|
|-heal|p2a: StarPlatinum|36/100 brn|[from] item: Leftovers
|-damage|p2a: StarPlatinum|30/100 brn|[from] brn
|upkeep
|turn|348
|
|t:|1614659528
|switch|p1a: Slowking|Slowking-Galar, M|100/100
|move|p2a: StarPlatinum|Recover|p2a: StarPlatinum
|-heal|p2a: StarPlatinum|80/100 brn
|
|-heal|p2a: StarPlatinum|86/100 brn|[from] item: Leftovers
|-damage|p2a: StarPlatinum|80/100 brn|[from] brn
|upkeep
|turn|349
|
|t:|1614659532
|switch|p1a: Gastrodon|Gastrodon, F|91/100
|move|p2a: StarPlatinum|Stockpile|p2a: StarPlatinum
|-start|p2a: StarPlatinum|stockpile2
|-boost|p2a: StarPlatinum|def|1
|-boost|p2a: StarPlatinum|spd|1
|
|-heal|p2a: StarPlatinum|86/100 brn|[from] item: Leftovers
|-damage|p2a: StarPlatinum|80/100 brn|[from] brn
|upkeep
|turn|350
|
|t:|1614659535
|switch|p1a: Slowking|Slowking-Galar, M|100/100
|move|p2a: StarPlatinum|Scald|p1a: Slowking
|-damage|p1a: Slowking|92/100
|
|-heal|p2a: StarPlatinum|86/100 brn|[from] item: Leftovers
|-damage|p2a: StarPlatinum|80/100 brn|[from] brn
|upkeep
|turn|351
|
|t:|1614659538
|switch|p1a: Gastrodon|Gastrodon, F|91/100
|move|p2a: StarPlatinum|Stockpile|p2a: StarPlatinum
|-start|p2a: StarPlatinum|stockpile3
|-boost|p2a: StarPlatinum|def|1
|-boost|p2a: StarPlatinum|spd|1
|
|-heal|p2a: StarPlatinum|86/100 brn|[from] item: Leftovers
|-damage|p2a: StarPlatinum|80/100 brn|[from] brn
|upkeep
|turn|352
|
|t:|1614659540
|switch|p1a: Slowking|Slowking-Galar, M|100/100
|move|p2a: StarPlatinum|Scald|p1a: Slowking
|-damage|p1a: Slowking|93/100
|-status|p1a: Slowking|brn
|
|-heal|p2a: StarPlatinum|86/100 brn|[from] item: Leftovers
|-damage|p2a: StarPlatinum|80/100 brn|[from] brn
|-damage|p1a: Slowking|87/100 brn|[from] brn
|upkeep
|turn|353
|
|t:|1614659544
|switch|p2a: PurpleHaze|Drapion, M|100/100 slp
|switch|p1a: Gastrodon|Gastrodon, F|91/100
|
|upkeep
|turn|354
|
|t:|1614659547
|switch|p1a: Weezing|Weezing-Galar, M|68/100
|cant|p2a: PurpleHaze|slp
|
|upkeep
|turn|355
|
|t:|1614659569
|switch|p2a: StarPlatinum|Quagsire, M, shiny|80/100 brn
|switch|p1a: Magnezone|Magnezone|100/100
|
|-heal|p2a: StarPlatinum|86/100 brn|[from] item: Leftovers
|-damage|p2a: StarPlatinum|80/100 brn|[from] brn
|upkeep
|turn|356
|
|t:|1614659573
|move|p1a: Magnezone|Body Press|p2a: StarPlatinum
|-damage|p2a: StarPlatinum|61/100 brn
|move|p2a: StarPlatinum|Scald|p1a: Magnezone
|-crit|p1a: Magnezone
|-damage|p1a: Magnezone|70/100
|
|-heal|p1a: Magnezone|76/100|[from] item: Leftovers
|-heal|p2a: StarPlatinum|67/100 brn|[from] item: Leftovers
|-damage|p2a: StarPlatinum|61/100 brn|[from] brn
|upkeep
|turn|357
|inactive|lobstergang has 30 seconds left.
|l| shinji adventures
|
|t:|1614659592
|switch|p1a: Gastrodon|Gastrodon, F|91/100
|move|p2a: StarPlatinum|Recover|p2a: StarPlatinum
|-heal|p2a: StarPlatinum|100/100 brn
|
|-damage|p2a: StarPlatinum|94/100 brn|[from] brn
|upkeep
|turn|358
|inactive|lobstergang has 30 seconds left this turn.
|
|t:|1614659599
|switch|p1a: Slowking|Slowking-Galar, M|100/100 brn
|move|p2a: StarPlatinum|Scald|p1a: Slowking
|-damage|p1a: Slowking|93/100 brn
|
|-heal|p2a: StarPlatinum|100/100 brn|[from] item: Leftovers
|-damage|p2a: StarPlatinum|94/100 brn|[from] brn
|-damage|p1a: Slowking|87/100 brn|[from] brn
|upkeep
|turn|359
|inactive|lobstergang has 30 seconds left this turn.
|
|t:|1614659603
|switch|p2a: CatchTheRainbow|Mantine, M|87/100
|switch|p1a: Gastrodon|Gastrodon, F|91/100
|
|upkeep
|turn|360
|inactive|lobstergang has 30 seconds left this turn.
|
|t:|1614659606
|switch|p1a: Slowking|Slowking-Galar, M|100/100 brn
|move|p2a: CatchTheRainbow|Toxic||[still]
|-fail|p2a: CatchTheRainbow
|
|-damage|p1a: Slowking|94/100 brn|[from] brn
|upkeep
|turn|361
|
|t:|1614659609
|switch|p2a: PurpleHaze|Drapion, M|100/100 slp
|move|p1a: Slowking|Sludge Bomb|p2a: PurpleHaze
|-resisted|p2a: PurpleHaze
|-damage|p2a: PurpleHaze|85/100 slp
|
|-damage|p1a: Slowking|88/100 brn|[from] brn
|upkeep
|turn|362
|inactive|lobstergang has 30 seconds left.
|
|t:|1614659618
|switch|p2a: StarPlatinum|Quagsire, M, shiny|94/100 brn
|move|p1a: Slowking|Earthquake|p2a: StarPlatinum
|-damage|p2a: StarPlatinum|89/100 brn
|
|-heal|p2a: StarPlatinum|95/100 brn|[from] item: Leftovers
|-damage|p2a: StarPlatinum|89/100 brn|[from] brn
|-damage|p1a: Slowking|82/100 brn|[from] brn
|upkeep
|turn|363
|
|t:|1614659623
|switch|p2a: PurpleHaze|Drapion, M|85/100 slp
|move|p1a: Slowking|Future Sight|p2a: PurpleHaze
|-start|p1a: Slowking|move: Future Sight
|
|-damage|p1a: Slowking|76/100 brn|[from] brn
|upkeep
|turn|364
|
|t:|1614659626
|switch|p2a: StarPlatinum|Quagsire, M, shiny|89/100 brn
|switch|p1a: Weezing|Weezing-Galar, M|68/100
|
|-heal|p2a: StarPlatinum|95/100 brn|[from] item: Leftovers
|-damage|p2a: StarPlatinum|89/100 brn|[from] brn
|upkeep
|turn|365
|inactive|lobstergang has 30 seconds left.
|
|t:|1614659638
|switch|p1a: Gastrodon|Gastrodon, F|91/100
|move|p2a: StarPlatinum|Stockpile|p2a: StarPlatinum
|-start|p2a: StarPlatinum|stockpile1
|-boost|p2a: StarPlatinum|def|1
|-boost|p2a: StarPlatinum|spd|1
|
|-end|p2a: StarPlatinum|move: Future Sight
|-damage|p2a: StarPlatinum|50/100 brn
|-heal|p2a: StarPlatinum|56/100 brn|[from] item: Leftovers
|-damage|p2a: StarPlatinum|50/100 brn|[from] brn
|upkeep
|turn|366
|inactive|lobstergang has 30 seconds left this turn.
|
|t:|1614659642
|switch|p1a: Slowking|Slowking-Galar, M|100/100 brn
|move|p2a: StarPlatinum|Rest|p2a: StarPlatinum
|-status|p2a: StarPlatinum|slp|[from] move: Rest
|-heal|p2a: StarPlatinum|100/100 slp|[silent]
|
|-damage|p1a: Slowking|94/100 brn|[from] brn
|upkeep
|turn|367
|
|t:|1614659645
|switch|p2a: PurpleHaze|Drapion, M|85/100 slp
|switch|p1a: Gastrodon|Gastrodon, F|91/100
|
|upkeep
|turn|368
|inactive|lobstergang has 30 seconds left.
|
|t:|1614659651
|switch|p2a: StarPlatinum|Quagsire, M, shiny|100/100 slp
|switch|p1a: Weezing|Weezing-Galar, M|68/100
|
|upkeep
|turn|369
|
|t:|1614659655
|switch|p1a: Slowking|Slowking-Galar, M|100/100 brn
|switch|p2a: PurpleHaze|Drapion, M|85/100 slp
|
|-damage|p1a: Slowking|94/100 brn|[from] brn
|upkeep
|turn|370
|inactive|lobstergang has 30 seconds left.
|
|t:|1614659664
|switch|p2a: StarPlatinum|Quagsire, M, shiny|100/100 slp
|switch|p1a: Krookodile|Krookodile, F|46/100
|-ability|p1a: Krookodile|Intimidate|boost
|-unboost|p2a: StarPlatinum|atk|1
|
|upkeep
|turn|371
|
|t:|1614659668
|switch|p1a: Gastrodon|Gastrodon, F|91/100
|cant|p2a: StarPlatinum|slp
|
|upkeep
|turn|372
|
|t:|1614659672
|switch|p1a: Slowking|Slowking-Galar, M|100/100 brn
|switch|p2a: PurpleHaze|Drapion, M|85/100 slp
|
|-damage|p1a: Slowking|94/100 brn|[from] brn
|upkeep
|turn|373
|
|t:|1614659675
|switch|p2a: StarPlatinum|Quagsire, M, shiny|100/100 slp
|switch|p1a: Gastrodon|Gastrodon, F|91/100
|
|upkeep
|turn|374
|
|t:|1614659678
|switch|p1a: Slowking|Slowking-Galar, M|100/100 brn
|switch|p2a: PurpleHaze|Drapion, M|85/100 slp
|
|-damage|p1a: Slowking|94/100 brn|[from] brn
|upkeep
|turn|375
|
|t:|1614659680
|switch|p2a: StarPlatinum|Quagsire, M, shiny|100/100 slp
|switch|p1a: Gastrodon|Gastrodon, F|91/100
|
|upkeep
|turn|376
|
|t:|1614659683
|switch|p1a: Slowking|Slowking-Galar, M|100/100 brn
|switch|p2a: PurpleHaze|Drapion, M|85/100 slp
|
|-damage|p1a: Slowking|94/100 brn|[from] brn
|upkeep
|turn|377
|
|t:|1614659685
|switch|p2a: StarPlatinum|Quagsire, M, shiny|100/100 slp
|switch|p1a: Gastrodon|Gastrodon, F|91/100
|
|upkeep
|turn|378
|
|t:|1614659688
|switch|p1a: Slowking|Slowking-Galar, M|100/100 brn
|switch|p2a: PurpleHaze|Drapion, M|85/100 slp
|
|-damage|p1a: Slowking|94/100 brn|[from] brn
|upkeep
|turn|379
|
|t:|1614659690
|switch|p2a: StarPlatinum|Quagsire, M, shiny|100/100 slp
|switch|p1a: Gastrodon|Gastrodon, F|91/100
|
|upkeep
|turn|380
|
|t:|1614659693
|switch|p1a: Slowking|Slowking-Galar, M|100/100 brn
|switch|p2a: PurpleHaze|Drapion, M|85/100 slp
|
|-damage|p1a: Slowking|94/100 brn|[from] brn
|upkeep
|turn|381
|
|t:|1614659696
|switch|p2a: StarPlatinum|Quagsire, M, shiny|100/100 slp
|switch|p1a: Gastrodon|Gastrodon, F|91/100
|
|upkeep
|turn|382
|
|t:|1614659701
|switch|p2a: PurpleHaze|Drapion, M|85/100 slp
|move|p1a: Gastrodon|Scald|p2a: PurpleHaze
|-damage|p2a: PurpleHaze|63/100 slp
|
|upkeep
|turn|383
|
|t:|1614659710
|switch|p1a: Slowking|Slowking-Galar, M|100/100 brn
|cant|p2a: PurpleHaze|slp
|
|-damage|p1a: Slowking|94/100 brn|[from] brn
|upkeep
|turn|384
|
|t:|1614659718
|switch|p2a: CatchTheRainbow|Mantine, M|87/100
|switch|p1a: Weezing|Weezing-Galar, M|68/100
|
|upkeep
|turn|385
|
|t:|1614659721
|switch|p2a: StarPlatinum|Quagsire, M, shiny|100/100 slp
|switch|p1a: Slowking|Slowking-Galar, M|100/100 brn
|
|-damage|p1a: Slowking|94/100 brn|[from] brn
|upkeep
|turn|386
|
|t:|1614659728
|switch|p2a: PurpleHaze|Drapion, M|63/100 slp
|move|p1a: Slowking|Future Sight|p2a: PurpleHaze
|-start|p1a: Slowking|move: Future Sight
|
|-damage|p1a: Slowking|88/100 brn|[from] brn
|upkeep
|turn|387
|
|t:|1614659747
|switch|p1a: Weezing|Weezing-Galar, M|68/100
|-curestatus|p2a: PurpleHaze|slp|[msg]
|move|p2a: PurpleHaze|Knock Off|p1a: Weezing
|-resisted|p1a: Weezing
|-damage|p1a: Weezing|60/100
|
|upkeep
|turn|388
|
|t:|1614659755
|switch|p2a: StarPlatinum|Quagsire, M, shiny|100/100 slp
|move|p1a: Weezing|Will-O-Wisp||[still]
|-fail|p1a: Weezing
|
|-end|p2a: StarPlatinum|move: Future Sight
|-crit|p2a: StarPlatinum
|-damage|p2a: StarPlatinum|15/100 slp
|-heal|p2a: StarPlatinum|21/100 slp|[from] item: Leftovers
|upkeep
|turn|389
|inactive|lobstergang has 30 seconds left.
|inactive|lobstergang has 20 seconds left.
|
|t:|1614659783
|switch|p1a: Magnezone|Magnezone|76/100
|cant|p2a: StarPlatinum|slp
|
|-heal|p1a: Magnezone|82/100|[from] item: Leftovers
|-heal|p2a: StarPlatinum|27/100 slp|[from] item: Leftovers
|upkeep
|turn|390
|inactive|lobstergang has 20 seconds left this turn.
|
|t:|1614659787
|move|p1a: Magnezone|Body Press|p2a: StarPlatinum
|-damage|p2a: StarPlatinum|11/100 slp
|-curestatus|p2a: StarPlatinum|slp|[msg]
|move|p2a: StarPlatinum|Recover|p2a: StarPlatinum
|-heal|p2a: StarPlatinum|61/100
|
|-heal|p1a: Magnezone|88/100|[from] item: Leftovers
|-heal|p2a: StarPlatinum|67/100|[from] item: Leftovers
|upkeep
|turn|391
|inactive|lobstergang has 25 seconds left this turn.
|inactive|lobstergang has 20 seconds left.
|
|t:|1614659793
|switch|p1a: Slowking|Slowking-Galar, M|100/100 brn
|move|p2a: StarPlatinum|Scald|p1a: Slowking
|-damage|p1a: Slowking|93/100 brn
|
|-heal|p2a: StarPlatinum|73/100|[from] item: Leftovers
|-damage|p1a: Slowking|87/100 brn|[from] brn
|upkeep
|turn|392
|inactive|lobstergang has 20 seconds left this turn.
|
|t:|1614659796
|switch|p2a: PurpleHaze|Drapion, M|63/100
|switch|p1a: Gastrodon|Gastrodon, F|91/100
|
|upkeep
|turn|393
|inactive|lobstergang has 25 seconds left this turn.
|
|t:|1614659799
|switch|p2a: StarPlatinum|Quagsire, M, shiny|73/100
|switch|p1a: Weezing|Weezing-Galar, M|60/100
|
|-heal|p2a: StarPlatinum|79/100|[from] item: Leftovers
|upkeep
|turn|394
|inactive|lobstergang has 25 seconds left this turn.
|
|t:|1614659803
|switch|p1a: Slowking|Slowking-Galar, M|100/100 brn
|move|p2a: StarPlatinum|Scald|p1a: Slowking
|-damage|p1a: Slowking|93/100 brn
|
|-heal|p2a: StarPlatinum|85/100|[from] item: Leftovers
|-damage|p1a: Slowking|87/100 brn|[from] brn
|upkeep
|turn|395
|inactive|lobstergang has 30 seconds left this turn.
|
|t:|1614659805
|switch|p2a: PurpleHaze|Drapion, M|63/100
|switch|p1a: Gastrodon|Gastrodon, F|91/100
|
|upkeep
|turn|396
|inactive|lobstergang has 30 seconds left this turn.
|
|t:|1614659808
|switch|p2a: CatchTheRainbow|Mantine, M|87/100
|switch|p1a: Weezing|Weezing-Galar, M|60/100
|
|upkeep
|turn|397
|
|t:|1614659812
|switch|p1a: Slowking|Slowking-Galar, M|100/100 brn
|move|p2a: CatchTheRainbow|Toxic||[still]
|-fail|p2a: CatchTheRainbow
|
|-damage|p1a: Slowking|94/100 brn|[from] brn
|upkeep
|turn|398
|
|t:|1614659816
|move|p2a: CatchTheRainbow|Toxic||[still]
|-fail|p2a: CatchTheRainbow
|move|p1a: Slowking|Flamethrower|p2a: CatchTheRainbow
|-resisted|p2a: CatchTheRainbow
|-damage|p2a: CatchTheRainbow|81/100
|
|-damage|p1a: Slowking|88/100 brn|[from] brn
|upkeep
|turn|399
|
|t:|1614659821
|move|p2a: CatchTheRainbow|Haze|p2a: CatchTheRainbow
|-clearallboost
|move|p1a: Slowking|Future Sight|p2a: CatchTheRainbow
|-start|p1a: Slowking|move: Future Sight
|
|-damage|p1a: Slowking|82/100 brn|[from] brn
|upkeep
|turn|400
|
|t:|1614659826
|move|p2a: CatchTheRainbow|Haze|p2a: CatchTheRainbow
|-clearallboost
|move|p1a: Slowking|Flamethrower|p2a: CatchTheRainbow
|-resisted|p2a: CatchTheRainbow
|-crit|p2a: CatchTheRainbow
|-damage|p2a: CatchTheRainbow|72/100
|
|-damage|p1a: Slowking|76/100 brn|[from] brn
|upkeep
|turn|401
|
|t:|1614659832
|switch|p1a: Magnezone|Magnezone|88/100
|move|p2a: CatchTheRainbow|Haze|p2a: CatchTheRainbow
|-clearallboost
|
|-end|p2a: CatchTheRainbow|move: Future Sight
|-damage|p2a: CatchTheRainbow|47/100
|-heal|p1a: Magnezone|94/100|[from] item: Leftovers
|upkeep
|turn|402
|inactive|lobstergang has 30 seconds left.
|
|t:|1614659839
|switch|p2a: StarPlatinum|Quagsire, M, shiny|85/100
|move|p1a: Magnezone|Body Press|p2a: StarPlatinum
|-damage|p2a: StarPlatinum|67/100
|
|-heal|p1a: Magnezone|100/100|[from] item: Leftovers
|-heal|p2a: StarPlatinum|73/100|[from] item: Leftovers
|upkeep
|turn|403
|
|t:|1614659842
|switch|p1a: Gastrodon|Gastrodon, F|91/100
|switch|p2a: CatchTheRainbow|Mantine, M|47/100
|
|upkeep
|turn|404
|
|t:|1614659846
|switch|p1a: Magnezone|Magnezone|100/100
|move|p2a: CatchTheRainbow|Roost|p2a: CatchTheRainbow
|-heal|p2a: CatchTheRainbow|97/100
|-singleturn|p2a: CatchTheRainbow|move: Roost
|
|upkeep
|turn|405
|
|t:|1614659849
|switch|p2a: StarPlatinum|Quagsire, M, shiny|73/100
|move|p1a: Magnezone|Thunderbolt|p2a: StarPlatinum
|-immune|p2a: StarPlatinum
|
|-heal|p2a: StarPlatinum|79/100|[from] item: Leftovers
|upkeep
|turn|406
|
|t:|1614659852
|switch|p1a: Gastrodon|Gastrodon, F|91/100
|switch|p2a: CatchTheRainbow|Mantine, M|97/100
|
|upkeep
|turn|407
|
|t:|1614659857
|switch|p2a: PurpleHaze|Drapion, M|63/100
|switch|p1a: Weezing|Weezing-Galar, M|60/100
|
|upkeep
|turn|408
|
|t:|1614659865
|switch|p2a: CatchTheRainbow|Mantine, M|97/100
|move|p1a: Weezing|Will-O-Wisp|p2a: CatchTheRainbow
|-status|p2a: CatchTheRainbow|brn
|
|-damage|p2a: CatchTheRainbow|91/100 brn|[from] brn
|upkeep
|turn|409
|
|t:|1614659869
|switch|p1a: Slowking|Slowking-Galar, M|100/100 brn
|move|p2a: CatchTheRainbow|Toxic||[still]
|-fail|p2a: CatchTheRainbow
|
|-damage|p2a: CatchTheRainbow|85/100 brn|[from] brn
|-damage|p1a: Slowking|94/100 brn|[from] brn
|upkeep
|turn|410
|
|t:|1614659874
|switch|p1a: Weezing|Weezing-Galar, M|60/100
|move|p2a: CatchTheRainbow|Haze|p2a: CatchTheRainbow
|-clearallboost
|
|-damage|p2a: CatchTheRainbow|79/100 brn|[from] brn
|upkeep
|turn|411
|
|t:|1614659877
|move|p2a: CatchTheRainbow|Haze|p2a: CatchTheRainbow
|-clearallboost
|move|p1a: Weezing|Pain Split|p2a: CatchTheRainbow
|-sethp|p2a: CatchTheRainbow|66/100 brn|[from] move: Pain Split|[silent]
|-sethp|p1a: Weezing|74/100|[from] move: Pain Split
|
|-damage|p2a: CatchTheRainbow|60/100 brn|[from] brn
|upkeep
|turn|412
|
|t:|1614659882
|switch|p1a: Slowking|Slowking-Galar, M|100/100 brn
|move|p2a: CatchTheRainbow|Haze|p2a: CatchTheRainbow
|-clearallboost
|
|-damage|p2a: CatchTheRainbow|54/100 brn|[from] brn
|-damage|p1a: Slowking|94/100 brn|[from] brn
|upkeep
|turn|413
|
|t:|1614659884
|switch|p1a: Magnezone|Magnezone|100/100
|move|p2a: CatchTheRainbow|Toxic|p1a: Magnezone
|-immune|p1a: Magnezone
|
|-damage|p2a: CatchTheRainbow|48/100 brn|[from] brn
|upkeep
|turn|414
|
|t:|1614659887
|switch|p2a: StarPlatinum|Quagsire, M, shiny|79/100
|move|p1a: Magnezone|Iron Defense|p1a: Magnezone
|-boost|p1a: Magnezone|def|2
|
|-heal|p2a: StarPlatinum|85/100|[from] item: Leftovers
|upkeep
|turn|415
|
|t:|1614659891
|switch|p1a: Gastrodon|Gastrodon, F|91/100
|move|p2a: StarPlatinum|Scald|p1a: Gastrodon
|-ability|p1a: Gastrodon|Storm Drain|boost
|-boost|p1a: Gastrodon|spa|1
|
|-heal|p2a: StarPlatinum|91/100|[from] item: Leftovers
|upkeep
|turn|416
|
|t:|1614659895
|switch|p2a: PurpleHaze|Drapion, M|63/100
|move|p1a: Gastrodon|Toxic|p2a: PurpleHaze
|-immune|p2a: PurpleHaze
|
|upkeep
|turn|417
|
|t:|1614659899
|switch|p2a: StarPlatinum|Quagsire, M, shiny|91/100
|switch|p1a: Krookodile|Krookodile, F|46/100
|-ability|p1a: Krookodile|Intimidate|boost
|-unboost|p2a: StarPlatinum|atk|1
|
|-heal|p2a: StarPlatinum|97/100|[from] item: Leftovers
|upkeep
|turn|418
|
|t:|1614659908
|move|p1a: Krookodile|Knock Off|p2a: StarPlatinum
|-damage|p2a: StarPlatinum|70/100
|-enditem|p2a: StarPlatinum|Leftovers|[from] move: Knock Off|[of] p1a: Krookodile
|move|p2a: StarPlatinum|Scald|p1a: Krookodile
|-supereffective|p1a: Krookodile
|-damage|p1a: Krookodile|5/100
|
|upkeep
|turn|419
|
|t:|1614659918
|switch|p1a: Gastrodon|Gastrodon, F|91/100
|move|p2a: StarPlatinum|Scald|p1a: Gastrodon
|-ability|p1a: Gastrodon|Storm Drain|boost
|-boost|p1a: Gastrodon|spa|1
|
|upkeep
|turn|420
|
|t:|1614659920
|switch|p1a: Slowking|Slowking-Galar, M|100/100 brn
|switch|p2a: CatchTheRainbow|Mantine, M|48/100 brn
|
|-damage|p2a: CatchTheRainbow|42/100 brn|[from] brn
|-damage|p1a: Slowking|94/100 brn|[from] brn
|upkeep
|turn|421
|
|t:|1614659925
|switch|p1a: Weezing|Weezing-Galar, M|74/100
|move|p2a: CatchTheRainbow|Roost|p2a: CatchTheRainbow
|-heal|p2a: CatchTheRainbow|92/100 brn
|-singleturn|p2a: CatchTheRainbow|move: Roost
|
|-damage|p2a: CatchTheRainbow|86/100 brn|[from] brn
|upkeep
|turn|422
|
|t:|1614659932
|switch|p2a: StarPlatinum|Quagsire, M, shiny|70/100
|switch|p1a: Slowking|Slowking-Galar, M|100/100 brn
|
|-damage|p1a: Slowking|94/100 brn|[from] brn
|upkeep
|turn|423
|
|t:|1614659935
|switch|p2a: CatchTheRainbow|Mantine, M|86/100 brn
|switch|p1a: Gastrodon|Gastrodon, F|91/100
|
|-damage|p2a: CatchTheRainbow|79/100 brn|[from] brn
|upkeep
|turn|424
|c|☆lobstergang|this is insane
|
|t:|1614659942
|switch|p1a: Slowking|Slowking-Galar, M|100/100 brn
|move|p2a: CatchTheRainbow|Haze|p2a: CatchTheRainbow
|-clearallboost
|
|-damage|p2a: CatchTheRainbow|73/100 brn|[from] brn
|-damage|p1a: Slowking|94/100 brn|[from] brn
|upkeep
|turn|425
|
|t:|1614659948
|switch|p2a: PurpleHaze|Drapion, M|63/100
|switch|p1a: Weezing|Weezing-Galar, M|74/100
|
|upkeep
|turn|426
|
|t:|1614659952
|switch|p2a: CatchTheRainbow|Mantine, M|73/100 brn
|move|p1a: Weezing|Will-O-Wisp|p2a: CatchTheRainbow
|-fail|p2a: CatchTheRainbow|brn
|
|-damage|p2a: CatchTheRainbow|67/100 brn|[from] brn
|upkeep
|turn|427
|
|t:|1614659956
|switch|p2a: StarPlatinum|Quagsire, M, shiny|70/100
|move|p1a: Weezing|Defog|p2a: StarPlatinum
|-unboost|p2a: StarPlatinum|evasion|1
|
|upkeep
|turn|428
|
|t:|1614659960
|switch|p1a: Slowking|Slowking-Galar, M|100/100 brn
|switch|p2a: CatchTheRainbow|Mantine, M|67/100 brn
|
|-damage|p2a: CatchTheRainbow|61/100 brn|[from] brn
|-damage|p1a: Slowking|94/100 brn|[from] brn
|upkeep
|turn|429
|
|t:|1614659971
|switch|p2a: StarPlatinum|Quagsire, M, shiny|70/100
|switch|p1a: Weezing|Weezing-Galar, M|74/100
|
|upkeep
|turn|430
|
|t:|1614659976
|switch|p1a: Slowking|Slowking-Galar, M|100/100 brn
|switch|p2a: CatchTheRainbow|Mantine, M|61/100 brn
|
|-damage|p2a: CatchTheRainbow|55/100 brn|[from] brn
|-damage|p1a: Slowking|94/100 brn|[from] brn
|upkeep
|turn|431
|
|t:|1614659980
|switch|p2a: StarPlatinum|Quagsire, M, shiny|70/100
|switch|p1a: Weezing|Weezing-Galar, M|74/100
|
|upkeep
|turn|432
|
|t:|1614659983
|switch|p1a: Slowking|Slowking-Galar, M|100/100 brn
|switch|p2a: CatchTheRainbow|Mantine, M|55/100 brn
|
|-damage|p2a: CatchTheRainbow|49/100 brn|[from] brn
|-damage|p1a: Slowking|94/100 brn|[from] brn
|upkeep
|turn|433
|
|t:|1614659985
|switch|p2a: StarPlatinum|Quagsire, M, shiny|70/100
|switch|p1a: Weezing|Weezing-Galar, M|74/100
|
|upkeep
|turn|434
|
|t:|1614659987
|switch|p1a: Slowking|Slowking-Galar, M|100/100 brn
|switch|p2a: CatchTheRainbow|Mantine, M|49/100 brn
|
|-damage|p2a: CatchTheRainbow|42/100 brn|[from] brn
|-damage|p1a: Slowking|94/100 brn|[from] brn
|upkeep
|turn|435
|
|t:|1614659990
|switch|p1a: Weezing|Weezing-Galar, M|74/100
|move|p2a: CatchTheRainbow|Roost|p2a: CatchTheRainbow
|-heal|p2a: CatchTheRainbow|92/100 brn
|-singleturn|p2a: CatchTheRainbow|move: Roost
|
|-damage|p2a: CatchTheRainbow|86/100 brn|[from] brn
|upkeep
|turn|436
|
|t:|1614659994
|switch|p2a: StarPlatinum|Quagsire, M, shiny|70/100
|switch|p1a: Slowking|Slowking-Galar, M|100/100 brn
|
|-damage|p1a: Slowking|94/100 brn|[from] brn
|upkeep
|turn|437
|
|t:|1614659998
|switch|p2a: PurpleHaze|Drapion, M|63/100
|switch|p1a: Weezing|Weezing-Galar, M|74/100
|
|upkeep
|turn|438
|
|t:|1614660001
|switch|p2a: StarPlatinum|Quagsire, M, shiny|70/100
|move|p1a: Weezing|Will-O-Wisp|p2a: StarPlatinum
|-status|p2a: StarPlatinum|brn
|
|-damage|p2a: StarPlatinum|64/100 brn|[from] brn
|upkeep
|turn|439
|
|t:|1614660006
|switch|p1a: Slowking|Slowking-Galar, M|100/100 brn
|switch|p2a: PurpleHaze|Drapion, M|63/100
|
|-damage|p1a: Slowking|94/100 brn|[from] brn
|upkeep
|turn|440
|
|t:|1614660010
|switch|p2a: StarPlatinum|Quagsire, M, shiny|64/100 brn
|switch|p1a: Weezing|Weezing-Galar, M|74/100
|
|-damage|p2a: StarPlatinum|58/100 brn|[from] brn
|upkeep
|turn|441
|
|t:|1614660013
|switch|p1a: Slowking|Slowking-Galar, M|100/100 brn
|switch|p2a: PurpleHaze|Drapion, M|63/100
|
|-damage|p1a: Slowking|94/100 brn|[from] brn
|upkeep
|turn|442
|
|t:|1614660016
|switch|p2a: StarPlatinum|Quagsire, M, shiny|58/100 brn
|switch|p1a: Magnezone|Magnezone|100/100
|
|-damage|p2a: StarPlatinum|52/100 brn|[from] brn
|upkeep
|turn|443
|
|t:|1614660018
|switch|p1a: Weezing|Weezing-Galar, M|74/100
|move|p2a: StarPlatinum|Scald|p1a: Weezing
|-damage|p1a: Weezing|46/100
|-status|p1a: Weezing|brn
|
|-damage|p1a: Weezing|40/100 brn|[from] brn
|-damage|p2a: StarPlatinum|45/100 brn|[from] brn
|upkeep
|turn|444
|l| blacksquidward
|inactive|lobstergang has 90 seconds left.
|
|t:|1614660025
|switch|p1a: Slowking|Slowking-Galar, M|100/100 brn
|move|p2a: StarPlatinum|Rest|p2a: StarPlatinum
|-status|p2a: StarPlatinum|slp|[from] move: Rest
|-heal|p2a: StarPlatinum|100/100 slp|[silent]
|
|-damage|p1a: Slowking|94/100 brn|[from] brn
|upkeep
|turn|445
|inactive|lobstergang has 90 seconds left.
|
|t:|1614660032
|switch|p2a: CatchTheRainbow|Mantine, M|86/100 brn
|switch|p1a: Weezing|Weezing-Galar, M|40/100 brn
|
|-damage|p2a: CatchTheRainbow|80/100 brn|[from] brn
|-damage|p1a: Weezing|34/100 brn|[from] brn
|upkeep
|turn|446
|
|t:|1614660038
|move|p2a: CatchTheRainbow|Haze|p2a: CatchTheRainbow
|-clearallboost
|move|p1a: Weezing|Pain Split|p2a: CatchTheRainbow
|-sethp|p2a: CatchTheRainbow|55/100 brn|[from] move: Pain Split|[silent]
|-sethp|p1a: Weezing|62/100 brn|[from] move: Pain Split
|
|-damage|p2a: CatchTheRainbow|49/100 brn|[from] brn
|-damage|p1a: Weezing|56/100 brn|[from] brn
|upkeep
|turn|447
|
|t:|1614660043
|switch|p1a: Slowking|Slowking-Galar, M|100/100 brn
|move|p2a: CatchTheRainbow|Roost|p2a: CatchTheRainbow
|-heal|p2a: CatchTheRainbow|99/100 brn
|-singleturn|p2a: CatchTheRainbow|move: Roost
|
|-damage|p2a: CatchTheRainbow|93/100 brn|[from] brn
|-damage|p1a: Slowking|94/100 brn|[from] brn
|upkeep
|turn|448
|
|t:|1614660052
|switch|p2a: StarPlatinum|Quagsire, M, shiny|100/100 slp
|switch|p1a: Magnezone|Magnezone|100/100
|
|upkeep
|turn|449
|
|t:|1614660056
|switch|p1a: Slowking|Slowking-Galar, M|100/100 brn
|cant|p2a: StarPlatinum|slp
|
|-damage|p1a: Slowking|94/100 brn|[from] brn
|upkeep
|turn|450
|
|t:|1614660059
|switch|p2a: CatchTheRainbow|Mantine, M|93/100 brn
|switch|p1a: Magnezone|Magnezone|100/100
|
|-damage|p2a: CatchTheRainbow|87/100 brn|[from] brn
|upkeep
|turn|451
|
|t:|1614660063
|switch|p2a: StarPlatinum|Quagsire, M, shiny|100/100 slp
|move|p1a: Magnezone|Thunderbolt|p2a: StarPlatinum
|-immune|p2a: StarPlatinum
|
|upkeep
|turn|452
|
|t:|1614660067
|switch|p1a: Slowking|Slowking-Galar, M|100/100 brn
|switch|p2a: CatchTheRainbow|Mantine, M|87/100 brn
|
|-damage|p2a: CatchTheRainbow|81/100 brn|[from] brn
|-damage|p1a: Slowking|94/100 brn|[from] brn
|upkeep
|turn|453
|
|t:|1614660077
|switch|p2a: StarPlatinum|Quagsire, M, shiny|100/100 slp
|move|p1a: Slowking|Earthquake|p2a: StarPlatinum
|-damage|p2a: StarPlatinum|95/100 slp
|
|-damage|p1a: Slowking|88/100 brn|[from] brn
|upkeep
|turn|454
|inactive|lobstergang has 90 seconds left.
|
|t:|1614660084
|switch|p2a: PurpleHaze|Drapion, M|63/100
|switch|p1a: Krookodile|Krookodile, F|5/100
|-ability|p1a: Krookodile|Intimidate|boost
|-unboost|p2a: PurpleHaze|atk|1
|
|upkeep
|turn|455
|
|t:|1614660089
|move|p1a: Krookodile|Stealth Rock|p2a: PurpleHaze
|-sidestart|p2: Tirkys|move: Stealth Rock
|move|p2a: PurpleHaze|Knock Off|p1a: Krookodile
|-resisted|p1a: Krookodile
|-damage|p1a: Krookodile|0 fnt
|faint|p1a: Krookodile
|
|upkeep
|inactive|lobstergang has 90 seconds left.
|
|t:|1614660100
|switch|p1a: Magnezone|Magnezone|100/100
|turn|456
|
|t:|1614660115
|move|p2a: PurpleHaze|Knock Off|p1a: Magnezone
|-damage|p1a: Magnezone|85/100
|-enditem|p1a: Magnezone|Leftovers|[from] move: Knock Off|[of] p2a: PurpleHaze
|move|p1a: Magnezone|Thunderbolt|p2a: PurpleHaze
|-damage|p2a: PurpleHaze|29/100
|-status|p2a: PurpleHaze|par
|
|upkeep
|turn|457
|
|t:|1614660125
|switch|p2a: StarPlatinum|Quagsire, M, shiny|95/100 slp
|-damage|p2a: StarPlatinum|89/100 slp|[from] Stealth Rock
|move|p1a: Magnezone|Thunderbolt|p2a: StarPlatinum
|-immune|p2a: StarPlatinum
|
|upkeep
|turn|458
|
|t:|1614660129
|switch|p1a: Slowking|Slowking-Galar, M|100/100 brn
|cant|p2a: StarPlatinum|slp
|
|-damage|p1a: Slowking|94/100 brn|[from] brn
|upkeep
|turn|459
|
|t:|1614660135
|switch|p2a: CatchTheRainbow|Mantine, M|81/100 brn
|-damage|p2a: CatchTheRainbow|56/100 brn|[from] Stealth Rock
|switch|p1a: Gastrodon|Gastrodon, F|91/100
|
|-damage|p2a: CatchTheRainbow|50/100 brn|[from] brn
|upkeep
|turn|460
|
|t:|1614660139
|switch|p1a: Slowking|Slowking-Galar, M|100/100 brn
|move|p2a: CatchTheRainbow|Defog|p1a: Slowking
|-unboost|p1a: Slowking|evasion|1
|-sideend|p2: Tirkys|Stealth Rock|[from] move: Defog|[of] p2a: CatchTheRainbow
|
|-damage|p2a: CatchTheRainbow|44/100 brn|[from] brn
|-damage|p1a: Slowking|94/100 brn|[from] brn
|upkeep
|turn|461
|
|t:|1614660152
|move|p2a: CatchTheRainbow|Roost|p2a: CatchTheRainbow
|-heal|p2a: CatchTheRainbow|94/100 brn
|-singleturn|p2a: CatchTheRainbow|move: Roost
|move|p1a: Slowking|Flamethrower|p2a: CatchTheRainbow
|-resisted|p2a: CatchTheRainbow
|-damage|p2a: CatchTheRainbow|87/100 brn
|
|-damage|p2a: CatchTheRainbow|81/100 brn|[from] brn
|-damage|p1a: Slowking|88/100 brn|[from] brn
|upkeep
|turn|462
|
|t:|1614660161
|switch|p2a: PurpleHaze|Drapion, M|29/100 par
|switch|p1a: Weezing|Weezing-Galar, M|56/100 brn
|
|-damage|p1a: Weezing|50/100 brn|[from] brn
|upkeep
|turn|463
|inactive|lobstergang has 60 seconds left.
|
|t:|1614660174
|switch|p1a: Gastrodon|Gastrodon, F|91/100
|move|p2a: PurpleHaze|Rest|p2a: PurpleHaze
|-status|p2a: PurpleHaze|slp|[from] move: Rest
|-heal|p2a: PurpleHaze|100/100 slp|[silent]
|
|upkeep
|turn|464
|
|t:|1614660180
|switch|p2a: StarPlatinum|Quagsire, M, shiny|89/100 slp
|switch|p1a: Magnezone|Magnezone|85/100
|
|upkeep
|turn|465
|
|t:|1614660184
|switch|p1a: Slowking|Slowking-Galar, M|100/100 brn
|switch|p2a: PurpleHaze|Drapion, M|100/100 slp
|
|-damage|p1a: Slowking|94/100 brn|[from] brn
|upkeep
|turn|466
|
|t:|1614660193
|switch|p1a: Weezing|Weezing-Galar, M|50/100 brn
|cant|p2a: PurpleHaze|slp
|
|-damage|p1a: Weezing|44/100 brn|[from] brn
|upkeep
|turn|467
|
|t:|1614660196
|switch|p2a: StarPlatinum|Quagsire, M, shiny|89/100 slp
|move|p1a: Weezing|Pain Split|p2a: StarPlatinum
|-sethp|p2a: StarPlatinum|63/100 slp|[from] move: Pain Split|[silent]
|-sethp|p1a: Weezing|74/100 brn|[from] move: Pain Split
|
|-damage|p1a: Weezing|68/100 brn|[from] brn
|upkeep
|turn|468
|
|t:|1614660200
|switch|p1a: Gastrodon|Gastrodon, F|91/100
|switch|p2a: PurpleHaze|Drapion, M|100/100 slp
|
|upkeep
|turn|469
|
|t:|1614660203
|switch|p2a: StarPlatinum|Quagsire, M, shiny|63/100 slp
|switch|p1a: Weezing|Weezing-Galar, M|68/100 brn
|
|-damage|p1a: Weezing|62/100 brn|[from] brn
|upkeep
|turn|470
|inactive|lobstergang has 60 seconds left.
|
|t:|1614660216
|switch|p1a: Gastrodon|Gastrodon, F|91/100
|-curestatus|p2a: StarPlatinum|slp|[msg]
|move|p2a: StarPlatinum|Recover|p2a: StarPlatinum
|-heal|p2a: StarPlatinum|100/100
|
|upkeep
|turn|471
|
|t:|1614660221
|switch|p2a: PurpleHaze|Drapion, M|100/100 slp
|move|p1a: Gastrodon|Toxic||[still]
|-fail|p1a: Gastrodon
|
|upkeep
|turn|472
|
|t:|1614660227
|switch|p2a: StarPlatinum|Quagsire, M, shiny|100/100
|switch|p1a: Weezing|Weezing-Galar, M|62/100 brn
|
|-damage|p1a: Weezing|56/100 brn|[from] brn
|upkeep
|turn|473
|
|t:|1614660235
|switch|p2a: CatchTheRainbow|Mantine, M|81/100 brn
|move|p1a: Weezing|Pain Split|p2a: CatchTheRainbow
|-sethp|p2a: CatchTheRainbow|65/100 brn|[from] move: Pain Split|[silent]
|-sethp|p1a: Weezing|73/100 brn|[from] move: Pain Split
|
|-damage|p2a: CatchTheRainbow|59/100 brn|[from] brn
|-damage|p1a: Weezing|67/100 brn|[from] brn
|upkeep
|turn|474
|
|t:|1614660239
|switch|p2a: StarPlatinum|Quagsire, M, shiny|100/100
|switch|p1a: Magnezone|Magnezone|85/100
|
|upkeep
|turn|475
|
|t:|1614660245
|switch|p1a: Gastrodon|Gastrodon, F|91/100
|move|p2a: StarPlatinum|Stockpile|p2a: StarPlatinum
|-start|p2a: StarPlatinum|stockpile1
|-boost|p2a: StarPlatinum|def|1
|-boost|p2a: StarPlatinum|spd|1
|
|upkeep
|turn|476
|
|t:|1614660251
|switch|p1a: Magnezone|Magnezone|85/100
|switch|p2a: PurpleHaze|Drapion, M|100/100 slp
|
|upkeep
|turn|477
|
|t:|1614660257
|switch|p2a: StarPlatinum|Quagsire, M, shiny|100/100
|move|p1a: Magnezone|Body Press|p2a: StarPlatinum
|-damage|p2a: StarPlatinum|84/100
|
|upkeep
|turn|478
|
|t:|1614660266
|switch|p1a: Slowking|Slowking-Galar, M|100/100 brn
|switch|p2a: PurpleHaze|Drapion, M|100/100 slp
|
|-damage|p1a: Slowking|94/100 brn|[from] brn
|upkeep
|turn|479
|
|t:|1614660270
|switch|p2a: StarPlatinum|Quagsire, M, shiny|84/100
|move|p1a: Slowking|Earthquake|p2a: StarPlatinum
|-damage|p2a: StarPlatinum|78/100
|
|-damage|p1a: Slowking|88/100 brn|[from] brn
|upkeep
|turn|480
|
|t:|1614660275
|switch|p2a: PurpleHaze|Drapion, M|100/100 slp
|switch|p1a: Gastrodon|Gastrodon, F|91/100
|
|upkeep
|turn|481
|
|t:|1614660279
|switch|p2a: StarPlatinum|Quagsire, M, shiny|78/100
|switch|p1a: Weezing|Weezing-Galar, M|67/100 brn
|
|-damage|p1a: Weezing|61/100 brn|[from] brn
|upkeep
|turn|482
|
|t:|1614660286
|switch|p1a: Gastrodon|Gastrodon, F|91/100
|move|p2a: StarPlatinum|Stockpile|p2a: StarPlatinum
|-start|p2a: StarPlatinum|stockpile1
|-boost|p2a: StarPlatinum|def|1
|-boost|p2a: StarPlatinum|spd|1
|
|upkeep
|turn|483
|
|t:|1614660292
|switch|p1a: Slowking|Slowking-Galar, M|100/100 brn
|switch|p2a: PurpleHaze|Drapion, M|100/100 slp
|
|-damage|p1a: Slowking|94/100 brn|[from] brn
|upkeep
|turn|484
|
|t:|1614660297
|switch|p1a: Gastrodon|Gastrodon, F|91/100
|cant|p2a: PurpleHaze|slp
|
|upkeep
|turn|485
|
|t:|1614660301
|switch|p2a: StarPlatinum|Quagsire, M, shiny|78/100
|switch|p1a: Magnezone|Magnezone|85/100
|
|upkeep
|turn|486
|
|t:|1614660305
|switch|p1a: Slowking|Slowking-Galar, M|100/100 brn
|move|p2a: StarPlatinum|Rest|p2a: StarPlatinum
|-status|p2a: StarPlatinum|slp|[from] move: Rest
|-heal|p2a: StarPlatinum|100/100 slp|[silent]
|
|-damage|p1a: Slowking|94/100 brn|[from] brn
|upkeep
|turn|487
|inactive|lobstergang has 60 seconds left.
|
|t:|1614660315
|switch|p2a: CatchTheRainbow|Mantine, M|59/100 brn
|switch|p1a: Magnezone|Magnezone|85/100
|
|-damage|p2a: CatchTheRainbow|53/100 brn|[from] brn
|upkeep
|turn|488
|
|t:|1614660319
|switch|p2a: StarPlatinum|Quagsire, M, shiny|100/100 slp
|move|p1a: Magnezone|Thunderbolt|p2a: StarPlatinum
|-immune|p2a: StarPlatinum
|
|upkeep
|turn|489
|
|t:|1614660326
|switch|p1a: Slowking|Slowking-Galar, M|100/100 brn
|switch|p2a: PurpleHaze|Drapion, M|100/100 slp
|
|-damage|p1a: Slowking|94/100 brn|[from] brn
|upkeep
|turn|490
|
|t:|1614660329
|switch|p2a: CatchTheRainbow|Mantine, M|53/100 brn
|switch|p1a: Gastrodon|Gastrodon, F|91/100
|
|-damage|p2a: CatchTheRainbow|47/100 brn|[from] brn
|upkeep
|turn|491
|
|t:|1614660333
|switch|p1a: Slowking|Slowking-Galar, M|100/100 brn
|move|p2a: CatchTheRainbow|Roost|p2a: CatchTheRainbow
|-heal|p2a: CatchTheRainbow|97/100 brn
|-singleturn|p2a: CatchTheRainbow|move: Roost
|
|-damage|p2a: CatchTheRainbow|91/100 brn|[from] brn
|-damage|p1a: Slowking|94/100 brn|[from] brn
|upkeep
|turn|492
|inactive|lobstergang has 60 seconds left.
|
|t:|1614660341
|switch|p2a: PurpleHaze|Drapion, M|100/100 slp
|switch|p1a: Magnezone|Magnezone|85/100
|
|upkeep
|turn|493
|
|t:|1614660345
|switch|p1a: Gastrodon|Gastrodon, F|91/100
|-curestatus|p2a: PurpleHaze|slp|[msg]
|move|p2a: PurpleHaze|Ice Fang|p1a: Gastrodon
|-damage|p1a: Gastrodon|80/100
|
|upkeep
|turn|494
|inactive|lobstergang has 60 seconds left.
|
|t:|1614660358
|switch|p2a: StarPlatinum|Quagsire, M, shiny|100/100 slp
|move|p1a: Gastrodon|Toxic||[still]
|-fail|p1a: Gastrodon
|
|upkeep
|turn|495
|
|t:|1614660364
|switch|p1a: Slowking|Slowking-Galar, M|100/100 brn
|switch|p2a: PurpleHaze|Drapion, M|100/100
|
|-damage|p1a: Slowking|94/100 brn|[from] brn
|upkeep
|turn|496
|
|t:|1614660367
|switch|p2a: CatchTheRainbow|Mantine, M|91/100 brn
|switch|p1a: Gastrodon|Gastrodon, F|80/100
|
|-damage|p2a: CatchTheRainbow|85/100 brn|[from] brn
|upkeep
|turn|497
|
|t:|1614660370
|switch|p1a: Slowking|Slowking-Galar, M|100/100 brn
|move|p2a: CatchTheRainbow|Toxic||[still]
|-fail|p2a: CatchTheRainbow
|
|-damage|p2a: CatchTheRainbow|79/100 brn|[from] brn
|-damage|p1a: Slowking|94/100 brn|[from] brn
|upkeep
|turn|498
|
|t:|1614660376
|switch|p1a: Magnezone|Magnezone|85/100
|move|p2a: CatchTheRainbow|Toxic|p1a: Magnezone
|-immune|p1a: Magnezone
|
|-damage|p2a: CatchTheRainbow|72/100 brn|[from] brn
|upkeep
|turn|499
|
|t:|1614660383
|switch|p2a: StarPlatinum|Quagsire, M, shiny|100/100 slp
|move|p1a: Magnezone|Iron Defense|p1a: Magnezone
|-boost|p1a: Magnezone|def|2
|
|upkeep
|bigerror|You will auto-tie if the battle doesn't end in 500 turns (on turn 1000).
|-hint|If you want to tie earlier, consider using `/offertie`.
|turn|500
lobstergang is offering a tie.
|
|t:|1614660402
|switch|p1a: Slowking|Slowking-Galar, M|100/100 brn
|switch|p2a: PurpleHaze|Drapion, M|100/100
|
|-damage|p1a: Slowking|94/100 brn|[from] brn
|upkeep
|turn|501
|
|t:|1614660409
|switch|p1a: Weezing|Weezing-Galar, M|61/100 brn
|move|p2a: PurpleHaze|Knock Off|p1a: Weezing
|-resisted|p1a: Weezing
|-damage|p1a: Weezing|54/100 brn
|
|-damage|p1a: Weezing|48/100 brn|[from] brn
|upkeep
|turn|502
|
|t:|1614660417
|switch|p2a: CatchTheRainbow|Mantine, M|72/100 brn
|move|p1a: Weezing|Pain Split|p2a: CatchTheRainbow
|-sethp|p2a: CatchTheRainbow|58/100 brn|[from] move: Pain Split|[silent]
|-sethp|p1a: Weezing|65/100 brn|[from] move: Pain Split
|
|-damage|p2a: CatchTheRainbow|52/100 brn|[from] brn
|-damage|p1a: Weezing|59/100 brn|[from] brn
|upkeep
|turn|503
|inactive|lobstergang has 30 seconds left.
|
|t:|1614660430
|switch|p1a: Slowking|Slowking-Galar, M|100/100 brn
|move|p2a: CatchTheRainbow|Haze|p2a: CatchTheRainbow
|-clearallboost
|
|-damage|p2a: CatchTheRainbow|45/100 brn|[from] brn
|-damage|p1a: Slowking|94/100 brn|[from] brn
|upkeep
|turn|504
|inactive|lobstergang has 30 seconds left this turn.
|
|t:|1614660434
|switch|p2a: PurpleHaze|Drapion, M|100/100
|switch|p1a: Magnezone|Magnezone|85/100
|
|upkeep
|turn|505
|inactive|lobstergang has 30 seconds left this turn.
|
|t:|1614660438
|switch|p2a: StarPlatinum|Quagsire, M, shiny|100/100 slp
|switch|p1a: Gastrodon|Gastrodon, F|80/100
|
|upkeep
|turn|506
|inactive|lobstergang has 30 seconds left.
|
|t:|1614660443
|switch|p1a: Slowking|Slowking-Galar, M|100/100 brn
|switch|p2a: PurpleHaze|Drapion, M|100/100
|
|-damage|p1a: Slowking|94/100 brn|[from] brn
|upkeep
|turn|507
|inactive|lobstergang has 30 seconds left this turn.
|
|t:|1614660448
|switch|p2a: StarPlatinum|Quagsire, M, shiny|100/100 slp
|switch|p1a: Gastrodon|Gastrodon, F|80/100
|
|upkeep
|turn|508
|
|t:|1614660452
|switch|p1a: Slowking|Slowking-Galar, M|100/100 brn
|switch|p2a: PurpleHaze|Drapion, M|100/100
|
|-damage|p1a: Slowking|94/100 brn|[from] brn
|upkeep
|turn|509
|
|t:|1614660455
|switch|p2a: StarPlatinum|Quagsire, M, shiny|100/100 slp
|switch|p1a: Gastrodon|Gastrodon, F|80/100
|
|upkeep
|turn|510
|
|t:|1614660460
|switch|p1a: Slowking|Slowking-Galar, M|100/100 brn
|switch|p2a: PurpleHaze|Drapion, M|100/100
|
|-damage|p1a: Slowking|94/100 brn|[from] brn
|upkeep
|turn|511
|
|t:|1614660469
|switch|p2a: StarPlatinum|Quagsire, M, shiny|100/100 slp
|switch|p1a: Gastrodon|Gastrodon, F|80/100
|
|upkeep
|turn|512
|
|t:|1614660473
|switch|p1a: Slowking|Slowking-Galar, M|100/100 brn
|switch|p2a: PurpleHaze|Drapion, M|100/100
|
|-damage|p1a: Slowking|94/100 brn|[from] brn
|upkeep
|turn|513
|
|t:|1614660481
|switch|p2a: StarPlatinum|Quagsire, M, shiny|100/100 slp
|switch|p1a: Gastrodon|Gastrodon, F|80/100
|
|upkeep
|turn|514
|
|t:|1614660490
|switch|p1a: Slowking|Slowking-Galar, M|100/100 brn
|switch|p2a: PurpleHaze|Drapion, M|100/100
|
|-damage|p1a: Slowking|94/100 brn|[from] brn
|upkeep
|turn|515
|j| mostgodliestwalrus
|
|t:|1614660496
|switch|p2a: StarPlatinum|Quagsire, M, shiny|100/100 slp
|switch|p1a: Gastrodon|Gastrodon, F|80/100
|
|upkeep
|turn|516
|
|t:|1614660505
|switch|p1a: Slowking|Slowking-Galar, M|100/100 brn
|switch|p2a: PurpleHaze|Drapion, M|100/100
|
|-damage|p1a: Slowking|94/100 brn|[from] brn
|upkeep
|turn|517
|j| X-Wing Fighter
|inactive|lobstergang has 30 seconds left.
|
|t:|1614660512
|switch|p2a: StarPlatinum|Quagsire, M, shiny|100/100 slp
|switch|p1a: Gastrodon|Gastrodon, F|80/100
|
|upkeep
|turn|518
|inactive|lobstergang has 30 seconds left.
|l| mostgodliestwalrus
|
|t:|1614660518
|switch|p1a: Slowking|Slowking-Galar, M|100/100 brn
|switch|p2a: PurpleHaze|Drapion, M|100/100
|
|-damage|p1a: Slowking|94/100 brn|[from] brn
|upkeep
|turn|519
|inactive|lobstergang has 30 seconds left this turn.
|
|t:|1614660525
|switch|p2a: StarPlatinum|Quagsire, M, shiny|100/100 slp
|switch|p1a: Gastrodon|Gastrodon, F|80/100
|
|upkeep
|turn|520
|
|t:|1614660529
|switch|p1a: Slowking|Slowking-Galar, M|100/100 brn
|switch|p2a: PurpleHaze|Drapion, M|100/100
|
|-damage|p1a: Slowking|94/100 brn|[from] brn
|upkeep
|turn|521
|
|t:|1614660533
|switch|p2a: StarPlatinum|Quagsire, M, shiny|100/100 slp
|switch|p1a: Gastrodon|Gastrodon, F|80/100
|
|upkeep
|turn|522
|j| mostgodliestwalrus
|
|t:|1614660537
|switch|p1a: Slowking|Slowking-Galar, M|100/100 brn
|switch|p2a: PurpleHaze|Drapion, M|100/100
|
|-damage|p1a: Slowking|94/100 brn|[from] brn
|upkeep
|turn|523
|
|t:|1614660540
|switch|p2a: StarPlatinum|Quagsire, M, shiny|100/100 slp
|switch|p1a: Gastrodon|Gastrodon, F|80/100
|
|upkeep
|turn|524
|j| Criingetopia
|l| mostgodliestwalrus
|
|t:|1614660545
|switch|p1a: Slowking|Slowking-Galar, M|100/100 brn
|switch|p2a: PurpleHaze|Drapion, M|100/100
|
|-damage|p1a: Slowking|94/100 brn|[from] brn
|upkeep
|turn|525
|
|t:|1614660550
|switch|p2a: StarPlatinum|Quagsire, M, shiny|100/100 slp
|switch|p1a: Gastrodon|Gastrodon, F|80/100
|
|upkeep
|turn|526
|
|t:|1614660556
|switch|p1a: Slowking|Slowking-Galar, M|100/100 brn
|switch|p2a: PurpleHaze|Drapion, M|100/100
|
|-damage|p1a: Slowking|94/100 brn|[from] brn
|upkeep
|turn|527
|
|t:|1614660559
|switch|p2a: StarPlatinum|Quagsire, M, shiny|100/100 slp
|switch|p1a: Gastrodon|Gastrodon, F|80/100
|
|upkeep
|turn|528
|l| Criingetopia
|
|t:|1614660565
|switch|p1a: Slowking|Slowking-Galar, M|100/100 brn
|cant|p2a: StarPlatinum|slp
|
|-damage|p1a: Slowking|94/100 brn|[from] brn
|upkeep
|turn|529
|
|t:|1614660568
|switch|p2a: PurpleHaze|Drapion, M|100/100
|switch|p1a: Gastrodon|Gastrodon, F|80/100
|
|upkeep
|turn|530
|
|t:|1614660571
|switch|p2a: StarPlatinum|Quagsire, M, shiny|100/100 slp
|switch|p1a: Slowking|Slowking-Galar, M|100/100 brn
|
|-damage|p1a: Slowking|94/100 brn|[from] brn
|upkeep
|turn|531
|j| Criingetopia
|
|t:|1614660574
|switch|p2a: PurpleHaze|Drapion, M|100/100
|switch|p1a: Gastrodon|Gastrodon, F|80/100
|
|upkeep
|turn|532
|
|t:|1614660578
|switch|p2a: StarPlatinum|Quagsire, M, shiny|100/100 slp
|switch|p1a: Weezing|Weezing-Galar, M|59/100 brn
|
|-damage|p1a: Weezing|53/100 brn|[from] brn
|upkeep
|turn|533
|
|t:|1614660581
|switch|p1a: Slowking|Slowking-Galar, M|100/100 brn
|switch|p2a: PurpleHaze|Drapion, M|100/100
|
|-damage|p1a: Slowking|94/100 brn|[from] brn
|upkeep
|turn|534
|
|t:|1614660584
|switch|p2a: StarPlatinum|Quagsire, M, shiny|100/100 slp
|switch|p1a: Gastrodon|Gastrodon, F|80/100
|
|upkeep
|turn|535
|
|t:|1614660586
|switch|p1a: Weezing|Weezing-Galar, M|53/100 brn
|switch|p2a: PurpleHaze|Drapion, M|100/100
|
|-damage|p1a: Weezing|47/100 brn|[from] brn
|upkeep
|turn|536
|
|t:|1614660591
|switch|p2a: CatchTheRainbow|Mantine, M|45/100 brn
|switch|p1a: Gastrodon|Gastrodon, F|80/100
|
|-damage|p2a: CatchTheRainbow|39/100 brn|[from] brn
|upkeep
|turn|537
|l| Criingetopia
|inactive|lobstergang has 60 seconds left.
|
|t:|1614660598
|switch|p1a: Slowking|Slowking-Galar, M|100/100 brn
|move|p2a: CatchTheRainbow|Roost|p2a: CatchTheRainbow
|-heal|p2a: CatchTheRainbow|89/100 brn
|-singleturn|p2a: CatchTheRainbow|move: Roost
|
|-damage|p2a: CatchTheRainbow|83/100 brn|[from] brn
|-damage|p1a: Slowking|94/100 brn|[from] brn
|upkeep
|turn|538
|inactive|lobstergang has 60 seconds left.
|
|t:|1614660603
|switch|p2a: StarPlatinum|Quagsire, M, shiny|100/100 slp
|switch|p1a: Magnezone|Magnezone|85/100
|
|upkeep
|turn|539
|
|t:|1614660607
|switch|p1a: Gastrodon|Gastrodon, F|80/100
|switch|p2a: PurpleHaze|Drapion, M|100/100
|
|upkeep
|turn|540
|inactive|lobstergang has 60 seconds left.
|l| X-Wing Fighter
|
|t:|1614660616
|switch|p2a: StarPlatinum|Quagsire, M, shiny|100/100 slp
|switch|p1a: Weezing|Weezing-Galar, M|47/100 brn
|
|-damage|p1a: Weezing|41/100 brn|[from] brn
|upkeep
|turn|541
|j| SilverVictini7
|
|t:|1614660621
|switch|p1a: Magnezone|Magnezone|85/100
|switch|p2a: CatchTheRainbow|Mantine, M|83/100 brn
|
|-damage|p2a: CatchTheRainbow|77/100 brn|[from] brn
|upkeep
|turn|542
|
|t:|1614660624
|switch|p2a: PurpleHaze|Drapion, M|100/100
|move|p1a: Magnezone|Body Press|p2a: PurpleHaze
|-damage|p2a: PurpleHaze|77/100
|
|upkeep
|turn|543
|inactive|lobstergang has 60 seconds left.
|
|t:|1614660631
|switch|p2a: StarPlatinum|Quagsire, M, shiny|100/100 slp
|move|p1a: Magnezone|Body Press|p2a: StarPlatinum
|-damage|p2a: StarPlatinum|85/100 slp
|
|upkeep
|turn|544
|inactive|lobstergang has 60 seconds left.
|
|t:|1614660639
|switch|p1a: Gastrodon|Gastrodon, F|80/100
|cant|p2a: StarPlatinum|slp
|
|upkeep
|turn|545
|
|t:|1614660645
|switch|p1a: Magnezone|Magnezone|85/100
|switch|p2a: PurpleHaze|Drapion, M|77/100
|
|upkeep
|turn|546
|c| SilverVictini7|showdown almost crashed D:
|
|t:|1614660649
|switch|p2a: StarPlatinum|Quagsire, M, shiny|85/100 slp
|move|p1a: Magnezone|Body Press|p2a: StarPlatinum
|-damage|p2a: StarPlatinum|66/100 slp
|
|upkeep
|turn|547
|
|t:|1614660653
|switch|p1a: Gastrodon|Gastrodon, F|80/100
|-curestatus|p2a: StarPlatinum|slp|[msg]
|move|p2a: StarPlatinum|Recover|p2a: StarPlatinum
|-heal|p2a: StarPlatinum|100/100
|
|upkeep
|turn|548
|inactive|lobstergang has 60 seconds left.
|
|t:|1614660659
|switch|p1a: Slowking|Slowking-Galar, M|100/100 brn
|switch|p2a: PurpleHaze|Drapion, M|77/100
|
|-damage|p1a: Slowking|94/100 brn|[from] brn
|upkeep
|turn|549
|
|t:|1614660665
|switch|p2a: StarPlatinum|Quagsire, M, shiny|100/100
|switch|p1a: Gastrodon|Gastrodon, F|80/100
|
|upkeep
|turn|550
|
|t:|1614660674
|switch|p2a: PurpleHaze|Drapion, M|77/100
|move|p1a: Gastrodon|Toxic|p2a: PurpleHaze
|-immune|p2a: PurpleHaze
|
|upkeep
|turn|551
|
|t:|1614660680
|switch|p2a: StarPlatinum|Quagsire, M, shiny|100/100
|switch|p1a: Magnezone|Magnezone|85/100
|
|upkeep
|turn|552
|j| blacksquidward
|
|t:|1614660703
|switch|p1a: Slowking|Slowking-Galar, M|100/100 brn
|switch|p2a: PurpleHaze|Drapion, M|77/100
|
|-damage|p1a: Slowking|94/100 brn|[from] brn
|upkeep
|turn|553
|
|t:|1614660710
|switch|p2a: StarPlatinum|Quagsire, M, shiny|100/100
|switch|p1a: Gastrodon|Gastrodon, F|80/100
|
|upkeep
|turn|554
|
|t:|1614660717
|switch|p1a: Slowking|Slowking-Galar, M|100/100 brn
|switch|p2a: PurpleHaze|Drapion, M|77/100
|
|-damage|p1a: Slowking|94/100 brn|[from] brn
|upkeep
|turn|555
|
|t:|1614660724
|switch|p2a: StarPlatinum|Quagsire, M, shiny|100/100
|switch|p1a: Gastrodon|Gastrodon, F|80/100
|
|upkeep
|turn|556
|
|t:|1614660728
|switch|p1a: Slowking|Slowking-Galar, M|100/100 brn
|switch|p2a: PurpleHaze|Drapion, M|77/100
|
|-damage|p1a: Slowking|94/100 brn|[from] brn
|upkeep
|turn|557
|
|t:|1614660730
|switch|p2a: StarPlatinum|Quagsire, M, shiny|100/100
|switch|p1a: Gastrodon|Gastrodon, F|80/100
|
|upkeep
|turn|558
|
|t:|1614660735
|switch|p1a: Slowking|Slowking-Galar, M|100/100 brn
|switch|p2a: PurpleHaze|Drapion, M|77/100
|
|-damage|p1a: Slowking|94/100 brn|[from] brn
|upkeep
|turn|559
|
|t:|1614660744
|switch|p2a: StarPlatinum|Quagsire, M, shiny|100/100
|switch|p1a: Gastrodon|Gastrodon, F|80/100
|
|upkeep
|turn|560
|
|t:|1614660747
|switch|p1a: Slowking|Slowking-Galar, M|100/100 brn
|switch|p2a: PurpleHaze|Drapion, M|77/100
|
|-damage|p1a: Slowking|94/100 brn|[from] brn
|upkeep
|turn|561
|
|t:|1614660749
|switch|p2a: StarPlatinum|Quagsire, M, shiny|100/100
|switch|p1a: Gastrodon|Gastrodon, F|80/100
|
|upkeep
|turn|562
|
|t:|1614660752
|switch|p1a: Slowking|Slowking-Galar, M|100/100 brn
|switch|p2a: PurpleHaze|Drapion, M|77/100
|
|-damage|p1a: Slowking|94/100 brn|[from] brn
|upkeep
|turn|563
|c|☆lobstergang|when did this start
|
|t:|1614660758
|switch|p2a: StarPlatinum|Quagsire, M, shiny|100/100
|switch|p1a: Gastrodon|Gastrodon, F|80/100
|
|upkeep
|turn|564
|
|t:|1614660761
|switch|p1a: Slowking|Slowking-Galar, M|100/100 brn
|switch|p2a: PurpleHaze|Drapion, M|77/100
|
|-damage|p1a: Slowking|94/100 brn|[from] brn
|upkeep
|turn|565
|
|t:|1614660765
|switch|p2a: StarPlatinum|Quagsire, M, shiny|100/100
|switch|p1a: Gastrodon|Gastrodon, F|80/100
|
|upkeep
|turn|566
|
|t:|1614660770
|switch|p1a: Slowking|Slowking-Galar, M|100/100 brn
|switch|p2a: PurpleHaze|Drapion, M|77/100
|
|-damage|p1a: Slowking|94/100 brn|[from] brn
|upkeep
|turn|567
|
|t:|1614660773
|switch|p2a: StarPlatinum|Quagsire, M, shiny|100/100
|switch|p1a: Gastrodon|Gastrodon, F|80/100
|
|upkeep
|turn|568
|
|t:|1614660775
|switch|p1a: Slowking|Slowking-Galar, M|100/100 brn
|switch|p2a: PurpleHaze|Drapion, M|77/100
|
|-damage|p1a: Slowking|94/100 brn|[from] brn
|upkeep
|turn|569
|
|t:|1614660777
|switch|p2a: StarPlatinum|Quagsire, M, shiny|100/100
|switch|p1a: Gastrodon|Gastrodon, F|80/100
|
|upkeep
|turn|570
|
|t:|1614660787
|switch|p1a: Slowking|Slowking-Galar, M|100/100 brn
|switch|p2a: PurpleHaze|Drapion, M|77/100
|
|-damage|p1a: Slowking|94/100 brn|[from] brn
|upkeep
|turn|571
|
|t:|1614660789
|switch|p2a: StarPlatinum|Quagsire, M, shiny|100/100
|switch|p1a: Gastrodon|Gastrodon, F|80/100
|
|upkeep
|turn|572
|c| SilverVictini7|can we get an /offertie
|
|t:|1614660792
|switch|p1a: Slowking|Slowking-Galar, M|100/100 brn
|switch|p2a: PurpleHaze|Drapion, M|77/100
|
|-damage|p1a: Slowking|94/100 brn|[from] brn
|upkeep
|turn|573
|
|t:|1614660801
|switch|p2a: StarPlatinum|Quagsire, M, shiny|100/100
|switch|p1a: Gastrodon|Gastrodon, F|80/100
|
|upkeep
|turn|574
|
|t:|1614660804
|switch|p1a: Slowking|Slowking-Galar, M|100/100 brn
|switch|p2a: PurpleHaze|Drapion, M|77/100
|
|-damage|p1a: Slowking|94/100 brn|[from] brn
|upkeep
|turn|575
|
|t:|1614660806
|switch|p2a: StarPlatinum|Quagsire, M, shiny|100/100
|switch|p1a: Gastrodon|Gastrodon, F|80/100
|
|upkeep
|turn|576
|c| SilverVictini7|actually mag wins
|c|☆lobstergang|no only switching
|
|t:|1614660814
|switch|p1a: Slowking|Slowking-Galar, M|100/100 brn
|switch|p2a: PurpleHaze|Drapion, M|77/100
|
|-damage|p1a: Slowking|94/100 brn|[from] brn
|upkeep
|turn|577
|
|t:|1614660816
|switch|p2a: StarPlatinum|Quagsire, M, shiny|100/100
|switch|p1a: Gastrodon|Gastrodon, F|80/100
|
|upkeep
|turn|578
|
|t:|1614660819
|switch|p1a: Slowking|Slowking-Galar, M|100/100 brn
|switch|p2a: PurpleHaze|Drapion, M|77/100
|
|-damage|p1a: Slowking|94/100 brn|[from] brn
|upkeep
|turn|579
|
|t:|1614660824
|switch|p2a: StarPlatinum|Quagsire, M, shiny|100/100
|switch|p1a: Gastrodon|Gastrodon, F|80/100
|
|upkeep
|turn|580
|inactive|lobstergang has 90 seconds left.
|c|☆lobstergang|if mag can not get burned it wins
|
|t:|1614660832
|switch|p1a: Slowking|Slowking-Galar, M|100/100 brn
|switch|p2a: PurpleHaze|Drapion, M|77/100
|
|-damage|p1a: Slowking|94/100 brn|[from] brn
|upkeep
|turn|581
|
|t:|1614660834
|switch|p2a: StarPlatinum|Quagsire, M, shiny|100/100
|switch|p1a: Gastrodon|Gastrodon, F|80/100
|
|upkeep
|turn|582
|
|t:|1614660837
|switch|p1a: Slowking|Slowking-Galar, M|100/100 brn
|switch|p2a: PurpleHaze|Drapion, M|77/100
|
|-damage|p1a: Slowking|94/100 brn|[from] brn
|upkeep
|turn|583
|
|t:|1614660841
|switch|p2a: StarPlatinum|Quagsire, M, shiny|100/100
|switch|p1a: Gastrodon|Gastrodon, F|80/100
|
|upkeep
|turn|584
|
|t:|1614660848
|switch|p1a: Slowking|Slowking-Galar, M|100/100 brn
|switch|p2a: PurpleHaze|Drapion, M|77/100
|
|-damage|p1a: Slowking|94/100 brn|[from] brn
|upkeep
|turn|585
|
|t:|1614660850
|switch|p2a: StarPlatinum|Quagsire, M, shiny|100/100
|switch|p1a: Gastrodon|Gastrodon, F|80/100
|
|upkeep
|turn|586
|
|t:|1614660864
|switch|p1a: Slowking|Slowking-Galar, M|100/100 brn
|switch|p2a: PurpleHaze|Drapion, M|77/100
|
|-damage|p1a: Slowking|94/100 brn|[from] brn
|upkeep
|turn|587
|
|t:|1614660867
|switch|p2a: StarPlatinum|Quagsire, M, shiny|100/100
|switch|p1a: Magnezone|Magnezone|85/100
|
|upkeep
|turn|588
|
|t:|1614660873
|switch|p1a: Gastrodon|Gastrodon, F|80/100
|move|p2a: StarPlatinum|Scald|p1a: Gastrodon
|-ability|p1a: Gastrodon|Storm Drain|boost
|-boost|p1a: Gastrodon|spa|1
|
|upkeep
|turn|589
|-message|Tirkys forfeited.
|
|win|lobstergang
|l|☆Tirkys
|c|☆lobstergang|Holy Shit
|raw|lobstergang's rating: 1489 &rarr; <strong>1515</strong><br />(+26 for winning)
|raw|Tirkys's rating: 1595 &rarr; <strong>1569</strong><br />(-26 for losing)
|c| SilverVictini7|it's been done
|c|☆lobstergang|gg
|j| Darkortex
|l| Darkortex
|j| Darkortex
|j| yeet dab xd
|l| blacksquidward
|l| yeet dab xd
|j| Hi there my friend
|c| SilverVictini7|riveting battle
|l| SilverVictini7
|j| kisian
|l| kisian
|j| Hazzle_Nutz
|c|☆lobstergang|that was a fifty minute waste
|l| Hazzle_Nutz
|l| Hi there my friend
