|j|☆Chokst du
|j|☆SetsuStsna
|t:|1652822771
|gametype|singles
|player|p1|Chokst du|ethan|1772
|player|p2|SetsuStsna|irida|1704
|teamsize|p1|6
|teamsize|p2|6
|gen|8
|tier|[Gen 8] OU
|rated|
|rule|Sleep Clause Mod: Limit one foe put to sleep
|rule|Species Clause: Limit one of each Pokémon
|rule|OHKO Clause: OHKO moves are banned
|rule|Evasion Moves Clause: Evasion moves are banned
|rule|Endless Battle Clause: Forcing endless battles is banned
|rule|HP Percentage Mod: HP is shown in percentages
|rule|Dynamax Clause: You cannot dynamax
|clearpoke
|poke|p1|Gastrodon, M|
|poke|p1|Slowking-Galar, F|
|poke|p1|Weavile, M|
|poke|p1|Urshifu-*, M|
|poke|p1|Tornadus-Therian, M|
|poke|p1|Heatran, F|
|poke|p2|Clefable, F|
|poke|p2|Toxapex, M|
|poke|p2|Landorus-Therian, M|
|poke|p2|Ferrothorn, M|
|poke|p2|Reuniclus, F|
|poke|p2|Tornadus-Therian, M|
|teampreview
|c|☆Chokst du|hf
|j| BrI ewear@!
|l| BrI ewear
|c|☆SetsuStsna|hf
|
|t:|1652822795
|start
|switch|p1a: Tornadus|Tornadus-Therian, M|100/100
|switch|p2a: Clefable|Clefable, F|100/100
|turn|1
|
|t:|1652822799
|move|p1a: Tornadus|Taunt|p2a: Clefable
|-start|p2a: Clefable|move: Taunt
|move|p2a: Clefable|Thunderbolt|p1a: Tornadus
|-supereffective|p1a: Tornadus
|-damage|p1a: Tornadus|29/100
|
|upkeep
|turn|2
|j| 50 at max
|j| goldtodd1
|
|t:|1652822805
|switch|p1a: Slowking|Slowking-Galar, F|100/100
|move|p2a: Clefable|Moonblast|p1a: Slowking
|-resisted|p1a: Slowking
|-damage|p1a: Slowking|87/100
|
|upkeep
|turn|3
|l| goldtodd1
|
|t:|1652822813
|switch|p2a: Reuniclus|Reuniclus, F|100/100
|move|p1a: Slowking|Future Sight|p2a: Reuniclus
|-start|p1a: Slowking|move: Future Sight
|
|upkeep
|turn|4
|
|t:|1652822818
|move|p2a: Reuniclus|Calm Mind|p2a: Reuniclus
|-boost|p2a: Reuniclus|spa|1
|-boost|p2a: Reuniclus|spd|1
|move|p1a: Slowking|Sludge Bomb|p2a: Reuniclus
|-crit|p2a: Reuniclus
|-damage|p2a: Reuniclus|49/100
|-status|p2a: Reuniclus|psn
|
|upkeep
|turn|5
|c|☆SetsuStsna|interesting turn o_O
|
|t:|1652822832
|switch|p1a: Tornadus|Tornadus-Therian, M|62/100
|move|p2a: Reuniclus|Recover|p2a: Reuniclus
|-heal|p2a: Reuniclus|99/100 psn
|
|-end|p2a: Reuniclus|move: Future Sight
|-resisted|p2a: Reuniclus
|-damage|p2a: Reuniclus|84/100 psn
|upkeep
|turn|6
|j| goldtodd1
|
|t:|1652822836
|move|p1a: Tornadus|Knock Off|p2a: Reuniclus
|-supereffective|p2a: Reuniclus
|-enditem|p2a: Reuniclus|Colbur Berry|[eat]
|-enditem|p2a: Reuniclus|Colbur Berry|[weaken]
|-damage|p2a: Reuniclus|70/100 psn
|move|p2a: Reuniclus|Psyshock|p1a: Tornadus
|-damage|p1a: Tornadus|14/100
|
|upkeep
|turn|7
|
|t:|1652822852
|switch|p1a: Slowking|Slowking-Galar, F|100/100
|move|p2a: Reuniclus|Focus Blast|p1a: Slowking
|-resisted|p1a: Slowking
|-damage|p1a: Slowking|95/100
|
|upkeep
|turn|8
|
|t:|1652822857
|move|p2a: Reuniclus|Calm Mind|p2a: Reuniclus
|-boost|p2a: Reuniclus|spa|1
|-boost|p2a: Reuniclus|spd|1
|move|p1a: Slowking|Sludge Bomb|p2a: Reuniclus
|-damage|p2a: Reuniclus|53/100 psn
|
|upkeep
|turn|9
|
|t:|1652822860
|switch|p1a: Urshifu|Urshifu-Rapid-Strike, M|100/100
|move|p2a: Reuniclus|Recover|p2a: Reuniclus
|-heal|p2a: Reuniclus|100/100 psn
|
|upkeep
|turn|10
|
|t:|1652822862
|move|p1a: Urshifu|Surging Strikes|p2a: Reuniclus
|-crit|p2a: Reuniclus
|-damage|p2a: Reuniclus|76/100 psn
|-crit|p2a: Reuniclus
|-damage|p2a: Reuniclus|53/100 psn
|-crit|p2a: Reuniclus
|-damage|p2a: Reuniclus|30/100 psn
|-hitcount|p2a: Reuniclus|3
|move|p2a: Reuniclus|Psyshock|p1a: Urshifu
|-supereffective|p1a: Urshifu
|-damage|p1a: Urshifu|0 fnt
|faint|p1a: Urshifu
|
|upkeep
|
|t:|1652822865
|switch|p1a: Weavile|Weavile, M|100/100
|-ability|p1a: Weavile|Pressure
|turn|11
|
|t:|1652822869
|switch|p1a: Slowking|Slowking-Galar, F|100/100
|switch|p2a: Toxapex|Toxapex, M|100/100
|
|upkeep
|turn|12
|
|t:|1652822873
|move|p1a: Slowking|Future Sight|p2a: Toxapex
|-start|p1a: Slowking|move: Future Sight
|move|p2a: Toxapex|Knock Off|p1a: Slowking
|-supereffective|p1a: Slowking
|-damage|p1a: Slowking|72/100
|-enditem|p1a: Slowking|Assault Vest|[from] move: Knock Off|[of] p2a: Toxapex
|
|upkeep
|turn|13
|
|t:|1652822881
|switch|p1a: Heatran|Heatran, F|100/100
|move|p2a: Toxapex|Scald|p1a: Heatran
|-supereffective|p1a: Heatran
|-damage|p1a: Heatran|78/100
|
|-heal|p1a: Heatran|84/100|[from] item: Leftovers
|upkeep
|turn|14
|
|t:|1652822887
|switch|p2a: Tornadus|Tornadus-Therian, M|100/100
|move|p1a: Heatran|Stealth Rock|p2a: Tornadus
|-sidestart|p2: SetsuStsna|move: Stealth Rock
|
|-end|p2a: Tornadus|move: Future Sight
|-damage|p2a: Tornadus|46/100
|-heal|p1a: Heatran|91/100|[from] item: Leftovers
|upkeep
|turn|15
|
|t:|1652822891
|move|p2a: Tornadus|Knock Off|p1a: Heatran
|-damage|p1a: Heatran|74/100
|-enditem|p1a: Heatran|Leftovers|[from] move: Knock Off|[of] p2a: Tornadus
|move|p1a: Heatran|Heavy Slam|p2a: Tornadus
|-damage|p2a: Tornadus|10/100
|
|upkeep
|turn|16
|
|t:|1652822895
|switch|p2a: Landorus|Landorus-Therian, M|100/100
|-damage|p2a: Landorus|88/100|[from] Stealth Rock
|-ability|p2a: Landorus|Intimidate|boost
|-unboost|p1a: Heatran|atk|1
|move|p1a: Heatran|Lava Plume|p2a: Landorus
|-crit|p2a: Landorus
|-damage|p2a: Landorus|45/100
|-status|p2a: Landorus|brn
|
|-heal|p2a: Landorus|51/100 brn|[from] item: Leftovers
|-damage|p2a: Landorus|45/100 brn|[from] brn
|upkeep
|turn|17
|
|t:|1652822904
|switch|p1a: Slowking|Slowking-Galar, F|100/100
|move|p2a: Landorus|Stealth Rock|p1a: Slowking
|-sidestart|p1: Chokst du|move: Stealth Rock
|
|-heal|p2a: Landorus|51/100 brn|[from] item: Leftovers
|-damage|p2a: Landorus|45/100 brn|[from] brn
|upkeep
|turn|18
|
|t:|1652822907
|move|p2a: Landorus|U-turn|p1a: Slowking
|-damage|p1a: Slowking|90/100
|
|t:|1652822910
|switch|p2a: Reuniclus|Reuniclus, F|30/100 psn|[from]move: U-turn
|move|p1a: Slowking|Future Sight|p2a: Reuniclus
|-start|p1a: Slowking|move: Future Sight
|
|upkeep
|turn|19
|
|t:|1652822917
|switch|p1a: Tornadus|Tornadus-Therian, M|47/100
|move|p2a: Reuniclus|Recover|p2a: Reuniclus
|-heal|p2a: Reuniclus|80/100 psn
|
|upkeep
|turn|20
|j|+micromorphic ‽
|
|t:|1652822922
|move|p1a: Tornadus|Taunt|p2a: Reuniclus
|-start|p2a: Reuniclus|move: Taunt
|move|p2a: Reuniclus|Psyshock|p1a: Tornadus
|-damage|p1a: Tornadus|12/100
|
|-end|p2a: Reuniclus|move: Future Sight
|-resisted|p2a: Reuniclus
|-damage|p2a: Reuniclus|58/100 psn
|upkeep
|turn|21
|
|t:|1652822928
|switch|p1a: Slowking|Slowking-Galar, F|100/100
|-damage|p1a: Slowking|88/100|[from] Stealth Rock
|move|p2a: Reuniclus|Psyshock|p1a: Slowking
|-damage|p1a: Slowking|55/100
|
|upkeep
|turn|22
|l|+micromorphic ‽
|
|t:|1652822932
|move|p2a: Reuniclus|Psyshock|p1a: Slowking
|-damage|p1a: Slowking|23/100
|move|p1a: Slowking|Sludge Bomb|p2a: Reuniclus
|-damage|p2a: Reuniclus|21/100 psn
|
|-end|p2a: Reuniclus|move: Taunt
|upkeep
|turn|23
|
|t:|1652822937
|move|p2a: Reuniclus|Recover|p2a: Reuniclus
|-heal|p2a: Reuniclus|71/100 psn
|move|p1a: Slowking|Sludge Bomb|p2a: Reuniclus
|-damage|p2a: Reuniclus|39/100 psn
|
|upkeep
|turn|24
|
|t:|1652822953
|switch|p1a: Tornadus|Tornadus-Therian, M|45/100
|move|p2a: Reuniclus|Recover|p2a: Reuniclus
|-heal|p2a: Reuniclus|89/100 psn
|
|upkeep
|turn|25
|
|t:|1652822956
|switch|p1a: Slowking|Slowking-Galar, F|56/100
|-damage|p1a: Slowking|44/100|[from] Stealth Rock
|move|p2a: Reuniclus|Psyshock|p1a: Slowking
|-damage|p1a: Slowking|9/100
|
|upkeep
|turn|26
|
|t:|1652822961
|switch|p1a: Weavile|Weavile, M|100/100
|-ability|p1a: Weavile|Pressure
|move|p2a: Reuniclus|Calm Mind|p2a: Reuniclus
|-boost|p2a: Reuniclus|spa|1
|-boost|p2a: Reuniclus|spd|1
|
|upkeep
|turn|27
|
|t:|1652822965
|switch|p1a: Slowking|Slowking-Galar, F|43/100
|-damage|p1a: Slowking|30/100|[from] Stealth Rock
|move|p2a: Reuniclus|Focus Blast|p1a: Slowking
|-resisted|p1a: Slowking
|-damage|p1a: Slowking|22/100
|
|upkeep
|turn|28
|
|t:|1652822972
|switch|p1a: Weavile|Weavile, M|100/100
|-ability|p1a: Weavile|Pressure
|move|p2a: Reuniclus|Psyshock|p1a: Weavile
|-immune|p1a: Weavile
|
|upkeep
|turn|29
|
|t:|1652822980
|switch|p1a: Slowking|Slowking-Galar, F|55/100
|-damage|p1a: Slowking|42/100|[from] Stealth Rock
|move|p2a: Reuniclus|Focus Blast|p1a: Slowking
|-resisted|p1a: Slowking
|-damage|p1a: Slowking|34/100
|
|upkeep
|turn|30
|
|t:|1652823008
|switch|p1a: Tornadus|Tornadus-Therian, M|78/100
|move|p2a: Reuniclus|Psyshock|p1a: Tornadus
|-damage|p1a: Tornadus|31/100
|
|upkeep
|turn|31
|
|t:|1652823015
|switch|p1a: Weavile|Weavile, M|100/100
|-ability|p1a: Weavile|Pressure
|move|p2a: Reuniclus|Psyshock|p1a: Weavile
|-immune|p1a: Weavile
|
|upkeep
|turn|32
|
|t:|1652823034
|move|p1a: Weavile|Knock Off|p2a: Reuniclus
|-supereffective|p2a: Reuniclus
|-damage|p2a: Reuniclus|42/100 psn
|move|p2a: Reuniclus|Focus Blast|p1a: Weavile
|-supereffective|p1a: Weavile
|-damage|p1a: Weavile|0 fnt
|faint|p1a: Weavile
|
|upkeep
|j| MurderousMantyke
|c|☆Chokst du|f
|
|t:|1652823042
|switch|p1a: Heatran|Heatran, F|74/100
|-damage|p1a: Heatran|62/100|[from] Stealth Rock
|turn|33
|l| MurderousMantyke
|
|t:|1652823055
|switch|p2a: Tornadus|Tornadus-Therian, M|44/100
|move|p1a: Heatran|Heavy Slam|p2a: Tornadus
|-damage|p2a: Tornadus|8/100
|
|upkeep
|turn|34
|l| goldtodd1
|
|t:|1652823073
|switch|p2a: Toxapex|Toxapex, M|100/100
|-damage|p2a: Toxapex|88/100|[from] Stealth Rock
|move|p1a: Heatran|Lava Plume|p2a: Toxapex
|-resisted|p2a: Toxapex
|-damage|p2a: Toxapex|77/100
|
|upkeep
|turn|35
|
|t:|1652823080
|move|p1a: Heatran|Earth Power|p2a: Toxapex
|-supereffective|p2a: Toxapex
|-damage|p2a: Toxapex|40/100
|move|p2a: Toxapex|Scald|p1a: Heatran
|-supereffective|p1a: Heatran
|-damage|p1a: Heatran|41/100
|
|upkeep
|turn|36
|
|t:|1652823086
|move|p1a: Heatran|Lava Plume|p2a: Toxapex
|-resisted|p2a: Toxapex
|-damage|p2a: Toxapex|28/100
|-status|p2a: Toxapex|brn
|move|p2a: Toxapex|Recover|p2a: Toxapex
|-heal|p2a: Toxapex|78/100 brn
|
|-damage|p2a: Toxapex|72/100 brn|[from] brn
|upkeep
|turn|37
|
|t:|1652823090
|switch|p2a: Tornadus|Tornadus-Therian, M|41/100
|move|p1a: Heatran|Earth Power|p2a: Tornadus
|-immune|p2a: Tornadus
|
|upkeep
|turn|38
|
|t:|1652823096
|switch|p2a: Toxapex|Toxapex, M|100/100 brn
|-damage|p2a: Toxapex|88/100 brn|[from] Stealth Rock
|move|p1a: Heatran|Lava Plume|p2a: Toxapex
|-resisted|p2a: Toxapex
|-damage|p2a: Toxapex|76/100 brn
|
|-damage|p2a: Toxapex|70/100 brn|[from] brn
|upkeep
|turn|39
|
|t:|1652823101
|switch|p2a: Landorus|Landorus-Therian, M|45/100 brn
|-damage|p2a: Landorus|32/100 brn|[from] Stealth Rock
|-ability|p2a: Landorus|Intimidate|boost
|-unboost|p1a: Heatran|atk|1
|move|p1a: Heatran|Lava Plume|p2a: Landorus
|-damage|p2a: Landorus|5/100 brn
|
|-heal|p2a: Landorus|11/100 brn|[from] item: Leftovers
|-damage|p2a: Landorus|5/100 brn|[from] brn
|upkeep
|turn|40
|
|t:|1652823104
|switch|p1a: Tornadus|Tornadus-Therian, M|64/100
|move|p2a: Landorus|U-turn|p1a: Tornadus
|-resisted|p1a: Tornadus
|-damage|p1a: Tornadus|59/100
|
|t:|1652823110
|switch|p2a: Clefable|Clefable, F|100/100|[from]move: U-turn
|
|upkeep
|turn|41
|
|t:|1652823114
|switch|p1a: Slowking|Slowking-Galar, F|67/100
|-damage|p1a: Slowking|55/100|[from] Stealth Rock
|move|p2a: Clefable|Thunderbolt|p1a: Slowking
|-crit|p1a: Slowking
|-damage|p1a: Slowking|17/100
|
|upkeep
|turn|42
|
|t:|1652823120
|switch|p1a: Gastrodon|Gastrodon, M|100/100
|-damage|p1a: Gastrodon|94/100|[from] Stealth Rock
|move|p2a: Clefable|Fire Blast|p1a: Gastrodon
|-resisted|p1a: Gastrodon
|-damage|p1a: Gastrodon|75/100
|
|-heal|p1a: Gastrodon|81/100|[from] item: Leftovers
|upkeep
|turn|43
|
|t:|1652823129
|move|p2a: Clefable|Moonblast|p1a: Gastrodon
|-damage|p1a: Gastrodon|27/100
|move|p1a: Gastrodon|Recover|p1a: Gastrodon
|-heal|p1a: Gastrodon|77/100
|
|-heal|p1a: Gastrodon|83/100|[from] item: Leftovers
|upkeep
|turn|44
|
|t:|1652823132
|move|p2a: Clefable|Moonblast|p1a: Gastrodon
|-damage|p1a: Gastrodon|34/100
|move|p1a: Gastrodon|Recover|p1a: Gastrodon
|-heal|p1a: Gastrodon|84/100
|
|-heal|p1a: Gastrodon|90/100|[from] item: Leftovers
|upkeep
|turn|45
|
|t:|1652823135
|move|p2a: Clefable|Moonblast|p1a: Gastrodon
|-damage|p1a: Gastrodon|37/100
|-unboost|p1a: Gastrodon|spa|1
|move|p1a: Gastrodon|Recover|p1a: Gastrodon
|-heal|p1a: Gastrodon|87/100
|
|-heal|p1a: Gastrodon|93/100|[from] item: Leftovers
|upkeep
|turn|46
|
|t:|1652823139
|switch|p2a: Ferrothorn|Ferrothorn, M|100/100
|-damage|p2a: Ferrothorn|95/100|[from] Stealth Rock
|move|p1a: Gastrodon|Recover|p1a: Gastrodon
|-heal|p1a: Gastrodon|100/100
|
|-heal|p2a: Ferrothorn|100/100|[from] item: Leftovers
|upkeep
|turn|47
|
|t:|1652823143
|switch|p1a: Tornadus|Tornadus-Therian, M|92/100
|move|p2a: Ferrothorn|Knock Off|p1a: Tornadus
|-damage|p1a: Tornadus|71/100
|-enditem|p1a: Tornadus|Heavy-Duty Boots|[from] move: Knock Off|[of] p2a: Ferrothorn
|
|upkeep
|turn|48
|
|t:|1652823149
|switch|p2a: Toxapex|Toxapex, M|100/100 brn
|-damage|p2a: Toxapex|88/100 brn|[from] Stealth Rock
|move|p1a: Tornadus|Heat Wave|p2a: Toxapex
|-resisted|p2a: Toxapex
|-damage|p2a: Toxapex|80/100 brn
|
|-damage|p2a: Toxapex|74/100 brn|[from] brn
|upkeep
|turn|49
|j| med girls
|
|t:|1652823156
|switch|p1a: Slowking|Slowking-Galar, F|50/100
|-damage|p1a: Slowking|38/100|[from] Stealth Rock
|move|p2a: Toxapex|Scald|p1a: Slowking
|-damage|p1a: Slowking|27/100
|
|-damage|p2a: Toxapex|68/100 brn|[from] brn
|upkeep
|turn|50
|
|t:|1652823160
|move|p1a: Slowking|Future Sight|p2a: Toxapex
|-start|p1a: Slowking|move: Future Sight
|move|p2a: Toxapex|Knock Off|p1a: Slowking
|-supereffective|p1a: Slowking
|-damage|p1a: Slowking|17/100
|
|-damage|p2a: Toxapex|61/100 brn|[from] brn
|upkeep
|turn|51
|
|t:|1652823168
|switch|p1a: Tornadus|Tornadus-Therian, M|100/100
|-damage|p1a: Tornadus|76/100|[from] Stealth Rock
|switch|p2a: Tornadus|Tornadus-Therian, M|74/100
|
|upkeep
|turn|52
|
|t:|1652823172
|move|p1a: Tornadus|Knock Off|p2a: Tornadus
|-damage|p2a: Tornadus|54/100
|-enditem|p2a: Tornadus|Heavy-Duty Boots|[from] move: Knock Off|[of] p1a: Tornadus
|move|p2a: Tornadus|Toxic|p1a: Tornadus|[miss]
|-miss|p2a: Tornadus|p1a: Tornadus
|
|-end|p2a: Tornadus|move: Future Sight
|-damage|p2a: Tornadus|3/100
|upkeep
|turn|53
|
|t:|1652823178
|switch|p2a: Toxapex|Toxapex, M|95/100 brn
|-damage|p2a: Toxapex|82/100 brn|[from] Stealth Rock
|move|p1a: Tornadus|Knock Off|p2a: Toxapex
|-damage|p2a: Toxapex|68/100 brn
|-enditem|p2a: Toxapex|Shed Shell|[from] move: Knock Off|[of] p1a: Tornadus
|
|-damage|p2a: Toxapex|62/100 brn|[from] brn
|upkeep
|turn|54
|
|t:|1652823181
|switch|p1a: Slowking|Slowking-Galar, F|50/100
|-damage|p1a: Slowking|38/100|[from] Stealth Rock
|move|p2a: Toxapex|Scald|p1a: Slowking
|-damage|p1a: Slowking|27/100
|
|-damage|p2a: Toxapex|55/100 brn|[from] brn
|upkeep
|turn|55
|
|t:|1652823186
|switch|p2a: Tornadus|Tornadus-Therian, M|36/100
|-damage|p2a: Tornadus|11/100|[from] Stealth Rock
|move|p1a: Slowking|Future Sight|p2a: Tornadus
|-start|p1a: Slowking|move: Future Sight
|
|upkeep
|turn|56
|
|t:|1652823194
|move|p2a: Tornadus|Knock Off|p1a: Slowking
|-supereffective|p1a: Slowking
|-damage|p1a: Slowking|0 fnt
|faint|p1a: Slowking
|
|upkeep
|
|t:|1652823197
|switch|p1a: Tornadus|Tornadus-Therian, M|100/100
|-damage|p1a: Tornadus|76/100|[from] Stealth Rock
|turn|57
|
|t:|1652823205
|switch|p2a: Landorus|Landorus-Therian, M|5/100 brn
|-damage|p2a: Landorus|0 fnt|[from] Stealth Rock
|faint|p2a: Landorus
|move|p1a: Tornadus|Heat Wave|p2: Landorus|[notarget]
|-fail|p1a: Tornadus
|
|-hint|Future Sight did not hit because the target is fainted.
|upkeep
|
|t:|1652823220
|switch|p2a: Clefable|Clefable, F|100/100
|turn|58
|
|t:|1652823224
|switch|p1a: Gastrodon|Gastrodon, M|100/100
|-damage|p1a: Gastrodon|94/100|[from] Stealth Rock
|move|p2a: Clefable|Moonblast|p1a: Gastrodon
|-damage|p1a: Gastrodon|37/100
|
|-heal|p1a: Gastrodon|43/100|[from] item: Leftovers
|upkeep
|turn|59
|
|t:|1652823227
|switch|p1a: Heatran|Heatran, F|41/100
|-damage|p1a: Heatran|29/100|[from] Stealth Rock
|move|p2a: Clefable|Moonblast|p1a: Heatran
|-resisted|p1a: Heatran
|-damage|p1a: Heatran|20/100
|-unboost|p1a: Heatran|spa|1
|
|upkeep
|turn|60
|-message|Chokst du forfeited.
|
|win|SetsuStsna
|raw|Chokst du's rating: 1772 &rarr; <strong>1748</strong><br />(-24 for losing)
|raw|SetsuStsna's rating: 1704 &rarr; <strong>1728</strong><br />(+24 for winning)
|l|☆Chokst du
|c|☆SetsuStsna|gg
