|j|☆kakarotto13
|j|☆2(H2O)-Alt
|t:|1662757417
|gametype|singles
|player|p1|kakarotto13|101|1683
|player|p2|2(H2O)-Alt|chase|1752
|teamsize|p1|6
|teamsize|p2|6
|gen|8
|tier|[Gen 8] OU
|rated|
|rule|Sleep Clause Mod: Limit one foe put to sleep
|rule|Species Clause: Limit one of each Pokémon
|rule|OHKO Clause: OHKO moves are banned
|rule|Evasion Items Clause: Evasion items are banned
|rule|Evasion Moves Clause: Evasion moves are banned
|rule|Endless Battle Clause: Forcing endless battles is banned
|rule|HP Percentage Mod: HP is shown in percentages
|rule|Dynamax Clause: You cannot dynamax
|clearpoke
|poke|p1|Landorus-Therian, M|
|poke|p1|Blissey, F|
|poke|p1|Buzzwole|
|poke|p1|Tapu Koko|
|poke|p1|Urshifu-*, M|
|poke|p1|Dragapult, F|
|poke|p2|Golurk|
|poke|p2|Tornadus-Therian, M|
|poke|p2|Slowking, M|
|poke|p2|Tapu Lele|
|poke|p2|Ferrothorn, M|
|poke|p2|Tyranitar, M|
|teampreview
|inactive|Battle timer is ON: inactive players will automatically lose when time's up. (requested by 2(H2O)-Alt)
|
|t:|1662757428
|start
|switch|p1a: Urshifu|Urshifu-Rapid-Strike, M|100/100
|switch|p2a: Tornadus|Tornadus-Therian, M|100/100
|turn|1
|
|t:|1662757438
|switch|p1a: Blissey|Blissey, F|100/100
|move|p2a: Tornadus|U-turn|p1a: Blissey
|-damage|p1a: Blissey|87/100
|
|t:|1662757441
|switch|p2a: Slowking|Slowking, M|100/100|[from]move: U-turn
|
|upkeep
|turn|2
|
|t:|1662757447
|move|p1a: Blissey|Stealth Rock|p2a: Slowking
|-sidestart|p2: 2(H2O)-Alt|move: Stealth Rock
|move|p2a: Slowking|Future Sight|p1a: Blissey
|-start|p2a: Slowking|move: Future Sight
|
|upkeep
|turn|3
|
|t:|1662757451
|move|p1a: Blissey|Toxic|p2a: Slowking
|-status|p2a: Slowking|tox
|move|p2a: Slowking|Teleport|p2a: Slowking
|
|t:|1662757455
|switch|p2a: Golurk|Golurk|100/100|[from]move: Teleport
|-damage|p2a: Golurk|95/100|[from] Stealth Rock
|
|upkeep
|turn|4
|j| Melophetamine
|
|t:|1662757468
|move|p2a: Golurk|Dynamic Punch|p1a: Blissey
|-supereffective|p1a: Blissey
|-damage|p1a: Blissey|0 fnt
|faint|p1a: Blissey
|
|-hint|Future Sight did not hit because the target is fainted.
|upkeep
|
|t:|1662757476
|switch|p1a: Urshifu|Urshifu-Rapid-Strike, M|100/100
|turn|5
|
|t:|1662757481
|switch|p2a: Ferrothorn|Ferrothorn, M|100/100
|-damage|p2a: Ferrothorn|94/100|[from] Stealth Rock
|move|p1a: Urshifu|Close Combat|p2a: Ferrothorn
|-supereffective|p2a: Ferrothorn
|-damage|p2a: Ferrothorn|0 fnt
|-unboost|p1a: Urshifu|def|1
|-unboost|p1a: Urshifu|spd|1
|-damage|p1a: Urshifu|88/100|[from] ability: Iron Barbs|[of] p2a: Ferrothorn
|faint|p2a: Ferrothorn
|
|upkeep
|
|t:|1662757489
|switch|p2a: Tapu Lele|Tapu Lele|100/100
|-damage|p2a: Tapu Lele|88/100|[from] Stealth Rock
|-fieldstart|move: Psychic Terrain|[from] ability: Psychic Surge|[of] p2a: Tapu Lele
|turn|6
|
|t:|1662757499
|switch|p1a: Tapu Koko|Tapu Koko|100/100
|-fieldstart|move: Electric Terrain|[from] ability: Electric Surge|[of] p1a: Tapu Koko
|move|p2a: Tapu Lele|Moonblast|p1a: Tapu Koko
|-damage|p1a: Tapu Koko|16/100
|-unboost|p1a: Tapu Koko|spa|1
|
|upkeep
|turn|7
|
|t:|1662757509
|move|p1a: Tapu Koko|Volt Switch|p2a: Tapu Lele
|-damage|p2a: Tapu Lele|56/100
|
|t:|1662757517
|switch|p1a: Landorus|Landorus-Therian, M|100/100|[from]move: Volt Switch
|-ability|p1a: Landorus|Intimidate|boost
|-unboost|p2a: Tapu Lele|atk|1
|move|p2a: Tapu Lele|Moonblast|p1a: Landorus
|-damage|p1a: Landorus|37/100
|
|-heal|p1a: Landorus|43/100|[from] item: Leftovers
|upkeep
|turn|8
|
|t:|1662757528
|move|p2a: Tapu Lele|Moonblast|p1a: Landorus
|-damage|p1a: Landorus|0 fnt
|faint|p1a: Landorus
|
|upkeep
|
|t:|1662757537
|switch|p1a: Urshifu|Urshifu-Rapid-Strike, M|88/100
|turn|9
|
|t:|1662757546
|switch|p2a: Slowking|Slowking, M|100/100 tox
|move|p1a: Urshifu|U-turn|p2a: Slowking
|-supereffective|p2a: Slowking
|-damage|p2a: Slowking|27/100 tox
|
|t:|1662757552
|switch|p1a: Tapu Koko|Tapu Koko|16/100|[from]move: U-turn
|
|-damage|p2a: Slowking|21/100 tox|[from] psn
|upkeep
|turn|10
|
|t:|1662757560
|switch|p2a: Tornadus|Tornadus-Therian, M|100/100
|move|p1a: Tapu Koko|U-turn|p2a: Tornadus
|-resisted|p2a: Tornadus
|-damage|p2a: Tornadus|93/100
|
|t:|1662757567
|switch|p1a: Dragapult|Dragapult, F|100/100|[from]move: U-turn
|
|-fieldend|move: Electric Terrain
|upkeep
|turn|11
|
|t:|1662757575
|move|p1a: Dragapult|U-turn|p2a: Tornadus
|-resisted|p2a: Tornadus
|-damage|p2a: Tornadus|84/100
|j| The Hail Incident
|
|t:|1662757587
|switch|p1a: Urshifu|Urshifu-Rapid-Strike, M|88/100|[from]move: U-turn
|move|p2a: Tornadus|Defog|p1a: Urshifu
|-unboost|p1a: Urshifu|evasion|1
|-sideend|p2: 2(H2O)-Alt|Stealth Rock|[from] move: Defog|[of] p2a: Tornadus
|
|upkeep
|turn|12
|j| KappaHalo
|inactive|kakarotto13 has 120 seconds left.
|inactive|kakarotto13 has 90 seconds left.
|
|t:|1662757672
|switch|p1a: Dragapult|Dragapult, F|100/100
|move|p2a: Tornadus|Hurricane|p1a: Dragapult
|-damage|p1a: Dragapult|43/100
|
|upkeep
|turn|13
|
|t:|1662757679
|switch|p2a: Tyranitar|Tyranitar, M|100/100
|-weather|Sandstorm|[from] ability: Sand Stream|[of] p2a: Tyranitar
|move|p1a: Dragapult|Draco Meteor|p2a: Tyranitar
|-damage|p2a: Tyranitar|55/100
|-unboost|p1a: Dragapult|spa|2
|
|-weather|Sandstorm|[upkeep]
|-damage|p1a: Dragapult|37/100|[from] Sandstorm
|upkeep
|turn|14
|
|t:|1662757694
|switch|p1a: Buzzwole|Buzzwole|100/100
|move|p2a: Tyranitar|Stone Edge|p1a: Buzzwole
|-crit|p1a: Buzzwole
|-damage|p1a: Buzzwole|22/100
|
|-weather|Sandstorm|[upkeep]
|-damage|p1a: Buzzwole|16/100|[from] Sandstorm
|upkeep
|turn|15
|
|t:|1662757716
|switch|p2a: Tornadus|Tornadus-Therian, M|100/100
|move|p1a: Buzzwole|Ice Punch|p2a: Tornadus
|-supereffective|p2a: Tornadus
|-damage|p2a: Tornadus|40/100
|
|-weather|Sandstorm|[upkeep]
|-damage|p2a: Tornadus|34/100|[from] Sandstorm
|-damage|p1a: Buzzwole|9/100|[from] Sandstorm
|upkeep
|turn|16
|
|t:|1662757726
|move|p2a: Tornadus|Hurricane|p1a: Buzzwole
|-supereffective|p1a: Buzzwole
|-damage|p1a: Buzzwole|0 fnt
|faint|p1a: Buzzwole
|
|-weather|Sandstorm|[upkeep]
|-damage|p2a: Tornadus|28/100|[from] Sandstorm
|upkeep
|
|t:|1662757741
|switch|p1a: Tapu Koko|Tapu Koko|16/100
|-fieldstart|move: Electric Terrain|[from] ability: Electric Surge|[of] p1a: Tapu Koko
|turn|17
|
|t:|1662757746
|move|p1a: Tapu Koko|U-turn|p2a: Tornadus
|-resisted|p2a: Tornadus
|-damage|p2a: Tornadus|20/100
|
|t:|1662757750
|switch|p1a: Urshifu|Urshifu-Rapid-Strike, M|88/100|[from]move: U-turn
|move|p2a: Tornadus|U-turn|p1a: Urshifu
|-resisted|p1a: Urshifu
|-damage|p1a: Urshifu|81/100
|
|t:|1662757755
|switch|p2a: Tapu Lele|Tapu Lele|56/100|[from]move: U-turn
|-fieldstart|move: Psychic Terrain|[from] ability: Psychic Surge|[of] p2a: Tapu Lele
|
|-weather|none
|upkeep
|turn|18
|inactive|kakarotto13 has 90 seconds left.
|
|t:|1662757762
|move|p2a: Tapu Lele|Moonblast|p1a: Urshifu
|-supereffective|p1a: Urshifu
|-damage|p1a: Urshifu|0 fnt
|faint|p1a: Urshifu
|
|upkeep
|inactive|kakarotto13 has 90 seconds left.
|
|t:|1662757773
|switch|p1a: Tapu Koko|Tapu Koko|16/100
|-fieldstart|move: Electric Terrain|[from] ability: Electric Surge|[of] p1a: Tapu Koko
|turn|19
|
|t:|1662757778
|switch|p2a: Tornadus|Tornadus-Therian, M|53/100
|move|p1a: Tapu Koko|Thunderbolt|p2a: Tornadus
|-supereffective|p2a: Tornadus
|-damage|p2a: Tornadus|0 fnt
|faint|p2a: Tornadus
|
|upkeep
|
|t:|1662757784
|switch|p2a: Golurk|Golurk|95/100
|turn|20
|-message|kakarotto13 forfeited.
|
|win|2(H2O)-Alt
|raw|kakarotto13's rating: 1683 &rarr; <strong>1667</strong><br />(-16 for losing)
|raw|2(H2O)-Alt's rating: 1752 &rarr; <strong>1768</strong><br />(+16 for winning)
|l|☆kakarotto13
|l| KappaHalo
|l|☆2(H2O)-Alt
|l| The Hail Incident
|j|☆2(H2O)-Alt
|player|p2|2(H2O)-Alt|chase
