|raw|<div class="broadcast-blue"><strong>This battle is required to be public due to a player having a name prefixed by 'LT72MS'.</div>
|j|☆isheavydead
|j|☆LT72MS LAZARILLO
|t:|1597421654
|player|p1|isheavydead|265|1635
|player|p2|LT72MS LAZARILLO|scientist-gen4|1569
|teamsize|p1|6
|teamsize|p2|6
|gametype|singles
|gen|8
|tier|[Gen 8] OU
|rated|
|clearpoke
|poke|p1|Haxorus, F|
|poke|p1|Volcarona, M|
|poke|p1|Ninetales-Alola, M|
|poke|p1|Excadrill, F|
|poke|p1|Urshifu-*, F|
|poke|p1|Azumarill, M|
|poke|p2|Aegislash, M|
|poke|p2|Excadrill, F|
|poke|p2|Clefable, M|
|poke|p2|Gyarados, F|
|poke|p2|Kyurem|
|poke|p2|Dragapult, F|
|rule|Sleep Clause Mod: Limit one foe put to sleep
|rule|Species Clause: Limit one of each Pokémon
|rule|OHKO Clause: OHKO moves are banned
|rule|Evasion Moves Clause: Evasion moves are banned
|rule|Endless Battle Clause: Forcing endless battles is banned
|rule|HP Percentage Mod: HP is shown in percentages
|rule|Dynamax Clause: You cannot dynamax
|teampreview
|c|☆LT72MS LAZARILLO|gl
|c|☆isheavydead|glhf
|
|t:|1597421682
|start
|switch|p1a: Excadrill|Excadrill, F, shiny|100/100
|switch|p2a: Excadrill|Excadrill, F|100/100
|-ability|p1a: Excadrill|Mold Breaker
|-ability|p2a: Excadrill|Mold Breaker
|turn|1
|
|t:|1597421700
|move|p1a: Excadrill|Earthquake|p2a: Excadrill
|-supereffective|p2a: Excadrill
|-damage|p2a: Excadrill|0 fnt
|faint|p2a: Excadrill
|
|upkeep
|c|☆isheavydead|ayy
|
|t:|1597421705
|switch|p2a: Dragapult|Dragapult, F|100/100
|turn|2
|
|t:|1597421711
|move|p2a: Dragapult|Will-O-Wisp|p1a: Excadrill|[miss]
|-miss|p2a: Dragapult|p1a: Excadrill
|move|p1a: Excadrill|Stealth Rock|p2a: Dragapult
|-sidestart|p2: LT72MS LAZARILLO|move: Stealth Rock
|
|upkeep
|turn|3
|c|☆isheavydead|rip
|
|t:|1597421723
|switch|p1a: Ninetales|Ninetales-Alola, M, shiny|100/100
|-weather|Hail|[from] ability: Snow Warning|[of] p1a: Ninetales
|move|p2a: Dragapult|Will-O-Wisp|p1a: Ninetales
|-status|p1a: Ninetales|brn
|
|-weather|Hail|[upkeep]
|-damage|p2a: Dragapult|94/100|[from] Hail
|-damage|p1a: Ninetales|94/100 brn|[from] brn
|upkeep
|turn|4
|
|t:|1597421735
|move|p2a: Dragapult|Hex|p1a: Ninetales
|-damage|p1a: Ninetales|53/100 brn
|move|p1a: Ninetales|Aurora Veil|p1a: Ninetales
|-sidestart|p1: isheavydead|move: Aurora Veil
|
|-weather|Hail|[upkeep]
|-damage|p2a: Dragapult|88/100|[from] Hail
|-damage|p1a: Ninetales|47/100 brn|[from] brn
|upkeep
|turn|5
|
|t:|1597421743
|move|p2a: Dragapult|U-turn|p1a: Ninetales
|-resisted|p1a: Ninetales
|-damage|p1a: Ninetales|36/100 brn
|
|t:|1597421752
|switch|p2a: Aegislash|Aegislash, M|100/100|[from]move: U-turn
|-damage|p2a: Aegislash|94/100|[from] Stealth Rock
|move|p1a: Ninetales|Moonblast|p2a: Aegislash
|-resisted|p2a: Aegislash
|-damage|p2a: Aegislash|79/100
|
|-weather|Hail|[upkeep]
|-damage|p2a: Aegislash|73/100|[from] Hail
|-damage|p1a: Ninetales|30/100 brn|[from] brn
|upkeep
|turn|6
|
|t:|1597421773
|move|p1a: Ninetales|Moonblast|p2a: Aegislash
|-resisted|p2a: Aegislash
|-damage|p2a: Aegislash|58/100
|-formechange|p2a: Aegislash|Aegislash-Blade||[from] ability: Stance Change
|move|p2a: Aegislash|Shadow Ball|p1a: Ninetales
|-damage|p1a: Ninetales|4/100 brn
|
|-weather|Hail|[upkeep]
|-damage|p2a: Aegislash|52/100|[from] Hail
|-damage|p1a: Ninetales|0 fnt|[from] brn
|faint|p1a: Ninetales
|upkeep
|
|t:|1597421777
|switch|p1a: Azumarill|Azumarill, M|100/100
|turn|7
|
|t:|1597421799
|move|p2a: Aegislash|Shadow Ball|p1a: Azumarill
|-damage|p1a: Azumarill|64/100
|-unboost|p1a: Azumarill|spd|1
|move|p1a: Azumarill|Belly Drum|p1a: Azumarill
|-damage|p1a: Azumarill|14/100
|-setboost|p1a: Azumarill|atk|6|[from] move: Belly Drum
|-enditem|p1a: Azumarill|Sitrus Berry|[eat]
|-heal|p1a: Azumarill|39/100|[from] item: Sitrus Berry
|
|-weather|none
|upkeep
|turn|8
|
|t:|1597421854
|-formechange|p2a: Aegislash|Aegislash||[from] ability: Stance Change
|move|p2a: Aegislash|King's Shield|p2a: Aegislash
|-singleturn|p2a: Aegislash|Protect
|move|p1a: Azumarill|Aqua Jet|p2a: Aegislash
|-activate|p2a: Aegislash|move: Protect
|-unboost|p1a: Azumarill|atk|1
|
|upkeep
|turn|9
|
|t:|1597421888
|move|p1a: Azumarill|Aqua Jet|p2a: Aegislash
|-damage|p2a: Aegislash|0 fnt
|faint|p2a: Aegislash
|
|upkeep
|
|t:|1597421897
|switch|p2a: Kyurem|Kyurem|100/100
|-damage|p2a: Kyurem|76/100|[from] Stealth Rock
|-ability|p2a: Kyurem|Pressure
|turn|10
|
|t:|1597421903
|move|p1a: Azumarill|Aqua Jet|p2a: Kyurem
|-resisted|p2a: Kyurem
|-damage|p2a: Kyurem|35/100
|move|p2a: Kyurem|Freeze-Dry|p1a: Azumarill
|-supereffective|p1a: Azumarill
|-damage|p1a: Azumarill|0 fnt
|faint|p1a: Azumarill
|
|upkeep
|
|t:|1597421909
|switch|p1a: Volcarona|Volcarona, M|100/100
|turn|11
|
|t:|1597421912
|switch|p2a: Gyarados|Gyarados, F|100/100
|-ability|p2a: Gyarados|Intimidate|boost
|-unboost|p1a: Volcarona|atk|1
|move|p1a: Volcarona|Quiver Dance|p1a: Volcarona
|-boost|p1a: Volcarona|spa|1
|-boost|p1a: Volcarona|spd|1
|-boost|p1a: Volcarona|spe|1
|
|-sideend|p1: isheavydead|move: Aurora Veil
|upkeep
|turn|12
|
|t:|1597421923
|move|p1a: Volcarona|Psychic|p2a: Gyarados
|-damage|p2a: Gyarados|63/100
|move|p2a: Gyarados|Dragon Dance|p2a: Gyarados
|-boost|p2a: Gyarados|atk|1
|-boost|p2a: Gyarados|spe|1
|
|upkeep
|turn|13
|
|t:|1597421964
|move|p1a: Volcarona|Psychic|p2a: Gyarados
|-damage|p2a: Gyarados|20/100
|move|p2a: Gyarados|Waterfall|p1a: Volcarona
|-supereffective|p1a: Volcarona
|-damage|p1a: Volcarona|0 fnt
|faint|p1a: Volcarona
|
|upkeep
|
|t:|1597421970
|switch|p1a: Excadrill|Excadrill, F, shiny|100/100
|-ability|p1a: Excadrill|Mold Breaker
|turn|14
|
|t:|1597421987
|move|p2a: Gyarados|Waterfall|p1a: Excadrill
|-supereffective|p1a: Excadrill
|-enditem|p1a: Excadrill|Focus Sash
|-damage|p1a: Excadrill|1/100
|move|p1a: Excadrill|Rapid Spin|p2a: Gyarados
|-damage|p2a: Gyarados|1/100
|-boost|p1a: Excadrill|spe|1
|
|upkeep
|turn|15
|
|t:|1597422015
|switch|p2a: Kyurem|Kyurem|35/100
|-damage|p2a: Kyurem|10/100|[from] Stealth Rock
|-ability|p2a: Kyurem|Pressure
|move|p1a: Excadrill|Rapid Spin|p2a: Kyurem
|-damage|p2a: Kyurem|0 fnt
|-boost|p1a: Excadrill|spe|1
|faint|p2a: Kyurem
|
|upkeep
|
|t:|1597422028
|switch|p2a: Dragapult|Dragapult, F|88/100
|turn|16
|
|t:|1597422032
|move|p1a: Excadrill|Earthquake|p2a: Dragapult
|-damage|p2a: Dragapult|32/100
|move|p2a: Dragapult|Hex|p1a: Excadrill
|-damage|p1a: Excadrill|0 fnt
|faint|p1a: Excadrill
|
|upkeep
|
|t:|1597422039
|switch|p1a: Urshifu|Urshifu, F|100/100
|turn|17
|
|t:|1597422047
|move|p2a: Dragapult|Will-O-Wisp|p1a: Urshifu
|-status|p1a: Urshifu|brn
|move|p1a: Urshifu|Wicked Blow|p2a: Dragapult
|-supereffective|p2a: Dragapult
|-crit|p2a: Dragapult
|-damage|p2a: Dragapult|0 fnt
|faint|p2a: Dragapult
|
|-damage|p1a: Urshifu|94/100 brn|[from] brn
|upkeep
|
|t:|1597422058
|switch|p2a: Clefable|Clefable, M|100/100
|turn|18
|
|t:|1597422061
|move|p1a: Urshifu|Wicked Blow|p2a: Clefable
|-resisted|p2a: Clefable
|-crit|p2a: Clefable
|-damage|p2a: Clefable|87/100
|move|p2a: Clefable|Wish|p2a: Clefable
|
|-heal|p2a: Clefable|93/100|[from] item: Leftovers
|-damage|p1a: Urshifu|88/100 brn|[from] brn
|upkeep
|turn|19
|
|t:|1597422073
|move|p1a: Urshifu|Wicked Blow|p2a: Clefable
|-resisted|p2a: Clefable
|-crit|p2a: Clefable
|-damage|p2a: Clefable|79/100
|move|p2a: Clefable|Moonblast|p1a: Urshifu
|-supereffective|p1a: Urshifu
|-damage|p1a: Urshifu|0 fnt
|faint|p1a: Urshifu
|
|-heal|p2a: Clefable|100/100|[from] move: Wish|[wisher] Clefable
|upkeep
|
|t:|1597422075
|switch|p1a: Haxorus|Haxorus, F, shiny|100/100
|-ability|p1a: Haxorus|Mold Breaker
|turn|20
|inactive|Battle timer is ON: inactive players will automatically lose when time's up. (requested by isheavydead)
|
|t:|1597422086
|move|p1a: Haxorus|Swords Dance|p1a: Haxorus
|-boost|p1a: Haxorus|atk|2
|move|p2a: Clefable|Moonblast|p1a: Haxorus
|-supereffective|p1a: Haxorus
|-damage|p1a: Haxorus|10/100
|
|upkeep
|turn|21
|
|t:|1597422094
|switch|p2a: Gyarados|Gyarados, F|1/100
|-ability|p2a: Gyarados|Intimidate|boost
|-unboost|p1a: Haxorus|atk|1
|move|p1a: Haxorus|Poison Jab|p2a: Gyarados
|-damage|p2a: Gyarados|0 fnt
|faint|p2a: Gyarados
|
|upkeep
|
|t:|1597422100
|switch|p2a: Clefable|Clefable, M|100/100
|turn|22
|
|t:|1597422104
|move|p1a: Haxorus|Poison Jab|p2a: Clefable
|-supereffective|p2a: Clefable
|-damage|p2a: Clefable|37/100
|move|p2a: Clefable|Moonblast|p1a: Haxorus
|-supereffective|p1a: Haxorus
|-damage|p1a: Haxorus|0 fnt
|faint|p1a: Haxorus
|
|win|LT72MS LAZARILLO
|l|☆isheavydead
||Ladder (probably) updated, but score could not be retrieved (Request timeout).
