|j|☆FENDINI
|j|☆why addicted
|t:|1667757979
|gametype|singles
|player|p1|FENDINI|ethan-masters|1786
|player|p2|why addicted|2|1944
|teamsize|p1|6
|teamsize|p2|6
|gen|8
|tier|[Gen 8] OU
|rated|
|rule|Sleep Clause Mod: Limit one foe put to sleep
|rule|Species Clause: Limit one of each Pokémon
|rule|OHKO Clause: OHKO moves are banned
|rule|Evasion Items Clause: Evasion items are banned
|rule|Evasion Moves Clause: Evasion moves are banned
|rule|Endless Battle Clause: Forcing endless battles is banned
|rule|HP Percentage Mod: HP is shown in percentages
|rule|Dynamax Clause: You cannot dynamax
|clearpoke
|poke|p1|Rillaboom, M|
|poke|p1|Tornadus-Therian, M|
|poke|p1|Blaziken, M|
|poke|p1|Melmetal|
|poke|p1|Garchomp, F|
|poke|p1|Slowbro, F|
|poke|p2|Landorus-Therian, M|
|poke|p2|Heatran, F|
|poke|p2|Ferrothorn, F|
|poke|p2|Dragapult, M|
|poke|p2|Tapu Lele|
|poke|p2|Urshifu-*, M|
|teampreview
|inactive|Battle timer is ON: inactive players will automatically lose when time's up. (requested by FENDINI)
|j| Cocoon☁Evolution
|inactive|why addicted has 120 seconds left.
|
|t:|1667758023
|start
|switch|p1a: Tornadus|Tornadus-Therian, M|100/100
|switch|p2a: Heatran|Heatran, F|100/100
|turn|1
|j| BLOATED_BAGEL
|
|t:|1667758031
|move|p1a: Tornadus|Knock Off|p2a: Heatran
|-damage|p2a: Heatran|85/100
|-enditem|p2a: Heatran|Leftovers|[from] move: Knock Off|[of] p1a: Tornadus
|move|p2a: Heatran|Toxic|p1a: Tornadus
|-status|p1a: Tornadus|tox
|
|-damage|p1a: Tornadus|94/100 tox|[from] psn
|upkeep
|turn|2
|
|t:|1667758038
|move|p1a: Tornadus|U-turn|p2a: Heatran
|-resisted|p2a: Heatran
|-damage|p2a: Heatran|82/100
|
|t:|1667758039
|switch|p1a: Slowbro|Slowbro, F|100/100|[from]move: U-turn
|move|p2a: Heatran|Toxic|p1a: Slowbro
|-status|p1a: Slowbro|tox
|
|-damage|p1a: Slowbro|94/100 tox|[from] psn
|upkeep
|turn|3
|
|t:|1667758049
|switch|p2a: Ferrothorn|Ferrothorn, F|100/100
|move|p1a: Slowbro|Scald|p2a: Ferrothorn
|-resisted|p2a: Ferrothorn
|-damage|p2a: Ferrothorn|89/100
|
|-damage|p1a: Slowbro|82/100 tox|[from] psn
|upkeep
|turn|4
|
|t:|1667758056
|switch|p1a: Garchomp|Garchomp, F|100/100
|move|p2a: Ferrothorn|Stealth Rock|p1a: Garchomp
|-sidestart|p1: FENDINI|move: Stealth Rock
|
|upkeep
|turn|5
|j| Serek94
|
|t:|1667758065
|move|p1a: Garchomp|Stealth Rock|p2a: Ferrothorn
|-sidestart|p2: why addicted|move: Stealth Rock
|move|p2a: Ferrothorn|Knock Off|p1a: Garchomp
|-damage|p1a: Garchomp|84/100
|-damage|p2a: Ferrothorn|76/100|[from] ability: Rough Skin|[of] p1a: Garchomp
|-enditem|p1a: Garchomp|Leftovers|[from] move: Knock Off|[of] p2a: Ferrothorn
|
|upkeep
|turn|6
|
|t:|1667758089
|switch|p1a: Rillaboom|Rillaboom, M|100/100
|-damage|p1a: Rillaboom|88/100|[from] Stealth Rock
|-fieldstart|move: Grassy Terrain|[from] ability: Grassy Surge|[of] p1a: Rillaboom
|move|p2a: Ferrothorn|Leech Seed|p1a: Rillaboom
|-immune|p1a: Rillaboom
|
|-heal|p1a: Rillaboom|94/100|[from] Grassy Terrain
|-heal|p1a: Rillaboom|100/100|[from] item: Leftovers
|-heal|p2a: Ferrothorn|82/100|[from] Grassy Terrain
|upkeep
|turn|7
|
|t:|1667758096
|move|p1a: Rillaboom|Swords Dance|p1a: Rillaboom
|-boost|p1a: Rillaboom|atk|2
|move|p2a: Ferrothorn|Knock Off|p1a: Rillaboom
|-crit|p1a: Rillaboom
|-damage|p1a: Rillaboom|71/100
|-enditem|p1a: Rillaboom|Leftovers|[from] move: Knock Off|[of] p2a: Ferrothorn
|
|-heal|p1a: Rillaboom|77/100|[from] Grassy Terrain
|-heal|p2a: Ferrothorn|89/100|[from] Grassy Terrain
|upkeep
|turn|8
|
|t:|1667758110
|move|p1a: Rillaboom|Knock Off|p2a: Ferrothorn
|-damage|p2a: Ferrothorn|49/100
|-damage|p1a: Rillaboom|65/100|[from] ability: Iron Barbs|[of] p2a: Ferrothorn
|-damage|p1a: Rillaboom|48/100|[from] item: Rocky Helmet|[of] p2a: Ferrothorn
|-enditem|p2a: Ferrothorn|Rocky Helmet|[from] move: Knock Off|[of] p1a: Rillaboom
|move|p2a: Ferrothorn|Body Press|p1a: Rillaboom
|-damage|p1a: Rillaboom|19/100
|
|-heal|p1a: Rillaboom|25/100|[from] Grassy Terrain
|-heal|p2a: Ferrothorn|55/100|[from] Grassy Terrain
|upkeep
|turn|9
|
|t:|1667758119
|switch|p2a: Tapu Lele|Tapu Lele|100/100
|-damage|p2a: Tapu Lele|88/100|[from] Stealth Rock
|-fieldstart|move: Psychic Terrain|[from] ability: Psychic Surge|[of] p2a: Tapu Lele
|move|p1a: Rillaboom|Drain Punch|p2a: Tapu Lele
|-resisted|p2a: Tapu Lele
|-crit|p2a: Tapu Lele
|-damage|p2a: Tapu Lele|59/100
|-heal|p1a: Rillaboom|36/100|[from] drain|[of] p2a: Tapu Lele
|
|upkeep
|turn|10
|
|t:|1667758132
|switch|p1a: Melmetal|Melmetal|100/100
|-damage|p1a: Melmetal|94/100|[from] Stealth Rock
|move|p2a: Tapu Lele|Moonblast|p1a: Melmetal
|-resisted|p1a: Melmetal
|-damage|p1a: Melmetal|71/100
|-unboost|p1a: Melmetal|spa|1
|
|-heal|p1a: Melmetal|77/100|[from] item: Leftovers
|upkeep
|turn|11
|l|☆FENDINI
|inactive|FENDINI disconnected and has a minute to reconnect!
|player|p1|
|j| cypherstest
|j| HereForFrens
|inactive|FENDINI has 30 seconds to reconnect!
|j|☆FENDINI
|inactive|FENDINI reconnected and has 95 seconds left.
|player|p1|FENDINI|ethan-masters
|inactive|FENDINI has 90 seconds left.
|
|t:|1667758192
|move|p2a: Tapu Lele|Moonblast|p1a: Melmetal
|-resisted|p1a: Melmetal
|-damage|p1a: Melmetal|52/100
|move|p1a: Melmetal|Double Iron Bash|p2a: Tapu Lele
|-supereffective|p2a: Tapu Lele
|-damage|p2a: Tapu Lele|0 fnt
|faint|p2a: Tapu Lele
|-hitcount|p2: Tapu Lele|1
|
|-heal|p1a: Melmetal|58/100|[from] item: Leftovers
|upkeep
|
|t:|1667758203
|switch|p2a: Landorus|Landorus-Therian, M|100/100
|-damage|p2a: Landorus|88/100|[from] Stealth Rock
|-ability|p2a: Landorus|Intimidate|boost
|-unboost|p1a: Melmetal|atk|1
|turn|12
|j| zgiata 创世神
|
|t:|1667758215
|move|p2a: Landorus|Knock Off|p1a: Melmetal
|-damage|p1a: Melmetal|39/100
|-enditem|p1a: Melmetal|Leftovers|[from] move: Knock Off|[of] p2a: Landorus
|move|p1a: Melmetal|Double Iron Bash|p2a: Landorus
|-damage|p2a: Landorus|62/100
|-damage|p2a: Landorus|33/100
|-hitcount|p2a: Landorus|2
|
|-heal|p2a: Landorus|39/100|[from] item: Leftovers
|upkeep
|turn|13
|
|t:|1667758224
|switch|p1a: Tornadus|Tornadus-Therian, M|100/100 tox
|move|p2a: Landorus|Knock Off|p1a: Tornadus
|-damage|p1a: Tornadus|69/100 tox
|-enditem|p1a: Tornadus|Heavy-Duty Boots|[from] move: Knock Off|[of] p2a: Landorus
|
|-heal|p2a: Landorus|45/100|[from] item: Leftovers
|-damage|p1a: Tornadus|63/100 tox|[from] psn
|-fieldend|move: Psychic Terrain
|upkeep
|turn|14
|
|t:|1667758241
|move|p1a: Tornadus|Knock Off|p2a: Landorus
|-damage|p2a: Landorus|26/100
|-enditem|p2a: Landorus|Leftovers|[from] move: Knock Off|[of] p1a: Tornadus
|move|p2a: Landorus|U-turn|p1a: Tornadus
|-resisted|p1a: Tornadus
|-damage|p1a: Tornadus|52/100 tox
|
|t:|1667758243
|switch|p2a: Dragapult|Dragapult, M|100/100|[from]move: U-turn
|-damage|p2a: Dragapult|88/100|[from] Stealth Rock
|
|-damage|p1a: Tornadus|40/100 tox|[from] psn
|upkeep
|turn|15
|
|t:|1667758249
|move|p2a: Dragapult|Shadow Ball|p1a: Tornadus
|-damage|p1a: Tornadus|0 fnt
|faint|p1a: Tornadus
|
|upkeep
|
|t:|1667758258
|switch|p1a: Garchomp|Garchomp, F|84/100
|-damage|p1a: Garchomp|77/100|[from] Stealth Rock
|turn|16
|j| Ran Kob
|
|t:|1667758264
|switch|p2a: Landorus|Landorus-Therian, M|26/100
|-damage|p2a: Landorus|14/100|[from] Stealth Rock
|-ability|p2a: Landorus|Intimidate|boost
|-unboost|p1a: Garchomp|atk|1
|move|p1a: Garchomp|Earthquake|p2a: Landorus
|-immune|p2a: Landorus
|
|upkeep
|turn|17
|
|t:|1667758274
|switch|p1a: Rillaboom|Rillaboom, M|36/100
|-damage|p1a: Rillaboom|23/100|[from] Stealth Rock
|-fieldstart|move: Grassy Terrain|[from] ability: Grassy Surge|[of] p1a: Rillaboom
|move|p2a: Landorus|Earthquake|p1a: Rillaboom
|-resisted|p1a: Rillaboom
|-damage|p1a: Rillaboom|12/100
|
|-heal|p1a: Rillaboom|18/100|[from] Grassy Terrain
|upkeep
|turn|18
|
|t:|1667758286
|switch|p2a: Ferrothorn|Ferrothorn, F|55/100
|-damage|p2a: Ferrothorn|49/100|[from] Stealth Rock
|move|p1a: Rillaboom|Grassy Glide|p2a: Ferrothorn
|-resisted|p2a: Ferrothorn
|-damage|p2a: Ferrothorn|41/100
|-damage|p1a: Rillaboom|6/100|[from] ability: Iron Barbs|[of] p2a: Ferrothorn
|
|-heal|p1a: Rillaboom|12/100|[from] Grassy Terrain
|-heal|p2a: Ferrothorn|48/100|[from] Grassy Terrain
|upkeep
|turn|19
|
|t:|1667758293
|switch|p2a: Dragapult|Dragapult, M|88/100
|-damage|p2a: Dragapult|76/100|[from] Stealth Rock
|move|p1a: Rillaboom|Drain Punch|p2a: Dragapult
|-immune|p2a: Dragapult
|
|-heal|p2a: Dragapult|82/100|[from] Grassy Terrain
|-heal|p1a: Rillaboom|18/100|[from] Grassy Terrain
|upkeep
|turn|20
|
|t:|1667758300
|move|p1a: Rillaboom|Grassy Glide|p2a: Dragapult
|-resisted|p2a: Dragapult
|-damage|p2a: Dragapult|49/100
|move|p2a: Dragapult|Shadow Ball|p1a: Rillaboom
|-damage|p1a: Rillaboom|0 fnt
|faint|p1a: Rillaboom
|
|-heal|p2a: Dragapult|55/100|[from] Grassy Terrain
|upkeep
|
|t:|1667758306
|switch|p1a: Garchomp|Garchomp, F|77/100
|-damage|p1a: Garchomp|71/100|[from] Stealth Rock
|turn|21
|
|t:|1667758325
|switch|p2a: Urshifu|Urshifu-Rapid-Strike, M|100/100
|-damage|p2a: Urshifu|94/100|[from] Stealth Rock
|move|p1a: Garchomp|Toxic|p2a: Urshifu
|-status|p2a: Urshifu|tox
|
|-heal|p2a: Urshifu|100/100 tox|[from] Grassy Terrain
|-heal|p1a: Garchomp|77/100|[from] Grassy Terrain
|-damage|p2a: Urshifu|94/100 tox|[from] psn
|-fieldend|move: Grassy Terrain
|upkeep
|turn|22
|
|t:|1667758331
|switch|p1a: Slowbro|Slowbro, F|100/100 tox
|-damage|p1a: Slowbro|88/100 tox|[from] Stealth Rock
|move|p2a: Urshifu|Surging Strikes|p1a: Slowbro
|-resisted|p1a: Slowbro
|-crit|p1a: Slowbro
|-damage|p1a: Slowbro|82/100 tox
|-resisted|p1a: Slowbro
|-crit|p1a: Slowbro
|-damage|p1a: Slowbro|77/100 tox
|-resisted|p1a: Slowbro
|-crit|p1a: Slowbro
|-damage|p1a: Slowbro|71/100 tox
|-hitcount|p1a: Slowbro|3
|
|-damage|p2a: Urshifu|82/100 tox|[from] psn
|-damage|p1a: Slowbro|65/100 tox|[from] psn
|upkeep
|turn|23
|
|t:|1667758342
|move|p2a: Urshifu|U-turn|p1a: Slowbro
|-supereffective|p1a: Slowbro
|-damage|p1a: Slowbro|38/100 tox
|
|t:|1667758344
|switch|p2a: Heatran|Heatran, F|82/100|[from]move: U-turn
|-damage|p2a: Heatran|69/100|[from] Stealth Rock
|move|p1a: Slowbro|Teleport|p1a: Slowbro
|
|t:|1667758347
|switch|p1a: Blaziken|Blaziken, M|100/100|[from]move: Teleport
|-damage|p1a: Blaziken|88/100|[from] Stealth Rock
|
|-heal|p1a: Blaziken|94/100|[from] item: Leftovers
|upkeep
|turn|24
|
|t:|1667758359
|move|p1a: Blaziken|Close Combat|p2a: Heatran
|-supereffective|p2a: Heatran
|-damage|p2a: Heatran|0 fnt
|-unboost|p1a: Blaziken|def|1
|-unboost|p1a: Blaziken|spd|1
|faint|p2a: Heatran
|
|-heal|p1a: Blaziken|100/100|[from] item: Leftovers
|-ability|p1a: Blaziken|Speed Boost|boost
|-boost|p1a: Blaziken|spe|1
|upkeep
|
|t:|1667758362
|switch|p2a: Urshifu|Urshifu-Rapid-Strike, M|82/100 tox
|-damage|p2a: Urshifu|76/100 tox|[from] Stealth Rock
|turn|25
|
|t:|1667758367
|switch|p1a: Slowbro|Slowbro, F|71/100 tox
|-damage|p1a: Slowbro|59/100 tox|[from] Stealth Rock
|move|p2a: Urshifu|U-turn|p1a: Slowbro
|-supereffective|p1a: Slowbro
|-damage|p1a: Slowbro|27/100 tox
|
|t:|1667758375
|switch|p2a: Dragapult|Dragapult, M|55/100|[from]move: U-turn
|-damage|p2a: Dragapult|43/100|[from] Stealth Rock
|
|-damage|p1a: Slowbro|21/100 tox|[from] psn
|upkeep
|turn|26
|
|t:|1667758381
|switch|p1a: Melmetal|Melmetal|39/100
|-damage|p1a: Melmetal|33/100|[from] Stealth Rock
|move|p2a: Dragapult|Shadow Ball|p1a: Melmetal
|-damage|p1a: Melmetal|0 fnt
|faint|p1a: Melmetal
|
|upkeep
|
|t:|1667758400
|switch|p1a: Garchomp|Garchomp, F|77/100
|-damage|p1a: Garchomp|71/100|[from] Stealth Rock
|turn|27
|
|t:|1667758410
|switch|p2a: Landorus|Landorus-Therian, M|14/100
|-damage|p2a: Landorus|2/100|[from] Stealth Rock
|-ability|p2a: Landorus|Intimidate|boost
|-unboost|p1a: Garchomp|atk|1
|move|p1a: Garchomp|Toxic|p2a: Landorus|[miss]
|-miss|p1a: Garchomp|p2a: Landorus
|
|upkeep
|turn|28
|
|t:|1667758417
|move|p1a: Garchomp|Toxic|p2a: Landorus
|-status|p2a: Landorus|tox
|move|p2a: Landorus|Defog|p1a: Garchomp
|-unboost|p1a: Garchomp|evasion|1
|-sideend|p1: FENDINI|Stealth Rock|[from] move: Defog|[of] p2a: Landorus
|-sideend|p2: why addicted|Stealth Rock|[from] move: Defog|[of] p2a: Landorus
|
|-damage|p2a: Landorus|0 fnt|[from] psn
|faint|p2a: Landorus
|upkeep
|
|t:|1667758421
|switch|p2a: Dragapult|Dragapult, M|43/100
|turn|29
|
|t:|1667758425
|move|p1a: Garchomp|Protect|p1a: Garchomp
|-singleturn|p1a: Garchomp|Protect
|move|p2a: Dragapult|Draco Meteor|p1a: Garchomp
|-activate|p1a: Garchomp|move: Protect
|
|upkeep
|turn|30
|
|t:|1667758439
|move|p2a: Dragapult|Draco Meteor|p1a: Garchomp
|-supereffective|p1a: Garchomp
|-crit|p1a: Garchomp
|-damage|p1a: Garchomp|0 fnt
|-unboost|p2a: Dragapult|spa|2
|faint|p1a: Garchomp
|
|upkeep
|inactive|FENDINI has 120 seconds left.
|
|t:|1667758474
|switch|p1a: Blaziken|Blaziken, M|100/100
|turn|31
|
|t:|1667758479
|move|p2a: Dragapult|Draco Meteor|p1a: Blaziken
|-damage|p1a: Blaziken|38/100
|-unboost|p2a: Dragapult|spa|2
|move|p1a: Blaziken|Swords Dance|p1a: Blaziken
|-boost|p1a: Blaziken|atk|2
|
|-heal|p1a: Blaziken|44/100|[from] item: Leftovers
|-ability|p1a: Blaziken|Speed Boost|boost
|-boost|p1a: Blaziken|spe|1
|upkeep
|turn|32
|
|t:|1667758487
|switch|p2a: Ferrothorn|Ferrothorn, F|48/100
|move|p1a: Blaziken|Protect||[still]
|-fail|p1a: Blaziken
|
|-heal|p1a: Blaziken|51/100|[from] item: Leftovers
|-ability|p1a: Blaziken|Speed Boost|boost
|-boost|p1a: Blaziken|spe|1
|upkeep
|turn|33
|
|t:|1667758493
|move|p1a: Blaziken|Protect|p1a: Blaziken
|-singleturn|p1a: Blaziken|Protect
|move|p2a: Ferrothorn|Stealth Rock|p1a: Blaziken
|-sidestart|p1: FENDINI|move: Stealth Rock
|
|-heal|p1a: Blaziken|57/100|[from] item: Leftovers
|-ability|p1a: Blaziken|Speed Boost|boost
|-boost|p1a: Blaziken|spe|1
|upkeep
|turn|34
|
|t:|1667758501
|move|p1a: Blaziken|Flare Blitz|p2a: Ferrothorn
|-supereffective|p2a: Ferrothorn
|-damage|p2a: Ferrothorn|0 fnt
|-damage|p1a: Blaziken|44/100|[from] ability: Iron Barbs|[of] p2a: Ferrothorn
|faint|p2a: Ferrothorn
|-damage|p1a: Blaziken|28/100|[from] Recoil
|
|-heal|p1a: Blaziken|34/100|[from] item: Leftovers
|-ability|p1a: Blaziken|Speed Boost|boost
|-boost|p1a: Blaziken|spe|1
|upkeep
|
|t:|1667758504
|switch|p2a: Urshifu|Urshifu-Rapid-Strike, M|76/100 tox
|turn|35
|
|t:|1667758507
|move|p1a: Blaziken|Close Combat|p2a: Urshifu
|-damage|p2a: Urshifu|0 fnt
|-unboost|p1a: Blaziken|def|1
|-unboost|p1a: Blaziken|spd|1
|faint|p2a: Urshifu
|
|-heal|p1a: Blaziken|41/100|[from] item: Leftovers
|-ability|p1a: Blaziken|Speed Boost|boost
|-boost|p1a: Blaziken|spe|1
|upkeep
|-message|why addicted forfeited.
|
|win|FENDINI
|raw|FENDINI's rating: 1786 &rarr; <strong>1815</strong><br />(+29 for winning)
|raw|why addicted's rating: 1944 &rarr; <strong>1915</strong><br />(-29 for losing)
|c|☆why addicted|gg
|l| HereForFrens
|c|☆FENDINI|gg
|l| Cocoon☁Evolution
|l|☆why addicted
|l| Serek94
|l| cypherstest
||Ladder isn't responding, score probably updated but might not have (Request timeout).
