|j|☆juifjacob
|j|☆george malone
|t:|1664779907
|gametype|singles
|player|p1|juifjacob|169|1601
|player|p2|george malone|169|1655
|teamsize|p1|6
|teamsize|p2|6
|gen|8
|tier|[Gen 8] OU
|rated|
|rule|Sleep Clause Mod: Limit one foe put to sleep
|rule|Species Clause: Limit one of each Pokémon
|rule|OHKO Clause: OHKO moves are banned
|rule|Evasion Items Clause: Evasion items are banned
|rule|Evasion Moves Clause: Evasion moves are banned
|rule|Endless Battle Clause: Forcing endless battles is banned
|rule|HP Percentage Mod: HP is shown in percentages
|rule|Dynamax Clause: You cannot dynamax
|clearpoke
|poke|p1|Pelipper, F|
|poke|p1|Ferrothorn, M|
|poke|p1|Zapdos|
|poke|p1|Barraskewda, M|
|poke|p1|Crawdaunt, M|
|poke|p1|Seismitoad, F|
|poke|p2|Dragapult, F|
|poke|p2|Tapu Lele|
|poke|p2|Kartana|
|poke|p2|Landorus-Therian, M|
|poke|p2|Rotom-Wash|
|poke|p2|Weavile, F|
|teampreview
|inactive|Battle timer is ON: inactive players will automatically lose when time's up. (requested by george malone)
|
|t:|1664779917
|start
|switch|p1a: Pelipper|Pelipper, F|100/100
|switch|p2a: Tapu Lele|Tapu Lele|100/100
|-fieldstart|move: Psychic Terrain|[from] ability: Psychic Surge|[of] p2a: Tapu Lele
|-weather|RainDance|[from] ability: Drizzle|[of] p1a: Pelipper
|turn|1
|
|t:|1664779925
|switch|p1a: Ferrothorn|Ferrothorn, M|100/100
|move|p2a: Tapu Lele|Focus Blast|p1a: Ferrothorn|[miss]
|-miss|p2a: Tapu Lele|p1a: Ferrothorn
|
|-weather|RainDance|[upkeep]
|upkeep
|turn|2
|
|t:|1664779932
|switch|p1a: Zapdos|Zapdos|100/100
|move|p2a: Tapu Lele|Focus Blast|p1a: Zapdos
|-resisted|p1a: Zapdos
|-damage|p1a: Zapdos|61/100
|
|-weather|RainDance|[upkeep]
|upkeep
|turn|3
|
|t:|1664779939
|switch|p2a: Dragapult|Dragapult, F|100/100
|move|p1a: Zapdos|Hurricane|p2a: Dragapult
|-damage|p2a: Dragapult|22/100
|
|-weather|RainDance|[upkeep]
|upkeep
|turn|4
|
|t:|1664779947
|switch|p1a: Ferrothorn|Ferrothorn, M|100/100
|move|p2a: Dragapult|Shadow Ball|p1a: Ferrothorn
|-damage|p1a: Ferrothorn|53/100
|
|-weather|RainDance|[upkeep]
|upkeep
|turn|5
|
|t:|1664779954
|move|p2a: Dragapult|Shadow Ball|p1a: Ferrothorn
|-damage|p1a: Ferrothorn|1/100
|-unboost|p1a: Ferrothorn|spd|1
|move|p1a: Ferrothorn|Knock Off|p2a: Dragapult
|-supereffective|p2a: Dragapult
|-damage|p2a: Dragapult|0 fnt
|-enditem|p2a: Dragapult|Choice Specs|[from] move: Knock Off|[of] p1a: Ferrothorn
|faint|p2a: Dragapult
|
|-weather|RainDance|[upkeep]
|-fieldend|move: Psychic Terrain
|upkeep
|
|t:|1664779960
|switch|p2a: Landorus|Landorus-Therian, M|100/100
|-ability|p2a: Landorus|Intimidate|boost
|-unboost|p1a: Ferrothorn|atk|1
|turn|6
|
|t:|1664779967
|move|p2a: Landorus|U-turn|p1a: Ferrothorn
|-damage|p1a: Ferrothorn|0 fnt
|-damage|p2a: Landorus|88/100|[from] ability: Iron Barbs|[of] p1a: Ferrothorn
|-damage|p2a: Landorus|72/100|[from] item: Rocky Helmet|[of] p1a: Ferrothorn
|faint|p1a: Ferrothorn
|
|t:|1664779976
|switch|p2a: Tapu Lele|Tapu Lele|100/100|[from]move: U-turn
|-fieldstart|move: Psychic Terrain|[from] ability: Psychic Surge|[of] p2a: Tapu Lele
|
|-weather|RainDance|[upkeep]
|upkeep
|
|t:|1664779982
|switch|p1a: Barraskewda|Barraskewda, M|100/100
|turn|7
|
|t:|1664779985
|switch|p2a: Rotom|Rotom-Wash|100/100
|move|p1a: Barraskewda|Flip Turn|p2a: Rotom
|-resisted|p2a: Rotom
|-damage|p2a: Rotom|71/100
|
|t:|1664779991
|switch|p1a: Zapdos|Zapdos|61/100|[from]move: Flip Turn
|
|-weather|RainDance|[upkeep]
|-heal|p2a: Rotom|77/100|[from] item: Leftovers
|upkeep
|turn|8
|
|t:|1664779996
|move|p1a: Zapdos|Thunder|p2a: Rotom
|-damage|p2a: Rotom|23/100
|move|p2a: Rotom|Volt Switch|p1a: Zapdos
|-damage|p1a: Zapdos|31/100
|
|t:|1664780002
|switch|p2a: Weavile|Weavile, F|100/100|[from]move: Volt Switch
|-ability|p2a: Weavile|Pressure
|
|-weather|none
|upkeep
|turn|9
|
|t:|1664780009
|switch|p1a: Pelipper|Pelipper, F|100/100
|-weather|RainDance|[from] ability: Drizzle|[of] p1a: Pelipper
|move|p2a: Weavile|Triple Axel|p1a: Pelipper
|-damage|p1a: Pelipper|88/100
|-damage|p1a: Pelipper|64/100
|-hitcount|p1a: Pelipper|2
|
|-weather|RainDance|[upkeep]
|upkeep
|turn|10
|
|t:|1664780018
|move|p2a: Weavile|Triple Axel|p1a: Pelipper
|-damage|p1a: Pelipper|52/100
|-damage|p1a: Pelipper|31/100
|-damage|p1a: Pelipper|0 fnt
|faint|p1a: Pelipper
|-hitcount|p1: Pelipper|3
|
|-weather|RainDance|[upkeep]
|-fieldend|move: Psychic Terrain
|upkeep
|
|t:|1664780026
|switch|p1a: Barraskewda|Barraskewda, M|100/100
|turn|11
|
|t:|1664780030
|switch|p2a: Rotom|Rotom-Wash|23/100
|move|p1a: Barraskewda|Flip Turn|p2a: Rotom
|-resisted|p2a: Rotom
|-damage|p2a: Rotom|0 fnt
|faint|p2a: Rotom
|
|t:|1664780036
|switch|p1a: Seismitoad|Seismitoad, F|100/100|[from]move: Flip Turn
|
|-weather|RainDance|[upkeep]
|upkeep
|
|t:|1664780058
|switch|p2a: Tapu Lele|Tapu Lele|100/100
|-fieldstart|move: Psychic Terrain|[from] ability: Psychic Surge|[of] p2a: Tapu Lele
|turn|12
|
|t:|1664780065
|move|p1a: Seismitoad|Weather Ball|p2a: Tapu Lele
|-damage|p2a: Tapu Lele|25/100
|-damage|p1a: Seismitoad|91/100|[from] item: Life Orb
|move|p2a: Tapu Lele|Moonblast|p1a: Seismitoad
|-damage|p1a: Seismitoad|0 fnt
|faint|p1a: Seismitoad
|
|-weather|RainDance|[upkeep]
|upkeep
|
|t:|1664780075
|switch|p1a: Barraskewda|Barraskewda, M|100/100
|turn|13
|
|t:|1664780077
|switch|p2a: Landorus|Landorus-Therian, M|72/100
|-ability|p2a: Landorus|Intimidate|boost
|-unboost|p1a: Barraskewda|atk|1
|move|p1a: Barraskewda|Flip Turn|p2a: Landorus
|-supereffective|p2a: Landorus
|-damage|p2a: Landorus|0 fnt
|faint|p2a: Landorus
|
|t:|1664780085
|switch|p1a: Zapdos|Zapdos|31/100|[from]move: Flip Turn
|
|-weather|RainDance|[upkeep]
|upkeep
|
|t:|1664780089
|switch|p2a: Weavile|Weavile, F|100/100
|-ability|p2a: Weavile|Pressure
|turn|14
|
|t:|1664780096
|move|p2a: Weavile|Knock Off|p1a: Zapdos
|-damage|p1a: Zapdos|0 fnt
|-enditem|p1a: Zapdos|Heavy-Duty Boots|[from] move: Knock Off|[of] p2a: Weavile
|faint|p1a: Zapdos
|
|-weather|RainDance|[upkeep]
|upkeep
|
|t:|1664780102
|switch|p1a: Barraskewda|Barraskewda, M|100/100
|turn|15
|
|t:|1664780114
|move|p1a: Barraskewda|Flip Turn|p2a: Weavile
|-damage|p2a: Weavile|0 fnt
|faint|p2a: Weavile
|j| Kyurem
|c|☆george malone|gg
|inactive|juifjacob has 120 seconds left.
|c|☆george malone|was fun
|inactive|juifjacob has 90 seconds left.
|c|☆george malone|come on
|
|t:|1664780193
|switch|p1a: Crawdaunt|Crawdaunt, M|100/100|[from]move: Flip Turn
|
|-weather|RainDance|[upkeep]
|upkeep
|
|t:|1664780197
|switch|p2a: Kartana|Kartana|100/100
|turn|16
|
|t:|1664780208
|move|p2a: Kartana|Leaf Blade|p1a: Crawdaunt
|-supereffective|p1a: Crawdaunt
|-damage|p1a: Crawdaunt|0 fnt
|faint|p1a: Crawdaunt
|-ability|p2a: Kartana|Beast Boost|boost
|-boost|p2a: Kartana|atk|1
|
|-weather|none
|-fieldend|move: Psychic Terrain
|upkeep
|-message|juifjacob forfeited.
|
|win|george malone
|raw|juifjacob's rating: 1601 &rarr; <strong>1584</strong><br />(-17 for losing)
|raw|george malone's rating: 1655 &rarr; <strong>1672</strong><br />(+17 for winning)
|l|☆juifjacob
|l|☆george malone
|j|☆george malone
|player|p2|george malone|169
