|html|<div class="broadcast-blue"><strong>[Gen 8] OU is currently suspecting Melmetal! For information on how to participate check out the <a href="https://www.smogon.com/forums/threads/np-ss-ou-suspect-process-round-12-monster-mash.3709234/">suspect thread</a>.</strong></div>
|j|☆Kikoobuster
|j|☆minimax_ai
|t:|1666462768
|gametype|singles
|player|p1|Kikoobuster|170|1415
|player|p2|minimax_ai|lusamine-nihilego|1464
|teamsize|p1|6
|teamsize|p2|6
|gen|8
|tier|[Gen 8] OU
|rated|
|rule|Sleep Clause Mod: Limit one foe put to sleep
|rule|Species Clause: Limit one of each Pokémon
|rule|OHKO Clause: OHKO moves are banned
|rule|Evasion Items Clause: Evasion items are banned
|rule|Evasion Moves Clause: Evasion moves are banned
|rule|Endless Battle Clause: Forcing endless battles is banned
|rule|HP Percentage Mod: HP is shown in percentages
|rule|Dynamax Clause: You cannot dynamax
|clearpoke
|poke|p1|Araquanid, F|
|poke|p1|Nidoking, M|
|poke|p1|Urshifu-*, M|
|poke|p1|Corviknight, F|
|poke|p1|Heatran, M|
|poke|p1|Clefable, M|
|poke|p2|Rotom-Wash|
|poke|p2|Weavile, F|
|poke|p2|Landorus-Therian, M|
|poke|p2|Heatran, M|
|poke|p2|Tangrowth, M|
|poke|p2|Melmetal|
|teampreview
|c|☆minimax_ai|hf
|inactive|Battle timer is ON: inactive players will automatically lose when time's up. (requested by minimax_ai)
|
|t:|1666462775
|start
|switch|p1a: Urshifu|Urshifu-Rapid-Strike, M|100/100
|switch|p2a: rotomwash|Rotom-Wash|100/100
|turn|1
|
|t:|1666462778
|move|p1a: Urshifu|U-turn|p2a: rotomwash
|-damage|p2a: rotomwash|72/100
|
|t:|1666462783
|switch|p1a: Nidoking|Nidoking, M|100/100|[from]move: U-turn
|move|p2a: rotomwash|Pain Split|p1a: Nidoking
|-sethp|p1a: Nidoking|86/100|[from] move: Pain Split|[silent]
|-sethp|p2a: rotomwash|86/100|[from] move: Pain Split
|
|-heal|p2a: rotomwash|92/100|[from] item: Leftovers
|upkeep
|turn|2
|
|t:|1666462785
|move|p1a: Nidoking|Sludge Wave|p2a: rotomwash
|-damage|p2a: rotomwash|27/100
|move|p2a: rotomwash|Hydro Pump|p1a: Nidoking
|-supereffective|p1a: Nidoking
|-damage|p1a: Nidoking|0 fnt
|faint|p1a: Nidoking
|
|-heal|p2a: rotomwash|33/100|[from] item: Leftovers
|upkeep
|
|t:|1666462802
|switch|p1a: Urshifu|Urshifu-Rapid-Strike, M|100/100
|turn|3
|
|t:|1666462803
|switch|p2a: Tangrowth|Tangrowth, M|100/100
|move|p1a: Urshifu|Close Combat|p2a: Tangrowth
|-damage|p2a: Tangrowth|66/100
|-unboost|p1a: Urshifu|def|1
|-unboost|p1a: Urshifu|spd|1
|-damage|p1a: Urshifu|84/100|[from] item: Rocky Helmet|[of] p2a: Tangrowth
|
|upkeep
|turn|4
|
|t:|1666462806
|switch|p1a: Heatran|Heatran, M|100/100
|-item|p1a: Heatran|Air Balloon
|move|p2a: Tangrowth|Sleep Powder|p1a: Heatran
|-status|p1a: Heatran|slp|[from] move: Sleep Powder
|
|upkeep
|turn|5
|
|t:|1666462812
|switch|p2a: rotomwash|Rotom-Wash|33/100
|cant|p1a: Heatran|slp
|
|-heal|p2a: rotomwash|39/100|[from] item: Leftovers
|upkeep
|turn|6
|
|t:|1666462817
|switch|p1a: Araquanid|Araquanid, F|100/100
|move|p2a: rotomwash|Pain Split|p1a: Araquanid
|-sethp|p1a: Araquanid|68/100|[from] move: Pain Split|[silent]
|-sethp|p2a: rotomwash|75/100|[from] move: Pain Split
|
|-heal|p2a: rotomwash|82/100|[from] item: Leftovers
|upkeep
|turn|7
|
|t:|1666462821
|move|p2a: rotomwash|Nasty Plot|p2a: rotomwash
|-boost|p2a: rotomwash|spa|2
|move|p1a: Araquanid|Mirror Coat||[still]
|-fail|p1a: Araquanid
|
|-heal|p2a: rotomwash|88/100|[from] item: Leftovers
|upkeep
|turn|8
|
|t:|1666462824
|move|p2a: rotomwash|Thunderbolt|p1a: Araquanid
|-supereffective|p1a: Araquanid
|-damage|p1a: Araquanid|0 fnt
|faint|p1a: Araquanid
|
|-heal|p2a: rotomwash|94/100|[from] item: Leftovers
|upkeep
|
|t:|1666462828
|switch|p1a: Clefable|Clefable, M|100/100
|turn|9
|
|t:|1666462829
|move|p2a: rotomwash|Thunderbolt|p1a: Clefable
|-damage|p1a: Clefable|64/100
|move|p1a: Clefable|Moonblast|p2a: rotomwash
|-damage|p2a: rotomwash|59/100
|
|-heal|p2a: rotomwash|65/100|[from] item: Leftovers
|upkeep
|turn|10
|
|t:|1666462834
|move|p2a: rotomwash|Thunderbolt|p1a: Clefable
|-damage|p1a: Clefable|31/100
|-status|p1a: Clefable|par
|move|p1a: Clefable|Moonblast|p2a: rotomwash
|-damage|p2a: rotomwash|33/100
|-unboost|p2a: rotomwash|spa|1
|
|-heal|p2a: rotomwash|40/100|[from] item: Leftovers
|upkeep
|turn|11
|
|t:|1666462837
|move|p2a: rotomwash|Thunderbolt|p1a: Clefable
|-damage|p1a: Clefable|0 fnt
|faint|p1a: Clefable
|
|-heal|p2a: rotomwash|46/100|[from] item: Leftovers
|upkeep
|
|t:|1666462839
|switch|p1a: Urshifu|Urshifu-Rapid-Strike, M|84/100
|turn|12
|
|t:|1666462840
|switch|p2a: Tangrowth|Tangrowth, M|99/100
|move|p1a: Urshifu|Close Combat|p2a: Tangrowth
|-damage|p2a: Tangrowth|67/100
|-unboost|p1a: Urshifu|def|1
|-unboost|p1a: Urshifu|spd|1
|-damage|p1a: Urshifu|68/100|[from] item: Rocky Helmet|[of] p2a: Tangrowth
|
|upkeep
|turn|13
|
|t:|1666462859
|switch|p1a: Heatran|Heatran, M|100/100 slp
|-item|p1a: Heatran|Air Balloon
|move|p2a: Tangrowth|Focus Blast|p1a: Heatran
|-supereffective|p1a: Heatran
|-damage|p1a: Heatran|39/100 slp
|-enditem|p1a: Heatran|Air Balloon
|
|upkeep
|turn|14
|
|t:|1666462863
|switch|p2a: rotomwash|Rotom-Wash|46/100
|cant|p1a: Heatran|slp
|
|-heal|p2a: rotomwash|52/100|[from] item: Leftovers
|upkeep
|turn|15
|
|t:|1666462864
|cant|p1a: Heatran|slp
|move|p2a: rotomwash|Thunderbolt|p1a: Heatran
|-damage|p1a: Heatran|5/100 slp
|
|-heal|p2a: rotomwash|58/100|[from] item: Leftovers
|upkeep
|turn|16
|
|t:|1666462867
|-curestatus|p1a: Heatran|slp|[msg]
|move|p1a: Heatran|Stealth Rock|p2a: rotomwash
|-sidestart|p2: minimax_ai|move: Stealth Rock
|move|p2a: rotomwash|Thunderbolt|p1a: Heatran
|-damage|p1a: Heatran|0 fnt
|faint|p1a: Heatran
|
|-heal|p2a: rotomwash|65/100|[from] item: Leftovers
|upkeep
|
|t:|1666462870
|switch|p1a: Urshifu|Urshifu-Rapid-Strike, M|68/100
|turn|17
|
|t:|1666462871
|switch|p2a: Tangrowth|Tangrowth, M|100/100
|-damage|p2a: Tangrowth|88/100|[from] Stealth Rock
|move|p1a: Urshifu|Close Combat|p2a: Tangrowth
|-damage|p2a: Tangrowth|58/100
|-unboost|p1a: Urshifu|def|1
|-unboost|p1a: Urshifu|spd|1
|-damage|p1a: Urshifu|51/100|[from] item: Rocky Helmet|[of] p2a: Tangrowth
|
|upkeep
|turn|18
|
|t:|1666462874
|switch|p1a: Corviknight|Corviknight, F|100/100
|-ability|p1a: Corviknight|Pressure
|move|p2a: Tangrowth|Sleep Powder|p1a: Corviknight
|-status|p1a: Corviknight|slp|[from] move: Sleep Powder
|
|upkeep
|turn|19
|
|t:|1666462876
|switch|p1a: Urshifu|Urshifu-Rapid-Strike, M|51/100
|switch|p2a: Melmetal|Melmetal|100/100
|-damage|p2a: Melmetal|94/100|[from] Stealth Rock
|
|upkeep
|turn|20
|-message|Kikoobuster forfeited.
|
|win|minimax_ai
|raw|Kikoobuster's rating: 1415 &rarr; <strong>1398</strong><br />(-17 for losing)
|raw|minimax_ai's rating: 1464 &rarr; <strong>1481</strong><br />(+17 for winning)
|c|☆minimax_ai|gg
|l|☆Kikoobuster
