|html|<div class="broadcast-blue"><strong>[Gen 8] OU is currently suspecting Melmetal! For information on how to participate check out the <a href="https://www.smogon.com/forums/threads/np-ss-ou-suspect-process-round-12-monster-mash.3709234/">suspect thread</a>.</strong></div>
|j|☆Geenobe
|j|☆minimax_ai
|t:|1666522271
|gametype|singles
|player|p1|Geenobe|1|1639
|player|p2|minimax_ai|lusamine-nihilego|1565
|teamsize|p1|6
|teamsize|p2|6
|gen|8
|tier|[Gen 8] OU
|rated|
|rule|Sleep Clause Mod: Limit one foe put to sleep
|rule|Species Clause: Limit one of each Pokémon
|rule|OHKO Clause: OHKO moves are banned
|rule|Evasion Items Clause: Evasion items are banned
|rule|Evasion Moves Clause: Evasion moves are banned
|rule|Endless Battle Clause: Forcing endless battles is banned
|rule|HP Percentage Mod: HP is shown in percentages
|rule|Dynamax Clause: You cannot dynamax
|clearpoke
|poke|p1|Ferrothorn, M|
|poke|p1|Victini|
|poke|p1|Tapu Fini|
|poke|p1|Landorus-Therian, M|
|poke|p1|Weavile, M|
|poke|p1|Gengar, M|
|poke|p2|Rotom-Wash|
|poke|p2|Weavile, M|
|poke|p2|Landorus-Therian, M|
|poke|p2|Heatran, M|
|poke|p2|Tangrowth, M|
|poke|p2|Melmetal|
|teampreview
|c|☆minimax_ai|hf
|inactive|Battle timer is ON: inactive players will automatically lose when time's up. (requested by minimax_ai)
|c|☆Geenobe|U2
|
|t:|1666522292
|start
|switch|p1a: Tapu Fini|Tapu Fini|100/100
|switch|p2a: Heatran|Heatran, M|100/100
|-item|p2a: Heatran|Air Balloon
|-fieldstart|move: Misty Terrain|[from] ability: Misty Surge|[of] p1a: Tapu Fini
|turn|1
|
|t:|1666522299
|move|p2a: Heatran|Stealth Rock|p1a: Tapu Fini
|-sidestart|p1: Geenobe|move: Stealth Rock
|move|p1a: Tapu Fini|Knock Off|p2a: Heatran
|-damage|p2a: Heatran|86/100
|-enditem|p2a: Heatran|Air Balloon
|
|upkeep
|turn|2
|
|t:|1666522300
|switch|p2a: Melmetal|Melmetal|100/100
|move|p1a: Tapu Fini|Scald|p2a: Melmetal
|-damage|p2a: Melmetal|86/100
|
|upkeep
|turn|3
|
|t:|1666522307
|move|p1a: Tapu Fini|Defog|p2a: Melmetal
|-unboost|p2a: Melmetal|evasion|1
|-sideend|p1: Geenobe|Stealth Rock|[from] move: Defog|[of] p1a: Tapu Fini
|-fieldend|Misty Terrain
|move|p2a: Melmetal|Earthquake|p1a: Tapu Fini
|-damage|p1a: Tapu Fini|71/100
|
|-heal|p1a: Tapu Fini|78/100|[from] item: Leftovers
|upkeep
|turn|4
|
|t:|1666522317
|switch|p1a: Landorus|Landorus-Therian, M|100/100
|-ability|p1a: Landorus|Intimidate|boost
|-unboost|p2a: Melmetal|atk|1
|move|p2a: Melmetal|Earthquake|p1a: Landorus
|-immune|p1a: Landorus
|
|upkeep
|turn|5
|
|t:|1666522327
|move|p1a: Landorus|Earthquake|p2a: Melmetal
|-supereffective|p2a: Melmetal
|-crit|p2a: Melmetal
|-damage|p2a: Melmetal|0 fnt
|faint|p2a: Melmetal
|
|upkeep
|
|t:|1666522327
|switch|p2a: Weavile|Weavile, M|100/100
|-ability|p2a: Weavile|Pressure
|turn|6
|
|t:|1666522335
|switch|p1a: Tapu Fini|Tapu Fini|78/100
|-fieldstart|move: Misty Terrain|[from] ability: Misty Surge|[of] p1a: Tapu Fini
|move|p2a: Weavile|Triple Axel|p1a: Tapu Fini
|-resisted|p1a: Tapu Fini
|-damage|p1a: Tapu Fini|72/100
|-hitcount|p1a: Tapu Fini|1
|
|-heal|p1a: Tapu Fini|78/100|[from] item: Leftovers
|upkeep
|turn|7
|
|t:|1666522347
|switch|p2a: rotomwash|Rotom-Wash|100/100
|switch|p1a: Weavile|Weavile, M|100/100
|-ability|p1a: Weavile|Pressure
|
|upkeep
|turn|8
|
|t:|1666522354
|move|p1a: Weavile|Knock Off|p2a: rotomwash
|-damage|p2a: rotomwash|45/100
|-enditem|p2a: rotomwash|Leftovers|[from] move: Knock Off|[of] p1a: Weavile
|move|p2a: rotomwash|Thunderbolt|p1a: Weavile
|-damage|p1a: Weavile|48/100
|
|upkeep
|turn|9
|
|t:|1666522363
|switch|p1a: Ferrothorn|Ferrothorn, M|100/100
|move|p2a: rotomwash|Hydro Pump|p1a: Ferrothorn
|-resisted|p1a: Ferrothorn
|-damage|p1a: Ferrothorn|86/100
|
|-heal|p1a: Ferrothorn|93/100|[from] item: Leftovers
|upkeep
|turn|10
|
|t:|1666522369
|switch|p2a: landorustherian|Landorus-Therian, M|100/100
|-ability|p2a: landorustherian|Intimidate|boost
|-unboost|p1a: Ferrothorn|atk|1
|move|p1a: Ferrothorn|Spikes|p2a: landorustherian
|-sidestart|p2: minimax_ai|Spikes
|
|-heal|p1a: Ferrothorn|99/100|[from] item: Leftovers
|-fieldend|Misty Terrain
|upkeep
|turn|11
|
|t:|1666522374
|move|p2a: landorustherian|Defog|p1a: Ferrothorn
|-unboost|p1a: Ferrothorn|evasion|1
|-sideend|p2: minimax_ai|Spikes|[from] move: Defog|[of] p2a: landorustherian
|move|p1a: Ferrothorn|Leech Seed|p2a: landorustherian
|-start|p2a: landorustherian|move: Leech Seed
|
|-heal|p1a: Ferrothorn|100/100|[from] item: Leftovers
|-damage|p2a: landorustherian|88/100|[from] Leech Seed|[of] p1a: Ferrothorn
|upkeep
|turn|12
|
|t:|1666522384
|move|p2a: landorustherian|U-turn|p1a: Ferrothorn
|-damage|p1a: Ferrothorn|83/100
|-damage|p2a: landorustherian|76/100|[from] ability: Iron Barbs|[of] p1a: Ferrothorn
|
|t:|1666522384
|switch|p2a: Tangrowth|Tangrowth, M|100/100|[from]move: U-turn
|move|p1a: Ferrothorn|Spikes|p2a: Tangrowth
|-sidestart|p2: minimax_ai|Spikes
|
|-heal|p1a: Ferrothorn|90/100|[from] item: Leftovers
|upkeep
|turn|13
|
|t:|1666522394
|switch|p1a: Victini|Victini|100/100
|move|p2a: Tangrowth|Focus Blast|p1a: Victini
|-resisted|p1a: Victini
|-damage|p1a: Victini|87/100
|
|upkeep
|turn|14
|
|t:|1666522400
|switch|p2a: landorustherian|Landorus-Therian, M|76/100
|-ability|p2a: landorustherian|Intimidate|boost
|-unboost|p1a: Victini|atk|1
|move|p1a: Victini|Blue Flare|p2a: landorustherian
|-damage|p2a: landorustherian|29/100
|
|-heal|p2a: landorustherian|35/100|[from] item: Leftovers
|upkeep
|turn|15
|
|t:|1666522404
|switch|p2a: rotomwash|Rotom-Wash|45/100
|move|p1a: Victini|Glaciate|p2a: rotomwash
|-resisted|p2a: rotomwash
|-damage|p2a: rotomwash|34/100
|-unboost|p2a: rotomwash|spe|1
|
|upkeep
|turn|16
|
|t:|1666522412
|move|p1a: Victini|Thunder|p2a: rotomwash|[miss]
|-miss|p1a: Victini|p2a: rotomwash
|move|p2a: rotomwash|Pain Split|p1a: Victini
|-sethp|p1a: Victini|59/100|[from] move: Pain Split|[silent]
|-sethp|p2a: rotomwash|66/100|[from] move: Pain Split
|
|upkeep
|turn|17
|j| flying poly
|
|t:|1666522417
|switch|p1a: Ferrothorn|Ferrothorn, M|90/100
|move|p2a: rotomwash|Hydro Pump|p1a: Ferrothorn
|-resisted|p1a: Ferrothorn
|-crit|p1a: Ferrothorn
|-damage|p1a: Ferrothorn|71/100
|
|-heal|p1a: Ferrothorn|77/100|[from] item: Leftovers
|upkeep
|turn|18
|
|t:|1666522422
|switch|p2a: landorustherian|Landorus-Therian, M|35/100
|-ability|p2a: landorustherian|Intimidate|boost
|-unboost|p1a: Ferrothorn|atk|1
|move|p1a: Ferrothorn|Knock Off|p2a: landorustherian
|-damage|p2a: landorustherian|21/100
|-enditem|p2a: landorustherian|Leftovers|[from] move: Knock Off|[of] p1a: Ferrothorn
|
|-heal|p1a: Ferrothorn|83/100|[from] item: Leftovers
|upkeep
|turn|19
|
|t:|1666522426
|move|p2a: landorustherian|Defog|p1a: Ferrothorn
|-unboost|p1a: Ferrothorn|evasion|1
|-sideend|p2: minimax_ai|Spikes|[from] move: Defog|[of] p2a: landorustherian
|move|p1a: Ferrothorn|Gyro Ball|p2a: landorustherian
|-damage|p2a: landorustherian|0 fnt
|faint|p2a: landorustherian
|
|-heal|p1a: Ferrothorn|90/100|[from] item: Leftovers
|upkeep
|
|t:|1666522426
|switch|p2a: Heatran|Heatran, M|86/100
|turn|20
|
|t:|1666522437
|switch|p1a: Weavile|Weavile, M|48/100
|-ability|p1a: Weavile|Pressure
|move|p2a: Heatran|Magma Storm|p1a: Weavile
|-supereffective|p1a: Weavile
|-damage|p1a: Weavile|0 fnt
|faint|p1a: Weavile
|
|upkeep
|
|t:|1666522442
|switch|p1a: Landorus|Landorus-Therian, M|100/100
|-ability|p1a: Landorus|Intimidate|boost
|-unboost|p2a: Heatran|atk|1
|turn|21
|
|t:|1666522445
|switch|p2a: rotomwash|Rotom-Wash|66/100
|move|p1a: Landorus|Swords Dance|p1a: Landorus
|-boost|p1a: Landorus|atk|2
|
|upkeep
|turn|22
|
|t:|1666522448
|move|p1a: Landorus|Stone Edge|p2a: rotomwash
|-damage|p2a: rotomwash|0 fnt
|faint|p2a: rotomwash
|
|upkeep
|
|t:|1666522448
|switch|p2a: Weavile|Weavile, M|100/100
|-ability|p2a: Weavile|Pressure
|turn|23
|
|t:|1666522455
|switch|p1a: Tapu Fini|Tapu Fini|78/100
|-fieldstart|move: Misty Terrain|[from] ability: Misty Surge|[of] p1a: Tapu Fini
|move|p2a: Weavile|Triple Axel|p1a: Tapu Fini
|-resisted|p1a: Tapu Fini
|-damage|p1a: Tapu Fini|73/100
|-hitcount|p1a: Tapu Fini|1
|
|-heal|p1a: Tapu Fini|80/100|[from] item: Leftovers
|upkeep
|turn|24
|
|t:|1666522462
|move|p2a: Weavile|Triple Axel|p1a: Tapu Fini
|-resisted|p1a: Tapu Fini
|-damage|p1a: Tapu Fini|74/100
|-resisted|p1a: Tapu Fini
|-damage|p1a: Tapu Fini|64/100
|-hitcount|p1a: Tapu Fini|2
|move|p1a: Tapu Fini|Knock Off|p2a: Weavile
|-resisted|p2a: Weavile
|-damage|p2a: Weavile|86/100
|-enditem|p2a: Weavile|Choice Band|[from] move: Knock Off|[of] p1a: Tapu Fini
|
|-heal|p1a: Tapu Fini|70/100|[from] item: Leftovers
|upkeep
|turn|25
|
|t:|1666522466
|switch|p2a: Heatran|Heatran, M|86/100
|move|p1a: Tapu Fini|Moonblast|p2a: Heatran
|-resisted|p2a: Heatran
|-damage|p2a: Heatran|79/100
|
|-heal|p1a: Tapu Fini|76/100|[from] item: Leftovers
|upkeep
|turn|26
|
|t:|1666522473
|move|p2a: Heatran|Stealth Rock|p1a: Tapu Fini
|-sidestart|p1: Geenobe|move: Stealth Rock
|move|p1a: Tapu Fini|Scald|p2a: Heatran
|-supereffective|p2a: Heatran
|-damage|p2a: Heatran|25/100
|
|-heal|p1a: Tapu Fini|82/100|[from] item: Leftovers
|upkeep
|turn|27
|
|t:|1666522476
|move|p2a: Heatran|Magma Storm|p1a: Tapu Fini
|-resisted|p1a: Tapu Fini
|-damage|p1a: Tapu Fini|66/100
|-activate|p1a: Tapu Fini|move: Magma Storm|[of] p2a: Heatran
|move|p1a: Tapu Fini|Defog|p2a: Heatran
|-unboost|p2a: Heatran|evasion|1
|-sideend|p1: Geenobe|Stealth Rock|[from] move: Defog|[of] p1a: Tapu Fini
|-fieldend|Misty Terrain
|
|-heal|p1a: Tapu Fini|72/100|[from] item: Leftovers
|-damage|p1a: Tapu Fini|59/100|[from] move: Magma Storm|[partiallytrapped]
|upkeep
|turn|28
|
|t:|1666522482
|move|p2a: Heatran|Stealth Rock|p1a: Tapu Fini
|-sidestart|p1: Geenobe|move: Stealth Rock
|move|p1a: Tapu Fini|Defog|p2a: Heatran
|-unboost|p2a: Heatran|evasion|1
|-sideend|p1: Geenobe|Stealth Rock|[from] move: Defog|[of] p1a: Tapu Fini
|
|-heal|p1a: Tapu Fini|65/100|[from] item: Leftovers
|-damage|p1a: Tapu Fini|53/100|[from] move: Magma Storm|[partiallytrapped]
|upkeep
|turn|29
|
|t:|1666522485
|move|p2a: Heatran|Stealth Rock|p1a: Tapu Fini
|-sidestart|p1: Geenobe|move: Stealth Rock
|move|p1a: Tapu Fini|Scald|p2a: Heatran
|-supereffective|p2a: Heatran
|-damage|p2a: Heatran|0 fnt
|faint|p2a: Heatran
|
|-heal|p1a: Tapu Fini|59/100|[from] item: Leftovers
|-end|p1a: Tapu Fini|Magma Storm|[partiallytrapped]|[silent]
|upkeep
|
|t:|1666522485
|switch|p2a: Tangrowth|Tangrowth, M|100/100
|turn|30
|
|t:|1666522489
|move|p1a: Tapu Fini|Defog|p2a: Tangrowth
|-unboost|p2a: Tangrowth|evasion|1
|-sideend|p1: Geenobe|Stealth Rock|[from] move: Defog|[of] p1a: Tapu Fini
|move|p2a: Tangrowth|Sleep Powder|p1a: Tapu Fini|[miss]
|-miss|p2a: Tangrowth|p1a: Tapu Fini
|
|-heal|p1a: Tapu Fini|65/100|[from] item: Leftovers
|upkeep
|turn|31
|j| Iamsancho
|
|t:|1666522496
|switch|p1a: Landorus|Landorus-Therian, M|100/100
|-ability|p1a: Landorus|Intimidate|boost
|-unboost|p2a: Tangrowth|atk|1
|move|p2a: Tangrowth|Sleep Powder|p1a: Landorus|[miss]
|-miss|p2a: Tangrowth|p1a: Landorus
|
|upkeep
|turn|32
|
|t:|1666522501
|move|p1a: Landorus|Stealth Rock|p2a: Tangrowth
|-sidestart|p2: minimax_ai|move: Stealth Rock
|move|p2a: Tangrowth|Sleep Powder|p1a: Landorus
|-status|p1a: Landorus|slp|[from] move: Sleep Powder
|
|upkeep
|turn|33
|
|t:|1666522505
|switch|p1a: Victini|Victini|59/100
|move|p2a: Tangrowth|Knock Off|p1a: Victini
|-supereffective|p1a: Victini
|-damage|p1a: Victini|30/100
|-enditem|p1a: Victini|Expert Belt|[from] move: Knock Off|[of] p2a: Tangrowth
|
|upkeep
|turn|34
|
|t:|1666522511
|switch|p2a: Weavile|Weavile, M|86/100
|-damage|p2a: Weavile|61/100|[from] Stealth Rock
|-ability|p2a: Weavile|Pressure
|move|p1a: Victini|Blue Flare|p2a: Weavile
|-supereffective|p2a: Weavile
|-damage|p2a: Weavile|0 fnt
|faint|p2a: Weavile
|
|upkeep
|
|t:|1666522511
|switch|p2a: Tangrowth|Tangrowth, M|100/100
|-damage|p2a: Tangrowth|88/100|[from] Stealth Rock
|turn|35
|
|t:|1666522513
|move|p1a: Victini|Blue Flare|p2a: Tangrowth
|-supereffective|p2a: Tangrowth
|-damage|p2a: Tangrowth|0 fnt
|faint|p2a: Tangrowth
|
|win|Geenobe
|raw|Geenobe's rating: 1639 &rarr; <strong>1655</strong><br />(+16 for winning)
|raw|minimax_ai's rating: 1565 &rarr; <strong>1549</strong><br />(-16 for losing)
|c|☆minimax_ai|gg
