|j|☆Sp0oNl0rD
|j|☆dovesoap2
|t:|1642825851
|gametype|singles
|player|p1|Sp0oNl0rD|blackbelt|1727
|player|p2|dovesoap2|archer|1699
|teamsize|p1|6
|teamsize|p2|6
|gen|8
|tier|[Gen 8] OU
|rated|
|rule|Sleep Clause Mod: Limit one foe put to sleep
|rule|Species Clause: Limit one of each Pokémon
|rule|OHKO Clause: OHKO moves are banned
|rule|Evasion Moves Clause: Evasion moves are banned
|rule|Endless Battle Clause: Forcing endless battles is banned
|rule|HP Percentage Mod: HP is shown in percentages
|rule|Dynamax Clause: You cannot dynamax
|clearpoke
|poke|p1|Grimmsnarl, M|
|poke|p1|Glastrier|
|poke|p1|Tapu Fini|
|poke|p1|Scizor, M|
|poke|p1|Garchomp, F|
|poke|p1|Zapdos-Galar|
|poke|p2|Landorus-Therian, M|
|poke|p2|Clefable, M|
|poke|p2|Tornadus-Therian, M|
|poke|p2|Melmetal|
|poke|p2|Toxapex, F|
|poke|p2|Kartana|
|teampreview
|inactive|Battle timer is ON: inactive players will automatically lose when time's up. (requested by Sp0oNl0rD)
|
|t:|1642825869
|start
|switch|p1a: Grimmsnarl|Grimmsnarl, M|100/100
|switch|p2a: Toxapex|Toxapex, F, shiny|100/100
|turn|1
|
|t:|1642825881
|move|p1a: Grimmsnarl|Reflect|p1a: Grimmsnarl
|-sidestart|p1: Sp0oNl0rD|Reflect
|move|p2a: Toxapex|Toxic Spikes|p1a: Grimmsnarl
|-sidestart|p1: Sp0oNl0rD|move: Toxic Spikes
|
|upkeep
|turn|2
|
|t:|1642825885
|move|p1a: Grimmsnarl|Light Screen|p1a: Grimmsnarl
|-sidestart|p1: Sp0oNl0rD|move: Light Screen
|move|p2a: Toxapex|Scald|p1a: Grimmsnarl
|-damage|p1a: Grimmsnarl|91/100
|
|upkeep
|turn|3
|
|t:|1642825894
|switch|p1a: Tapu Fini|Tapu Fini|100/100
|-status|p1a: Tapu Fini|psn
|-fieldstart|move: Misty Terrain|[from] ability: Misty Surge|[of] p1a: Tapu Fini
|move|p2a: Toxapex|Scald|p1a: Tapu Fini
|-resisted|p1a: Tapu Fini
|-damage|p1a: Tapu Fini|97/100 psn
|
|-heal|p1a: Tapu Fini|100/100 psn|[from] item: Leftovers
|-damage|p1a: Tapu Fini|88/100 psn|[from] psn
|upkeep
|turn|4
|
|t:|1642825903
|switch|p1a: Garchomp|Garchomp, F|100/100
|move|p2a: Toxapex|Haze|p2a: Toxapex
|-clearallboost
|
|upkeep
|turn|5
|
|t:|1642825911
|move|p1a: Garchomp|Swords Dance|p1a: Garchomp
|-boost|p1a: Garchomp|atk|2
|move|p2a: Toxapex|Haze|p2a: Toxapex
|-clearallboost
|
|upkeep
|turn|6
|
|t:|1642825916
|move|p1a: Garchomp|Swords Dance|p1a: Garchomp
|-boost|p1a: Garchomp|atk|2
|move|p2a: Toxapex|Haze|p2a: Toxapex
|-clearallboost
|
|upkeep
|turn|7
|
|t:|1642825918
|move|p1a: Garchomp|Earthquake|p2a: Toxapex
|-supereffective|p2a: Toxapex
|-damage|p2a: Toxapex|37/100
|move|p2a: Toxapex|Haze|p2a: Toxapex
|-clearallboost
|
|-heal|p2a: Toxapex|43/100|[from] item: Black Sludge
|-fieldend|Misty Terrain
|upkeep
|turn|8
|
|t:|1642825923
|move|p1a: Garchomp|Earthquake|p2a: Toxapex
|-supereffective|p2a: Toxapex
|-damage|p2a: Toxapex|0 fnt
|faint|p2a: Toxapex
|
|-sideend|p1: Sp0oNl0rD|Reflect
|upkeep
|
|t:|1642825925
|switch|p2a: Clefable|Clefable, M|100/100
|turn|9
|j| wiiimicks
|
|t:|1642825937
|switch|p1a: Tapu Fini|Tapu Fini|88/100 psn
|-fieldstart|move: Misty Terrain|[from] ability: Misty Surge|[of] p1a: Tapu Fini
|move|p2a: Clefable|Moonblast|p1a: Tapu Fini
|-damage|p1a: Tapu Fini|76/100 psn
|
|-heal|p1a: Tapu Fini|82/100 psn|[from] item: Leftovers
|-damage|p1a: Tapu Fini|69/100 psn|[from] psn
|-sideend|p1: Sp0oNl0rD|move: Light Screen
|upkeep
|turn|10
|
|t:|1642825942
|move|p1a: Tapu Fini|Calm Mind|p1a: Tapu Fini
|-boost|p1a: Tapu Fini|spa|1
|-boost|p1a: Tapu Fini|spd|1
|move|p2a: Clefable|Moonblast|p1a: Tapu Fini
|-damage|p1a: Tapu Fini|46/100 psn
|
|-heal|p1a: Tapu Fini|52/100 psn|[from] item: Leftovers
|-damage|p1a: Tapu Fini|39/100 psn|[from] psn
|upkeep
|turn|11
|
|t:|1642825950
|move|p1a: Tapu Fini|Draining Kiss|p2a: Clefable
|-damage|p2a: Clefable|89/100
|-heal|p1a: Tapu Fini|49/100 psn|[from] drain|[of] p2a: Clefable
|move|p2a: Clefable|Moonblast|p1a: Tapu Fini
|-damage|p1a: Tapu Fini|26/100 psn
|
|-heal|p1a: Tapu Fini|32/100 psn|[from] item: Leftovers
|-heal|p2a: Clefable|95/100|[from] item: Leftovers
|-damage|p1a: Tapu Fini|20/100 psn|[from] psn
|upkeep
|turn|12
|
|t:|1642825957
|switch|p1a: Scizor|Scizor, M|100/100
|switch|p2a: Tornadus|Tornadus-Therian, M|100/100
|
|upkeep
|turn|13
|
|t:|1642825962
|switch|p1a: Grimmsnarl|Grimmsnarl, M|91/100
|move|p2a: Tornadus|Heat Wave|p1a: Grimmsnarl|[miss]
|-miss|p2a: Tornadus|p1a: Grimmsnarl
|
|-fieldend|Misty Terrain
|upkeep
|turn|14
|
|t:|1642825966
|switch|p2a: Melmetal|Melmetal|100/100
|move|p1a: Grimmsnarl|Light Screen|p1a: Grimmsnarl
|-sidestart|p1: Sp0oNl0rD|move: Light Screen
|
|upkeep
|turn|15
|
|t:|1642825971
|move|p1a: Grimmsnarl|Reflect|p1a: Grimmsnarl
|-sidestart|p1: Sp0oNl0rD|Reflect
|move|p2a: Melmetal|Earthquake|p1a: Grimmsnarl
|-damage|p1a: Grimmsnarl|62/100
|
|upkeep
|turn|16
|
|t:|1642825977
|switch|p1a: Tapu Fini|Tapu Fini|20/100 psn
|-fieldstart|move: Misty Terrain|[from] ability: Misty Surge|[of] p1a: Tapu Fini
|move|p2a: Melmetal|Ice Punch|p1a: Tapu Fini
|-resisted|p1a: Tapu Fini
|-damage|p1a: Tapu Fini|14/100 psn
|
|-heal|p1a: Tapu Fini|20/100 psn|[from] item: Leftovers
|-damage|p1a: Tapu Fini|7/100 psn|[from] psn
|upkeep
|turn|17
|
|t:|1642825981
|switch|p2a: Tornadus|Tornadus-Therian, M|100/100
|move|p1a: Tapu Fini|Scald|p2a: Tornadus
|-crit|p2a: Tornadus
|-damage|p2a: Tornadus|52/100
|
|-heal|p1a: Tapu Fini|13/100 psn|[from] item: Leftovers
|-damage|p1a: Tapu Fini|1/100 psn|[from] psn
|upkeep
|turn|18
|
|t:|1642825990
|move|p2a: Tornadus|Nasty Plot|p2a: Tornadus
|-boost|p2a: Tornadus|spa|2
|move|p1a: Tapu Fini|Scald|p2a: Tornadus
|-damage|p2a: Tornadus|17/100
|
|-heal|p1a: Tapu Fini|7/100 psn|[from] item: Leftovers
|-damage|p1a: Tapu Fini|0 fnt|[from] psn
|faint|p1a: Tapu Fini
|upkeep
|
|t:|1642826003
|switch|p1a: Glastrier|Glastrier|100/100
|turn|19
|j| AlIoutdragadarts
|l| AlIoutdragadarts
|j| AlIoutdragadarts
|
|t:|1642826010
|switch|p2a: Kartana|Kartana|100/100
|move|p1a: Glastrier|Icicle Crash|p2a: Kartana
|-damage|p2a: Kartana|55/100
|
|-heal|p2a: Kartana|61/100|[from] item: Leftovers
|upkeep
|turn|20
|l| AlIoutdragadarts
|
|t:|1642826016
|move|p2a: Kartana|Knock Off|p1a: Glastrier
|-damage|p1a: Glastrier|90/100
|-enditem|p1a: Glastrier|Weakness Policy|[from] move: Knock Off|[of] p2a: Kartana
|move|p1a: Glastrier|Close Combat|p2a: Kartana
|-supereffective|p2a: Kartana
|-damage|p2a: Kartana|0 fnt
|-unboost|p1a: Glastrier|def|1
|-unboost|p1a: Glastrier|spd|1
|faint|p2a: Kartana
|-ability|p1a: Glastrier|Chilling Neigh|boost
|-boost|p1a: Glastrier|atk|1
|
|-fieldend|Misty Terrain
|upkeep
|
|t:|1642826022
|switch|p2a: Landorus|Landorus-Therian, M|100/100
|-ability|p2a: Landorus|Intimidate|boost
|-unboost|p1a: Glastrier|atk|1
|turn|21
|
|t:|1642826024
|move|p2a: Landorus|U-turn|p1a: Glastrier
|-damage|p1a: Glastrier|78/100
|
|t:|1642826026
|switch|p2a: Melmetal|Melmetal|100/100|[from]move: U-turn
|move|p1a: Glastrier|Icicle Crash|p2a: Melmetal
|-resisted|p2a: Melmetal
|-damage|p2a: Melmetal|86/100
|
|-sideend|p1: Sp0oNl0rD|move: Light Screen
|upkeep
|turn|22
|
|t:|1642826031
|move|p1a: Glastrier|Close Combat|p2a: Melmetal
|-supereffective|p2a: Melmetal
|-damage|p2a: Melmetal|37/100
|-unboost|p1a: Glastrier|def|1
|-unboost|p1a: Glastrier|spd|1
|move|p2a: Melmetal|Double Iron Bash|p1a: Glastrier
|-supereffective|p1a: Glastrier
|-damage|p1a: Glastrier|18/100
|-supereffective|p1a: Glastrier
|-damage|p1a: Glastrier|0 fnt
|faint|p1a: Glastrier
|-hitcount|p1: Glastrier|2
|
|-sideend|p1: Sp0oNl0rD|Reflect
|upkeep
|
|t:|1642826036
|switch|p1a: Zapdos|Zapdos-Galar|100/100
|turn|23
|
|t:|1642826046
|move|p1a: Zapdos|U-turn|p2a: Melmetal
|-resisted|p2a: Melmetal
|-damage|p2a: Melmetal|28/100
|
|t:|1642826047
|switch|p1a: Grimmsnarl|Grimmsnarl, M|62/100|[from]move: U-turn
|-status|p1a: Grimmsnarl|psn
|move|p2a: Melmetal|Double Iron Bash|p1a: Grimmsnarl
|-supereffective|p1a: Grimmsnarl
|-crit|p1a: Grimmsnarl
|-damage|p1a: Grimmsnarl|0 fnt
|faint|p1a: Grimmsnarl
|-hitcount|p1: Grimmsnarl|1
|
|upkeep
|
|t:|1642826050
|switch|p1a: Zapdos|Zapdos-Galar|100/100
|turn|24
|
|t:|1642826058
|move|p1a: Zapdos|Close Combat|p2a: Melmetal
|-supereffective|p2a: Melmetal
|-damage|p2a: Melmetal|0 fnt
|-unboost|p1a: Zapdos|def|1
|-unboost|p1a: Zapdos|spd|1
|faint|p2a: Melmetal
|
|upkeep
|
|t:|1642826060
|switch|p2a: Tornadus|Tornadus-Therian, M|51/100
|turn|25
|
|t:|1642826063
|move|p2a: Tornadus|Hurricane|p1a: Zapdos
|-supereffective|p1a: Zapdos
|-damage|p1a: Zapdos|0 fnt
|faint|p1a: Zapdos
|
|upkeep
|
|t:|1642826068
|switch|p1a: Garchomp|Garchomp, F|100/100
|-status|p1a: Garchomp|psn
|-enditem|p1a: Garchomp|Lum Berry|[eat]
|-curestatus|p1a: Garchomp|psn|[msg]
|turn|26
|
|t:|1642826075
|move|p2a: Tornadus|Hurricane|p1a: Garchomp|[miss]
|-miss|p2a: Tornadus|p1a: Garchomp
|move|p1a: Garchomp|Scale Shot|p2a: Tornadus|[miss]
|-miss|p1a: Garchomp|p2a: Tornadus
|
|upkeep
|turn|27
|
|t:|1642826080
|switch|p2a: Clefable|Clefable, M|95/100
|move|p1a: Garchomp|Earthquake|p2a: Clefable
|-damage|p2a: Clefable|38/100
|
|-heal|p2a: Clefable|44/100|[from] item: Leftovers
|upkeep
|turn|28
|c|☆dovesoap2|gg
|
|t:|1642826087
|switch|p2a: Landorus|Landorus-Therian, M|100/100
|-ability|p2a: Landorus|Intimidate|boost
|-unboost|p1a: Garchomp|atk|1
|move|p1a: Garchomp|Earthquake|p2a: Landorus
|-immune|p2a: Landorus
|
|upkeep
|turn|29
|j| Large_Rodent
|
|t:|1642826091
|move|p1a: Garchomp|Swords Dance|p1a: Garchomp
|-boost|p1a: Garchomp|atk|2
|move|p2a: Landorus|Rock Tomb|p1a: Garchomp
|-resisted|p1a: Garchomp
|-damage|p1a: Garchomp|91/100
|-unboost|p1a: Garchomp|spe|1
|
|upkeep
|turn|30
|
|t:|1642826100
|move|p2a: Landorus|Rock Tomb|p1a: Garchomp
|-resisted|p1a: Garchomp
|-damage|p1a: Garchomp|81/100
|-unboost|p1a: Garchomp|spe|1
|move|p1a: Garchomp|Scale Shot|p2a: Landorus|[miss]
|-miss|p1a: Garchomp|p2a: Landorus
|
|upkeep
|turn|31
|
|t:|1642826106
|move|p2a: Landorus|Earthquake|p1a: Garchomp
|-damage|p1a: Garchomp|31/100
|move|p1a: Garchomp|Fire Fang|p2a: Landorus
|-damage|p2a: Landorus|70/100
|
|-heal|p2a: Landorus|76/100|[from] item: Leftovers
|upkeep
|turn|32
|
|t:|1642826112
|move|p2a: Landorus|Earthquake|p1a: Garchomp
|-damage|p1a: Garchomp|0 fnt
|faint|p1a: Garchomp
|
|-heal|p2a: Landorus|82/100|[from] item: Leftovers
|upkeep
|
|t:|1642826113
|switch|p1a: Scizor|Scizor, M|100/100
|turn|33
|
|t:|1642826115
|move|p2a: Landorus|U-turn|p1a: Scizor
|-resisted|p1a: Scizor
|-damage|p1a: Scizor|87/100
|
|t:|1642826117
|switch|p2a: Tornadus|Tornadus-Therian, M|84/100|[from]move: U-turn
|move|p1a: Scizor|Swords Dance|p1a: Scizor
|-boost|p1a: Scizor|atk|2
|
|upkeep
|turn|34
|
|t:|1642826121
|switch|p2a: Landorus|Landorus-Therian, M|82/100
|-ability|p2a: Landorus|Intimidate|boost
|-unboost|p1a: Scizor|atk|1
|move|p1a: Scizor|Bullet Punch|p2a: Landorus
|-damage|p2a: Landorus|18/100
|-damage|p1a: Scizor|77/100|[from] item: Life Orb
|
|-heal|p2a: Landorus|24/100|[from] item: Leftovers
|upkeep
|turn|35
|
|t:|1642826129
|move|p2a: Landorus|Earthquake|p1a: Scizor
|-damage|p1a: Scizor|14/100
|move|p1a: Scizor|Swords Dance|p1a: Scizor
|-boost|p1a: Scizor|atk|2
|
|-heal|p2a: Landorus|30/100|[from] item: Leftovers
|upkeep
|turn|36
|
|t:|1642826134
|move|p1a: Scizor|Bullet Punch|p2a: Landorus
|-damage|p2a: Landorus|0 fnt
|faint|p2a: Landorus
|-damage|p1a: Scizor|4/100|[from] item: Life Orb
|
|upkeep
|
|t:|1642826136
|switch|p2a: Tornadus|Tornadus-Therian, M|100/100
|turn|37
|c|☆Sp0oNl0rD|So the scale shot misses lost the game
|c|☆Sp0oNl0rD|I hate chomp
|c|☆dovesoap2|true
|
|t:|1642826148
|move|p1a: Scizor|Bullet Punch|p2a: Tornadus
|-damage|p2a: Tornadus|0 fnt
|faint|p2a: Tornadus
|-damage|p1a: Scizor|0 fnt|[from] item: Life Orb
|faint|p1a: Scizor
|
|win|dovesoap2
|raw|Sp0oNl0rD's rating: 1727 &rarr; <strong>1705</strong><br />(-22 for losing)
|raw|dovesoap2's rating: 1699 &rarr; <strong>1721</strong><br />(+22 for winning)
|l|☆Sp0oNl0rD
