|j|☆cold.exe
|j|☆Wolkii
|player|p1|cold.exe|red|1548
|player|p2|Wolkii|80|1522
|teamsize|p1|6
|teamsize|p2|6
|gametype|singles
|gen|8
|tier|[Gen 8] OU
|rated|
|clearpoke
|poke|p1|Bisharp, M|
|poke|p1|Cinderace, F|
|poke|p1|Zeraora|
|poke|p1|Diggersby, M|
|poke|p1|Toxapex, M|
|poke|p1|Urshifu, F|
|poke|p2|Grimmsnarl, M|
|poke|p2|Azumarill, F|
|poke|p2|Volcarona, M|
|poke|p2|Terrakion|
|poke|p2|Rillaboom, F|
|poke|p2|Hawlucha, M|
|rule|Sleep Clause Mod: Limit one foe put to sleep
|rule|Species Clause: Limit one of each Pokémon
|rule|OHKO Clause: OHKO moves are banned
|rule|Evasion Moves Clause: Evasion moves are banned
|rule|Endless Battle Clause: Forcing endless battles is banned
|rule|HP Percentage Mod: HP is shown in percentages
|rule|Dynamax Clause: You cannot dynamax
|teampreview
|
|start
|switch|p1a: Toxapex|Toxapex, M|100/100
|switch|p2a: Terrakion|Terrakion|100/100
|turn|1
|
|move|p2a: Terrakion|Taunt|p1a: Toxapex
|-start|p1a: Toxapex|move: Taunt
|move|p1a: Toxapex|Scald|p2a: Terrakion
|-supereffective|p2a: Terrakion
|-damage|p2a: Terrakion|60/100
|
|upkeep
|turn|2
|
|move|p2a: Terrakion|Stealth Rock|p1a: Toxapex
|-sidestart|p1: cold.exe|move: Stealth Rock
|move|p1a: Toxapex|Scald|p2a: Terrakion
|-supereffective|p2a: Terrakion
|-damage|p2a: Terrakion|18/100
|
|upkeep
|turn|3
|
|move|p2a: Terrakion|Rock Tomb|p1a: Toxapex
|-damage|p1a: Toxapex|83/100
|-unboost|p1a: Toxapex|spe|1
|move|p1a: Toxapex|Scald|p2a: Terrakion
|-supereffective|p2a: Terrakion
|-damage|p2a: Terrakion|0 fnt
|faint|p2a: Terrakion
|
|-heal|p1a: Toxapex|89/100|[from] item: Black Sludge
|-end|p1a: Toxapex|move: Taunt
|upkeep
|
|switch|p2a: Rillaboom|Rillaboom, F|100/100
|-fieldstart|move: Grassy Terrain|[from] ability: Grassy Surge|[of] p2a: Rillaboom
|turn|4
|
|move|p2a: Rillaboom|Swords Dance|p2a: Rillaboom
|-boost|p2a: Rillaboom|atk|2
|move|p1a: Toxapex|Knock Off|p2a: Rillaboom
|-damage|p2a: Rillaboom|84/100
|-enditem|p2a: Rillaboom|Life Orb|[from] move: Knock Off|[of] p1a: Toxapex
|
|-heal|p2a: Rillaboom|91/100|[from] Grassy Terrain
|-heal|p1a: Toxapex|95/100|[from] item: Black Sludge
|-heal|p1a: Toxapex|100/100|[from] Grassy Terrain
|upkeep
|turn|5
|
|move|p2a: Rillaboom|High Horsepower|p1a: Toxapex
|-supereffective|p1a: Toxapex
|-damage|p1a: Toxapex|22/100
|move|p1a: Toxapex|Scald|p2a: Rillaboom
|-resisted|p2a: Rillaboom
|-damage|p2a: Rillaboom|79/100
|-status|p2a: Rillaboom|brn
|
|-heal|p2a: Rillaboom|86/100 brn|[from] Grassy Terrain
|-heal|p1a: Toxapex|28/100|[from] item: Black Sludge
|-heal|p1a: Toxapex|35/100|[from] Grassy Terrain
|-damage|p2a: Rillaboom|79/100 brn|[from] brn
|upkeep
|turn|6
|
|move|p2a: Rillaboom|Swords Dance|p2a: Rillaboom
|-boost|p2a: Rillaboom|atk|2
|move|p1a: Toxapex|Haze|p1a: Toxapex
|-clearallboost
|
|-heal|p2a: Rillaboom|86/100 brn|[from] Grassy Terrain
|-heal|p1a: Toxapex|41/100|[from] item: Black Sludge
|-heal|p1a: Toxapex|47/100|[from] Grassy Terrain
|-damage|p2a: Rillaboom|79/100 brn|[from] brn
|upkeep
|turn|7
|
|move|p2a: Rillaboom|High Horsepower|p1a: Toxapex
|-supereffective|p1a: Toxapex
|-damage|p1a: Toxapex|27/100
|move|p1a: Toxapex|Haze|p1a: Toxapex
|-clearallboost
|
|-heal|p2a: Rillaboom|86/100 brn|[from] Grassy Terrain
|-heal|p1a: Toxapex|33/100|[from] item: Black Sludge
|-heal|p1a: Toxapex|39/100|[from] Grassy Terrain
|-damage|p2a: Rillaboom|79/100 brn|[from] brn
|upkeep
|turn|8
|
|move|p2a: Rillaboom|Knock Off|p1a: Toxapex
|-damage|p1a: Toxapex|30/100
|-enditem|p1a: Toxapex|Black Sludge|[from] move: Knock Off|[of] p2a: Rillaboom
|move|p1a: Toxapex|Recover|p1a: Toxapex
|-heal|p1a: Toxapex|80/100
|
|-heal|p2a: Rillaboom|86/100 brn|[from] Grassy Terrain
|-heal|p1a: Toxapex|86/100|[from] Grassy Terrain
|-fieldend|move: Grassy Terrain
|-damage|p2a: Rillaboom|79/100 brn|[from] brn
|upkeep
|turn|9
|
|switch|p2a: Grimmsnarl|Grimmsnarl, M|100/100
|move|p1a: Toxapex|Knock Off|p2a: Grimmsnarl
|-resisted|p2a: Grimmsnarl
|-damage|p2a: Grimmsnarl|97/100
|-enditem|p2a: Grimmsnarl|Light Clay|[from] move: Knock Off|[of] p1a: Toxapex
|
|upkeep
|turn|10
|
|switch|p1a: Cinderace|Cinderace, F|100/100
|move|p2a: Grimmsnarl|Light Screen|p2a: Grimmsnarl
|-sidestart|p2: Wolkii|move: Light Screen
|
|upkeep
|turn|11
|
|move|p1a: Cinderace|Sucker Punch||[still]
|-start|p1a: Cinderace|typechange|Dark|[from] ability: Libero
|-fail|p1a: Cinderace
|move|p2a: Grimmsnarl|Taunt|p1a: Cinderace
|-hint|Since gen 7, Dark is immune to Prankster moves.
|-immune|p1a: Cinderace
|
|upkeep
|turn|12
|
|move|p1a: Cinderace|Court Change|p1a: Cinderace
|-start|p1a: Cinderace|typechange|Normal|[from] ability: Libero
|-sideend|p2: Wolkii|Light Screen|[silent]
|-sidestart|p1: cold.exe|Light Screen|[silent]
|-sideend|p1: cold.exe|Stealth Rock|[silent]
|-sidestart|p2: Wolkii|Stealth Rock|[silent]
|-activate|p1a: Cinderace|move: Court Change
|move|p2a: Grimmsnarl|Spirit Break|p1a: Cinderace
|-damage|p1a: Cinderace|54/100
|-unboost|p1a: Cinderace|spa|1
|
|upkeep
|turn|13
|
|move|p2a: Grimmsnarl|Taunt|p1a: Cinderace
|-start|p1a: Cinderace|move: Taunt
|move|p1a: Cinderace|Gunk Shot|p2a: Grimmsnarl
|-start|p1a: Cinderace|typechange|Poison|[from] ability: Libero
|-supereffective|p2a: Grimmsnarl
|-crit|p2a: Grimmsnarl
|-damage|p2a: Grimmsnarl|0 fnt
|faint|p2a: Grimmsnarl
|
|upkeep
|
|switch|p2a: Rillaboom|Rillaboom, F|79/100 brn
|-damage|p2a: Rillaboom|67/100 brn|[from] Stealth Rock
|-fieldstart|move: Grassy Terrain|[from] ability: Grassy Surge|[of] p2a: Rillaboom
|turn|14
|
|move|p1a: Cinderace|Pyro Ball|p2a: Rillaboom
|-start|p1a: Cinderace|typechange|Fire|[from] ability: Libero
|-supereffective|p2a: Rillaboom
|-damage|p2a: Rillaboom|0 fnt
|faint|p2a: Rillaboom
|
|-heal|p1a: Cinderace|60/100|[from] Grassy Terrain
|-sideend|p1: cold.exe|move: Light Screen
|upkeep
|-message|Wolkii forfeited.
|
|win|cold.exe
|l|☆Wolkii
|raw|cold.exe's rating: 1548 &rarr; <strong>1566</strong><br />(+18 for winning)
|raw|Wolkii's rating: 1522 &rarr; <strong>1504</strong><br />(-18 for losing)
