|raw|<div class="broadcast-blue"><strong>This battle is required to be public due to a player having a name starting with 'lt84jm'.</div>
|j|☆Lenape
|j|☆LT84JM yoyoyoyoyo
|t:|1627671964
|gametype|singles
|player|p1|Lenape|170|1790
|player|p2|LT84JM yoyoyoyoyo|burgh|1887
|teamsize|p1|6
|teamsize|p2|6
|gen|8
|tier|[Gen 8] OU
|rated|
|rule|Sleep Clause Mod: Limit one foe put to sleep
|rule|Species Clause: Limit one of each Pokémon
|rule|OHKO Clause: OHKO moves are banned
|rule|Evasion Moves Clause: Evasion moves are banned
|rule|Endless Battle Clause: Forcing endless battles is banned
|rule|HP Percentage Mod: HP is shown in percentages
|rule|Dynamax Clause: You cannot dynamax
|clearpoke
|poke|p1|Rotom-Heat|
|poke|p1|Corviknight, M|
|poke|p1|Sylveon, F|
|poke|p1|Rhyperior, M|
|poke|p1|Toxapex, F|
|poke|p1|Umbreon, M|
|poke|p2|Archeops, F|
|poke|p2|Cloyster, M|
|poke|p2|Celesteela|
|poke|p2|Garchomp, F|
|poke|p2|Kartana|
|poke|p2|Hydreigon, M|
|teampreview
|j| Nylez
|j| Duragonite
|inactive|Battle timer is ON: inactive players will automatically lose when time's up. (requested by Lenape)
|
|t:|1627671985
|start
|switch|p1a: Rotom|Rotom-Heat|100/100
|switch|p2a: Archeops|Archeops, F|100/100
|turn|1
|
|t:|1627671989
|switch|p1a: Rhyperior|Rhyperior, M|100/100
|move|p2a: Archeops|Stone Edge|p1a: Rhyperior
|-resisted|p1a: Rhyperior
|-damage|p1a: Rhyperior|84/100
|
|-heal|p1a: Rhyperior|90/100|[from] item: Leftovers
|upkeep
|turn|2
|
|t:|1627671996
|move|p2a: Archeops|Stealth Rock|p1a: Rhyperior
|-sidestart|p1: Lenape|move: Stealth Rock
|move|p1a: Rhyperior|Heavy Slam|p2a: Archeops
|-supereffective|p2a: Archeops
|-enditem|p2a: Archeops|Focus Sash
|-damage|p2a: Archeops|1/100
|
|-heal|p1a: Rhyperior|96/100|[from] item: Leftovers
|upkeep
|turn|3
|
|t:|1627672001
|move|p2a: Archeops|Endeavor|p1a: Rhyperior
|-damage|p1a: Rhyperior|1/100
|move|p1a: Rhyperior|Stealth Rock|p2a: Archeops
|-sidestart|p2: LT84JM yoyoyoyoyo|move: Stealth Rock
|
|-heal|p1a: Rhyperior|7/100|[from] item: Leftovers
|upkeep
|turn|4
|
|t:|1627672005
|switch|p1a: Toxapex|Toxapex, F|100/100
|-damage|p1a: Toxapex|88/100|[from] Stealth Rock
|move|p2a: Archeops|Stone Edge|p1a: Toxapex
|-crit|p1a: Toxapex
|-damage|p1a: Toxapex|64/100
|
|-heal|p1a: Toxapex|71/100|[from] item: Black Sludge
|upkeep
|turn|5
|
|t:|1627672008
|move|p1a: Toxapex|Baneful Bunker|p1a: Toxapex
|-singleturn|p1a: Toxapex|move: Protect
|move|p2a: Archeops|Taunt|p1a: Toxapex
|-activate|p1a: Toxapex|move: Protect
|
|-heal|p1a: Toxapex|77/100|[from] item: Black Sludge
|upkeep
|turn|6
|
|t:|1627672011
|move|p2a: Archeops|Endeavor|p1a: Toxapex
|-damage|p1a: Toxapex|1/100
|move|p1a: Toxapex|Scald|p2a: Archeops
|-supereffective|p2a: Archeops
|-damage|p2a: Archeops|0 fnt
|faint|p2a: Archeops
|
|-heal|p1a: Toxapex|7/100|[from] item: Black Sludge
|upkeep
|
|t:|1627672025
|switch|p2a: Cloyster|Cloyster, M|100/100
|-damage|p2a: Cloyster|76/100|[from] Stealth Rock
|turn|7
|
|t:|1627672030
|switch|p1a: Umbreon|Umbreon, M|100/100
|-damage|p1a: Umbreon|88/100|[from] Stealth Rock
|move|p2a: Cloyster|Icicle Spear|p1a: Umbreon
|-damage|p1a: Umbreon|80/100
|-damage|p1a: Umbreon|74/100
|-damage|p1a: Umbreon|66/100
|-damage|p1a: Umbreon|59/100
|-damage|p1a: Umbreon|52/100
|-hitcount|p1a: Umbreon|5
|
|-heal|p1a: Umbreon|58/100|[from] item: Leftovers
|upkeep
|turn|8
|
|t:|1627672035
|move|p2a: Cloyster|Icicle Spear|p1a: Umbreon
|-damage|p1a: Umbreon|50/100
|-damage|p1a: Umbreon|44/100
|-damage|p1a: Umbreon|37/100
|-damage|p1a: Umbreon|30/100
|-damage|p1a: Umbreon|22/100
|-hitcount|p1a: Umbreon|5
|move|p1a: Umbreon|Foul Play|p2a: Cloyster
|-damage|p2a: Cloyster|40/100
|
|-heal|p1a: Umbreon|28/100|[from] item: Leftovers
|upkeep
|turn|9
|
|t:|1627672040
|move|p2a: Cloyster|Icicle Spear|p1a: Umbreon
|-damage|p1a: Umbreon|21/100
|-damage|p1a: Umbreon|13/100
|-damage|p1a: Umbreon|6/100
|-damage|p1a: Umbreon|0 fnt
|faint|p1a: Umbreon
|-hitcount|p1: Umbreon|4
|
|upkeep
|
|t:|1627672043
|switch|p1a: Toxapex|Toxapex, F|40/100
|-damage|p1a: Toxapex|28/100|[from] Stealth Rock
|turn|10
|
|t:|1627672045
|move|p2a: Cloyster|Shell Smash|p2a: Cloyster
|-unboost|p2a: Cloyster|def|1
|-unboost|p2a: Cloyster|spd|1
|-boost|p2a: Cloyster|atk|2
|-boost|p2a: Cloyster|spa|2
|-boost|p2a: Cloyster|spe|2
|move|p1a: Toxapex|Toxic|p2a: Cloyster
|-status|p2a: Cloyster|tox
|
|-heal|p1a: Toxapex|34/100|[from] item: Black Sludge
|-damage|p2a: Cloyster|33/100 tox|[from] psn
|upkeep
|turn|11
|
|t:|1627672049
|move|p1a: Toxapex|Baneful Bunker|p1a: Toxapex
|-singleturn|p1a: Toxapex|move: Protect
|move|p2a: Cloyster|Shell Smash|p2a: Cloyster
|-unboost|p2a: Cloyster|def|1
|-unboost|p2a: Cloyster|spd|1
|-boost|p2a: Cloyster|atk|2
|-boost|p2a: Cloyster|spa|2
|-boost|p2a: Cloyster|spe|2
|
|-heal|p1a: Toxapex|40/100|[from] item: Black Sludge
|-damage|p2a: Cloyster|21/100 tox|[from] psn
|upkeep
|turn|12
|
|t:|1627672052
|switch|p1a: Rhyperior|Rhyperior, M|7/100
|-damage|p1a: Rhyperior|1/100|[from] Stealth Rock
|move|p2a: Cloyster|Icicle Spear|p1a: Rhyperior
|-supereffective|p1a: Rhyperior
|-damage|p1a: Rhyperior|0 fnt
|faint|p1a: Rhyperior
|-hitcount|p1: Rhyperior|1
|
|-damage|p2a: Cloyster|2/100 tox|[from] psn
|upkeep
|
|t:|1627672054
|switch|p1a: Toxapex|Toxapex, F|74/100
|-damage|p1a: Toxapex|61/100|[from] Stealth Rock
|turn|13
|
|t:|1627672058
|switch|p2a: Garchomp|Garchomp, F|100/100
|-damage|p2a: Garchomp|94/100|[from] Stealth Rock
|move|p1a: Toxapex|Baneful Bunker||[still]
|-fail|p1a: Toxapex
|
|-heal|p1a: Toxapex|67/100|[from] item: Black Sludge
|upkeep
|turn|14
|
|t:|1627672066
|switch|p1a: Rotom|Rotom-Heat|100/100
|-damage|p1a: Rotom|75/100|[from] Stealth Rock
|move|p2a: Garchomp|Swords Dance|p2a: Garchomp
|-boost|p2a: Garchomp|atk|2
|
|upkeep
|turn|15
|
|t:|1627672073
|move|p1a: Rotom|Trick|p2a: Garchomp
|-activate|p1a: Rotom|move: Trick|[of] p2a: Garchomp
|-item|p2a: Garchomp|Choice Scarf|[from] move: Trick
|-item|p1a: Rotom|Life Orb|[from] move: Trick
|move|p2a: Garchomp|Scale Shot|p1a: Rotom
|-damage|p1a: Rotom|52/100
|-damage|p1a: Rotom|29/100
|-hitcount|p1a: Rotom|2
|-unboost|p2a: Garchomp|def|1
|-boost|p2a: Garchomp|spe|1
|
|upkeep
|turn|16
|
|t:|1627672086
|switch|p1a: Sylveon|Sylveon, F|100/100
|-damage|p1a: Sylveon|88/100|[from] Stealth Rock
|move|p2a: Garchomp|Scale Shot|p1a: Sylveon
|-immune|p1a: Sylveon
|
|-heal|p1a: Sylveon|94/100|[from] item: Leftovers
|upkeep
|turn|17
|
|t:|1627672090
|switch|p2a: Cloyster|Cloyster, M|2/100 tox
|-damage|p2a: Cloyster|0 fnt|[from] Stealth Rock
|faint|p2a: Cloyster
|move|p1a: Sylveon|Wish|p1a: Sylveon
|
|-heal|p1a: Sylveon|99/100|[from] item: Leftovers
|upkeep
|
|t:|1627672094
|switch|p2a: Celesteela|Celesteela|100/100
|-damage|p2a: Celesteela|88/100|[from] Stealth Rock
|turn|18
|
|t:|1627672100
|switch|p1a: Toxapex|Toxapex, F|100/100
|-damage|p1a: Toxapex|88/100|[from] Stealth Rock
|move|p2a: Celesteela|Autotomize|p2a: Celesteela
|-boost|p2a: Celesteela|spe|2
|-start|p2a: Celesteela|Autotomize
|
|-heal|p1a: Toxapex|100/100|[from] move: Wish|[wisher] Sylveon
|upkeep
|turn|19
|
|t:|1627672105
|move|p2a: Celesteela|Air Slash|p1a: Toxapex
|-damage|p1a: Toxapex|70/100
|move|p1a: Toxapex|Scald|p2a: Celesteela
|-damage|p2a: Celesteela|73/100
|-status|p2a: Celesteela|brn
|
|-heal|p1a: Toxapex|76/100|[from] item: Black Sludge
|-damage|p2a: Celesteela|67/100 brn|[from] brn
|upkeep
|turn|20
|
|t:|1627672112
|switch|p1a: Sylveon|Sylveon, F|99/100
|-damage|p1a: Sylveon|88/100|[from] Stealth Rock
|move|p2a: Celesteela|Air Slash|p1a: Sylveon
|-damage|p1a: Sylveon|67/100
|
|-heal|p1a: Sylveon|73/100|[from] item: Leftovers
|-damage|p2a: Celesteela|61/100 brn|[from] brn
|upkeep
|turn|21
|
|t:|1627672116
|move|p2a: Celesteela|Meteor Beam||[still]
|-prepare|p2a: Celesteela|Meteor Beam
|-boost|p2a: Celesteela|spa|1
|-enditem|p2a: Celesteela|Power Herb
|-anim|p2a: Celesteela|Meteor Beam|p1a: Sylveon
|-damage|p1a: Sylveon|45/100
|move|p1a: Sylveon|Wish|p1a: Sylveon
|
|-heal|p1a: Sylveon|51/100|[from] item: Leftovers
|-damage|p2a: Celesteela|55/100 brn|[from] brn
|upkeep
|turn|22
|
|t:|1627672121
|move|p2a: Celesteela|Air Slash|p1a: Sylveon
|-damage|p1a: Sylveon|23/100
|cant|p1a: Sylveon|flinch
|
|-heal|p1a: Sylveon|73/100|[from] move: Wish|[wisher] Sylveon
|-heal|p1a: Sylveon|79/100|[from] item: Leftovers
|-damage|p2a: Celesteela|49/100 brn|[from] brn
|upkeep
|turn|23
|
|t:|1627672125
|switch|p2a: Kartana|Kartana|100/100
|-damage|p2a: Kartana|94/100|[from] Stealth Rock
|move|p1a: Sylveon|Wish|p1a: Sylveon
|
|-heal|p1a: Sylveon|85/100|[from] item: Leftovers
|upkeep
|turn|24
|
|t:|1627672129
|switch|p1a: Corviknight|Corviknight, M|100/100
|-damage|p1a: Corviknight|88/100|[from] Stealth Rock
|-ability|p1a: Corviknight|Pressure
|move|p2a: Kartana|Swords Dance|p2a: Kartana
|-boost|p2a: Kartana|atk|2
|
|-heal|p1a: Corviknight|100/100|[from] move: Wish|[wisher] Sylveon
|upkeep
|turn|25
|
|t:|1627672132
|move|p2a: Kartana|Swords Dance|p2a: Kartana
|-boost|p2a: Kartana|atk|2
|move|p1a: Corviknight|Brave Bird|p2a: Kartana
|-damage|p2a: Kartana|38/100
|-damage|p1a: Corviknight|85/100|[from] Recoil
|-damage|p1a: Corviknight|75/100|[from] item: Life Orb
|
|upkeep
|turn|26
|
|t:|1627672136
|move|p2a: Kartana|Knock Off|p1a: Corviknight
|-damage|p1a: Corviknight|0 fnt
|-enditem|p1a: Corviknight|Life Orb|[from] move: Knock Off|[of] p2a: Kartana
|faint|p1a: Corviknight
|-ability|p2a: Kartana|Beast Boost|boost
|-boost|p2a: Kartana|atk|1
|-damage|p2a: Kartana|28/100|[from] item: Life Orb
|
|upkeep
|
|t:|1627672139
|switch|p1a: Rotom|Rotom-Heat|29/100
|-damage|p1a: Rotom|4/100|[from] Stealth Rock
|turn|27
|
|t:|1627672142
|move|p2a: Kartana|Leaf Blade|p1a: Rotom
|-resisted|p1a: Rotom
|-damage|p1a: Rotom|0 fnt
|faint|p1a: Rotom
|-ability|p2a: Kartana|Beast Boost|boost
|-boost|p2a: Kartana|atk|1
|-damage|p2a: Kartana|18/100|[from] item: Life Orb
|
|upkeep
|
|t:|1627672144
|switch|p1a: Toxapex|Toxapex, F|100/100
|-damage|p1a: Toxapex|88/100|[from] Stealth Rock
|turn|28
|c|☆Lenape|Same mon as everyone else
|
|t:|1627672158
|move|p2a: Kartana|Leaf Blade|p1a: Toxapex
|-crit|p1a: Toxapex
|-damage|p1a: Toxapex|0 fnt
|faint|p1a: Toxapex
|-damage|p2a: Kartana|8/100|[from] item: Life Orb
|
|upkeep
|
|t:|1627672161
|switch|p1a: Sylveon|Sylveon, F|85/100
|-damage|p1a: Sylveon|73/100|[from] Stealth Rock
|turn|29
|c|☆Lenape|Real original victory
|-message|Lenape forfeited.
|
|win|LT84JM yoyoyoyoyo
|l|☆Lenape
|raw|Lenape's rating: 1790 &rarr; <strong>1775</strong><br />(-15 for losing)
|raw|LT84JM yoyoyoyoyo's rating: 1887 &rarr; <strong>1902</strong><br />(+15 for winning)
|l|☆LT84JM yoyoyoyoyo
|l| Nylez
||Ladder isn't responding, score probably updated but might not have (Request timeout).
