|j|☆Txapos
|j|☆dmt dreams
|inactive|Battle timer is ON: inactive players will automatically lose when time's up.
|t:|1662365221
|gametype|singles
|player|p1|Txapos|biker|
|player|p2|dmt dreams|gambler-gen1|
|teamsize|p1|6
|teamsize|p2|6
|gen|8
|tier|[Gen 8] OU
|rated|Tournament battle
|rule|Sleep Clause Mod: Limit one foe put to sleep
|rule|Species Clause: Limit one of each Pokémon
|rule|OHKO Clause: OHKO moves are banned
|rule|Evasion Items Clause: Evasion items are banned
|rule|Evasion Moves Clause: Evasion moves are banned
|rule|Endless Battle Clause: Forcing endless battles is banned
|rule|HP Percentage Mod: HP is shown in percentages
|rule|Dynamax Clause: You cannot dynamax
|clearpoke
|poke|p1|Tapu Koko|
|poke|p1|Urshifu-*, M|
|poke|p1|Slowking-Galar, M|
|poke|p1|Corviknight, M|
|poke|p1|Landorus-Therian, M|
|poke|p1|Weavile, M|
|poke|p2|Mew|
|poke|p2|Weavile, F|
|poke|p2|Celesteela|
|poke|p2|Crawdaunt, F|
|poke|p2|Garchomp, F|
|poke|p2|Blacephalon|
|teampreview
|inactive|Txapos has 120 seconds left.
|
|t:|1662365256
|start
|switch|p1a: Landorus|Landorus-Therian, M|100/100
|switch|p2a: Crawdaunt|Crawdaunt, F, shiny|100/100
|-ability|p1a: Landorus|Intimidate|boost
|-unboost|p2a: Crawdaunt|atk|1
|turn|1
|
|t:|1662365265
|move|p1a: Landorus|U-turn|p2a: Crawdaunt
|-supereffective|p2a: Crawdaunt
|-damage|p2a: Crawdaunt|34/100
|
|t:|1662365278
|switch|p1a: Urshifu|Urshifu-Rapid-Strike, M|100/100|[from]move: U-turn
|move|p2a: Crawdaunt|Knock Off|p1a: Urshifu
|-resisted|p1a: Urshifu
|-damage|p1a: Urshifu|73/100
|-enditem|p1a: Urshifu|Choice Band|[from] move: Knock Off|[of] p2a: Crawdaunt
|-damage|p2a: Crawdaunt|24/100|[from] item: Life Orb
|
|upkeep
|turn|2
|
|t:|1662365291
|move|p2a: Crawdaunt|Aqua Jet|p1a: Urshifu
|-resisted|p1a: Urshifu
|-damage|p1a: Urshifu|60/100
|-damage|p2a: Crawdaunt|14/100|[from] item: Life Orb
|move|p1a: Urshifu|U-turn|p2a: Crawdaunt
|-supereffective|p2a: Crawdaunt
|-damage|p2a: Crawdaunt|0 fnt
|faint|p2a: Crawdaunt
|
|t:|1662365303
|switch|p1a: Landorus|Landorus-Therian, M|100/100|[from]move: U-turn
|
|upkeep
|j| Yoyolord
|
|t:|1662365330
|switch|p2a: Mew|Mew, shiny|100/100
|turn|3
|
|t:|1662365336
|move|p2a: Mew|Stealth Rock|p1a: Landorus
|-sidestart|p1: Txapos|move: Stealth Rock
|move|p1a: Landorus|U-turn|p2a: Mew
|-supereffective|p2a: Mew
|-damage|p2a: Mew|64/100
|
|t:|1662365348
|switch|p1a: Corviknight|Corviknight, M|100/100|[from]move: U-turn
|-damage|p1a: Corviknight|88/100|[from] Stealth Rock
|-ability|p1a: Corviknight|Pressure
|
|upkeep
|turn|4
|
|t:|1662365359
|move|p2a: Mew|Taunt|p1a: Corviknight
|-start|p1a: Corviknight|move: Taunt
|cant|p1a: Corviknight|move: Taunt|Defog
|
|upkeep
|turn|5
|
|t:|1662365368
|move|p2a: Mew|Will-O-Wisp|p1a: Corviknight
|-status|p1a: Corviknight|brn
|move|p1a: Corviknight|U-turn|p2a: Mew
|-supereffective|p2a: Mew
|-damage|p2a: Mew|53/100
|
|t:|1662365375
|switch|p1a: Weavile|Weavile, M|100/100|[from]move: U-turn
|-ability|p1a: Weavile|Pressure
|
|upkeep
|turn|6
|
|t:|1662365383
|move|p1a: Weavile|Knock Off|p2a: Mew
|-supereffective|p2a: Mew
|-enditem|p2a: Mew|Colbur Berry|[eat]
|-enditem|p2a: Mew|Colbur Berry|[weaken]
|-damage|p2a: Mew|15/100
|move|p2a: Mew|Will-O-Wisp|p1a: Weavile
|-status|p1a: Weavile|brn
|
|-damage|p1a: Weavile|94/100 brn|[from] brn
|upkeep
|turn|7
|
|t:|1662365397
|move|p1a: Weavile|Triple Axel|p2a: Mew
|-damage|p2a: Mew|11/100
|-damage|p2a: Mew|2/100
|-damage|p2a: Mew|0 fnt
|faint|p2a: Mew
|-hitcount|p2: Mew|3
|
|-damage|p1a: Weavile|88/100 brn|[from] brn
|upkeep
|
|t:|1662365409
|switch|p2a: Weavile|Weavile, F, shiny|100/100
|turn|8
|
|t:|1662365425
|move|p1a: Weavile|Knock Off|p2a: Weavile
|-resisted|p2a: Weavile
|-damage|p2a: Weavile|81/100
|-enditem|p2a: Weavile|Life Orb|[from] move: Knock Off|[of] p1a: Weavile
|-enditem|p1a: Weavile|Heavy-Duty Boots|[silent]|[from] ability: Pickpocket|[of] p1a: Weavile
|-item|p2a: Weavile|Heavy-Duty Boots|[from] ability: Pickpocket|[of] p1a: Weavile
|move|p2a: Weavile|Swords Dance|p2a: Weavile
|-boost|p2a: Weavile|atk|2
|
|-damage|p1a: Weavile|82/100 brn|[from] brn
|upkeep
|turn|9
|
|t:|1662365439
|switch|p1a: Urshifu|Urshifu-Rapid-Strike, M|60/100
|-damage|p1a: Urshifu|54/100|[from] Stealth Rock
|move|p2a: Weavile|Swords Dance|p2a: Weavile
|-boost|p2a: Weavile|atk|2
|
|upkeep
|turn|10
|
|t:|1662365454
|move|p2a: Weavile|Triple Axel|p1a: Urshifu
|-resisted|p1a: Urshifu
|-damage|p1a: Urshifu|37/100
|-resisted|p1a: Urshifu
|-damage|p1a: Urshifu|5/100
|-resisted|p1a: Urshifu
|-damage|p1a: Urshifu|0 fnt
|faint|p1a: Urshifu
|-hitcount|p1: Urshifu|3
|
|upkeep
|inactive|Txapos has 120 seconds left.
|l| Yoyolord
|
|t:|1662365490
|switch|p1a: Tapu Koko|Tapu Koko|100/100
|-fieldstart|move: Electric Terrain|[from] ability: Electric Surge|[of] p1a: Tapu Koko
|turn|11
|
|t:|1662365500
|move|p2a: Weavile|Ice Shard|p1a: Tapu Koko
|-damage|p1a: Tapu Koko|9/100
|move|p1a: Tapu Koko|Thunderbolt|p2a: Weavile
|-damage|p2a: Weavile|16/100
|
|upkeep
|turn|12
|c|☆dmt dreams|?
|
|t:|1662365517
|switch|p1a: Weavile|Weavile, M|82/100 brn
|-damage|p1a: Weavile|57/100 brn|[from] Stealth Rock
|-ability|p1a: Weavile|Pressure
|move|p2a: Weavile|Ice Shard|p1a: Weavile
|-resisted|p1a: Weavile
|-damage|p1a: Weavile|3/100 brn
|
|-damage|p1a: Weavile|0 fnt|[from] brn
|faint|p1a: Weavile
|upkeep
|
|t:|1662365530
|switch|p1a: Slowking|Slowking-Galar, M|100/100
|-damage|p1a: Slowking|88/100|[from] Stealth Rock
|turn|13
|
|t:|1662365536
|move|p2a: Weavile|Ice Shard|p1a: Slowking
|-damage|p1a: Slowking|23/100
|move|p1a: Slowking|Flamethrower|p2a: Weavile
|-supereffective|p2a: Weavile
|-damage|p2a: Weavile|0 fnt
|faint|p2a: Weavile
|
|upkeep
|
|t:|1662365540
|switch|p2a: Blacephalon|Blacephalon, shiny|100/100
|turn|14
|inactive|Txapos has 90 seconds left.
|
|t:|1662365587
|move|p2a: Blacephalon|Flamethrower|p1a: Slowking
|-damage|p1a: Slowking|0 fnt
|faint|p1a: Slowking
|-ability|p2a: Blacephalon|Beast Boost|boost
|-boost|p2a: Blacephalon|spa|1
|
|upkeep
|
|t:|1662365597
|switch|p1a: Landorus|Landorus-Therian, M|100/100
|-damage|p1a: Landorus|88/100|[from] Stealth Rock
|-ability|p1a: Landorus|Intimidate|boost
|-unboost|p2a: Blacephalon|atk|1
|turn|15
|
|t:|1662365604
|move|p2a: Blacephalon|Flamethrower|p1a: Landorus
|-damage|p1a: Landorus|24/100
|move|p1a: Landorus|Earthquake|p2a: Blacephalon
|-supereffective|p2a: Blacephalon
|-damage|p2a: Blacephalon|0 fnt
|faint|p2a: Blacephalon
|
|-heal|p1a: Landorus|30/100|[from] item: Leftovers
|-fieldend|move: Electric Terrain
|upkeep
|
|t:|1662365608
|switch|p2a: Celesteela|Celesteela, shiny|100/100
|turn|16
|
|t:|1662365620
|move|p2a: Celesteela|Autotomize|p2a: Celesteela
|-boost|p2a: Celesteela|spe|2
|-start|p2a: Celesteela|Autotomize
|move|p1a: Landorus|U-turn|p2a: Celesteela
|-resisted|p2a: Celesteela
|-damage|p2a: Celesteela|95/100
|
|t:|1662365632
|switch|p1a: Corviknight|Corviknight, M|88/100 brn|[from]move: U-turn
|-damage|p1a: Corviknight|75/100 brn|[from] Stealth Rock
|-ability|p1a: Corviknight|Pressure
|
|-damage|p1a: Corviknight|69/100 brn|[from] brn
|upkeep
|turn|17
|
|t:|1662365640
|move|p2a: Celesteela|Meteor Beam||[still]
|-prepare|p2a: Celesteela|Meteor Beam
|-boost|p2a: Celesteela|spa|1
|-enditem|p2a: Celesteela|Power Herb
|-anim|p2a: Celesteela|Meteor Beam|p1a: Corviknight
|-damage|p1a: Corviknight|14/100 brn
|move|p1a: Corviknight|Defog|p2a: Celesteela
|-unboost|p2a: Celesteela|evasion|1
|-sideend|p1: Txapos|Stealth Rock|[from] move: Defog|[of] p1a: Corviknight
|
|-damage|p1a: Corviknight|8/100 brn|[from] brn
|upkeep
|turn|18
|
|t:|1662365651
|move|p2a: Celesteela|Flamethrower|p1a: Corviknight
|-supereffective|p1a: Corviknight
|-damage|p1a: Corviknight|0 fnt
|faint|p1a: Corviknight
|-ability|p2a: Celesteela|Beast Boost|boost
|-boost|p2a: Celesteela|spa|1
|
|upkeep
|
|t:|1662365663
|switch|p1a: Landorus|Landorus-Therian, M|30/100
|-ability|p1a: Landorus|Intimidate|boost
|-unboost|p2a: Celesteela|atk|1
|turn|19
|c|☆dmt dreams|gg
|c|☆dmt dreams|u bot
|inactive|Txapos has 60 seconds left.
|inactive|Txapos has 30 seconds left.
|inactive|Txapos has 20 seconds left.
|inactive|Txapos has 15 seconds left.
|inactive|Txapos has 10 seconds left.
|inactive|Txapos has 5 seconds left.
|-message|Txapos lost due to inactivity.
|
|win|dmt dreams
|n|☆Txapos|txapos
|n|☆dmt dreams|dmtdreams
