|j|☆ToastSmith
|j|☆vagmak
|t:|1621242775
|gametype|singles
|player|p1|ToastSmith|musician|1807
|player|p2|vagmak|brawly|1776
|teamsize|p1|6
|teamsize|p2|6
|gen|8
|tier|[Gen 8] OU
|rated|
|rule|Sleep Clause Mod: Limit one foe put to sleep
|rule|Species Clause: Limit one of each Pokémon
|rule|OHKO Clause: OHKO moves are banned
|rule|Evasion Moves Clause: Evasion moves are banned
|rule|Endless Battle Clause: Forcing endless battles is banned
|rule|HP Percentage Mod: HP is shown in percentages
|rule|Dynamax Clause: You cannot dynamax
|clearpoke
|poke|p1|Polteageist|
|poke|p1|Turtonator, M|
|poke|p1|Blastoise, M|
|poke|p1|Barbaracle, F|
|poke|p1|Crustle, M|
|poke|p1|Cloyster, F|
|poke|p2|Azumarill, F|
|poke|p2|Garchomp, M|
|poke|p2|Melmetal|
|poke|p2|Latios, M|
|poke|p2|Blaziken, F|
|poke|p2|Bisharp, F|
|teampreview
|inactive|Battle timer is ON: inactive players will automatically lose when time's up. (requested by vagmak)
|j| leldie
|
|t:|1621242787
|start
|switch|p1a: Raphael|Turtonator, M|100/100
|switch|p2a: Latios|Latios, M|100/100
|turn|1
|
|t:|1621242792
|move|p2a: Latios|Draco Meteor|p1a: Raphael
|-supereffective|p1a: Raphael
|-damage|p1a: Raphael|0 fnt
|-unboost|p2a: Latios|spa|2
|faint|p1a: Raphael
|
|upkeep
|
|t:|1621242809
|switch|p1a: Michelangelo|Crustle, M|100/100
|turn|2
|
|t:|1621242817
|switch|p2a: Azumarill|Azumarill, F|100/100
|move|p1a: Michelangelo|Shell Smash|p1a: Michelangelo
|-unboost|p1a: Michelangelo|def|1
|-unboost|p1a: Michelangelo|spd|1
|-boost|p1a: Michelangelo|atk|2
|-boost|p1a: Michelangelo|spa|2
|-boost|p1a: Michelangelo|spe|2
|
|upkeep
|turn|3
|
|t:|1621242826
|move|p1a: Michelangelo|Stone Edge|p2a: Azumarill
|-damage|p2a: Azumarill|3/100
|-enditem|p2a: Azumarill|Sitrus Berry|[eat]
|-heal|p2a: Azumarill|28/100|[from] item: Sitrus Berry
|move|p2a: Azumarill|Liquidation|p1a: Michelangelo
|-supereffective|p1a: Michelangelo
|-ability|p1a: Michelangelo|Sturdy
|-damage|p1a: Michelangelo|1/100
|
|upkeep
|turn|4
|
|t:|1621242837
|move|p2a: Azumarill|Aqua Jet|p1a: Michelangelo
|-supereffective|p1a: Michelangelo
|-damage|p1a: Michelangelo|0 fnt
|faint|p1a: Michelangelo
|
|upkeep
|j| CoronavirusEUW
|
|t:|1621242842
|switch|p1a: Donatello|Cloyster, F|100/100
|turn|5
|
|t:|1621242859
|move|p1a: Donatello|Shell Smash|p1a: Donatello
|-unboost|p1a: Donatello|def|1
|-unboost|p1a: Donatello|spd|1
|-boost|p1a: Donatello|atk|2
|-boost|p1a: Donatello|spa|2
|-boost|p1a: Donatello|spe|2
|move|p2a: Azumarill|Play Rough|p1a: Donatello|[miss]
|-miss|p2a: Azumarill|p1a: Donatello
|
|upkeep
|turn|6
|
|t:|1621242869
|move|p2a: Azumarill|Aqua Jet|p1a: Donatello
|-resisted|p1a: Donatello
|-damage|p1a: Donatello|84/100
|move|p1a: Donatello|Icicle Spear|p2a: Azumarill
|-resisted|p2a: Azumarill
|-damage|p2a: Azumarill|18/100
|-resisted|p2a: Azumarill
|-damage|p2a: Azumarill|8/100
|-resisted|p2a: Azumarill
|-damage|p2a: Azumarill|0 fnt
|faint|p2a: Azumarill
|-hitcount|p2: Azumarill|3
|
|upkeep
|
|t:|1621242879
|switch|p2a: Melmetal|Melmetal|100/100
|turn|7
|
|t:|1621242882
|move|p1a: Donatello|Liquidation|p2a: Melmetal
|-damage|p2a: Melmetal|55/100
|move|p2a: Melmetal|Double Iron Bash|p1a: Donatello
|-damage|p1a: Donatello|27/100
|-crit|p1a: Donatello
|-damage|p1a: Donatello|0 fnt
|faint|p1a: Donatello
|-hitcount|p1: Donatello|2
|
|upkeep
|
|t:|1621242886
|switch|p1a: Leonardo|Blastoise, M|100/100
|turn|8
|
|t:|1621242892
|move|p1a: Leonardo|Shell Smash|p1a: Leonardo
|-unboost|p1a: Leonardo|def|1
|-unboost|p1a: Leonardo|spd|1
|-boost|p1a: Leonardo|atk|2
|-boost|p1a: Leonardo|spa|2
|-boost|p1a: Leonardo|spe|2
|-enditem|p1a: Leonardo|White Herb
|-clearnegativeboost|p1a: Leonardo|[silent]
|move|p2a: Melmetal|Thunder Punch|p1a: Leonardo
|-supereffective|p1a: Leonardo
|-damage|p1a: Leonardo|13/100
|
|upkeep
|turn|9
|j| DittoTang
|
|t:|1621242902
|move|p1a: Leonardo|Surf|p2a: Melmetal
|-damage|p2a: Melmetal|0 fnt
|faint|p2a: Melmetal
|
|upkeep
|
|t:|1621242908
|switch|p2a: Bisharp|Bisharp, F|100/100
|turn|10
|
|t:|1621242911
|move|p2a: Bisharp|Sucker Punch||[still]
|-fail|p2a: Bisharp
|move|p1a: Leonardo|Shell Smash|p1a: Leonardo
|-unboost|p1a: Leonardo|def|1
|-unboost|p1a: Leonardo|spd|1
|-boost|p1a: Leonardo|atk|2
|-boost|p1a: Leonardo|spa|2
|-boost|p1a: Leonardo|spe|2
|
|upkeep
|turn|11
|
|t:|1621242919
|move|p2a: Bisharp|Sucker Punch||[still]
|-fail|p2a: Bisharp
|move|p1a: Leonardo|Shell Smash|p1a: Leonardo
|-unboost|p1a: Leonardo|def|1
|-unboost|p1a: Leonardo|spd|1
|-boost|p1a: Leonardo|atk|2
|-boost|p1a: Leonardo|spa|2
|-boost|p1a: Leonardo|spe|2
|
|upkeep
|turn|12
|
|t:|1621242926
|move|p2a: Bisharp|Sucker Punch||[still]
|-fail|p2a: Bisharp
|move|p1a: Leonardo|Shell Smash|p1a: Leonardo
|-unboost|p1a: Leonardo|def|1
|-unboost|p1a: Leonardo|spd|1
|-boost|p1a: Leonardo|atk|0
|-boost|p1a: Leonardo|spa|0
|-boost|p1a: Leonardo|spe|0
|
|upkeep
|turn|13
|j| tsi tsi tsi
|
|t:|1621242934
|move|p1a: Leonardo|Shell Smash|p1a: Leonardo
|-unboost|p1a: Leonardo|def|1
|-unboost|p1a: Leonardo|spd|1
|-boost|p1a: Leonardo|atk|0
|-boost|p1a: Leonardo|spa|0
|-boost|p1a: Leonardo|spe|0
|move|p2a: Bisharp|Knock Off|p1a: Leonardo
|-damage|p1a: Leonardo|0 fnt
|faint|p1a: Leonardo
|-damage|p2a: Bisharp|91/100|[from] item: Life Orb
|
|upkeep
|
|t:|1621242937
|switch|p1a: Shredder|Barbaracle, F|100/100
|turn|14
|j| ffjxgjjgxjgjg
|
|t:|1621242948
|move|p1a: Shredder|Liquidation|p2a: Bisharp
|-damage|p2a: Bisharp|31/100
|-unboost|p2a: Bisharp|def|1
|-ability|p2a: Bisharp|Defiant
|-boost|p2a: Bisharp|atk|2
|move|p2a: Bisharp|Knock Off|p1a: Shredder
|-enditem|p1a: Shredder|Focus Sash
|-damage|p1a: Shredder|1/100
|-damage|p2a: Bisharp|21/100|[from] item: Life Orb
|
|upkeep
|turn|15
|
|t:|1621242960
|move|p2a: Bisharp|Sucker Punch|p1a: Shredder
|-damage|p1a: Shredder|0 fnt
|faint|p1a: Shredder
|-damage|p2a: Bisharp|11/100|[from] item: Life Orb
|
|upkeep
|
|t:|1621242963
|switch|p1a: Splinter|Polteageist|100/100
|turn|16
|
|t:|1621242968
|move|p1a: Splinter|Shell Smash|p1a: Splinter
|-unboost|p1a: Splinter|def|1
|-unboost|p1a: Splinter|spd|1
|-boost|p1a: Splinter|atk|2
|-boost|p1a: Splinter|spa|2
|-boost|p1a: Splinter|spe|2
|move|p2a: Bisharp|Knock Off|p1a: Splinter
|-supereffective|p1a: Splinter
|-enditem|p1a: Splinter|Focus Sash
|-damage|p1a: Splinter|1/100
|-damage|p2a: Bisharp|1/100|[from] item: Life Orb
|
|upkeep
|turn|17
|j| Xephix
|
|t:|1621242979
|move|p2a: Bisharp|Sucker Punch|p1a: Splinter
|-supereffective|p1a: Splinter
|-damage|p1a: Splinter|0 fnt
|faint|p1a: Splinter
|-damage|p2a: Bisharp|0 fnt|[from] item: Life Orb
|faint|p2a: Bisharp
|
|win|vagmak
|raw|ToastSmith's rating: 1807 &rarr; <strong>1785</strong><br />(-22 for losing)
|raw|vagmak's rating: 1776 &rarr; <strong>1798</strong><br />(+22 for winning)
|l|☆ToastSmith
|l| leldie
|l|☆vagmak
