|j|☆iFives
|j|☆Shooot
|t:|1664144072
|gametype|singles
|player|p1|iFives|drayden|1515
|player|p2|Shooot|lucas|1543
|teamsize|p1|6
|teamsize|p2|6
|gen|8
|tier|[Gen 8] OU
|rated|
|rule|Sleep Clause Mod: Limit one foe put to sleep
|rule|Species Clause: Limit one of each Pokémon
|rule|OHKO Clause: OHKO moves are banned
|rule|Evasion Items Clause: Evasion items are banned
|rule|Evasion Moves Clause: Evasion moves are banned
|rule|Endless Battle Clause: Forcing endless battles is banned
|rule|HP Percentage Mod: HP is shown in percentages
|rule|Dynamax Clause: You cannot dynamax
|clearpoke
|poke|p1|Golurk|
|poke|p1|Mandibuzz, F|
|poke|p1|Buzzwole|
|poke|p1|Heatran, F|
|poke|p1|Dragapult, M|
|poke|p1|Slowking-Galar, M|
|poke|p2|Bisharp, F|
|poke|p2|Dragapult, F|
|poke|p2|Ninetales-Alola, M|
|poke|p2|Blaziken, F|
|poke|p2|Garchomp, F|
|poke|p2|Melmetal|
|teampreview
|
|t:|1664144093
|start
|switch|p1a: Thuggapult|Dragapult, M|100/100
|switch|p2a: Bisharp|Bisharp, F|100/100
|turn|1
|j| jovel
|inactive|Battle timer is ON: inactive players will automatically lose when time's up. (requested by iFives)
|
|t:|1664144109
|switch|p1a: Minajibuzz|Mandibuzz, F|100/100
|move|p2a: Bisharp|Knock Off|p1a: Minajibuzz
|-resisted|p1a: Minajibuzz
|-damage|p1a: Minajibuzz|84/100
|-enditem|p1a: Minajibuzz|Heavy-Duty Boots|[from] move: Knock Off|[of] p2a: Bisharp
|
|upkeep
|turn|2
|
|t:|1664144118
|move|p2a: Bisharp|Stealth Rock|p1a: Minajibuzz
|-sidestart|p1: iFives|move: Stealth Rock
|move|p1a: Minajibuzz|U-turn|p2a: Bisharp
|-damage|p2a: Bisharp|87/100
|
|t:|1664144124
|switch|p1a: Vilgax|Buzzwole|100/100|[from]move: U-turn
|-damage|p1a: Vilgax|88/100|[from] Stealth Rock
|
|upkeep
|turn|3
|
|t:|1664144140
|switch|p2a: Ninetales|Ninetales-Alola, M, shiny|100/100
|-weather|Hail|[from] ability: Snow Warning|[of] p2a: Ninetales
|move|p1a: Vilgax|Earthquake|p2a: Ninetales
|-damage|p2a: Ninetales|55/100
|
|-weather|Hail|[upkeep]
|-damage|p1a: Vilgax|82/100|[from] Hail
|upkeep
|turn|4
|
|t:|1664144148
|move|p1a: Vilgax|Earthquake|p2a: Ninetales
|-crit|p2a: Ninetales
|-damage|p2a: Ninetales|0 fnt
|faint|p2a: Ninetales
|-ability|p1a: Vilgax|Beast Boost|boost
|-boost|p1a: Vilgax|atk|1
|
|-weather|Hail|[upkeep]
|-damage|p1a: Vilgax|76/100|[from] Hail
|upkeep
|
|t:|1664144167
|switch|p2a: Melmetal|Melmetal|100/100
|turn|5
|
|t:|1664144171
|move|p1a: Vilgax|Earthquake|p2a: Melmetal
|-supereffective|p2a: Melmetal
|-damage|p2a: Melmetal|37/100
|move|p2a: Melmetal|Double Iron Bash|p1a: Vilgax
|-damage|p1a: Vilgax|46/100
|-damage|p1a: Vilgax|11/100
|-hitcount|p1a: Vilgax|2
|
|-weather|Hail|[upkeep]
|-damage|p1a: Vilgax|5/100|[from] Hail
|-damage|p2a: Melmetal|31/100|[from] Hail
|upkeep
|turn|6
|
|t:|1664144182
|move|p1a: Vilgax|Earthquake|p2a: Melmetal
|-supereffective|p2a: Melmetal
|-damage|p2a: Melmetal|0 fnt
|faint|p2a: Melmetal
|-ability|p1a: Vilgax|Beast Boost|boost
|-boost|p1a: Vilgax|atk|1
|
|-weather|Hail|[upkeep]
|-damage|p1a: Vilgax|0 fnt|[from] Hail
|faint|p1a: Vilgax
|upkeep
|
|t:|1664144191
|switch|p1a: Thuggapult|Dragapult, M|100/100
|switch|p2a: Garchomp|Garchomp, F|100/100
|-damage|p1a: Thuggapult|88/100|[from] Stealth Rock
|turn|7
|
|t:|1664144196
|switch|p2a: Bisharp|Bisharp, F|87/100
|move|p1a: Thuggapult|Draco Meteor|p2a: Bisharp
|-resisted|p2a: Bisharp
|-damage|p2a: Bisharp|16/100
|-unboost|p1a: Thuggapult|spa|2
|
|-weather|none
|upkeep
|turn|8
|
|t:|1664144204
|switch|p1a: EST Geetran|Heatran, F|100/100
|-damage|p1a: EST Geetran|88/100|[from] Stealth Rock
|-item|p1a: EST Geetran|Air Balloon
|move|p2a: Bisharp|Iron Head|p1a: EST Geetran
|-resisted|p1a: EST Geetran
|-damage|p1a: EST Geetran|79/100
|-enditem|p1a: EST Geetran|Air Balloon
|
|upkeep
|turn|9
|
|t:|1664144207
|move|p2a: Bisharp|Knock Off|p1a: EST Geetran
|-damage|p1a: EST Geetran|46/100
|move|p1a: EST Geetran|Earth Power|p2a: Bisharp
|-supereffective|p2a: Bisharp
|-damage|p2a: Bisharp|0 fnt
|faint|p2a: Bisharp
|
|upkeep
|
|t:|1664144212
|switch|p2a: Garchomp|Garchomp, F|100/100
|turn|10
|
|t:|1664144218
|move|p2a: Garchomp|Swords Dance|p2a: Garchomp
|-boost|p2a: Garchomp|atk|2
|move|p1a: EST Geetran|Earth Power|p2a: Garchomp
|-damage|p2a: Garchomp|71/100
|
|upkeep
|turn|11
|
|t:|1664144226
|move|p2a: Garchomp|Scale Shot|p1a: EST Geetran
|-resisted|p1a: EST Geetran
|-damage|p1a: EST Geetran|36/100
|-resisted|p1a: EST Geetran
|-damage|p1a: EST Geetran|25/100
|-resisted|p1a: EST Geetran
|-damage|p1a: EST Geetran|13/100
|-resisted|p1a: EST Geetran
|-damage|p1a: EST Geetran|2/100
|-resisted|p1a: EST Geetran
|-damage|p1a: EST Geetran|0 fnt
|faint|p1a: EST Geetran
|-hitcount|p1: EST Geetran|5
|-unboost|p2a: Garchomp|def|1
|-boost|p2a: Garchomp|spe|1
|
|upkeep
|
|t:|1664144233
|switch|p1a: Minajibuzz|Mandibuzz, F|84/100
|-damage|p1a: Minajibuzz|59/100|[from] Stealth Rock
|turn|12
|
|t:|1664144241
|move|p2a: Garchomp|Scale Shot|p1a: Minajibuzz|[miss]
|-miss|p2a: Garchomp|p1a: Minajibuzz
|move|p1a: Minajibuzz|Foul Play|p2a: Garchomp
|-damage|p2a: Garchomp|0 fnt
|-damage|p1a: Minajibuzz|47/100|[from] ability: Rough Skin|[of] p2a: Garchomp
|faint|p2a: Garchomp
|
|upkeep
|
|t:|1664144247
|switch|p2a: Blaziken|Blaziken, F|100/100
|turn|13
|
|t:|1664144254
|move|p2a: Blaziken|Swords Dance|p2a: Blaziken
|-boost|p2a: Blaziken|atk|2
|move|p1a: Minajibuzz|Foul Play|p2a: Blaziken
|-resisted|p2a: Blaziken
|-damage|p2a: Blaziken|20/100
|
|-heal|p2a: Blaziken|26/100|[from] item: Leftovers
|-ability|p2a: Blaziken|Speed Boost|boost
|-boost|p2a: Blaziken|spe|1
|upkeep
|turn|14
|
|t:|1664144262
|move|p2a: Blaziken|Thunder Punch|p1a: Minajibuzz
|-supereffective|p1a: Minajibuzz
|-damage|p1a: Minajibuzz|0 fnt
|faint|p1a: Minajibuzz
|
|-heal|p2a: Blaziken|32/100|[from] item: Leftovers
|-ability|p2a: Blaziken|Speed Boost|boost
|-boost|p2a: Blaziken|spe|1
|upkeep
|
|t:|1664144264
|switch|p1a: Dil Lurk|Golurk|100/100
|-damage|p1a: Dil Lurk|95/100|[from] Stealth Rock
|turn|15
|
|t:|1664144272
|move|p2a: Blaziken|Flare Blitz|p1a: Dil Lurk
|-damage|p1a: Dil Lurk|0 fnt
|faint|p1a: Dil Lurk
|-damage|p2a: Blaziken|0 fnt|[from] Recoil
|faint|p2a: Blaziken
|
|upkeep
|
|t:|1664144278
|switch|p2a: Dragapult|Dragapult, F|100/100
|switch|p1a: Pluto|Slowking-Galar, M|100/100
|-damage|p1a: Pluto|88/100|[from] Stealth Rock
|turn|16
|
|t:|1664144282
|move|p2a: Dragapult|Dragon Dance|p2a: Dragapult
|-boost|p2a: Dragapult|atk|1
|-boost|p2a: Dragapult|spe|1
|move|p1a: Pluto|Ice Beam|p2a: Dragapult
|-supereffective|p2a: Dragapult
|-crit|p2a: Dragapult
|-damage|p2a: Dragapult|6/100
|-enditem|p2a: Dragapult|Weakness Policy
|-boost|p2a: Dragapult|atk|2|[from] item: Weakness Policy
|-boost|p2a: Dragapult|spa|2|[from] item: Weakness Policy
|
|upkeep
|turn|17
|
|t:|1664144290
|move|p2a: Dragapult|Dragon Darts|p1a: Pluto
|-damage|p1a: Pluto|22/100
|-anim|p2a: Dragapult|Dragon Darts|p1a: Pluto
|-damage|p1a: Pluto|0 fnt
|faint|p1a: Pluto
|
|upkeep
|c|☆iFives|nice set
|c|☆iFives|gg
|
|t:|1664144295
|switch|p1a: Thuggapult|Dragapult, M|88/100
|-damage|p1a: Thuggapult|76/100|[from] Stealth Rock
|turn|18
|c|☆Shooot|gg
|c| jovel|gg
|
|t:|1664144299
|move|p2a: Dragapult|Dragon Darts|p1a: Thuggapult
|-supereffective|p1a: Thuggapult
|-damage|p1a: Thuggapult|0 fnt
|faint|p1a: Thuggapult
|
|win|Shooot
|raw|iFives's rating: 1515 &rarr; <strong>1498</strong><br />(-17 for losing)
|raw|Shooot's rating: 1564 &rarr; <strong>1581</strong><br />(+17 for winning)
|l|☆iFives
