|j|☆Contorted Lies
|j|☆Kikinou_Spark
|t:|1606413003
|player|p1|Contorted Lies|101|1947
|player|p2|Kikinou_Spark|248|1784
|teamsize|p1|6
|teamsize|p2|6
|gametype|singles
|gen|8
|tier|[Gen 8] OU
|rated|
|clearpoke
|poke|p1|Weavile, M|
|poke|p1|Urshifu-*, M|
|poke|p1|Magearna|
|poke|p1|Moltres|
|poke|p1|Hippowdon, M|
|poke|p1|Toxapex, F|
|poke|p2|Landorus-Therian, M|
|poke|p2|Blissey, F|
|poke|p2|Melmetal|
|poke|p2|Spectrier|
|poke|p2|Rillaboom, F|
|poke|p2|Hawlucha, M|
|rule|Sleep Clause Mod: Limit one foe put to sleep
|rule|Species Clause: Limit one of each Pokémon
|rule|OHKO Clause: OHKO moves are banned
|rule|Evasion Moves Clause: Evasion moves are banned
|rule|Endless Battle Clause: Forcing endless battles is banned
|rule|HP Percentage Mod: HP is shown in percentages
|rule|Dynamax Clause: You cannot dynamax
|teampreview
|c|☆Kikinou_Spark|hf
|
|t:|1606413027
|start
|switch|p1a: Urshifu|Urshifu, M|100/100
|switch|p2a: La|Rillaboom, F|100/100
|-fieldstart|move: Grassy Terrain|[from] ability: Grassy Surge|[of] p2a: La
|turn|1
|
|t:|1606413035
|move|p2a: La|U-turn|p1a: Urshifu
|-damage|p1a: Urshifu|76/100
|
|t:|1606413041
|switch|p2a: Oh|Landorus-Therian, M|100/100|[from]move: U-turn
|-ability|p2a: Oh|Intimidate|boost
|-unboost|p1a: Urshifu|atk|1
|move|p1a: Urshifu|Wicked Blow|p2a: Oh
|-crit|p2a: Oh
|-damage|p2a: Oh|32/100
|-damage|p1a: Urshifu|60/100|[from] item: Rocky Helmet|[of] p2a: Oh
|
|-heal|p1a: Urshifu|66/100|[from] Grassy Terrain
|upkeep
|turn|2
|
|t:|1606413052
|move|p1a: Urshifu|Wicked Blow|p2a: Oh
|-crit|p2a: Oh
|-damage|p2a: Oh|0 fnt
|-damage|p1a: Urshifu|49/100|[from] item: Rocky Helmet|[of] p2a: Oh
|faint|p2a: Oh
|
|-heal|p1a: Urshifu|56/100|[from] Grassy Terrain
|upkeep
|
|t:|1606413055
|switch|p2a: La|Rillaboom, F|100/100
|turn|3
|
|t:|1606413060
|switch|p1a: Toxapex|Toxapex, F|100/100
|move|p2a: La|U-turn|p1a: Toxapex
|-resisted|p1a: Toxapex
|-damage|p1a: Toxapex|93/100
|j| ILikeTheDonald
|
|t:|1606413066
|switch|p2a: Youpi|Melmetal|100/100|[from]move: U-turn
|
|-heal|p1a: Toxapex|99/100|[from] item: Black Sludge
|-heal|p1a: Toxapex|100/100|[from] Grassy Terrain
|upkeep
|turn|4
|j| TomsAssCancer
|
|t:|1606413075
|move|p1a: Toxapex|Toxic Spikes|p2a: Youpi
|-sidestart|p2: Kikinou_Spark|move: Toxic Spikes
|move|p2a: Youpi|Double Iron Bash|p1a: Toxapex
|-resisted|p1a: Toxapex
|-damage|p1a: Toxapex|81/100
|-resisted|p1a: Toxapex
|-damage|p1a: Toxapex|59/100
|-hitcount|p1a: Toxapex|2
|
|-heal|p1a: Toxapex|66/100|[from] item: Black Sludge
|-heal|p1a: Toxapex|72/100|[from] Grassy Terrain
|upkeep
|turn|5
|
|t:|1606413084
|switch|p2a: Dansons|Spectrier|100/100
|-status|p2a: Dansons|psn
|move|p1a: Toxapex|Scald|p2a: Dansons
|-damage|p2a: Dansons|81/100 psn
|
|-heal|p2a: Dansons|87/100 psn|[from] Grassy Terrain
|-heal|p1a: Toxapex|78/100|[from] item: Black Sludge
|-heal|p1a: Toxapex|84/100|[from] Grassy Terrain
|-fieldend|move: Grassy Terrain
|-damage|p2a: Dansons|75/100 psn|[from] psn
|upkeep
|turn|6
|
|t:|1606413092
|move|p2a: Dansons|Shadow Ball|p1a: Toxapex
|-damage|p1a: Toxapex|25/100
|move|p1a: Toxapex|Knock Off|p2a: Dansons
|-supereffective|p2a: Dansons
|-damage|p2a: Dansons|27/100 psn
|-enditem|p2a: Dansons|Choice Specs|[from] move: Knock Off|[of] p1a: Toxapex
|
|-heal|p1a: Toxapex|31/100|[from] item: Black Sludge
|-damage|p2a: Dansons|15/100 psn|[from] psn
|upkeep
|turn|7
|
|t:|1606413099
|switch|p1a: Hippowdon|Hippowdon, M|100/100
|-weather|Sandstorm|[from] ability: Sand Stream|[of] p1a: Hippowdon
|move|p2a: Dansons|Shadow Ball|p1a: Hippowdon
|-damage|p1a: Hippowdon|70/100
|
|-weather|Sandstorm|[upkeep]
|-damage|p2a: Dansons|8/100 psn|[from] Sandstorm
|-heal|p1a: Hippowdon|76/100|[from] item: Leftovers
|-damage|p2a: Dansons|0 fnt|[from] psn
|faint|p2a: Dansons
|upkeep
|
|t:|1606413102
|switch|p2a: La|Rillaboom, F|100/100
|-status|p2a: La|psn
|-fieldstart|move: Grassy Terrain|[from] ability: Grassy Surge|[of] p2a: La
|turn|8
|
|t:|1606413109
|switch|p1a: Moltres|Moltres|100/100
|move|p2a: La|Wood Hammer|p1a: Moltres
|-resisted|p1a: Moltres
|-damage|p1a: Moltres|87/100
|-damage|p2a: La|96/100 psn|[from] Recoil
|
|-weather|Sandstorm|[upkeep]
|-damage|p2a: La|89/100 psn|[from] Sandstorm
|-damage|p1a: Moltres|81/100|[from] Sandstorm
|-heal|p2a: La|96/100 psn|[from] Grassy Terrain
|-damage|p2a: La|83/100 psn|[from] psn
|upkeep
|turn|9
|
|t:|1606413113
|switch|p2a: Oui|Blissey, F|100/100
|move|p1a: Moltres|Roost|p1a: Moltres
|-heal|p1a: Moltres|100/100
|-singleturn|p1a: Moltres|move: Roost
|
|-weather|Sandstorm|[upkeep]
|-damage|p1a: Moltres|94/100|[from] Sandstorm
|-damage|p2a: Oui|94/100|[from] Sandstorm
|-heal|p1a: Moltres|100/100|[from] Grassy Terrain
|-heal|p2a: Oui|100/100|[from] Grassy Terrain
|upkeep
|turn|10
|
|t:|1606413119
|switch|p1a: Hippowdon|Hippowdon, M|76/100
|move|p2a: Oui|Toxic|p1a: Hippowdon
|-status|p1a: Hippowdon|tox
|
|-weather|Sandstorm|[upkeep]
|-damage|p2a: Oui|94/100|[from] Sandstorm
|-heal|p2a: Oui|100/100|[from] Grassy Terrain
|-heal|p1a: Hippowdon|82/100 tox|[from] item: Leftovers
|-heal|p1a: Hippowdon|88/100 tox|[from] Grassy Terrain
|-damage|p1a: Hippowdon|82/100 tox|[from] psn
|upkeep
|turn|11
|j| Vessev
|j| Fart Stinky
|
|t:|1606413133
|move|p2a: Oui|Seismic Toss|p1a: Hippowdon
|-damage|p1a: Hippowdon|58/100 tox
|move|p1a: Hippowdon|Stealth Rock|p2a: Oui
|-sidestart|p2: Kikinou_Spark|move: Stealth Rock
|
|-weather|none
|-heal|p1a: Hippowdon|65/100 tox|[from] item: Leftovers
|-heal|p1a: Hippowdon|71/100 tox|[from] Grassy Terrain
|-damage|p1a: Hippowdon|58/100 tox|[from] psn
|upkeep
|turn|12
|j| Windows 98 SE
|
|t:|1606413140
|switch|p1a: Toxapex|Toxapex, F|64/100
|move|p2a: Oui|Teleport|p2a: Oui
|
|t:|1606413144
|switch|p2a: Youpi|Melmetal|100/100|[from]move: Teleport
|-damage|p2a: Youpi|94/100|[from] Stealth Rock
|
|-heal|p1a: Toxapex|71/100|[from] item: Black Sludge
|-heal|p1a: Toxapex|77/100|[from] Grassy Terrain
|-heal|p2a: Youpi|100/100|[from] Grassy Terrain
|-fieldend|move: Grassy Terrain
|upkeep
|turn|13
|
|t:|1606413162
|switch|p1a: Hippowdon|Hippowdon, M|58/100 tox
|-weather|Sandstorm|[from] ability: Sand Stream|[of] p1a: Hippowdon
|move|p2a: Youpi|Thunder Punch|p1a: Hippowdon
|-immune|p1a: Hippowdon
|
|-weather|Sandstorm|[upkeep]
|-heal|p1a: Hippowdon|65/100 tox|[from] item: Leftovers
|-damage|p1a: Hippowdon|58/100 tox|[from] psn
|upkeep
|turn|14
|
|t:|1606413167
|switch|p2a: La|Rillaboom, F|83/100 psn
|-damage|p2a: La|71/100 psn|[from] Stealth Rock
|-fieldstart|move: Grassy Terrain|[from] ability: Grassy Surge|[of] p2a: La
|move|p1a: Hippowdon|Toxic||[still]
|-fail|p1a: Hippowdon
|
|-weather|Sandstorm|[upkeep]
|-damage|p2a: La|65/100 psn|[from] Sandstorm
|-heal|p2a: La|71/100 psn|[from] Grassy Terrain
|-heal|p1a: Hippowdon|65/100 tox|[from] item: Leftovers
|-heal|p1a: Hippowdon|71/100 tox|[from] Grassy Terrain
|-damage|p2a: La|59/100 psn|[from] psn
|-damage|p1a: Hippowdon|58/100 tox|[from] psn
|upkeep
|turn|15
|j| GroudonRockpolish
|
|t:|1606413176
|move|p2a: La|U-turn|p1a: Hippowdon
|-damage|p1a: Hippowdon|41/100 tox
|
|t:|1606413178
|switch|p2a: Oui|Blissey, F|100/100|[from]move: U-turn
|move|p1a: Hippowdon|Toxic|p2a: Oui
|-status|p2a: Oui|tox
|
|-weather|Sandstorm|[upkeep]
|-damage|p2a: Oui|94/100 tox|[from] Sandstorm
|-heal|p2a: Oui|100/100 tox|[from] Grassy Terrain
|-heal|p1a: Hippowdon|48/100 tox|[from] item: Leftovers
|-heal|p1a: Hippowdon|54/100 tox|[from] Grassy Terrain
|-damage|p2a: Oui|94/100 tox|[from] psn
|-damage|p1a: Hippowdon|35/100 tox|[from] psn
|upkeep
|turn|16
|j| blessed days
|
|t:|1606413185
|switch|p1a: Magearna|Magearna|100/100
|move|p2a: Oui|Seismic Toss|p1a: Magearna
|-damage|p1a: Magearna|67/100
|
|-weather|Sandstorm|[upkeep]
|-damage|p2a: Oui|88/100 tox|[from] Sandstorm
|-heal|p1a: Magearna|73/100|[from] Grassy Terrain
|-heal|p2a: Oui|94/100 tox|[from] Grassy Terrain
|-damage|p2a: Oui|82/100 tox|[from] psn
|upkeep
|turn|17
|
|t:|1606413190
|move|p1a: Magearna|Volt Switch|p2a: Oui
|-crit|p2a: Oui
|-damage|p2a: Oui|60/100 tox
|j| YouInDaWongHood
|
|t:|1606413207
|switch|p1a: Moltres|Moltres|100/100|[from]move: Volt Switch
|move|p2a: Oui|Seismic Toss|p1a: Moltres
|-damage|p1a: Moltres|74/100
|
|-weather|none
|-heal|p2a: Oui|66/100 tox|[from] Grassy Terrain
|-damage|p2a: Oui|48/100 tox|[from] psn
|upkeep
|turn|18
|
|t:|1606413213
|switch|p1a: Magearna|Magearna|73/100
|move|p2a: Oui|Soft-Boiled|p2a: Oui
|-heal|p2a: Oui|98/100 tox
|
|-heal|p1a: Magearna|79/100|[from] Grassy Terrain
|-heal|p2a: Oui|100/100 tox|[from] Grassy Terrain
|-fieldend|move: Grassy Terrain
|-damage|p2a: Oui|76/100 tox|[from] psn
|upkeep
|turn|19
|
|t:|1606413227
|move|p1a: Magearna|Fleur Cannon|p2a: Oui
|-damage|p2a: Oui|36/100 tox
|-unboost|p1a: Magearna|spa|2
|move|p2a: Oui|Teleport|p2a: Oui
|
|t:|1606413232
|switch|p2a: Youpi|Melmetal|100/100|[from]move: Teleport
|-damage|p2a: Youpi|94/100|[from] Stealth Rock
|
|upkeep
|turn|20
|
|t:|1606413239
|switch|p1a: Hippowdon|Hippowdon, M|35/100 tox
|-weather|Sandstorm|[from] ability: Sand Stream|[of] p1a: Hippowdon
|move|p2a: Youpi|Thunder Punch|p1a: Hippowdon
|-immune|p1a: Hippowdon
|
|-weather|Sandstorm|[upkeep]
|-heal|p1a: Hippowdon|41/100 tox|[from] item: Leftovers
|-damage|p1a: Hippowdon|35/100 tox|[from] psn
|upkeep
|turn|21
|j| DrewCareysFeet
|
|t:|1606413250
|switch|p1a: Toxapex|Toxapex, F|100/100
|switch|p2a: La|Rillaboom, F|59/100 psn
|-damage|p2a: La|46/100 psn|[from] Stealth Rock
|-fieldstart|move: Grassy Terrain|[from] ability: Grassy Surge|[of] p2a: La
|
|-weather|Sandstorm|[upkeep]
|-damage|p2a: La|40/100 psn|[from] Sandstorm
|-damage|p1a: Toxapex|94/100|[from] Sandstorm
|-heal|p2a: La|46/100 psn|[from] Grassy Terrain
|-heal|p1a: Toxapex|100/100|[from] item: Black Sludge
|-damage|p2a: La|34/100 psn|[from] psn
|upkeep
|turn|22
|
|t:|1606413255
|move|p2a: La|Wood Hammer|p1a: Toxapex
|-damage|p1a: Toxapex|57/100
|-damage|p2a: La|21/100 psn|[from] Recoil
|move|p1a: Toxapex|Scald|p2a: La
|-resisted|p2a: La
|-damage|p2a: La|10/100 psn
|
|-weather|Sandstorm|[upkeep]
|-damage|p2a: La|4/100 psn|[from] Sandstorm
|-damage|p1a: Toxapex|50/100|[from] Sandstorm
|-heal|p2a: La|10/100 psn|[from] Grassy Terrain
|-heal|p1a: Toxapex|57/100|[from] item: Black Sludge
|-heal|p1a: Toxapex|63/100|[from] Grassy Terrain
|-damage|p2a: La|0 fnt|[from] psn
|faint|p2a: La
|upkeep
|
|t:|1606413266
|switch|p2a: Carioca|Hawlucha, M|100/100
|-damage|p2a: Carioca|88/100|[from] Stealth Rock
|-enditem|p2a: Carioca|Grassy Seed
|-boost|p2a: Carioca|def|1|[from] item: Grassy Seed
|turn|23
|
|t:|1606413271
|move|p2a: Carioca|Swords Dance|p2a: Carioca
|-boost|p2a: Carioca|atk|2
|move|p1a: Toxapex|Scald|p2a: Carioca
|-damage|p2a: Carioca|63/100
|
|-weather|Sandstorm|[upkeep]
|-damage|p2a: Carioca|57/100|[from] Sandstorm
|-damage|p1a: Toxapex|57/100|[from] Sandstorm
|-heal|p1a: Toxapex|63/100|[from] item: Black Sludge
|-heal|p1a: Toxapex|69/100|[from] Grassy Terrain
|upkeep
|turn|24
|j| ACII
|inactive|Battle timer is ON: inactive players will automatically lose when time's up. (requested by Kikinou_Spark)
|
|t:|1606413287
|switch|p1a: Moltres|Moltres|74/100
|move|p2a: Carioca|Acrobatics|p1a: Moltres
|-damage|p1a: Moltres|0 fnt
|faint|p1a: Moltres
|
|-weather|none
|upkeep
|
|t:|1606413290
|switch|p1a: Weavile|Weavile, M|100/100
|-ability|p1a: Weavile|Pressure
|turn|25
|
|t:|1606413296
|switch|p1a: Hippowdon|Hippowdon, M|35/100 tox
|-weather|Sandstorm|[from] ability: Sand Stream|[of] p1a: Hippowdon
|move|p2a: Carioca|Acrobatics|p1a: Hippowdon
|-damage|p1a: Hippowdon|0 fnt
|faint|p1a: Hippowdon
|
|-weather|Sandstorm|[upkeep]
|-damage|p2a: Carioca|51/100|[from] Sandstorm
|-fieldend|move: Grassy Terrain
|upkeep
|
|t:|1606413301
|switch|p1a: Weavile|Weavile, M|100/100
|-ability|p1a: Weavile|Pressure
|turn|26
|
|t:|1606413306
|move|p1a: Weavile|Ice Shard|p2a: Carioca
|-supereffective|p2a: Carioca
|-damage|p2a: Carioca|0 fnt
|-damage|p1a: Weavile|91/100|[from] item: Life Orb
|faint|p2a: Carioca
|
|-weather|Sandstorm|[upkeep]
|-damage|p1a: Weavile|84/100|[from] Sandstorm
|upkeep
|
|t:|1606413310
|switch|p2a: Youpi|Melmetal|94/100
|-damage|p2a: Youpi|88/100|[from] Stealth Rock
|turn|27
|
|t:|1606413326
|move|p1a: Weavile|Knock Off|p2a: Youpi
|-damage|p2a: Youpi|53/100
|-enditem|p2a: Youpi|Choice Band|[from] move: Knock Off|[of] p1a: Weavile
|-damage|p1a: Weavile|75/100|[from] item: Life Orb
|move|p2a: Youpi|Double Iron Bash|p1a: Weavile
|-supereffective|p1a: Weavile
|-damage|p1a: Weavile|0 fnt
|-hitcount|p1a: Weavile|1
|faint|p1a: Weavile
|
|-weather|Sandstorm|[upkeep]
|upkeep
|
|t:|1606413331
|switch|p1a: Urshifu|Urshifu, M|56/100
|turn|28
|
|t:|1606413335
|move|p1a: Urshifu|Close Combat|p2a: Youpi
|-supereffective|p2a: Youpi
|-damage|p2a: Youpi|0 fnt
|-unboost|p1a: Urshifu|def|1
|-unboost|p1a: Urshifu|spd|1
|faint|p2a: Youpi
|
|-weather|Sandstorm|[upkeep]
|-damage|p1a: Urshifu|49/100|[from] Sandstorm
|upkeep
|c|☆Kikinou_Spark|gg
|-message|Kikinou_Spark forfeited.
|
|win|Contorted Lies
