|j|☆Not Sarcasm
|j|☆Gurtrant
|t:|1629418826
|gametype|singles
|player|p1|Not Sarcasm|169|1627
|player|p2|Gurtrant|238|1664
|teamsize|p1|6
|teamsize|p2|6
|gen|8
|tier|[Gen 8] OU
|rated|
|rule|Sleep Clause Mod: Limit one foe put to sleep
|rule|Species Clause: Limit one of each Pokémon
|rule|OHKO Clause: OHKO moves are banned
|rule|Evasion Moves Clause: Evasion moves are banned
|rule|Endless Battle Clause: Forcing endless battles is banned
|rule|HP Percentage Mod: HP is shown in percentages
|rule|Dynamax Clause: You cannot dynamax
|clearpoke
|poke|p1|Weavile, M|
|poke|p1|Primarina, M|
|poke|p1|Melmetal|
|poke|p1|Landorus-Therian, M|
|poke|p1|Heatran, M|
|poke|p1|Dragapult, M|
|poke|p2|Pelipper, F|
|poke|p2|Heliolisk, F|
|poke|p2|Seismitoad, M|
|poke|p2|Barraskewda, F|
|poke|p2|Ferrothorn, F|
|poke|p2|Zapdos|
|teampreview
|inactive|Battle timer is ON: inactive players will automatically lose when time's up. (requested by Gurtrant)
|inactive|Not Sarcasm also wants the timer to be on.
|
|t:|1629418837
|start
|switch|p1a: Weavile|Weavile, M|100/100
|switch|p2a: Pelipper|Pelipper, F|100/100
|-ability|p1a: Weavile|Pressure
|-weather|RainDance|[from] ability: Drizzle|[of] p2a: Pelipper
|turn|1
|
|t:|1629418844
|move|p1a: Weavile|Knock Off|p2a: Pelipper
|-damage|p2a: Pelipper|57/100
|-enditem|p2a: Pelipper|Damp Rock|[from] move: Knock Off|[of] p1a: Weavile
|-damage|p1a: Weavile|91/100|[from] item: Life Orb
|move|p2a: Pelipper|U-turn|p1a: Weavile
|-supereffective|p1a: Weavile
|-damage|p1a: Weavile|59/100
|
|t:|1629418848
|switch|p2a: Barraskewda|Barraskewda, F|100/100|[from]move: U-turn
|
|-weather|RainDance|[upkeep]
|upkeep
|turn|2
|j| BrothaOptions
|
|t:|1629418856
|switch|p1a: Calamity|Primarina, M|100/100
|move|p2a: Barraskewda|Flip Turn|p1a: Calamity
|-resisted|p1a: Calamity
|-damage|p1a: Calamity|52/100
|j| ILikeMudkips4
|
|t:|1629418873
|switch|p2a: Heliolisk|Heliolisk, F, shiny|100/100|[from]move: Flip Turn
|
|-weather|RainDance|[upkeep]
|upkeep
|turn|3
|
|t:|1629418879
|move|p2a: Heliolisk|Surf|p1a: Calamity
|-resisted|p1a: Calamity
|-damage|p1a: Calamity|24/100
|-damage|p2a: Heliolisk|91/100|[from] item: Life Orb
|move|p1a: Calamity|Moonblast|p2a: Heliolisk
|-damage|p2a: Heliolisk|0 fnt
|faint|p2a: Heliolisk
|
|-weather|RainDance|[upkeep]
|upkeep
|
|t:|1629418887
|switch|p2a: Barraskewda|Barraskewda, F|100/100
|turn|4
|
|t:|1629418890
|move|p2a: Barraskewda|Flip Turn|p1a: Calamity
|-resisted|p1a: Calamity
|-damage|p1a: Calamity|0 fnt
|faint|p1a: Calamity
|
|t:|1629418893
|switch|p2a: Seismitoad|Seismitoad, M|100/100|[from]move: Flip Turn
|
|-weather|RainDance|[upkeep]
|upkeep
|
|t:|1629418897
|switch|p1a: Dragapult|Dragapult, M|100/100
|turn|5
|
|t:|1629418903
|move|p2a: Seismitoad|Earth Power|p1a: Dragapult
|-damage|p1a: Dragapult|32/100
|-damage|p2a: Seismitoad|91/100|[from] item: Life Orb
|move|p1a: Dragapult|Draco Meteor|p2a: Seismitoad
|-damage|p2a: Seismitoad|0 fnt
|-unboost|p1a: Dragapult|spa|2
|faint|p2a: Seismitoad
|
|-weather|RainDance|[upkeep]
|upkeep
|j| RWaver
|
|t:|1629418907
|switch|p2a: Barraskewda|Barraskewda, F|100/100
|turn|6
|
|t:|1629418920
|move|p2a: Barraskewda|Flip Turn|p1a: Dragapult
|-resisted|p1a: Dragapult
|-crit|p1a: Dragapult
|-damage|p1a: Dragapult|0 fnt
|faint|p1a: Dragapult
|l| ILikeMudkips4
|
|t:|1629418929
|switch|p2a: Zapdos|Zapdos|100/100|[from]move: Flip Turn
|
|-weather|RainDance|[upkeep]
|upkeep
|
|t:|1629418933
|switch|p1a: Weavile|Weavile, M|59/100
|-ability|p1a: Weavile|Pressure
|turn|7
|
|t:|1629418937
|switch|p1a: Chaos|Heatran, M, shiny|100/100
|-item|p1a: Chaos|Air Balloon
|move|p2a: Zapdos|U-turn|p1a: Chaos
|-resisted|p1a: Chaos
|-damage|p1a: Chaos|98/100
|-enditem|p1a: Chaos|Air Balloon
|
|t:|1629418940
|switch|p2a: Barraskewda|Barraskewda, F|100/100|[from]move: U-turn
|
|-weather|RainDance|[upkeep]
|upkeep
|turn|8
|-message|Not Sarcasm forfeited.
|
|win|Gurtrant
|raw|Not Sarcasm's rating: 1628 &rarr; <strong>1610</strong><br />(-18 for losing)
|raw|Gurtrant's rating: 1663 &rarr; <strong>1681</strong><br />(+18 for winning)
|l|☆Not Sarcasm
|l|☆Gurtrant
