|raw|<div class="broadcast-blue"><strong>This battle is required to be public due to a player having a name starting with 'lt92pf'.</div>
|j|☆Plasmeek
|j|☆Lt92pf nagi
|t:|1659918783
|gametype|singles
|player|p1|Plasmeek|169|1865
|player|p2|Lt92pf nagi|blue-masters|1840
|teamsize|p1|6
|teamsize|p2|6
|gen|8
|tier|[Gen 8] OU
|rated|
|rule|Sleep Clause Mod: Limit one foe put to sleep
|rule|Species Clause: Limit one of each Pokémon
|rule|OHKO Clause: OHKO moves are banned
|rule|Evasion Items Clause: Evasion items are banned
|rule|Evasion Moves Clause: Evasion moves are banned
|rule|Endless Battle Clause: Forcing endless battles is banned
|rule|HP Percentage Mod: HP is shown in percentages
|rule|Dynamax Clause: You cannot dynamax
|clearpoke
|poke|p1|Melmetal|
|poke|p1|Tapu Lele|
|poke|p1|Magnezone|
|poke|p1|Tornadus-Therian, M|
|poke|p1|Tapu Fini|
|poke|p1|Landorus-Therian, M|
|poke|p2|Buzzwole|
|poke|p2|Tapu Fini|
|poke|p2|Heatran, M|
|poke|p2|Garchomp, F|
|poke|p2|Ferrothorn, M|
|poke|p2|Zapdos|
|teampreview
|inactive|Battle timer is ON: inactive players will automatically lose when time's up. (requested by Plasmeek)
|c|☆Plasmeek|hf
|c|☆Lt92pf nagi|hf
|j| Oktubre
|
|t:|1659918827
|start
|switch|p1a: Landorus|Landorus-Therian, M|100/100
|switch|p2a: Zapdos|Zapdos|100/100
|-ability|p1a: Landorus|Intimidate|boost
|-unboost|p2a: Zapdos|atk|1
|turn|1
|
|t:|1659918833
|move|p2a: Zapdos|Hurricane|p1a: Landorus
|-damage|p1a: Landorus|61/100
|move|p1a: Landorus|Stealth Rock|p2a: Zapdos
|-sidestart|p2: Lt92pf nagi|move: Stealth Rock
|
|-heal|p1a: Landorus|67/100|[from] item: Leftovers
|upkeep
|turn|2
|
|t:|1659918837
|move|p2a: Zapdos|Hurricane|p1a: Landorus|[miss]
|-miss|p2a: Zapdos|p1a: Landorus
|move|p1a: Landorus|Toxic|p2a: Zapdos
|-status|p2a: Zapdos|tox
|
|-heal|p1a: Landorus|73/100|[from] item: Leftovers
|-damage|p2a: Zapdos|95/100 tox|[from] psn
|upkeep
|turn|3
|
|t:|1659918841
|move|p2a: Zapdos|Hurricane|p1a: Landorus
|-damage|p1a: Landorus|34/100
|move|p1a: Landorus|U-turn|p2a: Zapdos
|-resisted|p2a: Zapdos
|-damage|p2a: Zapdos|83/100 tox
|c|☆Lt92pf nagi|dam
|c|☆Lt92pf nagi|0 static 0 confu
|c|☆Lt92pf nagi|but 1 miss :(
|
|t:|1659918849
|switch|p1a: Tapu Lele|Tapu Lele|100/100|[from]move: U-turn
|-fieldstart|move: Psychic Terrain|[from] ability: Psychic Surge|[of] p1a: Tapu Lele
|
|-damage|p2a: Zapdos|71/100 tox|[from] psn
|upkeep
|turn|4
|
|t:|1659918852
|switch|p2a: Ferrothorn|Ferrothorn, M|100/100
|-damage|p2a: Ferrothorn|94/100|[from] Stealth Rock
|move|p1a: Tapu Lele|Psychic|p2a: Ferrothorn
|-resisted|p2a: Ferrothorn
|-damage|p2a: Ferrothorn|58/100
|
|-heal|p2a: Ferrothorn|64/100|[from] item: Leftovers
|upkeep
|turn|5
|
|t:|1659918858
|switch|p1a: Magnezone|Magnezone|100/100
|switch|p2a: Heatran|Heatran, M|100/100
|-damage|p2a: Heatran|88/100|[from] Stealth Rock
|-item|p2a: Heatran|Air Balloon
|
|upkeep
|turn|6
|
|t:|1659918861
|switch|p1a: Tapu Fini|Tapu Fini|100/100
|-fieldstart|move: Misty Terrain|[from] ability: Misty Surge|[of] p1a: Tapu Fini
|move|p2a: Heatran|Magma Storm|p1a: Tapu Fini
|-resisted|p1a: Tapu Fini
|-damage|p1a: Tapu Fini|78/100
|-activate|p1a: Tapu Fini|move: Magma Storm|[of] p2a: Heatran
|
|-heal|p1a: Tapu Fini|84/100|[from] item: Leftovers
|-damage|p1a: Tapu Fini|72/100|[from] move: Magma Storm|[partiallytrapped]
|upkeep
|turn|7
|
|t:|1659918866
|switch|p2a: Ferrothorn|Ferrothorn, M|64/100
|-damage|p2a: Ferrothorn|58/100|[from] Stealth Rock
|move|p1a: Tapu Fini|Scald|p2a: Ferrothorn
|-resisted|p2a: Ferrothorn
|-damage|p2a: Ferrothorn|49/100
|
|-heal|p1a: Tapu Fini|78/100|[from] item: Leftovers
|-heal|p2a: Ferrothorn|55/100|[from] item: Leftovers
|-end|p1a: Tapu Fini|Magma Storm|[partiallytrapped]|[silent]
|upkeep
|turn|8
|l| Oktubre
|
|t:|1659918874
|switch|p1a: Magnezone|Magnezone|100/100
|move|p2a: Ferrothorn|Spikes|p1a: Magnezone
|-sidestart|p1: Plasmeek|Spikes
|
|-heal|p2a: Ferrothorn|61/100|[from] item: Leftovers
|upkeep
|turn|9
|
|t:|1659918877
|move|p1a: Magnezone|Iron Defense|p1a: Magnezone
|-boost|p1a: Magnezone|def|2
|move|p2a: Ferrothorn|Spikes|p1a: Magnezone
|-sidestart|p1: Plasmeek|Spikes
|
|-heal|p2a: Ferrothorn|67/100|[from] item: Leftovers
|upkeep
|turn|10
|
|t:|1659918883
|move|p1a: Magnezone|Iron Defense|p1a: Magnezone
|-boost|p1a: Magnezone|def|2
|move|p2a: Ferrothorn|Spikes|p1a: Magnezone
|-sidestart|p1: Plasmeek|Spikes
|
|-heal|p2a: Ferrothorn|74/100|[from] item: Leftovers
|-fieldend|Misty Terrain
|upkeep
|turn|11
|
|t:|1659918886
|move|p1a: Magnezone|Body Press|p2a: Ferrothorn
|-supereffective|p2a: Ferrothorn
|-damage|p2a: Ferrothorn|0 fnt
|-damage|p1a: Magnezone|88/100|[from] ability: Iron Barbs|[of] p2a: Ferrothorn
|faint|p2a: Ferrothorn
|
|-heal|p1a: Magnezone|94/100|[from] item: Leftovers
|upkeep
|
|t:|1659918888
|switch|p2a: Heatran|Heatran, M|88/100
|-damage|p2a: Heatran|76/100|[from] Stealth Rock
|-item|p2a: Heatran|Air Balloon
|turn|12
|
|t:|1659918917
|move|p2a: Heatran|Magma Storm|p1a: Magnezone
|-supereffective|p1a: Magnezone
|-damage|p1a: Magnezone|0 fnt
|faint|p1a: Magnezone
|
|upkeep
|
|t:|1659918919
|switch|p1a: Tornadus|Tornadus-Therian, M, shiny|100/100
|turn|13
|
|t:|1659918923
|move|p1a: Tornadus|Defog|p2a: Heatran
|-unboost|p2a: Heatran|evasion|1
|-sideend|p2: Lt92pf nagi|Stealth Rock|[from] move: Defog|[of] p1a: Tornadus
|-sideend|p1: Plasmeek|Spikes|[from] move: Defog|[of] p1a: Tornadus
|move|p2a: Heatran|Magma Storm|p1a: Tornadus
|-damage|p1a: Tornadus|42/100
|-activate|p1a: Tornadus|move: Magma Storm|[of] p2a: Heatran
|
|-damage|p1a: Tornadus|30/100|[from] move: Magma Storm|[partiallytrapped]
|upkeep
|turn|14
|
|t:|1659918926
|move|p1a: Tornadus|U-turn|p2a: Heatran
|-resisted|p2a: Heatran
|-damage|p2a: Heatran|73/100
|-enditem|p2a: Heatran|Air Balloon
|
|t:|1659918928
|switch|p1a: Tapu Fini|Tapu Fini|78/100|[from]move: U-turn
|-fieldstart|move: Misty Terrain|[from] ability: Misty Surge|[of] p1a: Tapu Fini
|move|p2a: Heatran|Flash Cannon|p1a: Tapu Fini
|-damage|p1a: Tapu Fini|43/100
|-unboost|p1a: Tapu Fini|spd|1
|
|-heal|p1a: Tapu Fini|49/100|[from] item: Leftovers
|upkeep
|turn|15
|
|t:|1659918945
|switch|p1a: Landorus|Landorus-Therian, M|34/100
|-ability|p1a: Landorus|Intimidate|boost
|-unboost|p2a: Heatran|atk|1
|move|p2a: Heatran|Flash Cannon|p1a: Landorus
|-damage|p1a: Landorus|2/100
|-unboost|p1a: Landorus|spd|1
|
|-heal|p1a: Landorus|8/100|[from] item: Leftovers
|upkeep
|turn|16
|
|t:|1659918949
|move|p2a: Heatran|Flash Cannon|p1a: Landorus
|-damage|p1a: Landorus|0 fnt
|faint|p1a: Landorus
|
|upkeep
|
|t:|1659918953
|switch|p1a: Tapu Lele|Tapu Lele|100/100
|-fieldstart|move: Psychic Terrain|[from] ability: Psychic Surge|[of] p1a: Tapu Lele
|turn|17
|
|t:|1659918958
|switch|p2a: Zapdos|Zapdos|71/100 tox
|move|p1a: Tapu Lele|Psychic|p2a: Zapdos
|-damage|p2a: Zapdos|0 fnt
|faint|p2a: Zapdos
|
|upkeep
|
|t:|1659918960
|switch|p2a: Heatran|Heatran, M|73/100
|turn|18
|
|t:|1659918963
|switch|p1a: Melmetal|Melmetal|100/100
|move|p2a: Heatran|Flash Cannon|p1a: Melmetal
|-resisted|p1a: Melmetal
|-damage|p1a: Melmetal|85/100
|
|-heal|p1a: Melmetal|92/100|[from] item: Leftovers
|upkeep
|turn|19
|
|t:|1659918966
|move|p2a: Heatran|Magma Storm|p1a: Melmetal
|-supereffective|p1a: Melmetal
|-damage|p1a: Melmetal|17/100
|-activate|p1a: Melmetal|move: Magma Storm|[of] p2a: Heatran
|move|p1a: Melmetal|Earthquake|p2a: Heatran
|-supereffective|p2a: Heatran
|-damage|p2a: Heatran|0 fnt
|faint|p2a: Heatran
|
|-heal|p1a: Melmetal|23/100|[from] item: Leftovers
|-end|p1a: Melmetal|Magma Storm|[partiallytrapped]|[silent]
|upkeep
|
|t:|1659918969
|switch|p2a: Garchomp|Garchomp, F|100/100
|turn|20
|
|t:|1659918972
|move|p2a: Garchomp|Earthquake|p1a: Melmetal
|-supereffective|p1a: Melmetal
|-damage|p1a: Melmetal|0 fnt
|faint|p1a: Melmetal
|
|upkeep
|
|t:|1659918976
|switch|p1a: Tapu Lele|Tapu Lele|100/100
|turn|21
|
|t:|1659918978
|move|p2a: Garchomp|Protect|p2a: Garchomp
|-singleturn|p2a: Garchomp|Protect
|move|p1a: Tapu Lele|Moonblast|p2a: Garchomp
|-activate|p2a: Garchomp|move: Protect
|
|-fieldend|move: Psychic Terrain
|upkeep
|turn|22
|
|t:|1659918980
|move|p2a: Garchomp|Earthquake|p1a: Tapu Lele
|-damage|p1a: Tapu Lele|35/100
|move|p1a: Tapu Lele|Moonblast|p2a: Garchomp
|-supereffective|p2a: Garchomp
|-damage|p2a: Garchomp|0 fnt
|faint|p2a: Garchomp
|
|upkeep
|
|t:|1659918982
|switch|p2a: Tapu Fini|Tapu Fini|100/100
|-fieldstart|move: Misty Terrain|[from] ability: Misty Surge|[of] p2a: Tapu Fini
|turn|23
|
|t:|1659918986
|move|p2a: Tapu Fini|Moonblast|p1a: Tapu Lele
|-damage|p1a: Tapu Lele|3/100
|move|p1a: Tapu Lele|Moonblast|p2a: Tapu Fini
|-damage|p2a: Tapu Fini|42/100
|-unboost|p2a: Tapu Fini|spa|1
|
|upkeep
|turn|24
|c|☆Lt92pf nagi|lol
|
|t:|1659918999
|switch|p2a: Buzzwole|Buzzwole|100/100
|switch|p1a: Tapu Fini|Tapu Fini|49/100
|
|-heal|p1a: Tapu Fini|55/100|[from] item: Leftovers
|upkeep
|turn|25
|
|t:|1659919002
|move|p2a: Buzzwole|Poison Jab|p1a: Tapu Fini
|-supereffective|p1a: Tapu Fini
|-damage|p1a: Tapu Fini|0 fnt
|faint|p1a: Tapu Fini
|-ability|p2a: Buzzwole|Beast Boost|boost
|-boost|p2a: Buzzwole|atk|1
|
|upkeep
|
|t:|1659919005
|switch|p1a: Tapu Lele|Tapu Lele|3/100
|-fieldstart|move: Psychic Terrain|[from] ability: Psychic Surge|[of] p1a: Tapu Lele
|turn|26
|
|t:|1659919010
|move|p1a: Tapu Lele|Psychic|p2a: Buzzwole
|-supereffective|p2a: Buzzwole
|-damage|p2a: Buzzwole|0 fnt
|faint|p2a: Buzzwole
|
|upkeep
|
|t:|1659919013
|switch|p2a: Tapu Fini|Tapu Fini|42/100
|-fieldstart|move: Misty Terrain|[from] ability: Misty Surge|[of] p2a: Tapu Fini
|turn|27
|
|t:|1659919018
|move|p2a: Tapu Fini|Moonblast|p1a: Tapu Lele
|-damage|p1a: Tapu Lele|0 fnt
|faint|p1a: Tapu Lele
|
|upkeep
|
|t:|1659919020
|switch|p1a: Tornadus|Tornadus-Therian, M, shiny|63/100
|turn|28
|
|t:|1659919022
|move|p2a: Tapu Fini|Moonblast|p1a: Tornadus
|-damage|p1a: Tornadus|33/100
|move|p1a: Tornadus|Knock Off|p2a: Tapu Fini
|-resisted|p2a: Tapu Fini
|-damage|p2a: Tapu Fini|33/100
|-enditem|p2a: Tapu Fini|Choice Scarf|[from] move: Knock Off|[of] p1a: Tornadus
|
|upkeep
|turn|29
|
|t:|1659919026
|move|p1a: Tornadus|Hurricane|p2a: Tapu Fini
|-damage|p2a: Tapu Fini|4/100
|move|p2a: Tapu Fini|Moonblast|p1a: Tornadus
|-damage|p1a: Tornadus|2/100
|
|upkeep
|turn|30
|c|☆Lt92pf nagi|gg
|
|t:|1659919034
|move|p1a: Tornadus|U-turn|p2a: Tapu Fini
|-resisted|p2a: Tapu Fini
|-damage|p2a: Tapu Fini|0 fnt
|faint|p2a: Tapu Fini
|
|win|Plasmeek
|raw|Plasmeek's rating: 1865 &rarr; <strong>1884</strong><br />(+19 for winning)
|raw|Lt92pf nagi's rating: 1840 &rarr; <strong>1821</strong><br />(-19 for losing)
|c|☆Lt92pf nagi|hard game
|c|☆Lt92pf nagi|:(
|l|☆Lt92pf nagi
|c|☆Plasmeek|gg
||Ladder isn't responding, score probably updated but might not have (Request timeout).
