|j|☆Maitredouard2
|j|☆Takin the W
|t:|1647746077
|gametype|singles
|player|p1|Maitredouard2|lance|1694
|player|p2|Takin the W|169|1753
|teamsize|p1|6
|teamsize|p2|6
|gen|8
|tier|[Gen 8] OU
|rated|
|rule|Sleep Clause Mod: Limit one foe put to sleep
|rule|Species Clause: Limit one of each Pokémon
|rule|OHKO Clause: OHKO moves are banned
|rule|Evasion Moves Clause: Evasion moves are banned
|rule|Endless Battle Clause: Forcing endless battles is banned
|rule|HP Percentage Mod: HP is shown in percentages
|rule|Dynamax Clause: You cannot dynamax
|clearpoke
|poke|p1|Mandibuzz, F|
|poke|p1|Landorus-Therian, M|
|poke|p1|Blissey, F|
|poke|p1|Heatran, M|
|poke|p1|Toxapex, M|
|poke|p1|Tapu Lele|
|poke|p2|Excadrill, F|
|poke|p2|Tapu Koko|
|poke|p2|Garchomp, M|
|poke|p2|Volcarona, M|
|poke|p2|Weavile, M|
|poke|p2|Buzzwole|
|teampreview
|inactive|Battle timer is ON: inactive players will automatically lose when time's up. (requested by Takin the W)
|
|t:|1647746093
|start
|switch|p1a: Tapu Lele|Tapu Lele|100/100
|switch|p2a: Excadrill|Excadrill, F|100/100
|-fieldstart|move: Psychic Terrain|[from] ability: Psychic Surge|[of] p1a: Tapu Lele
|-ability|p2a: Excadrill|Mold Breaker
|turn|1
|
|t:|1647746102
|move|p1a: Tapu Lele|Focus Blast|p2a: Excadrill
|-supereffective|p2a: Excadrill
|-enditem|p2a: Excadrill|Focus Sash
|-damage|p2a: Excadrill|1/100
|move|p2a: Excadrill|Stealth Rock|p1a: Tapu Lele
|-sidestart|p1: Maitredouard2|move: Stealth Rock
|
|upkeep
|turn|2
|
|t:|1647746110
|switch|p1a: Toxapex|Toxapex, M|100/100
|-damage|p1a: Toxapex|88/100|[from] Stealth Rock
|move|p2a: Excadrill|Earthquake|p1a: Toxapex
|-supereffective|p1a: Toxapex
|-damage|p1a: Toxapex|31/100
|
|upkeep
|turn|3
|
|t:|1647746118
|switch|p1a: Landorus|Landorus-Therian, M|100/100
|-damage|p1a: Landorus|88/100|[from] Stealth Rock
|-ability|p1a: Landorus|Intimidate|boost
|-unboost|p2a: Excadrill|atk|1
|move|p2a: Excadrill|Toxic|p1a: Landorus
|-status|p1a: Landorus|tox
|
|-damage|p1a: Landorus|82/100 tox|[from] psn
|upkeep
|turn|4
|
|t:|1647746145
|move|p1a: Landorus|U-turn|p2a: Excadrill
|-resisted|p2a: Excadrill
|-damage|p2a: Excadrill|0 fnt
|faint|p2a: Excadrill
|j| simplegent
|
|t:|1647746151
|switch|p1a: Mandibuzz|Mandibuzz, F|100/100|[from]move: U-turn
|
|upkeep
|
|t:|1647746163
|switch|p2a: Tapu Koko|Tapu Koko|100/100
|-fieldstart|move: Electric Terrain|[from] ability: Electric Surge|[of] p2a: Tapu Koko
|turn|5
|
|t:|1647746171
|switch|p1a: Blissey|Blissey, F|100/100
|move|p2a: Tapu Koko|Thunderbolt|p1a: Blissey
|-damage|p1a: Blissey|83/100
|
|upkeep
|turn|6
|
|t:|1647746182
|switch|p2a: Buzzwole|Buzzwole|100/100
|move|p1a: Blissey|Teleport|p1a: Blissey
|
|t:|1647746187
|switch|p1a: Tapu Lele|Tapu Lele|100/100|[from]move: Teleport
|-damage|p1a: Tapu Lele|88/100|[from] Stealth Rock
|-fieldstart|move: Psychic Terrain|[from] ability: Psychic Surge|[of] p1a: Tapu Lele
|
|upkeep
|turn|7
|j| BabyPigsAreLaughin
|
|t:|1647746200
|switch|p2a: Volcarona|Volcarona, M|100/100
|move|p1a: Tapu Lele|Moonblast|p2a: Volcarona
|-resisted|p2a: Volcarona
|-damage|p2a: Volcarona|59/100
|
|upkeep
|turn|8
|
|t:|1647746208
|switch|p1a: Heatran|Heatran, M|100/100
|-damage|p1a: Heatran|88/100|[from] Stealth Rock
|-item|p1a: Heatran|Air Balloon
|move|p2a: Volcarona|Quiver Dance|p2a: Volcarona
|-boost|p2a: Volcarona|spa|1
|-boost|p2a: Volcarona|spd|1
|-boost|p2a: Volcarona|spe|1
|
|upkeep
|turn|9
|
|t:|1647746217
|move|p2a: Volcarona|Psychic|p1a: Heatran
|-resisted|p1a: Heatran
|-damage|p1a: Heatran|57/100
|-enditem|p1a: Heatran|Air Balloon
|move|p1a: Heatran|Toxic|p2a: Volcarona
|-status|p2a: Volcarona|tox
|
|-damage|p2a: Volcarona|53/100 tox|[from] psn
|upkeep
|turn|10
|
|t:|1647746234
|move|p2a: Volcarona|Psychic|p1a: Heatran
|-resisted|p1a: Heatran
|-damage|p1a: Heatran|26/100
|move|p1a: Heatran|Magma Storm|p2a: Volcarona
|-damage|p2a: Volcarona|14/100 tox
|-activate|p2a: Volcarona|move: Magma Storm|[of] p1a: Heatran
|
|-damage|p2a: Volcarona|2/100 tox|[from] psn
|-damage|p2a: Volcarona|0 fnt|[from] move: Magma Storm|[partiallytrapped]
|faint|p2a: Volcarona
|-fieldend|move: Psychic Terrain
|upkeep
|
|t:|1647746247
|switch|p2a: Weavile|Weavile, M|100/100
|-ability|p2a: Weavile|Pressure
|turn|11
|
|t:|1647746251
|move|p2a: Weavile|Knock Off|p1a: Heatran
|-damage|p1a: Heatran|0 fnt
|faint|p1a: Heatran
|-damage|p2a: Weavile|91/100|[from] item: Life Orb
|
|upkeep
|
|t:|1647746260
|switch|p1a: Landorus|Landorus-Therian, M|82/100 tox
|-damage|p1a: Landorus|69/100 tox|[from] Stealth Rock
|-ability|p1a: Landorus|Intimidate|boost
|-unboost|p2a: Weavile|atk|1
|turn|12
|
|t:|1647746267
|move|p2a: Weavile|Ice Shard|p1a: Landorus
|-supereffective|p1a: Landorus
|-damage|p1a: Landorus|0 fnt
|faint|p1a: Landorus
|-damage|p2a: Weavile|81/100|[from] item: Life Orb
|
|upkeep
|c|☆Takin the W|lol.
|
|t:|1647746273
|switch|p1a: Toxapex|Toxapex, M|64/100
|-damage|p1a: Toxapex|51/100|[from] Stealth Rock
|turn|13
|
|t:|1647746278
|switch|p2a: Tapu Koko|Tapu Koko|100/100
|-fieldstart|move: Electric Terrain|[from] ability: Electric Surge|[of] p2a: Tapu Koko
|move|p1a: Toxapex|Recover|p1a: Toxapex
|-heal|p1a: Toxapex|100/100
|
|upkeep
|turn|14
|
|t:|1647746286
|switch|p1a: Blissey|Blissey, F|83/100
|move|p2a: Tapu Koko|Thunderbolt|p1a: Blissey
|-damage|p1a: Blissey|65/100
|
|upkeep
|turn|15
|
|t:|1647746295
|switch|p2a: Garchomp|Garchomp, M|100/100
|move|p1a: Blissey|Soft-Boiled|p1a: Blissey
|-heal|p1a: Blissey|100/100
|
|upkeep
|turn|16
|
|t:|1647746301
|switch|p1a: Mandibuzz|Mandibuzz, F|100/100
|move|p2a: Garchomp|Earthquake|p1a: Mandibuzz
|-immune|p1a: Mandibuzz
|
|upkeep
|turn|17
|
|t:|1647746312
|switch|p2a: Tapu Koko|Tapu Koko|100/100
|move|p1a: Mandibuzz|Toxic|p2a: Tapu Koko
|-status|p2a: Tapu Koko|tox
|
|-damage|p2a: Tapu Koko|94/100 tox|[from] psn
|-fieldend|move: Electric Terrain
|upkeep
|turn|18
|j| Bigzzs
|
|t:|1647746320
|switch|p2a: Weavile|Weavile, M|81/100
|-ability|p2a: Weavile|Pressure
|move|p1a: Mandibuzz|Toxic|p2a: Weavile
|-status|p2a: Weavile|tox
|
|-damage|p2a: Weavile|75/100 tox|[from] psn
|upkeep
|turn|19
|l| Bigzzs
|
|t:|1647746329
|switch|p1a: Toxapex|Toxapex, M|100/100
|-damage|p1a: Toxapex|88/100|[from] Stealth Rock
|move|p2a: Weavile|Swords Dance|p2a: Weavile
|-boost|p2a: Weavile|atk|2
|
|-damage|p2a: Weavile|62/100 tox|[from] psn
|upkeep
|turn|20
|
|t:|1647746339
|move|p2a: Weavile|Knock Off|p1a: Toxapex
|-damage|p1a: Toxapex|1/100
|-damage|p2a: Weavile|46/100 tox|[from] item: Rocky Helmet|[of] p1a: Toxapex
|-enditem|p1a: Toxapex|Rocky Helmet|[from] move: Knock Off|[of] p2a: Weavile
|-damage|p2a: Weavile|36/100 tox|[from] item: Life Orb
|move|p1a: Toxapex|Scald|p2a: Weavile
|-damage|p2a: Weavile|12/100 tox
|
|-damage|p2a: Weavile|0 fnt|[from] psn
|faint|p2a: Weavile
|upkeep
|
|t:|1647746347
|switch|p2a: Buzzwole|Buzzwole|100/100
|turn|21
|c| BabyPigsAreLaughin|That 1%, though.
|
|t:|1647746360
|move|p2a: Buzzwole|Close Combat|p1a: Toxapex
|-resisted|p1a: Toxapex
|-damage|p1a: Toxapex|0 fnt
|-unboost|p2a: Buzzwole|def|1
|-unboost|p2a: Buzzwole|spd|1
|faint|p1a: Toxapex
|-ability|p2a: Buzzwole|Beast Boost|boost
|-boost|p2a: Buzzwole|atk|1
|
|upkeep
|
|t:|1647746369
|switch|p1a: Tapu Lele|Tapu Lele|88/100
|-damage|p1a: Tapu Lele|76/100|[from] Stealth Rock
|-fieldstart|move: Psychic Terrain|[from] ability: Psychic Surge|[of] p1a: Tapu Lele
|turn|22
|
|t:|1647746393
|switch|p2a: Tapu Koko|Tapu Koko|94/100 tox
|-fieldstart|move: Electric Terrain|[from] ability: Electric Surge|[of] p2a: Tapu Koko
|move|p1a: Tapu Lele|Moonblast|p2a: Tapu Koko
|-damage|p2a: Tapu Koko|0 fnt
|faint|p2a: Tapu Koko
|
|upkeep
|
|t:|1647746396
|switch|p2a: Garchomp|Garchomp, M|100/100
|turn|23
|
|t:|1647746404
|switch|p1a: Mandibuzz|Mandibuzz, F|100/100
|move|p2a: Garchomp|Earthquake|p1a: Mandibuzz
|-immune|p1a: Mandibuzz
|
|upkeep
|turn|24
|
|t:|1647746411
|move|p2a: Garchomp|Swords Dance|p2a: Garchomp
|-boost|p2a: Garchomp|atk|2
|move|p1a: Mandibuzz|Toxic|p2a: Garchomp
|-status|p2a: Garchomp|tox
|
|-damage|p2a: Garchomp|94/100 tox|[from] psn
|upkeep
|turn|25
|
|t:|1647746418
|move|p2a: Garchomp|Scale Shot|p1a: Mandibuzz
|-crit|p1a: Mandibuzz
|-damage|p1a: Mandibuzz|67/100
|-damage|p1a: Mandibuzz|44/100
|-hitcount|p1a: Mandibuzz|2
|-unboost|p2a: Garchomp|def|1
|-boost|p2a: Garchomp|spe|1
|-damage|p2a: Garchomp|85/100 tox|[from] item: Life Orb
|move|p1a: Mandibuzz|Foul Play|p2a: Garchomp
|-damage|p2a: Garchomp|0 fnt
|-damage|p1a: Mandibuzz|32/100|[from] ability: Rough Skin|[of] p2a: Garchomp
|faint|p2a: Garchomp
|
|upkeep
|
|t:|1647746424
|switch|p2a: Buzzwole|Buzzwole|100/100
|turn|26
|j| Thysanura
|inactive|Takin the W has 120 seconds left.
|inactive|Takin the W has 90 seconds left.
|c| BabyPigsAreLaughin|Rage quit?
|l| simplegent
|j| simplegent
|l| simplegent
|c|☆Maitredouard2|I don't know
|inactive|Takin the W has 60 seconds left.
|
|t:|1647746541
|move|p2a: Buzzwole|Leech Life|p1a: Mandibuzz
|-damage|p1a: Mandibuzz|5/100
|move|p1a: Mandibuzz|Taunt|p2a: Buzzwole
|-start|p2a: Buzzwole|move: Taunt
|
|-fieldend|move: Electric Terrain
|upkeep
|turn|27
|c|☆Takin the W|???????????????????????????????????????
|
|t:|1647746549
|move|p2a: Buzzwole|Leech Life|p1a: Mandibuzz
|-damage|p1a: Mandibuzz|0 fnt
|faint|p1a: Mandibuzz
|-ability|p2a: Buzzwole|Beast Boost|boost
|-boost|p2a: Buzzwole|atk|1
|
|upkeep
|c|☆Takin the W|whatever
|c|☆Takin the W|gg
|
|t:|1647746555
|switch|p1a: Tapu Lele|Tapu Lele|76/100
|-damage|p1a: Tapu Lele|63/100|[from] Stealth Rock
|-fieldstart|move: Psychic Terrain|[from] ability: Psychic Surge|[of] p1a: Tapu Lele
|turn|28
|
|t:|1647746561
|move|p2a: Buzzwole|Leech Life|p1a: Tapu Lele
|-damage|p1a: Tapu Lele|0 fnt
|faint|p1a: Tapu Lele
|-ability|p2a: Buzzwole|Beast Boost|boost
|-boost|p2a: Buzzwole|atk|1
|
|upkeep
|c|☆Takin the W|yea
|c|☆Takin the W|GGGGGGG
|c| BabyPigsAreLaughin|He's happy now.
|c|☆Maitredouard2|Oh
|c|☆Takin the W|no
|c|☆Takin the W|we were calcing
|c|☆Takin the W|uwu
|c|☆Maitredouard2|Scarf buzzwolenlole
|c|☆Takin the W|bro won
|
|t:|1647746589
|switch|p1a: Blissey|Blissey, F|100/100
|turn|29
|c|☆Takin the W|if he didnt click
|c|☆Takin the W|taunt
|c|☆Takin the W|lmao
|c|☆Takin the W|roost won
|
|t:|1647746603
|move|p2a: Buzzwole|Leech Life|p1a: Blissey
|-damage|p1a: Blissey|23/100
|move|p1a: Blissey|Toxic|p2a: Buzzwole
|-status|p2a: Buzzwole|tox
|
|-damage|p2a: Buzzwole|94/100 tox|[from] psn
|-end|p2a: Buzzwole|move: Taunt
|upkeep
|turn|30
|-message|Maitredouard2 forfeited.
|
|win|Takin the W
|raw|Maitredouard2's rating: 1694 &rarr; <strong>1677</strong><br />(-17 for losing)
|raw|Takin the W's rating: 1753 &rarr; <strong>1770</strong><br />(+17 for winning)
|l|☆Maitredouard2
