|j|☆Draco09876
|j|☆gygt3
|t:|1653710129
|gametype|singles
|player|p1|Draco09876|170|1728
|player|p2|gygt3|#sugarhigh|1898
|teamsize|p1|6
|teamsize|p2|6
|gen|8
|tier|[Gen 8] OU
|rated|
|rule|Sleep Clause Mod: Limit one foe put to sleep
|rule|Species Clause: Limit one of each Pokémon
|rule|OHKO Clause: OHKO moves are banned
|rule|Evasion Moves Clause: Evasion moves are banned
|rule|Endless Battle Clause: Forcing endless battles is banned
|rule|HP Percentage Mod: HP is shown in percentages
|rule|Dynamax Clause: You cannot dynamax
|clearpoke
|poke|p1|Ninetales-Alola, F|
|poke|p1|Hatterene, F|
|poke|p1|Bisharp, F|
|poke|p1|Latias, F|
|poke|p1|Buzzwole|
|poke|p1|Swampert, F|
|poke|p2|Urshifu-*, M|
|poke|p2|Tyranitar, F|
|poke|p2|Excadrill, M|
|poke|p2|Zapdos|
|poke|p2|Ferrothorn, M|
|poke|p2|Tapu Lele|
|teampreview
|inactive|Battle timer is ON: inactive players will automatically lose when time's up. (requested by gygt3)
|
|t:|1653710149
|start
|switch|p1a: Ninetales|Ninetales-Alola, F|100/100
|switch|p2a: Urshifu|Urshifu-Rapid-Strike, M|100/100
|-weather|Hail|[from] ability: Snow Warning|[of] p1a: Ninetales
|turn|1
|
|t:|1653710155
|switch|p2a: Tyranitar|Tyranitar, F|100/100
|-weather|Sandstorm|[from] ability: Sand Stream|[of] p2a: Tyranitar
|move|p1a: Ninetales|Moonblast|p2a: Tyranitar
|-supereffective|p2a: Tyranitar
|-damage|p2a: Tyranitar|53/100
|-unboost|p2a: Tyranitar|spa|1
|
|-weather|Sandstorm|[upkeep]
|-damage|p1a: Ninetales|95/100|[from] Sandstorm
|upkeep
|turn|2
|
|t:|1653710164
|switch|p1a: Hatterene|Hatterene, F|100/100
|switch|p2a: Ferrothorn|Ferrothorn, M|100/100
|
|-weather|Sandstorm|[upkeep]
|-damage|p1a: Hatterene|95/100|[from] Sandstorm
|upkeep
|turn|3
|
|t:|1653710170
|switch|p2a: Zapdos|Zapdos|100/100
|move|p1a: Hatterene|Mystical Fire|p2a: Zapdos
|-damage|p2a: Zapdos|74/100
|-unboost|p2a: Zapdos|spa|1
|
|-weather|Sandstorm|[upkeep]
|-damage|p2a: Zapdos|68/100|[from] Sandstorm
|-damage|p1a: Hatterene|89/100|[from] Sandstorm
|upkeep
|turn|4
|
|t:|1653710176
|move|p2a: Zapdos|Volt Switch|p1a: Hatterene
|-damage|p1a: Hatterene|74/100
|
|t:|1653710180
|switch|p2a: Tyranitar|Tyranitar, F|53/100|[from]move: Volt Switch
|move|p1a: Hatterene|Dazzling Gleam|p2a: Tyranitar
|-supereffective|p2a: Tyranitar
|-damage|p2a: Tyranitar|0 fnt
|faint|p2a: Tyranitar
|
|-weather|Sandstorm|[upkeep]
|-damage|p1a: Hatterene|68/100|[from] Sandstorm
|upkeep
|
|t:|1653710183
|switch|p2a: Excadrill|Excadrill, M|100/100
|turn|5
|
|t:|1653710188
|switch|p2a: Zapdos|Zapdos|68/100
|switch|p1a: Buzzwole|Buzzwole|100/100
|
|-weather|none
|upkeep
|turn|6
|
|t:|1653710191
|switch|p1a: Swampert|Swampert, F|100/100
|move|p2a: Zapdos|Hurricane|p1a: Swampert|[miss]
|-miss|p2a: Zapdos|p1a: Swampert
|
|upkeep
|turn|7
|
|t:|1653710196
|move|p2a: Zapdos|Hurricane|p1a: Swampert
|-damage|p1a: Swampert|71/100
|-start|p1a: Swampert|confusion
|-activate|p1a: Swampert|confusion
|move|p1a: Swampert|Stealth Rock|p2a: Zapdos
|-sidestart|p2: gygt3|move: Stealth Rock
|
|-heal|p1a: Swampert|77/100|[from] item: Leftovers
|upkeep
|turn|8
|
|t:|1653710202
|switch|p2a: Ferrothorn|Ferrothorn, M|100/100
|-damage|p2a: Ferrothorn|95/100|[from] Stealth Rock
|-activate|p1a: Swampert|confusion
|move|p1a: Swampert|Flip Turn|p2a: Ferrothorn
|-resisted|p2a: Ferrothorn
|-damage|p2a: Ferrothorn|86/100
|-damage|p1a: Swampert|65/100|[from] ability: Iron Barbs|[of] p2a: Ferrothorn
|
|t:|1653710204
|switch|p1a: Hatterene|Hatterene, F|68/100|[from]move: Flip Turn
|
|-heal|p2a: Ferrothorn|92/100|[from] item: Leftovers
|upkeep
|turn|9
|
|t:|1653710208
|switch|p2a: Zapdos|Zapdos|68/100
|move|p1a: Hatterene|Mystical Fire|p2a: Zapdos
|-damage|p2a: Zapdos|40/100
|-unboost|p2a: Zapdos|spa|1
|
|upkeep
|turn|10
|
|t:|1653710212
|move|p2a: Zapdos|Roost|p2a: Zapdos
|-heal|p2a: Zapdos|90/100
|-singleturn|p2a: Zapdos|move: Roost
|move|p1a: Hatterene|Psyshock|p2a: Zapdos
|-damage|p2a: Zapdos|55/100
|
|upkeep
|turn|11
|
|t:|1653710216
|switch|p1a: Swampert|Swampert, F|65/100
|move|p2a: Zapdos|Roost|p2a: Zapdos
|-heal|p2a: Zapdos|100/100
|-singleturn|p2a: Zapdos|move: Roost
|
|-heal|p1a: Swampert|71/100|[from] item: Leftovers
|upkeep
|turn|12
|j| sweetmoves55
|
|t:|1653710219
|switch|p2a: Ferrothorn|Ferrothorn, M|92/100
|-damage|p2a: Ferrothorn|86/100|[from] Stealth Rock
|move|p1a: Swampert|Yawn|p2a: Ferrothorn
|-start|p2a: Ferrothorn|move: Yawn|[of] p1a: Swampert
|
|-heal|p1a: Swampert|77/100|[from] item: Leftovers
|-heal|p2a: Ferrothorn|92/100|[from] item: Leftovers
|upkeep
|turn|13
|
|t:|1653710225
|switch|p2a: Zapdos|Zapdos|100/100
|move|p1a: Swampert|Flip Turn|p2a: Zapdos
|-damage|p2a: Zapdos|83/100
|
|t:|1653710228
|switch|p1a: Ninetales|Ninetales-Alola, F|95/100|[from]move: Flip Turn
|-weather|Hail|[from] ability: Snow Warning|[of] p1a: Ninetales
|
|-weather|Hail|[upkeep]
|-damage|p2a: Zapdos|77/100|[from] Hail
|upkeep
|turn|14
|
|t:|1653710233
|switch|p2a: Ferrothorn|Ferrothorn, M|92/100
|-damage|p2a: Ferrothorn|86/100|[from] Stealth Rock
|move|p1a: Ninetales|Aurora Veil|p1a: Ninetales
|-sidestart|p1: Draco09876|move: Aurora Veil
|
|-weather|Hail|[upkeep]
|-damage|p2a: Ferrothorn|80/100|[from] Hail
|-heal|p2a: Ferrothorn|86/100|[from] item: Leftovers
|upkeep
|turn|15
|
|t:|1653710237
|switch|p1a: Hatterene|Hatterene, F|68/100
|move|p2a: Ferrothorn|Knock Off|p1a: Hatterene
|-damage|p1a: Hatterene|56/100
|-enditem|p1a: Hatterene|Assault Vest|[from] move: Knock Off|[of] p2a: Ferrothorn
|
|-weather|Hail|[upkeep]
|-damage|p1a: Hatterene|50/100|[from] Hail
|-damage|p2a: Ferrothorn|80/100|[from] Hail
|-heal|p2a: Ferrothorn|86/100|[from] item: Leftovers
|upkeep
|turn|16
|
|t:|1653710241
|switch|p2a: Zapdos|Zapdos|77/100
|move|p1a: Hatterene|Mystical Fire|p2a: Zapdos
|-damage|p2a: Zapdos|50/100
|-unboost|p2a: Zapdos|spa|1
|
|-weather|Hail|[upkeep]
|-damage|p2a: Zapdos|44/100|[from] Hail
|-damage|p1a: Hatterene|44/100|[from] Hail
|upkeep
|turn|17
|
|t:|1653710249
|move|p2a: Zapdos|Roost|p2a: Zapdos
|-heal|p2a: Zapdos|94/100
|-singleturn|p2a: Zapdos|move: Roost
|move|p1a: Hatterene|Dazzling Gleam|p2a: Zapdos
|-damage|p2a: Zapdos|51/100
|
|-weather|none
|upkeep
|turn|18
|
|t:|1653710254
|switch|p1a: Ninetales|Ninetales-Alola, F|95/100
|-weather|Hail|[from] ability: Snow Warning|[of] p1a: Ninetales
|move|p2a: Zapdos|Volt Switch|p1a: Ninetales
|-damage|p1a: Ninetales|82/100
|
|t:|1653710256
|switch|p2a: Excadrill|Excadrill, M|100/100|[from]move: Volt Switch
|-damage|p2a: Excadrill|97/100|[from] Stealth Rock
|
|-weather|Hail|[upkeep]
|-damage|p2a: Excadrill|91/100|[from] Hail
|upkeep
|turn|19
|
|t:|1653710264
|switch|p1a: Buzzwole|Buzzwole|100/100
|move|p2a: Excadrill|Rapid Spin|p1a: Buzzwole
|-damage|p1a: Buzzwole|91/100
|-boost|p2a: Excadrill|spe|1
|-damage|p2a: Excadrill|75/100|[from] item: Rocky Helmet|[of] p1a: Buzzwole
|-sideend|p2: gygt3|Stealth Rock|[from] move: Rapid Spin|[of] p2a: Excadrill
|
|-weather|Hail|[upkeep]
|-damage|p2a: Excadrill|69/100|[from] Hail
|-damage|p1a: Buzzwole|85/100|[from] Hail
|upkeep
|turn|20
|
|t:|1653710269
|switch|p2a: Tapu Lele|Tapu Lele, shiny|100/100
|-fieldstart|move: Psychic Terrain|[from] ability: Psychic Surge|[of] p2a: Tapu Lele
|move|p1a: Buzzwole|Toxic|p2a: Tapu Lele
|-status|p2a: Tapu Lele|tox
|
|-weather|Hail|[upkeep]
|-damage|p2a: Tapu Lele|94/100 tox|[from] Hail
|-damage|p1a: Buzzwole|79/100|[from] Hail
|-damage|p2a: Tapu Lele|88/100 tox|[from] psn
|upkeep
|turn|21
|
|t:|1653710278
|switch|p2a: Urshifu|Urshifu-Rapid-Strike, M|100/100
|switch|p1a: Hatterene|Hatterene, F|44/100
|
|-weather|Hail|[upkeep]
|-damage|p2a: Urshifu|94/100|[from] Hail
|-damage|p1a: Hatterene|38/100|[from] Hail
|-sideend|p1: Draco09876|move: Aurora Veil
|upkeep
|turn|22
|
|t:|1653710283
|switch|p1a: Buzzwole|Buzzwole|79/100
|move|p2a: Urshifu|Surging Strikes|p1a: Buzzwole
|-crit|p1a: Buzzwole
|-damage|p1a: Buzzwole|67/100
|-crit|p1a: Buzzwole
|-damage|p1a: Buzzwole|55/100
|-crit|p1a: Buzzwole
|-damage|p1a: Buzzwole|42/100
|-hitcount|p1a: Buzzwole|3
|
|-weather|none
|upkeep
|turn|23
|
|t:|1653710289
|move|p2a: Urshifu|Surging Strikes|p1a: Buzzwole
|-crit|p1a: Buzzwole
|-damage|p1a: Buzzwole|29/100
|-crit|p1a: Buzzwole
|-damage|p1a: Buzzwole|17/100
|-crit|p1a: Buzzwole
|-damage|p1a: Buzzwole|5/100
|-hitcount|p1a: Buzzwole|3
|move|p1a: Buzzwole|Roost|p1a: Buzzwole
|-heal|p1a: Buzzwole|55/100
|-singleturn|p1a: Buzzwole|move: Roost
|
|upkeep
|turn|24
|
|t:|1653710293
|move|p2a: Urshifu|U-turn|p1a: Buzzwole
|-resisted|p1a: Buzzwole
|-damage|p1a: Buzzwole|47/100
|
|t:|1653710295
|switch|p2a: Zapdos|Zapdos|51/100|[from]move: U-turn
|move|p1a: Buzzwole|Roost|p1a: Buzzwole
|-heal|p1a: Buzzwole|97/100
|-singleturn|p1a: Buzzwole|move: Roost
|
|-fieldend|move: Psychic Terrain
|upkeep
|turn|25
|
|t:|1653710305
|switch|p1a: Swampert|Swampert, F|77/100
|move|p2a: Zapdos|Hurricane|p1a: Swampert
|-damage|p1a: Swampert|47/100
|-start|p1a: Swampert|confusion
|
|-heal|p1a: Swampert|53/100|[from] item: Leftovers
|upkeep
|turn|26
|
|t:|1653710311
|switch|p1a: Hatterene|Hatterene, F|38/100
|move|p2a: Zapdos|Hurricane|p1a: Hatterene
|-damage|p1a: Hatterene|0 fnt
|faint|p1a: Hatterene
|
|upkeep
|j| Noob 0_o 2022
|j| meatwad222
|
|t:|1653710318
|switch|p1a: Latias|Latias, F|100/100
|turn|27
|j| Djdkdkdkdmdmd
|j| Zeno420
|
|t:|1653710321
|move|p1a: Latias|Agility|p1a: Latias
|-boost|p1a: Latias|spe|2
|move|p2a: Zapdos|Volt Switch|p1a: Latias
|-resisted|p1a: Latias
|-crit|p1a: Latias
|-damage|p1a: Latias|82/100
|j| D10S Dog
|inactive|gygt3 has 120 seconds left.
|
|t:|1653710375
|switch|p2a: Ferrothorn|Ferrothorn, M|86/100|[from]move: Volt Switch
|
|-heal|p2a: Ferrothorn|92/100|[from] item: Leftovers
|upkeep
|turn|28
|
|t:|1653710387
|move|p1a: Latias|Aura Sphere|p2a: Ferrothorn
|-supereffective|p2a: Ferrothorn
|-damage|p2a: Ferrothorn|57/100
|move|p2a: Ferrothorn|Leech Seed|p1a: Latias
|-start|p1a: Latias|move: Leech Seed
|
|-heal|p2a: Ferrothorn|63/100|[from] item: Leftovers
|-damage|p1a: Latias|69/100|[from] Leech Seed|[of] p2a: Ferrothorn
|-heal|p2a: Ferrothorn|73/100|[silent]
|upkeep
|turn|29
|j| Cubielubie
|
|t:|1653710403
|switch|p1a: Buzzwole|Buzzwole|97/100
|switch|p2a: Tapu Lele|Tapu Lele, shiny|88/100 tox
|-fieldstart|move: Psychic Terrain|[from] ability: Psychic Surge|[of] p2a: Tapu Lele
|
|-damage|p2a: Tapu Lele|82/100 tox|[from] psn
|upkeep
|turn|30
|
|t:|1653710411
|switch|p1a: Swampert|Swampert, F|53/100
|move|p2a: Tapu Lele|Moonblast|p1a: Swampert
|-damage|p1a: Swampert|18/100
|-unboost|p1a: Swampert|spa|1
|
|-heal|p1a: Swampert|25/100|[from] item: Leftovers
|-damage|p2a: Tapu Lele|70/100 tox|[from] psn
|upkeep
|turn|31
|
|t:|1653710416
|move|p2a: Tapu Lele|Moonblast|p1a: Swampert
|-damage|p1a: Swampert|0 fnt
|faint|p1a: Swampert
|
|-damage|p2a: Tapu Lele|52/100 tox|[from] psn
|upkeep
|
|t:|1653710420
|switch|p1a: Ninetales|Ninetales-Alola, F|82/100
|-weather|Hail|[from] ability: Snow Warning|[of] p1a: Ninetales
|turn|32
|j| j54321
|
|t:|1653710435
|switch|p2a: Ferrothorn|Ferrothorn, M|73/100
|switch|p1a: Bisharp|Bisharp, F|100/100
|
|-weather|Hail|[upkeep]
|-damage|p1a: Bisharp|95/100|[from] Hail
|-damage|p2a: Ferrothorn|67/100|[from] Hail
|-heal|p2a: Ferrothorn|73/100|[from] item: Leftovers
|upkeep
|turn|33
|
|t:|1653710440
|switch|p1a: Buzzwole|Buzzwole|97/100
|switch|p2a: Urshifu|Urshifu-Rapid-Strike, M|94/100
|
|-weather|Hail|[upkeep]
|-damage|p2a: Urshifu|88/100|[from] Hail
|-damage|p1a: Buzzwole|91/100|[from] Hail
|-fieldend|move: Psychic Terrain
|upkeep
|turn|34
|
|t:|1653710447
|move|p2a: Urshifu|Surging Strikes|p1a: Buzzwole
|-crit|p1a: Buzzwole
|-damage|p1a: Buzzwole|79/100
|-crit|p1a: Buzzwole
|-damage|p1a: Buzzwole|66/100
|-crit|p1a: Buzzwole
|-damage|p1a: Buzzwole|52/100
|-hitcount|p1a: Buzzwole|3
|move|p1a: Buzzwole|Ice Punch|p2a: Urshifu
|-resisted|p2a: Urshifu
|-damage|p2a: Urshifu|76/100
|
|-weather|Hail|[upkeep]
|-damage|p2a: Urshifu|70/100|[from] Hail
|-damage|p1a: Buzzwole|46/100|[from] Hail
|upkeep
|turn|35
|
|t:|1653710450
|move|p2a: Urshifu|U-turn|p1a: Buzzwole
|-resisted|p1a: Buzzwole
|-damage|p1a: Buzzwole|39/100
|
|t:|1653710451
|switch|p2a: Zapdos|Zapdos|51/100|[from]move: U-turn
|move|p1a: Buzzwole|Roost|p1a: Buzzwole
|-heal|p1a: Buzzwole|89/100
|-singleturn|p1a: Buzzwole|move: Roost
|
|-weather|Hail|[upkeep]
|-damage|p2a: Zapdos|45/100|[from] Hail
|-damage|p1a: Buzzwole|82/100|[from] Hail
|upkeep
|turn|36
|l| Noob 0_o 2022
|
|t:|1653710458
|switch|p1a: Ninetales|Ninetales-Alola, F|82/100
|move|p2a: Zapdos|Volt Switch|p1a: Ninetales
|-damage|p1a: Ninetales|49/100
|
|t:|1653710475
|switch|p2a: Tapu Lele|Tapu Lele, shiny|52/100 tox|[from]move: Volt Switch
|-fieldstart|move: Psychic Terrain|[from] ability: Psychic Surge|[of] p2a: Tapu Lele
|
|-weather|none
|-damage|p2a: Tapu Lele|46/100 tox|[from] psn
|upkeep
|turn|37
|
|t:|1653710491
|switch|p1a: Bisharp|Bisharp, F|95/100
|move|p2a: Tapu Lele|Psyshock|p1a: Bisharp
|-immune|p1a: Bisharp
|
|-damage|p2a: Tapu Lele|34/100 tox|[from] psn
|upkeep
|turn|38
|
|t:|1653710496
|switch|p2a: Urshifu|Urshifu-Rapid-Strike, M|70/100
|move|p1a: Bisharp|Swords Dance|p1a: Bisharp
|-boost|p1a: Bisharp|atk|2
|
|upkeep
|turn|39
|
|t:|1653710502
|switch|p1a: Buzzwole|Buzzwole|82/100
|move|p2a: Urshifu|Surging Strikes|p1a: Buzzwole
|-crit|p1a: Buzzwole
|-damage|p1a: Buzzwole|69/100
|-crit|p1a: Buzzwole
|-damage|p1a: Buzzwole|56/100
|-crit|p1a: Buzzwole
|-damage|p1a: Buzzwole|43/100
|-hitcount|p1a: Buzzwole|3
|
|upkeep
|turn|40
|
|t:|1653710505
|move|p2a: Urshifu|U-turn|p1a: Buzzwole
|-resisted|p1a: Buzzwole
|-damage|p1a: Buzzwole|36/100
|
|t:|1653710507
|switch|p2a: Zapdos|Zapdos|45/100|[from]move: U-turn
|move|p1a: Buzzwole|Roost|p1a: Buzzwole
|-heal|p1a: Buzzwole|86/100
|-singleturn|p1a: Buzzwole|move: Roost
|
|-fieldend|move: Psychic Terrain
|upkeep
|turn|41
|
|t:|1653710511
|move|p2a: Zapdos|Volt Switch|p1a: Buzzwole
|-crit|p1a: Buzzwole
|-damage|p1a: Buzzwole|45/100
|
|t:|1653710520
|switch|p2a: Urshifu|Urshifu-Rapid-Strike, M|70/100|[from]move: Volt Switch
|move|p1a: Buzzwole|Toxic|p2a: Urshifu
|-status|p2a: Urshifu|tox
|
|-damage|p2a: Urshifu|64/100 tox|[from] psn
|upkeep
|turn|42
|j| J2Jump
|
|t:|1653710524
|move|p2a: Urshifu|U-turn|p1a: Buzzwole
|-resisted|p1a: Buzzwole
|-damage|p1a: Buzzwole|38/100
|
|t:|1653710526
|switch|p2a: Zapdos|Zapdos|45/100|[from]move: U-turn
|move|p1a: Buzzwole|Roost|p1a: Buzzwole
|-heal|p1a: Buzzwole|88/100
|-singleturn|p1a: Buzzwole|move: Roost
|
|upkeep
|turn|43
|
|t:|1653710530
|switch|p1a: Latias|Latias, F|69/100
|move|p2a: Zapdos|Heat Wave|p1a: Latias|[miss]
|-miss|p2a: Zapdos|p1a: Latias
|
|upkeep
|turn|44
|
|t:|1653710538
|move|p1a: Latias|Calm Mind|p1a: Latias
|-boost|p1a: Latias|spa|1
|-boost|p1a: Latias|spd|1
|move|p2a: Zapdos|Roost|p2a: Zapdos
|-heal|p2a: Zapdos|95/100
|-singleturn|p2a: Zapdos|move: Roost
|
|upkeep
|turn|45
|
|t:|1653710544
|move|p1a: Latias|Calm Mind|p1a: Latias
|-boost|p1a: Latias|spa|1
|-boost|p1a: Latias|spd|1
|move|p2a: Zapdos|Volt Switch|p1a: Latias
|-resisted|p1a: Latias
|-damage|p1a: Latias|63/100
|
|t:|1653710554
|switch|p2a: Ferrothorn|Ferrothorn, M|73/100|[from]move: Volt Switch
|
|-heal|p2a: Ferrothorn|79/100|[from] item: Leftovers
|upkeep
|turn|46
|
|t:|1653710557
|move|p1a: Latias|Aura Sphere|p2a: Ferrothorn
|-supereffective|p2a: Ferrothorn
|-damage|p2a: Ferrothorn|0 fnt
|faint|p2a: Ferrothorn
|
|upkeep
|-message|gygt3 forfeited.
|
|win|Draco09876
|raw|Draco09876's rating: 1728 &rarr; <strong>1757</strong><br />(+29 for winning)
|raw|gygt3's rating: 1898 &rarr; <strong>1869</strong><br />(-29 for losing)
|l|☆Draco09876
|l| Zeno420
|l| J2Jump
|l| Djdkdkdkdmdmd
