|j|☆top 500 mainstay
|j|☆galarian dragapult
|t:|1635827978
|gametype|singles
|player|p1|top 500 mainstay|byron|1721
|player|p2|galarian dragapult|169|1739
|teamsize|p1|6
|teamsize|p2|6
|gen|8
|tier|[Gen 8] OU
|rated|
|rule|Sleep Clause Mod: Limit one foe put to sleep
|rule|Species Clause: Limit one of each Pokémon
|rule|OHKO Clause: OHKO moves are banned
|rule|Evasion Moves Clause: Evasion moves are banned
|rule|Endless Battle Clause: Forcing endless battles is banned
|rule|HP Percentage Mod: HP is shown in percentages
|rule|Dynamax Clause: You cannot dynamax
|clearpoke
|poke|p1|Dragonite, M|
|poke|p1|Garchomp, M|
|poke|p1|Magnezone|
|poke|p1|Tapu Koko|
|poke|p1|Scizor, F|
|poke|p1|Landorus-Therian, M|
|poke|p2|Corviknight, M|
|poke|p2|Dragapult, F|
|poke|p2|Blissey, F|
|poke|p2|Victini|
|poke|p2|Tapu Fini|
|poke|p2|Nidoking, M|
|teampreview
|inactive|Battle timer is ON: inactive players will automatically lose when time's up. (requested by top 500 mainstay)
|j| Reign1997
|inactive|galarian dragapult has 120 seconds left.
|inactive|top 500 mainstay has 120 seconds left.
|j| starnger7402
|inactive|top 500 mainstay has 90 seconds left.
|inactive|top 500 mainstay has 60 seconds left.
|
|t:|1635828089
|start
|switch|p1a: Landorus|Landorus-Therian, M|100/100
|switch|p2a: Dragapult|Dragapult, F|100/100
|-ability|p1a: Landorus|Intimidate|boost
|-fail|p2a: Dragapult|unboost|[from] ability: Clear Body|[of] p2a: Dragapult
|turn|1
|
|t:|1635828101
|switch|p2a: Corviknight|Corviknight, M|100/100
|-ability|p2a: Corviknight|Pressure
|move|p1a: Landorus|Knock Off|p2a: Corviknight
|-damage|p2a: Corviknight|83/100
|-damage|p1a: Landorus|84/100|[from] item: Rocky Helmet|[of] p2a: Corviknight
|-enditem|p2a: Corviknight|Rocky Helmet|[from] move: Knock Off|[of] p1a: Landorus
|
|-heal|p1a: Landorus|90/100|[from] item: Leftovers
|upkeep
|turn|2
|
|t:|1635828118
|move|p1a: Landorus|U-turn|p2a: Corviknight
|-resisted|p2a: Corviknight
|-damage|p2a: Corviknight|80/100
|
|t:|1635828120
|switch|p1a: Magnezone|Magnezone|100/100|[from]move: U-turn
|move|p2a: Corviknight|U-turn|p1a: Magnezone
|-resisted|p1a: Magnezone
|-damage|p1a: Magnezone|93/100
|
|t:|1635828122
|switch|p2a: Nidoking|Nidoking, M|100/100|[from]move: U-turn
|
|upkeep
|turn|3
|
|t:|1635828129
|switch|p1a: Scizor|Scizor, F|100/100
|move|p2a: Nidoking|Earth Power|p1a: Scizor
|-damage|p1a: Scizor|46/100
|
|upkeep
|turn|4
|
|t:|1635828137
|switch|p2a: Victini|Victini|100/100
|move|p1a: Scizor|U-turn|p2a: Victini
|-damage|p2a: Victini|71/100
|
|t:|1635828140
|switch|p1a: Landorus|Landorus-Therian, M|90/100|[from]move: U-turn
|-ability|p1a: Landorus|Intimidate|boost
|-unboost|p2a: Victini|atk|1
|
|-heal|p1a: Landorus|96/100|[from] item: Leftovers
|upkeep
|turn|5
|
|t:|1635828143
|move|p2a: Victini|Glaciate|p1a: Landorus
|-supereffective|p1a: Landorus
|-damage|p1a: Landorus|32/100
|-unboost|p1a: Landorus|spe|1
|move|p1a: Landorus|Knock Off|p2a: Victini
|-supereffective|p2a: Victini
|-damage|p2a: Victini|6/100
|-enditem|p2a: Victini|Expert Belt|[from] move: Knock Off|[of] p1a: Landorus
|
|-heal|p1a: Landorus|38/100|[from] item: Leftovers
|upkeep
|turn|6
|
|t:|1635828151
|switch|p1a: Tapu Koko|Tapu Koko|100/100
|-fieldstart|move: Electric Terrain|[from] ability: Electric Surge|[of] p1a: Tapu Koko
|move|p2a: Victini|Glaciate|p1a: Tapu Koko
|-damage|p1a: Tapu Koko|74/100
|-unboost|p1a: Tapu Koko|spe|1
|
|upkeep
|turn|7
|
|t:|1635828156
|move|p2a: Victini|Blue Flare|p1a: Tapu Koko
|-damage|p1a: Tapu Koko|0 fnt
|faint|p1a: Tapu Koko
|
|upkeep
|
|t:|1635828159
|switch|p1a: Scizor|Scizor, F|46/100
|turn|8
|
|t:|1635828172
|move|p1a: Scizor|Bullet Punch|p2a: Victini
|-resisted|p2a: Victini
|-damage|p2a: Victini|0 fnt
|faint|p2a: Victini
|
|upkeep
|
|t:|1635828176
|switch|p2a: Nidoking|Nidoking, M|100/100
|turn|9
|
|t:|1635828179
|move|p2a: Nidoking|Earth Power|p1a: Scizor
|-damage|p1a: Scizor|0 fnt
|faint|p1a: Scizor
|
|upkeep
|
|t:|1635828181
|switch|p1a: Garchomp|Garchomp, M|100/100
|turn|10
|
|t:|1635828185
|switch|p2a: Corviknight|Corviknight, M|80/100
|-ability|p2a: Corviknight|Pressure
|move|p1a: Garchomp|Earthquake|p2a: Corviknight
|-immune|p2a: Corviknight
|
|-fieldend|move: Electric Terrain
|upkeep
|turn|11
|
|t:|1635828188
|move|p1a: Garchomp|Swords Dance|p1a: Garchomp
|-boost|p1a: Garchomp|atk|2
|move|p2a: Corviknight|U-turn|p1a: Garchomp
|-damage|p1a: Garchomp|85/100
|-damage|p2a: Corviknight|67/100|[from] ability: Rough Skin|[of] p1a: Garchomp
|
|t:|1635828190
|switch|p2a: Dragapult|Dragapult, F|100/100|[from]move: U-turn
|
|-heal|p1a: Garchomp|92/100|[from] item: Leftovers
|upkeep
|turn|12
|
|t:|1635828193
|switch|p1a: Landorus|Landorus-Therian, M|38/100
|-ability|p1a: Landorus|Intimidate|boost
|-fail|p2a: Dragapult|unboost|[from] ability: Clear Body|[of] p2a: Dragapult
|move|p2a: Dragapult|Dragon Darts|p1a: Landorus
|-damage|p1a: Landorus|0 fnt
|faint|p1a: Landorus
|
|upkeep
|
|t:|1635828195
|switch|p1a: Magnezone|Magnezone|93/100
|turn|13
|
|t:|1635828198
|switch|p2a: Blissey|Blissey, F|100/100
|move|p1a: Magnezone|Flash Cannon|p2a: Blissey
|-crit|p2a: Blissey
|-damage|p2a: Blissey|59/100
|
|upkeep
|turn|14
|
|t:|1635828202
|switch|p1a: Dragonite|Dragonite, M|100/100
|move|p2a: Blissey|Teleport|p2a: Blissey
|
|t:|1635828205
|switch|p2a: Dragapult|Dragapult, F|100/100|[from]move: Teleport
|
|upkeep
|turn|15
|
|t:|1635828208
|switch|p1a: Magnezone|Magnezone|93/100
|move|p2a: Dragapult|Dragon Darts|p1a: Magnezone
|-resisted|p1a: Magnezone
|-damage|p1a: Magnezone|73/100
|-anim|p2a: Dragapult|Dragon Darts|p1a: Magnezone
|-resisted|p1a: Magnezone
|-damage|p1a: Magnezone|51/100
|
|upkeep
|turn|16
|
|t:|1635828211
|switch|p2a: Blissey|Blissey, F|59/100
|move|p1a: Magnezone|Volt Switch|p2a: Blissey
|-damage|p2a: Blissey|37/100
|
|t:|1635828213
|switch|p1a: Dragonite|Dragonite, M|100/100|[from]move: Volt Switch
|
|upkeep
|turn|17
|
|t:|1635828215
|move|p1a: Dragonite|Dragon Dance|p1a: Dragonite
|-boost|p1a: Dragonite|atk|1
|-boost|p1a: Dragonite|spe|1
|move|p2a: Blissey|Toxic|p1a: Dragonite
|-status|p1a: Dragonite|tox
|
|-damage|p1a: Dragonite|94/100 tox|[from] psn
|upkeep
|turn|18
|
|t:|1635828219
|move|p1a: Dragonite|Dragon Dance|p1a: Dragonite
|-boost|p1a: Dragonite|atk|1
|-boost|p1a: Dragonite|spe|1
|move|p2a: Blissey|Seismic Toss|p1a: Dragonite
|-damage|p1a: Dragonite|68/100 tox
|
|-damage|p1a: Dragonite|56/100 tox|[from] psn
|upkeep
|turn|19
|
|t:|1635828222
|move|p1a: Dragonite|Dual Wingbeat|p2a: Blissey
|-damage|p2a: Blissey|3/100
|-damage|p2a: Blissey|0 fnt
|faint|p2a: Blissey
|-hitcount|p2: Blissey|2
|
|-damage|p1a: Dragonite|37/100 tox|[from] psn
|upkeep
|
|t:|1635828225
|switch|p2a: Corviknight|Corviknight, M|67/100
|-ability|p2a: Corviknight|Pressure
|turn|20
|
|t:|1635828227
|move|p1a: Dragonite|Dual Wingbeat|p2a: Corviknight
|-resisted|p2a: Corviknight
|-damage|p2a: Corviknight|55/100
|-resisted|p2a: Corviknight
|-damage|p2a: Corviknight|43/100
|-hitcount|p2a: Corviknight|2
|move|p2a: Corviknight|Roost|p2a: Corviknight
|-heal|p2a: Corviknight|93/100
|-singleturn|p2a: Corviknight|move: Roost
|
|-damage|p1a: Dragonite|12/100 tox|[from] psn
|upkeep
|turn|21
|
|t:|1635828230
|switch|p1a: Magnezone|Magnezone|51/100
|move|p2a: Corviknight|Roost|p2a: Corviknight
|-heal|p2a: Corviknight|100/100
|-singleturn|p2a: Corviknight|move: Roost
|
|upkeep
|turn|22
|
|t:|1635828232
|move|p1a: Magnezone|Thunderbolt|p2a: Corviknight
|-supereffective|p2a: Corviknight
|-damage|p2a: Corviknight|0 fnt
|faint|p2a: Corviknight
|
|upkeep
|
|t:|1635828236
|switch|p2a: Nidoking|Nidoking, M|100/100
|turn|23
|
|t:|1635828238
|switch|p1a: Dragonite|Dragonite, M|12/100 tox
|move|p2a: Nidoking|Flamethrower|p1a: Dragonite
|-resisted|p1a: Dragonite
|-damage|p1a: Dragonite|0 fnt
|faint|p1a: Dragonite
|
|upkeep
|
|t:|1635828239
|switch|p1a: Garchomp|Garchomp, M|92/100
|turn|24
|
|t:|1635828241
|move|p1a: Garchomp|Earthquake|p2a: Nidoking
|-supereffective|p2a: Nidoking
|-damage|p2a: Nidoking|0 fnt
|faint|p2a: Nidoking
|
|-heal|p1a: Garchomp|98/100|[from] item: Leftovers
|upkeep
|
|t:|1635828243
|switch|p2a: Dragapult|Dragapult, F|100/100
|turn|25
|
|t:|1635828245
|switch|p1a: Magnezone|Magnezone|51/100
|move|p2a: Dragapult|Dragon Darts|p1a: Magnezone
|-resisted|p1a: Magnezone
|-damage|p1a: Magnezone|30/100
|-anim|p2a: Dragapult|Dragon Darts|p1a: Magnezone
|-resisted|p1a: Magnezone
|-damage|p1a: Magnezone|7/100
|
|upkeep
|turn|26
|
|t:|1635828247
|move|p2a: Dragapult|Dragon Darts|p1a: Magnezone
|-resisted|p1a: Magnezone
|-damage|p1a: Magnezone|0 fnt
|faint|p1a: Magnezone
|
|upkeep
|
|t:|1635828249
|switch|p1a: Garchomp|Garchomp, M|98/100
|turn|27
|
|t:|1635828250
|move|p2a: Dragapult|Dragon Darts|p1a: Garchomp
|-supereffective|p1a: Garchomp
|-damage|p1a: Garchomp|12/100
|-anim|p2a: Dragapult|Dragon Darts|p1a: Garchomp
|-supereffective|p1a: Garchomp
|-damage|p1a: Garchomp|0 fnt
|faint|p1a: Garchomp
|
|win|galarian dragapult
|raw|top 500 mainstay's rating: 1721 &rarr; <strong>1702</strong><br />(-19 for losing)
|raw|galarian dragapult's rating: 1739 &rarr; <strong>1758</strong><br />(+19 for winning)
|l|☆galarian dragapult
|l|☆top 500 mainstay
