|j|☆baila como el tapu
|j|☆enpathy
|t:|1645729325
|gametype|singles
|player|p1|baila como el tapu|dragontamer|1688
|player|p2|enpathy|101|1653
|teamsize|p1|6
|teamsize|p2|6
|gen|8
|tier|[Gen 8] OU
|rated|
|rule|Sleep Clause Mod: Limit one foe put to sleep
|rule|Species Clause: Limit one of each Pokémon
|rule|OHKO Clause: OHKO moves are banned
|rule|Evasion Moves Clause: Evasion moves are banned
|rule|Endless Battle Clause: Forcing endless battles is banned
|rule|HP Percentage Mod: HP is shown in percentages
|rule|Dynamax Clause: You cannot dynamax
|clearpoke
|poke|p1|Tyranitar, M|
|poke|p1|Tornadus-Therian, M|
|poke|p1|Excadrill, M|
|poke|p1|Slowbro, M|
|poke|p1|Zapdos-Galar|
|poke|p1|Ferrothorn, M|
|poke|p2|Melmetal|
|poke|p2|Clefable, F|
|poke|p2|Landorus-Therian, M|
|poke|p2|Slowbro, F|
|poke|p2|Tapu Koko|
|poke|p2|Tornadus-Therian, M|
|teampreview
|inactive|Battle timer is ON: inactive players will automatically lose when time's up. (requested by enpathy)
|inactive|baila como el tapu has 120 seconds left.
|inactive|baila como el tapu has 90 seconds left.
|inactive|baila como el tapu has 60 seconds left.
|
|t:|1645729461
|start
|switch|p1a: Hugs for Free|Ferrothorn, M, shiny|100/100
|switch|p2a: Tornadus|Tornadus-Therian, M|100/100
|turn|1
|
|t:|1645729478
|switch|p1a: Brib|Tornadus-Therian, M, shiny|100/100
|move|p2a: Tornadus|Heat Wave|p1a: Brib
|-damage|p1a: Brib|75/100
|
|upkeep
|turn|2
|
|t:|1645729484
|move|p1a: Brib|Knock Off|p2a: Tornadus
|-damage|p2a: Tornadus|77/100
|-enditem|p2a: Tornadus|Assault Vest|[from] move: Knock Off|[of] p1a: Brib
|move|p2a: Tornadus|Knock Off|p1a: Brib
|-damage|p1a: Brib|54/100
|-enditem|p1a: Brib|Heavy-Duty Boots|[from] move: Knock Off|[of] p2a: Tornadus
|
|upkeep
|turn|3
|
|t:|1645729493
|move|p1a: Brib|U-turn|p2a: Tornadus
|-resisted|p2a: Tornadus
|-damage|p2a: Tornadus|67/100
|
|t:|1645729502
|switch|p1a: Sun Tzu|Zapdos-Galar|100/100|[from]move: U-turn
|move|p2a: Tornadus|U-turn|p1a: Sun Tzu
|-resisted|p1a: Sun Tzu
|-crit|p1a: Sun Tzu
|-damage|p1a: Sun Tzu|94/100
|
|t:|1645729505
|switch|p2a: Tapu Koko|Tapu Koko|100/100|[from]move: U-turn
|-fieldstart|move: Electric Terrain|[from] ability: Electric Surge|[of] p2a: Tapu Koko
|
|upkeep
|turn|4
|
|t:|1645729517
|switch|p1a: Hugs for Free|Ferrothorn, M, shiny|100/100
|move|p2a: Tapu Koko|U-turn|p1a: Hugs for Free
|-damage|p1a: Hugs for Free|89/100
|-damage|p2a: Tapu Koko|88/100|[from] ability: Iron Barbs|[of] p1a: Hugs for Free
|
|t:|1645729534
|switch|p2a: Tornadus|Tornadus-Therian, M|100/100|[from]move: U-turn
|
|-heal|p1a: Hugs for Free|96/100|[from] item: Leftovers
|upkeep
|turn|5
|inactive|baila como el tapu has 120 seconds left.
|
|t:|1645729541
|switch|p1a: Brib|Tornadus-Therian, M, shiny|87/100
|move|p2a: Tornadus|Hurricane|p1a: Brib
|-damage|p1a: Brib|47/100
|-start|p1a: Brib|confusion
|
|upkeep
|turn|6
|inactive|baila como el tapu has 120 seconds left.
|
|t:|1645729560
|-activate|p1a: Brib|confusion
|move|p1a: Brib|U-turn|p2a: Tornadus
|-resisted|p2a: Tornadus
|-damage|p2a: Tornadus|91/100
|
|t:|1645729566
|switch|p1a: I killed the moth|Tyranitar, M, shiny|100/100|[from]move: U-turn
|-weather|Sandstorm|[from] ability: Sand Stream|[of] p1a: I killed the moth
|move|p2a: Tornadus|Knock Off|p1a: I killed the moth
|-resisted|p1a: I killed the moth
|-damage|p1a: I killed the moth|94/100
|-enditem|p1a: I killed the moth|Leftovers|[from] move: Knock Off|[of] p2a: Tornadus
|
|-weather|Sandstorm|[upkeep]
|-damage|p2a: Tornadus|85/100|[from] Sandstorm
|upkeep
|turn|7
|inactive|baila como el tapu has 120 seconds left.
|
|t:|1645729577
|move|p2a: Tornadus|U-turn|p1a: I killed the moth
|-supereffective|p1a: I killed the moth
|-damage|p1a: I killed the moth|72/100
|
|t:|1645729582
|switch|p2a: Clefable|Clefable, F|100/100|[from]move: U-turn
|move|p1a: I killed the moth|Stealth Rock|p2a: Clefable
|-sidestart|p2: enpathy|move: Stealth Rock
|
|-weather|Sandstorm|[upkeep]
|-fieldend|move: Electric Terrain
|upkeep
|turn|8
|
|t:|1645729592
|switch|p1a: Hugs Machine|Slowbro, M, shiny|100/100
|move|p2a: Clefable|Stealth Rock|p1a: Hugs Machine
|-sidestart|p1: baila como el tapu|move: Stealth Rock
|
|-weather|Sandstorm|[upkeep]
|-damage|p1a: Hugs Machine|94/100|[from] Sandstorm
|upkeep
|turn|9
|
|t:|1645729599
|switch|p2a: Slowbro|Slowbro, F|100/100
|-damage|p2a: Slowbro|88/100|[from] Stealth Rock
|move|p1a: Hugs Machine|Future Sight|p2a: Slowbro
|-start|p1a: Hugs Machine|move: Future Sight
|
|-weather|Sandstorm|[upkeep]
|-damage|p2a: Slowbro|82/100|[from] Sandstorm
|-damage|p1a: Hugs Machine|88/100|[from] Sandstorm
|upkeep
|turn|10
|
|t:|1645729602
|move|p2a: Slowbro|Future Sight|p1a: Hugs Machine
|-start|p2a: Slowbro|move: Future Sight
|move|p1a: Hugs Machine|Teleport|p1a: Hugs Machine
|
|t:|1645729619
|switch|p1a: Brib|Tornadus-Therian, M, shiny|81/100|[from]move: Teleport
|-damage|p1a: Brib|56/100|[from] Stealth Rock
|
|-weather|none
|upkeep
|turn|11
|
|t:|1645729630
|move|p1a: Brib|Knock Off|p2a: Slowbro
|-supereffective|p2a: Slowbro
|-enditem|p2a: Slowbro|Colbur Berry|[eat]
|-enditem|p2a: Slowbro|Colbur Berry|[weaken]
|-damage|p2a: Slowbro|69/100
|move|p2a: Slowbro|Teleport|p2a: Slowbro
|
|t:|1645729659
|switch|p2a: Tornadus|Tornadus-Therian, M|100/100|[from]move: Teleport
|-damage|p2a: Tornadus|76/100|[from] Stealth Rock
|
|-end|p2a: Tornadus|move: Future Sight
|-damage|p2a: Tornadus|37/100
|upkeep
|turn|12
|inactive|enpathy has 120 seconds left.
|
|t:|1645729678
|switch|p2a: Melmetal|Melmetal|100/100
|-damage|p2a: Melmetal|94/100|[from] Stealth Rock
|move|p1a: Brib|Heat Wave|p2a: Melmetal|[miss]
|-miss|p1a: Brib|p2a: Melmetal
|
|-end|p1a: Brib|move: Future Sight
|-damage|p1a: Brib|14/100
|upkeep
|turn|13
|
|t:|1645729686
|move|p1a: Brib|U-turn|p2a: Melmetal
|-resisted|p2a: Melmetal
|-damage|p2a: Melmetal|90/100
|
|t:|1645729689
|switch|p1a: Hugs Machine|Slowbro, M, shiny|100/100|[from]move: U-turn
|move|p2a: Melmetal|Thunder Punch|p1a: Hugs Machine
|-supereffective|p1a: Hugs Machine
|-damage|p1a: Hugs Machine|40/100
|
|upkeep
|turn|14
|
|t:|1645729697
|switch|p2a: Tornadus|Tornadus-Therian, M|70/100
|-damage|p2a: Tornadus|45/100|[from] Stealth Rock
|switch|p1a: Ol' reliable|Excadrill, M, shiny|100/100
|-damage|p1a: Ol' reliable|98/100|[from] Stealth Rock
|
|-heal|p1a: Ol' reliable|100/100|[from] item: Leftovers
|upkeep
|turn|15
|
|t:|1645729708
|move|p2a: Tornadus|U-turn|p1a: Ol' reliable
|-resisted|p1a: Ol' reliable
|-damage|p1a: Ol' reliable|90/100
|
|t:|1645729710
|switch|p2a: Slowbro|Slowbro, F|100/100|[from]move: U-turn
|-damage|p2a: Slowbro|88/100|[from] Stealth Rock
|move|p1a: Ol' reliable|Iron Head|p2a: Slowbro
|-resisted|p2a: Slowbro
|-damage|p2a: Slowbro|74/100
|
|-heal|p1a: Ol' reliable|96/100|[from] item: Leftovers
|upkeep
|turn|16
|
|t:|1645729722
|switch|p1a: Hugs Machine|Slowbro, M, shiny|73/100
|move|p2a: Slowbro|Body Press|p1a: Hugs Machine
|-resisted|p1a: Hugs Machine
|-damage|p1a: Hugs Machine|66/100
|
|upkeep
|turn|17
|
|t:|1645729727
|move|p1a: Hugs Machine|Future Sight|p2a: Slowbro
|-start|p1a: Hugs Machine|move: Future Sight
|move|p2a: Slowbro|Future Sight|p1a: Hugs Machine
|-start|p2a: Slowbro|move: Future Sight
|
|upkeep
|turn|18
|
|t:|1645729731
|move|p1a: Hugs Machine|Teleport|p1a: Hugs Machine
|
|t:|1645729736
|switch|p1a: Brib|Tornadus-Therian, M, shiny|47/100|[from]move: Teleport
|-damage|p1a: Brib|22/100|[from] Stealth Rock
|move|p2a: Slowbro|Teleport|p2a: Slowbro
|
|t:|1645729740
|switch|p2a: Tapu Koko|Tapu Koko|88/100|[from]move: Teleport
|-fieldstart|move: Electric Terrain|[from] ability: Electric Surge|[of] p2a: Tapu Koko
|
|upkeep
|turn|19
|
|t:|1645729747
|switch|p1a: Hugs for Free|Ferrothorn, M, shiny|96/100
|-damage|p1a: Hugs for Free|89/100|[from] Stealth Rock
|move|p2a: Tapu Koko|U-turn|p1a: Hugs for Free
|-damage|p1a: Hugs for Free|78/100
|-damage|p2a: Tapu Koko|76/100|[from] ability: Iron Barbs|[of] p1a: Hugs for Free
|
|t:|1645729751
|switch|p2a: Slowbro|Slowbro, F|100/100|[from]move: U-turn
|-damage|p2a: Slowbro|88/100|[from] Stealth Rock
|
|-end|p1a: Hugs for Free|move: Future Sight
|-resisted|p1a: Hugs for Free
|-damage|p1a: Hugs for Free|65/100
|-end|p2a: Slowbro|move: Future Sight
|-resisted|p2a: Slowbro
|-damage|p2a: Slowbro|70/100
|-heal|p1a: Hugs for Free|71/100|[from] item: Leftovers
|upkeep
|turn|20
|
|t:|1645729760
|switch|p2a: Tornadus|Tornadus-Therian, M|79/100
|-damage|p2a: Tornadus|54/100|[from] Stealth Rock
|move|p1a: Hugs for Free|Leech Seed|p2a: Tornadus
|-start|p2a: Tornadus|move: Leech Seed
|
|-heal|p1a: Hugs for Free|77/100|[from] item: Leftovers
|-damage|p2a: Tornadus|41/100|[from] Leech Seed|[of] p1a: Hugs for Free
|-heal|p1a: Hugs for Free|89/100|[silent]
|upkeep
|turn|21
|
|t:|1645729783
|switch|p1a: Brib|Tornadus-Therian, M, shiny|56/100
|-damage|p1a: Brib|31/100|[from] Stealth Rock
|move|p2a: Tornadus|U-turn|p1a: Brib
|-resisted|p1a: Brib
|-damage|p1a: Brib|23/100
|
|t:|1645729792
|switch|p2a: Slowbro|Slowbro, F|100/100|[from]move: U-turn
|-damage|p2a: Slowbro|88/100|[from] Stealth Rock
|
|upkeep
|turn|22
|
|t:|1645729800
|move|p1a: Brib|U-turn|p2a: Slowbro
|-supereffective|p2a: Slowbro
|-damage|p2a: Slowbro|70/100
|inactive|baila como el tapu has 120 seconds left.
|
|t:|1645729834
|switch|p1a: Hugs Machine|Slowbro, M, shiny|99/100|[from]move: U-turn
|move|p2a: Slowbro|Future Sight|p1a: Hugs Machine
|-start|p2a: Slowbro|move: Future Sight
|
|-fieldend|move: Electric Terrain
|upkeep
|turn|23
|inactive|baila como el tapu has 120 seconds left.
|
|t:|1645729839
|move|p1a: Hugs Machine|Future Sight|p2a: Slowbro
|-start|p1a: Hugs Machine|move: Future Sight
|move|p2a: Slowbro|Teleport|p2a: Slowbro
|
|t:|1645729843
|switch|p2a: Tapu Koko|Tapu Koko|76/100|[from]move: Teleport
|-fieldstart|move: Electric Terrain|[from] ability: Electric Surge|[of] p2a: Tapu Koko
|
|upkeep
|turn|24
|
|t:|1645729854
|switch|p1a: Hugs for Free|Ferrothorn, M, shiny|89/100
|-damage|p1a: Hugs for Free|82/100|[from] Stealth Rock
|move|p2a: Tapu Koko|Thunderbolt|p1a: Hugs for Free
|-resisted|p1a: Hugs for Free
|-damage|p1a: Hugs for Free|66/100
|
|-end|p1a: Hugs for Free|move: Future Sight
|-resisted|p1a: Hugs for Free
|-crit|p1a: Hugs for Free
|-damage|p1a: Hugs for Free|45/100
|-heal|p1a: Hugs for Free|52/100|[from] item: Leftovers
|upkeep
|turn|25
|
|t:|1645729868
|move|p2a: Tapu Koko|U-turn|p1a: Hugs for Free
|-damage|p1a: Hugs for Free|39/100
|-damage|p2a: Tapu Koko|63/100|[from] ability: Iron Barbs|[of] p1a: Hugs for Free
|
|t:|1645729871
|switch|p2a: Slowbro|Slowbro, F|100/100|[from]move: U-turn
|-damage|p2a: Slowbro|88/100|[from] Stealth Rock
|move|p1a: Hugs for Free|Leech Seed|p2a: Slowbro
|-start|p2a: Slowbro|move: Leech Seed
|
|-end|p2a: Slowbro|move: Future Sight
|-resisted|p2a: Slowbro
|-damage|p2a: Slowbro|68/100
|-heal|p1a: Hugs for Free|45/100|[from] item: Leftovers
|-damage|p2a: Slowbro|56/100|[from] Leech Seed|[of] p1a: Hugs for Free
|-heal|p1a: Hugs for Free|59/100|[silent]
|upkeep
|turn|26
|inactive|baila como el tapu has 120 seconds left.
|
|t:|1645729895
|switch|p2a: Tornadus|Tornadus-Therian, M|75/100
|-damage|p2a: Tornadus|50/100|[from] Stealth Rock
|switch|p1a: Sun Tzu|Zapdos-Galar|94/100
|-damage|p1a: Sun Tzu|81/100|[from] Stealth Rock
|
|upkeep
|turn|27
|inactive|baila como el tapu has 120 seconds left.
|
|t:|1645729912
|switch|p1a: I killed the moth|Tyranitar, M, shiny|72/100
|-damage|p1a: I killed the moth|59/100|[from] Stealth Rock
|-weather|Sandstorm|[from] ability: Sand Stream|[of] p1a: I killed the moth
|move|p2a: Tornadus|Hurricane|p1a: I killed the moth
|-resisted|p1a: I killed the moth
|-crit|p1a: I killed the moth
|-damage|p1a: I killed the moth|45/100
|-start|p1a: I killed the moth|confusion
|
|-weather|Sandstorm|[upkeep]
|-damage|p2a: Tornadus|43/100|[from] Sandstorm
|-fieldend|move: Electric Terrain
|upkeep
|turn|28
|inactive|baila como el tapu has 120 seconds left.
|
|t:|1645729932
|switch|p1a: Hugs Machine|Slowbro, M, shiny|100/100
|move|p2a: Tornadus|U-turn|p1a: Hugs Machine
|-supereffective|p1a: Hugs Machine
|-damage|p1a: Hugs Machine|83/100
|
|t:|1645729941
|switch|p2a: Tapu Koko|Tapu Koko|63/100|[from]move: U-turn
|-fieldstart|move: Electric Terrain|[from] ability: Electric Surge|[of] p2a: Tapu Koko
|
|-weather|Sandstorm|[upkeep]
|-damage|p2a: Tapu Koko|57/100|[from] Sandstorm
|-damage|p1a: Hugs Machine|77/100|[from] Sandstorm
|upkeep
|turn|29
|inactive|baila como el tapu has 120 seconds left.
|
|t:|1645729950
|switch|p1a: Ol' reliable|Excadrill, M, shiny|96/100
|-damage|p1a: Ol' reliable|93/100|[from] Stealth Rock
|move|p2a: Tapu Koko|U-turn|p1a: Ol' reliable
|-resisted|p1a: Ol' reliable
|-damage|p1a: Ol' reliable|81/100
|
|t:|1645729961
|switch|p2a: Landorus|Landorus-Therian, M|100/100|[from]move: U-turn
|-damage|p2a: Landorus|88/100|[from] Stealth Rock
|-ability|p2a: Landorus|Intimidate|boost
|-unboost|p1a: Ol' reliable|atk|1
|
|-weather|Sandstorm|[upkeep]
|-heal|p1a: Ol' reliable|87/100|[from] item: Leftovers
|-heal|p2a: Landorus|94/100|[from] item: Leftovers
|upkeep
|turn|30
|
|t:|1645729966
|switch|p1a: Sun Tzu|Zapdos-Galar|81/100
|-damage|p1a: Sun Tzu|69/100|[from] Stealth Rock
|move|p2a: Landorus|U-turn|p1a: Sun Tzu
|-resisted|p1a: Sun Tzu
|-damage|p1a: Sun Tzu|62/100
|
|t:|1645729972
|switch|p2a: Tapu Koko|Tapu Koko|57/100|[from]move: U-turn
|
|-weather|Sandstorm|[upkeep]
|-damage|p2a: Tapu Koko|51/100|[from] Sandstorm
|-damage|p1a: Sun Tzu|56/100|[from] Sandstorm
|upkeep
|turn|31
|
|t:|1645729978
|switch|p1a: Hugs for Free|Ferrothorn, M, shiny|59/100
|-damage|p1a: Hugs for Free|53/100|[from] Stealth Rock
|move|p2a: Tapu Koko|Roost|p2a: Tapu Koko
|-heal|p2a: Tapu Koko|100/100
|-singleturn|p2a: Tapu Koko|move: Roost
|
|-weather|none
|-heal|p1a: Hugs for Free|59/100|[from] item: Leftovers
|upkeep
|turn|32
|
|t:|1645729997
|move|p2a: Tapu Koko|U-turn|p1a: Hugs for Free
|-damage|p1a: Hugs for Free|48/100
|-damage|p2a: Tapu Koko|88/100|[from] ability: Iron Barbs|[of] p1a: Hugs for Free
|
|t:|1645730000
|switch|p2a: Slowbro|Slowbro, F|89/100|[from]move: U-turn
|-damage|p2a: Slowbro|77/100|[from] Stealth Rock
|move|p1a: Hugs for Free|Leech Seed|p2a: Slowbro
|-start|p2a: Slowbro|move: Leech Seed
|
|-heal|p1a: Hugs for Free|54/100|[from] item: Leftovers
|-damage|p2a: Slowbro|64/100|[from] Leech Seed|[of] p1a: Hugs for Free
|-heal|p1a: Hugs for Free|68/100|[silent]
|-fieldend|move: Electric Terrain
|upkeep
|turn|33
|
|t:|1645730012
|switch|p1a: Brib|Tornadus-Therian, M, shiny|56/100
|-damage|p1a: Brib|31/100|[from] Stealth Rock
|move|p2a: Slowbro|Teleport|p2a: Slowbro
|
|t:|1645730017
|switch|p2a: Tapu Koko|Tapu Koko|88/100|[from]move: Teleport
|-fieldstart|move: Electric Terrain|[from] ability: Electric Surge|[of] p2a: Tapu Koko
|
|upkeep
|turn|34
|
|t:|1645730025
|switch|p1a: Ol' reliable|Excadrill, M, shiny|87/100
|-damage|p1a: Ol' reliable|84/100|[from] Stealth Rock
|move|p2a: Tapu Koko|U-turn|p1a: Ol' reliable
|-resisted|p1a: Ol' reliable
|-crit|p1a: Ol' reliable
|-damage|p1a: Ol' reliable|67/100
|
|t:|1645730028
|switch|p2a: Tornadus|Tornadus-Therian, M|77/100|[from]move: U-turn
|-damage|p2a: Tornadus|52/100|[from] Stealth Rock
|
|-heal|p1a: Ol' reliable|73/100|[from] item: Leftovers
|upkeep
|turn|35
|
|t:|1645730037
|switch|p1a: Hugs Machine|Slowbro, M, shiny|100/100
|move|p2a: Tornadus|U-turn|p1a: Hugs Machine
|-supereffective|p1a: Hugs Machine
|-damage|p1a: Hugs Machine|83/100
|
|t:|1645730039
|switch|p2a: Tapu Koko|Tapu Koko|88/100|[from]move: U-turn
|
|upkeep
|turn|36
|
|t:|1645730046
|switch|p1a: Hugs for Free|Ferrothorn, M, shiny|68/100
|-damage|p1a: Hugs for Free|62/100|[from] Stealth Rock
|move|p2a: Tapu Koko|Thunderbolt|p1a: Hugs for Free
|-resisted|p1a: Hugs for Free
|-damage|p1a: Hugs for Free|47/100
|
|-heal|p1a: Hugs for Free|53/100|[from] item: Leftovers
|upkeep
|turn|37
|
|t:|1645730057
|move|p2a: Tapu Koko|U-turn|p1a: Hugs for Free
|-damage|p1a: Hugs for Free|42/100
|-damage|p2a: Tapu Koko|76/100|[from] ability: Iron Barbs|[of] p1a: Hugs for Free
|
|t:|1645730060
|switch|p2a: Tornadus|Tornadus-Therian, M|85/100|[from]move: U-turn
|-damage|p2a: Tornadus|60/100|[from] Stealth Rock
|move|p1a: Hugs for Free|Spikes|p2a: Tornadus
|-sidestart|p2: enpathy|Spikes
|
|-heal|p1a: Hugs for Free|48/100|[from] item: Leftovers
|-fieldend|move: Electric Terrain
|upkeep
|turn|38
|
|t:|1645730071
|switch|p1a: Hugs Machine|Slowbro, M, shiny|100/100
|move|p2a: Tornadus|Hurricane|p1a: Hugs Machine
|-damage|p1a: Hugs Machine|59/100
|
|upkeep
|turn|39
|
|t:|1645730082
|move|p2a: Tornadus|Knock Off|p1a: Hugs Machine
|-supereffective|p1a: Hugs Machine
|-damage|p1a: Hugs Machine|34/100
|-enditem|p1a: Hugs Machine|Heavy-Duty Boots|[from] move: Knock Off|[of] p2a: Tornadus
|move|p1a: Hugs Machine|Ice Beam|p2a: Tornadus
|-supereffective|p2a: Tornadus
|-damage|p2a: Tornadus|23/100
|
|upkeep
|turn|40
|inactive|baila como el tapu has 120 seconds left.
|
|t:|1645730119
|switch|p1a: I killed the moth|Tyranitar, M, shiny|45/100
|-damage|p1a: I killed the moth|33/100|[from] Stealth Rock
|-weather|Sandstorm|[from] ability: Sand Stream|[of] p1a: I killed the moth
|move|p2a: Tornadus|U-turn|p1a: I killed the moth
|-supereffective|p1a: I killed the moth
|-damage|p1a: I killed the moth|11/100
|
|t:|1645730138
|switch|p2a: Landorus|Landorus-Therian, M|94/100|[from]move: U-turn
|-damage|p2a: Landorus|82/100|[from] Stealth Rock
|-ability|p2a: Landorus|Intimidate|boost
|-unboost|p1a: I killed the moth|atk|1
|
|-weather|Sandstorm|[upkeep]
|-heal|p2a: Landorus|88/100|[from] item: Leftovers
|upkeep
|turn|41
|
|t:|1645730144
|switch|p1a: Sun Tzu|Zapdos-Galar|56/100
|-damage|p1a: Sun Tzu|43/100|[from] Stealth Rock
|move|p2a: Landorus|U-turn|p1a: Sun Tzu
|-resisted|p1a: Sun Tzu
|-damage|p1a: Sun Tzu|38/100
|
|t:|1645730171
|switch|p2a: Tapu Koko|Tapu Koko|76/100|[from]move: U-turn
|-fieldstart|move: Electric Terrain|[from] ability: Electric Surge|[of] p2a: Tapu Koko
|
|-weather|Sandstorm|[upkeep]
|-damage|p2a: Tapu Koko|70/100|[from] Sandstorm
|-damage|p1a: Sun Tzu|31/100|[from] Sandstorm
|upkeep
|turn|42
|
|t:|1645730174
|move|p2a: Tapu Koko|U-turn|p1a: Sun Tzu
|-resisted|p1a: Sun Tzu
|-damage|p1a: Sun Tzu|27/100
|
|t:|1645730179
|switch|p2a: Clefable|Clefable, F|100/100|[from]move: U-turn
|move|p1a: Sun Tzu|Brave Bird|p2a: Clefable
|-damage|p2a: Clefable|32/100
|-damage|p1a: Sun Tzu|0 fnt|[from] Recoil
|faint|p1a: Sun Tzu
|
|-weather|Sandstorm|[upkeep]
|-heal|p2a: Clefable|38/100|[from] item: Leftovers
|upkeep
|
|t:|1645730183
|switch|p1a: Ol' reliable|Excadrill, M, shiny|73/100
|-damage|p1a: Ol' reliable|70/100|[from] Stealth Rock
|turn|43
|
|t:|1645730190
|move|p1a: Ol' reliable|Rapid Spin|p2a: Clefable
|-damage|p2a: Clefable|21/100
|-boost|p1a: Ol' reliable|spe|1
|-sideend|p1: baila como el tapu|Stealth Rock|[from] move: Rapid Spin|[of] p1a: Ol' reliable
|move|p2a: Clefable|Moonblast|p1a: Ol' reliable
|-resisted|p1a: Ol' reliable
|-damage|p1a: Ol' reliable|50/100
|-unboost|p1a: Ol' reliable|spa|1
|
|-weather|Sandstorm|[upkeep]
|-heal|p1a: Ol' reliable|56/100|[from] item: Leftovers
|-heal|p2a: Clefable|27/100|[from] item: Leftovers
|upkeep
|turn|44
|
|t:|1645730200
|switch|p2a: Slowbro|Slowbro, F|98/100
|-damage|p2a: Slowbro|85/100|[from] Stealth Rock
|-damage|p2a: Slowbro|73/100|[from] Spikes
|move|p1a: Ol' reliable|Iron Head|p2a: Slowbro
|-resisted|p2a: Slowbro
|-damage|p2a: Slowbro|57/100
|
|-weather|none
|-heal|p1a: Ol' reliable|63/100|[from] item: Leftovers
|upkeep
|turn|45
|
|t:|1645730216
|switch|p1a: Brib|Tornadus-Therian, M, shiny|64/100
|switch|p2a: Landorus|Landorus-Therian, M|88/100
|-damage|p2a: Landorus|76/100|[from] Stealth Rock
|-ability|p2a: Landorus|Intimidate|boost
|-unboost|p1a: Brib|atk|1
|
|-heal|p2a: Landorus|82/100|[from] item: Leftovers
|-fieldend|move: Electric Terrain
|upkeep
|turn|46
|
|t:|1645730225
|move|p1a: Brib|Knock Off|p2a: Landorus
|-damage|p2a: Landorus|68/100
|-enditem|p2a: Landorus|Leftovers|[from] move: Knock Off|[of] p1a: Brib
|move|p2a: Landorus|Defog|p1a: Brib
|-unboost|p1a: Brib|evasion|1
|-sideend|p2: enpathy|Spikes|[from] move: Defog|[of] p2a: Landorus
|-sideend|p2: enpathy|Stealth Rock|[from] move: Defog|[of] p2a: Landorus
|
|upkeep
|turn|47
|
|t:|1645730238
|move|p1a: Brib|Heat Wave|p2a: Landorus
|-damage|p2a: Landorus|52/100
|-status|p2a: Landorus|brn
|move|p2a: Landorus|U-turn|p1a: Brib
|-resisted|p1a: Brib
|-damage|p1a: Brib|59/100
|
|t:|1645730242
|switch|p2a: Tapu Koko|Tapu Koko|70/100|[from]move: U-turn
|-fieldstart|move: Electric Terrain|[from] ability: Electric Surge|[of] p2a: Tapu Koko
|
|upkeep
|turn|48
|
|t:|1645730249
|switch|p1a: Hugs for Free|Ferrothorn, M, shiny|48/100
|move|p2a: Tapu Koko|U-turn|p1a: Hugs for Free
|-damage|p1a: Hugs for Free|35/100
|-damage|p2a: Tapu Koko|57/100|[from] ability: Iron Barbs|[of] p1a: Hugs for Free
|
|t:|1645730252
|switch|p2a: Tornadus|Tornadus-Therian, M|56/100|[from]move: U-turn
|
|-heal|p1a: Hugs for Free|42/100|[from] item: Leftovers
|upkeep
|turn|49
|
|t:|1645730261
|switch|p1a: Brib|Tornadus-Therian, M, shiny|92/100
|move|p2a: Tornadus|U-turn|p1a: Brib
|-resisted|p1a: Brib
|-damage|p1a: Brib|85/100
|
|t:|1645730263
|switch|p2a: Tapu Koko|Tapu Koko|57/100|[from]move: U-turn
|
|upkeep
|turn|50
|
|t:|1645730275
|switch|p1a: Hugs for Free|Ferrothorn, M, shiny|42/100
|move|p2a: Tapu Koko|Thunderbolt|p1a: Hugs for Free
|-resisted|p1a: Hugs for Free
|-damage|p1a: Hugs for Free|25/100
|
|-heal|p1a: Hugs for Free|32/100|[from] item: Leftovers
|upkeep
|turn|51
|
|t:|1645730281
|move|p2a: Tapu Koko|U-turn|p1a: Hugs for Free
|-damage|p1a: Hugs for Free|20/100
|-damage|p2a: Tapu Koko|45/100|[from] ability: Iron Barbs|[of] p1a: Hugs for Free
|
|t:|1645730283
|switch|p2a: Clefable|Clefable, F|27/100|[from]move: U-turn
|move|p1a: Hugs for Free|Leech Seed|p2a: Clefable
|-start|p2a: Clefable|move: Leech Seed
|
|-heal|p2a: Clefable|33/100|[from] item: Leftovers
|-heal|p1a: Hugs for Free|26/100|[from] item: Leftovers
|-fieldend|move: Electric Terrain
|upkeep
|turn|52
|
|t:|1645730291
|move|p2a: Clefable|Soft-Boiled|p2a: Clefable
|-heal|p2a: Clefable|83/100
|move|p1a: Hugs for Free|Gyro Ball|p2a: Clefable
|-supereffective|p2a: Clefable
|-damage|p2a: Clefable|33/100
|
|-heal|p2a: Clefable|39/100|[from] item: Leftovers
|-heal|p1a: Hugs for Free|32/100|[from] item: Leftovers
|upkeep
|turn|53
|
|t:|1645730304
|move|p2a: Clefable|Soft-Boiled|p2a: Clefable
|-heal|p2a: Clefable|89/100
|move|p1a: Hugs for Free|Gyro Ball|p2a: Clefable
|-supereffective|p2a: Clefable
|-damage|p2a: Clefable|36/100
|
|-heal|p2a: Clefable|42/100|[from] item: Leftovers
|-heal|p1a: Hugs for Free|38/100|[from] item: Leftovers
|upkeep
|turn|54
|
|t:|1645730311
|switch|p2a: Slowbro|Slowbro, F|91/100
|switch|p1a: Ol' reliable|Excadrill, M, shiny|63/100
|
|-heal|p1a: Ol' reliable|69/100|[from] item: Leftovers
|upkeep
|turn|55
|
|t:|1645730318
|switch|p1a: Hugs Machine|Slowbro, M, shiny|67/100
|move|p2a: Slowbro|Future Sight|p1a: Hugs Machine
|-start|p2a: Slowbro|move: Future Sight
|
|upkeep
|turn|56
|
|t:|1645730323
|move|p1a: Hugs Machine|Future Sight|p2a: Slowbro
|-start|p1a: Hugs Machine|move: Future Sight
|move|p2a: Slowbro|Teleport|p2a: Slowbro
|
|t:|1645730325
|switch|p2a: Tapu Koko|Tapu Koko|45/100|[from]move: Teleport
|-fieldstart|move: Electric Terrain|[from] ability: Electric Surge|[of] p2a: Tapu Koko
|
|upkeep
|turn|57
|
|t:|1645730344
|switch|p1a: Ol' reliable|Excadrill, M, shiny|69/100
|move|p2a: Tapu Koko|Roost|p2a: Tapu Koko
|-heal|p2a: Tapu Koko|95/100
|-singleturn|p2a: Tapu Koko|move: Roost
|
|-end|p1a: Ol' reliable|move: Future Sight
|-resisted|p1a: Ol' reliable
|-damage|p1a: Ol' reliable|41/100
|-heal|p1a: Ol' reliable|47/100|[from] item: Leftovers
|upkeep
|turn|58
|
|t:|1645730364
|move|p2a: Tapu Koko|U-turn|p1a: Ol' reliable
|-resisted|p1a: Ol' reliable
|-damage|p1a: Ol' reliable|36/100
|
|t:|1645730367
|switch|p2a: Tornadus|Tornadus-Therian, M|90/100|[from]move: U-turn
|move|p1a: Ol' reliable|Earthquake|p2a: Tornadus
|-immune|p2a: Tornadus
|
|-end|p2a: Tornadus|move: Future Sight
|-damage|p2a: Tornadus|52/100
|-heal|p1a: Ol' reliable|42/100|[from] item: Leftovers
|upkeep
|turn|59
|
|t:|1645730375
|switch|p1a: Brib|Tornadus-Therian, M, shiny|100/100
|move|p2a: Tornadus|U-turn|p1a: Brib
|-resisted|p1a: Brib
|-damage|p1a: Brib|94/100
|
|t:|1645730382
|switch|p2a: Clefable|Clefable, F|42/100|[from]move: U-turn
|
|-heal|p2a: Clefable|48/100|[from] item: Leftovers
|upkeep
|turn|60
|
|t:|1645730399
|move|p1a: Brib|U-turn|p2a: Clefable
|-resisted|p2a: Clefable
|-damage|p2a: Clefable|42/100
|
|t:|1645730405
|switch|p1a: Hugs for Free|Ferrothorn, M, shiny|38/100|[from]move: U-turn
|move|p2a: Clefable|Stealth Rock|p1a: Hugs for Free
|-sidestart|p1: baila como el tapu|move: Stealth Rock
|
|-heal|p2a: Clefable|48/100|[from] item: Leftovers
|-heal|p1a: Hugs for Free|45/100|[from] item: Leftovers
|-fieldend|move: Electric Terrain
|upkeep
|turn|61
|
|t:|1645730427
|switch|p2a: Slowbro|Slowbro, F|100/100
|move|p1a: Hugs for Free|Spikes|p2a: Slowbro
|-sidestart|p2: enpathy|Spikes
|
|-heal|p1a: Hugs for Free|51/100|[from] item: Leftovers
|upkeep
|turn|62
|
|t:|1645730437
|switch|p1a: Hugs Machine|Slowbro, M, shiny|99/100
|-damage|p1a: Hugs Machine|88/100|[from] Stealth Rock
|move|p2a: Slowbro|Future Sight|p1a: Hugs Machine
|-start|p2a: Slowbro|move: Future Sight
|
|upkeep
|turn|63
|
|t:|1645730446
|move|p1a: Hugs Machine|Future Sight|p2a: Slowbro
|-start|p1a: Hugs Machine|move: Future Sight
|move|p2a: Slowbro|Teleport|p2a: Slowbro
|
|t:|1645730448
|switch|p2a: Tapu Koko|Tapu Koko|95/100|[from]move: Teleport
|-fieldstart|move: Electric Terrain|[from] ability: Electric Surge|[of] p2a: Tapu Koko
|
|upkeep
|turn|64
|
|t:|1645730456
|switch|p1a: Hugs for Free|Ferrothorn, M, shiny|51/100
|-damage|p1a: Hugs for Free|45/100|[from] Stealth Rock
|move|p2a: Tapu Koko|Thunderbolt|p1a: Hugs for Free
|-resisted|p1a: Hugs for Free
|-damage|p1a: Hugs for Free|28/100
|
|-end|p1a: Hugs for Free|move: Future Sight
|-resisted|p1a: Hugs for Free
|-damage|p1a: Hugs for Free|16/100
|-heal|p1a: Hugs for Free|22/100|[from] item: Leftovers
|upkeep
|turn|65
|
|t:|1645730465
|move|p2a: Tapu Koko|U-turn|p1a: Hugs for Free
|-damage|p1a: Hugs for Free|9/100
|-damage|p2a: Tapu Koko|82/100|[from] ability: Iron Barbs|[of] p1a: Hugs for Free
|
|t:|1645730467
|switch|p2a: Clefable|Clefable, F|48/100|[from]move: U-turn
|move|p1a: Hugs for Free|Gyro Ball|p2a: Clefable
|-supereffective|p2a: Clefable
|-damage|p2a: Clefable|2/100
|
|-end|p2a: Clefable|move: Future Sight
|-damage|p2a: Clefable|0 fnt
|faint|p2a: Clefable
|-heal|p1a: Hugs for Free|15/100|[from] item: Leftovers
|upkeep
|
|t:|1645730474
|switch|p2a: Tornadus|Tornadus-Therian, M|86/100
|turn|66
|
|t:|1645730495
|switch|p1a: Brib|Tornadus-Therian, M, shiny|100/100
|-damage|p1a: Brib|76/100|[from] Stealth Rock
|move|p2a: Tornadus|Heat Wave|p1a: Brib
|-damage|p1a: Brib|53/100
|
|upkeep
|turn|67
|inactive|baila como el tapu has 120 seconds left.
|
|t:|1645730515
|move|p2a: Tornadus|U-turn|p1a: Brib
|-resisted|p1a: Brib
|-damage|p1a: Brib|45/100
|
|t:|1645730518
|switch|p2a: Tapu Koko|Tapu Koko|82/100|[from]move: U-turn
|move|p1a: Brib|Knock Off|p2a: Tapu Koko
|-resisted|p2a: Tapu Koko
|-damage|p2a: Tapu Koko|70/100
|-enditem|p2a: Tapu Koko|Heavy-Duty Boots|[from] move: Knock Off|[of] p1a: Brib
|
|-fieldend|move: Electric Terrain
|upkeep
|turn|68
|inactive|baila como el tapu has 120 seconds left.
|
|t:|1645730537
|move|p2a: Tapu Koko|Dazzling Gleam|p1a: Brib
|-damage|p1a: Brib|12/100
|move|p1a: Brib|Toxic|p2a: Tapu Koko
|-status|p2a: Tapu Koko|tox
|
|-damage|p2a: Tapu Koko|63/100 tox|[from] psn
|upkeep
|turn|69
|
|t:|1645730547
|switch|p1a: Ol' reliable|Excadrill, M, shiny|42/100
|-damage|p1a: Ol' reliable|39/100|[from] Stealth Rock
|move|p2a: Tapu Koko|Dazzling Gleam|p1a: Ol' reliable
|-resisted|p1a: Ol' reliable
|-damage|p1a: Ol' reliable|20/100
|
|-heal|p1a: Ol' reliable|26/100|[from] item: Leftovers
|-damage|p2a: Tapu Koko|51/100 tox|[from] psn
|upkeep
|turn|70
|
|t:|1645730555
|move|p2a: Tapu Koko|U-turn|p1a: Ol' reliable
|-resisted|p1a: Ol' reliable
|-damage|p1a: Ol' reliable|14/100
|
|t:|1645730562
|switch|p2a: Slowbro|Slowbro, F|100/100|[from]move: U-turn
|-damage|p2a: Slowbro|88/100|[from] Spikes
|move|p1a: Ol' reliable|Rapid Spin|p2a: Slowbro
|-damage|p2a: Slowbro|75/100
|-boost|p1a: Ol' reliable|spe|1
|-sideend|p1: baila como el tapu|Stealth Rock|[from] move: Rapid Spin|[of] p1a: Ol' reliable
|
|-heal|p1a: Ol' reliable|20/100|[from] item: Leftovers
|upkeep
|turn|71
|
|t:|1645730574
|switch|p1a: Brib|Tornadus-Therian, M, shiny|45/100
|move|p2a: Slowbro|Future Sight|p1a: Brib
|-start|p2a: Slowbro|move: Future Sight
|
|upkeep
|turn|72
|inactive|baila como el tapu has 90 seconds left.
|
|t:|1645730603
|switch|p2a: Tornadus|Tornadus-Therian, M|100/100
|move|p1a: Brib|U-turn|p2a: Tornadus
|-resisted|p2a: Tornadus
|-damage|p2a: Tornadus|91/100
|inactive|baila como el tapu has 90 seconds left.
|
|t:|1645730614
|switch|p1a: Hugs for Free|Ferrothorn, M, shiny|15/100|[from]move: U-turn
|
|-heal|p1a: Hugs for Free|21/100|[from] item: Leftovers
|upkeep
|turn|73
|
|t:|1645730632
|switch|p1a: Brib|Tornadus-Therian, M, shiny|78/100
|move|p2a: Tornadus|Hurricane|p1a: Brib
|-damage|p1a: Brib|33/100
|
|-end|p1a: Brib|move: Future Sight
|-damage|p1a: Brib|0 fnt
|faint|p1a: Brib
|upkeep
|inactive|baila como el tapu has 60 seconds left.
|
|t:|1645730658
|switch|p1a: Hugs Machine|Slowbro, M, shiny|100/100
|turn|74
|
|t:|1645730662
|move|p2a: Tornadus|Hurricane|p1a: Hugs Machine
|-damage|p1a: Hugs Machine|59/100
|-start|p1a: Hugs Machine|confusion
|-activate|p1a: Hugs Machine|confusion
|move|p1a: Hugs Machine|Future Sight|p2a: Tornadus
|-start|p1a: Hugs Machine|move: Future Sight
|
|upkeep
|turn|75
|inactive|baila como el tapu has 60 seconds left.
|
|t:|1645730671
|move|p2a: Tornadus|Hurricane|p1a: Hugs Machine
|-damage|p1a: Hugs Machine|13/100
|-activate|p1a: Hugs Machine|confusion
|-damage|p1a: Hugs Machine|9/100|[from] confusion
|
|upkeep
|turn|76
|
|t:|1645730677
|switch|p1a: I killed the moth|Tyranitar, M, shiny|11/100
|-weather|Sandstorm|[from] ability: Sand Stream|[of] p1a: I killed the moth
|move|p2a: Tornadus|U-turn|p1a: I killed the moth
|-supereffective|p1a: I killed the moth
|-damage|p1a: I killed the moth|0 fnt
|faint|p1a: I killed the moth
|
|t:|1645730681
|switch|p2a: Slowbro|Slowbro, F|100/100|[from]move: U-turn
|-damage|p2a: Slowbro|88/100|[from] Spikes
|
|-weather|Sandstorm|[upkeep]
|-damage|p2a: Slowbro|82/100|[from] Sandstorm
|-end|p2a: Slowbro|move: Future Sight
|-resisted|p2a: Slowbro
|-damage|p2a: Slowbro|64/100
|upkeep
|
|t:|1645730687
|switch|p1a: Ol' reliable|Excadrill, M, shiny|20/100
|turn|77
|
|t:|1645730697
|switch|p1a: Hugs Machine|Slowbro, M, shiny|42/100
|move|p2a: Slowbro|Body Press|p1a: Hugs Machine
|-resisted|p1a: Hugs Machine
|-damage|p1a: Hugs Machine|36/100
|
|-weather|Sandstorm|[upkeep]
|-damage|p2a: Slowbro|58/100|[from] Sandstorm
|-damage|p1a: Hugs Machine|30/100|[from] Sandstorm
|upkeep
|turn|78
|
|t:|1645730702
|move|p1a: Hugs Machine|Slack Off|p1a: Hugs Machine
|-heal|p1a: Hugs Machine|80/100
|move|p2a: Slowbro|Teleport|p2a: Slowbro
|
|t:|1645730708
|switch|p2a: Tapu Koko|Tapu Koko|51/100 tox|[from]move: Teleport
|-damage|p2a: Tapu Koko|39/100 tox|[from] Spikes
|-fieldstart|move: Electric Terrain|[from] ability: Electric Surge|[of] p2a: Tapu Koko
|
|-weather|Sandstorm|[upkeep]
|-damage|p2a: Tapu Koko|33/100 tox|[from] Sandstorm
|-damage|p1a: Hugs Machine|74/100|[from] Sandstorm
|-damage|p2a: Tapu Koko|27/100 tox|[from] psn
|upkeep
|turn|79
|
|t:|1645730718
|move|p2a: Tapu Koko|Roost|p2a: Tapu Koko
|-heal|p2a: Tapu Koko|77/100 tox
|-singleturn|p2a: Tapu Koko|move: Roost
|move|p1a: Hugs Machine|Teleport|p1a: Hugs Machine
|
|t:|1645730722
|switch|p1a: Ol' reliable|Excadrill, M, shiny|20/100|[from]move: Teleport
|
|-weather|Sandstorm|[upkeep]
|-damage|p2a: Tapu Koko|71/100 tox|[from] Sandstorm
|-heal|p1a: Ol' reliable|27/100|[from] item: Leftovers
|-damage|p2a: Tapu Koko|59/100 tox|[from] psn
|upkeep
|turn|80
|
|t:|1645730732
|switch|p2a: Tornadus|Tornadus-Therian, M|100/100
|move|p1a: Ol' reliable|Swords Dance|p1a: Ol' reliable
|-boost|p1a: Ol' reliable|atk|2
|
|-weather|none
|-heal|p1a: Ol' reliable|33/100|[from] item: Leftovers
|upkeep
|turn|81
|
|t:|1645730737
|move|p2a: Tornadus|Heat Wave|p1a: Ol' reliable|[miss]
|-miss|p2a: Tornadus|p1a: Ol' reliable
|move|p1a: Ol' reliable|Iron Head|p2a: Tornadus
|-damage|p2a: Tornadus|0 fnt
|faint|p2a: Tornadus
|
|-heal|p1a: Ol' reliable|39/100|[from] item: Leftovers
|upkeep
|c|☆enpathy|LOL
|c|☆enpathy|fuckin trashcans
|
|t:|1645730747
|switch|p2a: Slowbro|Slowbro, F|91/100
|-damage|p2a: Slowbro|79/100|[from] Spikes
|turn|82
|
|t:|1645730752
|switch|p1a: Hugs Machine|Slowbro, M, shiny|100/100
|move|p2a: Slowbro|Body Press|p1a: Hugs Machine
|-resisted|p1a: Hugs Machine
|-damage|p1a: Hugs Machine|93/100
|
|-fieldend|move: Electric Terrain
|upkeep
|turn|83
|
|t:|1645730757
|move|p1a: Hugs Machine|Future Sight|p2a: Slowbro
|-start|p1a: Hugs Machine|move: Future Sight
|move|p2a: Slowbro|Future Sight|p1a: Hugs Machine
|-start|p2a: Slowbro|move: Future Sight
|
|upkeep
|turn|84
|
|t:|1645730762
|move|p2a: Slowbro|Teleport|p2a: Slowbro
|
|t:|1645730765
|switch|p2a: Tapu Koko|Tapu Koko|59/100 tox|[from]move: Teleport
|-damage|p2a: Tapu Koko|46/100 tox|[from] Spikes
|-fieldstart|move: Electric Terrain|[from] ability: Electric Surge|[of] p2a: Tapu Koko
|move|p1a: Hugs Machine|Teleport|p1a: Hugs Machine
|inactive|baila como el tapu has 90 seconds left.
|
|t:|1645730772
|switch|p1a: Hugs for Free|Ferrothorn, M, shiny|21/100|[from]move: Teleport
|
|-heal|p1a: Hugs for Free|27/100|[from] item: Leftovers
|-damage|p2a: Tapu Koko|40/100 tox|[from] psn
|upkeep
|turn|85
|inactive|baila como el tapu has 90 seconds left.
|
|t:|1645730791
|move|p2a: Tapu Koko|Thunderbolt|p1a: Hugs for Free
|-resisted|p1a: Hugs for Free
|-damage|p1a: Hugs for Free|10/100
|move|p1a: Hugs for Free|Spikes|p2a: Tapu Koko
|-sidestart|p2: enpathy|Spikes
|
|-end|p2a: Tapu Koko|move: Future Sight
|-damage|p2a: Tapu Koko|0 fnt
|faint|p2a: Tapu Koko
|-end|p1a: Hugs for Free|move: Future Sight
|-resisted|p1a: Hugs for Free
|-damage|p1a: Hugs for Free|0 fnt
|faint|p1a: Hugs for Free
|upkeep
|
|t:|1645730813
|switch|p2a: Landorus|Landorus-Therian, M|52/100 brn
|switch|p1a: Hugs Machine|Slowbro, M, shiny|100/100
|-ability|p2a: Landorus|Intimidate|boost
|-unboost|p1a: Hugs Machine|atk|1
|turn|86
|
|t:|1645730817
|move|p2a: Landorus|Defog|p1a: Hugs Machine
|-unboost|p1a: Hugs Machine|evasion|1
|-sideend|p2: enpathy|Spikes|[from] move: Defog|[of] p2a: Landorus
|-fieldend|move: Electric Terrain
|move|p1a: Hugs Machine|Future Sight|p2a: Landorus
|-start|p1a: Hugs Machine|move: Future Sight
|
|-damage|p2a: Landorus|46/100 brn|[from] brn
|upkeep
|turn|87
|
|t:|1645730823
|move|p2a: Landorus|Toxic|p1a: Hugs Machine
|-status|p1a: Hugs Machine|tox
|move|p1a: Hugs Machine|Teleport|p1a: Hugs Machine
|
|t:|1645730827
|switch|p1a: Ol' reliable|Excadrill, M, shiny|39/100|[from]move: Teleport
|
|-heal|p1a: Ol' reliable|45/100|[from] item: Leftovers
|-damage|p2a: Landorus|40/100 brn|[from] brn
|upkeep
|turn|88
|
|t:|1645730839
|switch|p1a: Hugs Machine|Slowbro, M, shiny|100/100 tox
|move|p2a: Landorus|Earthquake|p1a: Hugs Machine
|-damage|p1a: Hugs Machine|85/100 tox
|
|-end|p2a: Landorus|move: Future Sight
|-damage|p2a: Landorus|9/100 brn
|-damage|p1a: Hugs Machine|79/100 tox|[from] psn
|-damage|p2a: Landorus|3/100 brn|[from] brn
|upkeep
|turn|89
|
|t:|1645730853
|move|p2a: Landorus|U-turn|p1a: Hugs Machine
|-supereffective|p1a: Hugs Machine
|-damage|p1a: Hugs Machine|67/100 tox
|
|t:|1645730855
|switch|p2a: Melmetal|Melmetal|90/100|[from]move: U-turn
|move|p1a: Hugs Machine|Future Sight|p2a: Melmetal
|-start|p1a: Hugs Machine|move: Future Sight
|
|-damage|p1a: Hugs Machine|55/100 tox|[from] psn
|upkeep
|turn|90
|inactive|baila como el tapu has 60 seconds left.
|
|t:|1645730874
|move|p2a: Melmetal|Double Iron Bash|p1a: Hugs Machine
|-resisted|p1a: Hugs Machine
|-damage|p1a: Hugs Machine|36/100 tox
|-resisted|p1a: Hugs Machine
|-damage|p1a: Hugs Machine|16/100 tox
|-hitcount|p1a: Hugs Machine|2
|cant|p1a: Hugs Machine|flinch
|
|-damage|p1a: Hugs Machine|0 fnt|[from] psn
|faint|p1a: Hugs Machine
|upkeep
|
|t:|1645730877
|switch|p1a: Ol' reliable|Excadrill, M, shiny|45/100
|turn|91
|
|t:|1645730881
|move|p1a: Ol' reliable|Iron Head|p2a: Melmetal
|-resisted|p2a: Melmetal
|-damage|p2a: Melmetal|74/100
|move|p2a: Melmetal|Double Iron Bash|p1a: Ol' reliable
|-resisted|p1a: Ol' reliable
|-damage|p1a: Ol' reliable|0 fnt
|faint|p1a: Ol' reliable
|-hitcount|p1: Ol' reliable|1
|
|win|enpathy
|raw|baila como el tapu's rating: 1688 &rarr; <strong>1666</strong><br />(-22 for losing)
|raw|enpathy's rating: 1653 &rarr; <strong>1675</strong><br />(+22 for winning)
|c|☆baila como el tapu|gg
|c|☆baila como el tapu|wp
|l|☆enpathy
