|j|☆Wonny
|j|☆Pinkacross
|inactive|Battle timer is ON: inactive players will automatically lose when time's up.
|t:|1662256623
|gametype|singles
|player|p1|Wonny|red|
|player|p2|Pinkacross|artist|
|teamsize|p1|6
|teamsize|p2|6
|gen|8
|tier|[Gen 8] OU
|rated|Tournament battle
|rule|Sleep Clause Mod: Limit one foe put to sleep
|rule|Species Clause: Limit one of each Pokémon
|rule|OHKO Clause: OHKO moves are banned
|rule|Evasion Items Clause: Evasion items are banned
|rule|Evasion Moves Clause: Evasion moves are banned
|rule|Endless Battle Clause: Forcing endless battles is banned
|rule|HP Percentage Mod: HP is shown in percentages
|rule|Dynamax Clause: You cannot dynamax
|clearpoke
|poke|p1|Volcarona, F|
|poke|p1|Urshifu-*, F|
|poke|p1|Landorus-Therian, M|
|poke|p1|Rotom-Wash|
|poke|p1|Tapu Lele|
|poke|p1|Ferrothorn, F|
|poke|p2|Moltres-Galar|
|poke|p2|Bisharp, F|
|poke|p2|Volcarona, F|
|poke|p2|Volcanion|
|poke|p2|Ninetales-Alola, F|
|poke|p2|Landorus-Therian, M|
|teampreview
|c|☆Pinkacross|hf
|j| Juni01
|j| OUR DE$TINY
|j| Lord Xen VII
|j| abowlofvegies
|l| OUR DE$TINY
|j| n3ver giving up
|j| LampShady53
|j| SenRine
|j|%Sww-Suwa
|j| Pokemon Hates Me
|l| n3ver giving up
|inactive|Wonny has 120 seconds left.
|c|☆Wonny|u2
|
|t:|1662256664
|start
|switch|p1a: Urshifu|Urshifu-Rapid-Strike, F|100/100
|switch|p2a: Landorus|Landorus-Therian, M|100/100
|-ability|p2a: Landorus|Intimidate|boost
|-unboost|p1a: Urshifu|atk|1
|turn|1
|j|@Wildfiree ❤
|
|t:|1662256667
|switch|p2a: Volcanion|Volcanion|100/100
|move|p1a: Urshifu|Surging Strikes|p2a: Volcanion
|-immune|p2a: Volcanion|[from] ability: Water Absorb
|
|upkeep
|turn|2
|
|t:|1662256674
|switch|p1a: Rotom|Rotom-Wash|100/100
|move|p2a: Volcanion|Steam Eruption|p1a: Rotom
|-resisted|p1a: Rotom
|-damage|p1a: Rotom|73/100
|
|-heal|p1a: Rotom|79/100|[from] item: Leftovers
|upkeep
|turn|3
|
|t:|1662256677
|switch|p2a: Landorus|Landorus-Therian, M|100/100
|-ability|p2a: Landorus|Intimidate|boost
|-unboost|p1a: Rotom|atk|1
|move|p1a: Rotom|Thunder Wave|p2a: Landorus
|-immune|p2a: Landorus
|
|-heal|p1a: Rotom|86/100|[from] item: Leftovers
|upkeep
|turn|4
|
|t:|1662256682
|move|p2a: Landorus|Explosion|p1a: Rotom
|-damage|p1a: Rotom|0 fnt
|faint|p2a: Landorus
|faint|p1a: Rotom
|
|upkeep
|
|t:|1662256689
|switch|p2a: Ninetales|Ninetales-Alola, F|100/100
|switch|p1a: Urshifu|Urshifu-Rapid-Strike, F|100/100
|-weather|Hail|[from] ability: Snow Warning|[of] p2a: Ninetales
|turn|5
|
|t:|1662256692
|move|p2a: Ninetales|Aurora Veil|p2a: Ninetales
|-sidestart|p2: Pinkacross|move: Aurora Veil
|move|p1a: Urshifu|Surging Strikes|p2a: Ninetales
|-crit|p2a: Ninetales
|-damage|p2a: Ninetales|64/100
|-crit|p2a: Ninetales
|-damage|p2a: Ninetales|26/100
|-crit|p2a: Ninetales
|-damage|p2a: Ninetales|0 fnt
|faint|p2a: Ninetales
|-hitcount|p2: Ninetales|3
|
|-weather|Hail|[upkeep]
|-damage|p1a: Urshifu|94/100|[from] Hail
|upkeep
|
|t:|1662256694
|switch|p2a: Volcanion|Volcanion|100/100
|turn|6
|
|t:|1662256703
|switch|p1a: Landorus|Landorus-Therian, M|100/100
|-ability|p1a: Landorus|Intimidate|boost
|-unboost|p2a: Volcanion|atk|1
|move|p2a: Volcanion|Steam Eruption|p1a: Landorus
|-supereffective|p1a: Landorus
|-damage|p1a: Landorus|0 fnt
|faint|p1a: Landorus
|
|-weather|Hail|[upkeep]
|-damage|p2a: Volcanion|94/100|[from] Hail
|upkeep
|
|t:|1662256708
|switch|p1a: Ferrothorn|Ferrothorn, F|100/100
|turn|7
|
|t:|1662256717
|move|p2a: Volcanion|Flamethrower|p1a: Ferrothorn
|-supereffective|p1a: Ferrothorn
|-damage|p1a: Ferrothorn|0 fnt
|faint|p1a: Ferrothorn
|
|-weather|Hail|[upkeep]
|-damage|p2a: Volcanion|88/100|[from] Hail
|upkeep
|
|t:|1662256720
|switch|p1a: Urshifu|Urshifu-Rapid-Strike, F|94/100
|turn|8
|j| Chocman
|
|t:|1662256724
|move|p1a: Urshifu|Close Combat|p2a: Volcanion
|-damage|p2a: Volcanion|53/100
|-unboost|p1a: Urshifu|def|1
|-unboost|p1a: Urshifu|spd|1
|move|p2a: Volcanion|Sludge Bomb|p1a: Urshifu
|-damage|p1a: Urshifu|16/100
|
|-weather|Hail|[upkeep]
|-damage|p1a: Urshifu|10/100|[from] Hail
|-damage|p2a: Volcanion|47/100|[from] Hail
|upkeep
|turn|9
|
|t:|1662256730
|switch|p1a: Volcarona|Volcarona, F|100/100
|switch|p2a: Volcarona|Volcarona, F|100/100
|
|-weather|none
|upkeep
|turn|10
|
|t:|1662256734
|move|p1a: Volcarona|Quiver Dance|p1a: Volcarona
|-boost|p1a: Volcarona|spa|1
|-boost|p1a: Volcarona|spd|1
|-boost|p1a: Volcarona|spe|1
|move|p2a: Volcarona|Quiver Dance|p2a: Volcarona
|-boost|p2a: Volcarona|spa|1
|-boost|p2a: Volcarona|spd|1
|-boost|p2a: Volcarona|spe|1
|
|upkeep
|turn|11
|
|t:|1662256739
|move|p1a: Volcarona|Quiver Dance|p1a: Volcarona
|-boost|p1a: Volcarona|spa|1
|-boost|p1a: Volcarona|spd|1
|-boost|p1a: Volcarona|spe|1
|move|p2a: Volcarona|Quiver Dance|p2a: Volcarona
|-boost|p2a: Volcarona|spa|1
|-boost|p2a: Volcarona|spd|1
|-boost|p2a: Volcarona|spe|1
|
|upkeep
|turn|12
|
|t:|1662256741
|move|p1a: Volcarona|Quiver Dance|p1a: Volcarona
|-boost|p1a: Volcarona|spa|1
|-boost|p1a: Volcarona|spd|1
|-boost|p1a: Volcarona|spe|1
|move|p2a: Volcarona|Quiver Dance|p2a: Volcarona
|-boost|p2a: Volcarona|spa|1
|-boost|p2a: Volcarona|spd|1
|-boost|p2a: Volcarona|spe|1
|
|-sideend|p2: Pinkacross|move: Aurora Veil
|upkeep
|turn|13
|j| Carnelian M
|j| Naturalharmoniax
|
|t:|1662256754
|move|p1a: Volcarona|Quiver Dance|p1a: Volcarona
|-boost|p1a: Volcarona|spa|1
|-boost|p1a: Volcarona|spd|1
|-boost|p1a: Volcarona|spe|1
|move|p2a: Volcarona|Quiver Dance|p2a: Volcarona
|-boost|p2a: Volcarona|spa|1
|-boost|p2a: Volcarona|spd|1
|-boost|p2a: Volcarona|spe|1
|
|upkeep
|turn|14
|
|t:|1662256756
|move|p1a: Volcarona|Quiver Dance|p1a: Volcarona
|-boost|p1a: Volcarona|spa|1
|-boost|p1a: Volcarona|spd|1
|-boost|p1a: Volcarona|spe|1
|move|p2a: Volcarona|Quiver Dance|p2a: Volcarona
|-boost|p2a: Volcarona|spa|1
|-boost|p2a: Volcarona|spd|1
|-boost|p2a: Volcarona|spe|1
|
|upkeep
|turn|15
|
|t:|1662256758
|move|p1a: Volcarona|Quiver Dance|p1a: Volcarona
|-boost|p1a: Volcarona|spa|1
|-boost|p1a: Volcarona|spd|1
|-boost|p1a: Volcarona|spe|1
|move|p2a: Volcarona|Flamethrower|p1a: Volcarona
|-damage|p1a: Volcarona|66/100
|
|upkeep
|turn|16
|c| Naturalharmoniax|...
|
|t:|1662256763
|move|p1a: Volcarona|Fiery Dance|p2a: Volcarona
|-damage|p2a: Volcarona|66/100
|move|p2a: Volcarona|Flamethrower|p1a: Volcarona
|-damage|p1a: Volcarona|34/100
|
|-heal|p2a: Volcarona|72/100|[from] item: Leftovers
|upkeep
|turn|17
|c| Carnelian M|this is toxic lmao
|
|t:|1662256770
|move|p1a: Volcarona|Fiery Dance|p2a: Volcarona
|-damage|p2a: Volcarona|38/100
|move|p2a: Volcarona|Flamethrower|p1a: Volcarona
|-damage|p1a: Volcarona|2/100
|
|-heal|p2a: Volcarona|44/100|[from] item: Leftovers
|upkeep
|turn|18
|
|t:|1662256776
|move|p1a: Volcarona|Roost|p1a: Volcarona
|-heal|p1a: Volcarona|52/100
|-singleturn|p1a: Volcarona|move: Roost
|move|p2a: Volcarona|Flamethrower|p1a: Volcarona
|-damage|p1a: Volcarona|15/100
|
|-heal|p2a: Volcarona|50/100|[from] item: Leftovers
|upkeep
|turn|19
|
|t:|1662256778
|move|p1a: Volcarona|Roost|p1a: Volcarona
|-heal|p1a: Volcarona|65/100
|-singleturn|p1a: Volcarona|move: Roost
|move|p2a: Volcarona|Flamethrower|p1a: Volcarona
|-damage|p1a: Volcarona|32/100
|
|-heal|p2a: Volcarona|56/100|[from] item: Leftovers
|upkeep
|turn|20
|c| Lord Xen VII|please don't crit
|
|t:|1662256782
|move|p1a: Volcarona|Roost|p1a: Volcarona
|-heal|p1a: Volcarona|83/100
|-singleturn|p1a: Volcarona|move: Roost
|move|p2a: Volcarona|Quiver Dance|p2a: Volcarona
|-boost|p2a: Volcarona|spa|1
|-boost|p2a: Volcarona|spd|1
|-boost|p2a: Volcarona|spe|1
|
|-heal|p2a: Volcarona|62/100|[from] item: Leftovers
|upkeep
|turn|21
|
|t:|1662256785
|move|p1a: Volcarona|Psychic|p2a: Volcarona
|-damage|p2a: Volcarona|39/100
|move|p2a: Volcarona|Flamethrower|p1a: Volcarona
|-damage|p1a: Volcarona|46/100
|
|-heal|p2a: Volcarona|45/100|[from] item: Leftovers
|upkeep
|turn|22
|
|t:|1662256787
|move|p1a: Volcarona|Fiery Dance|p2a: Volcarona
|-damage|p2a: Volcarona|14/100
|move|p2a: Volcarona|Flamethrower|p1a: Volcarona
|-damage|p1a: Volcarona|8/100
|
|-heal|p2a: Volcarona|20/100|[from] item: Leftovers
|upkeep
|turn|23
|
|t:|1662256790
|move|p1a: Volcarona|Fiery Dance|p2a: Volcarona
|-damage|p2a: Volcarona|0 fnt
|faint|p2a: Volcarona
|
|upkeep
|
|t:|1662256791
|switch|p2a: Bisharp|Bisharp, F|100/100
|turn|24
|
|t:|1662256793
|move|p1a: Volcarona|Roost|p1a: Volcarona
|-heal|p1a: Volcarona|58/100
|-singleturn|p1a: Volcarona|move: Roost
|move|p2a: Bisharp|Knock Off|p1a: Volcarona
|-damage|p1a: Volcarona|0 fnt
|-enditem|p1a: Volcarona|Heavy-Duty Boots|[from] move: Knock Off|[of] p2a: Bisharp
|faint|p1a: Volcarona
|
|upkeep
|
|t:|1662256799
|switch|p1a: Urshifu|Urshifu-Rapid-Strike, F|10/100
|turn|25
|-message|Wonny forfeited.
|
|win|Pinkacross
|n|☆Wonny|wonny
|n|☆Pinkacross|pinkacross
|n| Juni01|juni01
|n| Lord Xen VII|lordxenvii
|n| abowlofvegies|abowlofvegies
|n| LampShady53|lampshady53
|n| SenRine|senrine
|n| Sww-Suwa|swwsuwa
|n| Pokemon Hates Me|pokemonhatesme
|n|+Wildfiree ❤|wildfiree
|n| Chocman|chocman
|n| Carnelian M|carnelianm
|n| Naturalharmoniax|naturalharmoniax
|l|☆Wonny
|c|☆Pinkacross|gg
|l| LampShady53
|l| Pokemon Hates Me
|l|☆Pinkacross
|l| Carnelian M
|l| Chocman
|l|+Wildfiree ❤
