|j|☆ogTFlame
|j|☆Ayante
|inactive|Battle timer is ON: inactive players will automatically lose when time's up.
|t:|1598385435
|player|p1|ogTFlame|lucas|
|player|p2|Ayante|koga|
|teamsize|p1|6
|teamsize|p2|6
|gametype|singles
|gen|8
|tier|[Gen 8] OU
|rated|Tournament battle
|clearpoke
|poke|p1|Volcarona, F|
|poke|p1|Diggersby, M|
|poke|p1|Darmanitan, M|
|poke|p1|Kommo-o, M|
|poke|p1|Urshifu-*, M|
|poke|p1|Corviknight, M|
|poke|p2|Rillaboom, M|
|poke|p2|Scizor, M|
|poke|p2|Urshifu-*, M|
|poke|p2|Zeraora|
|poke|p2|Kyurem|
|poke|p2|Primarina, F|
|rule|Sleep Clause Mod: Limit one foe put to sleep
|rule|Species Clause: Limit one of each Pokémon
|rule|OHKO Clause: OHKO moves are banned
|rule|Evasion Moves Clause: Evasion moves are banned
|rule|Endless Battle Clause: Forcing endless battles is banned
|rule|HP Percentage Mod: HP is shown in percentages
|rule|Dynamax Clause: You cannot dynamax
|teampreview
|inactive|ogTFlame also wants the timer to be on.
|
|t:|1598385455
|start
|switch|p1a: Mixtape|Darmanitan, M|100/100
|switch|p2a: Zeraora|Zeraora|100/100
|turn|1
|
|t:|1598385464
|move|p1a: Mixtape|Flare Blitz|p2a: Zeraora
|-damage|p2a: Zeraora|0 fnt
|-damage|p1a: Mixtape|71/100|[from] Recoil
|faint|p2a: Zeraora
|
|upkeep
|
|t:|1598385480
|switch|p2a: Primarina|Primarina, F|100/100
|turn|2
|
|t:|1598385488
|switch|p1a: Good Knight|Corviknight, M|100/100
|-ability|p1a: Good Knight|Pressure
|move|p2a: Primarina|Substitute|p2a: Primarina
|-start|p2a: Primarina|Substitute
|-damage|p2a: Primarina|76/100
|
|-heal|p2a: Primarina|82/100|[from] item: Leftovers
|upkeep
|turn|3
|
|t:|1598385498
|move|p1a: Good Knight|Brave Bird|p2a: Primarina
|-end|p2a: Primarina|Substitute
|-damage|p1a: Good Knight|93/100|[from] Recoil|[of] p2a: Primarina
|move|p2a: Primarina|Calm Mind|p2a: Primarina
|-boost|p2a: Primarina|spa|1
|-boost|p2a: Primarina|spd|1
|
|-heal|p2a: Primarina|88/100|[from] item: Leftovers
|upkeep
|turn|4
|
|t:|1598385508
|move|p1a: Good Knight|Brave Bird|p2a: Primarina
|-damage|p2a: Primarina|59/100
|-damage|p1a: Good Knight|84/100|[from] Recoil
|move|p2a: Primarina|Scald|p1a: Good Knight
|-damage|p1a: Good Knight|50/100
|
|-heal|p2a: Primarina|65/100|[from] item: Leftovers
|upkeep
|turn|5
|
|t:|1598385520
|move|p1a: Good Knight|Brave Bird|p2a: Primarina
|-damage|p2a: Primarina|34/100
|-damage|p1a: Good Knight|41/100|[from] Recoil
|move|p2a: Primarina|Scald|p1a: Good Knight
|-damage|p1a: Good Knight|4/100
|
|-heal|p2a: Primarina|40/100|[from] item: Leftovers
|upkeep
|turn|6
|
|t:|1598385534
|switch|p2a: Scizor|Scizor, M|100/100
|move|p1a: Good Knight|Brave Bird|p2a: Scizor
|-damage|p2a: Scizor|68/100
|-damage|p1a: Good Knight|0 fnt|[from] Recoil
|faint|p1a: Good Knight
|
|upkeep
|
|t:|1598385539
|switch|p1a: Kómmo Estás|Kommo-o, M|100/100
|turn|7
|
|t:|1598385546
|move|p1a: Kómmo Estás|Stealth Rock|p2a: Scizor
|-sidestart|p2: Ayante|move: Stealth Rock
|move|p2a: Scizor|Swords Dance|p2a: Scizor
|-boost|p2a: Scizor|atk|2
|
|upkeep
|turn|8
|
|t:|1598385552
|move|p1a: Kómmo Estás|Body Press|p2a: Scizor
|-damage|p2a: Scizor|25/100
|move|p2a: Scizor|Defog|p1a: Kómmo Estás
|-unboost|p1a: Kómmo Estás|evasion|1
|-sideend|p2: Ayante|Stealth Rock|[from] move: Defog|[of] p2a: Scizor
|
|upkeep
|turn|9
|
|t:|1598385559
|move|p1a: Kómmo Estás|Body Press|p2a: Scizor
|-damage|p2a: Scizor|0 fnt
|faint|p2a: Scizor
|
|upkeep
|
|t:|1598385565
|switch|p2a: Primarina|Primarina, F|40/100
|turn|10
|
|t:|1598385591
|move|p1a: Kómmo Estás|Thunder Punch|p2a: Primarina
|-supereffective|p2a: Primarina
|-damage|p2a: Primarina|8/100
|move|p2a: Primarina|Draining Kiss|p1a: Kómmo Estás
|-supereffective|p1a: Kómmo Estás
|-damage|p1a: Kómmo Estás|21/100
|-heal|p2a: Primarina|66/100|[from] drain|[of] p1a: Kómmo Estás
|
|-heal|p1a: Kómmo Estás|28/100|[from] item: Leftovers
|-heal|p2a: Primarina|72/100|[from] item: Leftovers
|upkeep
|turn|11
|c|☆ogTFlame|o shit I thought that would do more
|
|t:|1598385603
|move|p1a: Kómmo Estás|Thunder Punch|p2a: Primarina
|-supereffective|p2a: Primarina
|-damage|p2a: Primarina|42/100
|move|p2a: Primarina|Draining Kiss|p1a: Kómmo Estás
|-supereffective|p1a: Kómmo Estás
|-damage|p1a: Kómmo Estás|0 fnt
|-heal|p2a: Primarina|62/100|[from] drain|[of] p1a: Kómmo Estás
|faint|p1a: Kómmo Estás
|
|-heal|p2a: Primarina|68/100|[from] item: Leftovers
|upkeep
|
|t:|1598385608
|switch|p1a: Bad Bunny|Diggersby, M|100/100
|turn|12
|inactive|Ayante has 120 seconds left.
|
|t:|1598385638
|switch|p2a: Rillaboom|Rillaboom, M|100/100
|-fieldstart|move: Grassy Terrain|[from] ability: Grassy Surge|[of] p2a: Rillaboom
|move|p1a: Bad Bunny|Earthquake|p2a: Rillaboom
|-resisted|p2a: Rillaboom
|-damage|p2a: Rillaboom|78/100
|-damage|p1a: Bad Bunny|91/100|[from] item: Life Orb
|
|-heal|p1a: Bad Bunny|97/100|[from] Grassy Terrain
|-heal|p2a: Rillaboom|84/100|[from] Grassy Terrain
|upkeep
|turn|13
|inactive|Ayante has 120 seconds left.
|
|t:|1598385657
|switch|p1a: Caronavirus|Volcarona, F|100/100
|move|p2a: Rillaboom|Knock Off|p1a: Caronavirus
|-damage|p1a: Caronavirus|12/100
|-status|p2a: Rillaboom|brn|[from] ability: Flame Body|[of] p1a: Caronavirus
|-enditem|p1a: Caronavirus|Heavy-Duty Boots|[from] move: Knock Off|[of] p2a: Rillaboom
|
|-heal|p1a: Caronavirus|19/100|[from] Grassy Terrain
|-heal|p2a: Rillaboom|90/100 brn|[from] Grassy Terrain
|-damage|p2a: Rillaboom|84/100 brn|[from] brn
|upkeep
|turn|14
|c|☆ogTFlame|sorry
|inactive|Ayante has 120 seconds left.
|
|t:|1598385669
|move|p1a: Caronavirus|Fiery Dance|p2a: Rillaboom
|-supereffective|p2a: Rillaboom
|-damage|p2a: Rillaboom|0 fnt
|-boost|p1a: Caronavirus|spa|1
|faint|p2a: Rillaboom
|
|-heal|p1a: Caronavirus|25/100|[from] Grassy Terrain
|upkeep
|
|t:|1598385679
|switch|p2a: Urshifu|Urshifu, M|100/100
|turn|15
|
|t:|1598385684
|move|p2a: Urshifu|Wicked Blow|p1a: Caronavirus
|-crit|p1a: Caronavirus
|-damage|p1a: Caronavirus|0 fnt
|faint|p1a: Caronavirus
|
|upkeep
|
|t:|1598385687
|switch|p1a: YBN Cordae|Urshifu, M|100/100
|turn|16
|
|t:|1598385701
|switch|p2a: Kyurem|Kyurem|100/100
|-ability|p2a: Kyurem|Pressure
|move|p1a: YBN Cordae|Bulk Up|p1a: YBN Cordae
|-boost|p1a: YBN Cordae|atk|1
|-boost|p1a: YBN Cordae|def|1
|
|-fieldend|move: Grassy Terrain
|upkeep
|turn|17
|
|t:|1598385711
|move|p1a: YBN Cordae|Wicked Blow|p2a: Kyurem
|-crit|p2a: Kyurem
|-damage|p2a: Kyurem|0 fnt
|-damage|p1a: YBN Cordae|91/100|[from] item: Life Orb
|faint|p2a: Kyurem
|
|upkeep
|
|t:|1598385717
|switch|p2a: Primarina|Primarina, F|68/100
|turn|18
|
|t:|1598385725
|move|p1a: YBN Cordae|Poison Jab|p2a: Primarina
|-supereffective|p2a: Primarina
|-damage|p2a: Primarina|0 fnt
|-damage|p1a: YBN Cordae|81/100|[from] item: Life Orb
|faint|p2a: Primarina
|
|upkeep
|c|☆ogTFlame|I think I just lose to shifu
|
|t:|1598385731
|switch|p2a: Urshifu|Urshifu, M|100/100
|turn|19
|c|☆ogTFlame|cuz you're scarf right
|
|t:|1598385741
|move|p1a: YBN Cordae|Sucker Punch|p2a: Urshifu
|-resisted|p2a: Urshifu
|-damage|p2a: Urshifu|83/100
|-damage|p1a: YBN Cordae|71/100|[from] item: Life Orb
|move|p2a: Urshifu|Close Combat|p1a: YBN Cordae
|-supereffective|p1a: YBN Cordae
|-damage|p1a: YBN Cordae|0 fnt
|-unboost|p2a: Urshifu|def|1
|-unboost|p2a: Urshifu|spd|1
|faint|p1a: YBN Cordae
|
|upkeep
|
|t:|1598385744
|switch|p1a: Mixtape|Darmanitan, M|71/100
|turn|20
|
|t:|1598385754
|move|p2a: Urshifu|Close Combat|p1a: Mixtape
|-damage|p1a: Mixtape|0 fnt
|-unboost|p2a: Urshifu|def|1
|-unboost|p2a: Urshifu|spd|1
|faint|p1a: Mixtape
|
|upkeep
|
|t:|1598385758
|switch|p1a: Bad Bunny|Diggersby, M|97/100
|turn|21
|
|t:|1598385763
|move|p1a: Bad Bunny|Quick Attack|p2a: Urshifu
|-damage|p2a: Urshifu|12/100
|-damage|p1a: Bad Bunny|87/100|[from] item: Life Orb
|move|p2a: Urshifu|Close Combat|p1a: Bad Bunny
|-supereffective|p1a: Bad Bunny
|-damage|p1a: Bad Bunny|0 fnt
|-unboost|p2a: Urshifu|def|1
|-unboost|p2a: Urshifu|spd|1
|faint|p1a: Bad Bunny
|
|win|Ayante
|c|☆ogTFlame|gg
|c|☆Ayante|Gg
