|j|☆TheonReekGreyjoy
|j|☆lightskin avenger
|t:|1655847192
|gametype|singles
|player|p1|TheonReekGreyjoy|266|1756
|player|p2|lightskin avenger|ghetsis-gen5bw|1699
|teamsize|p1|6
|teamsize|p2|6
|gen|8
|tier|[Gen 8] OU
|rated|
|rule|Sleep Clause Mod: Limit one foe put to sleep
|rule|Species Clause: Limit one of each Pokémon
|rule|OHKO Clause: OHKO moves are banned
|rule|Evasion Moves Clause: Evasion moves are banned
|rule|Endless Battle Clause: Forcing endless battles is banned
|rule|HP Percentage Mod: HP is shown in percentages
|rule|Dynamax Clause: You cannot dynamax
|clearpoke
|poke|p1|Arctozolt|
|poke|p1|Tornadus-Therian, M|
|poke|p1|Heatran, M|
|poke|p1|Landorus-Therian, M|
|poke|p1|Hatterene, F|
|poke|p1|Vanilluxe, M|
|poke|p2|Registeel|
|poke|p2|Barraskewda, M|
|poke|p2|Garchomp, M|
|poke|p2|Clefable, M|
|poke|p2|Toxapex, F|
|poke|p2|Blissey, F|
|teampreview
|inactive|Battle timer is ON: inactive players will automatically lose when time's up. (requested by lightskin avenger)
|
|t:|1655847200
|start
|switch|p1a: Tornadus|Tornadus-Therian, M|100/100
|switch|p2a: the fish thing|Barraskewda, M|100/100
|turn|1
|
|t:|1655847204
|move|p2a: the fish thing|Liquidation|p1a: Tornadus
|-damage|p1a: Tornadus|30/100
|move|p1a: Tornadus|Knock Off|p2a: the fish thing
|-damage|p2a: the fish thing|59/100
|-enditem|p2a: the fish thing|Choice Band|[from] move: Knock Off|[of] p1a: Tornadus
|
|upkeep
|turn|2
|
|t:|1655847217
|switch|p1a: Heatran|Heatran, M|100/100
|move|p2a: the fish thing|Liquidation|p1a: Heatran
|-supereffective|p1a: Heatran
|-damage|p1a: Heatran|36/100
|
|-heal|p1a: Heatran|42/100|[from] item: Leftovers
|upkeep
|turn|3
|
|t:|1655847219
|move|p1a: Heatran|Protect|p1a: Heatran
|-singleturn|p1a: Heatran|Protect
|move|p2a: the fish thing|Liquidation|p1a: Heatran
|-activate|p1a: Heatran|move: Protect
|
|-heal|p1a: Heatran|49/100|[from] item: Leftovers
|upkeep
|turn|4
|
|t:|1655847225
|switch|p1a: Hatterene|Hatterene, F|100/100
|move|p2a: the fish thing|Liquidation|p1a: Hatterene
|-damage|p1a: Hatterene|67/100
|
|-heal|p1a: Hatterene|73/100|[from] item: Leftovers
|upkeep
|turn|5
|
|t:|1655847229
|move|p2a: the fish thing|Flip Turn|p1a: Hatterene
|-damage|p1a: Hatterene|48/100
|
|t:|1655847231
|switch|p2a: :)|Clefable, M|100/100|[from]move: Flip Turn
|move|p1a: Hatterene|Future Sight|p2a: :)
|-start|p1a: Hatterene|move: Future Sight
|
|-heal|p1a: Hatterene|54/100|[from] item: Leftovers
|upkeep
|turn|6
|
|t:|1655847236
|switch|p1a: Heatran|Heatran, M|49/100
|move|p2a: :)|Wish|p2a: :)
|
|-heal|p1a: Heatran|55/100|[from] item: Leftovers
|upkeep
|turn|7
|
|t:|1655847242
|switch|p2a: bisharp broken|Garchomp, M|100/100
|move|p1a: Heatran|Stealth Rock|p2a: bisharp broken
|-sidestart|p2: lightskin avenger|move: Stealth Rock
|
|-end|p2a: bisharp broken|move: Future Sight
|-damage|p2a: bisharp broken|48/100
|-heal|p2a: bisharp broken|95/100|[from] move: Wish|[wisher] :)
|-heal|p1a: Heatran|61/100|[from] item: Leftovers
|upkeep
|turn|8
|
|t:|1655847252
|switch|p1a: Landorus|Landorus-Therian, M|100/100
|-ability|p1a: Landorus|Intimidate|boost
|-unboost|p2a: bisharp broken|atk|1
|move|p2a: bisharp broken|Stealth Rock|p1a: Landorus
|-sidestart|p1: TheonReekGreyjoy|move: Stealth Rock
|
|upkeep
|turn|9
|
|t:|1655847255
|move|p2a: bisharp broken|Toxic|p1a: Landorus
|-status|p1a: Landorus|tox
|move|p1a: Landorus|Toxic|p2a: bisharp broken|[miss]
|-miss|p1a: Landorus|p2a: bisharp broken
|
|-damage|p1a: Landorus|94/100 tox|[from] psn
|upkeep
|turn|10
|
|t:|1655847261
|switch|p2a: :D|Blissey, F|100/100
|move|p1a: Landorus|Defog|p2a: :D
|-unboost|p2a: :D|evasion|1
|-sideend|p2: lightskin avenger|Stealth Rock|[from] move: Defog|[of] p1a: Landorus
|-sideend|p1: TheonReekGreyjoy|Stealth Rock|[from] move: Defog|[of] p1a: Landorus
|
|-heal|p1a: Landorus|100/100 tox|[from] item: Leftovers
|-damage|p1a: Landorus|88/100 tox|[from] psn
|upkeep
|turn|11
|j| ThisIsntHilarious
|
|t:|1655847264
|move|p1a: Landorus|U-turn|p2a: :D
|-damage|p2a: :D|81/100
|
|t:|1655847272
|switch|p1a: Tornadus|Tornadus-Therian, M|63/100|[from]move: U-turn
|move|p2a: :D|Stealth Rock|p1a: Tornadus
|-sidestart|p1: TheonReekGreyjoy|move: Stealth Rock
|
|upkeep
|turn|12
|
|t:|1655847277
|switch|p2a: :(|Toxapex, F|100/100
|move|p1a: Tornadus|Knock Off|p2a: :(
|-damage|p2a: :(|88/100
|-damage|p1a: Tornadus|46/100|[from] item: Rocky Helmet|[of] p2a: :(
|-enditem|p2a: :(|Rocky Helmet|[from] move: Knock Off|[of] p1a: Tornadus
|
|upkeep
|turn|13
|
|t:|1655847282
|move|p1a: Tornadus|U-turn|p2a: :(
|-resisted|p2a: :(
|-damage|p2a: :(|83/100
|
|t:|1655847287
|switch|p1a: Heatran|Heatran, M|61/100|[from]move: U-turn
|-damage|p1a: Heatran|49/100|[from] Stealth Rock
|move|p2a: :(|Scald|p1a: Heatran
|-supereffective|p1a: Heatran
|-damage|p1a: Heatran|28/100
|
|-heal|p1a: Heatran|34/100|[from] item: Leftovers
|upkeep
|turn|14
|
|t:|1655847290
|move|p1a: Heatran|Stealth Rock|p2a: :(
|-sidestart|p2: lightskin avenger|move: Stealth Rock
|move|p2a: :(|Scald|p1a: Heatran
|-supereffective|p1a: Heatran
|-damage|p1a: Heatran|13/100
|
|-heal|p1a: Heatran|19/100|[from] item: Leftovers
|upkeep
|turn|15
|
|t:|1655847295
|switch|p1a: Tornadus|Tornadus-Therian, M|80/100
|-damage|p1a: Tornadus|55/100|[from] Stealth Rock
|move|p2a: :(|Scald|p1a: Tornadus
|-damage|p1a: Tornadus|44/100
|
|upkeep
|turn|16
|
|t:|1655847297
|move|p2a: :(|Baneful Bunker|p2a: :(
|-singleturn|p2a: :(|move: Protect
|move|p1a: Tornadus|Hurricane|p2a: :(
|-activate|p2a: :(|move: Protect
|
|upkeep
|turn|17
|
|t:|1655847299
|move|p1a: Tornadus|Hurricane|p2a: :(
|-damage|p2a: :(|46/100
|-start|p2a: :(|confusion
|-activate|p2a: :(|confusion
|move|p2a: :(|Scald|p1a: Tornadus
|-damage|p1a: Tornadus|33/100
|-status|p1a: Tornadus|brn
|
|-damage|p1a: Tornadus|27/100 brn|[from] brn
|upkeep
|turn|18
|j| YB is BETTER
|
|t:|1655847308
|switch|p1a: Vanilluxe|Vanilluxe, M|100/100
|-damage|p1a: Vanilluxe|76/100|[from] Stealth Rock
|-weather|Hail|[from] ability: Snow Warning|[of] p1a: Vanilluxe
|-activate|p2a: :(|confusion
|move|p2a: :(|Baneful Bunker||[still]
|-fail|p2a: :(
|
|-weather|Hail|[upkeep]
|-damage|p2a: :(|40/100|[from] Hail
|upkeep
|turn|19
|
|t:|1655847312
|switch|p2a: :D|Blissey, F|81/100
|move|p1a: Vanilluxe|Blizzard|p2a: :D
|-damage|p2a: :D|56/100
|
|-weather|Hail|[upkeep]
|-damage|p2a: :D|50/100|[from] Hail
|upkeep
|turn|20
|
|t:|1655847314
|move|p1a: Vanilluxe|Taunt|p2a: :D
|-start|p2a: :D|move: Taunt
|cant|p2a: :D|move: Taunt|Soft-Boiled
|
|-weather|Hail|[upkeep]
|-damage|p2a: :D|44/100|[from] Hail
|upkeep
|turn|21
|
|t:|1655847317
|switch|p2a: chinese|Registeel|100/100
|-damage|p2a: chinese|94/100|[from] Stealth Rock
|move|p1a: Vanilluxe|Blizzard|p2a: chinese
|-resisted|p2a: chinese
|-damage|p2a: chinese|72/100
|
|-weather|Hail|[upkeep]
|-damage|p2a: chinese|66/100|[from] Hail
|upkeep
|turn|22
|
|t:|1655847324
|switch|p1a: Landorus|Landorus-Therian, M|88/100 tox
|-damage|p1a: Landorus|76/100 tox|[from] Stealth Rock
|-ability|p1a: Landorus|Intimidate|boost
|-fail|p2a: chinese|unboost|[from] ability: Clear Body|[of] p2a: chinese
|move|p2a: chinese|Iron Defense|p2a: chinese
|-boost|p2a: chinese|def|2
|
|-weather|none
|-heal|p1a: Landorus|82/100 tox|[from] item: Leftovers
|-damage|p1a: Landorus|76/100 tox|[from] psn
|upkeep
|turn|23
|
|t:|1655847327
|move|p1a: Landorus|Earthquake|p2a: chinese
|-supereffective|p2a: chinese
|-damage|p2a: chinese|39/100
|move|p2a: chinese|Iron Defense|p2a: chinese
|-boost|p2a: chinese|def|2
|
|-heal|p1a: Landorus|82/100 tox|[from] item: Leftovers
|-damage|p1a: Landorus|70/100 tox|[from] psn
|upkeep
|turn|24
|
|t:|1655847331
|move|p1a: Landorus|Defog|p2a: chinese
|-fail|p2a: chinese|unboost|[from] ability: Clear Body|[of] p2a: chinese
|-sideend|p2: lightskin avenger|Stealth Rock|[from] move: Defog|[of] p1a: Landorus
|-sideend|p1: TheonReekGreyjoy|Stealth Rock|[from] move: Defog|[of] p1a: Landorus
|move|p2a: chinese|Rest|p2a: chinese
|-status|p2a: chinese|slp|[from] move: Rest
|-heal|p2a: chinese|100/100 slp|[silent]
|-enditem|p2a: chinese|Chesto Berry|[eat]
|-curestatus|p2a: chinese|slp|[msg]
|
|-heal|p1a: Landorus|76/100 tox|[from] item: Leftovers
|-damage|p1a: Landorus|58/100 tox|[from] psn
|upkeep
|turn|25
|
|t:|1655847340
|move|p1a: Landorus|U-turn|p2a: chinese
|-resisted|p2a: chinese
|-damage|p2a: chinese|99/100
|
|t:|1655847343
|switch|p1a: Hatterene|Hatterene, F|54/100|[from]move: U-turn
|move|p2a: chinese|Amnesia|p2a: chinese
|-boost|p2a: chinese|spd|2
|
|-heal|p1a: Hatterene|60/100|[from] item: Leftovers
|upkeep
|turn|26
|
|t:|1655847353
|switch|p1a: Heatran|Heatran, M|19/100
|move|p2a: chinese|Amnesia|p2a: chinese
|-boost|p2a: chinese|spd|2
|
|-heal|p1a: Heatran|26/100|[from] item: Leftovers
|upkeep
|turn|27
|
|t:|1655847363
|move|p1a: Heatran|Lava Plume|p2a: chinese
|-supereffective|p2a: chinese
|-damage|p2a: chinese|82/100
|-status|p2a: chinese|brn
|move|p2a: chinese|Body Press|p1a: Heatran
|-supereffective|p1a: Heatran
|-damage|p1a: Heatran|0 fnt
|faint|p1a: Heatran
|
|-damage|p2a: chinese|75/100 brn|[from] brn
|upkeep
|
|t:|1655847371
|switch|p1a: Vanilluxe|Vanilluxe, M|76/100
|-weather|Hail|[from] ability: Snow Warning|[of] p1a: Vanilluxe
|turn|28
|
|t:|1655847376
|move|p1a: Vanilluxe|Taunt|p2a: chinese
|-start|p2a: chinese|move: Taunt
|move|p2a: chinese|Body Press|p1a: Vanilluxe
|-supereffective|p1a: Vanilluxe
|-damage|p1a: Vanilluxe|0 fnt
|faint|p1a: Vanilluxe
|
|-weather|Hail|[upkeep]
|-damage|p2a: chinese|69/100 brn|[from] Hail
|-damage|p2a: chinese|63/100 brn|[from] brn
|upkeep
|
|t:|1655847382
|switch|p1a: Hatterene|Hatterene, F|60/100
|turn|29
|
|t:|1655847384
|move|p2a: chinese|Body Press|p1a: Hatterene
|-resisted|p1a: Hatterene
|-damage|p1a: Hatterene|49/100
|move|p1a: Hatterene|Calm Mind|p1a: Hatterene
|-boost|p1a: Hatterene|spa|1
|-boost|p1a: Hatterene|spd|1
|
|-weather|Hail|[upkeep]
|-damage|p2a: chinese|57/100 brn|[from] Hail
|-damage|p1a: Hatterene|43/100|[from] Hail
|-heal|p1a: Hatterene|49/100|[from] item: Leftovers
|-damage|p2a: chinese|51/100 brn|[from] brn
|upkeep
|turn|30
|
|t:|1655847390
|move|p2a: chinese|Body Press|p1a: Hatterene
|-resisted|p1a: Hatterene
|-damage|p1a: Hatterene|38/100
|move|p1a: Hatterene|Mystical Fire|p2a: chinese
|-supereffective|p2a: chinese
|-damage|p2a: chinese|37/100 brn
|
|-weather|Hail|[upkeep]
|-damage|p2a: chinese|31/100 brn|[from] Hail
|-damage|p1a: Hatterene|32/100|[from] Hail
|-heal|p1a: Hatterene|38/100|[from] item: Leftovers
|-damage|p2a: chinese|25/100 brn|[from] brn
|-end|p2a: chinese|move: Taunt
|upkeep
|turn|31
|
|t:|1655847403
|move|p2a: chinese|Rest|p2a: chinese
|-status|p2a: chinese|slp|[from] move: Rest
|-heal|p2a: chinese|100/100 slp|[silent]
|move|p1a: Hatterene|Calm Mind|p1a: Hatterene
|-boost|p1a: Hatterene|spa|1
|-boost|p1a: Hatterene|spd|1
|
|-weather|Hail|[upkeep]
|-damage|p2a: chinese|94/100 slp|[from] Hail
|-damage|p1a: Hatterene|32/100|[from] Hail
|-heal|p1a: Hatterene|38/100|[from] item: Leftovers
|upkeep
|turn|32
|
|t:|1655847405
|cant|p2a: chinese|slp
|move|p1a: Hatterene|Calm Mind|p1a: Hatterene
|-boost|p1a: Hatterene|spa|1
|-boost|p1a: Hatterene|spd|1
|
|-weather|none
|-heal|p1a: Hatterene|44/100|[from] item: Leftovers
|upkeep
|turn|33
|
|t:|1655847407
|cant|p2a: chinese|slp
|move|p1a: Hatterene|Mystical Fire|p2a: chinese
|-supereffective|p2a: chinese
|-damage|p2a: chinese|70/100 slp
|
|-heal|p1a: Hatterene|50/100|[from] item: Leftovers
|upkeep
|turn|34
|
|t:|1655847411
|-curestatus|p2a: chinese|slp|[msg]
|move|p2a: chinese|Amnesia|p2a: chinese
|-boost|p2a: chinese|spd|2
|move|p1a: Hatterene|Mystical Fire|p2a: chinese
|-supereffective|p2a: chinese
|-damage|p2a: chinese|50/100
|
|-heal|p1a: Hatterene|56/100|[from] item: Leftovers
|upkeep
|turn|35
|
|t:|1655847416
|move|p2a: chinese|Iron Defense|p2a: chinese
|-boost|p2a: chinese|def|2
|move|p1a: Hatterene|Future Sight|p2a: chinese
|-start|p1a: Hatterene|move: Future Sight
|
|-heal|p1a: Hatterene|62/100|[from] item: Leftovers
|upkeep
|turn|36
|
|t:|1655847418
|move|p2a: chinese|Body Press|p1a: Hatterene
|-resisted|p1a: Hatterene
|-damage|p1a: Hatterene|34/100
|move|p1a: Hatterene|Mystical Fire|p2a: chinese
|-supereffective|p2a: chinese
|-crit|p2a: chinese
|-damage|p2a: chinese|0 fnt
|faint|p2a: chinese
|
|-heal|p1a: Hatterene|40/100|[from] item: Leftovers
|upkeep
|
|t:|1655847422
|switch|p2a: the fish thing|Barraskewda, M|59/100
|turn|37
|j| HaloKappa
|
|t:|1655847435
|move|p2a: the fish thing|Flip Turn|p1a: Hatterene
|-damage|p1a: Hatterene|17/100
|
|t:|1655847437
|switch|p2a: :)|Clefable, M|100/100|[from]move: Flip Turn
|move|p1a: Hatterene|Draining Kiss|p2a: :)
|-damage|p2a: :)|79/100
|-heal|p1a: Hatterene|37/100|[from] drain|[of] p2a: :)
|
|-end|p2a: :)|move: Future Sight
|-damage|p2a: :)|25/100
|-heal|p1a: Hatterene|43/100|[from] item: Leftovers
|upkeep
|turn|38
|
|t:|1655847447
|move|p2a: :)|Wish|p2a: :)
|move|p1a: Hatterene|Future Sight|p2a: :)
|-start|p1a: Hatterene|move: Future Sight
|
|-heal|p1a: Hatterene|49/100|[from] item: Leftovers
|upkeep
|turn|39
|
|t:|1655847451
|move|p2a: :)|Calm Mind|p2a: :)
|-boost|p2a: :)|spa|1
|-boost|p2a: :)|spd|1
|move|p1a: Hatterene|Draining Kiss|p2a: :)
|-damage|p2a: :)|10/100
|-heal|p1a: Hatterene|63/100|[from] drain|[of] p2a: :)
|
|-heal|p2a: :)|60/100|[from] move: Wish|[wisher] :)
|-heal|p1a: Hatterene|69/100|[from] item: Leftovers
|upkeep
|turn|40
|
|t:|1655847460
|move|p2a: :)|Wish|p2a: :)
|move|p1a: Hatterene|Calm Mind|p1a: Hatterene
|-boost|p1a: Hatterene|spa|1
|-boost|p1a: Hatterene|spd|1
|
|-end|p2a: :)|move: Future Sight
|-damage|p2a: :)|25/100
|-heal|p1a: Hatterene|75/100|[from] item: Leftovers
|upkeep
|turn|41
|
|t:|1655847464
|move|p2a: :)|Protect|p2a: :)
|-singleturn|p2a: :)|Protect
|move|p1a: Hatterene|Future Sight|p2a: :)
|-start|p1a: Hatterene|move: Future Sight
|
|-heal|p2a: :)|75/100|[from] move: Wish|[wisher] :)
|-heal|p1a: Hatterene|81/100|[from] item: Leftovers
|upkeep
|turn|42
|
|t:|1655847469
|move|p2a: :)|Wish|p2a: :)
|move|p1a: Hatterene|Mystical Fire|p2a: :)
|-damage|p2a: :)|62/100
|-unboost|p2a: :)|spa|1
|
|-heal|p1a: Hatterene|87/100|[from] item: Leftovers
|upkeep
|turn|43
|
|t:|1655847475
|move|p2a: :)|Calm Mind|p2a: :)
|-boost|p2a: :)|spa|1
|-boost|p2a: :)|spd|1
|move|p1a: Hatterene|Draining Kiss|p2a: :)
|-damage|p2a: :)|50/100
|-heal|p1a: Hatterene|98/100|[from] drain|[of] p2a: :)
|
|-end|p2a: :)|move: Future Sight
|-crit|p2a: :)
|-damage|p2a: :)|0 fnt
|faint|p2a: :)
|-heal|p1a: Hatterene|100/100|[from] item: Leftovers
|upkeep
|
|t:|1655847484
|switch|p2a: bisharp broken|Garchomp, M|95/100
|turn|44
|
|t:|1655847487
|move|p1a: Hatterene|Draining Kiss|p2a: bisharp broken
|-supereffective|p2a: bisharp broken
|-damage|p2a: bisharp broken|0 fnt
|-damage|p1a: Hatterene|88/100|[from] ability: Rough Skin|[of] p2a: bisharp broken
|-damage|p1a: Hatterene|72/100|[from] item: Rocky Helmet|[of] p2a: bisharp broken
|faint|p2a: bisharp broken
|
|-heal|p1a: Hatterene|78/100|[from] item: Leftovers
|upkeep
|-message|lightskin avenger forfeited.
|
|win|TheonReekGreyjoy
|raw|TheonReekGreyjoy's rating: 1756 &rarr; <strong>1773</strong><br />(+17 for winning)
|raw|lightskin avenger's rating: 1699 &rarr; <strong>1682</strong><br />(-17 for losing)
|l|☆lightskin avenger
|l| ThisIsntHilarious
||Ladder isn't responding, score probably updated but might not have (Request timeout).
