|j|☆Run For Me Plz
|j|☆Srn
|t:|1642891732
|gametype|singles
|player|p1|Run For Me Plz|evelyn|1703
|player|p2|Srn|brandon-gen3|1751
|teamsize|p1|6
|teamsize|p2|6
|gen|8
|tier|[Gen 8] OU
|rated|
|rule|Sleep Clause Mod: Limit one foe put to sleep
|rule|Species Clause: Limit one of each Pokémon
|rule|OHKO Clause: OHKO moves are banned
|rule|Evasion Moves Clause: Evasion moves are banned
|rule|Endless Battle Clause: Forcing endless battles is banned
|rule|HP Percentage Mod: HP is shown in percentages
|rule|Dynamax Clause: You cannot dynamax
|clearpoke
|poke|p1|Hydreigon, M|
|poke|p1|Slowking, M|
|poke|p1|Tangrowth, M|
|poke|p1|Corviknight, F|
|poke|p1|Clefable, M|
|poke|p1|Blissey, F|
|poke|p2|Dragonite, F|
|poke|p2|Melmetal|
|poke|p2|Tapu Koko|
|poke|p2|Urshifu-*, M|
|poke|p2|Landorus-Therian, M|
|poke|p2|Glastrier|
|teampreview
|inactive|Battle timer is ON: inactive players will automatically lose when time's up. (requested by Run For Me Plz)
|
|t:|1642891752
|start
|switch|p1a: Hydreigon|Hydreigon, M|100/100
|switch|p2a: Year of Tiger|Landorus-Therian, M|100/100
|-ability|p2a: Year of Tiger|Intimidate|boost
|-unboost|p1a: Hydreigon|atk|1
|turn|1
|
|t:|1642891772
|move|p1a: Hydreigon|Dark Pulse|p2a: Year of Tiger
|-damage|p2a: Year of Tiger|44/100
|move|p2a: Year of Tiger|Knock Off|p1a: Hydreigon
|-resisted|p1a: Hydreigon
|-crit|p1a: Hydreigon
|-damage|p1a: Hydreigon|72/100
|-enditem|p1a: Hydreigon|Choice Specs|[from] move: Knock Off|[of] p2a: Year of Tiger
|
|-heal|p2a: Year of Tiger|50/100|[from] item: Leftovers
|upkeep
|turn|2
|
|t:|1642891778
|switch|p2a: Rooster|Tapu Koko|100/100
|-fieldstart|move: Electric Terrain|[from] ability: Electric Surge|[of] p2a: Rooster
|move|p1a: Hydreigon|Dark Pulse|p2a: Rooster
|-resisted|p2a: Rooster
|-damage|p2a: Rooster|71/100
|
|upkeep
|turn|3
|j| jeanmilapipe
|
|t:|1642891786
|switch|p1a: Blissey|Blissey, F, shiny|100/100
|move|p2a: Rooster|U-turn|p1a: Blissey
|-damage|p1a: Blissey|87/100
|
|t:|1642891789
|switch|p2a: Year of Tiger|Landorus-Therian, M|50/100|[from]move: U-turn
|-ability|p2a: Year of Tiger|Intimidate|boost
|-unboost|p1a: Blissey|atk|1
|
|-heal|p2a: Year of Tiger|56/100|[from] item: Leftovers
|upkeep
|turn|4
|j| bpewn
|inactive|Run For Me Plz has 120 seconds left.
|
|t:|1642891827
|move|p2a: Year of Tiger|Stealth Rock|p1a: Blissey
|-sidestart|p1: Run For Me Plz|move: Stealth Rock
|move|p1a: Blissey|Toxic|p2a: Year of Tiger
|-status|p2a: Year of Tiger|tox
|
|-heal|p2a: Year of Tiger|62/100 tox|[from] item: Leftovers
|-damage|p2a: Year of Tiger|56/100 tox|[from] psn
|upkeep
|turn|5
|inactive|Run For Me Plz has 120 seconds left.
|
|t:|1642891839
|switch|p1a: Corviknight|Corviknight, F|100/100
|-damage|p1a: Corviknight|88/100|[from] Stealth Rock
|-ability|p1a: Corviknight|Pressure
|move|p2a: Year of Tiger|Knock Off|p1a: Corviknight
|-damage|p1a: Corviknight|70/100
|-enditem|p1a: Corviknight|Leftovers|[from] move: Knock Off|[of] p2a: Year of Tiger
|
|-heal|p2a: Year of Tiger|62/100 tox|[from] item: Leftovers
|-damage|p2a: Year of Tiger|50/100 tox|[from] psn
|upkeep
|turn|6
|inactive|Run For Me Plz has 120 seconds left.
|
|t:|1642891846
|move|p2a: Year of Tiger|U-turn|p1a: Corviknight
|-resisted|p1a: Corviknight
|-damage|p1a: Corviknight|66/100
|
|t:|1642891848
|switch|p2a: Rooster|Tapu Koko|71/100|[from]move: U-turn
|move|p1a: Corviknight|Defog|p2a: Rooster
|-unboost|p2a: Rooster|evasion|1
|-sideend|p1: Run For Me Plz|Stealth Rock|[from] move: Defog|[of] p1a: Corviknight
|-fieldend|move: Electric Terrain
|
|upkeep
|turn|7
|
|t:|1642891856
|move|p2a: Rooster|U-turn|p1a: Corviknight
|-resisted|p1a: Corviknight
|-damage|p1a: Corviknight|64/100
|l| bpewn
|
|t:|1642891864
|switch|p2a: Year of Tiger|Landorus-Therian, M|50/100 tox|[from]move: U-turn
|-ability|p2a: Year of Tiger|Intimidate|boost
|-unboost|p1a: Corviknight|atk|1
|move|p1a: Corviknight|Roost|p1a: Corviknight
|-heal|p1a: Corviknight|100/100
|-singleturn|p1a: Corviknight|move: Roost
|
|-heal|p2a: Year of Tiger|56/100 tox|[from] item: Leftovers
|-damage|p2a: Year of Tiger|50/100 tox|[from] psn
|upkeep
|turn|8
|
|t:|1642891871
|move|p2a: Year of Tiger|U-turn|p1a: Corviknight
|-resisted|p1a: Corviknight
|-damage|p1a: Corviknight|97/100
|
|t:|1642891872
|switch|p2a: Rooster|Tapu Koko|71/100|[from]move: U-turn
|-fieldstart|move: Electric Terrain|[from] ability: Electric Surge|[of] p2a: Rooster
|move|p1a: Corviknight|Defog|p2a: Rooster
|-unboost|p2a: Rooster|evasion|1
|-fieldend|move: Electric Terrain
|
|upkeep
|turn|9
|
|t:|1642891876
|switch|p1a: Tangrowth|Tangrowth, M|100/100
|move|p2a: Rooster|Discharge|p1a: Tangrowth
|-resisted|p1a: Tangrowth
|-damage|p1a: Tangrowth|78/100
|-status|p1a: Tangrowth|par
|
|upkeep
|turn|10
|
|t:|1642891888
|move|p2a: Rooster|U-turn|p1a: Tangrowth
|-supereffective|p1a: Tangrowth
|-damage|p1a: Tangrowth|61/100 par
|-damage|p2a: Rooster|54/100|[from] item: Rocky Helmet|[of] p1a: Tangrowth
|
|t:|1642891890
|switch|p2a: Hard Boiled|Dragonite, F|100/100|[from]move: U-turn
|move|p1a: Tangrowth|Infestation|p2a: Hard Boiled
|-resisted|p2a: Hard Boiled
|-damage|p2a: Hard Boiled|99/100
|-activate|p2a: Hard Boiled|move: Infestation|[of] p1a: Tangrowth
|
|-damage|p2a: Hard Boiled|87/100|[from] move: Infestation|[partiallytrapped]
|upkeep
|turn|11
|
|t:|1642891897
|move|p2a: Hard Boiled|Dragon Dance|p2a: Hard Boiled
|-boost|p2a: Hard Boiled|atk|1
|-boost|p2a: Hard Boiled|spe|1
|move|p1a: Tangrowth|Sleep Powder|p2a: Hard Boiled
|-status|p2a: Hard Boiled|slp|[from] move: Sleep Powder
|
|-damage|p2a: Hard Boiled|74/100 slp|[from] move: Infestation|[partiallytrapped]
|upkeep
|turn|12
|
|t:|1642891903
|switch|p1a: Clefable|Clefable, M|100/100
|cant|p2a: Hard Boiled|slp
|
|-end|p2a: Hard Boiled|Infestation|[partiallytrapped]|[silent]
|upkeep
|turn|13
|j| Marquesa-10%
|
|t:|1642891918
|switch|p2a: Violence|Melmetal|100/100
|move|p1a: Clefable|Moonblast|p2a: Violence
|-resisted|p2a: Violence
|-damage|p2a: Violence|81/100
|-unboost|p2a: Violence|spa|1
|
|upkeep
|turn|14
|
|t:|1642891928
|switch|p2a: Rooster|Tapu Koko|54/100
|-fieldstart|move: Electric Terrain|[from] ability: Electric Surge|[of] p2a: Rooster
|switch|p1a: Tangrowth|Tangrowth, M|95/100 par
|
|upkeep
|turn|15
|
|t:|1642891936
|move|p2a: Rooster|Roost|p2a: Rooster
|-heal|p2a: Rooster|100/100
|-singleturn|p2a: Rooster|move: Roost
|move|p1a: Tangrowth|Knock Off|p2a: Rooster
|-resisted|p2a: Rooster
|-damage|p2a: Rooster|86/100
|-enditem|p2a: Rooster|Heavy-Duty Boots|[from] move: Knock Off|[of] p1a: Tangrowth
|
|upkeep
|turn|16
|
|t:|1642891944
|switch|p2a: Hard Boiled|Dragonite, F|74/100 slp
|move|p1a: Tangrowth|Giga Drain|p2a: Hard Boiled
|-resisted|p2a: Hard Boiled
|-damage|p2a: Hard Boiled|67/100 slp
|-heal|p1a: Tangrowth|98/100 par|[from] drain|[of] p2a: Hard Boiled
|
|upkeep
|turn|17
|
|t:|1642891960
|switch|p1a: Clefable|Clefable, M|100/100
|cant|p2a: Hard Boiled|slp
|
|upkeep
|turn|18
|
|t:|1642891965
|switch|p2a: Rooster|Tapu Koko|86/100
|move|p1a: Clefable|Flamethrower|p2a: Rooster
|-damage|p2a: Rooster|62/100
|
|-fieldend|move: Electric Terrain
|upkeep
|turn|19
|
|t:|1642891971
|move|p2a: Rooster|Toxic|p1a: Clefable
|-status|p1a: Clefable|tox
|move|p1a: Clefable|Moonblast|p2a: Rooster
|-damage|p2a: Rooster|20/100
|
|-damage|p1a: Clefable|94/100 tox|[from] psn
|upkeep
|turn|20
|
|t:|1642891974
|switch|p1a: Blissey|Blissey, F, shiny|87/100
|move|p2a: Rooster|Roost|p2a: Rooster
|-heal|p2a: Rooster|70/100
|-singleturn|p2a: Rooster|move: Roost
|
|upkeep
|turn|21
|
|t:|1642891978
|move|p2a: Rooster|U-turn|p1a: Blissey
|-damage|p1a: Blissey|73/100
|
|t:|1642891983
|switch|p2a: Year of Tiger|Landorus-Therian, M|50/100 tox|[from]move: U-turn
|-ability|p2a: Year of Tiger|Intimidate|boost
|-unboost|p1a: Blissey|atk|1
|move|p1a: Blissey|Heal Bell|p1a: Blissey
|-activate|p1a: Blissey|move: Heal Bell
|-curestatus|p1: Clefable|tox|[msg]
|-curestatus|p1: Tangrowth|par|[msg]
|
|-heal|p2a: Year of Tiger|56/100 tox|[from] item: Leftovers
|-damage|p2a: Year of Tiger|50/100 tox|[from] psn
|upkeep
|turn|22
|
|t:|1642891992
|switch|p1a: Corviknight|Corviknight, F|97/100
|-ability|p1a: Corviknight|Pressure
|move|p2a: Year of Tiger|U-turn|p1a: Corviknight
|-resisted|p1a: Corviknight
|-damage|p1a: Corviknight|93/100
|
|t:|1642891994
|switch|p2a: Rooster|Tapu Koko|70/100|[from]move: U-turn
|-fieldstart|move: Electric Terrain|[from] ability: Electric Surge|[of] p2a: Rooster
|
|upkeep
|turn|23
|
|t:|1642892000
|switch|p1a: Tangrowth|Tangrowth, M|100/100
|move|p2a: Rooster|Discharge|p1a: Tangrowth
|-resisted|p1a: Tangrowth
|-damage|p1a: Tangrowth|75/100
|
|upkeep
|turn|24
|
|t:|1642892008
|switch|p2a: Hard Boiled|Dragonite, F|67/100 slp
|switch|p1a: Blissey|Blissey, F, shiny|73/100
|
|upkeep
|turn|25
|
|t:|1642892017
|switch|p2a: Year of Tiger|Landorus-Therian, M|50/100 tox
|-ability|p2a: Year of Tiger|Intimidate|boost
|-unboost|p1a: Blissey|atk|1
|switch|p1a: Clefable|Clefable, M|94/100
|
|-heal|p2a: Year of Tiger|56/100 tox|[from] item: Leftovers
|-damage|p2a: Year of Tiger|50/100 tox|[from] psn
|upkeep
|turn|26
|j| Chenjxjxjdhz
|l| Chenjxjxjdhz
|
|t:|1642892032
|switch|p1a: Corviknight|Corviknight, F|93/100
|-ability|p1a: Corviknight|Pressure
|move|p2a: Year of Tiger|U-turn|p1a: Corviknight
|-resisted|p1a: Corviknight
|-damage|p1a: Corviknight|89/100
|
|t:|1642892035
|switch|p2a: Rooster|Tapu Koko|70/100|[from]move: U-turn
|
|-fieldend|move: Electric Terrain
|upkeep
|turn|27
|
|t:|1642892044
|switch|p2a: Year of Tiger|Landorus-Therian, M|50/100 tox
|-ability|p2a: Year of Tiger|Intimidate|boost
|-unboost|p1a: Corviknight|atk|1
|switch|p1a: Blissey|Blissey, F, shiny|73/100
|
|-heal|p2a: Year of Tiger|56/100 tox|[from] item: Leftovers
|-damage|p2a: Year of Tiger|50/100 tox|[from] psn
|upkeep
|turn|28
|
|t:|1642892049
|move|p2a: Year of Tiger|Stealth Rock|p1a: Blissey
|-sidestart|p1: Run For Me Plz|move: Stealth Rock
|move|p1a: Blissey|Seismic Toss|p2a: Year of Tiger
|-damage|p2a: Year of Tiger|24/100 tox
|
|-heal|p2a: Year of Tiger|30/100 tox|[from] item: Leftovers
|-damage|p2a: Year of Tiger|18/100 tox|[from] psn
|upkeep
|turn|29
|l| Marquesa-10%
|
|t:|1642892069
|switch|p2a: Rooster|Tapu Koko|70/100
|-fieldstart|move: Electric Terrain|[from] ability: Electric Surge|[of] p2a: Rooster
|move|p1a: Blissey|Soft-Boiled|p1a: Blissey
|-heal|p1a: Blissey|100/100
|
|upkeep
|turn|30
|
|t:|1642892077
|move|p2a: Rooster|U-turn|p1a: Blissey
|-damage|p1a: Blissey|87/100
|
|t:|1642892081
|switch|p2a: Hard Boiled|Dragonite, F|67/100 slp|[from]move: U-turn
|move|p1a: Blissey|Seismic Toss|p2a: Hard Boiled
|-damage|p2a: Hard Boiled|36/100 slp
|
|upkeep
|turn|31
|
|t:|1642892089
|switch|p2a: Violence|Melmetal|81/100
|switch|p1a: Corviknight|Corviknight, F|89/100
|-damage|p1a: Corviknight|77/100|[from] Stealth Rock
|-ability|p1a: Corviknight|Pressure
|
|upkeep
|turn|32
|j| 02xygen_
|
|t:|1642892096
|move|p1a: Corviknight|Roost|p1a: Corviknight
|-heal|p1a: Corviknight|100/100
|-singleturn|p1a: Corviknight|move: Roost
|move|p2a: Violence|Thunder Punch|p1a: Corviknight
|-damage|p1a: Corviknight|56/100
|
|upkeep
|turn|33
|
|t:|1642892112
|switch|p2a: Rooster|Tapu Koko|70/100
|move|p1a: Corviknight|Roost|p1a: Corviknight
|-heal|p1a: Corviknight|100/100
|-singleturn|p1a: Corviknight|move: Roost
|
|-fieldend|move: Electric Terrain
|upkeep
|turn|34
|
|t:|1642892119
|move|p2a: Rooster|Discharge|p1a: Corviknight
|-supereffective|p1a: Corviknight
|-damage|p1a: Corviknight|51/100
|move|p1a: Corviknight|Defog|p2a: Rooster
|-unboost|p2a: Rooster|evasion|1
|-sideend|p1: Run For Me Plz|Stealth Rock|[from] move: Defog|[of] p1a: Corviknight
|
|upkeep
|turn|35
|
|t:|1642892126
|switch|p1a: Blissey|Blissey, F, shiny|87/100
|move|p2a: Rooster|U-turn|p1a: Blissey
|-damage|p1a: Blissey|73/100
|
|t:|1642892133
|switch|p2a: Violence|Melmetal|81/100|[from]move: U-turn
|
|upkeep
|turn|36
|
|t:|1642892140
|switch|p2a: Year of Tiger|Landorus-Therian, M|18/100 tox
|-ability|p2a: Year of Tiger|Intimidate|boost
|-unboost|p1a: Blissey|atk|1
|switch|p1a: Tangrowth|Tangrowth, M|100/100
|
|-heal|p2a: Year of Tiger|24/100 tox|[from] item: Leftovers
|-damage|p2a: Year of Tiger|18/100 tox|[from] psn
|upkeep
|turn|37
|
|t:|1642892143
|switch|p1a: Corviknight|Corviknight, F|51/100
|-ability|p1a: Corviknight|Pressure
|move|p2a: Year of Tiger|Knock Off|p1a: Corviknight
|-damage|p1a: Corviknight|38/100
|
|-heal|p2a: Year of Tiger|24/100 tox|[from] item: Leftovers
|-damage|p2a: Year of Tiger|12/100 tox|[from] psn
|upkeep
|turn|38
|
|t:|1642892155
|move|p2a: Year of Tiger|U-turn|p1a: Corviknight
|-resisted|p1a: Corviknight
|-damage|p1a: Corviknight|34/100
|
|t:|1642892158
|switch|p2a: Rooster|Tapu Koko|70/100|[from]move: U-turn
|-fieldstart|move: Electric Terrain|[from] ability: Electric Surge|[of] p2a: Rooster
|move|p1a: Corviknight|Roost|p1a: Corviknight
|-heal|p1a: Corviknight|84/100
|-singleturn|p1a: Corviknight|move: Roost
|
|upkeep
|turn|39
|
|t:|1642892179
|switch|p1a: Tangrowth|Tangrowth, M|100/100
|move|p2a: Rooster|U-turn|p1a: Tangrowth
|-supereffective|p1a: Tangrowth
|-damage|p1a: Tangrowth|85/100
|-damage|p2a: Rooster|53/100|[from] item: Rocky Helmet|[of] p1a: Tangrowth
|
|t:|1642892184
|switch|p2a: Hoarse|Glastrier|100/100|[from]move: U-turn
|
|upkeep
|turn|40
|
|t:|1642892200
|switch|p1a: Slowking|Slowking, M|100/100
|move|p2a: Hoarse|Swords Dance|p2a: Hoarse
|-boost|p2a: Hoarse|atk|2
|
|upkeep
|turn|41
|
|t:|1642892205
|move|p2a: Hoarse|High Horsepower|p1a: Slowking
|-damage|p1a: Slowking|24/100
|move|p1a: Slowking|Teleport|p1a: Slowking
|
|t:|1642892213
|switch|p1a: Hydreigon|Hydreigon, M|72/100|[from]move: Teleport
|
|upkeep
|turn|42
|inactive|Run For Me Plz has 120 seconds left.
|
|t:|1642892263
|switch|p2a: Bajiquan|Urshifu-Rapid-Strike, M|100/100
|move|p1a: Hydreigon|Flamethrower|p2a: Bajiquan
|-resisted|p2a: Bajiquan
|-damage|p2a: Bajiquan|76/100
|
|-fieldend|move: Electric Terrain
|upkeep
|turn|43
|
|t:|1642892267
|switch|p1a: Tangrowth|Tangrowth, M|100/100
|move|p2a: Bajiquan|U-turn|p1a: Tangrowth
|-supereffective|p1a: Tangrowth
|-damage|p1a: Tangrowth|73/100
|-damage|p2a: Bajiquan|60/100|[from] item: Rocky Helmet|[of] p1a: Tangrowth
|
|t:|1642892277
|switch|p2a: Hoarse|Glastrier|100/100|[from]move: U-turn
|
|upkeep
|turn|44
|inactive|Run For Me Plz has 120 seconds left.
|
|t:|1642892295
|move|p1a: Tangrowth|Knock Off|p2a: Hoarse
|-damage|p2a: Hoarse|87/100
|-enditem|p2a: Hoarse|Heavy-Duty Boots|[from] move: Knock Off|[of] p1a: Tangrowth
|move|p2a: Hoarse|Icicle Crash|p1a: Tangrowth
|-supereffective|p1a: Tangrowth
|-damage|p1a: Tangrowth|18/100
|
|upkeep
|turn|45
|inactive|Run For Me Plz has 120 seconds left.
|
|t:|1642892310
|switch|p1a: Corviknight|Corviknight, F|84/100
|-ability|p1a: Corviknight|Pressure
|switch|p2a: Violence|Melmetal|81/100
|
|upkeep
|turn|46
|
|t:|1642892314
|move|p1a: Corviknight|Roost|p1a: Corviknight
|-heal|p1a: Corviknight|100/100
|-singleturn|p1a: Corviknight|move: Roost
|move|p2a: Violence|Superpower|p1a: Corviknight
|-supereffective|p1a: Corviknight
|-damage|p1a: Corviknight|15/100
|-unboost|p2a: Violence|atk|1
|-unboost|p2a: Violence|def|1
|
|upkeep
|turn|47
|
|t:|1642892325
|move|p1a: Corviknight|Roost|p1a: Corviknight
|-heal|p1a: Corviknight|65/100
|-singleturn|p1a: Corviknight|move: Roost
|move|p2a: Violence|Superpower|p1a: Corviknight
|-supereffective|p1a: Corviknight
|-damage|p1a: Corviknight|4/100
|-unboost|p2a: Violence|atk|1
|-unboost|p2a: Violence|def|1
|
|upkeep
|turn|48
|
|t:|1642892329
|switch|p2a: Rooster|Tapu Koko|53/100
|-fieldstart|move: Electric Terrain|[from] ability: Electric Surge|[of] p2a: Rooster
|move|p1a: Corviknight|Roost|p1a: Corviknight
|-heal|p1a: Corviknight|54/100
|-singleturn|p1a: Corviknight|move: Roost
|
|upkeep
|turn|49
|
|t:|1642892332
|move|p2a: Rooster|Discharge|p1a: Corviknight
|-supereffective|p1a: Corviknight
|-damage|p1a: Corviknight|0 fnt
|faint|p1a: Corviknight
|
|upkeep
|
|t:|1642892340
|switch|p1a: Hydreigon|Hydreigon, M|72/100
|turn|50
|j| AndreThaGiiant
|
|t:|1642892344
|move|p2a: Rooster|U-turn|p1a: Hydreigon
|-supereffective|p1a: Hydreigon
|-damage|p1a: Hydreigon|32/100
|
|t:|1642892347
|switch|p2a: Bajiquan|Urshifu-Rapid-Strike, M|60/100|[from]move: U-turn
|move|p1a: Hydreigon|Earth Power|p2a: Bajiquan
|-damage|p2a: Bajiquan|6/100
|
|upkeep
|turn|51
|
|t:|1642892364
|switch|p2a: Violence|Melmetal|81/100
|switch|p1a: Tangrowth|Tangrowth, M|51/100
|
|upkeep
|turn|52
|
|t:|1642892369
|switch|p1a: Slowking|Slowking, M|57/100
|move|p2a: Violence|Double Iron Bash|p1a: Slowking
|-resisted|p1a: Slowking
|-damage|p1a: Slowking|24/100
|-resisted|p1a: Slowking
|-damage|p1a: Slowking|0 fnt
|faint|p1a: Slowking
|-hitcount|p1: Slowking|2
|
|-fieldend|move: Electric Terrain
|upkeep
|
|t:|1642892373
|switch|p1a: Hydreigon|Hydreigon, M|32/100
|turn|53
|
|t:|1642892385
|switch|p2a: Year of Tiger|Landorus-Therian, M|12/100 tox
|-ability|p2a: Year of Tiger|Intimidate|boost
|-unboost|p1a: Hydreigon|atk|1
|move|p1a: Hydreigon|Earth Power|p2a: Year of Tiger
|-immune|p2a: Year of Tiger
|
|-heal|p2a: Year of Tiger|18/100 tox|[from] item: Leftovers
|-damage|p2a: Year of Tiger|12/100 tox|[from] psn
|upkeep
|turn|54
|
|t:|1642892388
|move|p1a: Hydreigon|Flamethrower|p2a: Year of Tiger
|-damage|p2a: Year of Tiger|0 fnt
|faint|p2a: Year of Tiger
|
|upkeep
|
|t:|1642892392
|switch|p2a: Rooster|Tapu Koko|53/100
|-fieldstart|move: Electric Terrain|[from] ability: Electric Surge|[of] p2a: Rooster
|turn|55
|
|t:|1642892394
|switch|p1a: Blissey|Blissey, F, shiny|73/100
|move|p2a: Rooster|U-turn|p1a: Blissey
|-damage|p1a: Blissey|60/100
|
|t:|1642892397
|switch|p2a: Violence|Melmetal|81/100|[from]move: U-turn
|
|upkeep
|turn|56
|
|t:|1642892400
|switch|p1a: Tangrowth|Tangrowth, M|84/100
|move|p2a: Violence|Double Iron Bash|p1a: Tangrowth
|-damage|p1a: Tangrowth|52/100
|-damage|p2a: Violence|65/100|[from] item: Rocky Helmet|[of] p1a: Tangrowth
|-damage|p1a: Tangrowth|14/100
|-damage|p2a: Violence|48/100|[from] item: Rocky Helmet|[of] p1a: Tangrowth
|-hitcount|p1a: Tangrowth|2
|
|upkeep
|turn|57
|
|t:|1642892419
|move|p2a: Violence|Double Iron Bash|p1a: Tangrowth
|-damage|p1a: Tangrowth|0 fnt
|-damage|p2a: Violence|32/100|[from] item: Rocky Helmet|[of] p1a: Tangrowth
|faint|p1a: Tangrowth
|-hitcount|p1: Tangrowth|1
|
|upkeep
|
|t:|1642892421
|switch|p1a: Hydreigon|Hydreigon, M|32/100
|turn|58
|
|t:|1642892431
|switch|p2a: Hard Boiled|Dragonite, F|36/100 slp
|move|p1a: Hydreigon|Earth Power|p2a: Hard Boiled
|-immune|p2a: Hard Boiled
|
|upkeep
|turn|59
|
|t:|1642892434
|move|p1a: Hydreigon|Dark Pulse|p2a: Hard Boiled
|-damage|p2a: Hard Boiled|0 fnt
|faint|p2a: Hard Boiled
|
|-fieldend|move: Electric Terrain
|upkeep
|
|t:|1642892438
|switch|p2a: Bajiquan|Urshifu-Rapid-Strike, M|6/100
|turn|60
|
|t:|1642892446
|switch|p1a: Clefable|Clefable, M|94/100
|move|p2a: Bajiquan|U-turn|p1a: Clefable
|-resisted|p1a: Clefable
|-damage|p1a: Clefable|85/100
|
|t:|1642892451
|switch|p2a: Rooster|Tapu Koko|53/100|[from]move: U-turn
|-fieldstart|move: Electric Terrain|[from] ability: Electric Surge|[of] p2a: Rooster
|
|upkeep
|turn|61
|
|t:|1642892457
|move|p2a: Rooster|Roost|p2a: Rooster
|-heal|p2a: Rooster|100/100
|-singleturn|p2a: Rooster|move: Roost
|move|p1a: Clefable|Moonblast|p2a: Rooster
|-damage|p2a: Rooster|57/100
|
|upkeep
|turn|62
|
|t:|1642892463
|move|p2a: Rooster|Toxic|p1a: Clefable|[miss]
|-miss|p2a: Rooster|p1a: Clefable
|move|p1a: Clefable|Moonblast|p2a: Rooster
|-damage|p2a: Rooster|16/100
|
|upkeep
|turn|63
|
|t:|1642892468
|switch|p1a: Blissey|Blissey, F, shiny|60/100
|move|p2a: Rooster|Roost|p2a: Rooster
|-heal|p2a: Rooster|66/100
|-singleturn|p2a: Rooster|move: Roost
|
|upkeep
|turn|64
|
|t:|1642892479
|move|p2a: Rooster|U-turn|p1a: Blissey
|-damage|p1a: Blissey|46/100
|
|t:|1642892481
|switch|p2a: Violence|Melmetal|32/100|[from]move: U-turn
|move|p1a: Blissey|Seismic Toss|p2a: Violence
|-damage|p2a: Violence|7/100
|
|-fieldend|move: Electric Terrain
|upkeep
|turn|65
|
|t:|1642892484
|move|p2a: Violence|Double Iron Bash|p1a: Blissey
|-damage|p1a: Blissey|0 fnt
|faint|p1a: Blissey
|-hitcount|p1: Blissey|1
|
|upkeep
|
|t:|1642892489
|switch|p1a: Hydreigon|Hydreigon, M|32/100
|turn|66
|
|t:|1642892503
|switch|p2a: Hoarse|Glastrier|87/100
|move|p1a: Hydreigon|Earth Power|p2a: Hoarse
|-damage|p2a: Hoarse|62/100
|
|upkeep
|turn|67
|
|t:|1642892506
|move|p1a: Hydreigon|Flamethrower|p2a: Hoarse
|-supereffective|p2a: Hoarse
|-damage|p2a: Hoarse|5/100
|move|p2a: Hoarse|Icicle Crash|p1a: Hydreigon
|-supereffective|p1a: Hydreigon
|-damage|p1a: Hydreigon|0 fnt
|faint|p1a: Hydreigon
|-ability|p2a: Hoarse|Chilling Neigh|boost
|-boost|p2a: Hoarse|atk|1
|
|upkeep
|
|t:|1642892510
|switch|p1a: Clefable|Clefable, M|85/100
|turn|68
|
|t:|1642892513
|move|p1a: Clefable|Flamethrower|p2a: Hoarse
|-supereffective|p2a: Hoarse
|-damage|p2a: Hoarse|0 fnt
|faint|p2a: Hoarse
|
|upkeep
|
|t:|1642892515
|switch|p2a: Violence|Melmetal|7/100
|turn|69
|
|t:|1642892517
|move|p2a: Violence|Double Iron Bash|p1a: Clefable
|-supereffective|p1a: Clefable
|-damage|p1a: Clefable|0 fnt
|faint|p1a: Clefable
|-hitcount|p1: Clefable|1
|
|win|Srn
|raw|Run For Me Plz's rating: 1703 &rarr; <strong>1686</strong><br />(-17 for losing)
|raw|Srn's rating: 1751 &rarr; <strong>1768</strong><br />(+17 for winning)
|c|☆Srn|gg'
|l|☆Run For Me Plz
