|j|☆ezwz
|j|☆Sp0oNl0rD
|t:|1644864007
|gametype|singles
|player|p1|ezwz|youngster-gen4dp|1768
|player|p2|Sp0oNl0rD|169|1702
|teamsize|p1|6
|teamsize|p2|6
|gen|8
|tier|[Gen 8] OU
|rated|
|rule|Sleep Clause Mod: Limit one foe put to sleep
|rule|Species Clause: Limit one of each Pokémon
|rule|OHKO Clause: OHKO moves are banned
|rule|Evasion Moves Clause: Evasion moves are banned
|rule|Endless Battle Clause: Forcing endless battles is banned
|rule|HP Percentage Mod: HP is shown in percentages
|rule|Dynamax Clause: You cannot dynamax
|clearpoke
|poke|p1|Landorus-Therian, M|
|poke|p1|Weavile, M|
|poke|p1|Ferrothorn, M|
|poke|p1|Heatran, F|
|poke|p1|Tapu Fini|
|poke|p1|Tornadus-Therian, M|
|poke|p2|Tapu Koko|
|poke|p2|Azumarill, M|
|poke|p2|Melmetal|
|poke|p2|Zapdos-Galar|
|poke|p2|Dragapult, F|
|poke|p2|Zeraora|
|teampreview
|inactive|Battle timer is ON: inactive players will automatically lose when time's up. (requested by Sp0oNl0rD)
|inactive|ezwz has 120 seconds left.
|j| AloneVR
|inactive|ezwz has 90 seconds left.
|
|t:|1644864077
|start
|switch|p1a: Tornadus|Tornadus-Therian, M|100/100
|switch|p2a: Tapu Koko|Tapu Koko|100/100
|-fieldstart|move: Electric Terrain|[from] ability: Electric Surge|[of] p2a: Tapu Koko
|turn|1
|j| Belindas Dad
|
|t:|1644864087
|move|p2a: Tapu Koko|Light Screen|p2a: Tapu Koko
|-sidestart|p2: Sp0oNl0rD|move: Light Screen
|move|p1a: Tornadus|Knock Off|p2a: Tapu Koko
|-resisted|p2a: Tapu Koko
|-damage|p2a: Tapu Koko|90/100
|-enditem|p2a: Tapu Koko|Light Clay|[from] move: Knock Off|[of] p1a: Tornadus
|
|upkeep
|turn|2
|j| DcMarvelAnimeFan
|
|t:|1644864091
|move|p2a: Tapu Koko|Reflect|p2a: Tapu Koko
|-sidestart|p2: Sp0oNl0rD|Reflect
|move|p1a: Tornadus|U-turn|p2a: Tapu Koko
|-resisted|p2a: Tapu Koko
|-crit|p2a: Tapu Koko
|-damage|p2a: Tapu Koko|77/100
|
|t:|1644864094
|switch|p1a: Landorus|Landorus-Therian, M|100/100|[from]move: U-turn
|-ability|p1a: Landorus|Intimidate|boost
|-unboost|p2a: Tapu Koko|atk|1
|
|upkeep
|turn|3
|
|t:|1644864098
|switch|p2a: Zapdos|Zapdos-Galar|100/100
|move|p1a: Landorus|U-turn|p2a: Zapdos
|-resisted|p2a: Zapdos
|-damage|p2a: Zapdos|97/100
|
|t:|1644864127
|switch|p1a: Tornadus|Tornadus-Therian, M|100/100|[from]move: U-turn
|
|upkeep
|turn|4
|
|t:|1644864130
|move|p1a: Tornadus|Knock Off|p2a: Zapdos
|-resisted|p2a: Zapdos
|-crit|p2a: Zapdos
|-damage|p2a: Zapdos|79/100
|-enditem|p2a: Zapdos|Choice Band|[from] move: Knock Off|[of] p1a: Tornadus
|move|p2a: Zapdos|Brave Bird|p1a: Tornadus
|-damage|p1a: Tornadus|32/100
|-damage|p2a: Zapdos|54/100|[from] Recoil
|
|upkeep
|turn|5
|j| MiniLarry
|
|t:|1644864149
|move|p1a: Tornadus|Hurricane|p2a: Zapdos
|-supereffective|p2a: Zapdos
|-damage|p2a: Zapdos|9/100
|-start|p2a: Zapdos|confusion
|-activate|p2a: Zapdos|confusion
|move|p2a: Zapdos|Brave Bird|p1a: Tornadus
|-damage|p1a: Tornadus|0 fnt
|faint|p1a: Tornadus
|-damage|p2a: Zapdos|0 fnt|[from] Recoil
|faint|p2a: Zapdos
|
|-fieldend|move: Electric Terrain
|upkeep
|inactive|Sp0oNl0rD has 120 seconds left.
|
|t:|1644864182
|switch|p1a: Tapu Fini|Tapu Fini|100/100
|switch|p2a: Azumarill|Azumarill, M|100/100
|-fieldstart|move: Misty Terrain|[from] ability: Misty Surge|[of] p1a: Tapu Fini
|turn|6
|
|t:|1644864187
|move|p1a: Tapu Fini|Taunt|p2a: Azumarill
|-start|p2a: Azumarill|move: Taunt
|cant|p2a: Azumarill|move: Taunt|Belly Drum
|
|-sideend|p2: Sp0oNl0rD|Reflect
|upkeep
|turn|7
|
|t:|1644864195
|switch|p2a: Melmetal|Melmetal|100/100
|move|p1a: Tapu Fini|Nature's Madness|p2a: Melmetal
|-damage|p2a: Melmetal|51/100
|
|upkeep
|turn|8
|j| Nimbus33333
|
|t:|1644864204
|switch|p1a: Ferrothorn|Ferrothorn, M|100/100
|move|p2a: Melmetal|Superpower|p1a: Ferrothorn
|-supereffective|p1a: Ferrothorn
|-damage|p1a: Ferrothorn|44/100
|-unboost|p2a: Melmetal|atk|1
|-unboost|p2a: Melmetal|def|1
|-damage|p2a: Melmetal|38/100|[from] ability: Iron Barbs|[of] p1a: Ferrothorn
|
|-heal|p1a: Ferrothorn|50/100|[from] item: Leftovers
|-sideend|p2: Sp0oNl0rD|move: Light Screen
|upkeep
|turn|9
|
|t:|1644864210
|switch|p2a: Tapu Koko|Tapu Koko|77/100
|-fieldstart|move: Electric Terrain|[from] ability: Electric Surge|[of] p2a: Tapu Koko
|move|p1a: Ferrothorn|Leech Seed|p2a: Tapu Koko
|-start|p2a: Tapu Koko|move: Leech Seed
|
|-heal|p1a: Ferrothorn|57/100|[from] item: Leftovers
|-damage|p2a: Tapu Koko|65/100|[from] Leech Seed|[of] p1a: Ferrothorn
|-heal|p1a: Ferrothorn|69/100|[silent]
|upkeep
|turn|10
|l| Belindas Dad
|
|t:|1644864216
|move|p2a: Tapu Koko|Reflect|p2a: Tapu Koko
|-sidestart|p2: Sp0oNl0rD|Reflect
|move|p1a: Ferrothorn|Spikes|p2a: Tapu Koko
|-sidestart|p2: Sp0oNl0rD|Spikes
|
|-heal|p1a: Ferrothorn|75/100|[from] item: Leftovers
|-damage|p2a: Tapu Koko|52/100|[from] Leech Seed|[of] p1a: Ferrothorn
|-heal|p1a: Ferrothorn|87/100|[silent]
|upkeep
|turn|11
|
|t:|1644864226
|move|p2a: Tapu Koko|Taunt|p1a: Ferrothorn
|-start|p1a: Ferrothorn|move: Taunt
|cant|p1a: Ferrothorn|move: Taunt|Leech Seed
|
|-heal|p1a: Ferrothorn|93/100|[from] item: Leftovers
|-damage|p2a: Tapu Koko|40/100|[from] Leech Seed|[of] p1a: Ferrothorn
|-heal|p1a: Ferrothorn|100/100|[silent]
|upkeep
|turn|12
|
|t:|1644864234
|switch|p1a: Tapu Fini|Tapu Fini|100/100
|-fieldstart|move: Misty Terrain|[from] ability: Misty Surge|[of] p1a: Tapu Fini
|move|p2a: Tapu Koko|U-turn|p1a: Tapu Fini
|-resisted|p1a: Tapu Fini
|-damage|p1a: Tapu Fini|93/100
|
|t:|1644864239
|switch|p2a: Zeraora|Zeraora|100/100|[from]move: U-turn
|
|-heal|p1a: Tapu Fini|99/100|[from] item: Leftovers
|upkeep
|turn|13
|
|t:|1644864261
|switch|p2a: Azumarill|Azumarill, M|100/100
|-damage|p2a: Azumarill|88/100|[from] Spikes
|switch|p1a: Landorus|Landorus-Therian, M|100/100
|-ability|p1a: Landorus|Intimidate|boost
|-unboost|p2a: Azumarill|atk|1
|
|upkeep
|turn|14
|
|t:|1644864274
|move|p2a: Azumarill|Belly Drum|p2a: Azumarill
|-damage|p2a: Azumarill|38/100
|-setboost|p2a: Azumarill|atk|6|[from] move: Belly Drum
|-enditem|p2a: Azumarill|Sitrus Berry|[eat]
|-heal|p2a: Azumarill|63/100|[from] item: Sitrus Berry
|move|p1a: Landorus|Earthquake|p2a: Azumarill
|-damage|p2a: Azumarill|36/100
|
|-sideend|p2: Sp0oNl0rD|Reflect
|upkeep
|turn|15
|
|t:|1644864283
|switch|p1a: Ferrothorn|Ferrothorn, M|100/100
|move|p2a: Azumarill|Knock Off|p1a: Ferrothorn
|-damage|p1a: Ferrothorn|6/100
|-damage|p2a: Azumarill|24/100|[from] ability: Iron Barbs|[of] p1a: Ferrothorn
|-enditem|p1a: Ferrothorn|Leftovers|[from] move: Knock Off|[of] p2a: Azumarill
|
|upkeep
|turn|16
|j| Nesnot
|
|t:|1644864289
|move|p2a: Azumarill|Aqua Jet|p1a: Ferrothorn
|-resisted|p1a: Ferrothorn
|-damage|p1a: Ferrothorn|0 fnt
|-damage|p2a: Azumarill|12/100|[from] ability: Iron Barbs|[of] p1a: Ferrothorn
|faint|p1a: Ferrothorn
|
|-fieldend|Misty Terrain
|upkeep
|j| 100%er
|inactive|ezwz has 120 seconds left.
|
|t:|1644864317
|switch|p1a: Tapu Fini|Tapu Fini|99/100
|-fieldstart|move: Misty Terrain|[from] ability: Misty Surge|[of] p1a: Tapu Fini
|turn|17
|
|t:|1644864319
|move|p2a: Azumarill|Aqua Jet|p1a: Tapu Fini
|-resisted|p1a: Tapu Fini
|-damage|p1a: Tapu Fini|62/100
|move|p1a: Tapu Fini|Moonblast|p2a: Azumarill
|-damage|p2a: Azumarill|0 fnt
|faint|p2a: Azumarill
|
|-heal|p1a: Tapu Fini|68/100|[from] item: Leftovers
|upkeep
|
|t:|1644864322
|switch|p2a: Tapu Koko|Tapu Koko|40/100
|-damage|p2a: Tapu Koko|28/100|[from] Spikes
|-fieldstart|move: Electric Terrain|[from] ability: Electric Surge|[of] p2a: Tapu Koko
|turn|18
|
|t:|1644864334
|switch|p1a: Landorus|Landorus-Therian, M|100/100
|-ability|p1a: Landorus|Intimidate|boost
|-unboost|p2a: Tapu Koko|atk|1
|move|p2a: Tapu Koko|Light Screen|p2a: Tapu Koko
|-sidestart|p2: Sp0oNl0rD|move: Light Screen
|
|upkeep
|turn|19
|
|t:|1644864346
|move|p2a: Tapu Koko|Reflect|p2a: Tapu Koko
|-sidestart|p2: Sp0oNl0rD|Reflect
|move|p1a: Landorus|U-turn|p2a: Tapu Koko
|-resisted|p2a: Tapu Koko
|-damage|p2a: Tapu Koko|22/100
|
|t:|1644864355
|switch|p1a: Tapu Fini|Tapu Fini|68/100|[from]move: U-turn
|-fieldstart|move: Misty Terrain|[from] ability: Misty Surge|[of] p1a: Tapu Fini
|
|-heal|p1a: Tapu Fini|74/100|[from] item: Leftovers
|upkeep
|turn|20
|
|t:|1644864358
|switch|p2a: Melmetal|Melmetal|38/100
|-damage|p2a: Melmetal|26/100|[from] Spikes
|move|p1a: Tapu Fini|Nature's Madness|p2a: Melmetal
|-damage|p2a: Melmetal|13/100
|
|-heal|p1a: Tapu Fini|80/100|[from] item: Leftovers
|upkeep
|turn|21
|
|t:|1644864376
|switch|p1a: Heatran|Heatran, F|100/100
|move|p2a: Melmetal|Double Iron Bash|p1a: Heatran
|-resisted|p1a: Heatran
|-damage|p1a: Heatran|91/100
|-resisted|p1a: Heatran
|-damage|p1a: Heatran|82/100
|-hitcount|p1a: Heatran|2
|
|-heal|p1a: Heatran|88/100|[from] item: Leftovers
|upkeep
|turn|22
|
|t:|1644864381
|move|p1a: Heatran|Earth Power|p2a: Melmetal
|-supereffective|p2a: Melmetal
|-damage|p2a: Melmetal|0 fnt
|faint|p2a: Melmetal
|
|-heal|p1a: Heatran|94/100|[from] item: Leftovers
|-sideend|p2: Sp0oNl0rD|move: Light Screen
|upkeep
|
|t:|1644864385
|switch|p2a: Tapu Koko|Tapu Koko|22/100
|-damage|p2a: Tapu Koko|10/100|[from] Spikes
|-fieldstart|move: Electric Terrain|[from] ability: Electric Surge|[of] p2a: Tapu Koko
|turn|23
|
|t:|1644864394
|move|p2a: Tapu Koko|Light Screen|p2a: Tapu Koko
|-sidestart|p2: Sp0oNl0rD|move: Light Screen
|move|p1a: Heatran|Taunt|p2a: Tapu Koko
|-start|p2a: Tapu Koko|move: Taunt
|
|-heal|p1a: Heatran|100/100|[from] item: Leftovers
|-sideend|p2: Sp0oNl0rD|Reflect
|upkeep
|turn|24
|
|t:|1644864398
|move|p2a: Tapu Koko|U-turn|p1a: Heatran
|-resisted|p1a: Heatran
|-damage|p1a: Heatran|97/100
|
|t:|1644864399
|switch|p2a: Zeraora|Zeraora|100/100|[from]move: U-turn
|move|p1a: Heatran|Toxic|p2a: Zeraora
|-status|p2a: Zeraora|tox
|
|-heal|p1a: Heatran|100/100|[from] item: Leftovers
|-damage|p2a: Zeraora|95/100 tox|[from] psn
|upkeep
|turn|25
|
|t:|1644864414
|switch|p2a: Tapu Koko|Tapu Koko|10/100
|-damage|p2a: Tapu Koko|0 fnt|[from] Spikes
|faint|p2a: Tapu Koko
|move|p1a: Heatran|Earth Power|p2: Tapu Koko|[notarget]
|-fail|p1a: Heatran
|
|upkeep
|
|t:|1644864420
|switch|p2a: Dragapult|Dragapult, F, shiny|100/100
|-damage|p2a: Dragapult|88/100|[from] Spikes
|turn|26
|j| xxsbl
|
|t:|1644864425
|move|p2a: Dragapult|Dragon Darts|p1a: Heatran
|-resisted|p1a: Heatran
|-damage|p1a: Heatran|89/100
|-anim|p2a: Dragapult|Dragon Darts|p1a: Heatran
|-resisted|p1a: Heatran
|-damage|p1a: Heatran|78/100
|move|p1a: Heatran|Toxic|p2a: Dragapult
|-status|p2a: Dragapult|tox
|-enditem|p2a: Dragapult|Lum Berry|[eat]
|-curestatus|p2a: Dragapult|tox|[msg]
|
|-heal|p1a: Heatran|84/100|[from] item: Leftovers
|upkeep
|turn|27
|
|t:|1644864429
|move|p2a: Dragapult|Phantom Force||[still]
|-prepare|p2a: Dragapult|Phantom Force
|move|p1a: Heatran|Toxic|p2a: Dragapult|[miss]
|-miss|p1a: Heatran|p2a: Dragapult
|
|-heal|p1a: Heatran|90/100|[from] item: Leftovers
|-sideend|p2: Sp0oNl0rD|move: Light Screen
|-fieldend|move: Electric Terrain
|upkeep
|turn|28
|l| Nimbus33333
|
|t:|1644864432
|move|p2a: Dragapult|Phantom Force|p1a: Heatran|[from]lockedmove
|-damage|p1a: Heatran|48/100
|move|p1a: Heatran|Toxic|p2a: Dragapult
|-status|p2a: Dragapult|tox
|
|-heal|p1a: Heatran|54/100|[from] item: Leftovers
|-damage|p2a: Dragapult|82/100 tox|[from] psn
|upkeep
|turn|29
|-message|Sp0oNl0rD forfeited.
|
|win|ezwz
|raw|ezwz's rating: 1768 &rarr; <strong>1784</strong><br />(+16 for winning)
|raw|Sp0oNl0rD's rating: 1702 &rarr; <strong>1686</strong><br />(-16 for losing)
|l|☆Sp0oNl0rD
