|j|☆LT91BB Mimi
|j|☆2(H2O)
|t:|1658943354
|gametype|singles
|player|p1|LT91BB Mimi|#mimikyustardust|1600
|player|p2|2(H2O)|chase|1648
|teamsize|p1|6
|teamsize|p2|6
|gen|8
|tier|[Gen 8] OU
|rated|
|rule|Sleep Clause Mod: Limit one foe put to sleep
|rule|Species Clause: Limit one of each Pokémon
|rule|OHKO Clause: OHKO moves are banned
|rule|Evasion Moves Clause: Evasion moves are banned
|rule|Endless Battle Clause: Forcing endless battles is banned
|rule|HP Percentage Mod: HP is shown in percentages
|rule|Dynamax Clause: You cannot dynamax
|clearpoke
|poke|p1|Pelipper, M|
|poke|p1|Barraskewda, M|
|poke|p1|Regieleki|
|poke|p1|Tapu Lele|
|poke|p1|Landorus-Therian, M|
|poke|p1|Ferrothorn, F|
|poke|p2|Weavile, M|
|poke|p2|Landorus-Therian, M|
|poke|p2|Tyranitar, M|
|poke|p2|Corviknight, M|
|poke|p2|Kartana|
|poke|p2|Slowbro, M|
|teampreview
|j| Rated casper
|j| LT91BBEZ
|j| LT91BB rejeff
|inactive|Battle timer is ON: inactive players will automatically lose when time's up. (requested by 2(H2O))
|j| bhkg
|j| OLT Farmer
|j| CallMePrimal
|j| LT91BB Scorcha
|l| LT91BB Scorcha
|j| mars and back
|j| picket wicket
|inactive|LT91BB Mimi has 120 seconds left.
|
|t:|1658943404
|start
|switch|p1a: Pelipprime|Pelipper, M|100/100
|switch|p2a: Weavile|Weavile, M|100/100
|-ability|p2a: Weavile|Pressure
|-weather|RainDance|[from] ability: Drizzle|[of] p1a: Pelipprime
|turn|1
|
|t:|1658943411
|switch|p1a: Lando Calrissian|Landorus-Therian, M|100/100
|-ability|p1a: Lando Calrissian|Intimidate|boost
|-unboost|p2a: Weavile|atk|1
|move|p2a: Weavile|Swords Dance|p2a: Weavile
|-boost|p2a: Weavile|atk|2
|
|-weather|RainDance|[upkeep]
|upkeep
|turn|2
|
|t:|1658943414
|switch|p1a: Ferro Thornberry|Ferrothorn, F|100/100
|move|p2a: Weavile|Swords Dance|p2a: Weavile
|-boost|p2a: Weavile|atk|2
|
|-weather|RainDance|[upkeep]
|upkeep
|turn|3
|j| LT91BB xray
|l| Rated casper
|
|t:|1658943440
|move|p2a: Weavile|Low Kick|p1a: Ferro Thornberry
|-supereffective|p1a: Ferro Thornberry
|-crit|p1a: Ferro Thornberry
|-damage|p1a: Ferro Thornberry|0 fnt
|-damage|p2a: Weavile|88/100|[from] ability: Iron Barbs|[of] p1a: Ferro Thornberry
|faint|p1a: Ferro Thornberry
|-damage|p2a: Weavile|78/100|[from] item: Life Orb
|
|-weather|RainDance|[upkeep]
|upkeep
|
|t:|1658943444
|switch|p1a: Barrack Obama|Barraskewda, M|100/100
|turn|4
|
|t:|1658943451
|switch|p2a: Slowbro|Slowbro, M|100/100
|move|p1a: Barrack Obama|Flip Turn|p2a: Slowbro
|-resisted|p2a: Slowbro
|-damage|p2a: Slowbro|78/100
|j| Mbouchon
|l| Mbouchon
|l|☆LT91BB Mimi
|inactive|LT91BB Mimi disconnected and has a minute to reconnect!
|player|p1|
|inactive|LT91BB Mimi has 30 seconds to reconnect!
|j|☆LT91BB Mimi
|inactive|LT91BB Mimi reconnected and has 95 seconds left.
|player|p1|LT91BB Mimi|#mimikyustardust
|inactive|LT91BB Mimi has 90 seconds left.
|j| LT91BB Tace
|inactive|LT91BB Mimi has 60 seconds left.
|
|t:|1658943547
|switch|p1a: Pelipprime|Pelipper, M|100/100|[from]move: Flip Turn
|
|-weather|RainDance|[upkeep]
|upkeep
|turn|5
|
|t:|1658943555
|switch|p2a: Tyranitar|Tyranitar, M|100/100
|-weather|Sandstorm|[from] ability: Sand Stream|[of] p2a: Tyranitar
|move|p1a: Pelipprime|Surf|p2a: Tyranitar
|-supereffective|p2a: Tyranitar
|-damage|p2a: Tyranitar|32/100
|
|-weather|Sandstorm|[upkeep]
|-damage|p1a: Pelipprime|94/100|[from] Sandstorm
|upkeep
|turn|6
|inactive|LT91BB Mimi has 60 seconds left.
|
|t:|1658943569
|switch|p1a: Lando Calrissian|Landorus-Therian, M|100/100
|-ability|p1a: Lando Calrissian|Intimidate|boost
|-unboost|p2a: Tyranitar|atk|1
|move|p2a: Tyranitar|Stone Edge|p1a: Lando Calrissian
|-damage|p1a: Lando Calrissian|47/100
|
|-weather|Sandstorm|[upkeep]
|-heal|p1a: Lando Calrissian|54/100|[from] item: Leftovers
|upkeep
|turn|7
|inactive|LT91BB Mimi has 60 seconds left.
|j|@ironwater
|
|t:|1658943601
|switch|p2a: Slowbro|Slowbro, M|100/100
|move|p1a: Lando Calrissian|Stealth Rock|p2a: Slowbro
|-sidestart|p2: 2(H2O)|move: Stealth Rock
|
|-weather|Sandstorm|[upkeep]
|-damage|p2a: Slowbro|94/100|[from] Sandstorm
|-heal|p1a: Lando Calrissian|60/100|[from] item: Leftovers
|upkeep
|turn|8
|
|t:|1658943614
|move|p1a: Lando Calrissian|U-turn|p2a: Slowbro
|-supereffective|p2a: Slowbro
|-damage|p2a: Slowbro|70/100
|l|☆LT91BB Mimi
|inactive|LT91BB Mimi disconnected and has a minute to reconnect!
|player|p1|
|inactive|LT91BB Mimi has 30 seconds left.
|j|☆LT91BB Mimi
|inactive|LT91BB Mimi reconnected and has 30 seconds left.
|player|p1|LT91BB Mimi|#mimikyustardust
|inactive|LT91BB Mimi has 20 seconds left.
|
|t:|1658943642
|switch|p1a: Pelipprime|Pelipper, M|94/100|[from]move: U-turn
|-weather|RainDance|[from] ability: Drizzle|[of] p1a: Pelipprime
|move|p2a: Slowbro|Teleport|p2a: Slowbro
|inactive|LT91BB Mimi has 25 seconds left this turn.
|
|t:|1658943650
|switch|p2a: Weavile|Weavile, M|78/100|[from]move: Teleport
|-damage|p2a: Weavile|53/100|[from] Stealth Rock
|-ability|p2a: Weavile|Pressure
|
|-weather|RainDance|[upkeep]
|upkeep
|turn|9
|inactive|LT91BB Mimi has 30 seconds left.
|
|t:|1658943662
|switch|p1a: Lando Calrissian|Landorus-Therian, M|60/100
|-ability|p1a: Lando Calrissian|Intimidate|boost
|-unboost|p2a: Weavile|atk|1
|move|p2a: Weavile|Triple Axel|p1a: Lando Calrissian
|-supereffective|p1a: Lando Calrissian
|-damage|p1a: Lando Calrissian|23/100
|-supereffective|p1a: Lando Calrissian
|-damage|p1a: Lando Calrissian|0 fnt
|faint|p1a: Lando Calrissian
|-hitcount|p1: Lando Calrissian|2
|-damage|p2a: Weavile|43/100|[from] item: Life Orb
|
|-weather|RainDance|[upkeep]
|upkeep
|inactive|LT91BB Mimi has 30 seconds left this turn.
|
|t:|1658943665
|switch|p1a: Barrack Obama|Barraskewda, M|100/100
|turn|10
|
|t:|1658943671
|switch|p2a: Slowbro|Slowbro, M|100/100
|move|p1a: Barrack Obama|Flip Turn|p2a: Slowbro
|-resisted|p2a: Slowbro
|-damage|p2a: Slowbro|78/100
|
|t:|1658943685
|switch|p1a: Pelipprime|Pelipper, M|94/100|[from]move: Flip Turn
|
|-weather|RainDance|[upkeep]
|upkeep
|turn|11
|
|t:|1658943691
|switch|p2a: Corviknight|Corviknight, M|100/100
|-ability|p2a: Corviknight|Pressure
|move|p1a: Pelipprime|Hurricane|p2a: Corviknight
|-resisted|p2a: Corviknight
|-damage|p2a: Corviknight|69/100
|-start|p2a: Corviknight|confusion
|
|-weather|RainDance|[upkeep]
|upkeep
|turn|12
|inactive|LT91BB Mimi has 30 seconds left.
|
|t:|1658943722
|move|p1a: Pelipprime|Hurricane|p2a: Corviknight
|-resisted|p2a: Corviknight
|-damage|p2a: Corviknight|36/100
|-activate|p2a: Corviknight|confusion
|move|p2a: Corviknight|Defog|p1a: Pelipprime
|-unboost|p1a: Pelipprime|evasion|1
|-sideend|p2: 2(H2O)|Stealth Rock|[from] move: Defog|[of] p2a: Corviknight
|
|-weather|none
|upkeep
|turn|13
|inactive|LT91BB Mimi has 30 seconds left.
|
|t:|1658943735
|move|p1a: Pelipprime|Hurricane|p2a: Corviknight
|-resisted|p2a: Corviknight
|-damage|p2a: Corviknight|5/100
|-activate|p2a: Corviknight|confusion
|-damage|p2a: Corviknight|0 fnt|[from] confusion
|faint|p2a: Corviknight
|
|upkeep
|inactive|LT91BB Mimi has 30 seconds left this turn.
|
|t:|1658943741
|switch|p2a: Weavile|Weavile, M|43/100
|-ability|p2a: Weavile|Pressure
|turn|14
|j| LT91BB oakdeon
|inactive|LT91BB Mimi has 30 seconds left.
|
|t:|1658943758
|switch|p1a: Regieleki|Regieleki|100/100
|move|p2a: Weavile|Triple Axel|p1a: Regieleki|[miss]
|-miss|p2a: Weavile|p1a: Regieleki
|
|upkeep
|turn|15
|
|t:|1658943764
|switch|p2a: Landorus|Landorus-Therian, M|100/100
|-ability|p2a: Landorus|Intimidate|boost
|-unboost|p1a: Regieleki|atk|1
|move|p1a: Regieleki|Ancient Power|p2a: Landorus
|-damage|p2a: Landorus|87/100
|
|-heal|p2a: Landorus|93/100|[from] item: Leftovers
|upkeep
|turn|16
|
|t:|1658943767
|switch|p1a: Pelipprime|Pelipper, M|94/100
|-weather|RainDance|[from] ability: Drizzle|[of] p1a: Pelipprime
|move|p2a: Landorus|U-turn|p1a: Pelipprime
|-resisted|p1a: Pelipprime
|-damage|p1a: Pelipprime|80/100
|j| LT91BB GSW
|
|t:|1658943770
|switch|p2a: Weavile|Weavile, M|43/100|[from]move: U-turn
|-ability|p2a: Weavile|Pressure
|
|-weather|RainDance|[upkeep]
|upkeep
|turn|17
|
|t:|1658943776
|switch|p1a: Regieleki|Regieleki|100/100
|move|p2a: Weavile|Triple Axel|p1a: Regieleki
|-damage|p1a: Regieleki|75/100
|-damage|p1a: Regieleki|21/100
|-damage|p1a: Regieleki|0 fnt
|faint|p1a: Regieleki
|-hitcount|p1: Regieleki|3
|-damage|p2a: Weavile|33/100|[from] item: Life Orb
|
|-weather|RainDance|[upkeep]
|upkeep
|
|t:|1658943782
|switch|p1a: Tapu Lele Pons|Tapu Lele|100/100
|-fieldstart|move: Psychic Terrain|[from] ability: Psychic Surge|[of] p1a: Tapu Lele Pons
|turn|18
|
|t:|1658943789
|switch|p2a: Landorus|Landorus-Therian, M|93/100
|-ability|p2a: Landorus|Intimidate|boost
|-unboost|p1a: Tapu Lele Pons|atk|1
|move|p1a: Tapu Lele Pons|Moonblast|p2a: Landorus
|-damage|p2a: Landorus|50/100
|-unboost|p2a: Landorus|spa|1
|
|-weather|RainDance|[upkeep]
|-heal|p2a: Landorus|56/100|[from] item: Leftovers
|upkeep
|turn|19
|inactive|LT91BB Mimi has 60 seconds left.
|l| LT91BB oakdeon
|
|t:|1658943827
|move|p1a: Tapu Lele Pons|Moonblast|p2a: Landorus
|-damage|p2a: Landorus|16/100
|-unboost|p2a: Landorus|spa|1
|move|p2a: Landorus|U-turn|p1a: Tapu Lele Pons
|-damage|p1a: Tapu Lele Pons|67/100
|
|t:|1658943834
|switch|p2a: Kartana|Kartana|100/100|[from]move: U-turn
|
|-weather|RainDance|[upkeep]
|upkeep
|turn|20
|
|t:|1658943848
|move|p2a: Kartana|Leaf Blade|p1a: Tapu Lele Pons
|-damage|p1a: Tapu Lele Pons|0 fnt
|faint|p1a: Tapu Lele Pons
|-ability|p2a: Kartana|Beast Boost|boost
|-boost|p2a: Kartana|atk|1
|
|-weather|none
|upkeep
|-message|LT91BB Mimi forfeited.
|
|win|2(H2O)
|raw|LT91BB Mimi's rating: 1561 &rarr; <strong>1546</strong><br />(-15 for losing)
|raw|2(H2O)'s rating: 1648 &rarr; <strong>1663</strong><br />(+15 for winning)
|l|☆LT91BB Mimi
|l|@ironwater
|l| LT91BB Tace
||Ladder isn't responding, score probably updated but might not have (Request timeout).
|l| LT91BB xray
|j| LT91BB yama
|j| vkhss
|l| LT91BB yama
|l| vkhss
|l| OLT Farmer
|l| LT91BBEZ
