|j|☆Senzumii
|j|☆gotsnsd
|t:|1655766962
|gametype|singles
|player|p1|Senzumii|psychicf-gen4|1656
|player|p2|gotsnsd|beauty-gen2jp|1702
|teamsize|p1|6
|teamsize|p2|6
|gen|8
|tier|[Gen 8] OU
|rated|
|rule|Sleep Clause Mod: Limit one foe put to sleep
|rule|Species Clause: Limit one of each Pokémon
|rule|OHKO Clause: OHKO moves are banned
|rule|Evasion Moves Clause: Evasion moves are banned
|rule|Endless Battle Clause: Forcing endless battles is banned
|rule|HP Percentage Mod: HP is shown in percentages
|rule|Dynamax Clause: You cannot dynamax
|clearpoke
|poke|p1|Tapu Koko|
|poke|p1|Victini|
|poke|p1|Clefable, F|
|poke|p1|Landorus-Therian, M|
|poke|p1|Ferrothorn, M|
|poke|p1|Dragonite, F|
|poke|p2|Kartana|
|poke|p2|Landorus-Therian, M|
|poke|p2|Dragapult, F|
|poke|p2|Weavile, M|
|poke|p2|Tyranitar, F|
|poke|p2|Melmetal|
|teampreview
|
|t:|1655766990
|start
|switch|p1a: Clefable|Clefable, F|100/100
|switch|p2a: Tyranitar|Tyranitar, F|100/100
|-weather|Sandstorm|[from] ability: Sand Stream|[of] p2a: Tyranitar
|turn|1
|inactive|Battle timer is ON: inactive players will automatically lose when time's up. (requested by Senzumii)
|
|t:|1655767008
|switch|p2a: Landorus|Landorus-Therian, M|100/100
|-ability|p2a: Landorus|Intimidate|boost
|-unboost|p1a: Clefable|atk|1
|move|p1a: Clefable|Thunder Wave|p2a: Landorus
|-immune|p2a: Landorus
|
|-weather|Sandstorm|[upkeep]
|upkeep
|turn|2
|
|t:|1655767012
|switch|p1a: Landorus|Landorus-Therian, M|100/100
|-ability|p1a: Landorus|Intimidate|boost
|-unboost|p2a: Landorus|atk|1
|move|p2a: Landorus|Knock Off|p1a: Landorus
|-damage|p1a: Landorus|76/100
|-enditem|p1a: Landorus|Normal Gem|[from] move: Knock Off|[of] p2a: Landorus
|
|-weather|Sandstorm|[upkeep]
|upkeep
|turn|3
|
|t:|1655767017
|move|p1a: Landorus|Stealth Rock|p2a: Landorus
|-sidestart|p2: gotsnsd|move: Stealth Rock
|move|p2a: Landorus|Stealth Rock|p1a: Landorus
|-sidestart|p1: Senzumii|move: Stealth Rock
|
|-weather|Sandstorm|[upkeep]
|upkeep
|turn|4
|
|t:|1655767022
|switch|p2a: Dragapult|Dragapult, F|100/100
|-damage|p2a: Dragapult|88/100|[from] Stealth Rock
|move|p1a: Landorus|Knock Off|p2a: Dragapult
|-supereffective|p2a: Dragapult
|-damage|p2a: Dragapult|0 fnt
|-enditem|p2a: Dragapult|Choice Band|[from] move: Knock Off|[of] p1a: Landorus
|faint|p2a: Dragapult
|
|-weather|Sandstorm|[upkeep]
|upkeep
|
|t:|1655767026
|switch|p2a: Weavile|Weavile, M|100/100
|-damage|p2a: Weavile|76/100|[from] Stealth Rock
|-ability|p2a: Weavile|Pressure
|turn|5
|
|t:|1655767028
|switch|p1a: Ferrothorn|Ferrothorn, M|100/100
|-damage|p1a: Ferrothorn|95/100|[from] Stealth Rock
|move|p2a: Weavile|Beat Up|p1a: Ferrothorn
|-damage|p1a: Ferrothorn|87/100
|-damage|p1a: Ferrothorn|77/100
|-damage|p1a: Ferrothorn|67/100
|-damage|p1a: Ferrothorn|57/100
|-damage|p1a: Ferrothorn|48/100
|-hitcount|p1a: Ferrothorn|5
|
|-weather|none
|upkeep
|turn|6
|
|t:|1655767042
|switch|p2a: Landorus|Landorus-Therian, M|100/100
|-damage|p2a: Landorus|88/100|[from] Stealth Rock
|-ability|p2a: Landorus|Intimidate|boost
|-unboost|p1a: Ferrothorn|atk|1
|switch|p1a: Tapu Koko|Tapu Koko|100/100
|-fieldstart|move: Electric Terrain|[from] ability: Electric Surge|[of] p1a: Tapu Koko
|
|upkeep
|turn|7
|
|t:|1655767050
|switch|p1a: Ferrothorn|Ferrothorn, M|48/100
|-damage|p1a: Ferrothorn|42/100|[from] Stealth Rock
|move|p2a: Landorus|Toxic|p1a: Ferrothorn|[miss]
|-miss|p2a: Landorus|p1a: Ferrothorn
|
|upkeep
|turn|8
|
|t:|1655767061
|switch|p2a: Kartana|Kartana|100/100
|-damage|p2a: Kartana|95/100|[from] Stealth Rock
|move|p1a: Ferrothorn|Spikes|p2a: Kartana
|-sidestart|p2: gotsnsd|Spikes
|
|upkeep
|turn|9
|
|t:|1655767070
|switch|p1a: Dragonite|Dragonite, F|100/100
|move|p2a: Kartana|Defog|p1a: Dragonite
|-unboost|p1a: Dragonite|evasion|1
|-sideend|p1: Senzumii|Stealth Rock|[from] move: Defog|[of] p2a: Kartana
|-sideend|p2: gotsnsd|Spikes|[from] move: Defog|[of] p2a: Kartana
|-sideend|p2: gotsnsd|Stealth Rock|[from] move: Defog|[of] p2a: Kartana
|-fieldend|move: Electric Terrain
|
|upkeep
|turn|10
|
|t:|1655767081
|switch|p1a: Landorus|Landorus-Therian, M|76/100
|-ability|p1a: Landorus|Intimidate|boost
|-unboost|p2a: Kartana|atk|1
|move|p2a: Kartana|Knock Off|p1a: Landorus
|-damage|p1a: Landorus|53/100
|
|upkeep
|turn|11
|
|t:|1655767091
|move|p2a: Kartana|Leaf Blade|p1a: Landorus
|-damage|p1a: Landorus|11/100
|move|p1a: Landorus|Earthquake|p2a: Kartana
|-damage|p2a: Kartana|41/100
|
|upkeep
|turn|12
|
|t:|1655767103
|switch|p1a: Ferrothorn|Ferrothorn, M|42/100
|move|p2a: Kartana|Knock Off|p1a: Ferrothorn
|-damage|p1a: Ferrothorn|26/100
|-damage|p2a: Kartana|29/100|[from] ability: Iron Barbs|[of] p1a: Ferrothorn
|-damage|p2a: Kartana|12/100|[from] item: Rocky Helmet|[of] p1a: Ferrothorn
|-enditem|p1a: Ferrothorn|Rocky Helmet|[from] move: Knock Off|[of] p2a: Kartana
|
|upkeep
|turn|13
|
|t:|1655767108
|switch|p1a: Tapu Koko|Tapu Koko|100/100
|-fieldstart|move: Electric Terrain|[from] ability: Electric Surge|[of] p1a: Tapu Koko
|move|p2a: Kartana|Synthesis|p2a: Kartana
|-heal|p2a: Kartana|62/100
|
|upkeep
|turn|14
|
|t:|1655767115
|switch|p2a: Landorus|Landorus-Therian, M|88/100
|-ability|p2a: Landorus|Intimidate|boost
|-unboost|p1a: Tapu Koko|atk|1
|move|p1a: Tapu Koko|Nature's Madness|p2a: Landorus
|-damage|p2a: Landorus|44/100
|-enditem|p2a: Landorus|Eject Button
|j| ty-tyui↻
|
|t:|1655767121
|switch|p2a: Tyranitar|Tyranitar, F|100/100
|-weather|Sandstorm|[from] ability: Sand Stream|[of] p2a: Tyranitar
|
|-weather|Sandstorm|[upkeep]
|-damage|p1a: Tapu Koko|94/100|[from] Sandstorm
|upkeep
|turn|15
|
|t:|1655767128
|move|p1a: Tapu Koko|Volt Switch|p2a: Tyranitar
|-damage|p2a: Tyranitar|73/100
|
|t:|1655767131
|switch|p1a: Clefable|Clefable, F|100/100|[from]move: Volt Switch
|move|p2a: Tyranitar|Stone Edge|p1a: Clefable
|-damage|p1a: Clefable|36/100
|
|-weather|Sandstorm|[upkeep]
|-heal|p1a: Clefable|42/100|[from] item: Leftovers
|upkeep
|turn|16
|
|t:|1655767146
|move|p2a: Tyranitar|Stone Edge|p1a: Clefable
|-damage|p1a: Clefable|0 fnt
|faint|p1a: Clefable
|
|-weather|Sandstorm|[upkeep]
|upkeep
|
|t:|1655767148
|switch|p1a: Landorus|Landorus-Therian, M|11/100
|-ability|p1a: Landorus|Intimidate|boost
|-unboost|p2a: Tyranitar|atk|1
|turn|17
|
|t:|1655767157
|switch|p2a: Kartana|Kartana|62/100
|move|p1a: Landorus|Stealth Rock|p2a: Kartana
|-sidestart|p2: gotsnsd|move: Stealth Rock
|
|-weather|Sandstorm|[upkeep]
|-fieldend|move: Electric Terrain
|upkeep
|turn|18
|
|t:|1655767171
|switch|p1a: Ferrothorn|Ferrothorn, M|26/100
|move|p2a: Kartana|Knock Off|p1a: Ferrothorn
|-crit|p1a: Ferrothorn
|-damage|p1a: Ferrothorn|4/100
|-damage|p2a: Kartana|50/100|[from] ability: Iron Barbs|[of] p1a: Ferrothorn
|
|-weather|none
|upkeep
|turn|19
|
|t:|1655767183
|move|p2a: Kartana|Synthesis|p2a: Kartana
|-heal|p2a: Kartana|99/100
|move|p1a: Ferrothorn|Spikes|p2a: Kartana
|-sidestart|p2: gotsnsd|Spikes
|
|upkeep
|turn|20
|
|t:|1655767192
|move|p2a: Kartana|Defog|p1a: Ferrothorn
|-unboost|p1a: Ferrothorn|evasion|1
|-sideend|p2: gotsnsd|Spikes|[from] move: Defog|[of] p2a: Kartana
|-sideend|p2: gotsnsd|Stealth Rock|[from] move: Defog|[of] p2a: Kartana
|move|p1a: Ferrothorn|Spikes|p2a: Kartana
|-sidestart|p2: gotsnsd|Spikes
|
|upkeep
|turn|21
|
|t:|1655767195
|move|p2a: Kartana|Knock Off|p1a: Ferrothorn
|-damage|p1a: Ferrothorn|0 fnt
|-damage|p2a: Kartana|87/100|[from] ability: Iron Barbs|[of] p1a: Ferrothorn
|faint|p1a: Ferrothorn
|-ability|p2a: Kartana|Beast Boost|boost
|-boost|p2a: Kartana|atk|1
|
|upkeep
|
|t:|1655767199
|switch|p1a: Tapu Koko|Tapu Koko|94/100
|-fieldstart|move: Electric Terrain|[from] ability: Electric Surge|[of] p1a: Tapu Koko
|turn|22
|
|t:|1655767210
|move|p1a: Tapu Koko|Volt Switch|p2a: Kartana
|-resisted|p2a: Kartana
|-damage|p2a: Kartana|35/100
|
|t:|1655767216
|switch|p1a: Dragonite|Dragonite, F|100/100|[from]move: Volt Switch
|move|p2a: Kartana|Knock Off|p1a: Dragonite
|-damage|p1a: Dragonite|70/100
|-enditem|p1a: Dragonite|Heavy-Duty Boots|[from] move: Knock Off|[of] p2a: Kartana
|
|upkeep
|turn|23
|
|t:|1655767235
|switch|p2a: Landorus|Landorus-Therian, M|44/100
|-ability|p2a: Landorus|Intimidate|boost
|-unboost|p1a: Dragonite|atk|1
|move|p1a: Dragonite|Dragon Dance|p1a: Dragonite
|-boost|p1a: Dragonite|atk|1
|-boost|p1a: Dragonite|spe|1
|
|upkeep
|turn|24
|
|t:|1655767249
|move|p1a: Dragonite|Dual Wingbeat|p2a: Landorus
|-damage|p2a: Landorus|23/100
|-damage|p2a: Landorus|1/100
|-hitcount|p2a: Landorus|2
|move|p2a: Landorus|Toxic|p1a: Dragonite
|-status|p1a: Dragonite|tox
|
|-damage|p1a: Dragonite|64/100 tox|[from] psn
|upkeep
|turn|25
|
|t:|1655767264
|switch|p2a: Tyranitar|Tyranitar, F|73/100
|-damage|p2a: Tyranitar|61/100|[from] Spikes
|-weather|Sandstorm|[from] ability: Sand Stream|[of] p2a: Tyranitar
|move|p1a: Dragonite|Dual Wingbeat|p2a: Tyranitar
|-resisted|p2a: Tyranitar
|-damage|p2a: Tyranitar|50/100
|-resisted|p2a: Tyranitar
|-damage|p2a: Tyranitar|40/100
|-hitcount|p2a: Tyranitar|2
|
|-weather|Sandstorm|[upkeep]
|-damage|p1a: Dragonite|58/100 tox|[from] Sandstorm
|-damage|p1a: Dragonite|45/100 tox|[from] psn
|upkeep
|turn|26
|
|t:|1655767269
|switch|p2a: Landorus|Landorus-Therian, M|1/100
|-ability|p2a: Landorus|Intimidate|boost
|-unboost|p1a: Dragonite|atk|1
|move|p1a: Dragonite|Earthquake|p2a: Landorus
|-immune|p2a: Landorus
|
|-weather|Sandstorm|[upkeep]
|-damage|p1a: Dragonite|39/100 tox|[from] Sandstorm
|-damage|p1a: Dragonite|21/100 tox|[from] psn
|-fieldend|move: Electric Terrain
|upkeep
|turn|27
|
|t:|1655767275
|move|p1a: Dragonite|Dual Wingbeat|p2a: Landorus
|-damage|p2a: Landorus|0 fnt
|faint|p2a: Landorus
|-hitcount|p2: Landorus|1
|
|-weather|Sandstorm|[upkeep]
|-damage|p1a: Dragonite|14/100 tox|[from] Sandstorm
|-damage|p1a: Dragonite|0 fnt|[from] psn
|faint|p1a: Dragonite
|upkeep
|
|t:|1655767295
|switch|p2a: Kartana|Kartana|35/100
|switch|p1a: Tapu Koko|Tapu Koko|94/100
|-fieldstart|move: Electric Terrain|[from] ability: Electric Surge|[of] p1a: Tapu Koko
|-damage|p2a: Kartana|23/100|[from] Spikes
|turn|28
|
|t:|1655767302
|switch|p2a: Melmetal|Melmetal|100/100
|-damage|p2a: Melmetal|88/100|[from] Spikes
|move|p1a: Tapu Koko|Dazzling Gleam|p2a: Melmetal
|-resisted|p2a: Melmetal
|-damage|p2a: Melmetal|71/100
|
|-weather|Sandstorm|[upkeep]
|-damage|p1a: Tapu Koko|88/100|[from] Sandstorm
|upkeep
|turn|29
|
|t:|1655767307
|move|p1a: Tapu Koko|Volt Switch|p2a: Melmetal
|-damage|p2a: Melmetal|34/100
|
|t:|1655767321
|switch|p1a: Landorus|Landorus-Therian, M|11/100|[from]move: Volt Switch
|-ability|p1a: Landorus|Intimidate|boost
|-unboost|p2a: Melmetal|atk|1
|move|p2a: Melmetal|Double Iron Bash|p1a: Landorus
|-damage|p1a: Landorus|0 fnt
|faint|p1a: Landorus
|-hitcount|p1: Landorus|1
|
|-weather|none
|upkeep
|
|t:|1655767323
|switch|p1a: Tapu Koko|Tapu Koko|88/100
|turn|30
|
|t:|1655767331
|move|p1a: Tapu Koko|Volt Switch|p2a: Melmetal
|-damage|p2a: Melmetal|0 fnt
|faint|p2a: Melmetal
|
|t:|1655767332
|switch|p1a: Victini|Victini|100/100|[from]move: Volt Switch
|
|upkeep
|
|t:|1655767338
|switch|p2a: Kartana|Kartana|23/100
|-damage|p2a: Kartana|11/100|[from] Spikes
|turn|31
|
|t:|1655767348
|move|p2a: Kartana|Defog|p1a: Victini
|-unboost|p1a: Victini|evasion|1
|-sideend|p2: gotsnsd|Spikes|[from] move: Defog|[of] p2a: Kartana
|-fieldend|move: Electric Terrain
|move|p1a: Victini|Bolt Strike|p2a: Kartana
|-resisted|p2a: Kartana
|-damage|p2a: Kartana|0 fnt
|-damage|p1a: Victini|84/100|[from] item: Rocky Helmet|[of] p2a: Kartana
|faint|p2a: Kartana
|
|upkeep
|
|t:|1655767359
|switch|p2a: Weavile|Weavile, M|76/100
|-ability|p2a: Weavile|Pressure
|turn|32
|
|t:|1655767376
|switch|p1a: Tapu Koko|Tapu Koko|88/100
|-fieldstart|move: Electric Terrain|[from] ability: Electric Surge|[of] p1a: Tapu Koko
|move|p2a: Weavile|Triple Axel|p1a: Tapu Koko
|-damage|p1a: Tapu Koko|67/100
|-damage|p1a: Tapu Koko|21/100
|-damage|p1a: Tapu Koko|0 fnt
|faint|p1a: Tapu Koko
|-hitcount|p1: Tapu Koko|3
|
|upkeep
|c|☆Senzumii|wp
|
|t:|1655767383
|switch|p1a: Victini|Victini|84/100
|turn|33
|inactive|gotsnsd has 120 seconds left.
|inactive|gotsnsd has 90 seconds left.
|inactive|gotsnsd has 60 seconds left.
|
|t:|1655767492
|switch|p2a: Tyranitar|Tyranitar, F|40/100
|-weather|Sandstorm|[from] ability: Sand Stream|[of] p2a: Tyranitar
|move|p1a: Victini|Bolt Strike|p2a: Tyranitar
|-damage|p2a: Tyranitar|0 fnt
|faint|p2a: Tyranitar
|
|-weather|Sandstorm|[upkeep]
|-damage|p1a: Victini|78/100|[from] Sandstorm
|upkeep
|
|t:|1655767495
|switch|p2a: Weavile|Weavile, M|76/100
|-ability|p2a: Weavile|Pressure
|turn|34
|
|t:|1655767506
|move|p2a: Weavile|Beat Up|p1a: Victini
|-supereffective|p1a: Victini
|-damage|p1a: Victini|51/100
|-hitcount|p1a: Victini|1
|move|p1a: Victini|Bolt Strike|p2a: Weavile
|-damage|p2a: Weavile|0 fnt
|faint|p2a: Weavile
|
|win|Senzumii
|raw|Senzumii's rating: 1656 &rarr; <strong>1679</strong><br />(+23 for winning)
|raw|gotsnsd's rating: 1702 &rarr; <strong>1679</strong><br />(-23 for losing)
|l|☆gotsnsd
