|j|☆grasssoul
|j|☆winter lanterns
|t:|1668155031
|gametype|singles
|player|p1|grasssoul|102|1733
|player|p2|winter lanterns|101|1781
|teamsize|p1|6
|teamsize|p2|6
|gen|8
|tier|[Gen 8] OU
|rated|
|rule|Sleep Clause Mod: Limit one foe put to sleep
|rule|Species Clause: Limit one of each Pokémon
|rule|OHKO Clause: OHKO moves are banned
|rule|Evasion Items Clause: Evasion items are banned
|rule|Evasion Moves Clause: Evasion moves are banned
|rule|Endless Battle Clause: Forcing endless battles is banned
|rule|HP Percentage Mod: HP is shown in percentages
|rule|Dynamax Clause: You cannot dynamax
|clearpoke
|poke|p1|Heatran, M|
|poke|p1|Slowking-Galar, F|
|poke|p1|Tapu Lele|
|poke|p1|Landorus-Therian, M|
|poke|p1|Dragapult, F|
|poke|p1|Zapdos|
|poke|p2|Dragapult, F|
|poke|p2|Urshifu-*, F|
|poke|p2|Tapu Lele|
|poke|p2|Landorus-Therian, M|
|poke|p2|Zapdos|
|poke|p2|Melmetal|
|teampreview
|
|t:|1668155044
|start
|switch|p1a: Landorus|Landorus-Therian, M|100/100
|switch|p2a: Landorus|Landorus-Therian, M|100/100
|-ability|p2a: Landorus|Intimidate|boost
|-unboost|p1a: Landorus|atk|1
|-ability|p1a: Landorus|Intimidate|boost
|-unboost|p2a: Landorus|atk|1
|turn|1
|inactive|Battle timer is ON: inactive players will automatically lose when time's up. (requested by grasssoul)
|
|t:|1668155055
|move|p2a: Landorus|Stealth Rock|p1a: Landorus
|-sidestart|p1: grasssoul|move: Stealth Rock
|move|p1a: Landorus|Knock Off|p2a: Landorus
|-damage|p2a: Landorus|80/100
|-enditem|p2a: Landorus|Leftovers|[from] move: Knock Off|[of] p1a: Landorus
|
|upkeep
|turn|2
|
|t:|1668155066
|move|p2a: Landorus|Knock Off|p1a: Landorus
|-damage|p1a: Landorus|84/100
|-enditem|p1a: Landorus|Leftovers|[from] move: Knock Off|[of] p2a: Landorus
|move|p1a: Landorus|Stealth Rock|p2a: Landorus
|-sidestart|p2: winter lanterns|move: Stealth Rock
|
|upkeep
|turn|3
|
|t:|1668155072
|move|p2a: Landorus|Knock Off|p1a: Landorus
|-damage|p1a: Landorus|73/100
|move|p1a: Landorus|Knock Off|p2a: Landorus
|-damage|p2a: Landorus|63/100
|
|upkeep
|turn|4
|
|t:|1668155078
|move|p2a: Landorus|Knock Off|p1a: Landorus
|-damage|p1a: Landorus|61/100
|move|p1a: Landorus|Knock Off|p2a: Landorus
|-damage|p2a: Landorus|49/100
|
|upkeep
|turn|5
|
|t:|1668155085
|move|p2a: Landorus|Knock Off|p1a: Landorus
|-damage|p1a: Landorus|51/100
|move|p1a: Landorus|Knock Off|p2a: Landorus
|-damage|p2a: Landorus|34/100
|
|upkeep
|turn|6
|
|t:|1668155088
|move|p2a: Landorus|Knock Off|p1a: Landorus
|-damage|p1a: Landorus|40/100
|move|p1a: Landorus|Knock Off|p2a: Landorus
|-damage|p2a: Landorus|18/100
|
|upkeep
|turn|7
|
|t:|1668155091
|move|p2a: Landorus|Knock Off|p1a: Landorus
|-damage|p1a: Landorus|29/100
|move|p1a: Landorus|Knock Off|p2a: Landorus
|-damage|p2a: Landorus|2/100
|
|upkeep
|turn|8
|
|t:|1668155094
|move|p2a: Landorus|Knock Off|p1a: Landorus
|-crit|p1a: Landorus
|-damage|p1a: Landorus|3/100
|move|p1a: Landorus|Knock Off|p2a: Landorus
|-damage|p2a: Landorus|0 fnt
|faint|p2a: Landorus
|
|upkeep
|
|t:|1668155110
|switch|p2a: Zapdos|Zapdos|100/100
|turn|9
|
|t:|1668155131
|move|p2a: Zapdos|Heat Wave|p1a: Landorus
|-damage|p1a: Landorus|0 fnt
|faint|p1a: Landorus
|
|upkeep
|
|t:|1668155134
|switch|p1a: Slowking|Slowking-Galar, F|100/100
|-damage|p1a: Slowking|88/100|[from] Stealth Rock
|turn|10
|
|t:|1668155138
|move|p2a: Zapdos|Volt Switch|p1a: Slowking
|-damage|p1a: Slowking|74/100
|
|t:|1668155139
|switch|p2a: Melmetal|Melmetal|100/100|[from]move: Volt Switch
|-damage|p2a: Melmetal|94/100|[from] Stealth Rock
|move|p1a: Slowking|Future Sight|p2a: Melmetal
|-start|p1a: Slowking|move: Future Sight
|
|-heal|p2a: Melmetal|100/100|[from] item: Leftovers
|upkeep
|turn|11
|j| wdz999
|
|t:|1668155148
|switch|p1a: Zapdos|Zapdos|100/100
|move|p2a: Melmetal|Double Iron Bash|p1a: Zapdos
|-resisted|p1a: Zapdos
|-damage|p1a: Zapdos|83/100
|-status|p2a: Melmetal|par|[from] ability: Static|[of] p1a: Zapdos
|-resisted|p1a: Zapdos
|-damage|p1a: Zapdos|68/100
|-hitcount|p1a: Zapdos|2
|
|upkeep
|turn|12
|
|t:|1668155157
|move|p2a: Melmetal|Protect|p2a: Melmetal
|-singleturn|p2a: Melmetal|Protect
|move|p1a: Zapdos|Roost|p1a: Zapdos
|-heal|p1a: Zapdos|100/100
|-singleturn|p1a: Zapdos|move: Roost
|
|-end|p2a: Melmetal|move: Future Sight
|-resisted|p2a: Melmetal
|-damage|p2a: Melmetal|80/100 par
|-heal|p2a: Melmetal|86/100 par|[from] item: Leftovers
|upkeep
|turn|13
|
|t:|1668155163
|move|p1a: Zapdos|Volt Switch|p2a: Melmetal
|-damage|p2a: Melmetal|59/100 par
|
|t:|1668155169
|switch|p1a: Slowking|Slowking-Galar, F|100/100|[from]move: Volt Switch
|-damage|p1a: Slowking|88/100|[from] Stealth Rock
|move|p2a: Melmetal|Toxic|p1a: Slowking
|-immune|p1a: Slowking
|
|-heal|p2a: Melmetal|65/100 par|[from] item: Leftovers
|upkeep
|turn|14
|
|t:|1668155176
|move|p1a: Slowking|Fire Blast|p2a: Melmetal|[miss]
|-miss|p1a: Slowking|p2a: Melmetal
|cant|p2a: Melmetal|par
|
|-heal|p2a: Melmetal|71/100 par|[from] item: Leftovers
|upkeep
|turn|15
|
|t:|1668155190
|switch|p2a: Dragapult|Dragapult, F|100/100
|-damage|p2a: Dragapult|88/100|[from] Stealth Rock
|move|p1a: Slowking|Future Sight|p2a: Dragapult
|-start|p1a: Slowking|move: Future Sight
|
|upkeep
|turn|16
|
|t:|1668155193
|switch|p1a: Heatran|Heatran, M|100/100
|-damage|p1a: Heatran|88/100|[from] Stealth Rock
|move|p2a: Dragapult|Shadow Ball|p1a: Heatran
|-damage|p1a: Heatran|52/100
|
|-heal|p1a: Heatran|58/100|[from] item: Leftovers
|upkeep
|turn|17
|
|t:|1668155216
|move|p1a: Heatran|Protect|p1a: Heatran
|-singleturn|p1a: Heatran|Protect
|move|p2a: Dragapult|Shadow Ball|p1a: Heatran
|-activate|p1a: Heatran|move: Protect
|
|-end|p2a: Dragapult|move: Future Sight
|-damage|p2a: Dragapult|28/100
|-heal|p1a: Heatran|65/100|[from] item: Leftovers
|upkeep
|turn|18
|
|t:|1668155221
|move|p2a: Dragapult|Shadow Ball|p1a: Heatran
|-damage|p1a: Heatran|31/100
|move|p1a: Heatran|Earth Power|p2a: Dragapult
|-damage|p2a: Dragapult|0 fnt
|faint|p2a: Dragapult
|
|-heal|p1a: Heatran|37/100|[from] item: Leftovers
|upkeep
|
|t:|1668155223
|switch|p2a: Urshifu|Urshifu-Rapid-Strike, F|100/100
|-damage|p2a: Urshifu|94/100|[from] Stealth Rock
|turn|19
|
|t:|1668155227
|switch|p1a: Zapdos|Zapdos|100/100
|move|p2a: Urshifu|Surging Strikes|p1a: Zapdos
|-crit|p1a: Zapdos
|-damage|p1a: Zapdos|79/100
|-crit|p1a: Zapdos
|-damage|p1a: Zapdos|59/100
|-status|p2a: Urshifu|par|[from] ability: Static|[of] p1a: Zapdos
|-crit|p1a: Zapdos
|-damage|p1a: Zapdos|39/100
|-hitcount|p1a: Zapdos|3
|
|upkeep
|turn|20
|
|t:|1668155237
|switch|p2a: Tapu Lele|Tapu Lele|100/100
|-damage|p2a: Tapu Lele|88/100|[from] Stealth Rock
|-fieldstart|move: Psychic Terrain|[from] ability: Psychic Surge|[of] p2a: Tapu Lele
|move|p1a: Zapdos|Roost|p1a: Zapdos
|-heal|p1a: Zapdos|89/100
|-singleturn|p1a: Zapdos|move: Roost
|
|upkeep
|turn|21
|
|t:|1668155245
|switch|p1a: Slowking|Slowking-Galar, F|100/100
|-damage|p1a: Slowking|88/100|[from] Stealth Rock
|move|p2a: Tapu Lele|Psyshock|p1a: Slowking
|-damage|p1a: Slowking|25/100
|
|upkeep
|turn|22
|inactive|grasssoul has 120 seconds left.
|
|t:|1668155277
|move|p2a: Tapu Lele|Psyshock|p1a: Slowking
|-damage|p1a: Slowking|0 fnt
|faint|p1a: Slowking
|
|upkeep
|
|t:|1668155279
|switch|p1a: Heatran|Heatran, M|37/100
|-damage|p1a: Heatran|25/100|[from] Stealth Rock
|turn|23
|
|t:|1668155301
|move|p1a: Heatran|Protect|p1a: Heatran
|-singleturn|p1a: Heatran|Protect
|move|p2a: Tapu Lele|Psyshock|p1a: Heatran
|-activate|p1a: Heatran|move: Protect
|
|-heal|p1a: Heatran|31/100|[from] item: Leftovers
|upkeep
|turn|24
|
|t:|1668155310
|switch|p2a: Urshifu|Urshifu-Rapid-Strike, F|94/100 par
|-damage|p2a: Urshifu|88/100 par|[from] Stealth Rock
|move|p1a: Heatran|Magma Storm|p2a: Urshifu
|-resisted|p2a: Urshifu
|-damage|p2a: Urshifu|54/100 par
|-activate|p2a: Urshifu|move: Magma Storm|[of] p1a: Heatran
|
|-heal|p1a: Heatran|37/100|[from] item: Leftovers
|-damage|p2a: Urshifu|42/100 par|[from] move: Magma Storm|[partiallytrapped]
|-fieldend|move: Psychic Terrain
|upkeep
|turn|25
|
|t:|1668155318
|switch|p1a: Zapdos|Zapdos|89/100
|move|p2a: Urshifu|Surging Strikes|p1a: Zapdos
|-crit|p1a: Zapdos
|-damage|p1a: Zapdos|66/100
|-crit|p1a: Zapdos
|-damage|p1a: Zapdos|46/100
|-crit|p1a: Zapdos
|-damage|p1a: Zapdos|25/100
|-hitcount|p1a: Zapdos|3
|
|-end|p2a: Urshifu|Magma Storm|[partiallytrapped]|[silent]
|upkeep
|turn|26
|
|t:|1668155335
|move|p1a: Zapdos|Volt Switch|p2a: Urshifu
|-supereffective|p2a: Urshifu
|-damage|p2a: Urshifu|0 fnt
|faint|p2a: Urshifu
|
|t:|1668155350
|switch|p1a: Heatran|Heatran, M|37/100|[from]move: Volt Switch
|-damage|p1a: Heatran|25/100|[from] Stealth Rock
|
|-heal|p1a: Heatran|31/100|[from] item: Leftovers
|upkeep
|
|t:|1668155353
|switch|p2a: Zapdos|Zapdos|100/100
|turn|27
|
|t:|1668155359
|move|p1a: Heatran|Protect|p1a: Heatran
|-singleturn|p1a: Heatran|Protect
|move|p2a: Zapdos|Volt Switch|p1a: Heatran
|-activate|p1a: Heatran|move: Protect
|
|-heal|p1a: Heatran|37/100|[from] item: Leftovers
|upkeep
|turn|28
|
|t:|1668155369
|move|p2a: Zapdos|Volt Switch|p1a: Heatran
|-damage|p1a: Heatran|14/100
|
|t:|1668155372
|switch|p2a: Melmetal|Melmetal|71/100 par|[from]move: Volt Switch
|-damage|p2a: Melmetal|65/100 par|[from] Stealth Rock
|move|p1a: Heatran|Magma Storm|p2a: Melmetal
|-supereffective|p2a: Melmetal
|-damage|p2a: Melmetal|0 fnt
|faint|p2a: Melmetal
|
|-heal|p1a: Heatran|20/100|[from] item: Leftovers
|upkeep
|
|t:|1668155380
|switch|p2a: Tapu Lele|Tapu Lele|88/100
|-damage|p2a: Tapu Lele|76/100|[from] Stealth Rock
|-fieldstart|move: Psychic Terrain|[from] ability: Psychic Surge|[of] p2a: Tapu Lele
|turn|29
|
|t:|1668155394
|move|p1a: Heatran|Protect|p1a: Heatran
|-singleturn|p1a: Heatran|Protect
|move|p2a: Tapu Lele|Psyshock|p1a: Heatran
|-activate|p1a: Heatran|move: Protect
|
|-heal|p1a: Heatran|26/100|[from] item: Leftovers
|upkeep
|turn|30
|
|t:|1668155399
|move|p2a: Tapu Lele|Psyshock|p1a: Heatran
|-resisted|p1a: Heatran
|-damage|p1a: Heatran|1/100
|move|p1a: Heatran|Magma Storm|p2a: Tapu Lele|[miss]
|-miss|p1a: Heatran|p2a: Tapu Lele
|
|-heal|p1a: Heatran|8/100|[from] item: Leftovers
|upkeep
|turn|31
|
|t:|1668155404
|move|p1a: Heatran|Protect|p1a: Heatran
|-singleturn|p1a: Heatran|Protect
|move|p2a: Tapu Lele|Psyshock|p1a: Heatran
|-activate|p1a: Heatran|move: Protect
|
|-heal|p1a: Heatran|14/100|[from] item: Leftovers
|upkeep
|turn|32
|
|t:|1668155409
|move|p2a: Tapu Lele|Psyshock|p1a: Heatran
|-resisted|p1a: Heatran
|-damage|p1a: Heatran|0 fnt
|faint|p1a: Heatran
|
|upkeep
|
|t:|1668155411
|switch|p1a: Tapu Lele|Tapu Lele|100/100
|-damage|p1a: Tapu Lele|88/100|[from] Stealth Rock
|turn|33
|
|t:|1668155427
|move|p1a: Tapu Lele|Moonblast|p2a: Tapu Lele
|-damage|p2a: Tapu Lele|19/100
|-unboost|p2a: Tapu Lele|spa|1
|move|p2a: Tapu Lele|Psyshock|p1a: Tapu Lele
|-resisted|p1a: Tapu Lele
|-damage|p1a: Tapu Lele|55/100
|
|-fieldend|move: Psychic Terrain
|upkeep
|turn|34
|
|t:|1668155431
|switch|p2a: Zapdos|Zapdos|100/100
|move|p1a: Tapu Lele|Moonblast|p2a: Zapdos
|-damage|p2a: Zapdos|46/100
|
|upkeep
|turn|35
|
|t:|1668155436
|move|p1a: Tapu Lele|Moonblast|p2a: Zapdos
|-damage|p2a: Zapdos|0 fnt
|faint|p2a: Zapdos
|
|upkeep
|
|t:|1668155437
|switch|p2a: Tapu Lele|Tapu Lele|19/100
|-damage|p2a: Tapu Lele|6/100|[from] Stealth Rock
|-fieldstart|move: Psychic Terrain|[from] ability: Psychic Surge|[of] p2a: Tapu Lele
|turn|36
|
|t:|1668155439
|move|p1a: Tapu Lele|Moonblast|p2a: Tapu Lele
|-damage|p2a: Tapu Lele|0 fnt
|faint|p2a: Tapu Lele
|
|win|grasssoul
|raw|grasssoul's rating: 1733 &rarr; <strong>1756</strong><br />(+23 for winning)
|raw|winter lanterns's rating: 1781 &rarr; <strong>1758</strong><br />(-23 for losing)
|l|☆winter lanterns
|l| wdz999
||Ladder isn't responding, score probably updated but might not have (Request timeout).
