|j|☆knexhawk2
|j|☆Seatrus
|inactive|Battle timer is ON: inactive players will automatically lose when time's up.
|t:|1665342537
|gametype|singles
|player|p1|knexhawk2|acetrainer-gen4dp|
|player|p2|Seatrus|unknown|
|teamsize|p1|6
|teamsize|p2|6
|gen|8
|tier|[Gen 8] OU
|rated|Tournament battle
|rule|Sleep Clause Mod: Limit one foe put to sleep
|rule|Species Clause: Limit one of each Pokémon
|rule|Evasion Items Clause: Evasion items are banned
|rule|Evasion Moves Clause: Evasion moves are banned
|rule|Endless Battle Clause: Forcing endless battles is banned
|rule|HP Percentage Mod: HP is shown in percentages
|rule|Dynamax Clause: You cannot dynamax
|clearpoke
|poke|p1|Blissey, F|
|poke|p1|Mew|
|poke|p1|Toxapex, F|
|poke|p1|Buzzwole|
|poke|p1|Umbreon, M|
|poke|p1|Jellicent, M|
|poke|p2|Articuno|
|poke|p2|Clefable, F|
|poke|p2|Weavile, M|
|poke|p2|Shedinja|
|poke|p2|Mew|
|poke|p2|Blacephalon|
|teampreview
|c|☆Seatrus|hf
|j|%htcl (>◡<)
|j| lesbianwhimsicott?
|c|☆knexhawk2|u2
|j| Oh So Cynical
|c|☆Seatrus|lesbianwhimsicott
|c|☆Seatrus|LOL
|j| okaiokaiokai
|c| lesbianwhimsicott?|when shed isn't 100% usage
|inactive|Seatrus has 120 seconds left.
|
|t:|1665342568
|start
|switch|p1a: Umbreon|Umbreon, M|100/100
|switch|p2a: Mew|Mew, shiny|100/100
|turn|1
|c|☆knexhawk2|yep
|
|t:|1665342576
|switch|p1a: Jellicent|Jellicent, M|100/100
|move|p2a: Mew|Block||[still]
|-fail|p2a: Mew
|
|upkeep
|turn|2
|
|t:|1665342584
|switch|p2a: Clefable|Clefable, F|100/100
|move|p1a: Jellicent|Spite||[still]
|-fail|p1a: Jellicent
|
|upkeep
|turn|3
|j| Zarach
|c|☆knexhawk2|im not getting blocked smh
|
|t:|1665342601
|switch|p2a: Weavile|Weavile, M|100/100
|move|p1a: Jellicent|Toxic|p2a: Weavile
|-status|p2a: Weavile|tox
|
|upkeep
|turn|4
|
|t:|1665342608
|switch|p2a: Blacephalon|Blacephalon, shiny|100/100
|switch|p1a: Buzzwole|Buzzwole|100/100
|
|upkeep
|turn|5
|l| Zarach
|
|t:|1665342611
|switch|p1a: Umbreon|Umbreon, M|100/100
|move|p2a: Blacephalon|Mind Blown|p1a: Umbreon
|-damage|p1a: Umbreon|33/100
|
|upkeep
|turn|6
|c| lesbianwhimsicott?|did this devolve into stall
|c|☆knexhawk2|oh shit forgot  it could do that
|
|t:|1665342623
|switch|p1a: Blissey|Blissey, F|100/100
|move|p2a: Blacephalon|Mind Blown|p1a: Blissey
|-damage|p1a: Blissey|73/100
|
|upkeep
|turn|7
|
|t:|1665342627
|move|p2a: Blacephalon|Substitute|p2a: Blacephalon
|-start|p2a: Blacephalon|Substitute
|-damage|p2a: Blacephalon|76/100
|move|p1a: Blissey|Soft-Boiled|p1a: Blissey
|-heal|p1a: Blissey|100/100
|
|upkeep
|turn|8
|
|t:|1665342632
|move|p2a: Blacephalon|Toxic|p1a: Blissey
|-status|p1a: Blissey|tox
|move|p1a: Blissey|Confide|p2a: Blacephalon
|-unboost|p2a: Blacephalon|spa|1
|
|upkeep
|turn|9
|c|☆knexhawk2|half these dumb tours devolve to stall
|
|t:|1665342650
|switch|p2a: Articuno|Articuno|100/100
|move|p1a: Blissey|Confide|p2a: Articuno
|-unboost|p2a: Articuno|spa|1
|
|upkeep
|turn|10
|
|t:|1665342655
|switch|p1a: Umbreon|Umbreon, M|33/100
|move|p2a: Articuno|Sheer Cold|p1a: Umbreon|[miss]
|-miss|p2a: Articuno|p1a: Umbreon
|
|upkeep
|turn|11
|
|t:|1665342658
|move|p1a: Umbreon|Protect|p1a: Umbreon
|-singleturn|p1a: Umbreon|Protect
|move|p2a: Articuno|Sheer Cold|p1a: Umbreon
|-activate|p1a: Umbreon|move: Protect
|
|upkeep
|turn|12
|c|☆knexhawk2|ayo
|
|t:|1665342669
|move|p2a: Articuno|Sheer Cold|p1a: Umbreon|[miss]
|-miss|p2a: Articuno|p1a: Umbreon
|move|p1a: Umbreon|Wish|p1a: Umbreon
|
|upkeep
|turn|13
|
|t:|1665342675
|move|p2a: Articuno|Mind Reader|p1a: Umbreon
|-activate|p2a: Articuno|move: Mind Reader|[of] p1a: Umbreon
|move|p1a: Umbreon|Taunt|p2a: Articuno
|-start|p2a: Articuno|move: Taunt
|
|-heal|p1a: Umbreon|83/100|[from] move: Wish|[wisher] Umbreon
|upkeep
|turn|14
|
|t:|1665342678
|move|p1a: Umbreon|Protect|p1a: Umbreon
|-singleturn|p1a: Umbreon|Protect
|move|p2a: Articuno|Sheer Cold|p1a: Umbreon
|-activate|p1a: Umbreon|move: Protect
|
|upkeep
|turn|15
|
|t:|1665342684
|move|p2a: Articuno|Sheer Cold|p1a: Umbreon|[miss]
|-miss|p2a: Articuno|p1a: Umbreon
|move|p1a: Umbreon|Foul Play|p2a: Articuno
|-damage|p2a: Articuno|86/100
|
|upkeep
|turn|16
|
|t:|1665342693
|move|p1a: Umbreon|Protect|p1a: Umbreon
|-singleturn|p1a: Umbreon|Protect
|move|p2a: Articuno|Sheer Cold|p1a: Umbreon
|-activate|p1a: Umbreon|move: Protect
|
|-end|p2a: Articuno|move: Taunt
|upkeep
|turn|17
|
|t:|1665342699
|move|p2a: Articuno|Sheer Cold|p1a: Umbreon|[miss]
|-miss|p2a: Articuno|p1a: Umbreon
|move|p1a: Umbreon|Taunt|p2a: Articuno
|-start|p2a: Articuno|move: Taunt
|
|upkeep
|turn|18
|
|t:|1665342708
|switch|p2a: Shedinja|Shedinja|100/100
|move|p1a: Umbreon|Protect||[still]
|-fail|p1a: Umbreon
|
|upkeep
|turn|19
|
|t:|1665342712
|switch|p1a: Mew|Mew|100/100
|move|p2a: Shedinja|Swords Dance|p2a: Shedinja
|-boost|p2a: Shedinja|atk|2
|
|upkeep
|turn|20
|
|t:|1665342715
|move|p1a: Mew|Toxic|p2a: Shedinja
|-status|p2a: Shedinja|tox
|move|p2a: Shedinja|Poltergeist|p1a: Mew
|-activate|p1a: Mew|move: Poltergeist|Heavy-Duty Boots
|-supereffective|p1a: Mew
|-damage|p1a: Mew|18/100
|
|-damage|p2a: Shedinja|0 fnt|[from] psn
|faint|p2a: Shedinja
|upkeep
|
|t:|1665342734
|switch|p2a: Weavile|Weavile, M|100/100 tox
|turn|21
|
|t:|1665342738
|switch|p1a: Buzzwole|Buzzwole|100/100
|move|p2a: Weavile|Triple Axel|p1a: Buzzwole
|-damage|p1a: Buzzwole|95/100
|-damage|p1a: Buzzwole|84/100
|-damage|p1a: Buzzwole|67/100
|-hitcount|p1a: Buzzwole|3
|
|upkeep
|turn|22
|
|t:|1665342742
|switch|p2a: Blacephalon|Blacephalon, shiny|76/100
|move|p1a: Buzzwole|Roost|p1a: Buzzwole
|-heal|p1a: Buzzwole|100/100
|-singleturn|p1a: Buzzwole|move: Roost
|
|upkeep
|turn|23
|
|t:|1665342748
|switch|p1a: Blissey|Blissey, F|100/100 tox
|move|p2a: Blacephalon|Mind Blown|p1a: Blissey
|-damage|p1a: Blissey|71/100 tox
|
|upkeep
|turn|24
|
|t:|1665342755
|switch|p2a: Mew|Mew, shiny|100/100
|move|p1a: Blissey|Confide|p2a: Mew
|-unboost|p2a: Mew|spa|1
|
|upkeep
|turn|25
|
|t:|1665342757
|switch|p1a: Jellicent|Jellicent, M|100/100
|move|p2a: Mew|Imprison|p2a: Mew
|-start|p2a: Mew|move: Imprison
|
|upkeep
|turn|26
|
|t:|1665342764
|move|p2a: Mew|Transform|p1a: Jellicent
|-transform|p2a: Mew|p1a: Jellicent
|cant|p1a: Jellicent|move: Imprison|Spite
|
|upkeep
|turn|27
|
|t:|1665342776
|switch|p1a: Toxapex|Toxapex, F|100/100
|move|p2a: Mew|Toxic|p1a: Toxapex|[miss]
|-miss|p2a: Mew|p1a: Toxapex
|
|upkeep
|turn|28
|
|t:|1665342782
|move|p2a: Mew|Spite||[still]
|-fail|p2a: Mew
|move|p1a: Toxapex|Gastro Acid|p2a: Mew
|-endability|p2a: Mew
|
|upkeep
|turn|29
|c|☆Seatrus|gg I should have kept taunt on blace
|c|☆knexhawk2|probably
|j| IExistYouDont
|c|☆knexhawk2|i dropped sball off bliss after like r2
|c|☆Seatrus|not gonna waste my time stalling this out
|c|☆Seatrus|gg
|inactive|Seatrus has 120 seconds left.
|c|☆knexhawk2|thanks
|c|☆knexhawk2|gg
|-message|Seatrus forfeited.
|
|win|knexhawk2
|n|☆knexhawk2|knexhawk2
|n|☆Seatrus|seatrus
|n| htcl (>◡<)|htcl
|n| lesbianwhimsicott?|lesbianwhimsicott
|n| Oh So Cynical|ohsocynical
|n| okaiokaiokai|okaiokaiokai
|n| IExistYouDont|iexistyoudont
