|raw|<div class="broadcast-blue"><strong>This battle is required to be public due to a player having a name starting with 'lt91bb'.</div>
|j|☆LT91BB xray
|j|☆Banned by week 2
|t:|1659528315
|gametype|singles
|player|p1|LT91BB xray|#npl2022ballermannbierbaren|2031
|player|p2|Banned by week 2|picnicker|1847
|teamsize|p1|6
|teamsize|p2|6
|gen|8
|tier|[Gen 8] OU
|rated|
|rule|Sleep Clause Mod: Limit one foe put to sleep
|rule|Species Clause: Limit one of each Pokémon
|rule|OHKO Clause: OHKO moves are banned
|rule|Evasion Moves Clause: Evasion moves are banned
|rule|Endless Battle Clause: Forcing endless battles is banned
|rule|HP Percentage Mod: HP is shown in percentages
|rule|Dynamax Clause: You cannot dynamax
|clearpoke
|poke|p1|Rillaboom, F|
|poke|p1|Dragonite, F|
|poke|p1|Weavile, F|
|poke|p1|Heatran, M|
|poke|p1|Nidoking, M|
|poke|p1|Crawdaunt, F|
|poke|p2|Slowking-Galar, M|
|poke|p2|Slowbro, M|
|poke|p2|Heatran, M|
|poke|p2|Landorus-Therian, M|
|poke|p2|Buzzwole|
|poke|p2|Zeraora|
|teampreview
|j| lt91bbe
|inactive|Battle timer is ON: inactive players will automatically lose when time's up. (requested by LT91BB xray)
|
|t:|1659528338
|start
|switch|p1a: Nidoking|Nidoking, M|100/100
|switch|p2a: Slowbro|Slowbro, M|100/100
|turn|1
|
|t:|1659528351
|move|p1a: Nidoking|Sludge Wave|p2a: Slowbro
|-damage|p2a: Slowbro|48/100
|move|p2a: Slowbro|Scald|p1a: Nidoking
|-supereffective|p1a: Nidoking
|-damage|p1a: Nidoking|23/100
|-status|p1a: Nidoking|brn
|
|-damage|p1a: Nidoking|17/100 brn|[from] brn
|upkeep
|turn|2
|
|t:|1659528358
|switch|p2a: Slowking|Slowking-Galar, M|100/100
|move|p1a: Nidoking|Earth Power|p2a: Slowking
|-supereffective|p2a: Slowking
|-damage|p2a: Slowking|41/100
|
|-damage|p1a: Nidoking|11/100 brn|[from] brn
|upkeep
|turn|3
|j| lt91bb mind
|
|t:|1659528370
|switch|p1a: Crawdaunt|Crawdaunt, F|100/100
|switch|p2a: Slowbro|Slowbro, M|81/100
|
|upkeep
|turn|4
|j|+keys
|j| LT91BB PDC
|j| fdjkfdslfjds
|j| irgendwasmitmeeem
|j| LT91BB Empo
|l| LT91BB PDC
|j| LT91BB Originality
|
|t:|1659528379
|switch|p2a: Buzzwole|Buzzwole|100/100
|move|p1a: Crawdaunt|Knock Off|p2a: Buzzwole
|-resisted|p2a: Buzzwole
|-damage|p2a: Buzzwole|70/100
|-enditem|p2a: Buzzwole|Heavy-Duty Boots|[from] move: Knock Off|[of] p1a: Crawdaunt
|-damage|p1a: Crawdaunt|91/100|[from] item: Life Orb
|
|upkeep
|turn|5
|j|+starmaster
|j| Another Brazy
|
|t:|1659528398
|switch|p1a: Dragonite|Dragonite, F|100/100
|move|p2a: Buzzwole|Close Combat|p1a: Dragonite
|-resisted|p1a: Dragonite
|-damage|p1a: Dragonite|86/100
|-unboost|p2a: Buzzwole|def|1
|-unboost|p2a: Buzzwole|spd|1
|
|upkeep
|turn|6
|j| wingspam
|
|t:|1659528412
|switch|p1a: Heatran|Heatran, M|100/100
|-item|p1a: Heatran|Air Balloon
|move|p2a: Buzzwole|Ice Punch|p1a: Heatran
|-resisted|p1a: Heatran
|-damage|p1a: Heatran|96/100
|-status|p1a: Heatran|frz
|-enditem|p1a: Heatran|Air Balloon
|
|upkeep
|turn|7
|j| Heiwa June
|
|t:|1659528424
|switch|p2a: Landorus|Landorus-Therian, M|100/100
|-ability|p2a: Landorus|Intimidate|boost
|-unboost|p1a: Heatran|atk|1
|cant|p1a: Heatran|frz
|
|upkeep
|turn|8
|j| LT91BB Ahsan
|
|t:|1659528429
|cant|p1a: Heatran|frz
|move|p2a: Landorus|Earthquake|p1a: Heatran
|-supereffective|p1a: Heatran
|-damage|p1a: Heatran|0 fnt
|faint|p1a: Heatran
|
|upkeep
|c|☆LT91BB xray|lol
|l|+keys
|j| mina romno
|
|t:|1659528452
|switch|p1a: Rillaboom|Rillaboom, F|100/100
|-fieldstart|move: Grassy Terrain|[from] ability: Grassy Surge|[of] p1a: Rillaboom
|turn|9
|j| regnite ◕‿◕
|j| Curryisnotgood
|
|t:|1659528458
|move|p1a: Rillaboom|Swords Dance|p1a: Rillaboom
|-boost|p1a: Rillaboom|atk|2
|move|p2a: Landorus|U-turn|p1a: Rillaboom
|-supereffective|p1a: Rillaboom
|-crit|p1a: Rillaboom
|-damage|p1a: Rillaboom|42/100
|j| Hyss
|
|t:|1659528463
|switch|p2a: Buzzwole|Buzzwole|70/100|[from]move: U-turn
|
|-heal|p2a: Buzzwole|76/100|[from] Grassy Terrain
|-heal|p1a: Rillaboom|49/100|[from] Grassy Terrain
|upkeep
|turn|10
|j| Zirpurze
|
|t:|1659528468
|move|p2a: Buzzwole|Ice Punch|p1a: Rillaboom
|-supereffective|p1a: Rillaboom
|-damage|p1a: Rillaboom|5/100
|-status|p1a: Rillaboom|frz
|cant|p1a: Rillaboom|frz
|
|-heal|p2a: Buzzwole|82/100|[from] Grassy Terrain
|-heal|p1a: Rillaboom|11/100 frz|[from] Grassy Terrain
|upkeep
|turn|11
|j| 1Pyramid King
|c|☆LT91BB xray|man
|j| Trickster7
|
|t:|1659528483
|-curestatus|p1a: Rillaboom|frz|[msg]
|move|p1a: Rillaboom|Grassy Glide|p2a: Buzzwole
|-resisted|p2a: Buzzwole
|-damage|p2a: Buzzwole|42/100
|-damage|p1a: Rillaboom|1/100|[from] item: Life Orb
|move|p2a: Buzzwole|Ice Punch|p1a: Rillaboom
|-supereffective|p1a: Rillaboom
|-damage|p1a: Rillaboom|0 fnt
|faint|p1a: Rillaboom
|-ability|p2a: Buzzwole|Beast Boost|boost
|-boost|p2a: Buzzwole|atk|1
|
|-heal|p2a: Buzzwole|49/100|[from] Grassy Terrain
|upkeep
|l| Zirpurze
|
|t:|1659528489
|switch|p1a: Nidoking|Nidoking, M|11/100 brn
|turn|12
|l| 1Pyramid King
|l| lt91bbe
|j| chokst du
|
|t:|1659528500
|switch|p2a: Slowbro|Slowbro, M|100/100
|move|p1a: Nidoking|Earth Power|p2a: Slowbro
|-damage|p2a: Slowbro|47/100
|
|-heal|p1a: Nidoking|17/100 brn|[from] Grassy Terrain
|-heal|p2a: Slowbro|53/100|[from] Grassy Terrain
|-damage|p1a: Nidoking|11/100 brn|[from] brn
|upkeep
|turn|13
|j| lt91bbe
|j| 1Pyramid King
|
|t:|1659528506
|move|p1a: Nidoking|Earth Power|p2a: Slowbro
|-damage|p2a: Slowbro|0 fnt
|faint|p2a: Slowbro
|
|-heal|p1a: Nidoking|17/100 brn|[from] Grassy Terrain
|-damage|p1a: Nidoking|11/100 brn|[from] brn
|-fieldend|move: Grassy Terrain
|upkeep
|j| Axrtix
|l| wingspam
|j| KFC Chizza
|j| gglrg
|
|t:|1659528533
|switch|p2a: Zeraora|Zeraora|100/100
|turn|14
|
|t:|1659528547
|move|p2a: Zeraora|Knock Off|p1a: Nidoking
|-damage|p1a: Nidoking|0 fnt
|-enditem|p1a: Nidoking|Life Orb|[from] move: Knock Off|[of] p2a: Zeraora
|faint|p1a: Nidoking
|
|upkeep
|
|t:|1659528561
|switch|p1a: Dragonite|Dragonite, F|86/100
|turn|15
|j| clicko
|j| Amelza
|
|t:|1659528572
|switch|p2a: Buzzwole|Buzzwole|49/100
|move|p1a: Dragonite|Dragon Dance|p1a: Dragonite
|-boost|p1a: Dragonite|atk|1
|-boost|p1a: Dragonite|spe|1
|
|upkeep
|turn|16
|j| Snake of the Moon
|j| Pepega Trainer
|
|t:|1659528580
|move|p1a: Dragonite|Dual Wingbeat|p2a: Buzzwole
|-supereffective|p2a: Buzzwole
|-damage|p2a: Buzzwole|0 fnt
|faint|p2a: Buzzwole
|-hitcount|p2: Buzzwole|1
|
|upkeep
|
|t:|1659528593
|switch|p2a: Landorus|Landorus-Therian, M|100/100
|-ability|p2a: Landorus|Intimidate|boost
|-unboost|p1a: Dragonite|atk|1
|turn|17
|j| LT91BB acr1
|
|t:|1659528605
|switch|p1a: Crawdaunt|Crawdaunt, F|91/100
|move|p2a: Landorus|U-turn|p1a: Crawdaunt
|-supereffective|p1a: Crawdaunt
|-damage|p1a: Crawdaunt|28/100
|j| zReptar
|
|t:|1659528613
|switch|p2a: Zeraora|Zeraora|100/100|[from]move: U-turn
|
|upkeep
|turn|18
|
|t:|1659528620
|move|p1a: Crawdaunt|Aqua Jet|p2a: Zeraora
|-damage|p2a: Zeraora|48/100
|-damage|p1a: Crawdaunt|18/100|[from] item: Life Orb
|move|p2a: Zeraora|Plasma Fists|p1a: Crawdaunt
|-supereffective|p1a: Crawdaunt
|-damage|p1a: Crawdaunt|0 fnt
|-fieldactivate|move: Ion Deluge
|-hint|Normal-type moves become Electric-type after using Plasma Fists.
|faint|p1a: Crawdaunt
|
|upkeep
|
|t:|1659528625
|switch|p1a: Dragonite|Dragonite, F|86/100
|turn|19
|
|t:|1659528643
|move|p2a: Zeraora|Bulk Up|p2a: Zeraora
|-boost|p2a: Zeraora|atk|1
|-boost|p2a: Zeraora|def|1
|move|p1a: Dragonite|Dragon Dance|p1a: Dragonite
|-boost|p1a: Dragonite|atk|1
|-boost|p1a: Dragonite|spe|1
|
|upkeep
|turn|20
|
|t:|1659528649
|move|p2a: Zeraora|Plasma Fists|p1a: Dragonite
|-damage|p1a: Dragonite|26/100
|-fieldactivate|move: Ion Deluge
|-hint|Normal-type moves become Electric-type after using Plasma Fists.
|move|p1a: Dragonite|Dragon Dance|p1a: Dragonite
|-boost|p1a: Dragonite|atk|1
|-boost|p1a: Dragonite|spe|1
|
|upkeep
|turn|21
|j| LT91BB robjr
|j| LT91BB Punny
|
|t:|1659528655
|move|p1a: Dragonite|Earthquake|p2a: Zeraora
|-supereffective|p2a: Zeraora
|-damage|p2a: Zeraora|0 fnt
|faint|p2a: Zeraora
|
|upkeep
|
|t:|1659528660
|switch|p2a: Landorus|Landorus-Therian, M|100/100
|-ability|p2a: Landorus|Intimidate|boost
|-unboost|p1a: Dragonite|atk|1
|turn|22
|
|t:|1659528665
|move|p1a: Dragonite|Roost|p1a: Dragonite
|-heal|p1a: Dragonite|76/100
|-singleturn|p1a: Dragonite|move: Roost
|move|p2a: Landorus|Knock Off|p1a: Dragonite
|-damage|p1a: Dragonite|47/100
|-enditem|p1a: Dragonite|Heavy-Duty Boots|[from] move: Knock Off|[of] p2a: Landorus
|
|upkeep
|turn|23
|
|t:|1659528676
|move|p1a: Dragonite|Roost|p1a: Dragonite
|-heal|p1a: Dragonite|98/100
|-singleturn|p1a: Dragonite|move: Roost
|move|p2a: Landorus|U-turn|p1a: Dragonite
|-damage|p1a: Dragonite|79/100
|
|t:|1659528677
|switch|p2a: Slowking|Slowking-Galar, M|74/100|[from]move: U-turn
|
|upkeep
|turn|24
|
|t:|1659528683
|move|p1a: Dragonite|Earthquake|p2a: Slowking
|-supereffective|p2a: Slowking
|-damage|p2a: Slowking|0 fnt
|faint|p2a: Slowking
|
|upkeep
|
|t:|1659528691
|switch|p2a: Landorus|Landorus-Therian, M|100/100
|-ability|p2a: Landorus|Intimidate|boost
|-unboost|p1a: Dragonite|atk|1
|turn|25
|
|t:|1659528694
|move|p1a: Dragonite|Dragon Dance|p1a: Dragonite
|-boost|p1a: Dragonite|atk|1
|-boost|p1a: Dragonite|spe|1
|move|p2a: Landorus|U-turn|p1a: Dragonite
|-resisted|p1a: Dragonite
|-damage|p1a: Dragonite|68/100
|
|t:|1659528696
|switch|p2a: Heatran|Heatran, M|100/100|[from]move: U-turn
|
|upkeep
|turn|26
|
|t:|1659528700
|switch|p2a: Landorus|Landorus-Therian, M|100/100
|-ability|p2a: Landorus|Intimidate|boost
|-unboost|p1a: Dragonite|atk|1
|move|p1a: Dragonite|Earthquake|p2a: Landorus
|-immune|p2a: Landorus
|
|upkeep
|turn|27
|
|t:|1659528707
|move|p1a: Dragonite|Roost|p1a: Dragonite
|-heal|p1a: Dragonite|100/100
|-singleturn|p1a: Dragonite|move: Roost
|move|p2a: Landorus|U-turn|p1a: Dragonite
|-damage|p1a: Dragonite|91/100
|
|t:|1659528709
|switch|p2a: Heatran|Heatran, M|100/100|[from]move: U-turn
|
|upkeep
|turn|28
|
|t:|1659528713
|switch|p2a: Landorus|Landorus-Therian, M|100/100
|-ability|p2a: Landorus|Intimidate|boost
|-unboost|p1a: Dragonite|atk|1
|move|p1a: Dragonite|Earthquake|p2a: Landorus
|-immune|p2a: Landorus
|
|upkeep
|turn|29
|
|t:|1659528716
|switch|p2a: Heatran|Heatran, M|100/100
|move|p1a: Dragonite|Dragon Dance|p1a: Dragonite
|-boost|p1a: Dragonite|atk|1
|-boost|p1a: Dragonite|spe|1
|
|upkeep
|turn|30
|
|t:|1659528721
|move|p1a: Dragonite|Earthquake|p2a: Heatran
|-supereffective|p2a: Heatran
|-damage|p2a: Heatran|3/100
|move|p2a: Heatran|Toxic|p1a: Dragonite
|-status|p1a: Dragonite|tox
|
|-heal|p2a: Heatran|9/100|[from] item: Leftovers
|-damage|p1a: Dragonite|85/100 tox|[from] psn
|upkeep
|turn|31
|
|t:|1659528733
|switch|p2a: Landorus|Landorus-Therian, M|100/100
|-ability|p2a: Landorus|Intimidate|boost
|-unboost|p1a: Dragonite|atk|1
|move|p1a: Dragonite|Dual Wingbeat|p2a: Landorus
|-damage|p2a: Landorus|86/100
|-damage|p2a: Landorus|72/100
|-hitcount|p2a: Landorus|2
|
|-heal|p2a: Landorus|78/100|[from] item: Leftovers
|-damage|p1a: Dragonite|73/100 tox|[from] psn
|upkeep
|turn|32
|
|t:|1659528743
|move|p1a: Dragonite|Dual Wingbeat|p2a: Landorus
|-damage|p2a: Landorus|66/100
|-damage|p2a: Landorus|52/100
|-hitcount|p2a: Landorus|2
|move|p2a: Landorus|U-turn|p1a: Dragonite
|-resisted|p1a: Dragonite
|-damage|p1a: Dragonite|63/100 tox
|
|t:|1659528747
|switch|p2a: Heatran|Heatran, M|9/100|[from]move: U-turn
|
|-heal|p2a: Heatran|15/100|[from] item: Leftovers
|-damage|p1a: Dragonite|45/100 tox|[from] psn
|upkeep
|turn|33
|l| LT91BB robjr
|
|t:|1659528757
|switch|p2a: Landorus|Landorus-Therian, M|52/100
|-ability|p2a: Landorus|Intimidate|boost
|-unboost|p1a: Dragonite|atk|1
|move|p1a: Dragonite|Dual Wingbeat|p2a: Landorus
|-damage|p2a: Landorus|42/100
|-damage|p2a: Landorus|33/100
|-hitcount|p2a: Landorus|2
|
|-heal|p2a: Landorus|39/100|[from] item: Leftovers
|-damage|p1a: Dragonite|21/100 tox|[from] psn
|upkeep
|turn|34
|l| chokst du
|
|t:|1659528761
|move|p1a: Dragonite|Dual Wingbeat|p2a: Landorus
|-damage|p2a: Landorus|29/100
|-damage|p2a: Landorus|18/100
|-hitcount|p2a: Landorus|2
|move|p2a: Landorus|U-turn|p1a: Dragonite
|-resisted|p1a: Dragonite
|-damage|p1a: Dragonite|11/100 tox
|
|t:|1659528763
|switch|p2a: Heatran|Heatran, M|15/100|[from]move: U-turn
|
|-heal|p2a: Heatran|22/100|[from] item: Leftovers
|-damage|p1a: Dragonite|0 fnt|[from] psn
|faint|p1a: Dragonite
|upkeep
|
|t:|1659528765
|switch|p1a: Weavile|Weavile, F|100/100
|-ability|p1a: Weavile|Pressure
|turn|35
|
|t:|1659528767
|switch|p2a: Landorus|Landorus-Therian, M|18/100
|-ability|p2a: Landorus|Intimidate|boost
|-unboost|p1a: Weavile|atk|1
|move|p1a: Weavile|Knock Off|p2a: Landorus
|-damage|p2a: Landorus|0 fnt
|-enditem|p2a: Landorus|Leftovers|[from] move: Knock Off|[of] p1a: Weavile
|faint|p2a: Landorus
|
|upkeep
|
|t:|1659528769
|switch|p2a: Heatran|Heatran, M|22/100
|turn|36
|
|t:|1659528770
|move|p1a: Weavile|Knock Off|p2a: Heatran
|-damage|p2a: Heatran|0 fnt
|-enditem|p2a: Heatran|Leftovers|[from] move: Knock Off|[of] p1a: Weavile
|faint|p2a: Heatran
|
|win|LT91BB xray
|raw|LT91BB xray's rating: 2031 &rarr; <strong>2041</strong><br />(+10 for winning)
|raw|Banned by week 2's rating: 1847 &rarr; <strong>1837</strong><br />(-10 for losing)
|l|☆Banned by week 2
|l| irgendwasmitmeeem
