|html|<div class="broadcast-blue"><strong>[Gen 8] OU is currently suspecting Melmetal! For information on how to participate check out the <a href="https://www.smogon.com/forums/threads/np-ss-ou-suspect-process-round-12-monster-mash.3709234/">suspect thread</a>.</strong></div>
|j|☆ChandosH
|j|‽hypervortexreturns
|t:|1666422119
|gametype|singles
|player|p1|ChandosH|n-masters|1775
|player|p2|hypervortexreturns|102|1886
|teamsize|p1|6
|teamsize|p2|6
|gen|8
|tier|[Gen 8] OU
|rated|
|rule|Sleep Clause Mod: Limit one foe put to sleep
|rule|Species Clause: Limit one of each Pokémon
|rule|OHKO Clause: OHKO moves are banned
|rule|Evasion Items Clause: Evasion items are banned
|rule|Evasion Moves Clause: Evasion moves are banned
|rule|Endless Battle Clause: Forcing endless battles is banned
|rule|HP Percentage Mod: HP is shown in percentages
|rule|Dynamax Clause: You cannot dynamax
|clearpoke
|poke|p1|Mew|
|poke|p1|Dragapult, F|
|poke|p1|Weavile, F|
|poke|p1|Blaziken, F|
|poke|p1|Celesteela|
|poke|p1|Garchomp, F|
|poke|p2|Hydreigon, F|
|poke|p2|Zapdos|
|poke|p2|Tangrowth, F|
|poke|p2|Corviknight, F|
|poke|p2|Excadrill, M|
|poke|p2|Azumarill, F|
|teampreview
|inactive|Battle timer is ON: inactive players will automatically lose when time's up. (requested by hypervortexreturns)
|
|t:|1666422138
|start
|switch|p1a: Mew|Mew|100/100
|switch|p2a: Excadrill|Excadrill, M|100/100
|-ability|p2a: Excadrill|Mold Breaker
|turn|1
|j| Kwaga
|j| Ctannn
|
|t:|1666422147
|move|p1a: Mew|Stealth Rock|p2a: Excadrill
|-sidestart|p2: hypervortexreturns|move: Stealth Rock
|move|p2a: Excadrill|Stealth Rock|p1a: Mew
|-sidestart|p1: ChandosH|move: Stealth Rock
|
|upkeep
|turn|2
|j| daddy max
|j| VegetaGamex
|
|t:|1666422173
|switch|p1a: Dragapult|Dragapult, F|100/100
|-damage|p1a: Dragapult|88/100|[from] Stealth Rock
|move|p2a: Excadrill|Earthquake|p1a: Dragapult
|-damage|p1a: Dragapult|18/100
|
|upkeep
|turn|3
|
|t:|1666422197
|switch|p2a: Corviknight|Corviknight, F|100/100
|-damage|p2a: Corviknight|88/100|[from] Stealth Rock
|-ability|p2a: Corviknight|Pressure
|move|p1a: Dragapult|Fire Blast|p2a: Corviknight
|-supereffective|p2a: Corviknight
|-damage|p2a: Corviknight|44/100
|-damage|p1a: Dragapult|8/100|[from] item: Life Orb
|
|-heal|p2a: Corviknight|50/100|[from] item: Leftovers
|upkeep
|turn|4
|
|t:|1666422210
|move|p1a: Dragapult|Fire Blast|p2a: Corviknight
|-supereffective|p2a: Corviknight
|-damage|p2a: Corviknight|0 fnt
|faint|p2a: Corviknight
|-damage|p1a: Dragapult|0 fnt|[from] item: Life Orb
|faint|p1a: Dragapult
|
|upkeep
|inactive|hypervortexreturns has 120 seconds left.
|
|t:|1666422238
|switch|p1a: Garchomp|Garchomp, F|100/100
|switch|p2a: Excadrill|Excadrill, M|100/100
|-damage|p1a: Garchomp|94/100|[from] Stealth Rock
|-damage|p2a: Excadrill|97/100|[from] Stealth Rock
|-ability|p2a: Excadrill|Mold Breaker
|turn|5
|inactive|hypervortexreturns has 120 seconds left.
|inactive|ChandosH has 120 seconds left.
|
|t:|1666422260
|move|p1a: Garchomp|Earthquake|p2a: Excadrill
|-supereffective|p2a: Excadrill
|-damage|p2a: Excadrill|0 fnt
|faint|p2a: Excadrill
|-damage|p1a: Garchomp|85/100|[from] item: Life Orb
|
|upkeep
|
|t:|1666422269
|switch|p2a: Tangrowth|Tangrowth, F|100/100
|-damage|p2a: Tangrowth|88/100|[from] Stealth Rock
|turn|6
|inactive|hypervortexreturns has 120 seconds left.
|
|t:|1666422277
|switch|p1a: Blaziken|Blaziken, F|100/100
|-damage|p1a: Blaziken|88/100|[from] Stealth Rock
|-item|p1a: Blaziken|Air Balloon
|move|p2a: Tangrowth|Sleep Powder|p1a: Blaziken|[miss]
|-miss|p2a: Tangrowth|p1a: Blaziken
|
|upkeep
|turn|7
|j| westcottike
|inactive|hypervortexreturns has 120 seconds left.
|
|t:|1666422299
|switch|p2a: Azumarill|Azumarill, F|100/100
|-damage|p2a: Azumarill|88/100|[from] Stealth Rock
|move|p1a: Blaziken|Thunder Punch|p2a: Azumarill
|-supereffective|p2a: Azumarill
|-damage|p2a: Azumarill|25/100
|-enditem|p2a: Azumarill|Sitrus Berry|[eat]
|-heal|p2a: Azumarill|50/100|[from] item: Sitrus Berry
|
|-ability|p1a: Blaziken|Speed Boost|boost
|-boost|p1a: Blaziken|spe|1
|upkeep
|turn|8
|j| RedRusher
|
|t:|1666422312
|move|p2a: Azumarill|Aqua Jet|p1a: Blaziken
|-supereffective|p1a: Blaziken
|-damage|p1a: Blaziken|12/100
|-enditem|p1a: Blaziken|Air Balloon
|move|p1a: Blaziken|Thunder Punch|p2a: Azumarill
|-supereffective|p2a: Azumarill
|-damage|p2a: Azumarill|0 fnt
|faint|p2a: Azumarill
|
|-ability|p1a: Blaziken|Speed Boost|boost
|-boost|p1a: Blaziken|spe|1
|upkeep
|
|t:|1666422326
|switch|p2a: Zapdos|Zapdos|100/100
|turn|9
|
|t:|1666422332
|move|p1a: Blaziken|Flare Blitz|p2a: Zapdos
|-damage|p2a: Zapdos|39/100
|-damage|p1a: Blaziken|0 fnt|[from] Recoil
|faint|p1a: Blaziken
|move|p2a: Zapdos|Discharge|p1: Blaziken|[notarget]
|-fail|p2a: Zapdos
|
|upkeep
|j| fork gaming
|inactive|ChandosH has 120 seconds left.
|j| I'M AT MY LIMIT!
|
|t:|1666422368
|switch|p1a: Garchomp|Garchomp, F|85/100
|-damage|p1a: Garchomp|78/100|[from] Stealth Rock
|turn|10
|
|t:|1666422374
|switch|p2a: Tangrowth|Tangrowth, F|100/100
|-damage|p2a: Tangrowth|88/100|[from] Stealth Rock
|move|p1a: Garchomp|Scale Shot|p2a: Tangrowth
|-damage|p2a: Tangrowth|79/100
|-damage|p2a: Tangrowth|71/100
|-damage|p2a: Tangrowth|61/100
|-damage|p2a: Tangrowth|51/100
|-damage|p2a: Tangrowth|42/100
|-hitcount|p2a: Tangrowth|5
|-unboost|p1a: Garchomp|def|1
|-boost|p1a: Garchomp|spe|1
|-damage|p1a: Garchomp|69/100|[from] item: Life Orb
|
|upkeep
|turn|11
|inactive|ChandosH has 120 seconds left.
|inactive|hypervortexreturns has 120 seconds left.
|
|t:|1666422389
|move|p1a: Garchomp|Swords Dance|p1a: Garchomp
|-boost|p1a: Garchomp|atk|2
|move|p2a: Tangrowth|Sleep Powder|p1a: Garchomp|[miss]
|-miss|p2a: Tangrowth|p1a: Garchomp
|
|upkeep
|turn|12
|inactive|hypervortexreturns has 120 seconds left.
|j| jsjshd djdjd
|inactive|hypervortexreturns has 90 seconds left.
|l| VegetaGamex
|inactive|hypervortexreturns has 60 seconds left.
|c|☆ChandosH|man there is a lot of people here
|j| JellyFishZukie
|c| Kwaga|high elo game
|inactive|hypervortexreturns has 30 seconds left.
|c|☆ChandosH|o
|inactive|hypervortexreturns has 20 seconds left.
|inactive|hypervortexreturns has 15 seconds left.
|inactive|hypervortexreturns has 10 seconds left.
|inactive|hypervortexreturns has 5 seconds left.
|-message|hypervortexreturns lost due to inactivity.
|
|win|ChandosH
|raw|ChandosH's rating: 1775 &rarr; <strong>1801</strong><br />(+26 for winning)
|raw|hypervortexreturns's rating: 1886 &rarr; <strong>1860</strong><br />(-26 for losing)
|c|☆ChandosH|gg
