|j|☆Bruhamastra
|j|☆return nirvana
|inactive|Battle timer is ON: inactive players will automatically lose when time's up.
|t:|1650877090
|gametype|singles
|player|p1|Bruhamastra|ingo|
|player|p2|return nirvana|gambler-gen1|
|teamsize|p1|6
|teamsize|p2|6
|gen|8
|tier|[Gen 8] OU
|rated|Tournament battle
|rule|Sleep Clause Mod: Limit one foe put to sleep
|rule|Species Clause: Limit one of each Pokémon
|rule|OHKO Clause: OHKO moves are banned
|rule|Evasion Moves Clause: Evasion moves are banned
|rule|Endless Battle Clause: Forcing endless battles is banned
|rule|HP Percentage Mod: HP is shown in percentages
|rule|Dynamax Clause: You cannot dynamax
|clearpoke
|poke|p1|Guzzlord|
|poke|p1|Buzzwole|
|poke|p1|Blacephalon|
|poke|p1|Kartana|
|poke|p1|Nihilego|
|poke|p1|Celesteela|
|poke|p2|Omastar, M|
|poke|p2|Pelipper, M|
|poke|p2|Barraskewda, M|
|poke|p2|Melmetal|
|poke|p2|Landorus-Therian, M|
|poke|p2|Zeraora|
|teampreview
|c|☆return nirvana|hf
|c|☆Bruhamastra|same
|
|t:|1650877113
|start
|switch|p1a: Nihilego|Nihilego|100/100
|switch|p2a: Omastar|Omastar, M|100/100
|turn|1
|
|t:|1650877118
|move|p1a: Nihilego|Thunderbolt|p2a: Omastar
|-supereffective|p2a: Omastar
|-damage|p2a: Omastar|7/100
|move|p2a: Omastar|Shell Smash|p2a: Omastar
|-unboost|p2a: Omastar|def|1
|-unboost|p2a: Omastar|spd|1
|-boost|p2a: Omastar|atk|2
|-boost|p2a: Omastar|spa|2
|-boost|p2a: Omastar|spe|2
|
|upkeep
|turn|2
|
|t:|1650877124
|move|p2a: Omastar|Surf|p1a: Nihilego
|-supereffective|p1a: Nihilego
|-damage|p1a: Nihilego|0 fnt
|faint|p1a: Nihilego
|
|upkeep
|
|t:|1650877138
|switch|p1a: Kartana|Kartana|100/100
|turn|3
|
|t:|1650877141
|move|p2a: Omastar|Ice Beam|p1a: Kartana
|-damage|p1a: Kartana|0 fnt
|faint|p1a: Kartana
|
|upkeep
|
|t:|1650877145
|switch|p1a: Celesteela|Celesteela|100/100
|turn|4
|
|t:|1650877148
|move|p2a: Omastar|Surf|p1a: Celesteela
|-damage|p1a: Celesteela|10/100
|move|p1a: Celesteela|Leech Seed|p2a: Omastar
|-start|p2a: Omastar|move: Leech Seed
|
|-heal|p1a: Celesteela|16/100|[from] item: Leftovers
|-damage|p2a: Omastar|0 fnt|[from] Leech Seed|[of] p1a: Celesteela
|-heal|p1a: Celesteela|21/100|[silent]
|faint|p2a: Omastar
|upkeep
|
|t:|1650877155
|switch|p2a: Barraskewda|Barraskewda, M|100/100
|turn|5
|
|t:|1650877159
|move|p2a: Barraskewda|Flip Turn|p1a: Celesteela
|-damage|p1a: Celesteela|0 fnt
|faint|p1a: Celesteela
|
|t:|1650877162
|switch|p2a: Pelipper|Pelipper, M|100/100|[from]move: Flip Turn
|-weather|RainDance|[from] ability: Drizzle|[of] p2a: Pelipper
|
|-weather|RainDance|[upkeep]
|upkeep
|
|t:|1650877170
|switch|p1a: Blacephalon|Blacephalon|100/100
|turn|6
|
|t:|1650877173
|move|p1a: Blacephalon|Shadow Ball|p2a: Pelipper
|-damage|p2a: Pelipper|56/100
|move|p2a: Pelipper|Scald|p1a: Blacephalon
|-supereffective|p1a: Blacephalon
|-damage|p1a: Blacephalon|0 fnt
|faint|p1a: Blacephalon
|
|-weather|RainDance|[upkeep]
|upkeep
|
|t:|1650877179
|switch|p1a: Guzzlord|Guzzlord|100/100
|turn|7
|
|t:|1650877183
|move|p1a: Guzzlord|Outrage|p2a: Pelipper
|-damage|p2a: Pelipper|0 fnt
|faint|p2a: Pelipper
|-ability|p1a: Guzzlord|Beast Boost|boost
|-boost|p1a: Guzzlord|atk|1
|
|-weather|RainDance|[upkeep]
|upkeep
|
|t:|1650877189
|switch|p2a: Landorus|Landorus-Therian, M|100/100
|-ability|p2a: Landorus|Intimidate|boost
|-unboost|p1a: Guzzlord|atk|1
|turn|8
|
|t:|1650877193
|move|p2a: Landorus|Explosion|p1a: Guzzlord
|-enditem|p2a: Landorus|Normal Gem|[from] gem
|-damage|p1a: Guzzlord|0 fnt
|faint|p2a: Landorus
|faint|p1a: Guzzlord
|
|-weather|RainDance|[upkeep]
|upkeep
|
|t:|1650877197
|switch|p2a: Barraskewda|Barraskewda, M|100/100
|switch|p1a: Buzzwole|Buzzwole|100/100
|turn|9
|
|t:|1650877201
|move|p2a: Barraskewda|Flip Turn|p1a: Buzzwole
|-damage|p1a: Buzzwole|54/100
|-damage|p2a: Barraskewda|84/100|[from] item: Rocky Helmet|[of] p1a: Buzzwole
|
|t:|1650877203
|switch|p2a: Zeraora|Zeraora|100/100|[from]move: Flip Turn
|move|p1a: Buzzwole|Leech Life|p2a: Zeraora
|-damage|p2a: Zeraora|37/100
|-heal|p1a: Buzzwole|80/100|[from] drain|[of] p2a: Zeraora
|
|-weather|RainDance|[upkeep]
|upkeep
|turn|10
|
|t:|1650877210
|move|p2a: Zeraora|Plasma Fists|p1a: Buzzwole
|-crit|p1a: Buzzwole
|-damage|p1a: Buzzwole|34/100
|-fieldactivate|move: Ion Deluge
|-hint|Normal-type moves become Electric-type after using Plasma Fists.
|-damage|p2a: Zeraora|21/100|[from] item: Rocky Helmet|[of] p1a: Buzzwole
|move|p1a: Buzzwole|Leech Life|p2a: Zeraora
|-damage|p2a: Zeraora|0 fnt
|-heal|p1a: Buzzwole|42/100|[from] drain|[of] p2a: Zeraora
|faint|p2a: Zeraora
|-ability|p1a: Buzzwole|Beast Boost|boost
|-boost|p1a: Buzzwole|atk|1
|
|-weather|RainDance|[upkeep]
|upkeep
|
|t:|1650877212
|switch|p2a: Barraskewda|Barraskewda, M|84/100
|turn|11
|c|☆return nirvana|gg
|
|t:|1650877215
|move|p2a: Barraskewda|Liquidation|p1a: Buzzwole
|-damage|p1a: Buzzwole|0 fnt
|-damage|p2a: Barraskewda|68/100|[from] item: Rocky Helmet|[of] p1a: Buzzwole
|faint|p1a: Buzzwole
|
|win|return nirvana
|n|☆Bruhamastra|bruhamastra
|n|☆return nirvana|returnnirvana
|c|☆Bruhamastra|gg
