|j|☆Le-Perpetrator
|j|☆Run For Me Plz
|t:|1645033452
|gametype|singles
|player|p1|Le-Perpetrator|102|1711
|player|p2|Run For Me Plz|grimsley-gen7|1668
|teamsize|p1|6
|teamsize|p2|6
|gen|8
|tier|[Gen 8] OU
|rated|
|rule|Sleep Clause Mod: Limit one foe put to sleep
|rule|Species Clause: Limit one of each Pokémon
|rule|OHKO Clause: OHKO moves are banned
|rule|Evasion Moves Clause: Evasion moves are banned
|rule|Endless Battle Clause: Forcing endless battles is banned
|rule|HP Percentage Mod: HP is shown in percentages
|rule|Dynamax Clause: You cannot dynamax
|clearpoke
|poke|p1|Toxapex, F|
|poke|p1|Ferrothorn, F|
|poke|p1|Hatterene, F|
|poke|p1|Landorus-Therian, M|
|poke|p1|Victini|
|poke|p1|Dragapult, F|
|poke|p2|Clefable, F|
|poke|p2|Corviknight, F|
|poke|p2|Garchomp, F|
|poke|p2|Toxapex, F|
|poke|p2|Slowking, M|
|poke|p2|Buzzwole|
|teampreview
|inactive|Battle timer is ON: inactive players will automatically lose when time's up. (requested by Run For Me Plz)
|j| 0SiegeWarfare
|
|t:|1645033461
|start
|switch|p1a: Condom|Hatterene, F|100/100
|switch|p2a: Pamplemousse|Slowking, M, shiny|100/100
|turn|1
|
|t:|1645033467
|move|p2a: Pamplemousse|Scald|p1a: Condom
|-damage|p1a: Condom|71/100
|-status|p1a: Condom|brn
|move|p1a: Condom|Dazzling Gleam|p2a: Pamplemousse
|-damage|p2a: Pamplemousse|73/100
|
|-damage|p1a: Condom|65/100 brn|[from] brn
|upkeep
|turn|2
|
|t:|1645033476
|switch|p1a: SoftontheInside|Ferrothorn, F|100/100
|move|p2a: Pamplemousse|Future Sight|p1a: SoftontheInside
|-start|p2a: Pamplemousse|move: Future Sight
|
|upkeep
|turn|3
|
|t:|1645033480
|move|p2a: Pamplemousse|Flamethrower|p1a: SoftontheInside
|-supereffective|p1a: SoftontheInside
|-damage|p1a: SoftontheInside|39/100
|move|p1a: SoftontheInside|Stealth Rock|p2a: Pamplemousse
|-sidestart|p2: Run For Me Plz|move: Stealth Rock
|
|upkeep
|turn|4
|j| Fitzcarraldo
|j| Sorcier Anguilion
|
|t:|1645033490
|switch|p1a: Condom|Hatterene, F|65/100 brn
|move|p2a: Pamplemousse|Flamethrower|p1a: Condom
|-damage|p1a: Condom|43/100 brn
|
|-end|p1a: Condom|move: Future Sight
|-resisted|p1a: Condom
|-damage|p1a: Condom|22/100 brn
|-damage|p1a: Condom|16/100 brn|[from] brn
|upkeep
|turn|5
|
|t:|1645033499
|move|p2a: Pamplemousse|Scald|p1a: Condom
|-damage|p1a: Condom|0 fnt
|faint|p1a: Condom
|
|upkeep
|
|t:|1645033503
|switch|p1a: Dragapult|Dragapult, F|100/100
|turn|6
|
|t:|1645033505
|switch|p2a: 22|Toxapex, F, shiny|100/100
|-damage|p2a: 22|88/100|[from] Stealth Rock
|move|p1a: Dragapult|Shadow Ball|p2a: 22
|-crit|p2a: 22
|-damage|p2a: 22|39/100
|
|upkeep
|turn|7
|
|t:|1645033517
|move|p1a: Dragapult|Shadow Ball|p2a: 22
|-crit|p2a: 22
|-damage|p2a: 22|0 fnt
|faint|p2a: 22
|
|upkeep
|c|☆Run For Me Plz|R u serious two crits in a row
|
|t:|1645033530
|switch|p2a: Lucky One|Garchomp, F, shiny|100/100
|-damage|p2a: Lucky One|94/100|[from] Stealth Rock
|turn|8
|
|t:|1645033535
|switch|p1a: BillieEllish|Landorus-Therian, M|100/100
|-ability|p1a: BillieEllish|Intimidate|boost
|-unboost|p2a: Lucky One|atk|1
|move|p2a: Lucky One|Stealth Rock|p1a: BillieEllish
|-sidestart|p1: Le-Perpetrator|move: Stealth Rock
|
|-heal|p2a: Lucky One|100/100|[from] item: Leftovers
|upkeep
|turn|9
|
|t:|1645033542
|move|p1a: BillieEllish|Earthquake|p2a: Lucky One
|-damage|p2a: Lucky One|45/100
|move|p2a: Lucky One|Toxic|p1a: BillieEllish
|-status|p1a: BillieEllish|tox
|
|-heal|p2a: Lucky One|51/100|[from] item: Leftovers
|-damage|p1a: BillieEllish|94/100 tox|[from] psn
|upkeep
|turn|10
|
|t:|1645033551
|switch|p1a: SoftontheInside|Ferrothorn, F|39/100
|-damage|p1a: SoftontheInside|33/100|[from] Stealth Rock
|switch|p2a: All to Well|Corviknight, F, shiny|100/100
|-damage|p2a: All to Well|88/100|[from] Stealth Rock
|-ability|p2a: All to Well|Pressure
|
|-heal|p2a: All to Well|94/100|[from] item: Leftovers
|upkeep
|turn|11
|
|t:|1645033560
|switch|p2a: Pamplemousse|Slowking, M, shiny|100/100
|-damage|p2a: Pamplemousse|88/100|[from] Stealth Rock
|move|p1a: SoftontheInside|Spikes|p2a: Pamplemousse
|-sidestart|p2: Run For Me Plz|Spikes
|
|upkeep
|turn|12
|
|t:|1645033566
|switch|p1a: Dragapult|Dragapult, F|100/100
|-damage|p1a: Dragapult|88/100|[from] Stealth Rock
|move|p2a: Pamplemousse|Future Sight|p1a: Dragapult
|-start|p2a: Pamplemousse|move: Future Sight
|
|upkeep
|turn|13
|
|t:|1645033571
|move|p1a: Dragapult|Shadow Ball|p2a: Pamplemousse
|-supereffective|p2a: Pamplemousse
|-damage|p2a: Pamplemousse|48/100
|move|p2a: Pamplemousse|Dragon Tail|p1a: Dragapult
|-supereffective|p1a: Dragapult
|-damage|p1a: Dragapult|61/100
|drag|p1a: NastyInsertion|Toxapex, F|100/100
|-damage|p1a: NastyInsertion|88/100|[from] Stealth Rock
|
|-heal|p1a: NastyInsertion|94/100|[from] item: Black Sludge
|upkeep
|turn|14
|
|t:|1645033581
|move|p1a: NastyInsertion|Toxic Spikes|p2a: Pamplemousse
|-sidestart|p2: Run For Me Plz|move: Toxic Spikes
|move|p2a: Pamplemousse|Scald|p1a: NastyInsertion
|-resisted|p1a: NastyInsertion
|-damage|p1a: NastyInsertion|84/100
|
|-end|p1a: NastyInsertion|move: Future Sight
|-supereffective|p1a: NastyInsertion
|-damage|p1a: NastyInsertion|19/100
|-heal|p1a: NastyInsertion|25/100|[from] item: Black Sludge
|upkeep
|turn|15
|
|t:|1645033592
|switch|p1a: Dragapult|Dragapult, F|61/100
|-damage|p1a: Dragapult|49/100|[from] Stealth Rock
|switch|p2a: All to Well|Corviknight, F, shiny|94/100
|-damage|p2a: All to Well|82/100|[from] Stealth Rock
|-ability|p2a: All to Well|Pressure
|
|-heal|p2a: All to Well|88/100|[from] item: Leftovers
|upkeep
|turn|16
|
|t:|1645033602
|move|p1a: Dragapult|Flamethrower|p2a: All to Well
|-supereffective|p2a: All to Well
|-damage|p2a: All to Well|33/100
|move|p2a: All to Well|Roost|p2a: All to Well
|-heal|p2a: All to Well|83/100
|-singleturn|p2a: All to Well|move: Roost
|
|-heal|p2a: All to Well|90/100|[from] item: Leftovers
|upkeep
|turn|17
|
|t:|1645033611
|move|p1a: Dragapult|Flamethrower|p2a: All to Well
|-supereffective|p2a: All to Well
|-damage|p2a: All to Well|41/100
|move|p2a: All to Well|Defog|p1a: Dragapult
|-unboost|p1a: Dragapult|evasion|1
|-sideend|p1: Le-Perpetrator|Stealth Rock|[from] move: Defog|[of] p2a: All to Well
|-sideend|p2: Run For Me Plz|Spikes|[from] move: Defog|[of] p2a: All to Well
|-sideend|p2: Run For Me Plz|Toxic Spikes|[from] move: Defog|[of] p2a: All to Well
|-sideend|p2: Run For Me Plz|Stealth Rock|[from] move: Defog|[of] p2a: All to Well
|
|-heal|p2a: All to Well|47/100|[from] item: Leftovers
|upkeep
|turn|18
|
|t:|1645033620
|switch|p2a: Pamplemousse|Slowking, M, shiny|81/100
|move|p1a: Dragapult|Flamethrower|p2a: Pamplemousse
|-resisted|p2a: Pamplemousse
|-damage|p2a: Pamplemousse|74/100
|
|upkeep
|turn|19
|
|t:|1645033626
|switch|p1a: NastyInsertion|Toxapex, F|58/100
|move|p2a: Pamplemousse|Future Sight|p1a: NastyInsertion
|-start|p2a: Pamplemousse|move: Future Sight
|
|-heal|p1a: NastyInsertion|65/100|[from] item: Black Sludge
|upkeep
|turn|20
|
|t:|1645033631
|move|p1a: NastyInsertion|Toxic Spikes|p2a: Pamplemousse
|-sidestart|p2: Run For Me Plz|move: Toxic Spikes
|move|p2a: Pamplemousse|Scald|p1a: NastyInsertion
|-resisted|p1a: NastyInsertion
|-damage|p1a: NastyInsertion|53/100
|
|-heal|p1a: NastyInsertion|60/100|[from] item: Black Sludge
|upkeep
|turn|21
|
|t:|1645033639
|switch|p1a: SoftontheInside|Ferrothorn, F|33/100
|move|p2a: Pamplemousse|Scald|p1a: SoftontheInside
|-resisted|p1a: SoftontheInside
|-damage|p1a: SoftontheInside|23/100
|
|-end|p1a: SoftontheInside|move: Future Sight
|-resisted|p1a: SoftontheInside
|-damage|p1a: SoftontheInside|9/100
|upkeep
|turn|22
|
|t:|1645033648
|move|p2a: Pamplemousse|Scald|p1a: SoftontheInside
|-resisted|p1a: SoftontheInside
|-damage|p1a: SoftontheInside|0 fnt
|faint|p1a: SoftontheInside
|
|upkeep
|j| Multiface God
|
|t:|1645033653
|switch|p1a: Dragapult|Dragapult, F|49/100
|turn|23
|
|t:|1645033657
|move|p1a: Dragapult|Shadow Ball|p2a: Pamplemousse
|-supereffective|p2a: Pamplemousse
|-damage|p2a: Pamplemousse|28/100
|move|p2a: Pamplemousse|Dragon Tail|p1a: Dragapult
|-supereffective|p1a: Dragapult
|-damage|p1a: Dragapult|21/100
|drag|p1a: SpankBang|Victini|100/100
|
|upkeep
|turn|24
|
|t:|1645033666
|switch|p2a: Lucky One|Garchomp, F, shiny|51/100
|-status|p2a: Lucky One|psn
|move|p1a: SpankBang|V-create|p2a: Lucky One
|-resisted|p2a: Lucky One
|-damage|p2a: Lucky One|5/100 psn
|-unboost|p1a: SpankBang|spe|1
|-unboost|p1a: SpankBang|def|1
|-unboost|p1a: SpankBang|spd|1
|-damage|p1a: SpankBang|88/100|[from] ability: Rough Skin|[of] p2a: Lucky One
|
|-heal|p2a: Lucky One|11/100 psn|[from] item: Leftovers
|-damage|p2a: Lucky One|0 fnt|[from] psn
|faint|p2a: Lucky One
|upkeep
|j| HelpImreallybad
|
|t:|1645033676
|switch|p2a: Red|Buzzwole|100/100
|turn|25
|
|t:|1645033681
|switch|p1a: NastyInsertion|Toxapex, F|93/100
|move|p2a: Red|Thunder Punch|p1a: NastyInsertion
|-supereffective|p1a: NastyInsertion
|-damage|p1a: NastyInsertion|56/100
|
|-heal|p1a: NastyInsertion|62/100|[from] item: Black Sludge
|upkeep
|turn|26
|
|t:|1645033690
|move|p2a: Red|Thunder Punch|p1a: NastyInsertion
|-supereffective|p1a: NastyInsertion
|-damage|p1a: NastyInsertion|24/100
|-status|p1a: NastyInsertion|par
|move|p1a: NastyInsertion|Scald|p2a: Red
|-damage|p2a: Red|69/100
|-status|p2a: Red|brn
|
|-heal|p1a: NastyInsertion|30/100 par|[from] item: Black Sludge
|-damage|p2a: Red|62/100 brn|[from] brn
|upkeep
|turn|27
|
|t:|1645033701
|switch|p2a: State of Grace|Clefable, F, shiny|100/100
|move|p1a: NastyInsertion|Recover|p1a: NastyInsertion
|-heal|p1a: NastyInsertion|80/100 par
|
|-heal|p1a: NastyInsertion|87/100 par|[from] item: Black Sludge
|upkeep
|turn|28
|
|t:|1645033708
|switch|p1a: SpankBang|Victini|88/100
|move|p2a: State of Grace|Heal Bell|p2a: State of Grace
|-activate|p2a: State of Grace|move: Heal Bell
|-curestatus|p2: Red|brn|[msg]
|
|upkeep
|turn|29
|j| splash2020
|j| kamiomaple01
|
|t:|1645033717
|move|p1a: SpankBang|V-create|p2a: State of Grace
|-crit|p2a: State of Grace
|-damage|p2a: State of Grace|0 fnt
|-unboost|p1a: SpankBang|spe|1
|-unboost|p1a: SpankBang|def|1
|-unboost|p1a: SpankBang|spd|1
|faint|p2a: State of Grace
|
|upkeep
|j| simp4 evan❤︎
|c|☆Run For Me Plz|haxed all game love it
|-message|Run For Me Plz forfeited.
|
|win|Le-Perpetrator
|raw|Le-Perpetrator's rating: 1711 &rarr; <strong>1729</strong><br />(+18 for winning)
|raw|Run For Me Plz's rating: 1668 &rarr; <strong>1650</strong><br />(-18 for losing)
|l|☆Run For Me Plz
|l| kamiomaple01
|l| simp4 evan❤︎
