|raw|<div class="broadcast-blue"><strong>This battle is required to be public due to a player having a name prefixed by 'LT72MS'.</div>
|j|☆LT72MS Finch
|j|☆The Last Hero
|t:|1597417565
|player|p1|LT72MS Finch|infielder|1807
|player|p2|The Last Hero|acetrainersnow|1908
|teamsize|p1|6
|teamsize|p2|6
|gametype|singles
|gen|8
|tier|[Gen 8] OU
|rated|
|clearpoke
|poke|p1|Urshifu-*, M|
|poke|p1|Hawlucha, M|
|poke|p1|Rillaboom, F|
|poke|p1|Necrozma|
|poke|p1|Excadrill, M|
|poke|p1|Dragapult, M|
|poke|p2|Scolipede, M|
|poke|p2|Magnezone|
|poke|p2|Pelipper, M|
|poke|p2|Excadrill, M|
|poke|p2|Kingdra, F|
|poke|p2|Azumarill, M|
|rule|Sleep Clause Mod: Limit one foe put to sleep
|rule|Species Clause: Limit one of each Pokémon
|rule|OHKO Clause: OHKO moves are banned
|rule|Evasion Moves Clause: Evasion moves are banned
|rule|Endless Battle Clause: Forcing endless battles is banned
|rule|HP Percentage Mod: HP is shown in percentages
|rule|Dynamax Clause: You cannot dynamax
|teampreview
|j| Morris_Pepijn
|j| Beraldinhoo
|j| faunazon
|j|+false
|j| isabela200@!
|l| isabela200
|j| lt72ms IPL
|inactive|Battle timer is ON: inactive players will automatically lose when time's up. (requested by LT72MS Finch)
|j| LT72MS Linoose
|j| Douglas Dotanuki
|j| Binacle Pinnacle
|j| LT72MS Flow2Bro
|j| INeedToDie4real
|j| LT72MS Stareal
|
|t:|1597417583
|start
|switch|p1a: Necrozma|Necrozma|100/100
|switch|p2a: Pelicano|Pelipper, M|100/100
|-weather|RainDance|[from] ability: Drizzle|[of] p2a: Pelicano
|turn|1
|
|t:|1597417585
|switch|p2a: Sexcadrill|Excadrill, M|100/100
|-ability|p2a: Sexcadrill|Mold Breaker
|move|p1a: Necrozma|Meteor Beam||[still]
|-prepare|p1a: Necrozma|Meteor Beam
|-boost|p1a: Necrozma|spa|1
|-enditem|p1a: Necrozma|Power Herb
|-anim|p1a: Necrozma|Meteor Beam|p2a: Sexcadrill|[miss]
|-miss|p1a: Necrozma|p2a: Sexcadrill
|
|-weather|RainDance|[upkeep]
|upkeep
|turn|2
|j| LT72MS Killa
|j| TheOnlyGhads
|
|t:|1597417590
|move|p2a: Sexcadrill|Stealth Rock|p1a: Necrozma
|-sidestart|p1: LT72MS Finch|move: Stealth Rock
|move|p1a: Necrozma|Rock Polish|p1a: Necrozma
|-boost|p1a: Necrozma|spe|2
|
|-weather|RainDance|[upkeep]
|upkeep
|turn|3
|j| FnH
|j| Zaettsu
|
|t:|1597417597
|move|p1a: Necrozma|Heat Wave|p2a: Sexcadrill
|-supereffective|p2a: Sexcadrill
|-crit|p2a: Sexcadrill
|-damage|p2a: Sexcadrill|20/100
|move|p2a: Sexcadrill|Earthquake|p1a: Necrozma
|-damage|p1a: Necrozma|56/100
|
|-weather|RainDance|[upkeep]
|-heal|p2a: Sexcadrill|26/100|[from] item: Leftovers
|upkeep
|turn|4
|j| Serene Grace
|j| water immunity
|c| FnH|LGI Finch
|j| spreadfire
|j| LT72MS idm = bomb
|j| CreditKarma
|j| Federico Valverde
|
|t:|1597417607
|move|p1a: Necrozma|Photon Geyser|p2a: Sexcadrill
|-resisted|p2a: Sexcadrill
|-damage|p2a: Sexcadrill|0 fnt
|faint|p2a: Sexcadrill
|
|-weather|RainDance|[upkeep]
|upkeep
|c| LT72MS idm = bomb|LGI The Last Hero
|
|t:|1597417611
|switch|p2a: Horsi|Kingdra, F|100/100
|turn|5
|j|+playerW17
|j| LT72MS Ash
|
|t:|1597417615
|move|p2a: Horsi|Surf|p1a: Necrozma
|-damage|p1a: Necrozma|0 fnt
|faint|p1a: Necrozma
|
|-weather|RainDance|[upkeep]
|upkeep
|
|t:|1597417616
|switch|p1a: Rillaboom|Rillaboom, F|100/100
|-damage|p1a: Rillaboom|88/100|[from] Stealth Rock
|-fieldstart|move: Grassy Terrain|[from] ability: Grassy Surge|[of] p1a: Rillaboom
|turn|6
|j| LT72MS avarexeva
|
|t:|1597417623
|switch|p2a: Magnetroll|Magnezone|100/100
|move|p1a: Rillaboom|U-turn|p2a: Magnetroll
|-resisted|p2a: Magnetroll
|-damage|p2a: Magnetroll|82/100
|-damage|p1a: Rillaboom|78/100|[from] item: Life Orb
|
|t:|1597417625
|switch|p1a: Urshifu|Urshifu, M|100/100|[from]move: U-turn
|-damage|p1a: Urshifu|94/100|[from] Stealth Rock
|
|-weather|RainDance|[upkeep]
|-heal|p1a: Urshifu|100/100|[from] Grassy Terrain
|-heal|p2a: Magnetroll|88/100|[from] Grassy Terrain
|upkeep
|turn|7
|j| KUZAKllh
|
|t:|1597417632
|move|p1a: Urshifu|Close Combat|p2a: Magnetroll
|-supereffective|p2a: Magnetroll
|-damage|p2a: Magnetroll|0 fnt
|-unboost|p1a: Urshifu|def|1
|-unboost|p1a: Urshifu|spd|1
|-damage|p1a: Urshifu|91/100|[from] item: Life Orb
|faint|p2a: Magnetroll
|
|-weather|RainDance|[upkeep]
|-heal|p1a: Urshifu|97/100|[from] Grassy Terrain
|upkeep
|
|t:|1597417634
|switch|p2a: Horsi|Kingdra, F|100/100
|turn|8
|j| LT72MS Ayk
|j| Argas
|
|t:|1597417641
|move|p1a: Urshifu|Sucker Punch|p2a: Horsi
|-damage|p2a: Horsi|33/100
|-damage|p1a: Urshifu|87/100|[from] item: Life Orb
|move|p2a: Horsi|Surf|p1a: Urshifu
|-damage|p1a: Urshifu|0 fnt
|faint|p1a: Urshifu
|
|-weather|none
|-heal|p2a: Horsi|40/100|[from] Grassy Terrain
|upkeep
|l| LT72MS Linoose
|j| forprocrastinating
|
|t:|1597417654
|switch|p1a: Rillaboom|Rillaboom, F|78/100
|-damage|p1a: Rillaboom|66/100|[from] Stealth Rock
|turn|9
|
|t:|1597417656
|switch|p2a: Pelicano|Pelipper, M|100/100
|-weather|RainDance|[from] ability: Drizzle|[of] p2a: Pelicano
|move|p1a: Rillaboom|U-turn|p2a: Pelicano
|-resisted|p2a: Pelicano
|-damage|p2a: Pelicano|86/100
|-damage|p1a: Rillaboom|56/100|[from] item: Life Orb
|
|t:|1597417659
|switch|p1a: Dragapult|Dragapult, M|100/100|[from]move: U-turn
|-damage|p1a: Dragapult|88/100|[from] Stealth Rock
|
|-weather|RainDance|[upkeep]
|-heal|p1a: Dragapult|94/100|[from] Grassy Terrain
|upkeep
|turn|10
|l| Douglas Dotanuki
|
|t:|1597417663
|switch|p2a: Azul Marino|Azumarill, M|100/100
|move|p1a: Dragapult|Dragon Dance|p1a: Dragapult
|-boost|p1a: Dragapult|atk|1
|-boost|p1a: Dragapult|spe|1
|
|-weather|RainDance|[upkeep]
|-heal|p1a: Dragapult|99/100|[from] Grassy Terrain
|-fieldend|move: Grassy Terrain
|upkeep
|turn|11
|
|t:|1597417668
|move|p1a: Dragapult|Steel Wing|p2a: Azul Marino
|-damage|p2a: Azul Marino|43/100
|-enditem|p2a: Azul Marino|Sitrus Berry|[eat]
|-heal|p2a: Azul Marino|68/100|[from] item: Sitrus Berry
|-damage|p1a: Dragapult|90/100|[from] item: Life Orb
|move|p2a: Azul Marino|Play Rough|p1a: Dragapult
|-supereffective|p1a: Dragapult
|-damage|p1a: Dragapult|0 fnt
|faint|p1a: Dragapult
|
|-weather|RainDance|[upkeep]
|upkeep
|
|t:|1597417673
|switch|p1a: Rillaboom|Rillaboom, F|56/100
|-damage|p1a: Rillaboom|44/100|[from] Stealth Rock
|-fieldstart|move: Grassy Terrain|[from] ability: Grassy Surge|[of] p1a: Rillaboom
|turn|12
|j| laevin ㋛
|
|t:|1597417677
|move|p1a: Rillaboom|Grassy Glide|p2a: Azul Marino
|-supereffective|p2a: Azul Marino
|-damage|p2a: Azul Marino|0 fnt
|-damage|p1a: Rillaboom|34/100|[from] item: Life Orb
|faint|p2a: Azul Marino
|
|-weather|RainDance|[upkeep]
|-heal|p1a: Rillaboom|40/100|[from] Grassy Terrain
|upkeep
|j| DEPRYVATION2
|
|t:|1597417679
|switch|p2a: Broken Bug|Scolipede, M|100/100
|turn|13
|j| Xurkitree Autista
|
|t:|1597417685
|move|p1a: Rillaboom|Grassy Glide|p2a: Broken Bug
|-resisted|p2a: Broken Bug
|-damage|p2a: Broken Bug|77/100
|-damage|p1a: Rillaboom|30/100|[from] item: Life Orb
|move|p2a: Broken Bug|Swords Dance|p2a: Broken Bug
|-boost|p2a: Broken Bug|atk|2
|
|-weather|RainDance|[upkeep]
|-heal|p2a: Broken Bug|83/100|[from] Grassy Terrain
|-heal|p1a: Rillaboom|36/100|[from] Grassy Terrain
|-ability|p2a: Broken Bug|Speed Boost|boost
|-boost|p2a: Broken Bug|spe|1
|upkeep
|turn|14
|j| ranitidine
|j| good things come
|
|t:|1597417688
|move|p1a: Rillaboom|Grassy Glide|p2a: Broken Bug
|-resisted|p2a: Broken Bug
|-damage|p2a: Broken Bug|61/100
|-damage|p1a: Rillaboom|26/100|[from] item: Life Orb
|move|p2a: Broken Bug|Swords Dance|p2a: Broken Bug
|-boost|p2a: Broken Bug|atk|2
|
|-weather|RainDance|[upkeep]
|-heal|p2a: Broken Bug|67/100|[from] Grassy Terrain
|-heal|p1a: Rillaboom|32/100|[from] Grassy Terrain
|-ability|p2a: Broken Bug|Speed Boost|boost
|-boost|p2a: Broken Bug|spe|1
|upkeep
|turn|15
|
|t:|1597417692
|move|p1a: Rillaboom|Grassy Glide|p2a: Broken Bug
|-resisted|p2a: Broken Bug
|-damage|p2a: Broken Bug|42/100
|-damage|p1a: Rillaboom|22/100|[from] item: Life Orb
|move|p2a: Broken Bug|Megahorn|p1a: Rillaboom|[miss]
|-miss|p2a: Broken Bug|p1a: Rillaboom
|
|-weather|RainDance|[upkeep]
|-heal|p2a: Broken Bug|48/100|[from] Grassy Terrain
|-heal|p1a: Rillaboom|28/100|[from] Grassy Terrain
|-ability|p2a: Broken Bug|Speed Boost|boost
|-boost|p2a: Broken Bug|spe|1
|upkeep
|turn|16
|
|t:|1597417695
|move|p1a: Rillaboom|Grassy Glide|p2a: Broken Bug
|-resisted|p2a: Broken Bug
|-damage|p2a: Broken Bug|25/100
|-damage|p1a: Rillaboom|18/100|[from] item: Life Orb
|move|p2a: Broken Bug|Megahorn|p1a: Rillaboom
|-supereffective|p1a: Rillaboom
|-damage|p1a: Rillaboom|0 fnt
|-damage|p2a: Broken Bug|15/100|[from] item: Life Orb
|faint|p1a: Rillaboom
|
|-weather|none
|-heal|p2a: Broken Bug|21/100|[from] Grassy Terrain
|-fieldend|move: Grassy Terrain
|-ability|p2a: Broken Bug|Speed Boost|boost
|-boost|p2a: Broken Bug|spe|1
|upkeep
|j| LT72MS Sagiri
|
|t:|1597417698
|switch|p1a: Excadrill|Excadrill, M|100/100
|-damage|p1a: Excadrill|97/100|[from] Stealth Rock
|-ability|p1a: Excadrill|Mold Breaker
|turn|17
|j| Chans3y
|
|t:|1597417700
|move|p2a: Broken Bug|Earthquake|p1a: Excadrill
|-supereffective|p1a: Excadrill
|-damage|p1a: Excadrill|0 fnt
|-damage|p2a: Broken Bug|11/100|[from] item: Life Orb
|faint|p1a: Excadrill
|
|-ability|p2a: Broken Bug|Speed Boost|boost
|-boost|p2a: Broken Bug|spe|1
|upkeep
|c| Beraldinhoo|surra
|
|t:|1597417702
|switch|p1a: Hawlucha|Hawlucha, M|100/100
|-damage|p1a: Hawlucha|88/100|[from] Stealth Rock
|turn|18
|c|☆LT72MS Finch|gg wp
|-message|LT72MS Finch forfeited.
|
|win|The Last Hero
|l| DEPRYVATION2
|j| Lt72ms win
