|j|☆demgeilem
|j|☆MegaCleveland
|t:|1667911290
|gametype|singles
|player|p1|demgeilem|ethan-masters|1458
|player|p2|MegaCleveland|palmer|1507
|teamsize|p1|6
|teamsize|p2|6
|gen|8
|tier|[Gen 8] OU
|rated|
|rule|Sleep Clause Mod: Limit one foe put to sleep
|rule|Species Clause: Limit one of each Pokémon
|rule|OHKO Clause: OHKO moves are banned
|rule|Evasion Items Clause: Evasion items are banned
|rule|Evasion Moves Clause: Evasion moves are banned
|rule|Endless Battle Clause: Forcing endless battles is banned
|rule|HP Percentage Mod: HP is shown in percentages
|rule|Dynamax Clause: You cannot dynamax
|clearpoke
|poke|p1|Melmetal|
|poke|p1|Dragapult, M|
|poke|p1|Slowbro, M|
|poke|p1|Clefable, M|
|poke|p1|Landorus-Therian, M|
|poke|p1|Buzzwole|
|poke|p2|Blacephalon|
|poke|p2|Rillaboom, M|
|poke|p2|Zapdos|
|poke|p2|Garchomp, F|
|poke|p2|Weavile, F|
|poke|p2|Melmetal|
|teampreview
|inactive|Battle timer is ON: inactive players will automatically lose when time's up. (requested by MegaCleveland)
|
|t:|1667911304
|start
|switch|p1a: Slowbro|Slowbro, M, shiny|100/100
|switch|p2a: Gar au Chomp|Garchomp, F|100/100
|turn|1
|
|t:|1667911312
|switch|p1a: Clefable|Clefable, M|100/100
|move|p2a: Gar au Chomp|Toxic|p1a: Clefable
|-status|p1a: Clefable|tox
|
|upkeep
|turn|2
|
|t:|1667911316
|move|p2a: Gar au Chomp|Stealth Rock|p1a: Clefable
|-sidestart|p1: demgeilem|move: Stealth Rock
|move|p1a: Clefable|Moonblast|p2a: Gar au Chomp
|-supereffective|p2a: Gar au Chomp
|-damage|p2a: Gar au Chomp|40/100
|
|-heal|p2a: Gar au Chomp|46/100|[from] item: Leftovers
|upkeep
|turn|3
|
|t:|1667911322
|switch|p2a: Melmé ARRÊTE|Melmetal|100/100
|move|p1a: Clefable|Stealth Rock|p2a: Melmé ARRÊTE
|-sidestart|p2: MegaCleveland|move: Stealth Rock
|
|upkeep
|turn|4
|
|t:|1667911328
|switch|p1a: Slowbro|Slowbro, M, shiny|100/100
|-damage|p1a: Slowbro|88/100|[from] Stealth Rock
|move|p2a: Melmé ARRÊTE|Ice Punch|p1a: Slowbro
|-resisted|p1a: Slowbro
|-damage|p1a: Slowbro|79/100
|-damage|p2a: Melmé ARRÊTE|84/100|[from] item: Rocky Helmet|[of] p1a: Slowbro
|
|upkeep
|turn|5
|
|t:|1667911339
|move|p2a: Melmé ARRÊTE|Thunder Punch|p1a: Slowbro
|-supereffective|p1a: Slowbro
|-damage|p1a: Slowbro|46/100
|-damage|p2a: Melmé ARRÊTE|68/100|[from] item: Rocky Helmet|[of] p1a: Slowbro
|move|p1a: Slowbro|Scald|p2a: Melmé ARRÊTE
|-damage|p2a: Melmé ARRÊTE|53/100
|
|upkeep
|turn|6
|
|t:|1667911348
|switch|p2a: Gar au Chomp|Garchomp, F|46/100
|-damage|p2a: Gar au Chomp|40/100|[from] Stealth Rock
|move|p1a: Slowbro|Slack Off|p1a: Slowbro
|-heal|p1a: Slowbro|96/100
|
|-heal|p2a: Gar au Chomp|46/100|[from] item: Leftovers
|upkeep
|turn|7
|
|t:|1667911351
|switch|p1a: Clefable|Clefable, M|100/100 tox
|move|p2a: Gar au Chomp|Toxic|p1a: Clefable
|-fail|p1a: Clefable|tox
|
|-heal|p2a: Gar au Chomp|52/100|[from] item: Leftovers
|upkeep
|turn|8
|
|t:|1667911357
|move|p2a: Gar au Chomp|Protect|p2a: Gar au Chomp
|-singleturn|p2a: Gar au Chomp|Protect
|move|p1a: Clefable|Moonblast|p2a: Gar au Chomp
|-activate|p2a: Gar au Chomp|move: Protect
|
|-heal|p2a: Gar au Chomp|59/100|[from] item: Leftovers
|upkeep
|turn|9
|
|t:|1667911362
|switch|p2a: Melmé ARRÊTE|Melmetal|53/100
|-damage|p2a: Melmé ARRÊTE|47/100|[from] Stealth Rock
|move|p1a: Clefable|Moonblast|p2a: Melmé ARRÊTE
|-resisted|p2a: Melmé ARRÊTE
|-damage|p2a: Melmé ARRÊTE|40/100
|
|upkeep
|turn|10
|
|t:|1667911369
|switch|p1a: Slowbro|Slowbro, M, shiny|100/100
|-damage|p1a: Slowbro|88/100|[from] Stealth Rock
|switch|p2a: Gar au Chomp|Garchomp, F|59/100
|-damage|p2a: Gar au Chomp|52/100|[from] Stealth Rock
|
|-heal|p2a: Gar au Chomp|59/100|[from] item: Leftovers
|upkeep
|turn|11
|
|t:|1667911380
|switch|p2a: Rilla BOUM|Rillaboom, M|100/100
|-damage|p2a: Rilla BOUM|88/100|[from] Stealth Rock
|-fieldstart|move: Grassy Terrain|[from] ability: Grassy Surge|[of] p2a: Rilla BOUM
|switch|p1a: Buzzwole|Buzzwole|100/100
|-damage|p1a: Buzzwole|88/100|[from] Stealth Rock
|
|-heal|p1a: Buzzwole|94/100|[from] Grassy Terrain
|-heal|p2a: Rilla BOUM|94/100|[from] Grassy Terrain
|upkeep
|turn|12
|
|t:|1667911385
|switch|p2a: Melmé ARRÊTE|Melmetal|40/100
|-damage|p2a: Melmé ARRÊTE|34/100|[from] Stealth Rock
|move|p1a: Buzzwole|Ice Punch|p2a: Melmé ARRÊTE
|-resisted|p2a: Melmé ARRÊTE
|-damage|p2a: Melmé ARRÊTE|26/100
|
|-heal|p1a: Buzzwole|100/100|[from] Grassy Terrain
|-heal|p2a: Melmé ARRÊTE|32/100|[from] Grassy Terrain
|upkeep
|turn|13
|
|t:|1667911405
|switch|p1a: Landorus|Landorus-Therian, M|100/100
|-damage|p1a: Landorus|88/100|[from] Stealth Rock
|-ability|p1a: Landorus|Intimidate|boost
|-unboost|p2a: Melmé ARRÊTE|atk|1
|move|p2a: Melmé ARRÊTE|Thunder Punch|p1a: Landorus
|-immune|p1a: Landorus
|
|-heal|p1a: Landorus|94/100|[from] item: Leftovers
|-heal|p2a: Melmé ARRÊTE|38/100|[from] Grassy Terrain
|upkeep
|turn|14
|
|t:|1667911415
|switch|p2a: Zap pas de chaîne|Zapdos|100/100
|move|p1a: Landorus|U-turn|p2a: Zap pas de chaîne
|-resisted|p2a: Zap pas de chaîne
|-damage|p2a: Zap pas de chaîne|92/100
|
|t:|1667911421
|switch|p1a: Dragapult|Dragapult, M|100/100|[from]move: U-turn
|-damage|p1a: Dragapult|88/100|[from] Stealth Rock
|
|-heal|p1a: Dragapult|94/100|[from] Grassy Terrain
|upkeep
|turn|15
|
|t:|1667911426
|switch|p2a: Melmé ARRÊTE|Melmetal|38/100
|-damage|p2a: Melmé ARRÊTE|32/100|[from] Stealth Rock
|move|p1a: Dragapult|Shadow Ball|p2a: Melmé ARRÊTE
|-damage|p2a: Melmé ARRÊTE|5/100
|
|-heal|p1a: Dragapult|99/100|[from] Grassy Terrain
|-heal|p2a: Melmé ARRÊTE|11/100|[from] Grassy Terrain
|-fieldend|move: Grassy Terrain
|upkeep
|turn|16
|
|t:|1667911433
|move|p1a: Dragapult|Shadow Ball|p2a: Melmé ARRÊTE
|-damage|p2a: Melmé ARRÊTE|0 fnt
|faint|p2a: Melmé ARRÊTE
|
|upkeep
|
|t:|1667911436
|switch|p2a: Blabla K.O|Blacephalon|100/100
|-damage|p2a: Blabla K.O|76/100|[from] Stealth Rock
|turn|17
|
|t:|1667911447
|switch|p1a: Clefable|Clefable, M|100/100 tox
|move|p2a: Blabla K.O|Shadow Ball|p1a: Clefable
|-damage|p1a: Clefable|64/100 tox
|
|-heal|p1a: Clefable|70/100 tox|[from] item: Leftovers
|upkeep
|turn|18
|inactive|demgeilem has 120 seconds left.
|
|t:|1667911491
|move|p2a: Blabla K.O|Shadow Ball|p1a: Clefable
|-damage|p1a: Clefable|39/100 tox
|move|p1a: Clefable|Wish|p1a: Clefable
|
|-heal|p1a: Clefable|45/100 tox|[from] item: Leftovers
|upkeep
|turn|19
|
|t:|1667911501
|move|p2a: Blabla K.O|Shadow Ball|p1a: Clefable
|-damage|p1a: Clefable|9/100 tox
|-unboost|p1a: Clefable|spd|1
|move|p1a: Clefable|Soft-Boiled|p1a: Clefable
|-heal|p1a: Clefable|59/100 tox
|
|-heal|p1a: Clefable|100/100 tox|[from] move: Wish|[wisher] Clefable
|upkeep
|turn|20
|inactive|demgeilem has 120 seconds left.
|
|t:|1667911507
|move|p2a: Blabla K.O|Shadow Ball|p1a: Clefable
|-damage|p1a: Clefable|50/100 tox
|move|p1a: Clefable|Moonblast|p2a: Blabla K.O
|-resisted|p2a: Blabla K.O
|-damage|p2a: Blabla K.O|52/100
|-unboost|p2a: Blabla K.O|spa|1
|
|-heal|p1a: Clefable|56/100 tox|[from] item: Leftovers
|upkeep
|turn|21
|
|t:|1667911516
|move|p2a: Blabla K.O|Shadow Ball|p1a: Clefable
|-damage|p1a: Clefable|21/100 tox
|move|p1a: Clefable|Soft-Boiled|p1a: Clefable
|-heal|p1a: Clefable|71/100 tox
|
|-heal|p1a: Clefable|77/100 tox|[from] item: Leftovers
|upkeep
|turn|22
|
|t:|1667911523
|move|p2a: Blabla K.O|Shadow Ball|p1a: Clefable
|-damage|p1a: Clefable|41/100 tox
|-unboost|p1a: Clefable|spd|1
|move|p1a: Clefable|Moonblast|p2a: Blabla K.O
|-resisted|p2a: Blabla K.O
|-damage|p2a: Blabla K.O|24/100
|-unboost|p2a: Blabla K.O|spa|1
|
|-heal|p1a: Clefable|47/100 tox|[from] item: Leftovers
|upkeep
|turn|23
|c|☆MegaCleveland|Omggggg
|c|☆MegaCleveland|Stop it
|
|t:|1667911543
|switch|p2a: Zap pas de chaîne|Zapdos|92/100
|move|p1a: Clefable|Soft-Boiled|p1a: Clefable
|-heal|p1a: Clefable|97/100 tox
|
|-heal|p1a: Clefable|100/100 tox|[from] item: Leftovers
|upkeep
|turn|24
|
|t:|1667911553
|move|p2a: Zap pas de chaîne|Volt Switch|p1a: Clefable
|-damage|p1a: Clefable|59/100 tox
|
|t:|1667911555
|switch|p2a: Blabla K.O|Blacephalon|24/100|[from]move: Volt Switch
|-damage|p2a: Blabla K.O|0 fnt|[from] Stealth Rock
|faint|p2a: Blabla K.O
|move|p1a: Clefable|Wish|p1a: Clefable
|
|-heal|p1a: Clefable|65/100 tox|[from] item: Leftovers
|upkeep
|-message|MegaCleveland forfeited.
|
|win|demgeilem
|raw|demgeilem's rating: 1458 &rarr; <strong>1481</strong><br />(+23 for winning)
|raw|MegaCleveland's rating: 1507 &rarr; <strong>1484</strong><br />(-23 for losing)
|l|☆MegaCleveland
