|html|<div class="broadcast-blue"><strong>[Gen 8] OU is currently suspecting Melmetal! For information on how to participate check out the <a href="https://www.smogon.com/forums/threads/np-ss-ou-suspect-process-round-12-monster-mash.3709234/">suspect thread</a>.</strong></div>
|j|☆8balljacketguy
|j|‽minimax_ai
|t:|1666747129
|gametype|singles
|player|p1|8balljacketguy|red|1529
|player|p2|minimax_ai|266|1633
|teamsize|p1|6
|teamsize|p2|6
|gen|8
|tier|[Gen 8] OU
|rated|
|rule|Sleep Clause Mod: Limit one foe put to sleep
|rule|Species Clause: Limit one of each Pokémon
|rule|OHKO Clause: OHKO moves are banned
|rule|Evasion Items Clause: Evasion items are banned
|rule|Evasion Moves Clause: Evasion moves are banned
|rule|Endless Battle Clause: Forcing endless battles is banned
|rule|HP Percentage Mod: HP is shown in percentages
|rule|Dynamax Clause: You cannot dynamax
|clearpoke
|poke|p1|Regieleki|
|poke|p1|Ferrothorn, M|
|poke|p1|Garchomp, M|
|poke|p1|Landorus-Therian, M|
|poke|p1|Weavile, F|
|poke|p1|Volcanion|
|poke|p2|Rotom-Wash|
|poke|p2|Weavile, F|
|poke|p2|Landorus-Therian, M|
|poke|p2|Heatran, M|
|poke|p2|Tangrowth, M|
|poke|p2|Melmetal|
|teampreview
|inactive|Battle timer is ON: inactive players will automatically lose when time's up. (requested by minimax_ai)
|
|t:|1666747142
|start
|switch|p1a: Ferrothorn|Ferrothorn, M|100/100
|switch|p2a: Landorus|Landorus-Therian, M|100/100
|-ability|p2a: Landorus|Intimidate|boost
|-unboost|p1a: Ferrothorn|atk|1
|turn|1
|
|t:|1666747153
|move|p2a: Landorus|Earthquake|p1a: Ferrothorn
|-crit|p1a: Ferrothorn
|-damage|p1a: Ferrothorn|57/100
|move|p1a: Ferrothorn|Knock Off|p2a: Landorus
|-damage|p2a: Landorus|86/100
|-enditem|p2a: Landorus|Leftovers|[from] move: Knock Off|[of] p1a: Ferrothorn
|
|upkeep
|turn|2
|
|t:|1666747157
|move|p2a: Landorus|U-turn|p1a: Ferrothorn
|-damage|p1a: Ferrothorn|43/100
|-damage|p2a: Landorus|73/100|[from] ability: Iron Barbs|[of] p1a: Ferrothorn
|-damage|p2a: Landorus|57/100|[from] item: Rocky Helmet|[of] p1a: Ferrothorn
|
|t:|1666747157
|switch|p2a: Tangrowth|Tangrowth, M|100/100|[from]move: U-turn
|move|p1a: Ferrothorn|Leech Seed|p2a: Tangrowth
|-immune|p2a: Tangrowth
|
|upkeep
|turn|3
|
|t:|1666747162
|switch|p1a: Landorus|Landorus-Therian, M|100/100
|-ability|p1a: Landorus|Intimidate|boost
|-unboost|p2a: Tangrowth|atk|1
|move|p2a: Tangrowth|Focus Blast|p1a: Landorus
|-resisted|p1a: Landorus
|-damage|p1a: Landorus|90/100
|
|-heal|p1a: Landorus|96/100|[from] item: Leftovers
|upkeep
|turn|4
|
|t:|1666747170
|move|p1a: Landorus|Toxic|p2a: Tangrowth
|-status|p2a: Tangrowth|tox
|move|p2a: Tangrowth|Sleep Powder|p1a: Landorus
|-status|p1a: Landorus|slp|[from] move: Sleep Powder
|
|-heal|p1a: Landorus|100/100 slp|[from] item: Leftovers
|-damage|p2a: Tangrowth|94/100 tox|[from] psn
|upkeep
|turn|5
|
|t:|1666747173
|switch|p2a: Landorus|Landorus-Therian, M|57/100
|-ability|p2a: Landorus|Intimidate|boost
|-unboost|p1a: Landorus|atk|1
|cant|p1a: Landorus|slp
|
|upkeep
|turn|6
|
|t:|1666747176
|cant|p1a: Landorus|slp
|move|p2a: Landorus|Toxic||[still]
|-fail|p2a: Landorus
|
|upkeep
|turn|7
|
|t:|1666747182
|switch|p1a: Ferrothorn|Ferrothorn, M|43/100
|move|p2a: Landorus|Toxic|p1a: Ferrothorn
|-immune|p1a: Ferrothorn
|
|upkeep
|turn|8
|
|t:|1666747185
|move|p2a: Landorus|Earthquake|p1a: Ferrothorn
|-damage|p1a: Ferrothorn|17/100
|move|p1a: Ferrothorn|Knock Off|p2a: Landorus
|-damage|p2a: Landorus|43/100
|
|upkeep
|turn|9
|
|t:|1666747187
|switch|p1a: Landorus|Landorus-Therian, M|100/100 slp
|-ability|p1a: Landorus|Intimidate|boost
|-unboost|p2a: Landorus|atk|1
|move|p2a: Landorus|Earthquake|p1a: Landorus
|-immune|p1a: Landorus
|
|upkeep
|turn|10
|
|t:|1666747193
|switch|p2a: Rotom|Rotom-Wash|100/100
|-curestatus|p1a: Landorus|slp|[msg]
|move|p1a: Landorus|Stealth Rock|p2a: Rotom
|-sidestart|p2: minimax_ai|move: Stealth Rock
|
|upkeep
|turn|11
|
|t:|1666747198
|switch|p1a: Garchomp|Garchomp, M|100/100
|move|p2a: Rotom|Hydro Pump|p1a: Garchomp|[miss]
|-miss|p2a: Rotom|p1a: Garchomp
|
|upkeep
|turn|12
|
|t:|1666747202
|move|p1a: Garchomp|Swords Dance|p1a: Garchomp
|-boost|p1a: Garchomp|atk|2
|move|p2a: Rotom|Hydro Pump|p1a: Garchomp
|-damage|p1a: Garchomp|56/100
|
|-heal|p1a: Garchomp|62/100|[from] item: Leftovers
|upkeep
|turn|13
|
|t:|1666747205
|switch|p2a: Heatran|Heatran, M|100/100
|-damage|p2a: Heatran|88/100|[from] Stealth Rock
|-item|p2a: Heatran|Air Balloon
|move|p1a: Garchomp|Scale Shot|p2a: Heatran
|-resisted|p2a: Heatran
|-crit|p2a: Heatran
|-damage|p2a: Heatran|67/100
|-enditem|p2a: Heatran|Air Balloon
|-resisted|p2a: Heatran
|-damage|p2a: Heatran|54/100
|-resisted|p2a: Heatran
|-damage|p2a: Heatran|41/100
|-hitcount|p2a: Heatran|3
|-unboost|p1a: Garchomp|def|1
|-boost|p1a: Garchomp|spe|1
|
|-heal|p1a: Garchomp|68/100|[from] item: Leftovers
|upkeep
|turn|14
|
|t:|1666747207
|switch|p2a: Landorus|Landorus-Therian, M|43/100
|-damage|p2a: Landorus|31/100|[from] Stealth Rock
|-ability|p2a: Landorus|Intimidate|boost
|-unboost|p1a: Garchomp|atk|1
|move|p1a: Garchomp|Earthquake|p2a: Landorus
|-immune|p2a: Landorus
|
|-heal|p1a: Garchomp|74/100|[from] item: Leftovers
|upkeep
|turn|15
|
|t:|1666747212
|switch|p2a: Tangrowth|Tangrowth, M|100/100 tox
|-damage|p2a: Tangrowth|88/100 tox|[from] Stealth Rock
|move|p1a: Garchomp|Fire Fang|p2a: Tangrowth
|-supereffective|p2a: Tangrowth
|-damage|p2a: Tangrowth|51/100 tox
|-damage|p1a: Garchomp|58/100|[from] item: Rocky Helmet|[of] p2a: Tangrowth
|
|-heal|p1a: Garchomp|64/100|[from] item: Leftovers
|-damage|p2a: Tangrowth|45/100 tox|[from] psn
|upkeep
|turn|16
|
|t:|1666747215
|move|p1a: Garchomp|Fire Fang|p2a: Tangrowth
|-supereffective|p2a: Tangrowth
|-damage|p2a: Tangrowth|9/100 tox
|-damage|p1a: Garchomp|48/100|[from] item: Rocky Helmet|[of] p2a: Tangrowth
|move|p2a: Tangrowth|Giga Drain|p1a: Garchomp
|-damage|p1a: Garchomp|19/100
|-heal|p2a: Tangrowth|22/100 tox|[from] drain|[of] p1a: Garchomp
|
|-heal|p1a: Garchomp|25/100|[from] item: Leftovers
|-damage|p2a: Tangrowth|9/100 tox|[from] psn
|upkeep
|turn|17
|
|t:|1666747220
|move|p1a: Garchomp|Scale Shot|p2a: Tangrowth
|-damage|p2a: Tangrowth|0 fnt
|faint|p2a: Tangrowth
|-hitcount|p2: Tangrowth|1
|-unboost|p1a: Garchomp|def|1
|-boost|p1a: Garchomp|spe|1
|
|-heal|p1a: Garchomp|31/100|[from] item: Leftovers
|upkeep
|
|t:|1666747220
|switch|p2a: Rotom|Rotom-Wash|100/100
|-damage|p2a: Rotom|88/100|[from] Stealth Rock
|turn|18
|
|t:|1666747222
|move|p1a: Garchomp|Scale Shot|p2a: Rotom|[miss]
|-miss|p1a: Garchomp|p2a: Rotom
|move|p2a: Rotom|Hydro Pump|p1a: Garchomp|[miss]
|-miss|p2a: Rotom|p1a: Garchomp
|
|-heal|p1a: Garchomp|37/100|[from] item: Leftovers
|-heal|p2a: Rotom|94/100|[from] item: Leftovers
|upkeep
|turn|19
|
|t:|1666747224
|move|p1a: Garchomp|Scale Shot|p2a: Rotom|[miss]
|-miss|p1a: Garchomp|p2a: Rotom
|move|p2a: Rotom|Hydro Pump|p1a: Garchomp
|-damage|p1a: Garchomp|0 fnt
|faint|p1a: Garchomp
|
|-heal|p2a: Rotom|100/100|[from] item: Leftovers
|upkeep
|
|t:|1666747232
|switch|p1a: Ferrothorn|Ferrothorn, M|17/100
|turn|20
|
|t:|1666747234
|move|p2a: Rotom|Hydro Pump|p1a: Ferrothorn
|-resisted|p1a: Ferrothorn
|-damage|p1a: Ferrothorn|0 fnt
|faint|p1a: Ferrothorn
|
|upkeep
|
|t:|1666747238
|switch|p1a: Regieleki|Regieleki|100/100
|turn|21
|
|t:|1666747244
|move|p1a: Regieleki|Ancient Power|p2a: Rotom
|-damage|p2a: Rotom|83/100
|move|p2a: Rotom|Pain Split|p1a: Regieleki
|-sethp|p1a: Regieleki|90/100|[from] move: Pain Split|[silent]
|-sethp|p2a: Rotom|95/100|[from] move: Pain Split
|
|-heal|p2a: Rotom|100/100|[from] item: Leftovers
|upkeep
|turn|22
|
|t:|1666747246
|move|p1a: Regieleki|Volt Switch|p2a: Rotom
|-damage|p2a: Rotom|52/100
|
|t:|1666747251
|switch|p1a: Landorus|Landorus-Therian, M|100/100|[from]move: Volt Switch
|-ability|p1a: Landorus|Intimidate|boost
|-unboost|p2a: Rotom|atk|1
|move|p2a: Rotom|Nasty Plot|p2a: Rotom
|-boost|p2a: Rotom|spa|2
|
|-heal|p2a: Rotom|58/100|[from] item: Leftovers
|upkeep
|turn|23
|
|t:|1666747253
|move|p2a: Rotom|Pain Split|p1a: Landorus
|-sethp|p1a: Landorus|73/100|[from] move: Pain Split|[silent]
|-sethp|p2a: Rotom|92/100|[from] move: Pain Split
|move|p1a: Landorus|Toxic|p2a: Rotom
|-status|p2a: Rotom|tox
|
|-heal|p2a: Rotom|98/100 tox|[from] item: Leftovers
|-heal|p1a: Landorus|80/100|[from] item: Leftovers
|-damage|p2a: Rotom|92/100 tox|[from] psn
|upkeep
|turn|24
|
|t:|1666747260
|move|p2a: Rotom|Nasty Plot|p2a: Rotom
|-boost|p2a: Rotom|spa|2
|move|p1a: Landorus|U-turn|p2a: Rotom
|-damage|p2a: Rotom|68/100 tox
|
|t:|1666747262
|switch|p1a: Regieleki|Regieleki|90/100|[from]move: U-turn
|
|-heal|p2a: Rotom|74/100 tox|[from] item: Leftovers
|-damage|p2a: Rotom|62/100 tox|[from] psn
|upkeep
|turn|25
|
|t:|1666747266
|move|p1a: Regieleki|Electro Ball|p2a: Rotom
|-damage|p2a: Rotom|18/100 tox
|move|p2a: Rotom|Pain Split|p1a: Regieleki
|-sethp|p1a: Regieleki|53/100|[from] move: Pain Split|[silent]
|-sethp|p2a: Rotom|56/100 tox|[from] move: Pain Split
|
|-heal|p2a: Rotom|63/100 tox|[from] item: Leftovers
|-damage|p2a: Rotom|44/100 tox|[from] psn
|upkeep
|turn|26
|
|t:|1666747270
|move|p1a: Regieleki|Electro Ball|p2a: Rotom
|-damage|p2a: Rotom|0 fnt
|faint|p2a: Rotom
|
|upkeep
|
|t:|1666747270
|switch|p2a: Landorus|Landorus-Therian, M|31/100
|-damage|p2a: Landorus|19/100|[from] Stealth Rock
|-ability|p2a: Landorus|Intimidate|boost
|-unboost|p1a: Regieleki|atk|1
|turn|27
|
|t:|1666747272
|move|p1a: Regieleki|Ancient Power|p2a: Landorus
|-damage|p2a: Landorus|5/100
|move|p2a: Landorus|U-turn|p1a: Regieleki
|-damage|p1a: Regieleki|9/100
|
|t:|1666747272
|switch|p2a: Weavile|Weavile, F|100/100|[from]move: U-turn
|-damage|p2a: Weavile|76/100|[from] Stealth Rock
|-ability|p2a: Weavile|Pressure
|
|upkeep
|turn|28
|
|t:|1666747280
|switch|p1a: Landorus|Landorus-Therian, M|80/100
|-ability|p1a: Landorus|Intimidate|boost
|-unboost|p2a: Weavile|atk|1
|switch|p2a: Landorus|Landorus-Therian, M|5/100
|-damage|p2a: Landorus|0 fnt|[from] Stealth Rock
|faint|p2a: Landorus
|
|-heal|p1a: Landorus|86/100|[from] item: Leftovers
|upkeep
|
|t:|1666747280
|switch|p2a: Melmetal|Melmetal|100/100
|-damage|p2a: Melmetal|94/100|[from] Stealth Rock
|turn|29
|
|t:|1666747284
|move|p1a: Landorus|Earthquake|p2a: Melmetal
|-supereffective|p2a: Melmetal
|-damage|p2a: Melmetal|43/100
|move|p2a: Melmetal|Ice Punch|p1a: Landorus
|-supereffective|p1a: Landorus
|-damage|p1a: Landorus|0 fnt
|faint|p1a: Landorus
|
|upkeep
|
|t:|1666747288
|switch|p1a: Volcanion|Volcanion|100/100
|turn|30
|
|t:|1666747292
|switch|p2a: Heatran|Heatran, M|41/100
|-damage|p2a: Heatran|29/100|[from] Stealth Rock
|move|p1a: Volcanion|Steam Eruption|p2a: Heatran
|-supereffective|p2a: Heatran
|-damage|p2a: Heatran|0 fnt
|faint|p2a: Heatran
|
|upkeep
|
|t:|1666747292
|switch|p2a: Weavile|Weavile, F|76/100
|-damage|p2a: Weavile|51/100|[from] Stealth Rock
|-ability|p2a: Weavile|Pressure
|turn|31
|
|t:|1666747295
|move|p2a: Weavile|Knock Off|p1a: Volcanion
|-damage|p1a: Volcanion|39/100
|-enditem|p1a: Volcanion|Mystic Water|[from] move: Knock Off|[of] p2a: Weavile
|move|p1a: Volcanion|Flamethrower|p2a: Weavile
|-supereffective|p2a: Weavile
|-damage|p2a: Weavile|0 fnt
|faint|p2a: Weavile
|
|upkeep
|
|t:|1666747295
|switch|p2a: Melmetal|Melmetal|43/100
|-damage|p2a: Melmetal|37/100|[from] Stealth Rock
|turn|32
|
|t:|1666747297
|move|p1a: Volcanion|Flamethrower|p2a: Melmetal
|-supereffective|p2a: Melmetal
|-damage|p2a: Melmetal|0 fnt
|faint|p2a: Melmetal
|
|win|8balljacketguy
|raw|8balljacketguy's rating: 1529 &rarr; <strong>1555</strong><br />(+26 for winning)
|raw|minimax_ai's rating: 1633 &rarr; <strong>1607</strong><br />(-26 for losing)
|l|‽minimax_ai
|c|☆8balljacketguy|gg kid
||Ladder isn't responding, score probably updated but might not have (Request timeout).
