|j|☆Daunzu
|j|☆jarly
|t:|1607171898
|player|p1|Daunzu|ingo|1555
|player|p2|jarly|101|1539
|teamsize|p1|6
|teamsize|p2|6
|gametype|singles
|gen|8
|tier|[Gen 8] OU
|rated|
|clearpoke
|poke|p1|Primarina, F|
|poke|p1|Tapu Koko|
|poke|p1|Corviknight, F|
|poke|p1|Swampert, M|
|poke|p1|Latios, M|
|poke|p1|Slowking-Galar, F|
|poke|p2|Zapdos-Galar|
|poke|p2|Landorus-Therian, M|
|poke|p2|Tapu Fini|
|poke|p2|Zeraora|
|poke|p2|Blacephalon|
|poke|p2|Ninetales-Alola, F|
|rule|Sleep Clause Mod: Limit one foe put to sleep
|rule|Species Clause: Limit one of each Pokémon
|rule|OHKO Clause: OHKO moves are banned
|rule|Evasion Moves Clause: Evasion moves are banned
|rule|Endless Battle Clause: Forcing endless battles is banned
|rule|HP Percentage Mod: HP is shown in percentages
|rule|Dynamax Clause: You cannot dynamax
|teampreview
|
|t:|1607171907
|start
|switch|p1a: Slowking|Slowking-Galar, F|100/100
|switch|p2a: Ninetales|Ninetales-Alola, F|100/100
|-weather|Hail|[from] ability: Snow Warning|[of] p2a: Ninetales
|turn|1
|
|t:|1607171910
|move|p2a: Ninetales|Aurora Veil|p2a: Ninetales
|-sidestart|p2: jarly|move: Aurora Veil
|move|p1a: Slowking|Sludge Bomb|p2a: Ninetales
|-supereffective|p2a: Ninetales
|-damage|p2a: Ninetales|65/100
|-status|p2a: Ninetales|psn
|
|-weather|Hail|[upkeep]
|-damage|p1a: Slowking|94/100|[from] Hail
|-damage|p2a: Ninetales|53/100 psn|[from] psn
|upkeep
|turn|2
|
|t:|1607171924
|switch|p2a: Landorus|Landorus-Therian, M|100/100
|-ability|p2a: Landorus|Intimidate|boost
|-unboost|p1a: Slowking|atk|1
|move|p1a: Slowking|Sludge Bomb|p2a: Landorus
|-resisted|p2a: Landorus
|-damage|p2a: Landorus|90/100
|
|-weather|Hail|[upkeep]
|-damage|p2a: Landorus|84/100|[from] Hail
|-damage|p1a: Slowking|88/100|[from] Hail
|upkeep
|turn|3
|
|t:|1607171930
|switch|p1a: Corviknight|Corviknight, F|100/100
|move|p2a: Landorus|U-turn|p1a: Corviknight
|-resisted|p1a: Corviknight
|-damage|p1a: Corviknight|97/100
|
|t:|1607171940
|switch|p2a: Zeraora|Zeraora|100/100|[from]move: U-turn
|
|-weather|Hail|[upkeep]
|-damage|p2a: Zeraora|95/100|[from] Hail
|-damage|p1a: Corviknight|91/100|[from] Hail
|-heal|p1a: Corviknight|97/100|[from] item: Leftovers
|upkeep
|turn|4
|
|t:|1607171945
|switch|p1a: Swampert|Swampert, M|100/100
|move|p2a: Zeraora|Work Up|p2a: Zeraora
|-boost|p2a: Zeraora|atk|1
|-boost|p2a: Zeraora|spa|1
|
|-weather|Hail|[upkeep]
|-damage|p2a: Zeraora|89/100|[from] Hail
|-damage|p1a: Swampert|94/100|[from] Hail
|-heal|p1a: Swampert|100/100|[from] item: Leftovers
|upkeep
|turn|5
|j| Testingstuff357
|inactive|Battle timer is ON: inactive players will automatically lose when time's up. (requested by Daunzu)
|
|t:|1607171987
|move|p2a: Zeraora|Grass Knot|p1a: Swampert
|-supereffective|p1a: Swampert
|-damage|p1a: Swampert|0 fnt
|faint|p1a: Swampert
|
|-weather|none
|upkeep
|
|t:|1607171996
|switch|p1a: Latios|Latios, M|100/100
|turn|6
|inactive|jarly has 120 seconds left.
|
|t:|1607172054
|switch|p2a: Tapu Fini|Tapu Fini|100/100
|-fieldstart|move: Misty Terrain|[from] ability: Misty Surge|[of] p2a: Tapu Fini
|move|p1a: Latios|Psyshock|p2a: Tapu Fini
|-damage|p2a: Tapu Fini|85/100
|
|-heal|p2a: Tapu Fini|91/100|[from] item: Leftovers
|upkeep
|turn|7
|
|t:|1607172060
|switch|p1a: Slowking|Slowking-Galar, F|100/100
|move|p2a: Tapu Fini|Calm Mind|p2a: Tapu Fini
|-boost|p2a: Tapu Fini|spa|1
|-boost|p2a: Tapu Fini|spd|1
|
|-heal|p2a: Tapu Fini|97/100|[from] item: Leftovers
|upkeep
|turn|8
|
|t:|1607172068
|switch|p2a: Landorus|Landorus-Therian, M|84/100
|-ability|p2a: Landorus|Intimidate|boost
|-unboost|p1a: Slowking|atk|1
|move|p1a: Slowking|Psyshock|p2a: Landorus
|-damage|p2a: Landorus|72/100
|
|-sideend|p2: jarly|move: Aurora Veil
|upkeep
|turn|9
|
|t:|1607172071
|switch|p1a: Corviknight|Corviknight, F|97/100
|move|p2a: Landorus|U-turn|p1a: Corviknight
|-resisted|p1a: Corviknight
|-damage|p1a: Corviknight|94/100
|
|t:|1607172073
|switch|p2a: Ninetales|Ninetales-Alola, F|53/100 psn|[from]move: U-turn
|-weather|Hail|[from] ability: Snow Warning|[of] p2a: Ninetales
|
|-weather|Hail|[upkeep]
|-damage|p1a: Corviknight|87/100|[from] Hail
|-heal|p1a: Corviknight|94/100|[from] item: Leftovers
|-damage|p2a: Ninetales|40/100 psn|[from] psn
|upkeep
|turn|10
|
|t:|1607172078
|move|p2a: Ninetales|Aurora Veil|p2a: Ninetales
|-sidestart|p2: jarly|move: Aurora Veil
|move|p1a: Corviknight|U-turn|p2a: Ninetales
|-resisted|p2a: Ninetales
|-damage|p2a: Ninetales|36/100 psn
|
|t:|1607172083
|switch|p1a: Tapu Koko|Tapu Koko|100/100|[from]move: U-turn
|-fieldstart|move: Electric Terrain|[from] ability: Electric Surge|[of] p1a: Tapu Koko
|
|-weather|Hail|[upkeep]
|-damage|p1a: Tapu Koko|94/100|[from] Hail
|-damage|p2a: Ninetales|24/100 psn|[from] psn
|upkeep
|turn|11
|
|t:|1607172085
|switch|p2a: Landorus|Landorus-Therian, M|72/100
|-ability|p2a: Landorus|Intimidate|boost
|-unboost|p1a: Tapu Koko|atk|1
|move|p1a: Tapu Koko|U-turn|p2a: Landorus
|-resisted|p2a: Landorus
|-damage|p2a: Landorus|71/100
|-damage|p1a: Tapu Koko|78/100|[from] item: Rocky Helmet|[of] p2a: Landorus
|
|t:|1607172088
|switch|p1a: Corviknight|Corviknight, F|94/100|[from]move: U-turn
|
|-weather|Hail|[upkeep]
|-damage|p2a: Landorus|65/100|[from] Hail
|-damage|p1a: Corviknight|87/100|[from] Hail
|-heal|p1a: Corviknight|94/100|[from] item: Leftovers
|upkeep
|turn|12
|
|t:|1607172093
|switch|p2a: Zapdos|Zapdos-Galar|100/100
|move|p1a: Corviknight|Defog|p2a: Zapdos
|-unboost|p2a: Zapdos|evasion|1
|-ability|p2a: Zapdos|Defiant
|-boost|p2a: Zapdos|atk|2
|-sideend|p2: jarly|move: Aurora Veil
|-fieldend|move: Electric Terrain
|
|-weather|Hail|[upkeep]
|-damage|p2a: Zapdos|94/100|[from] Hail
|-damage|p1a: Corviknight|87/100|[from] Hail
|-heal|p2a: Zapdos|100/100|[from] item: Leftovers
|-heal|p1a: Corviknight|94/100|[from] item: Leftovers
|upkeep
|turn|13
|
|t:|1607172096
|move|p2a: Zapdos|Agility|p2a: Zapdos
|-boost|p2a: Zapdos|spe|2
|move|p1a: Corviknight|U-turn|p2a: Zapdos
|-resisted|p2a: Zapdos
|-damage|p2a: Zapdos|97/100
|
|t:|1607172108
|switch|p1a: Latios|Latios, M|100/100|[from]move: U-turn
|
|-weather|none
|-heal|p2a: Zapdos|100/100|[from] item: Leftovers
|upkeep
|turn|14
|
|t:|1607172111
|move|p2a: Zapdos|Brave Bird|p1a: Latios
|-damage|p1a: Latios|0 fnt
|-damage|p2a: Zapdos|74/100|[from] Recoil
|faint|p1a: Latios
|
|-heal|p2a: Zapdos|81/100|[from] item: Leftovers
|upkeep
|
|t:|1607172113
|switch|p1a: Corviknight|Corviknight, F|94/100
|turn|15
|
|t:|1607172115
|move|p2a: Zapdos|Thunderous Kick|p1a: Corviknight
|-damage|p1a: Corviknight|30/100
|-ability|p1a: Corviknight|Mirror Armor
|-unboost|p2a: Zapdos|def|1
|-ability|p2a: Zapdos|Defiant
|-boost|p2a: Zapdos|atk|2
|move|p1a: Corviknight|Roost|p1a: Corviknight
|-heal|p1a: Corviknight|80/100
|-singleturn|p1a: Corviknight|move: Roost
|
|-heal|p2a: Zapdos|87/100|[from] item: Leftovers
|-heal|p1a: Corviknight|86/100|[from] item: Leftovers
|upkeep
|turn|16
|
|t:|1607172120
|move|p2a: Zapdos|Thunderous Kick|p1a: Corviknight
|-damage|p1a: Corviknight|3/100
|-ability|p1a: Corviknight|Mirror Armor
|-unboost|p2a: Zapdos|def|1
|-ability|p2a: Zapdos|Defiant
|-boost|p2a: Zapdos|atk|2
|move|p1a: Corviknight|Body Press|p2a: Zapdos
|-resisted|p2a: Zapdos
|-damage|p2a: Zapdos|64/100
|
|-heal|p2a: Zapdos|70/100|[from] item: Leftovers
|-heal|p1a: Corviknight|10/100|[from] item: Leftovers
|upkeep
|turn|17
|
|t:|1607172132
|move|p2a: Zapdos|Agility|p2a: Zapdos
|-boost|p2a: Zapdos|spe|2
|move|p1a: Corviknight|Roost|p1a: Corviknight
|-heal|p1a: Corviknight|60/100
|-singleturn|p1a: Corviknight|move: Roost
|
|-heal|p2a: Zapdos|76/100|[from] item: Leftovers
|-heal|p1a: Corviknight|66/100|[from] item: Leftovers
|upkeep
|turn|18
|
|t:|1607172135
|move|p2a: Zapdos|Thunderous Kick|p1a: Corviknight
|-damage|p1a: Corviknight|0 fnt
|faint|p1a: Corviknight
|
|-heal|p2a: Zapdos|82/100|[from] item: Leftovers
|upkeep
|
|t:|1607172137
|switch|p1a: Slowking|Slowking-Galar, F|100/100
|turn|19
|
|t:|1607172140
|move|p2a: Zapdos|Brave Bird|p1a: Slowking
|-damage|p1a: Slowking|0 fnt
|-damage|p2a: Zapdos|48/100|[from] Recoil
|faint|p1a: Slowking
|
|-heal|p2a: Zapdos|55/100|[from] item: Leftovers
|upkeep
|-message|Daunzu forfeited.
|
|win|jarly
|l|☆Daunzu
