|j|☆Storm Zone
|j|‽GORAN EL DRACO
|player|p1|Storm Zone|zinnia|1887
|player|p2|GORAN EL DRACO|n|1691
|teamsize|p1|6
|teamsize|p2|6
|gametype|singles
|gen|8
|tier|[Gen 8] OU
|rated|
|html|<div class="broadcast-blue"><strong>OU is currently suspecting Dracovish! For information on how to participate check out the <a href="https://www.smogon.com/forums/threads/3664521/">suspect thread</a>.</strong></div>
|clearpoke
|poke|p1|Toxtricity, M|
|poke|p1|Kommo-o, M|
|poke|p1|Bisharp, M|
|poke|p1|Necrozma|
|poke|p1|Seismitoad, M|
|poke|p1|Togekiss, M|
|poke|p2|Cloyster, M|
|poke|p2|Sigilyph, M|
|poke|p2|Primarina, M|
|poke|p2|Venusaur, M|
|poke|p2|Jirachi|
|poke|p2|Rotom-Heat|
|rule|Sleep Clause Mod: Limit one foe put to sleep
|rule|Species Clause: Limit one of each Pokémon
|rule|OHKO Clause: OHKO moves are banned
|rule|Evasion Moves Clause: Evasion moves are banned
|rule|Endless Battle Clause: Forcing endless battles is banned
|rule|HP Percentage Mod: HP is shown in percentages
|rule|Dynamax Clause: You cannot dynamax
|teampreview
|j| budgetbumper
|inactive|Battle timer is ON: inactive players will automatically lose when time's up. (requested by GORAN EL DRACO)
|
|start
|switch|p1a: Globox|Seismitoad, M|100/100
|switch|p2a: Primarina|Primarina, M|100/100
|turn|1
|
|move|p1a: Globox|Power Whip|p2a: Primarina
|-supereffective|p2a: Primarina
|-damage|p2a: Primarina|7/100
|move|p2a: Primarina|Moonblast|p1a: Globox
|-damage|p1a: Globox|0 fnt
|faint|p1a: Globox
|
|upkeep
|
|switch|p1a: Descendant|Necrozma|100/100
|turn|2
|
|move|p1a: Descendant|Stealth Rock|p2a: Primarina
|-sidestart|p2: GORAN EL DRACO|move: Stealth Rock
|move|p2a: Primarina|Moonblast|p1a: Descendant
|-damage|p1a: Descendant|20/100
|
|-heal|p1a: Descendant|26/100|[from] item: Leftovers
|upkeep
|turn|3
|
|move|p1a: Descendant|Photon Geyser|p2a: Primarina
|-damage|p2a: Primarina|0 fnt
|faint|p2a: Primarina
|
|-heal|p1a: Descendant|32/100|[from] item: Leftovers
|upkeep
|
|switch|p2a: Jirachi|Jirachi|100/100
|-damage|p2a: Jirachi|94/100|[from] Stealth Rock
|turn|4
|
|move|p2a: Jirachi|Stealth Rock|p1a: Descendant
|-sidestart|p1: Storm Zone|move: Stealth Rock
|move|p1a: Descendant|Moonlight|p1a: Descendant
|-heal|p1a: Descendant|82/100
|
|-heal|p2a: Jirachi|100/100|[from] item: Leftovers
|-heal|p1a: Descendant|88/100|[from] item: Leftovers
|upkeep
|turn|5
|
|move|p2a: Jirachi|Thunder Wave|p1a: Descendant
|-status|p1a: Descendant|par
|move|p1a: Descendant|Heat Wave|p2a: Jirachi
|-supereffective|p2a: Jirachi
|-damage|p2a: Jirachi|61/100
|-status|p2a: Jirachi|brn
|
|-heal|p2a: Jirachi|68/100 brn|[from] item: Leftovers
|-heal|p1a: Descendant|94/100 par|[from] item: Leftovers
|-damage|p2a: Jirachi|61/100 brn|[from] brn
|upkeep
|turn|6
|
|move|p2a: Jirachi|Iron Head|p1a: Descendant
|-damage|p1a: Descendant|85/100 par
|cant|p1a: Descendant|flinch
|
|-heal|p2a: Jirachi|68/100 brn|[from] item: Leftovers
|-heal|p1a: Descendant|91/100 par|[from] item: Leftovers
|-damage|p2a: Jirachi|61/100 brn|[from] brn
|upkeep
|turn|7
|
|switch|p2a: Sigilyph|Sigilyph, M|100/100
|move|p1a: Descendant|Heat Wave|p2a: Sigilyph
|-damage|p2a: Sigilyph|64/100
|
|-heal|p1a: Descendant|97/100 par|[from] item: Leftovers
|upkeep
|turn|8
|
|switch|p1a: Messenger|Togekiss, M|100/100
|-damage|p1a: Messenger|76/100|[from] Stealth Rock
|move|p2a: Sigilyph|Calm Mind|p2a: Sigilyph
|-boost|p2a: Sigilyph|spa|1
|-boost|p2a: Sigilyph|spd|1
|
|upkeep
|turn|9
|
|move|p1a: Messenger|Trick|p2a: Sigilyph
|-activate|p1a: Messenger|move: Trick|[of] p2a: Sigilyph
|-item|p2a: Sigilyph|Choice Scarf|[from] move: Trick
|-item|p1a: Messenger|Life Orb|[from] move: Trick
|move|p2a: Sigilyph|Psychic|p1a: Messenger
|-damage|p1a: Messenger|12/100
|
|upkeep
|turn|10
|
|switch|p2a: Rotom|Rotom-Heat|100/100
|move|p1a: Messenger|Air Slash|p2a: Rotom
|-resisted|p2a: Rotom
|-damage|p2a: Rotom|71/100
|-damage|p1a: Messenger|2/100|[from] item: Life Orb
|
|upkeep
|turn|11
|
|move|p2a: Rotom|Discharge|p1a: Messenger
|-supereffective|p1a: Messenger
|-damage|p1a: Messenger|0 fnt
|faint|p1a: Messenger
|
|upkeep
|
|switch|p1a: King Komodo|Kommo-o, M|100/100
|-damage|p1a: King Komodo|94/100|[from] Stealth Rock
|turn|12
|
|move|p2a: Rotom|Toxic|p1a: King Komodo
|-status|p1a: King Komodo|tox
|move|p1a: King Komodo|Close Combat|p2a: Rotom
|-crit|p2a: Rotom
|-damage|p2a: Rotom|0 fnt
|-unboost|p1a: King Komodo|def|1
|-unboost|p1a: King Komodo|spd|1
|-damage|p1a: King Komodo|84/100 tox|[from] item: Life Orb
|faint|p2a: Rotom
|
|-damage|p1a: King Komodo|78/100 tox|[from] psn
|upkeep
|
|switch|p2a: Sigilyph|Sigilyph, M|64/100
|turn|13
|inactive|Storm Zone has 120 seconds left.
|
|move|p2a: Sigilyph|Heat Wave|p1a: King Komodo
|-resisted|p1a: King Komodo
|-damage|p1a: King Komodo|53/100 tox
|move|p1a: King Komodo|Iron Head|p2a: Sigilyph
|-damage|p2a: Sigilyph|12/100
|-damage|p1a: King Komodo|43/100 tox|[from] item: Life Orb
|
|-damage|p1a: King Komodo|31/100 tox|[from] psn
|upkeep
|turn|14
|inactive|Storm Zone has 120 seconds left.
|
|move|p2a: Sigilyph|Heat Wave|p1a: King Komodo
|-resisted|p1a: King Komodo
|-damage|p1a: King Komodo|5/100 tox
|move|p1a: King Komodo|Iron Head|p2a: Sigilyph
|-damage|p2a: Sigilyph|0 fnt
|-damage|p1a: King Komodo|0 fnt|[from] item: Life Orb
|faint|p2a: Sigilyph
|faint|p1a: King Komodo
|
|upkeep
|
|switch|p2a: Venusaur|Venusaur, M|100/100
|switch|p1a: Kurt Cobain|Toxtricity, M|100/100
|-damage|p1a: Kurt Cobain|88/100|[from] Stealth Rock
|-damage|p2a: Venusaur|88/100|[from] Stealth Rock
|turn|15
|
|move|p1a: Kurt Cobain|Boomburst|p2a: Venusaur
|-damage|p2a: Venusaur|29/100
|-enditem|p1a: Kurt Cobain|Throat Spray
|-boost|p1a: Kurt Cobain|spa|1|[from] item: Throat Spray
|move|p2a: Venusaur|Sleep Powder|p1a: Kurt Cobain
|-status|p1a: Kurt Cobain|slp|[from] move: Sleep Powder
|
|-heal|p2a: Venusaur|35/100|[from] item: Leftovers
|upkeep
|turn|16
|
|switch|p2a: Cloyster|Cloyster, M|100/100
|-damage|p2a: Cloyster|76/100|[from] Stealth Rock
|cant|p1a: Kurt Cobain|slp
|
|upkeep
|turn|17
|
|cant|p1a: Kurt Cobain|slp
|move|p2a: Cloyster|Shell Smash|p2a: Cloyster
|-unboost|p2a: Cloyster|def|1
|-unboost|p2a: Cloyster|spd|1
|-boost|p2a: Cloyster|atk|2
|-boost|p2a: Cloyster|spa|2
|-boost|p2a: Cloyster|spe|2
|
|upkeep
|turn|18
|
|move|p2a: Cloyster|Icicle Spear|p1a: Kurt Cobain
|-damage|p1a: Kurt Cobain|51/100 slp
|-damage|p1a: Kurt Cobain|16/100 slp
|-damage|p1a: Kurt Cobain|0 fnt
|-hitcount|p1a: Kurt Cobain|3
|faint|p1a: Kurt Cobain
|
|upkeep
|
|switch|p1a: Bishop|Bisharp, M, shiny|100/100
|-damage|p1a: Bishop|94/100|[from] Stealth Rock
|turn|19
|
|move|p2a: Cloyster|Icicle Spear|p1a: Bishop
|-resisted|p1a: Bishop
|-damage|p1a: Bishop|80/100
|-resisted|p1a: Bishop
|-damage|p1a: Bishop|67/100
|-resisted|p1a: Bishop
|-damage|p1a: Bishop|51/100
|-resisted|p1a: Bishop
|-damage|p1a: Bishop|35/100
|-resisted|p1a: Bishop
|-damage|p1a: Bishop|21/100
|-hitcount|p1a: Bishop|5
|move|p1a: Bishop|Knock Off|p2a: Cloyster
|-damage|p2a: Cloyster|0 fnt
|-enditem|p2a: Cloyster|King's Rock|[from] move: Knock Off|[of] p1a: Bishop
|-damage|p1a: Bishop|11/100|[from] item: Life Orb
|faint|p2a: Cloyster
|
|upkeep
|-message|GORAN EL DRACO forfeited.
|
|win|Storm Zone
|l|‽GORAN EL DRACO
