|j|☆yokobaby
|j|☆Anoxx17
|t:|1667670034
|gametype|singles
|player|p1|yokobaby|pokemonrangerf-gen4|1715
|player|p2|Anoxx17|n|1621
|teamsize|p1|6
|teamsize|p2|6
|gen|8
|tier|[Gen 8] OU
|rated|
|rule|Sleep Clause Mod: Limit one foe put to sleep
|rule|Species Clause: Limit one of each Pokémon
|rule|OHKO Clause: OHKO moves are banned
|rule|Evasion Items Clause: Evasion items are banned
|rule|Evasion Moves Clause: Evasion moves are banned
|rule|Endless Battle Clause: Forcing endless battles is banned
|rule|HP Percentage Mod: HP is shown in percentages
|rule|Dynamax Clause: You cannot dynamax
|clearpoke
|poke|p1|Nihilego|
|poke|p1|Zapdos-Galar|
|poke|p1|Kartana|
|poke|p1|Celesteela|
|poke|p1|Garchomp, M|
|poke|p1|Tapu Fini|
|poke|p2|Corviknight, F|
|poke|p2|Blaziken, M|
|poke|p2|Gastrodon-East, M|
|poke|p2|Zeraora|
|poke|p2|Garchomp, F|
|poke|p2|Landorus-Therian, M|
|teampreview
|inactive|Battle timer is ON: inactive players will automatically lose when time's up. (requested by Anoxx17)
|inactive|Anoxx17 has 120 seconds left.
|
|t:|1667670078
|start
|switch|p1a: Garchomp|Garchomp, M|100/100
|switch|p2a: Garchomp|Garchomp, F|100/100
|turn|1
|
|t:|1667670084
|move|p2a: Garchomp|Stealth Rock|p1a: Garchomp
|-sidestart|p1: yokobaby|move: Stealth Rock
|move|p1a: Garchomp|Stealth Rock|p2a: Garchomp
|-sidestart|p2: Anoxx17|move: Stealth Rock
|
|upkeep
|turn|2
|
|t:|1667670088
|move|p2a: Garchomp|Toxic|p1a: Garchomp
|-status|p1a: Garchomp|tox
|move|p1a: Garchomp|Toxic|p2a: Garchomp
|-status|p2a: Garchomp|tox
|
|-damage|p1a: Garchomp|94/100 tox|[from] psn
|-damage|p2a: Garchomp|94/100 tox|[from] psn
|upkeep
|turn|3
|
|t:|1667670097
|move|p1a: Garchomp|Earthquake|p2a: Garchomp
|-damage|p2a: Garchomp|54/100 tox
|move|p2a: Garchomp|Earthquake|p1a: Garchomp
|-damage|p1a: Garchomp|48/100 tox
|
|-damage|p2a: Garchomp|41/100 tox|[from] psn
|-damage|p1a: Garchomp|36/100 tox|[from] psn
|upkeep
|turn|4
|
|t:|1667670109
|move|p1a: Garchomp|Earthquake|p2a: Garchomp
|-damage|p2a: Garchomp|0 fnt
|faint|p2a: Garchomp
|
|-damage|p1a: Garchomp|17/100 tox|[from] psn
|upkeep
|
|t:|1667670126
|switch|p2a: Zeraora|Zeraora|100/100
|turn|5
|
|t:|1667670130
|move|p2a: Zeraora|Knock Off|p1a: Garchomp
|-damage|p1a: Garchomp|0 fnt
|-damage|p2a: Zeraora|88/100|[from] ability: Rough Skin|[of] p1a: Garchomp
|-damage|p2a: Zeraora|72/100|[from] item: Rocky Helmet|[of] p1a: Garchomp
|-enditem|p1a: Garchomp|Rocky Helmet|[from] move: Knock Off|[of] p2a: Zeraora
|faint|p1a: Garchomp
|
|upkeep
|
|t:|1667670136
|switch|p1a: Kartana|Kartana|100/100
|-damage|p1a: Kartana|94/100|[from] Stealth Rock
|turn|6
|
|t:|1667670142
|switch|p2a: Corviknight|Corviknight, F|100/100
|-damage|p2a: Corviknight|88/100|[from] Stealth Rock
|-ability|p2a: Corviknight|Pressure
|move|p1a: Kartana|Leaf Blade|p2a: Corviknight
|-resisted|p2a: Corviknight
|-crit|p2a: Corviknight
|-damage|p2a: Corviknight|74/100
|-damage|p1a: Kartana|78/100|[from] item: Rocky Helmet|[of] p2a: Corviknight
|
|upkeep
|turn|7
|
|t:|1667670151
|switch|p1a: Celesteela|Celesteela|100/100
|-damage|p1a: Celesteela|88/100|[from] Stealth Rock
|move|p2a: Corviknight|U-turn|p1a: Celesteela
|-resisted|p1a: Celesteela
|-damage|p1a: Celesteela|85/100
|
|t:|1667670158
|switch|p2a: Zeraora|Zeraora|72/100|[from]move: U-turn
|
|upkeep
|turn|8
|
|t:|1667670162
|move|p2a: Zeraora|Plasma Fists|p1a: Celesteela
|-supereffective|p1a: Celesteela
|-damage|p1a: Celesteela|0 fnt
|-fieldactivate|move: Ion Deluge
|-hint|Normal-type moves become Electric-type after using Plasma Fists.
|faint|p1a: Celesteela
|
|upkeep
|
|t:|1667670166
|switch|p1a: Kartana|Kartana|78/100
|-damage|p1a: Kartana|72/100|[from] Stealth Rock
|turn|9
|
|t:|1667670171
|switch|p2a: Corviknight|Corviknight, F|74/100
|-damage|p2a: Corviknight|62/100|[from] Stealth Rock
|-ability|p2a: Corviknight|Pressure
|move|p1a: Kartana|Sacred Sword|p2a: Corviknight
|-damage|p2a: Corviknight|37/100
|-damage|p1a: Kartana|55/100|[from] item: Rocky Helmet|[of] p2a: Corviknight
|
|upkeep
|turn|10
|
|t:|1667670180
|switch|p1a: Nihilego|Nihilego|100/100
|-damage|p1a: Nihilego|88/100|[from] Stealth Rock
|move|p2a: Corviknight|Roost|p2a: Corviknight
|-heal|p2a: Corviknight|87/100
|-singleturn|p2a: Corviknight|move: Roost
|
|upkeep
|turn|11
|
|t:|1667670192
|switch|p2a: Gastrodon|Gastrodon-East, M|100/100
|-damage|p2a: Gastrodon|94/100|[from] Stealth Rock
|move|p1a: Nihilego|Meteor Beam||[still]
|-prepare|p1a: Nihilego|Meteor Beam
|-boost|p1a: Nihilego|spa|1
|-enditem|p1a: Nihilego|Power Herb
|-anim|p1a: Nihilego|Meteor Beam|p2a: Gastrodon
|-resisted|p2a: Gastrodon
|-damage|p2a: Gastrodon|65/100
|
|-heal|p2a: Gastrodon|71/100|[from] item: Leftovers
|upkeep
|turn|12
|
|t:|1667670203
|move|p1a: Nihilego|Grass Knot|p2a: Gastrodon
|-supereffective|p2a: Gastrodon
|-damage|p2a: Gastrodon|0 fnt
|faint|p2a: Gastrodon
|-ability|p1a: Nihilego|Beast Boost|boost
|-boost|p1a: Nihilego|spe|1
|
|upkeep
|j| Ran Kob
|l| Ran Kob
|inactive|Anoxx17 has 120 seconds left.
|
|t:|1667670232
|switch|p2a: Landorus|Landorus-Therian, M|100/100
|-damage|p2a: Landorus|88/100|[from] Stealth Rock
|-ability|p2a: Landorus|Intimidate|boost
|-unboost|p1a: Nihilego|atk|1
|turn|13
|
|t:|1667670239
|move|p1a: Nihilego|Power Gem|p2a: Landorus
|-damage|p2a: Landorus|11/100
|move|p2a: Landorus|Earthquake|p1a: Nihilego
|-supereffective|p1a: Nihilego
|-damage|p1a: Nihilego|0 fnt
|faint|p1a: Nihilego
|
|upkeep
|
|t:|1667670255
|switch|p1a: Tapu Fini|Tapu Fini|100/100
|-damage|p1a: Tapu Fini|88/100|[from] Stealth Rock
|-fieldstart|move: Misty Terrain|[from] ability: Misty Surge|[of] p1a: Tapu Fini
|turn|14
|inactive|Anoxx17 has 120 seconds left.
|
|t:|1667670289
|move|p2a: Landorus|Earthquake|p1a: Tapu Fini
|-damage|p1a: Tapu Fini|21/100
|move|p1a: Tapu Fini|Draining Kiss|p2a: Landorus
|-damage|p2a: Landorus|0 fnt
|-heal|p1a: Tapu Fini|28/100|[from] drain|[of] p2a: Landorus
|faint|p2a: Landorus
|
|-heal|p1a: Tapu Fini|35/100|[from] item: Leftovers
|upkeep
|inactive|Anoxx17 has 90 seconds left.
|
|t:|1667670315
|switch|p2a: Zeraora|Zeraora|72/100
|turn|15
|inactive|Anoxx17 has 90 seconds left.
|
|t:|1667670329
|move|p2a: Zeraora|Volt Switch|p1a: Tapu Fini
|-supereffective|p1a: Tapu Fini
|-crit|p1a: Tapu Fini
|-damage|p1a: Tapu Fini|0 fnt
|faint|p1a: Tapu Fini
|inactive|Anoxx17 has 90 seconds left.
|
|t:|1667670337
|switch|p2a: Corviknight|Corviknight, F|87/100|[from]move: Volt Switch
|-damage|p2a: Corviknight|75/100|[from] Stealth Rock
|-ability|p2a: Corviknight|Pressure
|
|upkeep
|
|t:|1667670340
|switch|p1a: Zapdos|Zapdos-Galar|100/100
|-damage|p1a: Zapdos|88/100|[from] Stealth Rock
|turn|16
|
|t:|1667670348
|move|p1a: Zapdos|Close Combat|p2a: Corviknight
|-damage|p2a: Corviknight|14/100
|-unboost|p1a: Zapdos|def|1
|-unboost|p1a: Zapdos|spd|1
|-damage|p1a: Zapdos|72/100|[from] item: Rocky Helmet|[of] p2a: Corviknight
|move|p2a: Corviknight|Brave Bird|p1a: Zapdos
|-supereffective|p1a: Zapdos
|-damage|p1a: Zapdos|0 fnt
|faint|p1a: Zapdos
|-damage|p2a: Corviknight|0 fnt|[from] Recoil
|faint|p2a: Corviknight
|
|upkeep
|
|t:|1667670365
|switch|p1a: Kartana|Kartana|55/100
|switch|p2a: Blaziken|Blaziken, M, shiny|100/100
|-damage|p1a: Kartana|49/100|[from] Stealth Rock
|-damage|p2a: Blaziken|88/100|[from] Stealth Rock
|turn|17
|
|t:|1667670377
|move|p1a: Kartana|Sacred Sword|p2a: Blaziken
|-damage|p2a: Blaziken|30/100
|move|p2a: Blaziken|Flare Blitz|p1a: Kartana
|-supereffective|p1a: Kartana
|-damage|p1a: Kartana|0 fnt
|faint|p1a: Kartana
|-damage|p2a: Blaziken|17/100|[from] Recoil
|
|win|Anoxx17
|raw|yokobaby's rating: 1715 &rarr; <strong>1690</strong><br />(-25 for losing)
|raw|Anoxx17's rating: 1621 &rarr; <strong>1646</strong><br />(+25 for winning)
|l|☆yokobaby
||Ladder isn't responding, score probably updated but might not have (Request timeout).
