|j|☆LT_Alt1
|j|☆LT94JE Fuse
|t:|1661315318
|gametype|singles
|player|p1|LT_Alt1|2|1742
|player|p2|LT94JE Fuse|yellow|1860
|teamsize|p1|6
|teamsize|p2|6
|gen|8
|tier|[Gen 8] OU
|rated|
|rule|Sleep Clause Mod: Limit one foe put to sleep
|rule|Species Clause: Limit one of each Pokémon
|rule|OHKO Clause: OHKO moves are banned
|rule|Evasion Items Clause: Evasion items are banned
|rule|Evasion Moves Clause: Evasion moves are banned
|rule|Endless Battle Clause: Forcing endless battles is banned
|rule|HP Percentage Mod: HP is shown in percentages
|rule|Dynamax Clause: You cannot dynamax
|clearpoke
|poke|p1|Alakazam, F|
|poke|p1|Chansey, F|
|poke|p1|Zapdos|
|poke|p1|Clefable, F|
|poke|p1|Slowbro, F|
|poke|p1|Rhydon, M|
|poke|p2|Necrozma|
|poke|p2|Tapu Lele|
|poke|p2|Urshifu-*, F|
|poke|p2|Tornadus-Therian, M|
|poke|p2|Landorus-Therian, M|
|poke|p2|Ferrothorn, M|
|teampreview
|c|☆LT94JE Fuse|Hf
|
|t:|1661315327
|start
|switch|p1a: Zapdos|Zapdos|100/100
|switch|p2a: Ferrothorn|Ferrothorn, M|100/100
|turn|1
|
|t:|1661315332
|move|p1a: Zapdos|Hurricane|p2a: Ferrothorn
|-damage|p2a: Ferrothorn|61/100
|-start|p2a: Ferrothorn|confusion
|-activate|p2a: Ferrothorn|confusion
|move|p2a: Ferrothorn|Stealth Rock|p1a: Zapdos
|-sidestart|p1: LT_Alt1|move: Stealth Rock
|
|-heal|p2a: Ferrothorn|68/100|[from] item: Leftovers
|upkeep
|turn|2
|
|t:|1661315341
|move|p1a: Zapdos|Hurricane|p2a: Ferrothorn
|-damage|p2a: Ferrothorn|31/100
|-activate|p2a: Ferrothorn|confusion
|-damage|p2a: Ferrothorn|25/100|[from] confusion
|
|-heal|p2a: Ferrothorn|32/100|[from] item: Leftovers
|upkeep
|turn|3
|
|t:|1661315348
|switch|p2a: Tornadus|Tornadus-Therian, M|100/100
|move|p1a: Zapdos|Hurricane|p2a: Tornadus
|-damage|p2a: Tornadus|67/100
|
|upkeep
|turn|4
|j| mrwhy124
|
|t:|1661315355
|switch|p1a: Slowbro|Slowbro, F|100/100
|-damage|p1a: Slowbro|88/100|[from] Stealth Rock
|move|p2a: Tornadus|Knock Off|p1a: Slowbro
|-supereffective|p1a: Slowbro
|-damage|p1a: Slowbro|64/100
|-damage|p2a: Tornadus|50/100|[from] item: Rocky Helmet|[of] p1a: Slowbro
|-enditem|p1a: Slowbro|Rocky Helmet|[from] move: Knock Off|[of] p2a: Tornadus
|
|upkeep
|turn|5
|j| pls send team
|
|t:|1661315365
|move|p2a: Tornadus|U-turn|p1a: Slowbro
|-supereffective|p1a: Slowbro
|-damage|p1a: Slowbro|46/100
|
|t:|1661315370
|switch|p2a: Tapu Lele|Tapu Lele|100/100|[from]move: U-turn
|-fieldstart|move: Psychic Terrain|[from] ability: Psychic Surge|[of] p2a: Tapu Lele
|move|p1a: Slowbro|Teleport|p1a: Slowbro
|
|t:|1661315376
|switch|p1a: Chansey|Chansey, F|100/100|[from]move: Teleport
|-damage|p1a: Chansey|88/100|[from] Stealth Rock
|
|upkeep
|turn|6
|j| cassthetic
|j| Ctannn
|
|t:|1661315406
|switch|p2a: Urshifu|Urshifu-Rapid-Strike, F|100/100
|move|p1a: Chansey|Seismic Toss|p2a: Urshifu
|-damage|p2a: Urshifu|71/100
|
|upkeep
|turn|7
|
|t:|1661315418
|move|p2a: Urshifu|U-turn|p1a: Chansey
|-damage|p1a: Chansey|65/100
|
|t:|1661315442
|switch|p2a: Tornadus|Tornadus-Therian, M|84/100|[from]move: U-turn
|move|p1a: Chansey|Soft-Boiled|p1a: Chansey
|-heal|p1a: Chansey|100/100
|
|upkeep
|turn|8
|
|t:|1661315449
|switch|p1a: Slowbro|Slowbro, F|80/100
|-damage|p1a: Slowbro|67/100|[from] Stealth Rock
|move|p2a: Tornadus|Knock Off|p1a: Slowbro
|-supereffective|p1a: Slowbro
|-damage|p1a: Slowbro|52/100
|
|upkeep
|turn|9
|
|t:|1661315455
|move|p2a: Tornadus|U-turn|p1a: Slowbro
|-supereffective|p1a: Slowbro
|-damage|p1a: Slowbro|35/100
|
|t:|1661315458
|switch|p2a: Necrozma|Necrozma|100/100|[from]move: U-turn
|move|p1a: Slowbro|Teleport|p1a: Slowbro
|j| LT94J3 charms
|
|t:|1661315465
|switch|p1a: Chansey|Chansey, F|100/100|[from]move: Teleport
|-damage|p1a: Chansey|88/100|[from] Stealth Rock
|
|-fieldend|move: Psychic Terrain
|upkeep
|turn|10
|j| Chokst du
|
|t:|1661315471
|switch|p2a: Urshifu|Urshifu-Rapid-Strike, F|71/100
|move|p1a: Chansey|Reflect|p1a: Chansey
|-sidestart|p1: LT_Alt1|Reflect
|
|upkeep
|turn|11
|j| lt94je nick
|j| LegendaryC26
|
|t:|1661315510
|switch|p1a: Slowbro|Slowbro, F|69/100
|-damage|p1a: Slowbro|56/100|[from] Stealth Rock
|move|p2a: Urshifu|U-turn|p1a: Slowbro
|-supereffective|p1a: Slowbro
|-damage|p1a: Slowbro|34/100
|
|t:|1661315513
|switch|p2a: Tapu Lele|Tapu Lele|100/100|[from]move: U-turn
|-fieldstart|move: Psychic Terrain|[from] ability: Psychic Surge|[of] p2a: Tapu Lele
|
|upkeep
|turn|12
|
|t:|1661315521
|switch|p2a: Urshifu|Urshifu-Rapid-Strike, F|71/100
|move|p1a: Slowbro|Teleport|p1a: Slowbro
|
|t:|1661315535
|switch|p1a: Zapdos|Zapdos|100/100|[from]move: Teleport
|
|upkeep
|turn|13
|
|t:|1661315542
|move|p2a: Urshifu|Surging Strikes|p1a: Zapdos
|-crit|p1a: Zapdos
|-damage|p1a: Zapdos|76/100
|-crit|p1a: Zapdos
|-damage|p1a: Zapdos|51/100
|-status|p2a: Urshifu|par|[from] ability: Static|[of] p1a: Zapdos
|-crit|p1a: Zapdos
|-damage|p1a: Zapdos|26/100
|-hitcount|p1a: Zapdos|3
|move|p1a: Zapdos|Hurricane|p2a: Urshifu
|-supereffective|p2a: Urshifu
|-damage|p2a: Urshifu|0 fnt
|faint|p2a: Urshifu
|
|upkeep
|j| TR23
|
|t:|1661315547
|switch|p2a: Necrozma|Necrozma|100/100
|turn|14
|
|t:|1661315562
|move|p1a: Zapdos|Volt Switch|p2a: Necrozma
|-damage|p2a: Necrozma|68/100
|j| pianotheory
|c| TR23|Yo the gen 1 squad
|c| pianotheory|is that a gen 1
|c| pianotheory|yea boutta say
|
|t:|1661315589
|switch|p1a: Slowbro|Slowbro, F|68/100|[from]move: Volt Switch
|-damage|p1a: Slowbro|55/100|[from] Stealth Rock
|move|p2a: Necrozma|Expanding Force|p1a: Slowbro
|-resisted|p1a: Slowbro
|-damage|p1a: Slowbro|0 fnt
|faint|p1a: Slowbro
|
|-sideend|p1: LT_Alt1|Reflect
|upkeep
|c| pianotheory|oh shit
|
|t:|1661315597
|switch|p1a: Alakazam|Alakazam, F|100/100
|turn|15
|
|t:|1661315645
|switch|p1a: Rhydon|Rhydon, M|100/100
|-damage|p1a: Rhydon|94/100|[from] Stealth Rock
|switch|p2a: Tornadus|Tornadus-Therian, M|100/100
|
|-fieldend|move: Psychic Terrain
|upkeep
|turn|16
|
|t:|1661315652
|move|p2a: Tornadus|Knock Off|p1a: Rhydon
|-damage|p1a: Rhydon|84/100
|-enditem|p1a: Rhydon|Eviolite|[from] move: Knock Off|[of] p2a: Tornadus
|move|p1a: Rhydon|Stealth Rock|p2a: Tornadus
|-sidestart|p2: LT94JE Fuse|move: Stealth Rock
|
|upkeep
|turn|17
|
|t:|1661315658
|move|p2a: Tornadus|U-turn|p1a: Rhydon
|-damage|p1a: Rhydon|72/100
|
|t:|1661315659
|switch|p2a: Landorus|Landorus-Therian, M|100/100|[from]move: U-turn
|-damage|p2a: Landorus|88/100|[from] Stealth Rock
|-ability|p2a: Landorus|Intimidate|boost
|-unboost|p1a: Rhydon|atk|1
|move|p1a: Rhydon|Stone Edge|p2a: Landorus|[miss]
|-miss|p1a: Rhydon|p2a: Landorus
|
|-heal|p2a: Landorus|94/100|[from] item: Leftovers
|upkeep
|turn|18
|
|t:|1661315669
|move|p2a: Landorus|Earthquake|p1a: Rhydon
|-supereffective|p1a: Rhydon
|-damage|p1a: Rhydon|2/100
|move|p1a: Rhydon|Stone Edge|p2a: Landorus
|-damage|p2a: Landorus|58/100
|
|-heal|p2a: Landorus|64/100|[from] item: Leftovers
|upkeep
|turn|19
|
|t:|1661315679
|move|p2a: Landorus|U-turn|p1a: Rhydon
|-damage|p1a: Rhydon|0 fnt
|faint|p1a: Rhydon
|
|t:|1661315680
|switch|p2a: Tornadus|Tornadus-Therian, M|100/100|[from]move: U-turn
|-damage|p2a: Tornadus|76/100|[from] Stealth Rock
|
|upkeep
|j| Nitrofer
|
|t:|1661315689
|switch|p1a: Zapdos|Zapdos|26/100
|turn|20
|l| Nitrofer
|c|☆LT_Alt1|zam swept if the first edge hit
|
|t:|1661315727
|move|p2a: Tornadus|Heat Wave|p1a: Zapdos
|-damage|p1a: Zapdos|2/100
|move|p1a: Zapdos|Roost|p1a: Zapdos
|-heal|p1a: Zapdos|52/100
|-singleturn|p1a: Zapdos|move: Roost
|
|upkeep
|turn|21
|c| pianotheory|Fuse, have u tried ur team beat alakazam instead of necro
|
|t:|1661315734
|move|p2a: Tornadus|Knock Off|p1a: Zapdos
|-damage|p1a: Zapdos|33/100
|-enditem|p1a: Zapdos|Heavy-Duty Boots|[from] move: Knock Off|[of] p2a: Tornadus
|move|p1a: Zapdos|Roost|p1a: Zapdos
|-heal|p1a: Zapdos|83/100
|-singleturn|p1a: Zapdos|move: Roost
|
|upkeep
|turn|22
|c| pianotheory|with not beat sry
|
|t:|1661315741
|move|p2a: Tornadus|Heat Wave|p1a: Zapdos
|-damage|p1a: Zapdos|59/100
|move|p1a: Zapdos|Light Screen|p1a: Zapdos
|-sidestart|p1: LT_Alt1|move: Light Screen
|
|upkeep
|turn|23
|
|t:|1661315746
|move|p2a: Tornadus|Heat Wave|p1a: Zapdos
|-damage|p1a: Zapdos|46/100
|move|p1a: Zapdos|Roost|p1a: Zapdos
|-heal|p1a: Zapdos|96/100
|-singleturn|p1a: Zapdos|move: Roost
|
|upkeep
|turn|24
|
|t:|1661315759
|move|p2a: Tornadus|Heat Wave|p1a: Zapdos|[miss]
|-miss|p2a: Tornadus|p1a: Zapdos
|move|p1a: Zapdos|Hurricane|p2a: Tornadus
|-damage|p2a: Tornadus|43/100
|-start|p2a: Tornadus|confusion
|
|upkeep
|turn|25
|
|t:|1661315766
|switch|p2a: Landorus|Landorus-Therian, M|64/100
|-damage|p2a: Landorus|52/100|[from] Stealth Rock
|-ability|p2a: Landorus|Intimidate|boost
|-unboost|p1a: Zapdos|atk|1
|move|p1a: Zapdos|Hurricane|p2a: Landorus|[miss]
|-miss|p1a: Zapdos|p2a: Landorus
|
|-heal|p2a: Landorus|58/100|[from] item: Leftovers
|upkeep
|turn|26
|c| pianotheory|o
|
|t:|1661315775
|move|p1a: Zapdos|Hurricane|p2a: Landorus|[miss]
|-miss|p1a: Zapdos|p2a: Landorus
|move|p2a: Landorus|Toxic|p1a: Zapdos
|-status|p1a: Zapdos|tox
|
|-heal|p2a: Landorus|64/100|[from] item: Leftovers
|-damage|p1a: Zapdos|90/100 tox|[from] psn
|-sideend|p1: LT_Alt1|move: Light Screen
|upkeep
|turn|27
|j| NerdX
|c| pianotheory|o
|
|t:|1661315784
|move|p1a: Zapdos|Hurricane|p2a: Landorus
|-damage|p2a: Landorus|32/100
|-start|p2a: Landorus|confusion
|-activate|p2a: Landorus|confusion
|move|p2a: Landorus|U-turn|p1a: Zapdos
|-resisted|p1a: Zapdos
|-damage|p1a: Zapdos|80/100 tox
|j| Fifi49
|l| NerdX
|
|t:|1661315787
|switch|p2a: Tapu Lele|Tapu Lele|100/100|[from]move: U-turn
|-damage|p2a: Tapu Lele|88/100|[from] Stealth Rock
|-fieldstart|move: Psychic Terrain|[from] ability: Psychic Surge|[of] p2a: Tapu Lele
|
|-damage|p1a: Zapdos|68/100 tox|[from] psn
|upkeep
|turn|28
|c|☆LT_Alt1|zam sweeps now
|j| Nitrofer
|c| pianotheory|wait what
|
|t:|1661315798
|move|p2a: Tapu Lele|Psyshock|p1a: Zapdos
|-damage|p1a: Zapdos|21/100 tox
|move|p1a: Zapdos|Volt Switch|p2a: Tapu Lele
|-damage|p2a: Tapu Lele|58/100
|c| pianotheory|...
|c| pianotheory|lol
|j| gay bot cute
|
|t:|1661315804
|switch|p1a: Alakazam|Alakazam, F|100/100|[from]move: Volt Switch
|
|upkeep
|turn|29
|l| Nitrofer
|c| pianotheory|imagine fuse's team with zam instead of necro
|
|t:|1661315819
|switch|p2a: Ferrothorn|Ferrothorn, M|32/100
|-damage|p2a: Ferrothorn|25/100|[from] Stealth Rock
|move|p1a: Alakazam|Shadow Ball|p2a: Ferrothorn
|-damage|p2a: Ferrothorn|0 fnt
|faint|p2a: Ferrothorn
|
|upkeep
|
|t:|1661315821
|switch|p2a: Tornadus|Tornadus-Therian, M|76/100
|-damage|p2a: Tornadus|52/100|[from] Stealth Rock
|turn|30
|
|t:|1661315828
|move|p1a: Alakazam|Psychic|p2a: Tornadus
|-damage|p2a: Tornadus|0 fnt
|faint|p2a: Tornadus
|
|upkeep
|
|t:|1661315831
|switch|p2a: Tapu Lele|Tapu Lele|58/100
|-damage|p2a: Tapu Lele|46/100|[from] Stealth Rock
|turn|31
|c| pianotheory|omg
|
|t:|1661315834
|move|p2a: Tapu Lele|Moonblast|p1a: Alakazam
|-damage|p1a: Alakazam|24/100
|move|p1a: Alakazam|Shadow Ball|p2a: Tapu Lele
|-supereffective|p2a: Tapu Lele
|-damage|p2a: Tapu Lele|0 fnt
|faint|p2a: Tapu Lele
|
|-fieldend|move: Psychic Terrain
|upkeep
|
|t:|1661315838
|switch|p2a: Necrozma|Necrozma|68/100
|-damage|p2a: Necrozma|56/100|[from] Stealth Rock
|turn|32
|
|t:|1661315844
|move|p1a: Alakazam|Shadow Ball|p2a: Necrozma
|-supereffective|p2a: Necrozma
|-crit|p2a: Necrozma
|-damage|p2a: Necrozma|0 fnt
|faint|p2a: Necrozma
|
|upkeep
|c|☆LT94JE Fuse|Gg
|c|☆LT_Alt1|gg
|-message|LT94JE Fuse forfeited.
|
|win|LT_Alt1
|raw|LT_Alt1's rating: 1742 &rarr; <strong>1767</strong><br />(+25 for winning)
|raw|LT94JE Fuse's rating: 1832 &rarr; <strong>1807</strong><br />(-25 for losing)
|l| mrwhy124
|l| LegendaryC26
|l| Fifi49
|l| lt94je nick
|l| cassthetic
|c| TR23|Goat goat goat
|l| LT94J3 charms
|c| TR23|Can I have lessons alt
|c| pianotheory|....
||Ladder isn't responding, score probably updated but might not have (Request timeout).
|l| Ctannn
|l| pianotheory
|l| pls send team
|l| gay bot cute
|j| Amuetur
|l| Amuetur
|l| Kaneki-random
|l| TR23
|l| Chokst du
