|j|☆Potassium Spoon
|j|☆Gurtrant
|t:|1636148147
|gametype|singles
|player|p1|Potassium Spoon|guitarist|1595
|player|p2|Gurtrant|238|1726
|teamsize|p1|6
|teamsize|p2|6
|gen|8
|tier|[Gen 8] OU
|rated|
|rule|Sleep Clause Mod: Limit one foe put to sleep
|rule|Species Clause: Limit one of each Pokémon
|rule|OHKO Clause: OHKO moves are banned
|rule|Evasion Moves Clause: Evasion moves are banned
|rule|Endless Battle Clause: Forcing endless battles is banned
|rule|HP Percentage Mod: HP is shown in percentages
|rule|Dynamax Clause: You cannot dynamax
|clearpoke
|poke|p1|Dracozolt|
|poke|p1|Tyranitar, F|
|poke|p1|Rillaboom, M|
|poke|p1|Excadrill, M|
|poke|p1|Tornadus-Therian, M|
|poke|p1|Moltres|
|poke|p2|Pelipper, F|
|poke|p2|Heliolisk, M|
|poke|p2|Seismitoad, F|
|poke|p2|Barraskewda, F|
|poke|p2|Ferrothorn, F|
|poke|p2|Zapdos|
|teampreview
|inactive|Battle timer is ON: inactive players will automatically lose when time's up. (requested by Gurtrant)
|inactive|Gurtrant has 120 seconds left.
|inactive|Gurtrant has 90 seconds left.
|
|t:|1636148207
|start
|switch|p1a: Tornadus|Tornadus-Therian, M|100/100
|switch|p2a: Pelipper|Pelipper, F|100/100
|-weather|RainDance|[from] ability: Drizzle|[of] p2a: Pelipper
|turn|1
|
|t:|1636148210
|switch|p2a: Zapdos|Zapdos|100/100
|move|p1a: Tornadus|Knock Off|p2a: Zapdos
|-damage|p2a: Zapdos|87/100
|-status|p1a: Tornadus|par|[from] ability: Static|[of] p2a: Zapdos
|-enditem|p2a: Zapdos|Heavy-Duty Boots|[from] move: Knock Off|[of] p1a: Tornadus
|
|-weather|RainDance|[upkeep]
|upkeep
|turn|2
|
|t:|1636148213
|switch|p1a: Tyranitar|Tyranitar, F|100/100
|-weather|Sandstorm|[from] ability: Sand Stream|[of] p1a: Tyranitar
|move|p2a: Zapdos|U-turn|p1a: Tyranitar
|-supereffective|p1a: Tyranitar
|-damage|p1a: Tyranitar|79/100
|
|t:|1636148216
|switch|p2a: Pelipper|Pelipper, F|100/100|[from]move: U-turn
|-weather|RainDance|[from] ability: Drizzle|[of] p2a: Pelipper
|
|-weather|RainDance|[upkeep]
|upkeep
|turn|3
|
|t:|1636148223
|switch|p1a: Tornadus|Tornadus-Therian, M|100/100 par
|move|p2a: Pelipper|U-turn|p1a: Tornadus
|-resisted|p1a: Tornadus
|-damage|p1a: Tornadus|96/100 par
|
|t:|1636148230
|switch|p2a: Barraskewda|Barraskewda, F|100/100|[from]move: U-turn
|
|-weather|RainDance|[upkeep]
|upkeep
|turn|4
|
|t:|1636148232
|switch|p1a: Rillaboom|Rillaboom, M|100/100
|-fieldstart|move: Grassy Terrain|[from] ability: Grassy Surge|[of] p1a: Rillaboom
|move|p2a: Barraskewda|Liquidation|p1a: Rillaboom
|-resisted|p1a: Rillaboom
|-damage|p1a: Rillaboom|42/100
|
|-weather|RainDance|[upkeep]
|-heal|p1a: Rillaboom|49/100|[from] Grassy Terrain
|upkeep
|turn|5
|
|t:|1636148239
|switch|p2a: Zapdos|Zapdos|87/100
|move|p1a: Rillaboom|U-turn|p2a: Zapdos
|-resisted|p2a: Zapdos
|-damage|p2a: Zapdos|73/100
|
|t:|1636148253
|switch|p1a: Tyranitar|Tyranitar, F|79/100|[from]move: U-turn
|-weather|Sandstorm|[from] ability: Sand Stream|[of] p1a: Tyranitar
|
|-weather|Sandstorm|[upkeep]
|-damage|p2a: Zapdos|67/100|[from] Sandstorm
|-heal|p1a: Tyranitar|85/100|[from] Grassy Terrain
|upkeep
|turn|6
|
|t:|1636148256
|move|p2a: Zapdos|U-turn|p1a: Tyranitar
|-supereffective|p1a: Tyranitar
|-damage|p1a: Tyranitar|66/100
|
|t:|1636148258
|switch|p2a: Pelipper|Pelipper, F|100/100|[from]move: U-turn
|-weather|RainDance|[from] ability: Drizzle|[of] p2a: Pelipper
|move|p1a: Tyranitar|Stealth Rock|p2a: Pelipper
|-sidestart|p2: Gurtrant|move: Stealth Rock
|
|-weather|RainDance|[upkeep]
|-heal|p1a: Tyranitar|72/100|[from] Grassy Terrain
|upkeep
|turn|7
|
|t:|1636148264
|switch|p1a: Tornadus|Tornadus-Therian, M|100/100 par
|move|p2a: Pelipper|U-turn|p1a: Tornadus
|-resisted|p1a: Tornadus
|-damage|p1a: Tornadus|96/100 par
|
|t:|1636148268
|switch|p2a: Barraskewda|Barraskewda, F|100/100|[from]move: U-turn
|-damage|p2a: Barraskewda|88/100|[from] Stealth Rock
|
|-weather|RainDance|[upkeep]
|-heal|p2a: Barraskewda|94/100|[from] Grassy Terrain
|upkeep
|turn|8
|
|t:|1636148275
|move|p2a: Barraskewda|Liquidation|p1a: Tornadus
|-damage|p1a: Tornadus|0 fnt
|faint|p1a: Tornadus
|
|-weather|RainDance|[upkeep]
|-heal|p2a: Barraskewda|100/100|[from] Grassy Terrain
|-fieldend|move: Grassy Terrain
|upkeep
|
|t:|1636148277
|switch|p1a: Rillaboom|Rillaboom, M|49/100
|-fieldstart|move: Grassy Terrain|[from] ability: Grassy Surge|[of] p1a: Rillaboom
|turn|9
|
|t:|1636148280
|switch|p2a: Zapdos|Zapdos|67/100
|-damage|p2a: Zapdos|42/100|[from] Stealth Rock
|move|p1a: Rillaboom|Grassy Glide|p2a: Zapdos
|-resisted|p2a: Zapdos
|-damage|p2a: Zapdos|15/100
|
|-weather|RainDance|[upkeep]
|-heal|p1a: Rillaboom|55/100|[from] Grassy Terrain
|upkeep
|turn|10
|
|t:|1636148287
|switch|p2a: Ferrothorn|Ferrothorn, F|100/100
|-damage|p2a: Ferrothorn|94/100|[from] Stealth Rock
|move|p1a: Rillaboom|Grassy Glide|p2a: Ferrothorn
|-resisted|p2a: Ferrothorn
|-damage|p2a: Ferrothorn|81/100
|-damage|p1a: Rillaboom|42/100|[from] ability: Iron Barbs|[of] p2a: Ferrothorn
|
|-weather|RainDance|[upkeep]
|-heal|p1a: Rillaboom|49/100|[from] Grassy Terrain
|-heal|p2a: Ferrothorn|87/100|[from] Grassy Terrain
|-heal|p2a: Ferrothorn|93/100|[from] item: Leftovers
|upkeep
|turn|11
|
|t:|1636148290
|switch|p1a: Moltres|Moltres|100/100
|move|p2a: Ferrothorn|Spikes|p1a: Moltres
|-sidestart|p1: Potassium Spoon|Spikes
|
|-weather|RainDance|[upkeep]
|-heal|p2a: Ferrothorn|99/100|[from] Grassy Terrain
|-heal|p2a: Ferrothorn|100/100|[from] item: Leftovers
|upkeep
|turn|12
|
|t:|1636148301
|switch|p2a: Seismitoad|Seismitoad, F|100/100
|-damage|p2a: Seismitoad|94/100|[from] Stealth Rock
|move|p1a: Moltres|Sunny Day|p1a: Moltres
|-weather|SunnyDay
|
|-weather|SunnyDay|[upkeep]
|-heal|p2a: Seismitoad|100/100|[from] Grassy Terrain
|upkeep
|turn|13
|
|t:|1636148314
|switch|p2a: Pelipper|Pelipper, F|100/100
|-damage|p2a: Pelipper|75/100|[from] Stealth Rock
|-weather|RainDance|[from] ability: Drizzle|[of] p2a: Pelipper
|move|p1a: Moltres|Sunny Day|p1a: Moltres
|-weather|SunnyDay
|
|-weather|SunnyDay|[upkeep]
|-fieldend|move: Grassy Terrain
|upkeep
|turn|14
|
|t:|1636148323
|switch|p2a: Seismitoad|Seismitoad, F|100/100
|-damage|p2a: Seismitoad|94/100|[from] Stealth Rock
|move|p1a: Moltres|Solar Beam||[still]
|-prepare|p1a: Moltres|Solar Beam
|-anim|p1a: Moltres|Solar Beam|p2a: Seismitoad
|-supereffective|p2a: Seismitoad
|-damage|p2a: Seismitoad|0 fnt
|faint|p2a: Seismitoad
|
|-weather|SunnyDay|[upkeep]
|upkeep
|
|t:|1636148331
|switch|p2a: Barraskewda|Barraskewda, F|100/100
|-damage|p2a: Barraskewda|88/100|[from] Stealth Rock
|turn|15
|
|t:|1636148356
|move|p2a: Barraskewda|Flip Turn|p1a: Moltres
|-supereffective|p1a: Moltres
|-damage|p1a: Moltres|48/100
|
|t:|1636148362
|switch|p2a: Pelipper|Pelipper, F|75/100|[from]move: Flip Turn
|-damage|p2a: Pelipper|50/100|[from] Stealth Rock
|-weather|RainDance|[from] ability: Drizzle|[of] p2a: Pelipper
|move|p1a: Moltres|Sunny Day|p1a: Moltres
|-weather|SunnyDay
|
|-weather|SunnyDay|[upkeep]
|upkeep
|turn|16
|
|t:|1636148368
|switch|p2a: Zapdos|Zapdos|15/100
|-damage|p2a: Zapdos|0 fnt|[from] Stealth Rock
|faint|p2a: Zapdos
|move|p1a: Moltres|Solar Beam||[still]
|-prepare|p1a: Moltres|Solar Beam
|-anim|p1a: Moltres|Solar Beam|p2: Zapdos|[notarget]
|-fail|p1a: Moltres
|
|-weather|SunnyDay|[upkeep]
|upkeep
|
|t:|1636148372
|switch|p2a: Barraskewda|Barraskewda, F|88/100
|-damage|p2a: Barraskewda|76/100|[from] Stealth Rock
|turn|17
|
|t:|1636148377
|move|p2a: Barraskewda|Flip Turn|p1a: Moltres
|-supereffective|p1a: Moltres
|-damage|p1a: Moltres|0 fnt
|-status|p2a: Barraskewda|brn|[from] ability: Flame Body|[of] p1a: Moltres
|faint|p1a: Moltres
|
|t:|1636148382
|switch|p2a: Heliolisk|Heliolisk, M, shiny|100/100|[from]move: Flip Turn
|-damage|p2a: Heliolisk|88/100|[from] Stealth Rock
|
|-weather|SunnyDay|[upkeep]
|-damage|p2a: Heliolisk|76/100|[from] ability: Dry Skin|[of] p2a: Heliolisk
|upkeep
|
|t:|1636148397
|switch|p1a: Tyranitar|Tyranitar, F|72/100
|-damage|p1a: Tyranitar|59/100|[from] Spikes
|-weather|Sandstorm|[from] ability: Sand Stream|[of] p1a: Tyranitar
|turn|18
|
|t:|1636148403
|switch|p1a: Dracozolt|Dracozolt|100/100
|-damage|p1a: Dracozolt|88/100|[from] Spikes
|move|p2a: Heliolisk|Volt Switch|p1a: Dracozolt
|-resisted|p1a: Dracozolt
|-damage|p1a: Dracozolt|72/100
|-damage|p2a: Heliolisk|66/100|[from] item: Life Orb
|
|t:|1636148406
|switch|p2a: Pelipper|Pelipper, F|50/100|[from]move: Volt Switch
|-damage|p2a: Pelipper|25/100|[from] Stealth Rock
|-weather|RainDance|[from] ability: Drizzle|[of] p2a: Pelipper
|
|-weather|RainDance|[upkeep]
|upkeep
|turn|19
|
|t:|1636148424
|switch|p2a: Ferrothorn|Ferrothorn, F|100/100
|-damage|p2a: Ferrothorn|94/100|[from] Stealth Rock
|move|p1a: Dracozolt|Bolt Beak|p2a: Ferrothorn
|-resisted|p2a: Ferrothorn
|-damage|p2a: Ferrothorn|58/100
|-damage|p1a: Dracozolt|59/100|[from] ability: Iron Barbs|[of] p2a: Ferrothorn
|-damage|p1a: Dracozolt|49/100|[from] item: Life Orb
|
|-weather|RainDance|[upkeep]
|-heal|p2a: Ferrothorn|64/100|[from] item: Leftovers
|upkeep
|turn|20
|
|t:|1636148435
|move|p1a: Dracozolt|Fire Blast|p2a: Ferrothorn|[miss]
|-miss|p1a: Dracozolt|p2a: Ferrothorn
|move|p2a: Ferrothorn|Gyro Ball|p1a: Dracozolt
|-resisted|p1a: Dracozolt
|-damage|p1a: Dracozolt|24/100
|
|-weather|RainDance|[upkeep]
|-heal|p2a: Ferrothorn|71/100|[from] item: Leftovers
|upkeep
|turn|21
|inactive|Potassium Spoon has 120 seconds left.
|
|t:|1636148465
|switch|p1a: Tyranitar|Tyranitar, F|59/100
|-damage|p1a: Tyranitar|47/100|[from] Spikes
|-weather|Sandstorm|[from] ability: Sand Stream|[of] p1a: Tyranitar
|move|p2a: Ferrothorn|Gyro Ball|p1a: Tyranitar
|-supereffective|p1a: Tyranitar
|-damage|p1a: Tyranitar|5/100
|
|-weather|Sandstorm|[upkeep]
|-heal|p2a: Ferrothorn|77/100|[from] item: Leftovers
|upkeep
|turn|22
|
|t:|1636148473
|switch|p1a: Excadrill|Excadrill, M|100/100
|-item|p1a: Excadrill|Air Balloon
|move|p2a: Ferrothorn|Knock Off|p1a: Excadrill
|-damage|p1a: Excadrill|71/100
|-enditem|p1a: Excadrill|Air Balloon
|
|-weather|Sandstorm|[upkeep]
|-heal|p2a: Ferrothorn|83/100|[from] item: Leftovers
|upkeep
|turn|23
|
|t:|1636148481
|switch|p2a: Pelipper|Pelipper, F|25/100
|-damage|p2a: Pelipper|0 fnt|[from] Stealth Rock
|faint|p2a: Pelipper
|move|p1a: Excadrill|Rapid Spin|p2: Pelipper|[notarget]
|-fail|p1a: Excadrill
|
|-weather|Sandstorm|[upkeep]
|upkeep
|
|t:|1636148489
|switch|p2a: Ferrothorn|Ferrothorn, F|83/100
|-damage|p2a: Ferrothorn|77/100|[from] Stealth Rock
|turn|24
|
|t:|1636148499
|move|p1a: Excadrill|Swords Dance|p1a: Excadrill
|-boost|p1a: Excadrill|atk|2
|move|p2a: Ferrothorn|Leech Seed|p1a: Excadrill
|-start|p1a: Excadrill|move: Leech Seed
|
|-weather|Sandstorm|[upkeep]
|-heal|p2a: Ferrothorn|83/100|[from] item: Leftovers
|-damage|p1a: Excadrill|58/100|[from] Leech Seed|[of] p2a: Ferrothorn
|-heal|p2a: Ferrothorn|96/100|[silent]
|upkeep
|turn|25
|
|t:|1636148505
|switch|p2a: Heliolisk|Heliolisk, M, shiny|66/100
|-damage|p2a: Heliolisk|53/100|[from] Stealth Rock
|move|p1a: Excadrill|Rapid Spin|p2a: Heliolisk
|-damage|p2a: Heliolisk|0 fnt
|-boost|p1a: Excadrill|spe|1
|-end|p1a: Excadrill|Leech Seed|[from] move: Rapid Spin|[of] p1a: Excadrill
|-sideend|p1: Potassium Spoon|Spikes|[from] move: Rapid Spin|[of] p1a: Excadrill
|faint|p2a: Heliolisk
|
|-weather|Sandstorm|[upkeep]
|upkeep
|
|t:|1636148508
|switch|p2a: Barraskewda|Barraskewda, F|76/100 brn
|-damage|p2a: Barraskewda|64/100 brn|[from] Stealth Rock
|turn|26
|
|t:|1636148522
|move|p2a: Barraskewda|Aqua Jet|p1a: Excadrill
|-supereffective|p1a: Excadrill
|-damage|p1a: Excadrill|12/100
|move|p1a: Excadrill|Iron Head|p2a: Barraskewda
|-resisted|p2a: Barraskewda
|-damage|p2a: Barraskewda|0 fnt
|faint|p2a: Barraskewda
|
|-weather|Sandstorm|[upkeep]
|upkeep
|-message|Gurtrant forfeited.
|
|win|Potassium Spoon
|raw|Potassium Spoon's rating: 1572 &rarr; <strong>1600</strong><br />(+28 for winning)
|raw|Gurtrant's rating: 1726 &rarr; <strong>1698</strong><br />(-28 for losing)
|l|☆Gurtrant
||Ladder isn't responding, score probably updated but might not have (Request timeout).
