|j|☆kokoukohiro
|j|☆LT94JE Fuse
|t:|1661240917
|gametype|singles
|player|p1|kokoukohiro|dawn|1429
|player|p2|LT94JE Fuse|yellow|1448
|teamsize|p1|6
|teamsize|p2|6
|gen|8
|tier|[Gen 8] OU
|rated|
|rule|Sleep Clause Mod: Limit one foe put to sleep
|rule|Species Clause: Limit one of each Pokémon
|rule|OHKO Clause: OHKO moves are banned
|rule|Evasion Items Clause: Evasion items are banned
|rule|Evasion Moves Clause: Evasion moves are banned
|rule|Endless Battle Clause: Forcing endless battles is banned
|rule|HP Percentage Mod: HP is shown in percentages
|rule|Dynamax Clause: You cannot dynamax
|clearpoke
|poke|p1|Jirachi|
|poke|p1|Quagsire, F|
|poke|p1|Blissey, F|
|poke|p1|Toxapex, F|
|poke|p1|Skarmory, F|
|poke|p1|Tornadus-Therian, M|
|poke|p2|Urshifu-*, M|
|poke|p2|Heatran, M|
|poke|p2|Rotom-Wash|
|poke|p2|Landorus-Therian, M|
|poke|p2|Tapu Lele|
|poke|p2|Weavile, F|
|teampreview
|inactive|Battle timer is ON: inactive players will automatically lose when time's up. (requested by kokoukohiro)
|c|☆LT94JE Fuse|hf
|
|t:|1661240933
|start
|switch|p1a: Skarmory|Skarmory, F|100/100
|switch|p2a: Heatran|Heatran, M|100/100
|turn|1
|
|t:|1661240938
|switch|p1a: Toxapex|Toxapex, F|100/100
|move|p2a: Heatran|Magma Storm|p1a: Toxapex
|-resisted|p1a: Toxapex
|-damage|p1a: Toxapex|78/100
|-activate|p1a: Toxapex|move: Magma Storm|[of] p2a: Heatran
|
|-damage|p1a: Toxapex|66/100|[from] move: Magma Storm|[partiallytrapped]
|upkeep
|turn|2
|
|t:|1661240947
|move|p2a: Heatran|Stealth Rock|p1a: Toxapex
|-sidestart|p1: kokoukohiro|move: Stealth Rock
|move|p1a: Toxapex|Scald|p2a: Heatran
|-supereffective|p2a: Heatran
|-damage|p2a: Heatran|67/100
|
|-heal|p2a: Heatran|73/100|[from] item: Leftovers
|-damage|p1a: Toxapex|53/100|[from] move: Magma Storm|[partiallytrapped]
|upkeep
|turn|3
|
|t:|1661240951
|move|p2a: Heatran|Earth Power|p1a: Toxapex
|-supereffective|p1a: Toxapex
|-damage|p1a: Toxapex|1/100
|move|p1a: Toxapex|Recover|p1a: Toxapex
|-heal|p1a: Toxapex|51/100
|
|-heal|p2a: Heatran|79/100|[from] item: Leftovers
|-damage|p1a: Toxapex|39/100|[from] move: Magma Storm|[partiallytrapped]
|upkeep
|turn|4
|
|t:|1661240958
|switch|p1a: Tornadus|Tornadus-Therian, M|100/100
|move|p2a: Heatran|Magma Storm|p1a: Tornadus|[miss]
|-miss|p2a: Heatran|p1a: Tornadus
|
|-heal|p2a: Heatran|86/100|[from] item: Leftovers
|upkeep
|turn|5
|
|t:|1661240962
|move|p1a: Tornadus|U-turn|p2a: Heatran
|-resisted|p2a: Heatran
|-damage|p2a: Heatran|82/100
|
|t:|1661240964
|switch|p1a: Toxapex|Toxapex, F|72/100|[from]move: U-turn
|-damage|p1a: Toxapex|60/100|[from] Stealth Rock
|move|p2a: Heatran|Magma Storm|p1a: Toxapex
|-resisted|p1a: Toxapex
|-damage|p1a: Toxapex|39/100
|-activate|p1a: Toxapex|move: Magma Storm|[of] p2a: Heatran
|
|-heal|p2a: Heatran|88/100|[from] item: Leftovers
|-damage|p1a: Toxapex|26/100|[from] move: Magma Storm|[partiallytrapped]
|upkeep
|turn|6
|
|t:|1661240967
|switch|p1a: Tornadus|Tornadus-Therian, M|100/100
|move|p2a: Heatran|Magma Storm|p1a: Tornadus
|-damage|p1a: Tornadus|48/100
|-activate|p1a: Tornadus|move: Magma Storm|[of] p2a: Heatran
|
|-heal|p2a: Heatran|94/100|[from] item: Leftovers
|-damage|p1a: Tornadus|36/100|[from] move: Magma Storm|[partiallytrapped]
|upkeep
|turn|7
|
|t:|1661240971
|move|p1a: Tornadus|U-turn|p2a: Heatran
|-resisted|p2a: Heatran
|-damage|p2a: Heatran|91/100
|
|t:|1661240974
|switch|p1a: Toxapex|Toxapex, F|60/100|[from]move: U-turn
|-damage|p1a: Toxapex|47/100|[from] Stealth Rock
|move|p2a: Heatran|Magma Storm|p1a: Toxapex|[miss]
|-miss|p2a: Heatran|p1a: Toxapex
|
|-heal|p2a: Heatran|97/100|[from] item: Leftovers
|upkeep
|turn|8
|
|t:|1661240978
|move|p2a: Heatran|Magma Storm|p1a: Toxapex|[miss]
|-miss|p2a: Heatran|p1a: Toxapex
|move|p1a: Toxapex|Recover|p1a: Toxapex
|-heal|p1a: Toxapex|97/100
|
|-heal|p2a: Heatran|100/100|[from] item: Leftovers
|upkeep
|turn|9
|
|t:|1661240981
|move|p2a: Heatran|Earth Power|p1a: Toxapex
|-supereffective|p1a: Toxapex
|-damage|p1a: Toxapex|44/100
|move|p1a: Toxapex|Toxic Spikes|p2a: Heatran
|-sidestart|p2: LT94JE Fuse|move: Toxic Spikes
|
|upkeep
|turn|10
|
|t:|1661240986
|move|p2a: Heatran|Magma Storm|p1a: Toxapex|[miss]
|-miss|p2a: Heatran|p1a: Toxapex
|move|p1a: Toxapex|Recover|p1a: Toxapex
|-heal|p1a: Toxapex|94/100
|
|upkeep
|turn|11
|
|t:|1661240989
|move|p2a: Heatran|Magma Storm|p1a: Toxapex
|-resisted|p1a: Toxapex
|-damage|p1a: Toxapex|74/100
|-activate|p1a: Toxapex|move: Magma Storm|[of] p2a: Heatran
|move|p1a: Toxapex|Scald|p2a: Heatran
|-supereffective|p2a: Heatran
|-damage|p2a: Heatran|66/100
|
|-heal|p2a: Heatran|73/100|[from] item: Leftovers
|-damage|p1a: Toxapex|62/100|[from] move: Magma Storm|[partiallytrapped]
|upkeep
|turn|12
|
|t:|1661240992
|switch|p2a: Rotom|Rotom-Wash|100/100
|switch|p1a: Tornadus|Tornadus-Therian, M|69/100
|
|upkeep
|turn|13
|
|t:|1661241001
|move|p1a: Tornadus|U-turn|p2a: Rotom
|-damage|p2a: Rotom|85/100
|
|t:|1661241014
|switch|p1a: Blissey|Blissey, F|100/100|[from]move: U-turn
|move|p2a: Rotom|Volt Switch|p1a: Blissey
|-damage|p1a: Blissey|94/100
|
|t:|1661241019
|switch|p2a: Landorus|Landorus-Therian, M|100/100|[from]move: Volt Switch
|-ability|p2a: Landorus|Intimidate|boost
|-unboost|p1a: Blissey|atk|1
|
|upkeep
|turn|14
|
|t:|1661241022
|switch|p1a: Skarmory|Skarmory, F|100/100
|-damage|p1a: Skarmory|88/100|[from] Stealth Rock
|move|p2a: Landorus|U-turn|p1a: Skarmory
|-resisted|p1a: Skarmory
|-damage|p1a: Skarmory|85/100
|
|t:|1661241024
|switch|p2a: Rotom|Rotom-Wash|85/100|[from]move: U-turn
|
|-heal|p2a: Rotom|91/100|[from] item: Leftovers
|upkeep
|turn|15
|
|t:|1661241028
|switch|p1a: Quagsire|Quagsire, F|100/100
|-damage|p1a: Quagsire|94/100|[from] Stealth Rock
|move|p2a: Rotom|Toxic|p1a: Quagsire
|-status|p1a: Quagsire|tox
|
|-heal|p2a: Rotom|98/100|[from] item: Leftovers
|-heal|p1a: Quagsire|100/100 tox|[from] item: Leftovers
|-damage|p1a: Quagsire|94/100 tox|[from] psn
|upkeep
|turn|16
|
|t:|1661241035
|switch|p2a: Heatran|Heatran, M|73/100
|move|p1a: Quagsire|Scald|p2a: Heatran
|-supereffective|p2a: Heatran
|-damage|p2a: Heatran|35/100
|
|-heal|p2a: Heatran|41/100|[from] item: Leftovers
|-heal|p1a: Quagsire|100/100 tox|[from] item: Leftovers
|-damage|p1a: Quagsire|88/100 tox|[from] psn
|upkeep
|turn|17
|
|t:|1661241048
|move|p2a: Heatran|Earth Power|p1a: Quagsire
|-damage|p1a: Quagsire|50/100 tox
|move|p1a: Quagsire|Earthquake|p2a: Heatran
|-supereffective|p2a: Heatran
|-damage|p2a: Heatran|0 fnt
|faint|p2a: Heatran
|
|-heal|p1a: Quagsire|57/100 tox|[from] item: Leftovers
|-damage|p1a: Quagsire|38/100 tox|[from] psn
|upkeep
|
|t:|1661241052
|switch|p2a: Rotom|Rotom-Wash|98/100
|turn|18
|
|t:|1661241055
|move|p2a: Rotom|Hydro Pump|p1a: Quagsire
|-damage|p1a: Quagsire|0 fnt
|faint|p1a: Quagsire
|
|-heal|p2a: Rotom|100/100|[from] item: Leftovers
|upkeep
|
|t:|1661241061
|switch|p1a: Toxapex|Toxapex, F|95/100
|-damage|p1a: Toxapex|82/100|[from] Stealth Rock
|turn|19
|
|t:|1661241079
|switch|p1a: Blissey|Blissey, F|94/100
|move|p2a: Rotom|Volt Switch|p1a: Blissey
|-damage|p1a: Blissey|87/100
|
|t:|1661241082
|switch|p2a: Landorus|Landorus-Therian, M|100/100|[from]move: Volt Switch
|-ability|p2a: Landorus|Intimidate|boost
|-unboost|p1a: Blissey|atk|1
|
|upkeep
|turn|20
|
|t:|1661241085
|switch|p1a: Toxapex|Toxapex, F|100/100
|-damage|p1a: Toxapex|88/100|[from] Stealth Rock
|move|p2a: Landorus|Defog|p1a: Toxapex
|-unboost|p1a: Toxapex|evasion|1
|-sideend|p1: kokoukohiro|Stealth Rock|[from] move: Defog|[of] p2a: Landorus
|-sideend|p2: LT94JE Fuse|Toxic Spikes|[from] move: Defog|[of] p2a: Landorus
|
|upkeep
|turn|21
|
|t:|1661241103
|switch|p1a: Skarmory|Skarmory, F|85/100
|move|p2a: Landorus|Earthquake|p1a: Skarmory
|-immune|p1a: Skarmory
|
|upkeep
|turn|22
|
|t:|1661241107
|move|p2a: Landorus|U-turn|p1a: Skarmory
|-resisted|p1a: Skarmory
|-damage|p1a: Skarmory|82/100
|
|t:|1661241108
|switch|p2a: Rotom|Rotom-Wash|100/100|[from]move: U-turn
|move|p1a: Skarmory|Spikes|p2a: Rotom
|-sidestart|p2: LT94JE Fuse|Spikes
|
|upkeep
|turn|23
|
|t:|1661241114
|switch|p1a: Blissey|Blissey, F|87/100
|move|p2a: Rotom|Volt Switch|p1a: Blissey
|-damage|p1a: Blissey|80/100
|
|t:|1661241116
|switch|p2a: Landorus|Landorus-Therian, M|100/100|[from]move: Volt Switch
|-ability|p2a: Landorus|Intimidate|boost
|-unboost|p1a: Blissey|atk|1
|
|upkeep
|turn|24
|
|t:|1661241120
|switch|p1a: Tornadus|Tornadus-Therian, M|100/100
|move|p2a: Landorus|Earthquake|p1a: Tornadus
|-immune|p1a: Tornadus
|
|upkeep
|turn|25
|
|t:|1661241124
|move|p1a: Tornadus|Knock Off|p2a: Landorus
|-damage|p2a: Landorus|80/100
|-enditem|p2a: Landorus|Leftovers|[from] move: Knock Off|[of] p1a: Tornadus
|move|p2a: Landorus|Toxic|p1a: Tornadus
|-status|p1a: Tornadus|tox
|
|-damage|p1a: Tornadus|94/100 tox|[from] psn
|upkeep
|turn|26
|
|t:|1661241129
|move|p1a: Tornadus|U-turn|p2a: Landorus
|-resisted|p2a: Landorus
|-damage|p2a: Landorus|73/100
|
|t:|1661241131
|switch|p1a: Skarmory|Skarmory, F|82/100|[from]move: U-turn
|move|p2a: Landorus|Defog|p1a: Skarmory
|-unboost|p1a: Skarmory|evasion|1
|-sideend|p2: LT94JE Fuse|Spikes|[from] move: Defog|[of] p2a: Landorus
|
|upkeep
|turn|27
|
|t:|1661241134
|switch|p2a: Rotom|Rotom-Wash|100/100
|move|p1a: Skarmory|Spikes|p2a: Rotom
|-sidestart|p2: LT94JE Fuse|Spikes
|
|upkeep
|turn|28
|
|t:|1661241140
|switch|p1a: Blissey|Blissey, F|80/100
|move|p2a: Rotom|Volt Switch|p1a: Blissey
|-damage|p1a: Blissey|74/100
|
|t:|1661241144
|switch|p2a: Urshifu|Urshifu-Rapid-Strike, M|100/100|[from]move: Volt Switch
|-damage|p2a: Urshifu|88/100|[from] Spikes
|
|upkeep
|turn|29
|
|t:|1661241147
|switch|p1a: Toxapex|Toxapex, F|100/100
|move|p2a: Urshifu|U-turn|p1a: Toxapex
|-resisted|p1a: Toxapex
|-damage|p1a: Toxapex|94/100
|
|t:|1661241149
|switch|p2a: Tapu Lele|Tapu Lele|100/100|[from]move: U-turn
|-damage|p2a: Tapu Lele|88/100|[from] Spikes
|-fieldstart|move: Psychic Terrain|[from] ability: Psychic Surge|[of] p2a: Tapu Lele
|
|upkeep
|turn|30
|
|t:|1661241155
|switch|p2a: Weavile|Weavile, F|100/100
|-damage|p2a: Weavile|88/100|[from] Spikes
|-ability|p2a: Weavile|Pressure
|switch|p1a: Jirachi|Jirachi|100/100
|
|upkeep
|turn|31
|
|t:|1661241161
|switch|p2a: Tapu Lele|Tapu Lele|88/100
|-damage|p2a: Tapu Lele|76/100|[from] Spikes
|switch|p1a: Toxapex|Toxapex, F|100/100
|
|upkeep
|turn|32
|
|t:|1661241163
|switch|p1a: Jirachi|Jirachi|100/100
|move|p2a: Tapu Lele|Future Sight|p1a: Jirachi
|-start|p2a: Tapu Lele|move: Future Sight
|
|upkeep
|turn|33
|
|t:|1661241168
|switch|p2a: Urshifu|Urshifu-Rapid-Strike, M|88/100
|-damage|p2a: Urshifu|76/100|[from] Spikes
|move|p1a: Jirachi|Wish|p1a: Jirachi
|
|-fieldend|move: Psychic Terrain
|upkeep
|turn|34
|
|t:|1661241174
|move|p1a: Jirachi|Protect|p1a: Jirachi
|-singleturn|p1a: Jirachi|Protect
|move|p2a: Urshifu|Surging Strikes|p1a: Jirachi
|-crit|p1a: Jirachi
|-damage|p1a: Jirachi|84/100
|-crit|p1a: Jirachi
|-damage|p1a: Jirachi|67/100
|-crit|p1a: Jirachi
|-damage|p1a: Jirachi|50/100
|-hitcount|p1a: Jirachi|3
|
|-end|p1a: Jirachi|move: Future Sight
|-resisted|p1a: Jirachi
|-damage|p1a: Jirachi|41/100
|-heal|p1a: Jirachi|91/100|[from] move: Wish|[wisher] Jirachi
|-heal|p1a: Jirachi|97/100|[from] item: Leftovers
|upkeep
|turn|35
|
|t:|1661241185
|switch|p1a: Toxapex|Toxapex, F|100/100
|move|p2a: Urshifu|U-turn|p1a: Toxapex
|-resisted|p1a: Toxapex
|-damage|p1a: Toxapex|93/100
|
|t:|1661241188
|switch|p2a: Rotom|Rotom-Wash|100/100|[from]move: U-turn
|
|upkeep
|turn|36
|
|t:|1661241193
|switch|p1a: Jirachi|Jirachi|97/100
|move|p2a: Rotom|Volt Switch|p1a: Jirachi
|-damage|p1a: Jirachi|82/100
|
|t:|1661241195
|switch|p2a: Urshifu|Urshifu-Rapid-Strike, M|76/100|[from]move: Volt Switch
|-damage|p2a: Urshifu|64/100|[from] Spikes
|
|-heal|p1a: Jirachi|89/100|[from] item: Leftovers
|upkeep
|turn|37
|
|t:|1661241197
|move|p1a: Jirachi|Protect|p1a: Jirachi
|-singleturn|p1a: Jirachi|Protect
|move|p2a: Urshifu|U-turn|p1a: Jirachi
|-damage|p1a: Jirachi|70/100
|
|t:|1661241202
|switch|p2a: Landorus|Landorus-Therian, M|73/100|[from]move: U-turn
|-ability|p2a: Landorus|Intimidate|boost
|-unboost|p1a: Jirachi|atk|1
|
|-heal|p1a: Jirachi|76/100|[from] item: Leftovers
|upkeep
|turn|38
|
|t:|1661241208
|switch|p1a: Tornadus|Tornadus-Therian, M|100/100 tox
|move|p2a: Landorus|U-turn|p1a: Tornadus
|-resisted|p1a: Tornadus
|-crit|p1a: Tornadus
|-damage|p1a: Tornadus|81/100 tox
|
|t:|1661241211
|switch|p2a: Rotom|Rotom-Wash|100/100|[from]move: U-turn
|
|-damage|p1a: Tornadus|75/100 tox|[from] psn
|upkeep
|turn|39
|
|t:|1661241213
|move|p1a: Tornadus|U-turn|p2a: Rotom
|-crit|p2a: Rotom
|-damage|p2a: Rotom|77/100
|
|t:|1661241217
|switch|p1a: Jirachi|Jirachi|76/100|[from]move: U-turn
|move|p2a: Rotom|Volt Switch|p1a: Jirachi
|-damage|p1a: Jirachi|61/100
|
|t:|1661241220
|switch|p2a: Urshifu|Urshifu-Rapid-Strike, M|64/100|[from]move: Volt Switch
|-damage|p2a: Urshifu|51/100|[from] Spikes
|
|-heal|p1a: Jirachi|67/100|[from] item: Leftovers
|upkeep
|turn|40
|
|t:|1661241223
|switch|p1a: Toxapex|Toxapex, F|100/100
|move|p2a: Urshifu|Close Combat|p1a: Toxapex
|-resisted|p1a: Toxapex
|-damage|p1a: Toxapex|83/100
|-unboost|p2a: Urshifu|def|1
|-unboost|p2a: Urshifu|spd|1
|
|upkeep
|turn|41
|
|t:|1661241227
|move|p2a: Urshifu|U-turn|p1a: Toxapex
|-resisted|p1a: Toxapex
|-damage|p1a: Toxapex|75/100
|
|t:|1661241229
|switch|p2a: Rotom|Rotom-Wash|77/100|[from]move: U-turn
|move|p1a: Toxapex|Toxic Spikes|p2a: Rotom
|-sidestart|p2: LT94JE Fuse|move: Toxic Spikes
|
|-heal|p2a: Rotom|83/100|[from] item: Leftovers
|upkeep
|turn|42
|
|t:|1661241235
|switch|p1a: Blissey|Blissey, F|74/100
|move|p2a: Rotom|Volt Switch|p1a: Blissey
|-damage|p1a: Blissey|67/100
|
|t:|1661241236
|switch|p2a: Landorus|Landorus-Therian, M|73/100|[from]move: Volt Switch
|-ability|p2a: Landorus|Intimidate|boost
|-unboost|p1a: Blissey|atk|1
|
|upkeep
|turn|43
|
|t:|1661241242
|switch|p1a: Tornadus|Tornadus-Therian, M|100/100 tox
|move|p2a: Landorus|Defog|p1a: Tornadus
|-unboost|p1a: Tornadus|evasion|1
|-sideend|p2: LT94JE Fuse|Spikes|[from] move: Defog|[of] p2a: Landorus
|-sideend|p2: LT94JE Fuse|Toxic Spikes|[from] move: Defog|[of] p2a: Landorus
|
|-damage|p1a: Tornadus|94/100 tox|[from] psn
|upkeep
|turn|44
|
|t:|1661241251
|move|p1a: Tornadus|Heat Wave|p2a: Landorus
|-damage|p2a: Landorus|55/100
|move|p2a: Landorus|U-turn|p1a: Tornadus
|-resisted|p1a: Tornadus
|-damage|p1a: Tornadus|82/100 tox
|
|t:|1661241253
|switch|p2a: Rotom|Rotom-Wash|83/100|[from]move: U-turn
|
|-heal|p2a: Rotom|90/100|[from] item: Leftovers
|-damage|p1a: Tornadus|70/100 tox|[from] psn
|upkeep
|turn|45
|
|t:|1661241256
|move|p1a: Tornadus|U-turn|p2a: Rotom
|-damage|p2a: Rotom|75/100
|
|t:|1661241269
|switch|p1a: Blissey|Blissey, F|67/100|[from]move: U-turn
|move|p2a: Rotom|Volt Switch|p1a: Blissey
|-damage|p1a: Blissey|60/100
|
|t:|1661241271
|switch|p2a: Urshifu|Urshifu-Rapid-Strike, M|51/100|[from]move: Volt Switch
|
|upkeep
|turn|46
|
|t:|1661241276
|switch|p1a: Toxapex|Toxapex, F|100/100
|move|p2a: Urshifu|Close Combat|p1a: Toxapex
|-resisted|p1a: Toxapex
|-damage|p1a: Toxapex|83/100
|-unboost|p2a: Urshifu|def|1
|-unboost|p2a: Urshifu|spd|1
|
|upkeep
|turn|47
|
|t:|1661241282
|move|p2a: Urshifu|U-turn|p1a: Toxapex
|-resisted|p1a: Toxapex
|-damage|p1a: Toxapex|75/100
|
|t:|1661241284
|switch|p2a: Landorus|Landorus-Therian, M|55/100|[from]move: U-turn
|-ability|p2a: Landorus|Intimidate|boost
|-unboost|p1a: Toxapex|atk|1
|move|p1a: Toxapex|Toxic Spikes|p2a: Landorus
|-sidestart|p2: LT94JE Fuse|move: Toxic Spikes
|
|upkeep
|turn|48
|
|t:|1661241287
|switch|p1a: Skarmory|Skarmory, F|82/100
|move|p2a: Landorus|Defog|p1a: Skarmory
|-unboost|p1a: Skarmory|evasion|1
|-sideend|p2: LT94JE Fuse|Toxic Spikes|[from] move: Defog|[of] p2a: Landorus
|
|upkeep
|turn|49
|
|t:|1661241289
|move|p2a: Landorus|U-turn|p1a: Skarmory
|-resisted|p1a: Skarmory
|-damage|p1a: Skarmory|79/100
|
|t:|1661241291
|switch|p2a: Rotom|Rotom-Wash|75/100|[from]move: U-turn
|move|p1a: Skarmory|Spikes|p2a: Rotom
|-sidestart|p2: LT94JE Fuse|Spikes
|
|-heal|p2a: Rotom|82/100|[from] item: Leftovers
|upkeep
|turn|50
|
|t:|1661241295
|move|p2a: Rotom|Volt Switch|p1a: Skarmory
|-supereffective|p1a: Skarmory
|-damage|p1a: Skarmory|15/100
|
|t:|1661241299
|switch|p2a: Tapu Lele|Tapu Lele|76/100|[from]move: Volt Switch
|-damage|p2a: Tapu Lele|63/100|[from] Spikes
|-fieldstart|move: Psychic Terrain|[from] ability: Psychic Surge|[of] p2a: Tapu Lele
|move|p1a: Skarmory|Roost|p1a: Skarmory
|-heal|p1a: Skarmory|65/100
|-singleturn|p1a: Skarmory|move: Roost
|
|upkeep
|turn|51
|
|t:|1661241303
|switch|p2a: Urshifu|Urshifu-Rapid-Strike, M|51/100
|-damage|p2a: Urshifu|39/100|[from] Spikes
|move|p1a: Skarmory|Roost|p1a: Skarmory
|-heal|p1a: Skarmory|100/100
|-singleturn|p1a: Skarmory|move: Roost
|
|upkeep
|turn|52
|
|t:|1661241307
|move|p2a: Urshifu|U-turn|p1a: Skarmory
|-resisted|p1a: Skarmory
|-damage|p1a: Skarmory|97/100
|
|t:|1661241309
|switch|p2a: Rotom|Rotom-Wash|82/100|[from]move: U-turn
|move|p1a: Skarmory|Spikes|p2a: Rotom
|-sidestart|p2: LT94JE Fuse|Spikes
|
|-heal|p2a: Rotom|88/100|[from] item: Leftovers
|upkeep
|turn|53
|
|t:|1661241314
|move|p2a: Rotom|Hydro Pump|p1a: Skarmory
|-damage|p1a: Skarmory|40/100
|move|p1a: Skarmory|Roost|p1a: Skarmory
|-heal|p1a: Skarmory|90/100
|-singleturn|p1a: Skarmory|move: Roost
|
|-heal|p2a: Rotom|94/100|[from] item: Leftovers
|upkeep
|turn|54
|
|t:|1661241321
|switch|p1a: Blissey|Blissey, F|60/100
|move|p2a: Rotom|Hydro Pump|p1a: Blissey
|-damage|p1a: Blissey|49/100
|
|-heal|p2a: Rotom|100/100|[from] item: Leftovers
|-fieldend|move: Psychic Terrain
|upkeep
|turn|55
|
|t:|1661241324
|move|p2a: Rotom|Toxic|p1a: Blissey|[miss]
|-miss|p2a: Rotom|p1a: Blissey
|move|p1a: Blissey|Soft-Boiled|p1a: Blissey
|-heal|p1a: Blissey|99/100
|
|upkeep
|turn|56
|
|t:|1661241327
|move|p2a: Rotom|Toxic|p1a: Blissey
|-status|p1a: Blissey|tox
|move|p1a: Blissey|Aromatherapy|p1a: Blissey
|-activate|p1a: Blissey|move: Aromatherapy
|-curestatus|p1a: Blissey|tox|[msg]
|-curestatus|p1: Tornadus|tox|[msg]
|
|upkeep
|turn|57
|
|t:|1661241330
|move|p2a: Rotom|Toxic|p1a: Blissey
|-status|p1a: Blissey|tox
|move|p1a: Blissey|Toxic|p2a: Rotom
|-status|p2a: Rotom|tox
|
|-damage|p2a: Rotom|94/100 tox|[from] psn
|-damage|p1a: Blissey|92/100 tox|[from] psn
|upkeep
|turn|58
|
|t:|1661241333
|move|p2a: Rotom|Volt Switch|p1a: Blissey
|-damage|p1a: Blissey|86/100 tox
|
|t:|1661241334
|switch|p2a: Landorus|Landorus-Therian, M|55/100|[from]move: Volt Switch
|-ability|p2a: Landorus|Intimidate|boost
|-unboost|p1a: Blissey|atk|1
|move|p1a: Blissey|Seismic Toss|p2a: Landorus
|-damage|p2a: Landorus|29/100
|
|-damage|p1a: Blissey|73/100 tox|[from] psn
|upkeep
|turn|59
|
|t:|1661241337
|-curestatus|p1a: Blissey|tox|[from] ability: Natural Cure
|switch|p1a: Skarmory|Skarmory, F|90/100
|move|p2a: Landorus|Defog|p1a: Skarmory
|-unboost|p1a: Skarmory|evasion|1
|-sideend|p2: LT94JE Fuse|Spikes|[from] move: Defog|[of] p2a: Landorus
|
|upkeep
|turn|60
|
|t:|1661241340
|move|p2a: Landorus|U-turn|p1a: Skarmory
|-resisted|p1a: Skarmory
|-damage|p1a: Skarmory|87/100
|
|t:|1661241341
|switch|p2a: Rotom|Rotom-Wash|94/100 tox|[from]move: U-turn
|move|p1a: Skarmory|Spikes|p2a: Rotom
|-sidestart|p2: LT94JE Fuse|Spikes
|
|-heal|p2a: Rotom|100/100 tox|[from] item: Leftovers
|-damage|p2a: Rotom|94/100 tox|[from] psn
|upkeep
|turn|61
|
|t:|1661241346
|move|p2a: Rotom|Volt Switch|p1a: Skarmory
|-supereffective|p1a: Skarmory
|-damage|p1a: Skarmory|16/100
|
|t:|1661241350
|switch|p2a: Weavile|Weavile, F|88/100|[from]move: Volt Switch
|-damage|p2a: Weavile|76/100|[from] Spikes
|-ability|p2a: Weavile|Pressure
|move|p1a: Skarmory|Roost|p1a: Skarmory
|-heal|p1a: Skarmory|66/100
|-singleturn|p1a: Skarmory|move: Roost
|
|upkeep
|turn|62
|
|t:|1661241353
|move|p2a: Weavile|Triple Axel|p1a: Skarmory
|-damage|p1a: Skarmory|57/100
|-damage|p1a: Skarmory|40/100
|-damage|p1a: Skarmory|14/100
|-hitcount|p1a: Skarmory|3
|move|p1a: Skarmory|Body Press|p2a: Weavile
|-supereffective|p2a: Weavile
|-damage|p2a: Weavile|0 fnt
|faint|p2a: Weavile
|
|upkeep
|
|t:|1661241359
|switch|p2a: Rotom|Rotom-Wash|94/100 tox
|turn|63
|
|t:|1661241371
|switch|p1a: Jirachi|Jirachi|67/100
|move|p2a: Rotom|Volt Switch|p1a: Jirachi
|-damage|p1a: Jirachi|52/100
|
|t:|1661241374
|switch|p2a: Urshifu|Urshifu-Rapid-Strike, M|39/100|[from]move: Volt Switch
|-damage|p2a: Urshifu|27/100|[from] Spikes
|
|-heal|p1a: Jirachi|58/100|[from] item: Leftovers
|upkeep
|turn|64
|
|t:|1661241377
|switch|p1a: Toxapex|Toxapex, F|100/100
|move|p2a: Urshifu|U-turn|p1a: Toxapex
|-resisted|p1a: Toxapex
|-damage|p1a: Toxapex|93/100
|
|t:|1661241379
|switch|p2a: Landorus|Landorus-Therian, M|29/100|[from]move: U-turn
|-ability|p2a: Landorus|Intimidate|boost
|-unboost|p1a: Toxapex|atk|1
|
|upkeep
|turn|65
|
|t:|1661241383
|move|p2a: Landorus|U-turn|p1a: Toxapex
|-resisted|p1a: Toxapex
|-damage|p1a: Toxapex|87/100
|
|t:|1661241386
|switch|p2a: Tapu Lele|Tapu Lele|63/100|[from]move: U-turn
|-damage|p2a: Tapu Lele|51/100|[from] Spikes
|-fieldstart|move: Psychic Terrain|[from] ability: Psychic Surge|[of] p2a: Tapu Lele
|move|p1a: Toxapex|Scald|p2a: Tapu Lele
|-damage|p2a: Tapu Lele|34/100
|-status|p2a: Tapu Lele|brn
|
|-damage|p2a: Tapu Lele|28/100 brn|[from] brn
|upkeep
|turn|66
|
|t:|1661241389
|switch|p1a: Jirachi|Jirachi|58/100
|move|p2a: Tapu Lele|Future Sight|p1a: Jirachi
|-start|p2a: Tapu Lele|move: Future Sight
|
|-heal|p1a: Jirachi|64/100|[from] item: Leftovers
|-damage|p2a: Tapu Lele|21/100 brn|[from] brn
|upkeep
|turn|67
|c|☆LT94JE Fuse|gg
|-message|LT94JE Fuse forfeited.
|
|win|kokoukohiro
|raw|kokoukohiro's rating: 1429 &rarr; <strong>1449</strong><br />(+20 for winning)
|raw|LT94JE Fuse's rating: 1425 &rarr; <strong>1405</strong><br />(-20 for losing)
|l|☆kokoukohiro
