|j|☆sumofsquares
|j|☆Mutako Z
|t:|1661116084
|gametype|singles
|player|p1|sumofsquares|grimsley|1720
|player|p2|Mutako Z|cynthia-gen4|1729
|teamsize|p1|6
|teamsize|p2|6
|gen|8
|tier|[Gen 8] OU
|rated|
|rule|Sleep Clause Mod: Limit one foe put to sleep
|rule|Species Clause: Limit one of each Pokémon
|rule|OHKO Clause: OHKO moves are banned
|rule|Evasion Items Clause: Evasion items are banned
|rule|Evasion Moves Clause: Evasion moves are banned
|rule|Endless Battle Clause: Forcing endless battles is banned
|rule|HP Percentage Mod: HP is shown in percentages
|rule|Dynamax Clause: You cannot dynamax
|clearpoke
|poke|p1|Zapdos-Galar|
|poke|p1|Tapu Koko|
|poke|p1|Aegislash, F|
|poke|p1|Latios, M|
|poke|p1|Garchomp, M|
|poke|p1|Tapu Fini|
|poke|p2|Hippowdon, F|
|poke|p2|Tyranitar, M|
|poke|p2|Excadrill, M|
|poke|p2|Dracozolt|
|poke|p2|Zapdos|
|poke|p2|Slowbro, M|
|teampreview
|j| ClaraBabylegs
|inactive|Battle timer is ON: inactive players will automatically lose when time's up. (requested by Mutako Z)
|c|☆Mutako Z|hf
|j| Wiener thing
|l| Wiener thing
|c|☆sumofsquares|ty you too!
|j| Roonie217
|
|t:|1661116109
|start
|switch|p1a: Garchomp|Garchomp, M|100/100
|switch|p2a: Slowbro|Slowbro, M|100/100
|turn|1
|j| Wiener thing
|
|t:|1661116114
|move|p1a: Garchomp|Stealth Rock|p2a: Slowbro
|-sidestart|p2: Mutako Z|move: Stealth Rock
|move|p2a: Slowbro|Future Sight|p1a: Garchomp
|-start|p2a: Slowbro|move: Future Sight
|
|upkeep
|turn|2
|l| Wiener thing
|
|t:|1661116121
|move|p1a: Garchomp|Swords Dance|p1a: Garchomp
|-boost|p1a: Garchomp|atk|2
|move|p2a: Slowbro|Toxic|p1a: Garchomp
|-status|p1a: Garchomp|tox
|
|-damage|p1a: Garchomp|94/100 tox|[from] psn
|upkeep
|turn|3
|j| lt94je ACII
|
|t:|1661116142
|move|p1a: Garchomp|Outrage|p2a: Slowbro
|-damage|p2a: Slowbro|0 fnt
|-damage|p1a: Garchomp|78/100 tox|[from] item: Rocky Helmet|[of] p2a: Slowbro
|faint|p2a: Slowbro
|-damage|p1a: Garchomp|68/100 tox|[from] item: Life Orb
|
|-end|p1a: Garchomp|move: Future Sight
|-damage|p1a: Garchomp|14/100 tox
|-damage|p1a: Garchomp|2/100 tox|[from] psn
|upkeep
|inactive|Mutako Z has 120 seconds left.
|
|t:|1661116175
|switch|p2a: Hippowdon|Hippowdon, F|100/100
|-damage|p2a: Hippowdon|94/100|[from] Stealth Rock
|-weather|Sandstorm|[from] ability: Sand Stream|[of] p2a: Hippowdon
|turn|4
|
|t:|1661116180
|move|p1a: Garchomp|Outrage|p2a: Hippowdon|[from]lockedmove
|-damage|p2a: Hippowdon|16/100
|-damage|p1a: Garchomp|0 fnt|[from] item: Life Orb
|faint|p1a: Garchomp
|move|p2a: Hippowdon|Stealth Rock|p1: Garchomp
|-sidestart|p1: sumofsquares|move: Stealth Rock
|
|-weather|Sandstorm|[upkeep]
|upkeep
|
|t:|1661116205
|switch|p1a: Latios|Latios, M|100/100
|-damage|p1a: Latios|88/100|[from] Stealth Rock
|turn|5
|j| keilan2007
|
|t:|1661116214
|move|p1a: Latios|Ice Beam|p2a: Hippowdon
|-supereffective|p2a: Hippowdon
|-damage|p2a: Hippowdon|0 fnt
|faint|p2a: Hippowdon
|
|-weather|Sandstorm|[upkeep]
|-damage|p1a: Latios|82/100|[from] Sandstorm
|upkeep
|l| keilan2007
|inactive|Mutako Z has 120 seconds left.
|
|t:|1661116225
|switch|p2a: Dracozolt|Dracozolt|100/100
|-damage|p2a: Dracozolt|88/100|[from] Stealth Rock
|turn|6
|
|t:|1661116230
|move|p2a: Dracozolt|Bolt Beak|p1a: Latios
|-resisted|p1a: Latios
|-damage|p1a: Latios|25/100
|-damage|p2a: Dracozolt|78/100|[from] item: Life Orb
|move|p1a: Latios|Ice Beam|p2a: Dracozolt
|-supereffective|p2a: Dracozolt
|-damage|p2a: Dracozolt|0 fnt
|faint|p2a: Dracozolt
|
|-weather|Sandstorm|[upkeep]
|-damage|p1a: Latios|19/100|[from] Sandstorm
|upkeep
|
|t:|1661116240
|switch|p2a: Excadrill|Excadrill, M|100/100
|-damage|p2a: Excadrill|97/100|[from] Stealth Rock
|turn|7
|
|t:|1661116246
|switch|p1a: Aegislash|Aegislash, F|100/100
|-damage|p1a: Aegislash|94/100|[from] Stealth Rock
|move|p2a: Excadrill|Iron Head|p1a: Aegislash
|-resisted|p1a: Aegislash
|-damage|p1a: Aegislash|70/100
|-damage|p2a: Excadrill|87/100|[from] item: Life Orb
|
|-weather|Sandstorm|[upkeep]
|-heal|p1a: Aegislash|76/100|[from] item: Leftovers
|upkeep
|turn|8
|
|t:|1661116258
|move|p1a: Aegislash|King's Shield|p1a: Aegislash
|-singleturn|p1a: Aegislash|Protect
|move|p2a: Excadrill|Iron Head|p1a: Aegislash
|-activate|p1a: Aegislash|move: Protect
|-unboost|p2a: Excadrill|atk|1
|
|-weather|Sandstorm|[upkeep]
|-heal|p1a: Aegislash|82/100|[from] item: Leftovers
|upkeep
|turn|9
|
|t:|1661116267
|switch|p1a: Tapu Fini|Tapu Fini|100/100
|-damage|p1a: Tapu Fini|88/100|[from] Stealth Rock
|-fieldstart|move: Misty Terrain|[from] ability: Misty Surge|[of] p1a: Tapu Fini
|move|p2a: Excadrill|Iron Head|p1a: Tapu Fini
|-damage|p1a: Tapu Fini|53/100
|-enditem|p1a: Tapu Fini|Eject Button
|-damage|p2a: Excadrill|78/100|[from] item: Life Orb
|
|t:|1661116277
|switch|p1a: Zapdos|Zapdos-Galar|100/100
|-damage|p1a: Zapdos|88/100|[from] Stealth Rock
|-enditem|p1a: Zapdos|Misty Seed
|-boost|p1a: Zapdos|spd|1|[from] item: Misty Seed
|
|-weather|Sandstorm|[upkeep]
|-damage|p1a: Zapdos|82/100|[from] Sandstorm
|upkeep
|turn|10
|
|t:|1661116285
|switch|p2a: Zapdos|Zapdos|100/100
|move|p1a: Zapdos|Thunderous Kick|p2a: Zapdos
|-resisted|p2a: Zapdos
|-damage|p2a: Zapdos|85/100
|-unboost|p2a: Zapdos|def|1
|
|-weather|Sandstorm|[upkeep]
|-damage|p1a: Zapdos|76/100|[from] Sandstorm
|-damage|p2a: Zapdos|79/100|[from] Sandstorm
|upkeep
|turn|11
|
|t:|1661116295
|move|p1a: Zapdos|Bulk Up|p1a: Zapdos
|-boost|p1a: Zapdos|atk|1
|-boost|p1a: Zapdos|def|1
|move|p2a: Zapdos|Hurricane|p1a: Zapdos|[miss]
|-miss|p2a: Zapdos|p1a: Zapdos
|
|-weather|none
|upkeep
|turn|12
|
|t:|1661116303
|move|p1a: Zapdos|Brave Bird|p2a: Zapdos
|-resisted|p2a: Zapdos
|-damage|p2a: Zapdos|31/100
|-damage|p1a: Zapdos|57/100|[from] Recoil
|move|p2a: Zapdos|Hurricane|p1a: Zapdos|[miss]
|-miss|p2a: Zapdos|p1a: Zapdos
|
|upkeep
|turn|13
|
|t:|1661116321
|switch|p2a: Tyranitar|Tyranitar, M|100/100
|-damage|p2a: Tyranitar|88/100|[from] Stealth Rock
|-weather|Sandstorm|[from] ability: Sand Stream|[of] p2a: Tyranitar
|move|p1a: Zapdos|Brave Bird|p2a: Tyranitar
|-resisted|p2a: Tyranitar
|-damage|p2a: Tyranitar|44/100
|-damage|p1a: Zapdos|41/100|[from] Recoil
|
|-weather|Sandstorm|[upkeep]
|-damage|p1a: Zapdos|35/100|[from] Sandstorm
|-fieldend|Misty Terrain
|upkeep
|turn|14
|
|t:|1661116342
|move|p1a: Zapdos|Thunderous Kick|p2a: Tyranitar
|-supereffective|p2a: Tyranitar
|-damage|p2a: Tyranitar|0 fnt
|faint|p2a: Tyranitar
|
|-weather|Sandstorm|[upkeep]
|-damage|p1a: Zapdos|29/100|[from] Sandstorm
|upkeep
|
|t:|1661116349
|switch|p2a: Excadrill|Excadrill, M|78/100
|-damage|p2a: Excadrill|74/100|[from] Stealth Rock
|turn|15
|j| keilan2007
|
|t:|1661116352
|move|p2a: Excadrill|Iron Head|p1a: Zapdos
|-damage|p1a: Zapdos|0 fnt
|faint|p1a: Zapdos
|-damage|p2a: Excadrill|64/100|[from] item: Life Orb
|
|-weather|Sandstorm|[upkeep]
|upkeep
|l| keilan2007
|inactive|sumofsquares has 120 seconds left.
|
|t:|1661116395
|switch|p1a: Aegislash|Aegislash, F|82/100
|-damage|p1a: Aegislash|76/100|[from] Stealth Rock
|turn|16
|
|t:|1661116401
|move|p1a: Aegislash|King's Shield|p1a: Aegislash
|-singleturn|p1a: Aegislash|Protect
|move|p2a: Excadrill|Earthquake|p1a: Aegislash
|-activate|p1a: Aegislash|move: Protect
|
|-weather|Sandstorm|[upkeep]
|-heal|p1a: Aegislash|82/100|[from] item: Leftovers
|upkeep
|turn|17
|inactive|sumofsquares has 120 seconds left.
|
|t:|1661116411
|switch|p1a: Tapu Fini|Tapu Fini|53/100
|-damage|p1a: Tapu Fini|41/100|[from] Stealth Rock
|-fieldstart|move: Misty Terrain|[from] ability: Misty Surge|[of] p1a: Tapu Fini
|move|p2a: Excadrill|Earthquake|p1a: Tapu Fini
|-damage|p1a: Tapu Fini|0 fnt
|faint|p1a: Tapu Fini
|-damage|p2a: Excadrill|55/100|[from] item: Life Orb
|
|-weather|none
|upkeep
|inactive|sumofsquares has 120 seconds left.
|
|t:|1661116429
|switch|p1a: Latios|Latios, M|19/100
|-damage|p1a: Latios|7/100|[from] Stealth Rock
|turn|18
|
|t:|1661116440
|move|p1a: Latios|Ice Beam|p2a: Excadrill
|-damage|p2a: Excadrill|0 fnt
|faint|p2a: Excadrill
|
|upkeep
|
|t:|1661116444
|switch|p2a: Zapdos|Zapdos|31/100
|turn|19
|
|t:|1661116447
|move|p1a: Latios|Ice Beam|p2a: Zapdos
|-supereffective|p2a: Zapdos
|-damage|p2a: Zapdos|0 fnt
|faint|p2a: Zapdos
|
|win|sumofsquares
|raw|sumofsquares's rating: 1720 &rarr; <strong>1741</strong><br />(+21 for winning)
|raw|Mutako Z's rating: 1729 &rarr; <strong>1708</strong><br />(-21 for losing)
|c|☆Mutako Z|gg
|l|☆Mutako Z
|c|☆sumofsquares|gg sorry about hurricane misses
|l|☆sumofsquares
||Ladder isn't responding, score probably updated but might not have (Request timeout).
|l| ClaraBabylegs
|l| lt94je ACII
|j|☆sumofsquares
|player|p1|sumofsquares|grimsley
