|raw|<div class="broadcast-blue"><strong>This battle is required to be public due to a player having a name starting with 'lt92pf'.</div>
|j|☆Orangesss
|j|☆LT92PF Ayt
|t:|1659805930
|gametype|singles
|player|p1|Orangesss|silver|1763
|player|p2|LT92PF Ayt|unknown|1769
|teamsize|p1|6
|teamsize|p2|6
|gen|8
|tier|[Gen 8] OU
|rated|
|rule|Sleep Clause Mod: Limit one foe put to sleep
|rule|Species Clause: Limit one of each Pokémon
|rule|OHKO Clause: OHKO moves are banned
|rule|Evasion Items Clause: Evasion items are banned
|rule|Evasion Moves Clause: Evasion moves are banned
|rule|Endless Battle Clause: Forcing endless battles is banned
|rule|HP Percentage Mod: HP is shown in percentages
|rule|Dynamax Clause: You cannot dynamax
|clearpoke
|poke|p1|Pelipper, F|
|poke|p1|Barraskewda, F|
|poke|p1|Ferrothorn, F|
|poke|p1|Seismitoad, M|
|poke|p1|Tapu Koko|
|poke|p1|Tornadus-Therian, M|
|poke|p2|Zapdos|
|poke|p2|Melmetal|
|poke|p2|Zarude|
|poke|p2|Tapu Fini|
|poke|p2|Swampert, M|
|poke|p2|Landorus-Therian, M|
|teampreview
|inactive|Battle timer is ON: inactive players will automatically lose when time's up. (requested by Orangesss)
|j| CALL THE CREW
|
|t:|1659805942
|start
|switch|p1a: Speed Overdose|Tapu Koko|100/100
|switch|p2a: Swampert|Swampert, M|100/100
|-fieldstart|move: Electric Terrain|[from] ability: Electric Surge|[of] p1a: Speed Overdose
|turn|1
|
|t:|1659805948
|switch|p2a: Zarude|Zarude|100/100
|move|p1a: Speed Overdose|Grass Knot|p2a: Zarude
|-resisted|p2a: Zarude
|-damage|p2a: Zarude|84/100
|
|upkeep
|turn|2
|
|t:|1659805954
|switch|p1a: Lando Black sheep|Tornadus-Therian, M|100/100
|move|p2a: Zarude|Darkest Lariat|p1a: Lando Black sheep
|-damage|p1a: Lando Black sheep|32/100
|
|upkeep
|turn|3
|
|t:|1659805959
|switch|p2a: Zapdos|Zapdos|100/100
|move|p1a: Lando Black sheep|U-turn|p2a: Zapdos
|-resisted|p2a: Zapdos
|-damage|p2a: Zapdos|92/100
|
|t:|1659805965
|switch|p1a: Speed Overdose|Tapu Koko|100/100|[from]move: U-turn
|
|upkeep
|turn|4
|
|t:|1659805967
|switch|p2a: Landorus|Landorus-Therian, M|100/100
|-ability|p2a: Landorus|Intimidate|boost
|-unboost|p1a: Speed Overdose|atk|1
|move|p1a: Speed Overdose|Dazzling Gleam|p2a: Landorus
|-damage|p2a: Landorus|55/100
|
|-heal|p2a: Landorus|61/100|[from] item: Leftovers
|upkeep
|turn|5
|
|t:|1659805973
|move|p1a: Speed Overdose|Dazzling Gleam|p2a: Landorus
|-damage|p2a: Landorus|17/100
|move|p2a: Landorus|U-turn|p1a: Speed Overdose
|-resisted|p1a: Speed Overdose
|-damage|p1a: Speed Overdose|85/100
|
|t:|1659805976
|switch|p2a: Melmetal|Melmetal|100/100|[from]move: U-turn
|
|-fieldend|move: Electric Terrain
|upkeep
|turn|6
|
|t:|1659805989
|switch|p1a: Hates rain|Ferrothorn, F|100/100
|move|p2a: Melmetal|Superpower|p1a: Hates rain
|-supereffective|p1a: Hates rain
|-damage|p1a: Hates rain|43/100
|-unboost|p2a: Melmetal|atk|1
|-unboost|p2a: Melmetal|def|1
|-damage|p2a: Melmetal|88/100|[from] ability: Iron Barbs|[of] p1a: Hates rain
|
|-heal|p2a: Melmetal|94/100|[from] item: Leftovers
|-heal|p1a: Hates rain|49/100|[from] item: Leftovers
|upkeep
|turn|7
|
|t:|1659805996
|move|p2a: Melmetal|Superpower|p1a: Hates rain
|-supereffective|p1a: Hates rain
|-damage|p1a: Hates rain|14/100
|-unboost|p2a: Melmetal|atk|1
|-unboost|p2a: Melmetal|def|1
|-damage|p2a: Melmetal|82/100|[from] ability: Iron Barbs|[of] p1a: Hates rain
|move|p1a: Hates rain|Spikes|p2a: Melmetal
|-sidestart|p2: LT92PF Ayt|Spikes
|
|-heal|p2a: Melmetal|88/100|[from] item: Leftovers
|-heal|p1a: Hates rain|20/100|[from] item: Leftovers
|upkeep
|turn|8
|
|t:|1659806009
|switch|p1a: Big Gulp sponsor|Pelipper, F|100/100
|-weather|RainDance|[from] ability: Drizzle|[of] p1a: Big Gulp sponsor
|move|p2a: Melmetal|Superpower|p1a: Big Gulp sponsor
|-resisted|p1a: Big Gulp sponsor
|-damage|p1a: Big Gulp sponsor|91/100
|-unboost|p2a: Melmetal|atk|1
|-unboost|p2a: Melmetal|def|1
|
|-weather|RainDance|[upkeep]
|-heal|p2a: Melmetal|94/100|[from] item: Leftovers
|upkeep
|turn|9
|
|t:|1659806018
|switch|p2a: Zapdos|Zapdos|92/100
|move|p1a: Big Gulp sponsor|U-turn|p2a: Zapdos
|-resisted|p2a: Zapdos
|-damage|p2a: Zapdos|86/100
|
|t:|1659806022
|switch|p1a: Agent ¥|Seismitoad, M, shiny|100/100|[from]move: U-turn
|
|-weather|RainDance|[upkeep]
|upkeep
|turn|10
|
|t:|1659806025
|switch|p2a: Landorus|Landorus-Therian, M|17/100
|-ability|p2a: Landorus|Intimidate|boost
|-unboost|p1a: Agent ¥|atk|1
|move|p1a: Agent ¥|Weather Ball|p2a: Landorus
|-supereffective|p2a: Landorus
|-crit|p2a: Landorus
|-damage|p2a: Landorus|0 fnt
|faint|p2a: Landorus
|-damage|p1a: Agent ¥|91/100|[from] item: Life Orb
|
|-weather|RainDance|[upkeep]
|upkeep
|
|t:|1659806030
|switch|p2a: Tapu Fini|Tapu Fini|100/100
|-damage|p2a: Tapu Fini|88/100|[from] Spikes
|-fieldstart|move: Misty Terrain|[from] ability: Misty Surge|[of] p2a: Tapu Fini
|turn|11
|
|t:|1659806033
|move|p1a: Agent ¥|Sludge Wave|p2a: Tapu Fini
|-supereffective|p2a: Tapu Fini
|-damage|p2a: Tapu Fini|29/100
|-damage|p1a: Agent ¥|81/100|[from] item: Life Orb
|move|p2a: Tapu Fini|Surf|p1a: Agent ¥
|-damage|p1a: Agent ¥|2/100
|
|-weather|RainDance|[upkeep]
|-heal|p2a: Tapu Fini|35/100|[from] item: Leftovers
|upkeep
|turn|12
|
|t:|1659806039
|move|p1a: Agent ¥|Weather Ball|p2a: Tapu Fini
|-resisted|p2a: Tapu Fini
|-damage|p2a: Tapu Fini|2/100
|-damage|p1a: Agent ¥|0 fnt|[from] item: Life Orb
|faint|p1a: Agent ¥
|move|p2a: Tapu Fini|Draining Kiss|p1: Agent ¥|[notarget]
|-fail|p2a: Tapu Fini
|
|-weather|RainDance|[upkeep]
|-heal|p2a: Tapu Fini|8/100|[from] item: Leftovers
|upkeep
|
|t:|1659806044
|switch|p1a: One fish two fish|Barraskewda, F|100/100
|turn|13
|
|t:|1659806049
|move|p1a: One fish two fish|Liquidation|p2a: Tapu Fini
|-resisted|p2a: Tapu Fini
|-damage|p2a: Tapu Fini|0 fnt
|faint|p2a: Tapu Fini
|
|-weather|RainDance|[upkeep]
|upkeep
|
|t:|1659806052
|switch|p2a: Zarude|Zarude|84/100
|-damage|p2a: Zarude|72/100|[from] Spikes
|turn|14
|
|t:|1659806060
|switch|p1a: Hates rain|Ferrothorn, F|20/100
|move|p2a: Zarude|Darkest Lariat|p1a: Hates rain
|-damage|p1a: Hates rain|0 fnt
|-damage|p2a: Zarude|60/100|[from] ability: Iron Barbs|[of] p1a: Hates rain
|faint|p1a: Hates rain
|
|-weather|RainDance|[upkeep]
|upkeep
|
|t:|1659806072
|switch|p1a: Lando Black sheep|Tornadus-Therian, M|65/100
|turn|15
|
|t:|1659806078
|switch|p2a: Zapdos|Zapdos|86/100
|move|p1a: Lando Black sheep|U-turn|p2a: Zapdos
|-resisted|p2a: Zapdos
|-damage|p2a: Zapdos|77/100
|-status|p1a: Lando Black sheep|par|[from] ability: Static|[of] p2a: Zapdos
|
|t:|1659806081
|switch|p1a: One fish two fish|Barraskewda, F|100/100|[from]move: U-turn
|
|-weather|none
|-fieldend|Misty Terrain
|upkeep
|turn|16
|
|t:|1659806092
|move|p1a: One fish two fish|Flip Turn|p2a: Zapdos
|-damage|p2a: Zapdos|16/100
|
|t:|1659806096
|switch|p1a: Speed Overdose|Tapu Koko|85/100|[from]move: Flip Turn
|-fieldstart|move: Electric Terrain|[from] ability: Electric Surge|[of] p1a: Speed Overdose
|move|p2a: Zapdos|Volt Switch|p1a: Speed Overdose
|-resisted|p1a: Speed Overdose
|-damage|p1a: Speed Overdose|57/100
|
|t:|1659806101
|switch|p2a: Swampert|Swampert, M|100/100|[from]move: Volt Switch
|-damage|p2a: Swampert|88/100|[from] Spikes
|
|-heal|p2a: Swampert|94/100|[from] item: Leftovers
|upkeep
|turn|17
|
|t:|1659806105
|move|p1a: Speed Overdose|Grass Knot|p2a: Swampert
|-supereffective|p2a: Swampert
|-damage|p2a: Swampert|0 fnt
|faint|p2a: Swampert
|
|upkeep
|
|t:|1659806109
|switch|p2a: Melmetal|Melmetal|94/100
|-damage|p2a: Melmetal|82/100|[from] Spikes
|turn|18
|
|t:|1659806112
|switch|p1a: Big Gulp sponsor|Pelipper, F|91/100
|-weather|RainDance|[from] ability: Drizzle|[of] p1a: Big Gulp sponsor
|move|p2a: Melmetal|Thunder Punch|p1a: Big Gulp sponsor
|-supereffective|p1a: Big Gulp sponsor
|-damage|p1a: Big Gulp sponsor|0 fnt
|faint|p1a: Big Gulp sponsor
|
|-weather|RainDance|[upkeep]
|-heal|p2a: Melmetal|88/100|[from] item: Leftovers
|upkeep
|
|t:|1659806117
|switch|p1a: One fish two fish|Barraskewda, F|100/100
|turn|19
|
|t:|1659806129
|move|p1a: One fish two fish|Flip Turn|p2a: Melmetal
|-damage|p2a: Melmetal|46/100
|
|t:|1659806134
|switch|p1a: Lando Black sheep|Tornadus-Therian, M|98/100 par|[from]move: Flip Turn
|move|p2a: Melmetal|Thunder Punch|p1a: Lando Black sheep
|-supereffective|p1a: Lando Black sheep
|-damage|p1a: Lando Black sheep|3/100 par
|
|-weather|RainDance|[upkeep]
|-heal|p2a: Melmetal|52/100|[from] item: Leftovers
|upkeep
|turn|20
|
|t:|1659806139
|switch|p2a: Zapdos|Zapdos|16/100
|move|p1a: Lando Black sheep|Knock Off|p2a: Zapdos
|-damage|p2a: Zapdos|0 fnt
|-enditem|p2a: Zapdos|Heavy-Duty Boots|[from] move: Knock Off|[of] p1a: Lando Black sheep
|faint|p2a: Zapdos
|
|-weather|RainDance|[upkeep]
|-fieldend|move: Electric Terrain
|upkeep
|
|t:|1659806143
|switch|p2a: Zarude|Zarude|60/100
|-damage|p2a: Zarude|48/100|[from] Spikes
|turn|21
|
|t:|1659806147
|move|p2a: Zarude|U-turn|p1a: Lando Black sheep
|-resisted|p1a: Lando Black sheep
|-damage|p1a: Lando Black sheep|0 fnt
|faint|p1a: Lando Black sheep
|-message|LT92PF Ayt forfeited.
|
|win|Orangesss
|raw|Orangesss's rating: 1763 &rarr; <strong>1783</strong><br />(+20 for winning)
|raw|LT92PF Ayt's rating: 1769 &rarr; <strong>1749</strong><br />(-20 for losing)
|l|☆LT92PF Ayt
||Ladder isn't responding, score probably updated but might not have (Request timeout).
