|j|☆big boss 447
|j|☆kiss the sun
|player|p1|big boss 447|n|1823
|player|p2|kiss the sun|266|1831
|teamsize|p1|6
|teamsize|p2|6
|gametype|singles
|gen|8
|tier|[Gen 8] OU
|rated|
|clearpoke
|poke|p1|Mimikyu, F|
|poke|p1|Hippowdon, M|
|poke|p1|Excadrill, F|
|poke|p1|Diggersby, F|
|poke|p1|Hydreigon, M|
|poke|p1|Clefable, F|
|poke|p2|Diggersby, F|
|poke|p2|Kyurem|
|poke|p2|Zeraora|
|poke|p2|Keldeo-Resolute|
|poke|p2|Mew|
|poke|p2|Dragapult, F|
|rule|Sleep Clause Mod: Limit one foe put to sleep
|rule|Species Clause: Limit one of each Pokémon
|rule|OHKO Clause: OHKO moves are banned
|rule|Evasion Moves Clause: Evasion moves are banned
|rule|Endless Battle Clause: Forcing endless battles is banned
|rule|HP Percentage Mod: HP is shown in percentages
|rule|Dynamax Clause: You cannot dynamax
|teampreview
|j| cancer02
|j| dat1aznkid
|j| vCyborgg
|
|start
|switch|p1a: Hydreigon|Hydreigon, M|100/100
|switch|p2a: Mew|Mew|100/100
|turn|1
|
|move|p1a: Hydreigon|Dark Pulse|p2a: Mew
|-supereffective|p2a: Mew
|-damage|p2a: Mew|28/100
|-enditem|p2a: Mew|Red Card|[of] p1a: Hydreigon
|drag|p1a: Mimikyu|Mimikyu, F|100/100
|cant|p2a: Mew|flinch
|
|upkeep
|turn|2
|j| HeavenStar
|j| fknWayne
|
|switch|p2a: Diggersby|Diggersby, F|100/100
|move|p1a: Mimikyu|Shadow Sneak|p2a: Diggersby
|-immune|p2a: Diggersby
|
|upkeep
|turn|3
|j| Toxic_Realm
|j| mdng
|
|switch|p1a: Hippowdon|Hippowdon, M|100/100
|-weather|Sandstorm|[from] ability: Sand Stream|[of] p1a: Hippowdon
|move|p2a: Diggersby|Thunder Punch|p1a: Hippowdon
|-immune|p1a: Hippowdon
|
|-weather|Sandstorm|[upkeep]
|upkeep
|turn|4
|
|move|p2a: Diggersby|Swords Dance|p2a: Diggersby
|-boost|p2a: Diggersby|atk|2
|move|p1a: Hippowdon|Stealth Rock|p2a: Diggersby
|-sidestart|p2: kiss the sun|move: Stealth Rock
|
|-weather|Sandstorm|[upkeep]
|upkeep
|turn|5
|
|move|p2a: Diggersby|Earthquake|p1a: Hippowdon
|-damage|p1a: Hippowdon|3/100
|-damage|p2a: Diggersby|91/100|[from] item: Life Orb
|move|p1a: Hippowdon|Whirlwind|p2a: Diggersby
|drag|p2a: Zeraora|Zeraora|100/100
|-damage|p2a: Zeraora|88/100|[from] Stealth Rock
|
|-weather|Sandstorm|[upkeep]
|-damage|p2a: Zeraora|82/100|[from] Sandstorm
|-heal|p2a: Zeraora|88/100|[from] item: Leftovers
|upkeep
|turn|6
|j| eltinum
|j| WHYAREYOUDYING
|
|move|p2a: Zeraora|Drain Punch|p1a: Hippowdon
|-damage|p1a: Hippowdon|0 fnt
|-heal|p2a: Zeraora|90/100|[from] drain|[of] p1a: Hippowdon
|faint|p1a: Hippowdon
|
|-weather|Sandstorm|[upkeep]
|-damage|p2a: Zeraora|84/100|[from] Sandstorm
|-heal|p2a: Zeraora|90/100|[from] item: Leftovers
|upkeep
|
|switch|p1a: Excadrill|Excadrill, F|100/100
|turn|7
|
|switch|p2a: Mew|Mew|28/100
|-damage|p2a: Mew|15/100|[from] Stealth Rock
|move|p1a: Excadrill|Earthquake|p2a: Mew
|-damage|p2a: Mew|0 fnt
|-damage|p1a: Excadrill|91/100|[from] item: Life Orb
|faint|p2a: Mew
|
|-weather|Sandstorm|[upkeep]
|upkeep
|
|switch|p2a: Keldeo|Keldeo-Resolute|100/100
|-damage|p2a: Keldeo|94/100|[from] Stealth Rock
|turn|8
|
|switch|p1a: Clefable|Clefable, F|100/100
|move|p2a: Keldeo|Scald|p1a: Clefable
|-damage|p1a: Clefable|58/100
|
|-weather|Sandstorm|[upkeep]
|-damage|p2a: Keldeo|88/100|[from] Sandstorm
|-heal|p2a: Keldeo|94/100|[from] item: Leftovers
|upkeep
|turn|9
|
|switch|p2a: Diggersby|Diggersby, F|91/100
|-damage|p2a: Diggersby|84/100|[from] Stealth Rock
|move|p1a: Clefable|Moonblast|p2a: Diggersby
|-damage|p2a: Diggersby|8/100
|-unboost|p2a: Diggersby|spa|1
|
|-weather|Sandstorm|[upkeep]
|upkeep
|turn|10
|
|switch|p1a: Excadrill|Excadrill, F|91/100
|move|p2a: Diggersby|Earthquake|p1a: Excadrill
|-supereffective|p1a: Excadrill
|-damage|p1a: Excadrill|0 fnt
|-damage|p2a: Diggersby|0 fnt|[from] item: Life Orb
|faint|p1a: Excadrill
|faint|p2a: Diggersby
|
|-weather|none
|upkeep
|
|switch|p1a: Hydreigon|Hydreigon, M|100/100
|switch|p2a: Dragapult|Dragapult, F|100/100
|-damage|p2a: Dragapult|88/100|[from] Stealth Rock
|turn|11
|c| Toxic_Realm|whats diggersby's last move
|
|switch|p2a: Keldeo|Keldeo-Resolute|94/100
|-damage|p2a: Keldeo|88/100|[from] Stealth Rock
|move|p1a: Hydreigon|Draco Meteor|p2a: Keldeo
|-damage|p2a: Keldeo|5/100
|-unboost|p1a: Hydreigon|spa|2
|
|-heal|p2a: Keldeo|11/100|[from] item: Leftovers
|upkeep
|turn|12
|c| Toxic_Realm|body slam?
|
|move|p1a: Hydreigon|Draco Meteor|p2a: Keldeo
|-damage|p2a: Keldeo|0 fnt
|-unboost|p1a: Hydreigon|spa|2
|faint|p2a: Keldeo
|
|upkeep
|
|switch|p2a: Zeraora|Zeraora|90/100
|-damage|p2a: Zeraora|78/100|[from] Stealth Rock
|turn|13
|
|switch|p1a: Clefable|Clefable, F|58/100
|move|p2a: Zeraora|Bulk Up|p2a: Zeraora
|-boost|p2a: Zeraora|atk|1
|-boost|p2a: Zeraora|def|1
|
|-heal|p2a: Zeraora|84/100|[from] item: Leftovers
|upkeep
|turn|14
|j| Bicurious Dads
|
|move|p2a: Zeraora|Bulk Up|p2a: Zeraora
|-boost|p2a: Zeraora|atk|1
|-boost|p2a: Zeraora|def|1
|move|p1a: Clefable|Moonblast|p2a: Zeraora
|-damage|p2a: Zeraora|15/100
|
|-heal|p2a: Zeraora|21/100|[from] item: Leftovers
|upkeep
|turn|15
|
|move|p2a: Zeraora|Plasma Fists|p1a: Clefable
|-damage|p1a: Clefable|0 fnt
|-fieldactivate|move: Ion Deluge
|faint|p1a: Clefable
|
|-heal|p2a: Zeraora|27/100|[from] item: Leftovers
|upkeep
|
|switch|p1a: Hydreigon|Hydreigon, M|100/100
|turn|16
|
|move|p1a: Hydreigon|Dark Pulse|p2a: Zeraora
|-damage|p2a: Zeraora|0 fnt
|faint|p2a: Zeraora
|
|upkeep
|c|☆kiss the sun|so weak to this team
|c|☆kiss the sun|back to the drawing board
|-message|kiss the sun forfeited.
|
|win|big boss 447
|l|☆kiss the sun
|raw|big boss 447's rating: 1823 &rarr; <strong>1843</strong><br />(+20 for winning)
|raw|kiss the sun's rating: 1831 &rarr; <strong>1811</strong><br />(-20 for losing)
|l| cancer02
|l| mdng
|c| Toxic_Realm|what is that diggersby's set
|l| eltinum
|l| Bicurious Dads
|c|☆big boss 447|SD rock tomb dig flare blitz
|c|☆big boss 447|u can also run guillotine if u feel big
|c| Toxic_Realm|should i use tpunch swords dance earthquake and body slam
|c| Toxic_Realm|on diggersby
|c|☆big boss 447|QA > Slam
|c|☆big boss 447|Charge > T Punch but that’s preference
|c|☆big boss 447|fire punch also viable if ur team is bad v ferro
|l|☆big boss 447
|l| fknWayne
|l| WHYAREYOUDYING
