|raw|<div class="broadcast-blue"><strong>This battle is required to be public due to a player having a name starting with 'lt93oq'.</div>
|j|☆ripreckful
|j|☆LT93OQ ouille
|t:|1660930279
|gametype|singles
|player|p1|ripreckful|hilbert|1891
|player|p2|LT93OQ ouille|fisherman-gen4|1913
|teamsize|p1|6
|teamsize|p2|6
|gen|8
|tier|[Gen 8] OU
|rated|
|rule|Sleep Clause Mod: Limit one foe put to sleep
|rule|Species Clause: Limit one of each Pokémon
|rule|OHKO Clause: OHKO moves are banned
|rule|Evasion Items Clause: Evasion items are banned
|rule|Evasion Moves Clause: Evasion moves are banned
|rule|Endless Battle Clause: Forcing endless battles is banned
|rule|HP Percentage Mod: HP is shown in percentages
|rule|Dynamax Clause: You cannot dynamax
|clearpoke
|poke|p1|Landorus-Therian, M|
|poke|p1|Melmetal|
|poke|p1|Zapdos|
|poke|p1|Urshifu-*, M|
|poke|p1|Tapu Lele|
|poke|p1|Dragapult, M|
|poke|p2|Rillaboom, M|
|poke|p2|Tornadus-Therian, M|
|poke|p2|Buzzwole|
|poke|p2|Melmetal|
|poke|p2|Garchomp, F|
|poke|p2|Slowbro, M|
|teampreview
|inactive|Battle timer is ON: inactive players will automatically lose when time's up. (requested by ripreckful)
|inactive|ripreckful has 120 seconds left.
|
|t:|1660930311
|start
|switch|p1a: Zapdos|Zapdos|100/100
|switch|p2a: Rillaboom|Rillaboom, M|100/100
|-fieldstart|move: Grassy Terrain|[from] ability: Grassy Surge|[of] p2a: Rillaboom
|turn|1
|c|☆ripreckful|hf
|inactive|LT93OQ ouille has 120 seconds left.
|j| resfdvdvc
|l| resfdvdvc
|
|t:|1660930349
|switch|p2a: Garchomp|Garchomp, F|100/100
|move|p1a: Zapdos|Hurricane|p2a: Garchomp|[miss]
|-miss|p1a: Zapdos|p2a: Garchomp
|
|upkeep
|turn|2
|j| LT93OQ Mus
|c|☆LT93OQ ouille|gl
|j| lokkking87
|
|t:|1660930379
|switch|p1a: Landorus|Landorus-Therian, M|100/100
|-ability|p1a: Landorus|Intimidate|boost
|-unboost|p2a: Garchomp|atk|1
|move|p2a: Garchomp|Stealth Rock|p1a: Landorus
|-sidestart|p1: ripreckful|move: Stealth Rock
|
|upkeep
|turn|3
|inactive|LT93OQ ouille has 120 seconds left.
|
|t:|1660930397
|switch|p2a: Slowbro|Slowbro, M|100/100
|move|p1a: Landorus|Stealth Rock|p2a: Slowbro
|-sidestart|p2: LT93OQ ouille|move: Stealth Rock
|
|upkeep
|turn|4
|
|t:|1660930401
|move|p1a: Landorus|U-turn|p2a: Slowbro
|-supereffective|p2a: Slowbro
|-damage|p2a: Slowbro|75/100
|-damage|p1a: Landorus|84/100|[from] item: Rocky Helmet|[of] p2a: Slowbro
|
|t:|1660930403
|switch|p1a: Zapdos|Zapdos|100/100|[from]move: U-turn
|move|p2a: Slowbro|Future Sight|p1a: Zapdos
|-start|p2a: Slowbro|move: Future Sight
|
|-heal|p2a: Slowbro|81/100|[from] Grassy Terrain
|upkeep
|turn|5
|
|t:|1660930410
|switch|p2a: Garchomp|Garchomp, F|100/100
|-damage|p2a: Garchomp|94/100|[from] Stealth Rock
|move|p1a: Zapdos|Hurricane|p2a: Garchomp
|-damage|p2a: Garchomp|60/100
|
|-heal|p2a: Garchomp|66/100|[from] Grassy Terrain
|-heal|p2a: Garchomp|72/100|[from] item: Leftovers
|-fieldend|move: Grassy Terrain
|upkeep
|turn|6
|j| reddit randy
|j| Igerow629
|
|t:|1660930426
|switch|p1a: Melmetal|Melmetal|100/100
|-damage|p1a: Melmetal|94/100|[from] Stealth Rock
|move|p2a: Garchomp|Toxic|p1a: Melmetal
|-immune|p1a: Melmetal
|
|-end|p1a: Melmetal|move: Future Sight
|-resisted|p1a: Melmetal
|-damage|p1a: Melmetal|75/100
|-heal|p2a: Garchomp|78/100|[from] item: Leftovers
|-heal|p1a: Melmetal|81/100|[from] item: Leftovers
|upkeep
|turn|7
|
|t:|1660930446
|move|p2a: Garchomp|Protect|p2a: Garchomp
|-singleturn|p2a: Garchomp|Protect
|move|p1a: Melmetal|Double Iron Bash|p2a: Garchomp
|-activate|p2a: Garchomp|move: Protect
|
|-heal|p2a: Garchomp|85/100|[from] item: Leftovers
|-heal|p1a: Melmetal|87/100|[from] item: Leftovers
|upkeep
|turn|8
|
|t:|1660930454
|switch|p2a: Slowbro|Slowbro, M|100/100
|-damage|p2a: Slowbro|88/100|[from] Stealth Rock
|move|p1a: Melmetal|Toxic|p2a: Slowbro
|-status|p2a: Slowbro|tox
|
|-heal|p1a: Melmetal|93/100|[from] item: Leftovers
|-damage|p2a: Slowbro|82/100 tox|[from] psn
|upkeep
|turn|9
|j| Shunshun
|inactive|ripreckful has 120 seconds left.
|l| Igerow629
|j| Marshmellow.OwO
|j| LT93OQ SERPI
|inactive|ripreckful has 90 seconds left.
|j| pelotonian
|inactive|ripreckful has 60 seconds left.
|inactive|ripreckful has 30 seconds left.
|
|t:|1660930572
|switch|p1a: Dragapult|Dragapult, M|100/100
|-damage|p1a: Dragapult|88/100|[from] Stealth Rock
|move|p2a: Slowbro|Future Sight|p1a: Dragapult
|-start|p2a: Slowbro|move: Future Sight
|
|-damage|p2a: Slowbro|70/100 tox|[from] psn
|upkeep
|turn|10
|inactive|ripreckful has 30 seconds left.
|inactive|ripreckful has 20 seconds left.
|j| LT93OQ im garbage
|
|t:|1660930600
|switch|p2a: Melmetal|Melmetal|100/100
|-damage|p2a: Melmetal|94/100|[from] Stealth Rock
|move|p1a: Dragapult|Draco Meteor|p2a: Melmetal
|-resisted|p2a: Melmetal
|-damage|p2a: Melmetal|55/100
|-unboost|p1a: Dragapult|spa|2
|
|-heal|p2a: Melmetal|61/100|[from] item: Leftovers
|upkeep
|turn|11
|inactive|ripreckful has 30 seconds left this turn.
|inactive|LT93OQ ouille has 120 seconds left.
|
|t:|1660930644
|switch|p1a: Melmetal|Melmetal|93/100
|-damage|p1a: Melmetal|87/100|[from] Stealth Rock
|switch|p2a: Garchomp|Garchomp, F|85/100
|-damage|p2a: Garchomp|78/100|[from] Stealth Rock
|
|-end|p1a: Melmetal|move: Future Sight
|-resisted|p1a: Melmetal
|-damage|p1a: Melmetal|68/100
|-heal|p2a: Garchomp|85/100|[from] item: Leftovers
|-heal|p1a: Melmetal|74/100|[from] item: Leftovers
|upkeep
|turn|12
|j| Volcaronium
|inactive|ripreckful has 30 seconds left.
|l| reddit randy
|
|t:|1660930659
|move|p2a: Garchomp|Protect|p2a: Garchomp
|-singleturn|p2a: Garchomp|Protect
|move|p1a: Melmetal|Protect||[still]
|-fail|p1a: Melmetal
|
|-heal|p2a: Garchomp|91/100|[from] item: Leftovers
|-heal|p1a: Melmetal|80/100|[from] item: Leftovers
|upkeep
|turn|13
|inactive|ripreckful has 30 seconds left.
|
|t:|1660930673
|switch|p2a: Slowbro|Slowbro, M|100/100 tox
|-damage|p2a: Slowbro|88/100 tox|[from] Stealth Rock
|switch|p1a: Landorus|Landorus-Therian, M|84/100
|-damage|p1a: Landorus|72/100|[from] Stealth Rock
|-ability|p1a: Landorus|Intimidate|boost
|-unboost|p2a: Slowbro|atk|1
|
|-heal|p1a: Landorus|78/100|[from] item: Leftovers
|-damage|p2a: Slowbro|82/100 tox|[from] psn
|upkeep
|turn|14
|
|t:|1660930683
|move|p1a: Landorus|Knock Off|p2a: Slowbro
|-supereffective|p2a: Slowbro
|-damage|p2a: Slowbro|43/100 tox
|-damage|p1a: Landorus|61/100|[from] item: Rocky Helmet|[of] p2a: Slowbro
|-enditem|p2a: Slowbro|Rocky Helmet|[from] move: Knock Off|[of] p1a: Landorus
|move|p2a: Slowbro|Scald|p1a: Landorus
|-supereffective|p1a: Landorus
|-damage|p1a: Landorus|21/100
|-status|p1a: Landorus|brn
|
|-heal|p1a: Landorus|27/100 brn|[from] item: Leftovers
|-damage|p2a: Slowbro|31/100 tox|[from] psn
|-damage|p1a: Landorus|21/100 brn|[from] brn
|upkeep
|turn|15
|
|t:|1660930694
|move|p1a: Landorus|U-turn|p2a: Slowbro
|-supereffective|p2a: Slowbro
|-damage|p2a: Slowbro|17/100 tox
|l| LT93OQ im garbage
|
|t:|1660930706
|switch|p1a: Melmetal|Melmetal|80/100|[from]move: U-turn
|-damage|p1a: Melmetal|74/100|[from] Stealth Rock
|move|p2a: Slowbro|Toxic|p1a: Melmetal
|-immune|p1a: Melmetal
|
|-heal|p1a: Melmetal|80/100|[from] item: Leftovers
|-damage|p2a: Slowbro|0 fnt|[from] psn
|faint|p2a: Slowbro
|upkeep
|
|t:|1660930723
|switch|p2a: Buzzwole|Buzzwole|100/100
|-damage|p2a: Buzzwole|88/100|[from] Stealth Rock
|turn|16
|inactive|ripreckful has 30 seconds left.
|inactive|ripreckful has 20 seconds left.
|inactive|ripreckful has 15 seconds left.
|
|t:|1660930764
|move|p1a: Melmetal|Protect|p1a: Melmetal
|-singleturn|p1a: Melmetal|Protect
|move|p2a: Buzzwole|Close Combat|p1a: Melmetal
|-activate|p1a: Melmetal|move: Protect
|
|-heal|p1a: Melmetal|86/100|[from] item: Leftovers
|upkeep
|turn|17
|inactive|ripreckful has 25 seconds left this turn.
|inactive|ripreckful has 20 seconds left.
|
|t:|1660930770
|switch|p1a: Zapdos|Zapdos|100/100
|move|p2a: Buzzwole|Close Combat|p1a: Zapdos
|-resisted|p1a: Zapdos
|-damage|p1a: Zapdos|60/100
|-unboost|p2a: Buzzwole|def|1
|-unboost|p2a: Buzzwole|spd|1
|
|upkeep
|turn|18
|inactive|ripreckful has 30 seconds left this turn.
|inactive|LT93OQ ouille has 120 seconds left.
|
|t:|1660930777
|switch|p2a: Garchomp|Garchomp, F|91/100
|-damage|p2a: Garchomp|85/100|[from] Stealth Rock
|switch|p1a: Dragapult|Dragapult, M|88/100
|-damage|p1a: Dragapult|76/100|[from] Stealth Rock
|
|-heal|p2a: Garchomp|91/100|[from] item: Leftovers
|upkeep
|turn|19
|
|t:|1660930781
|move|p2a: Garchomp|Protect|p2a: Garchomp
|-singleturn|p2a: Garchomp|Protect
|move|p1a: Dragapult|Draco Meteor|p2a: Garchomp
|-activate|p2a: Garchomp|move: Protect
|
|-heal|p2a: Garchomp|97/100|[from] item: Leftovers
|upkeep
|turn|20
|l| Volcaronium
|
|t:|1660930786
|switch|p2a: Melmetal|Melmetal|61/100
|-damage|p2a: Melmetal|55/100|[from] Stealth Rock
|move|p1a: Dragapult|Draco Meteor|p2a: Melmetal|[miss]
|-miss|p1a: Dragapult|p2a: Melmetal
|
|-heal|p2a: Melmetal|61/100|[from] item: Leftovers
|upkeep
|turn|21
|j| LT93OQ Brigtel
|c|☆ripreckful|:(
|
|t:|1660930801
|switch|p1a: Urshifu|Urshifu-Rapid-Strike, M|100/100
|-damage|p1a: Urshifu|94/100|[from] Stealth Rock
|move|p2a: Melmetal|Protect||[still]
|-fail|p2a: Melmetal
|
|-heal|p2a: Melmetal|67/100|[from] item: Leftovers
|upkeep
|turn|22
|inactive|ripreckful has 60 seconds left.
|
|t:|1660930808
|move|p1a: Urshifu|Surging Strikes|p2a: Melmetal
|-crit|p2a: Melmetal
|-damage|p2a: Melmetal|50/100
|-crit|p2a: Melmetal
|-damage|p2a: Melmetal|30/100
|-crit|p2a: Melmetal
|-damage|p2a: Melmetal|11/100
|-hitcount|p2a: Melmetal|3
|move|p2a: Melmetal|Thunder Punch|p1a: Urshifu
|-supereffective|p1a: Urshifu
|-damage|p1a: Urshifu|23/100
|-status|p1a: Urshifu|par
|
|-heal|p2a: Melmetal|18/100|[from] item: Leftovers
|upkeep
|turn|23
|c| LT93OQ Brigtel|C'est toujours chiant Zapdos
|
|t:|1660930819
|switch|p2a: Rillaboom|Rillaboom, M|100/100
|-damage|p2a: Rillaboom|88/100|[from] Stealth Rock
|-fieldstart|move: Grassy Terrain|[from] ability: Grassy Surge|[of] p2a: Rillaboom
|move|p1a: Urshifu|Surging Strikes|p2a: Rillaboom
|-resisted|p2a: Rillaboom
|-crit|p2a: Rillaboom
|-damage|p2a: Rillaboom|75/100
|-resisted|p2a: Rillaboom
|-crit|p2a: Rillaboom
|-damage|p2a: Rillaboom|61/100
|-resisted|p2a: Rillaboom
|-crit|p2a: Rillaboom
|-damage|p2a: Rillaboom|47/100
|-hitcount|p2a: Rillaboom|3
|
|-heal|p2a: Rillaboom|53/100|[from] Grassy Terrain
|-heal|p2a: Rillaboom|60/100|[from] item: Leftovers
|-heal|p1a: Urshifu|30/100 par|[from] Grassy Terrain
|upkeep
|turn|24
|c|☆ripreckful|hes using rillaboom balance u cant call me boring
|inactive|ripreckful has 60 seconds left.
|
|t:|1660930849
|switch|p1a: Landorus|Landorus-Therian, M|21/100 brn
|-damage|p1a: Landorus|9/100 brn|[from] Stealth Rock
|-ability|p1a: Landorus|Intimidate|boost
|-unboost|p2a: Rillaboom|atk|1
|move|p2a: Rillaboom|Swords Dance|p2a: Rillaboom
|-boost|p2a: Rillaboom|atk|2
|
|-heal|p2a: Rillaboom|66/100|[from] Grassy Terrain
|-heal|p2a: Rillaboom|72/100|[from] item: Leftovers
|-heal|p1a: Landorus|15/100 brn|[from] item: Leftovers
|-damage|p1a: Landorus|9/100 brn|[from] brn
|upkeep
|turn|25
|
|t:|1660930856
|move|p2a: Rillaboom|Grassy Glide|p1a: Landorus
|-damage|p1a: Landorus|0 fnt
|faint|p1a: Landorus
|
|-heal|p2a: Rillaboom|78/100|[from] Grassy Terrain
|-heal|p2a: Rillaboom|85/100|[from] item: Leftovers
|upkeep
|
|t:|1660930858
|switch|p1a: Zapdos|Zapdos|60/100
|turn|26
|
|t:|1660930864
|move|p1a: Zapdos|Hurricane|p2a: Rillaboom
|-supereffective|p2a: Rillaboom
|-damage|p2a: Rillaboom|0 fnt
|faint|p2a: Rillaboom
|
|upkeep
|
|t:|1660930872
|switch|p2a: Buzzwole|Buzzwole|88/100
|-damage|p2a: Buzzwole|76/100|[from] Stealth Rock
|turn|27
|
|t:|1660930884
|switch|p1a: Urshifu|Urshifu-Rapid-Strike, M|30/100 par
|-damage|p1a: Urshifu|23/100 par|[from] Stealth Rock
|move|p2a: Buzzwole|Close Combat|p1a: Urshifu
|-damage|p1a: Urshifu|0 fnt
|-unboost|p2a: Buzzwole|def|1
|-unboost|p2a: Buzzwole|spd|1
|faint|p1a: Urshifu
|-ability|p2a: Buzzwole|Beast Boost|boost
|-boost|p2a: Buzzwole|atk|1
|
|-heal|p2a: Buzzwole|82/100|[from] Grassy Terrain
|-fieldend|move: Grassy Terrain
|upkeep
|
|t:|1660930886
|switch|p1a: Dragapult|Dragapult, M|76/100
|-damage|p1a: Dragapult|64/100|[from] Stealth Rock
|turn|28
|
|t:|1660930891
|switch|p2a: Melmetal|Melmetal|18/100
|-damage|p2a: Melmetal|11/100|[from] Stealth Rock
|move|p1a: Dragapult|Shadow Ball|p2a: Melmetal
|-damage|p2a: Melmetal|0 fnt
|faint|p2a: Melmetal
|
|upkeep
|
|t:|1660930895
|switch|p2a: Tornadus|Tornadus-Therian, M|100/100
|turn|29
|c| LT93OQ Brigtel|Grillaboom balance is not the mainstream anymore :)
|
|t:|1660930912
|switch|p1a: Zapdos|Zapdos|60/100
|move|p2a: Tornadus|Knock Off|p1a: Zapdos
|-damage|p1a: Zapdos|43/100
|-enditem|p1a: Zapdos|Heavy-Duty Boots|[from] move: Knock Off|[of] p2a: Tornadus
|
|upkeep
|turn|30
|inactive|LT93OQ ouille has 120 seconds left.
|c| LT93OQ Brigtel|But i was just saying Zapdos is annoying to deal with
|
|t:|1660930947
|switch|p2a: Garchomp|Garchomp, F|97/100
|-damage|p2a: Garchomp|91/100|[from] Stealth Rock
|move|p1a: Zapdos|Hurricane|p2a: Garchomp
|-damage|p2a: Garchomp|56/100
|-start|p2a: Garchomp|confusion
|
|-heal|p2a: Garchomp|62/100|[from] item: Leftovers
|upkeep
|turn|31
|inactive|LT93OQ ouille has 120 seconds left.
|
|t:|1660930959
|-activate|p2a: Garchomp|confusion
|-damage|p2a: Garchomp|52/100|[from] confusion
|move|p1a: Zapdos|Hurricane|p2a: Garchomp|[miss]
|-miss|p1a: Zapdos|p2a: Garchomp
|
|-heal|p2a: Garchomp|58/100|[from] item: Leftovers
|upkeep
|turn|32
|
|t:|1660930963
|-activate|p2a: Garchomp|confusion
|move|p2a: Garchomp|Toxic|p1a: Zapdos
|-status|p1a: Zapdos|tox
|move|p1a: Zapdos|Hurricane|p2a: Garchomp
|-damage|p2a: Garchomp|24/100
|
|-heal|p2a: Garchomp|30/100|[from] item: Leftovers
|-damage|p1a: Zapdos|37/100 tox|[from] psn
|upkeep
|turn|33
|
|t:|1660930974
|-activate|p2a: Garchomp|confusion
|-damage|p2a: Garchomp|20/100|[from] confusion
|move|p1a: Zapdos|Hurricane|p2a: Garchomp
|-damage|p2a: Garchomp|0 fnt
|faint|p2a: Garchomp
|
|-damage|p1a: Zapdos|24/100 tox|[from] psn
|upkeep
|
|t:|1660930979
|switch|p2a: Tornadus|Tornadus-Therian, M|100/100
|turn|34
|
|t:|1660930981
|move|p2a: Tornadus|Heat Wave|p1a: Zapdos
|-damage|p1a: Zapdos|0 fnt
|faint|p1a: Zapdos
|
|upkeep
|
|t:|1660930984
|switch|p1a: Melmetal|Melmetal|86/100
|-damage|p1a: Melmetal|80/100|[from] Stealth Rock
|turn|35
|
|t:|1660930989
|move|p2a: Tornadus|Heat Wave|p1a: Melmetal
|-supereffective|p1a: Melmetal
|-damage|p1a: Melmetal|33/100
|move|p1a: Melmetal|Double Iron Bash|p2a: Tornadus
|-damage|p2a: Tornadus|57/100
|-damage|p2a: Tornadus|7/100
|-hitcount|p2a: Tornadus|2
|
|-heal|p1a: Melmetal|39/100|[from] item: Leftovers
|upkeep
|turn|36
|c|☆LT93OQ ouille|gg
|-message|LT93OQ ouille forfeited.
|
|win|ripreckful
|raw|ripreckful's rating: 1891 &rarr; <strong>1912</strong><br />(+21 for winning)
|raw|LT93OQ ouille's rating: 1913 &rarr; <strong>1892</strong><br />(-21 for losing)
|c|☆ripreckful|gg
|l|☆LT93OQ ouille
|l|☆ripreckful
|l| LT93OQ Mus
||Ladder isn't responding, score probably updated but might not have (Request timeout).
|l| Marshmellow.OwO
