|html|<div class="broadcast-blue"><strong>[Gen 8] OU is currently suspecting Spectrier! For information on how to participate check out the <a href="https://www.smogon.com/forums/threads/np-ss-ou-suspect-process-round-9-old-town-road.3676744/">suspect thread</a>.</strong></div>
|j|☆jeremietoughe
|j|☆legitteambuilder
|inactive|Battle timer is ON: inactive players will automatically lose when time's up.
|t:|1611489532
|player|p1|jeremietoughe|brycenman|
|player|p2|legitteambuilder|lance|
|teamsize|p1|6
|teamsize|p2|6
|gametype|singles
|gen|8
|tier|[Gen 8] OU
|rated|Tournament battle
|clearpoke
|poke|p1|Victini|
|poke|p1|Spectrier|
|poke|p1|Lucario, F|
|poke|p1|Mesprit|
|poke|p1|Accelgor, F|
|poke|p1|Regieleki|
|poke|p2|Ferrothorn, F|
|poke|p2|Landorus-Therian, M|
|poke|p2|Tapu Lele|
|poke|p2|Toxapex, M|
|poke|p2|Cinderace, F|
|poke|p2|Hydreigon, M|
|rule|Sleep Clause Mod: Limit one foe put to sleep
|rule|Species Clause: Limit one of each Pokémon
|rule|OHKO Clause: OHKO moves are banned
|rule|Evasion Moves Clause: Evasion moves are banned
|rule|Endless Battle Clause: Forcing endless battles is banned
|rule|HP Percentage Mod: HP is shown in percentages
|rule|Dynamax Clause: You cannot dynamax
|teampreview
|c|☆legitteambuilder|hol up
|j| ucns
|c|☆legitteambuilder|this is finals
|c|☆legitteambuilder|gl
|inactive|legitteambuilder has 120 seconds left.
|
|t:|1611489568
|start
|switch|p1a: WOULO|Accelgor, F|100/100
|switch|p2a: Mr. BlueSky|Landorus-Therian, M|100/100
|-ability|p2a: Mr. BlueSky|Intimidate|boost
|-unboost|p1a: WOULO|atk|1
|turn|1
|j| prof darkness
|
|t:|1611489587
|move|p2a: Mr. BlueSky|Earthquake|p1a: WOULO
|-resisted|p1a: WOULO
|-damage|p1a: WOULO|44/100
|move|p1a: WOULO|Final Gambit|p2a: Mr. BlueSky
|-damage|p2a: Mr. BlueSky|51/100
|faint|p1a: WOULO
|
|upkeep
|
|t:|1611489597
|switch|p1a: POPO|Victini|100/100
|turn|2
|
|t:|1611489610
|switch|p2a: Bella Thorn|Ferrothorn, F, shiny|100/100
|move|p1a: POPO|V-create|p2a: Bella Thorn
|-supereffective|p2a: Bella Thorn
|-damage|p2a: Bella Thorn|0 fnt
|-unboost|p1a: POPO|spe|1
|-unboost|p1a: POPO|def|1
|-unboost|p1a: POPO|spd|1
|-damage|p1a: POPO|88/100|[from] ability: Iron Barbs|[of] p2a: Bella Thorn
|faint|p2a: Bella Thorn
|
|upkeep
|
|t:|1611489617
|switch|p2a: Iniesta|Cinderace, F|100/100
|turn|3
|l| ucns
|
|t:|1611489630
|switch|p1a: CHMOUF|Mesprit|100/100
|move|p2a: Iniesta|Sucker Punch||[still]
|-fail|p2a: Iniesta
|
|upkeep
|turn|4
|
|t:|1611489637
|move|p1a: CHMOUF|Stealth Rock|p2a: Iniesta
|-sidestart|p2: legitteambuilder|move: Stealth Rock
|move|p2a: Iniesta|U-turn|p1a: CHMOUF
|-start|p2a: Iniesta|typechange|Bug|[from] ability: Libero
|-supereffective|p1a: CHMOUF
|-damage|p1a: CHMOUF|35/100
|
|t:|1611489644
|switch|p2a: aaaaAAAᵃᵃᵃᵃ|Hydreigon, M, shiny|100/100|[from]move: U-turn
|
|upkeep
|turn|5
|
|t:|1611489653
|switch|p1a: FLARK|Lucario, F|100/100
|move|p2a: aaaaAAAᵃᵃᵃᵃ|Defog|p1a: FLARK
|-unboost|p1a: FLARK|evasion|1
|-sideend|p2: legitteambuilder|Stealth Rock|[from] move: Defog|[of] p2a: aaaaAAAᵃᵃᵃᵃ
|
|upkeep
|turn|6
|
|t:|1611489678
|switch|p2a: WannaComeOutHere|Toxapex, M|100/100
|move|p1a: FLARK|Final Gambit|p2a: WannaComeOutHere
|-damage|p2a: WannaComeOutHere|0 fnt
|faint|p1a: FLARK
|faint|p2a: WannaComeOutHere
|
|upkeep
|inactive|legitteambuilder has 120 seconds left.
|
|t:|1611489720
|switch|p1a: CHMOUF|Mesprit|35/100
|switch|p2a: Iniesta|Cinderace, F|100/100
|turn|7
|
|t:|1611489737
|move|p1a: CHMOUF|Copycat|p1a: CHMOUF
|move|p1a: CHMOUF|Final Gambit|p2a: Iniesta|[from]move: Copycat
|-damage|p2a: Iniesta|59/100
|faint|p1a: CHMOUF
|move|p2a: Iniesta|U-turn|p1: CHMOUF|[notarget]
|-fail|p2a: Iniesta
|
|upkeep
|
|t:|1611489747
|switch|p1a: Spectrier|Spectrier|100/100
|turn|8
|
|t:|1611489759
|switch|p2a: aaaaAAAᵃᵃᵃᵃ|Hydreigon, M, shiny|100/100
|move|p1a: Spectrier|Substitute|p1a: Spectrier
|-start|p1a: Spectrier|Substitute
|-damage|p1a: Spectrier|76/100
|
|upkeep
|turn|9
|
|t:|1611489764
|move|p1a: Spectrier|Will-O-Wisp|p2a: aaaaAAAᵃᵃᵃᵃ
|-status|p2a: aaaaAAAᵃᵃᵃᵃ|brn
|move|p2a: aaaaAAAᵃᵃᵃᵃ|Dark Pulse|p1a: Spectrier
|-supereffective|p1a: Spectrier
|-end|p1a: Spectrier|Substitute
|
|-damage|p2a: aaaaAAAᵃᵃᵃᵃ|94/100 brn|[from] brn
|upkeep
|turn|10
|j| oridat
|
|t:|1611489773
|move|p1a: Spectrier|Hex|p2a: aaaaAAAᵃᵃᵃᵃ
|-resisted|p2a: aaaaAAAᵃᵃᵃᵃ
|-damage|p2a: aaaaAAAᵃᵃᵃᵃ|60/100 brn
|move|p2a: aaaaAAAᵃᵃᵃᵃ|Dark Pulse|p1a: Spectrier
|-supereffective|p1a: Spectrier
|-damage|p1a: Spectrier|0 fnt
|faint|p1a: Spectrier
|
|-damage|p2a: aaaaAAAᵃᵃᵃᵃ|54/100 brn|[from] brn
|upkeep
|
|t:|1611489783
|switch|p1a: POPO|Victini|88/100
|turn|11
|
|t:|1611489787
|move|p1a: POPO|U-turn|p2a: aaaaAAAᵃᵃᵃᵃ
|-supereffective|p2a: aaaaAAAᵃᵃᵃᵃ
|-damage|p2a: aaaaAAAᵃᵃᵃᵃ|24/100 brn
|
|t:|1611489791
|switch|p1a: JISTOK|Regieleki|100/100|[from]move: U-turn
|move|p2a: aaaaAAAᵃᵃᵃᵃ|Dark Pulse|p1a: JISTOK
|-damage|p1a: JISTOK|25/100
|
|-damage|p2a: aaaaAAAᵃᵃᵃᵃ|18/100 brn|[from] brn
|upkeep
|turn|12
|
|t:|1611489794
|move|p1a: JISTOK|Volt Switch|p2a: aaaaAAAᵃᵃᵃᵃ
|-resisted|p2a: aaaaAAAᵃᵃᵃᵃ
|-damage|p2a: aaaaAAAᵃᵃᵃᵃ|0 fnt
|faint|p2a: aaaaAAAᵃᵃᵃᵃ
|
|t:|1611489800
|switch|p1a: POPO|Victini|88/100|[from]move: Volt Switch
|
|upkeep
|
|t:|1611489803
|switch|p2a: Iniesta|Cinderace, F|59/100
|turn|13
|
|t:|1611489807
|move|p2a: Iniesta|Sucker Punch|p1a: POPO
|-start|p2a: Iniesta|typechange|Dark|[from] ability: Libero
|-supereffective|p1a: POPO
|-damage|p1a: POPO|33/100
|move|p1a: POPO|Bolt Strike|p2a: Iniesta
|-damage|p2a: Iniesta|15/100
|
|upkeep
|turn|14
|
|t:|1611489814
|switch|p1a: JISTOK|Regieleki|25/100
|move|p2a: Iniesta|Sucker Punch||[still]
|-fail|p2a: Iniesta
|
|upkeep
|turn|15
|
|t:|1611489819
|move|p2a: Iniesta|Sucker Punch|p1a: JISTOK
|-damage|p1a: JISTOK|0 fnt
|faint|p1a: JISTOK
|
|upkeep
|c|☆legitteambuilder|gg
|-message|jeremietoughe forfeited.
|
|win|legitteambuilder
|n|☆jeremietoughe|jeremietoughe
|n|☆legitteambuilder|legitteambuilder
|n| prof darkness|profdarkness
|n| oridat|oridat
