|html|<div class="broadcast-blue"><strong>[Gen 8] OU is currently suspecting Melmetal! For information on how to participate check out the <a href="https://www.smogon.com/forums/threads/np-ss-ou-suspect-process-round-12-monster-mash.3709234/">suspect thread</a>.</strong></div>
|j|☆Elite4donovan
|j|☆Fishdive
|t:|1666836727
|gametype|singles
|player|p1|Elite4donovan|lucas|1606
|player|p2|Fishdive|266|1692
|teamsize|p1|6
|teamsize|p2|6
|gen|8
|tier|[Gen 8] OU
|rated|
|rule|Sleep Clause Mod: Limit one foe put to sleep
|rule|Species Clause: Limit one of each Pokémon
|rule|OHKO Clause: OHKO moves are banned
|rule|Evasion Items Clause: Evasion items are banned
|rule|Evasion Moves Clause: Evasion moves are banned
|rule|Endless Battle Clause: Forcing endless battles is banned
|rule|HP Percentage Mod: HP is shown in percentages
|rule|Dynamax Clause: You cannot dynamax
|clearpoke
|poke|p1|Ninetales, M|
|poke|p1|Venusaur, M|
|poke|p1|Heatran, M|
|poke|p1|Darmanitan, F|
|poke|p1|Mandibuzz, F|
|poke|p1|Garchomp, M|
|poke|p2|Blissey, F|
|poke|p2|Slowking-Galar, M|
|poke|p2|Corviknight, M|
|poke|p2|Toxapex, M|
|poke|p2|Clefable, M|
|poke|p2|Hippowdon, M|
|teampreview
|
|t:|1666836744
|start
|switch|p1a: Ninetales|Ninetales, M|100/100
|switch|p2a: Toxapex|Toxapex, M|100/100
|-weather|SunnyDay|[from] ability: Drought|[of] p1a: Ninetales
|turn|1
|
|t:|1666836750
|switch|p1a: Garchomp|Garchomp, M|100/100
|move|p2a: Toxapex|Knock Off|p1a: Garchomp
|-damage|p1a: Garchomp|85/100
|-damage|p2a: Toxapex|88/100|[from] ability: Rough Skin|[of] p1a: Garchomp
|-enditem|p1a: Garchomp|Leftovers|[from] move: Knock Off|[of] p2a: Toxapex
|
|-weather|SunnyDay|[upkeep]
|upkeep
|turn|2
|
|t:|1666836757
|switch|p2a: Hippowdon|Hippowdon, M, shiny|100/100
|-weather|Sandstorm|[from] ability: Sand Stream|[of] p2a: Hippowdon
|move|p1a: Garchomp|Swords Dance|p1a: Garchomp
|-boost|p1a: Garchomp|atk|2
|
|-weather|Sandstorm|[upkeep]
|upkeep
|turn|3
|
|t:|1666836763
|switch|p2a: EEJIT|Clefable, M|100/100
|move|p1a: Garchomp|Earthquake|p2a: EEJIT
|-damage|p2a: EEJIT|63/100
|
|-weather|Sandstorm|[upkeep]
|-damage|p2a: EEJIT|57/100|[from] Sandstorm
|-heal|p2a: EEJIT|63/100|[from] item: Leftovers
|upkeep
|turn|4
|
|t:|1666836766
|move|p1a: Garchomp|Earthquake|p2a: EEJIT
|-damage|p2a: EEJIT|25/100
|move|p2a: EEJIT|Wish|p2a: EEJIT
|
|-weather|Sandstorm|[upkeep]
|-damage|p2a: EEJIT|19/100|[from] Sandstorm
|-heal|p2a: EEJIT|25/100|[from] item: Leftovers
|upkeep
|turn|5
|
|t:|1666836770
|move|p2a: EEJIT|Protect|p2a: EEJIT
|-singleturn|p2a: EEJIT|Protect
|move|p1a: Garchomp|Swords Dance|p1a: Garchomp
|-boost|p1a: Garchomp|atk|2
|
|-weather|Sandstorm|[upkeep]
|-damage|p2a: EEJIT|19/100|[from] Sandstorm
|-heal|p2a: EEJIT|69/100|[from] move: Wish|[wisher] EEJIT
|-heal|p2a: EEJIT|75/100|[from] item: Leftovers
|upkeep
|turn|6
|
|t:|1666836772
|move|p1a: Garchomp|Earthquake|p2a: EEJIT
|-damage|p2a: EEJIT|37/100
|move|p2a: EEJIT|Wish|p2a: EEJIT
|
|-weather|none
|-heal|p2a: EEJIT|43/100|[from] item: Leftovers
|upkeep
|turn|7
|
|t:|1666836777
|switch|p1a: Ninetales|Ninetales, M|100/100
|-weather|SunnyDay|[from] ability: Drought|[of] p1a: Ninetales
|move|p2a: EEJIT|Moonblast|p1a: Ninetales
|-resisted|p1a: Ninetales
|-damage|p1a: Ninetales|83/100
|-unboost|p1a: Ninetales|spa|1
|
|-weather|SunnyDay|[upkeep]
|-heal|p2a: EEJIT|93/100|[from] move: Wish|[wisher] EEJIT
|-heal|p2a: EEJIT|99/100|[from] item: Leftovers
|upkeep
|turn|8
|
|t:|1666836783
|move|p1a: Ninetales|Nasty Plot|p1a: Ninetales
|-boost|p1a: Ninetales|spa|2
|move|p2a: EEJIT|Wish|p2a: EEJIT
|
|-weather|SunnyDay|[upkeep]
|-heal|p2a: EEJIT|100/100|[from] item: Leftovers
|upkeep
|turn|9
|
|t:|1666836786
|move|p1a: Ninetales|Nasty Plot|p1a: Ninetales
|-boost|p1a: Ninetales|spa|2
|move|p2a: EEJIT|Moonblast|p1a: Ninetales
|-resisted|p1a: Ninetales
|-damage|p1a: Ninetales|65/100
|
|-weather|SunnyDay|[upkeep]
|upkeep
|turn|10
|
|t:|1666836789
|move|p1a: Ninetales|Fire Blast|p2a: EEJIT
|-damage|p2a: EEJIT|41/100
|move|p2a: EEJIT|Moonblast|p1a: Ninetales
|-resisted|p1a: Ninetales
|-damage|p1a: Ninetales|46/100
|
|-weather|SunnyDay|[upkeep]
|-heal|p2a: EEJIT|47/100|[from] item: Leftovers
|upkeep
|turn|11
|
|t:|1666836793
|move|p2a: EEJIT|Protect|p2a: EEJIT
|-singleturn|p2a: EEJIT|Protect
|move|p1a: Ninetales|Fire Blast|p2a: EEJIT
|-activate|p2a: EEJIT|move: Protect
|
|-weather|SunnyDay|[upkeep]
|-heal|p2a: EEJIT|53/100|[from] item: Leftovers
|upkeep
|turn|12
|
|t:|1666836798
|switch|p2a: Blissey|Blissey, F|100/100
|move|p1a: Ninetales|Fire Blast|p2a: Blissey
|-damage|p2a: Blissey|48/100
|
|-weather|SunnyDay|[upkeep]
|-heal|p2a: Blissey|54/100|[from] item: Leftovers
|upkeep
|turn|13
|
|t:|1666836804
|move|p1a: Ninetales|Fire Blast|p2a: Blissey
|-damage|p2a: Blissey|0 fnt
|faint|p2a: Blissey
|
|-weather|SunnyDay|[upkeep]
|upkeep
|
|t:|1666836808
|switch|p2a: Toxapex|Toxapex, M|100/100
|turn|14
|
|t:|1666836813
|move|p1a: Ninetales|Scorching Sands|p2a: Toxapex
|-supereffective|p2a: Toxapex
|-damage|p2a: Toxapex|27/100
|move|p2a: Toxapex|Knock Off|p1a: Ninetales
|-damage|p1a: Ninetales|24/100
|-enditem|p1a: Ninetales|Heat Rock|[from] move: Knock Off|[of] p2a: Toxapex
|
|-weather|none
|upkeep
|turn|15
|
|t:|1666836822
|switch|p2a: Corviknight|Corviknight, M|100/100
|-ability|p2a: Corviknight|Pressure
|move|p1a: Ninetales|Fire Blast|p2a: Corviknight
|-supereffective|p2a: Corviknight
|-damage|p2a: Corviknight|0 fnt
|faint|p2a: Corviknight
|
|upkeep
|-message|Fishdive forfeited.
|
|win|Elite4donovan
|raw|Elite4donovan's rating: 1606 &rarr; <strong>1631</strong><br />(+25 for winning)
|raw|Fishdive's rating: 1692 &rarr; <strong>1667</strong><br />(-25 for losing)
|l|☆Fishdive
||Ladder isn't responding, score probably updated but might not have (Request timeout).
