|j|☆Rorschach I
|j|☆Epitaph 13
|player|p1|Rorschach I|cynthia|1818
|player|p2|Epitaph 13|brycenman|1769
|teamsize|p1|6
|teamsize|p2|6
|gametype|singles
|gen|8
|tier|[Gen 8] OU
|rated|
|clearpoke
|poke|p1|Terrakion|
|poke|p1|Aegislash, M|
|poke|p1|Crawdaunt, F|
|poke|p1|Zeraora|
|poke|p1|Kyurem|
|poke|p1|Togekiss, F|
|poke|p2|Accelgor, F|
|poke|p2|Ninetales-Alola, M|
|poke|p2|Mew|
|poke|p2|Cloyster, M|
|poke|p2|Zeraora|
|poke|p2|Conkeldurr, M|
|rule|Sleep Clause Mod: Limit one foe put to sleep
|rule|Species Clause: Limit one of each Pokémon
|rule|OHKO Clause: OHKO moves are banned
|rule|Evasion Moves Clause: Evasion moves are banned
|rule|Endless Battle Clause: Forcing endless battles is banned
|rule|HP Percentage Mod: HP is shown in percentages
|rule|Dynamax Clause: You cannot dynamax
|teampreview
|j| Burnt Bright
|
|start
|switch|p1a: Terrakion|Terrakion|100/100
|switch|p2a: Accelgor|Accelgor, F|100/100
|turn|1
|l| Burnt Bright
|j| Spracky2020
|l| Spracky2020
|
|move|p2a: Accelgor|Toxic Spikes|p1a: Terrakion
|-sidestart|p1: Rorschach I|move: Toxic Spikes
|move|p1a: Terrakion|Taunt|p2a: Accelgor
|-start|p2a: Accelgor|move: Taunt
|
|upkeep
|turn|2
|
|move|p2a: Accelgor|Final Gambit|p1a: Terrakion
|-enditem|p1a: Terrakion|Focus Sash
|-damage|p1a: Terrakion|1/100
|faint|p2a: Accelgor
|move|p1a: Terrakion|Stealth Rock|p2: Accelgor
|-sidestart|p2: Epitaph 13|move: Stealth Rock
|
|upkeep
|
|switch|p2a: Ninetales|Ninetales-Alola, M|100/100
|-damage|p2a: Ninetales|76/100|[from] Stealth Rock
|-weather|Hail|[from] ability: Snow Warning|[of] p2a: Ninetales
|turn|3
|
|move|p2a: Ninetales|Aurora Veil|p2a: Ninetales
|-sidestart|p2: Epitaph 13|move: Aurora Veil
|move|p1a: Terrakion|Rock Tomb|p2a: Ninetales
|-supereffective|p2a: Ninetales
|-damage|p2a: Ninetales|34/100
|-unboost|p2a: Ninetales|spe|1
|
|-weather|Hail|[upkeep]
|-damage|p1a: Terrakion|0 fnt|[from] Hail
|faint|p1a: Terrakion
|upkeep
|j| YourWisdomTooth
|inactive|Battle timer is ON: inactive players will automatically lose when time's up. (requested by Epitaph 13)
|
|switch|p1a: Togekiss|Togekiss, F|100/100
|turn|4
|j| droletest
|
|move|p1a: Togekiss|Air Slash|p2a: Ninetales
|-damage|p2a: Ninetales|16/100
|move|p2a: Ninetales|Freeze-Dry|p1a: Togekiss
|-supereffective|p1a: Togekiss
|-damage|p1a: Togekiss|62/100
|
|-weather|Hail|[upkeep]
|-damage|p1a: Togekiss|56/100|[from] Hail
|upkeep
|turn|5
|j| MarquisPhantom
|
|move|p1a: Togekiss|Air Slash|p2a: Ninetales
|-damage|p2a: Ninetales|0 fnt
|faint|p2a: Ninetales
|
|-weather|Hail|[upkeep]
|-damage|p1a: Togekiss|50/100|[from] Hail
|upkeep
|
|switch|p2a: Zeraora|Zeraora|100/100
|-damage|p2a: Zeraora|88/100|[from] Stealth Rock
|turn|6
|
|switch|p1a: Kyurem|Kyurem|100/100
|-status|p1a: Kyurem|psn
|-ability|p1a: Kyurem|Pressure
|move|p2a: Zeraora|Bulk Up|p2a: Zeraora
|-boost|p2a: Zeraora|atk|1
|-boost|p2a: Zeraora|def|1
|
|-weather|Hail|[upkeep]
|-damage|p2a: Zeraora|82/100|[from] Hail
|-heal|p2a: Zeraora|88/100|[from] item: Leftovers
|-damage|p1a: Kyurem|88/100 psn|[from] psn
|upkeep
|turn|7
|
|move|p2a: Zeraora|Drain Punch|p1a: Kyurem
|-supereffective|p1a: Kyurem
|-crit|p1a: Kyurem
|-damage|p1a: Kyurem|0 fnt
|-heal|p2a: Zeraora|100/100|[from] drain|[of] p1a: Kyurem
|faint|p1a: Kyurem
|
|-weather|none
|upkeep
|j| phys2000
|j| Zombini62
|j| ironboundmayhem
|j| fluffy cows
|j| Sharmakarma
|j| cancer02
|
|switch|p1a: Togekiss|Togekiss, F|50/100
|turn|8
|j| sizes
|
|move|p1a: Togekiss|Trick|p2a: Zeraora
|-activate|p1a: Togekiss|move: Trick|[of] p2a: Zeraora
|-item|p2a: Zeraora|Choice Scarf|[from] move: Trick
|-item|p1a: Togekiss|Leftovers|[from] move: Trick
|move|p2a: Zeraora|Plasma Fists|p1a: Togekiss
|-supereffective|p1a: Togekiss
|-damage|p1a: Togekiss|0 fnt
|-fieldactivate|move: Ion Deluge
|faint|p1a: Togekiss
|
|upkeep
|l| fluffy cows
|j| lukisonic23
|l| cancer02
|
|switch|p1a: Zeraora|Zeraora|100/100
|-status|p1a: Zeraora|psn
|turn|9
|
|switch|p2a: Conkeldurr|Conkeldurr, M|100/100
|-damage|p2a: Conkeldurr|95/100|[from] Stealth Rock
|move|p1a: Zeraora|Bulk Up|p1a: Zeraora
|-boost|p1a: Zeraora|atk|1
|-boost|p1a: Zeraora|def|1
|
|-damage|p1a: Zeraora|88/100 psn|[from] psn
|-status|p2a: Conkeldurr|brn|[from] item: Flame Orb
|upkeep
|turn|10
|
|move|p1a: Zeraora|Plasma Fists|p2a: Conkeldurr
|-damage|p2a: Conkeldurr|48/100 brn
|-fieldactivate|move: Ion Deluge
|-damage|p1a: Zeraora|78/100 psn|[from] item: Life Orb
|move|p2a: Conkeldurr|Earthquake|p1a: Zeraora
|-supereffective|p1a: Zeraora
|-damage|p1a: Zeraora|0 fnt
|faint|p1a: Zeraora
|
|-damage|p2a: Conkeldurr|42/100 brn|[from] brn
|-sideend|p2: Epitaph 13|move: Aurora Veil
|upkeep
|j| Youtube-Lucurryo
|
|switch|p1a: Aegislash|Aegislash, M|100/100
|-item|p1a: Aegislash|Air Balloon
|turn|11
|
|switch|p2a: Cloyster|Cloyster, M|100/100
|-damage|p2a: Cloyster|76/100|[from] Stealth Rock
|-formechange|p1a: Aegislash|Aegislash-Blade||[from] ability: Stance Change
|move|p1a: Aegislash|Iron Head|p2a: Cloyster
|-damage|p2a: Cloyster|36/100
|
|upkeep
|turn|12
|j| Peekay1
|l| Peekay1
|l| Youtube-Lucurryo
|
|switch|p1a: Crawdaunt|Crawdaunt, F|100/100
|-status|p1a: Crawdaunt|psn
|move|p2a: Cloyster|Ice Shard|p1a: Crawdaunt
|-resisted|p1a: Crawdaunt
|-damage|p1a: Crawdaunt|86/100 psn
|
|-damage|p1a: Crawdaunt|74/100 psn|[from] psn
|upkeep
|turn|13
|
|move|p2a: Cloyster|Rock Blast|p1a: Crawdaunt
|-damage|p1a: Crawdaunt|62/100 psn
|-damage|p1a: Crawdaunt|51/100 psn
|-damage|p1a: Crawdaunt|39/100 psn
|-damage|p1a: Crawdaunt|26/100 psn
|-damage|p1a: Crawdaunt|16/100 psn
|-hitcount|p1a: Crawdaunt|5
|move|p1a: Crawdaunt|Knock Off|p2a: Cloyster
|-damage|p2a: Cloyster|0 fnt
|-enditem|p2a: Cloyster|King's Rock|[from] move: Knock Off|[of] p1a: Crawdaunt
|-damage|p1a: Crawdaunt|6/100 psn|[from] item: Life Orb
|faint|p2a: Cloyster
|
|-damage|p1a: Crawdaunt|0 fnt|[from] psn
|faint|p1a: Crawdaunt
|upkeep
|
|switch|p2a: Zeraora|Zeraora|100/100
|switch|p1a: Aegislash|Aegislash, M|100/100
|-damage|p2a: Zeraora|88/100|[from] Stealth Rock
|-item|p1a: Aegislash|Air Balloon
|turn|14
|
|move|p2a: Zeraora|Plasma Fists|p1a: Aegislash
|-damage|p1a: Aegislash|55/100
|-fieldactivate|move: Ion Deluge
|-enditem|p1a: Aegislash|Air Balloon
|move|p1a: Aegislash|Swords Dance|p1a: Aegislash
|-boost|p1a: Aegislash|atk|2
|
|upkeep
|turn|15
|j| cancer02
|l| droletest
|l| cancer02
|inactive|Rorschach I has 120 seconds left.
|j| budgetbumper
|
|move|p2a: Zeraora|Plasma Fists|p1a: Aegislash
|-damage|p1a: Aegislash|8/100
|-fieldactivate|move: Ion Deluge
|move|p1a: Aegislash|Swords Dance|p1a: Aegislash
|-boost|p1a: Aegislash|atk|2
|
|upkeep
|turn|16
|
|-formechange|p1a: Aegislash|Aegislash-Blade||[from] ability: Stance Change
|move|p1a: Aegislash|Shadow Sneak|p2a: Zeraora
|-damage|p2a: Zeraora|0 fnt
|faint|p2a: Zeraora
|
|upkeep
|
|switch|p2a: Mew|Mew|100/100
|-damage|p2a: Mew|88/100|[from] Stealth Rock
|turn|17
|c| budgetbumper|bop
|
|move|p1a: Aegislash|Shadow Sneak|p2a: Mew
|-supereffective|p2a: Mew
|-damage|p2a: Mew|0 fnt
|faint|p2a: Mew
|
|upkeep
|
|switch|p2a: Conkeldurr|Conkeldurr, M|42/100 brn
|-damage|p2a: Conkeldurr|36/100 brn|[from] Stealth Rock
|turn|18
|c| budgetbumper|popped
|l| Zombini62
|l| Sharmakarma
|
|move|p1a: Aegislash|Shadow Sneak|p2a: Conkeldurr
|-damage|p2a: Conkeldurr|0 fnt
|faint|p2a: Conkeldurr
|
|win|Rorschach I
|c|☆Epitaph 13|gg
|c|☆Rorschach I|gg
|l| lukisonic23
|l| budgetbumper
|l|☆Epitaph 13
|l| MarquisPhantom
||Ladder (probably) updated, but score could not be retrieved (Response not received).
|l|☆Rorschach I
|l| sizes
