|html|<div class="broadcast-blue"><strong>[Gen 8] OU is currently suspecting Zamazenta-Crowned! For information on how to participate check out the <a href="https://www.smogon.com/forums/threads/np-ss-ou-suspect-process-round-10-royals.3681787/">suspect thread</a>.</strong></div>
|j|☆LT71LX Allistair
|j|☆Corumba
|t:|1618056170
|gametype|singles
|player|p1|LT71LX Allistair|266|1749
|player|p2|Corumba|schoolkid-gen4|1915
|teamsize|p1|6
|teamsize|p2|6
|gen|8
|tier|[Gen 8] OU
|rated|
|clearpoke
|poke|p1|Tangrowth, F|
|poke|p1|Corviknight, M|
|poke|p1|Clefable, M|
|poke|p1|Blissey, F|
|poke|p1|Garchomp, M|
|poke|p1|Reuniclus, F|
|poke|p2|Zamazenta-Crowned|
|poke|p2|Mamoswine, F|
|poke|p2|Ferrothorn, M|
|poke|p2|Moltres-Galar|
|poke|p2|Dragapult, F|
|poke|p2|Dragonite, F|
|rule|Sleep Clause Mod: Limit one foe put to sleep
|rule|Species Clause: Limit one of each Pokémon
|rule|OHKO Clause: OHKO moves are banned
|rule|Evasion Moves Clause: Evasion moves are banned
|rule|Endless Battle Clause: Forcing endless battles is banned
|rule|HP Percentage Mod: HP is shown in percentages
|rule|Dynamax Clause: You cannot dynamax
|teampreview
|j| bpewn
|c|☆Corumba|enjoy
|l| bpewn
|c|☆LT71LX Allistair|haha
|c|☆LT71LX Allistair|lol wait
|c|☆LT71LX Allistair|they suspected it ?
|c|☆Corumba|i guess so
|c|☆Corumba|people were using it gainst me
|c|☆Corumba|so i thought i'd try it
|j| bpewn
|c|☆LT71LX Allistair|lol i have only been off ps for 10 hours
|c|☆LT71LX Allistair|and the suspects happens
|c| bpewn|allistar same
|c|☆LT71LX Allistair|crazy world
|c|☆Corumba|have to pick some time i guess
|c|☆Corumba|no point in delaying if they're going to do it
|c|☆LT71LX Allistair|ye jsut felt so sudden
|c|☆Corumba|it reminds me of gen 5 kyu b
|c|☆Corumba|it's not massively busted
|c|☆LT71LX Allistair|i didn't think it would ever happen
|c|☆Corumba|but it is kind of busted
|c|☆LT71LX Allistair|ye sorry for the delay
|c|☆LT71LX Allistair|i had no idea what it even does
|c|☆LT71LX Allistair|and had to look it up
|j| WSMoe
|c|☆Corumba|lol
|
|t:|1618056377
|start
|switch|p1a: Corviknight|Corviknight, M|100/100
|switch|p2a: Ferrothorn|Ferrothorn, M|100/100
|-ability|p1a: Corviknight|Pressure
|turn|1
|
|t:|1618056383
|move|p1a: Corviknight|Iron Defense|p1a: Corviknight
|-boost|p1a: Corviknight|def|2
|move|p2a: Ferrothorn|Thunder Wave|p1a: Corviknight
|-status|p1a: Corviknight|par
|
|upkeep
|turn|2
|c| WSMoe|looking for zamazenta counter
|c|☆LT71LX Allistair|tangroth ?
|j| Xephix
|c| WSMoe|well see
|c|☆Corumba|aegislash is probably your best bet
|
|t:|1618056426
|switch|p2a: Dragapult|Dragapult, F|100/100
|cant|p1a: Corviknight|par
|
|upkeep
|turn|3
|j| grey sins
|c| WSMoe|or zapdos or pdef volc
|c|☆LT71LX Allistair|it learns crunch
|c| WSMoe|no one will use crunch
|c|☆LT71LX Allistair|ye prob gonna be some bird
|c| WSMoe|tbf
|c|☆LT71LX Allistair|ye and if it gets the maion check some will
|c|☆LT71LX Allistair|and it ends in a gamble
|c|☆Corumba|corv beats it tbf
|c|☆LT71LX Allistair|as we had vs kyuB
|
|t:|1618056492
|switch|p1a: Garchomp|Garchomp, M|100/100
|move|p2a: Dragapult|Flamethrower|p1a: Garchomp
|-resisted|p1a: Garchomp
|-damage|p1a: Garchomp|94/100
|
|-heal|p1a: Garchomp|99/100|[from] item: Leftovers
|upkeep
|turn|4
|
|t:|1618056504
|switch|p1a: Reuniclus|Reuniclus, F|100/100
|move|p2a: Dragapult|Dragon Darts|p1a: Reuniclus
|-damage|p1a: Reuniclus|79/100
|-anim|p2a: Dragapult|Dragon Darts|p1a: Reuniclus
|-damage|p1a: Reuniclus|55/100
|
|upkeep
|turn|5
|
|t:|1618056516
|switch|p2a: Ferrothorn|Ferrothorn, M|100/100
|switch|p1a: Garchomp|Garchomp, M|99/100
|
|-heal|p1a: Garchomp|100/100|[from] item: Leftovers
|upkeep
|turn|6
|
|t:|1618056521
|switch|p1a: Corviknight|Corviknight, M|100/100 par
|-ability|p1a: Corviknight|Pressure
|move|p2a: Ferrothorn|Spikes|p1a: Corviknight
|-sidestart|p1: LT71LX Allistair|Spikes
|
|upkeep
|turn|7
|
|t:|1618056524
|move|p1a: Corviknight|Defog|p2a: Ferrothorn
|-unboost|p2a: Ferrothorn|evasion|1
|-sideend|p1: LT71LX Allistair|Spikes|[from] move: Defog|[of] p1a: Corviknight
|move|p2a: Ferrothorn|Leech Seed|p1a: Corviknight|[miss]
|-miss|p2a: Ferrothorn|p1a: Corviknight
|
|upkeep
|turn|8
|j| ByronGymLeader
|
|t:|1618056529
|switch|p1a: Jungle Hunter|Tangrowth, F|100/100
|move|p2a: Ferrothorn|Spikes|p1a: Jungle Hunter
|-sidestart|p1: LT71LX Allistair|Spikes
|
|upkeep
|turn|9
|
|t:|1618056532
|move|p1a: Jungle Hunter|Infestation|p2a: Ferrothorn
|-damage|p2a: Ferrothorn|97/100
|-activate|p2a: Ferrothorn|move: Infestation|[of] p1a: Jungle Hunter
|-damage|p1a: Jungle Hunter|88/100|[from] ability: Iron Barbs|[of] p2a: Ferrothorn
|move|p2a: Ferrothorn|Thunder Wave|p1a: Jungle Hunter
|-status|p1a: Jungle Hunter|par
|
|-heal|p2a: Ferrothorn|100/100|[from] item: Leftovers
|-damage|p2a: Ferrothorn|88/100|[from] move: Infestation|[partiallytrapped]
|upkeep
|turn|10
|l| Xephix
|c| WSMoe|trapped
|
|t:|1618056545
|move|p2a: Ferrothorn|Spikes|p1a: Jungle Hunter
|-sidestart|p1: LT71LX Allistair|Spikes
|cant|p1a: Jungle Hunter|par
|
|-heal|p2a: Ferrothorn|94/100|[from] item: Leftovers
|-damage|p2a: Ferrothorn|82/100|[from] move: Infestation|[partiallytrapped]
|upkeep
|turn|11
|
|t:|1618056552
|switch|p1a: Corviknight|Corviknight, M|100/100 par
|-ability|p1a: Corviknight|Pressure
|move|p2a: Ferrothorn|Spikes|p1a: Corviknight
|-sidestart|p1: LT71LX Allistair|Spikes
|
|-heal|p2a: Ferrothorn|88/100|[from] item: Leftovers
|-end|p2a: Ferrothorn|Infestation|[partiallytrapped]|[silent]
|upkeep
|turn|12
|
|t:|1618056555
|cant|p1a: Corviknight|par
|move|p2a: Ferrothorn|Leech Seed|p1a: Corviknight
|-start|p1a: Corviknight|move: Leech Seed
|
|-heal|p2a: Ferrothorn|94/100|[from] item: Leftovers
|-damage|p1a: Corviknight|88/100 par|[from] Leech Seed|[of] p2a: Ferrothorn
|-heal|p2a: Ferrothorn|100/100|[silent]
|upkeep
|turn|13
|
|t:|1618056563
|move|p1a: Corviknight|Defog|p2a: Ferrothorn
|-unboost|p2a: Ferrothorn|evasion|1
|-sideend|p1: LT71LX Allistair|Spikes|[from] move: Defog|[of] p1a: Corviknight
|move|p2a: Ferrothorn|Body Press|p1a: Corviknight
|-damage|p1a: Corviknight|72/100 par
|
|-damage|p1a: Corviknight|60/100 par|[from] Leech Seed|[of] p2a: Ferrothorn
|upkeep
|turn|14
|c|☆LT71LX Allistair|i only use it vs ferro to time the defog better
|
|t:|1618056575
|cant|p1a: Corviknight|par
|move|p2a: Ferrothorn|Spikes|p1a: Corviknight
|-sidestart|p1: LT71LX Allistair|Spikes
|
|-damage|p1a: Corviknight|47/100 par|[from] Leech Seed|[of] p2a: Ferrothorn
|upkeep
|turn|15
|c|☆Corumba|clef bliss is the ultimate gimp squad
|c|☆LT71LX Allistair|otherwise i might switch into a switch
|c|☆Corumba|super annoying
|
|t:|1618056596
|move|p1a: Corviknight|Roost|p1a: Corviknight
|-heal|p1a: Corviknight|97/100 par
|-singleturn|p1a: Corviknight|move: Roost
|move|p2a: Ferrothorn|Body Press|p1a: Corviknight
|-supereffective|p1a: Corviknight
|-damage|p1a: Corviknight|68/100 par
|
|-damage|p1a: Corviknight|55/100 par|[from] Leech Seed|[of] p2a: Ferrothorn
|upkeep
|turn|16
|
|t:|1618056605
|move|p1a: Corviknight|Roost|p1a: Corviknight
|-heal|p1a: Corviknight|100/100 par
|-singleturn|p1a: Corviknight|move: Roost
|move|p2a: Ferrothorn|Body Press|p1a: Corviknight
|-supereffective|p1a: Corviknight
|-damage|p1a: Corviknight|69/100 par
|
|-damage|p1a: Corviknight|57/100 par|[from] Leech Seed|[of] p2a: Ferrothorn
|upkeep
|turn|17
|
|t:|1618056615
|switch|p1a: Jungle Hunter|Tangrowth, F|100/100 par
|-damage|p1a: Jungle Hunter|88/100 par|[from] Spikes
|switch|p2a: Zamazenta|Zamazenta-Crowned|100/100
|-ability|p2a: Zamazenta|Dauntless Shield|boost
|-boost|p2a: Zamazenta|def|1
|
|upkeep
|turn|18
|
|t:|1618056619
|move|p2a: Zamazenta|Howl|p2a: Zamazenta
|-boost|p2a: Zamazenta|atk|1
|cant|p1a: Jungle Hunter|par
|
|upkeep
|turn|19
|c| WSMoe|oo
|
|t:|1618056629
|move|p2a: Zamazenta|Howl|p2a: Zamazenta
|-boost|p2a: Zamazenta|atk|1
|cant|p1a: Jungle Hunter|par
|
|upkeep
|turn|20
|c|☆LT71LX Allistair|lol
|c|☆Corumba|hawoo
|j| Serene Grace
|c| WSMoe|i heard that howl from here
|c|☆LT71LX Allistair|The opposing Zamazenta used Howl!
|c|☆LT71LX Allistair|Jungle Hunter is paralyzed! It can't move!
|c|☆LT71LX Allistair|why ain't i surprised
|
|t:|1618056663
|move|p2a: Zamazenta|Howl|p2a: Zamazenta
|-boost|p2a: Zamazenta|atk|1
|cant|p1a: Jungle Hunter|par
|
|upkeep
|turn|21
|c| WSMoe|did u focus blast
|c| WSMoe|or sleep powder
|j| Zombini62
|c|☆Corumba|neither
|c|☆Corumba|he'll be knock giga
|c|☆LT71LX Allistair|first two times leech
|l| Serene Grace
|c|☆LT71LX Allistair|then sleep poweder
|c| WSMoe|leech wasnt gonna do anything
|c| WSMoe|u should be clicking powder
|c|☆LT71LX Allistair|well if he hits me i was going to need pp
|c|☆LT71LX Allistair|*hp
|
|t:|1618056718
|move|p2a: Zamazenta|Iron Head|p1a: Jungle Hunter
|-damage|p1a: Jungle Hunter|32/100 par
|-damage|p2a: Zamazenta|84/100|[from] item: Rocky Helmet|[of] p1a: Jungle Hunter
|cant|p1a: Jungle Hunter|flinch
|
|upkeep
|turn|22
|c| WSMoe|LOL
|c| WSMoe|gg
|c|☆LT71LX Allistair|disgusting
|-message|LT71LX Allistair forfeited.
|
|win|Corumba
|raw|LT71LX Allistair's rating: 1749 &rarr; <strong>1738</strong><br />(-11 for losing)
|raw|Corumba's rating: 1915 &rarr; <strong>1926</strong><br />(+11 for winning)
|l|☆LT71LX Allistair
|c|☆Corumba|apologies
