|j|☆Storm Zone
|j|☆4funaccount
|player|p1|Storm Zone|zinnia|1728
|player|p2|4funaccount|volkner|1712
|teamsize|p1|6
|teamsize|p2|6
|gametype|singles
|gen|8
|tier|[Gen 8] OU
|rated|
|clearpoke
|poke|p1|Clefable, M|
|poke|p1|Hydreigon, F|
|poke|p1|Celebi|
|poke|p1|Darmanitan, M|
|poke|p1|Jellicent, F|
|poke|p1|Excadrill, M|
|poke|p2|Excadrill, F|
|poke|p2|Hippowdon, M|
|poke|p2|Reuniclus, M|
|poke|p2|Ferrothorn, M|
|poke|p2|Clefable, M|
|poke|p2|Hydreigon, F|
|rule|Sleep Clause Mod: Limit one foe put to sleep
|rule|Species Clause: Limit one of each Pokémon
|rule|OHKO Clause: OHKO moves are banned
|rule|Evasion Moves Clause: Evasion moves are banned
|rule|Endless Battle Clause: Forcing endless battles is banned
|rule|HP Percentage Mod: HP is shown in percentages
|rule|Dynamax Clause: You cannot dynamax
|teampreview
|j| phys2000
|
|start
|switch|p1a: Hydra|Hydreigon, F|100/100
|switch|p2a: Ferrothorn|Ferrothorn, M|100/100
|turn|1
|inactive|Battle timer is ON: inactive players will automatically lose when time's up. (requested by 4funaccount)
|
|switch|p2a: Clefable|Clefable, M|100/100
|move|p1a: Hydra|Fire Blast|p2a: Clefable
|-damage|p2a: Clefable|42/100
|-status|p2a: Clefable|brn
|
|upkeep
|turn|2
|
|switch|p2a: Hydreigon|Hydreigon, F|100/100
|move|p1a: Hydra|Fire Blast|p2a: Hydreigon
|-resisted|p2a: Hydreigon
|-crit|p2a: Hydreigon
|-damage|p2a: Hydreigon|50/100
|
|upkeep
|turn|3
|
|move|p2a: Hydreigon|Roost|p2a: Hydreigon
|-heal|p2a: Hydreigon|99/100
|-singleturn|p2a: Hydreigon|move: Roost
|move|p1a: Hydra|Fire Blast|p2a: Hydreigon
|-resisted|p2a: Hydreigon
|-damage|p2a: Hydreigon|65/100
|-status|p2a: Hydreigon|brn
|
|-damage|p2a: Hydreigon|59/100 brn|[from] brn
|upkeep
|turn|4
|
|switch|p1a: Crescent|Clefable, M|100/100
|move|p2a: Hydreigon|Flash Cannon|p1a: Crescent
|-supereffective|p1a: Crescent
|-damage|p1a: Crescent|34/100
|-damage|p2a: Hydreigon|49/100 brn|[from] item: Life Orb
|
|-damage|p2a: Hydreigon|43/100 brn|[from] brn
|upkeep
|turn|5
|
|move|p2a: Hydreigon|Flash Cannon|p1a: Crescent
|-supereffective|p1a: Crescent
|-damage|p1a: Crescent|0 fnt
|-damage|p2a: Hydreigon|33/100 brn|[from] item: Life Orb
|faint|p1a: Crescent
|
|-damage|p2a: Hydreigon|27/100 brn|[from] brn
|upkeep
|
|switch|p1a: Ilex|Celebi|100/100
|turn|6
|
|switch|p1a: Hydra|Hydreigon, F|100/100
|switch|p2a: Reuniclus|Reuniclus, M|100/100
|
|upkeep
|turn|7
|
|move|p1a: Hydra|Dark Pulse|p2a: Reuniclus
|-supereffective|p2a: Reuniclus
|-damage|p2a: Reuniclus|38/100
|cant|p2a: Reuniclus|flinch
|
|upkeep
|turn|8
|
|switch|p2a: Hydreigon|Hydreigon, F|27/100 brn
|move|p1a: Hydra|Dark Pulse|p2a: Hydreigon
|-resisted|p2a: Hydreigon
|-damage|p2a: Hydreigon|0 fnt
|faint|p2a: Hydreigon
|
|upkeep
|
|switch|p2a: Clefable|Clefable, M|42/100 brn
|turn|9
|
|move|p1a: Hydra|Dark Pulse|p2a: Clefable
|-resisted|p2a: Clefable
|-damage|p2a: Clefable|9/100 brn
|move|p2a: Clefable|Soft-Boiled|p2a: Clefable
|-heal|p2a: Clefable|59/100 brn
|
|upkeep
|turn|10
|
|move|p1a: Hydra|Dark Pulse|p2a: Clefable
|-resisted|p2a: Clefable
|-damage|p2a: Clefable|30/100 brn
|move|p2a: Clefable|Calm Mind|p2a: Clefable
|-boost|p2a: Clefable|spa|1
|-boost|p2a: Clefable|spd|1
|
|upkeep
|turn|11
|
|switch|p1a: Ilex|Celebi|100/100
|move|p2a: Clefable|Flamethrower|p1a: Ilex
|-supereffective|p1a: Ilex
|-damage|p1a: Ilex|23/100
|
|upkeep
|turn|12
|
|move|p1a: Ilex|Leaf Blade|p2a: Clefable
|-damage|p2a: Clefable|0 fnt
|-damage|p1a: Ilex|13/100|[from] item: Life Orb
|faint|p2a: Clefable
|
|upkeep
|
|switch|p2a: Ferrothorn|Ferrothorn, M|100/100
|turn|13
|
|switch|p1a: Son Goku|Darmanitan, M|100/100
|move|p2a: Ferrothorn|Spikes|p1a: Son Goku
|-sidestart|p1: Storm Zone|Spikes
|
|upkeep
|turn|14
|
|switch|p2a: Hippowdon|Hippowdon, M|100/100
|-weather|Sandstorm|[from] ability: Sand Stream|[of] p2a: Hippowdon
|move|p1a: Son Goku|Fire Punch|p2a: Hippowdon
|-damage|p2a: Hippowdon|72/100
|
|-weather|Sandstorm|[upkeep]
|-damage|p1a: Son Goku|94/100|[from] Sandstorm
|-heal|p2a: Hippowdon|78/100|[from] item: Leftovers
|upkeep
|turn|15
|
|switch|p1a: Hydra|Hydreigon, F|100/100
|move|p2a: Hippowdon|Earthquake|p1a: Hydra
|-immune|p1a: Hydra|[from] ability: Levitate
|
|-weather|Sandstorm|[upkeep]
|-damage|p1a: Hydra|94/100|[from] Sandstorm
|-heal|p2a: Hippowdon|84/100|[from] item: Leftovers
|upkeep
|turn|16
|
|move|p1a: Hydra|Dark Pulse|p2a: Hippowdon
|-damage|p2a: Hippowdon|19/100
|move|p2a: Hippowdon|Whirlwind|p1a: Hydra
|drag|p1a: Son Goku|Darmanitan, M|94/100
|
|-weather|Sandstorm|[upkeep]
|-damage|p1a: Son Goku|88/100|[from] Sandstorm
|-heal|p2a: Hippowdon|25/100|[from] item: Leftovers
|upkeep
|turn|17
|
|move|p1a: Son Goku|Substitute|p1a: Son Goku
|-start|p1a: Son Goku|Substitute
|-damage|p1a: Son Goku|63/100
|move|p2a: Hippowdon|Slack Off|p2a: Hippowdon
|-heal|p2a: Hippowdon|75/100
|
|-weather|Sandstorm|[upkeep]
|-damage|p1a: Son Goku|57/100|[from] Sandstorm
|-heal|p2a: Hippowdon|81/100|[from] item: Leftovers
|upkeep
|turn|18
|
|switch|p1a: Hydra|Hydreigon, F|94/100
|move|p2a: Hippowdon|Whirlwind|p1a: Hydra
|drag|p1a: Son Goku|Darmanitan, M|57/100
|
|-weather|none
|-heal|p2a: Hippowdon|88/100|[from] item: Leftovers
|upkeep
|turn|19
|
|switch|p1a: Hydra|Hydreigon, F|94/100
|move|p2a: Hippowdon|Stealth Rock|p1a: Hydra
|-sidestart|p1: Storm Zone|move: Stealth Rock
|
|-heal|p2a: Hippowdon|94/100|[from] item: Leftovers
|upkeep
|turn|20
|
|move|p1a: Hydra|Draco Meteor|p2a: Hippowdon
|-damage|p2a: Hippowdon|0 fnt
|-unboost|p1a: Hydra|spa|2
|faint|p2a: Hippowdon
|
|upkeep
|
|switch|p2a: Excadrill|Excadrill, F|100/100
|turn|21
|
|switch|p1a: Ilex|Celebi|13/100
|-damage|p1a: Ilex|1/100|[from] Stealth Rock
|-damage|p1a: Ilex|0 fnt|[from] Spikes
|faint|p1a: Ilex
|move|p2a: Excadrill|Rapid Spin|p1: Ilex|[notarget]
|-fail|p2a: Excadrill
|
|upkeep
|
|switch|p1a: Son Goku|Darmanitan, M|57/100
|turn|22
|
|move|p1a: Son Goku|Fire Punch|p2a: Excadrill
|-supereffective|p2a: Excadrill
|-damage|p2a: Excadrill|0 fnt
|faint|p2a: Excadrill
|
|upkeep
|-message|4funaccount forfeited.
|
|win|Storm Zone
|l|☆4funaccount
|raw|Storm Zone's rating: 1701 &rarr; <strong>1720</strong><br />(+19 for winning)
|raw|4funaccount's rating: 1695 &rarr; <strong>1676</strong><br />(-19 for losing)
|l|☆Storm Zone
|l| phys2000
