|j|☆RKS-miku
|j|☆Colonel Rivai
|t:|1659980868
|gametype|singles
|player|p1|RKS-miku|dawn|1485
|player|p2|Colonel Rivai|266|1466
|teamsize|p1|6
|teamsize|p2|6
|gen|8
|tier|[Gen 8] OU
|rated|
|rule|Sleep Clause Mod: Limit one foe put to sleep
|rule|Species Clause: Limit one of each Pokémon
|rule|OHKO Clause: OHKO moves are banned
|rule|Evasion Items Clause: Evasion items are banned
|rule|Evasion Moves Clause: Evasion moves are banned
|rule|Endless Battle Clause: Forcing endless battles is banned
|rule|HP Percentage Mod: HP is shown in percentages
|rule|Dynamax Clause: You cannot dynamax
|clearpoke
|poke|p1|Zapdos|
|poke|p1|Ferrothorn, F|
|poke|p1|Pelipper, M|
|poke|p1|Landorus-Therian, M|
|poke|p1|Tapu Lele|
|poke|p1|Rotom-Wash|
|poke|p2|Hydreigon, M|
|poke|p2|Kartana|
|poke|p2|Blacephalon|
|poke|p2|Landorus-Therian, M|
|poke|p2|Melmetal|
|poke|p2|Toxapex, M|
|teampreview
|
|t:|1659980882
|start
|switch|p1a: Pelipper|Pelipper, M|100/100
|switch|p2a: Hydreigon|Hydreigon, M|100/100
|-weather|RainDance|[from] ability: Drizzle|[of] p1a: Pelipper
|turn|1
|inactive|Battle timer is ON: inactive players will automatically lose when time's up. (requested by Colonel Rivai)
|
|t:|1659980893
|move|p2a: Hydreigon|Beat Up|p1a: Pelipper
|-damage|p1a: Pelipper|85/100
|-damage|p1a: Pelipper|62/100
|-damage|p1a: Pelipper|47/100
|-damage|p1a: Pelipper|28/100
|-damage|p1a: Pelipper|9/100
|-damage|p1a: Pelipper|0 fnt
|faint|p1a: Pelipper
|-hitcount|p1: Pelipper|6
|
|-weather|RainDance|[upkeep]
|upkeep
|
|t:|1659980908
|switch|p1a: Tapu Lele|Tapu Lele|100/100
|-fieldstart|move: Psychic Terrain|[from] ability: Psychic Surge|[of] p1a: Tapu Lele
|turn|2
|
|t:|1659980912
|switch|p2a: Landorus|Landorus-Therian, M|100/100
|-ability|p2a: Landorus|Intimidate|boost
|-unboost|p1a: Tapu Lele|atk|1
|move|p1a: Tapu Lele|Future Sight|p2a: Landorus
|-start|p1a: Tapu Lele|move: Future Sight
|
|-weather|RainDance|[upkeep]
|upkeep
|turn|3
|
|t:|1659980926
|switch|p1a: Rotom|Rotom-Wash|100/100
|move|p2a: Landorus|U-turn|p1a: Rotom
|-damage|p1a: Rotom|76/100
|
|t:|1659980936
|switch|p2a: Hydreigon|Hydreigon, M|100/100|[from]move: U-turn
|
|-weather|RainDance|[upkeep]
|-heal|p1a: Rotom|82/100|[from] item: Leftovers
|upkeep
|turn|4
|
|t:|1659980945
|move|p2a: Hydreigon|Beat Up|p1a: Rotom
|-damage|p1a: Rotom|70/100
|-damage|p1a: Rotom|51/100
|-damage|p1a: Rotom|39/100
|-damage|p1a: Rotom|23/100
|-damage|p1a: Rotom|8/100
|-damage|p1a: Rotom|0 fnt
|faint|p1a: Rotom
|-hitcount|p1: Rotom|6
|
|-weather|RainDance|[upkeep]
|-end|p2a: Hydreigon|move: Future Sight
|-immune|p2a: Hydreigon
|upkeep
|
|t:|1659980956
|switch|p1a: Tapu Lele|Tapu Lele|100/100
|turn|5
|inactive|Colonel Rivai has 120 seconds left.
|
|t:|1659980994
|move|p1a: Tapu Lele|Moonblast|p2a: Hydreigon
|-supereffective|p2a: Hydreigon
|-damage|p2a: Hydreigon|0 fnt
|faint|p2a: Hydreigon
|
|-weather|none
|upkeep
|
|t:|1659980996
|switch|p2a: Blacephalon|Blacephalon|100/100
|turn|6
|
|t:|1659981006
|switch|p1a: Ferrothorn|Ferrothorn, F|100/100
|move|p2a: Blacephalon|Flamethrower|p1a: Ferrothorn
|-supereffective|p1a: Ferrothorn
|-crit|p1a: Ferrothorn
|-damage|p1a: Ferrothorn|0 fnt
|faint|p1a: Ferrothorn
|-ability|p2a: Blacephalon|Beast Boost|boost
|-boost|p2a: Blacephalon|spa|1
|
|-fieldend|move: Psychic Terrain
|upkeep
|
|t:|1659981015
|switch|p1a: Tapu Lele|Tapu Lele|100/100
|-fieldstart|move: Psychic Terrain|[from] ability: Psychic Surge|[of] p1a: Tapu Lele
|turn|7
|inactive|Colonel Rivai has 120 seconds left.
|
|t:|1659981067
|move|p2a: Blacephalon|Flamethrower|p1a: Tapu Lele
|-damage|p1a: Tapu Lele|17/100
|move|p1a: Tapu Lele|Psychic|p2a: Blacephalon
|-damage|p2a: Blacephalon|0 fnt
|faint|p2a: Blacephalon
|
|upkeep
|
|t:|1659981071
|switch|p2a: Kartana|Kartana|100/100
|turn|8
|
|t:|1659981075
|switch|p1a: Landorus|Landorus-Therian, M|100/100
|-ability|p1a: Landorus|Intimidate|boost
|-unboost|p2a: Kartana|atk|1
|move|p2a: Kartana|Knock Off|p1a: Landorus
|-damage|p1a: Landorus|72/100
|-damage|p2a: Kartana|84/100|[from] item: Rocky Helmet|[of] p1a: Landorus
|-enditem|p1a: Landorus|Rocky Helmet|[from] move: Knock Off|[of] p2a: Kartana
|
|upkeep
|turn|9
|
|t:|1659981087
|switch|p2a: Landorus|Landorus-Therian, M|100/100
|-ability|p2a: Landorus|Intimidate|boost
|-unboost|p1a: Landorus|atk|1
|move|p1a: Landorus|Knock Off|p2a: Landorus
|-damage|p2a: Landorus|79/100
|-enditem|p2a: Landorus|Leftovers|[from] move: Knock Off|[of] p1a: Landorus
|
|upkeep
|turn|10
|
|t:|1659981096
|move|p2a: Landorus|Stealth Rock|p1a: Landorus
|-sidestart|p1: RKS-miku|move: Stealth Rock
|move|p1a: Landorus|U-turn|p2a: Landorus
|-resisted|p2a: Landorus
|-damage|p2a: Landorus|72/100
|
|t:|1659981105
|switch|p1a: Tapu Lele|Tapu Lele|17/100|[from]move: U-turn
|-damage|p1a: Tapu Lele|5/100|[from] Stealth Rock
|
|upkeep
|turn|11
|
|t:|1659981113
|move|p1a: Tapu Lele|Psychic|p2a: Landorus
|-damage|p2a: Landorus|23/100
|move|p2a: Landorus|U-turn|p1a: Tapu Lele
|-damage|p1a: Tapu Lele|0 fnt
|faint|p1a: Tapu Lele
|
|t:|1659981116
|switch|p2a: Kartana|Kartana|84/100|[from]move: U-turn
|
|-fieldend|move: Psychic Terrain
|upkeep
|
|t:|1659981135
|switch|p1a: Landorus|Landorus-Therian, M|72/100
|-damage|p1a: Landorus|60/100|[from] Stealth Rock
|-ability|p1a: Landorus|Intimidate|boost
|-unboost|p2a: Kartana|atk|1
|turn|12
|
|t:|1659981151
|move|p2a: Kartana|Leaf Blade|p1a: Landorus
|-damage|p1a: Landorus|21/100
|move|p1a: Landorus|Stealth Rock|p2a: Kartana
|-sidestart|p2: Colonel Rivai|move: Stealth Rock
|
|upkeep
|turn|13
|
|t:|1659981163
|move|p2a: Kartana|Leaf Blade|p1a: Landorus
|-crit|p1a: Landorus
|-damage|p1a: Landorus|0 fnt
|faint|p1a: Landorus
|-ability|p2a: Kartana|Beast Boost|boost
|-boost|p2a: Kartana|atk|1
|
|upkeep
|
|t:|1659981166
|switch|p1a: Zapdos|Zapdos|100/100
|turn|14
|
|t:|1659981171
|switch|p2a: Landorus|Landorus-Therian, M|23/100
|-damage|p2a: Landorus|10/100|[from] Stealth Rock
|-ability|p2a: Landorus|Intimidate|boost
|-unboost|p1a: Zapdos|atk|1
|move|p1a: Zapdos|Hurricane|p2a: Landorus
|-damage|p2a: Landorus|0 fnt
|faint|p2a: Landorus
|
|upkeep
|
|t:|1659981173
|switch|p2a: Toxapex|Toxapex, M|100/100
|-damage|p2a: Toxapex|88/100|[from] Stealth Rock
|turn|15
|
|t:|1659981176
|move|p1a: Zapdos|Hurricane|p2a: Toxapex
|-damage|p2a: Toxapex|36/100
|move|p2a: Toxapex|Toxic|p1a: Zapdos
|-status|p1a: Zapdos|tox
|
|-damage|p1a: Zapdos|94/100 tox|[from] psn
|upkeep
|turn|16
|
|t:|1659981184
|move|p1a: Zapdos|Thunder|p2a: Toxapex
|-supereffective|p2a: Toxapex
|-damage|p2a: Toxapex|0 fnt
|faint|p2a: Toxapex
|
|-damage|p1a: Zapdos|82/100 tox|[from] psn
|upkeep
|
|t:|1659981187
|switch|p2a: Melmetal|Melmetal|100/100
|-damage|p2a: Melmetal|94/100|[from] Stealth Rock
|turn|17
|
|t:|1659981191
|move|p1a: Zapdos|Thunder|p2a: Melmetal|[miss]
|-miss|p1a: Zapdos|p2a: Melmetal
|move|p2a: Melmetal|Ice Punch|p1a: Zapdos
|-supereffective|p1a: Zapdos
|-damage|p1a: Zapdos|8/100 tox
|
|-damage|p1a: Zapdos|0 fnt|[from] psn
|faint|p1a: Zapdos
|
|win|Colonel Rivai
|upkeep
|raw|RKS-miku's rating: 1485 &rarr; <strong>1464</strong><br />(-21 for losing)
|raw|Colonel Rivai's rating: 1466 &rarr; <strong>1487</strong><br />(+21 for winning)
|l|☆Colonel Rivai
