|j|☆cute pink team
|j|☆LT92PF Highv0ltag3
|t:|1659870570
|gametype|singles
|player|p1|cute pink team|misty-gen1|1836
|player|p2|LT92PF Highv0ltag3|volo|1842
|teamsize|p1|6
|teamsize|p2|6
|gen|8
|tier|[Gen 8] OU
|rated|
|rule|Sleep Clause Mod: Limit one foe put to sleep
|rule|Species Clause: Limit one of each Pokémon
|rule|OHKO Clause: OHKO moves are banned
|rule|Evasion Items Clause: Evasion items are banned
|rule|Evasion Moves Clause: Evasion moves are banned
|rule|Endless Battle Clause: Forcing endless battles is banned
|rule|HP Percentage Mod: HP is shown in percentages
|rule|Dynamax Clause: You cannot dynamax
|clearpoke
|poke|p1|Tyranitar, F|
|poke|p1|Corviknight, M|
|poke|p1|Volcanion|
|poke|p1|Zapdos|
|poke|p1|Weavile, F|
|poke|p1|Nidoking, M|
|poke|p2|Porygon-Z|
|poke|p2|Toxapex, M|
|poke|p2|Corviknight, M|
|poke|p2|Urshifu-*, F|
|poke|p2|Landorus-Therian, M|
|poke|p2|Mew|
|teampreview
|l|☆LT92PF Highv0ltag3
|player|p2|
|j|☆LT92PF Highv0ltag3
|player|p2|LT92PF Highv0ltag3|volo
|
|t:|1659870610
|start
|switch|p1a: Zapdos|Zapdos|100/100
|switch|p2a: Porygon-Z|Porygon-Z|100/100
|-ability|p2a: Porygon-Z|Download|boost
|-boost|p2a: Porygon-Z|atk|1
|turn|1
|j| muaaaaaaaa
|j| the art of
|l| muaaaaaaaa
|j| fdxbgcnh
|j| vo1kner
|
|t:|1659870635
|switch|p2a: Toxapex|Toxapex, M|100/100
|move|p1a: Zapdos|Volt Switch|p2a: Toxapex
|-supereffective|p2a: Toxapex
|-crit|p2a: Toxapex
|-damage|p2a: Toxapex|0 fnt
|faint|p2a: Toxapex
|l| fdxbgcnh
|j| bfdbdfbdfbdf
|c|☆LT92PF Highv0ltag3|Lol
|
|t:|1659870646
|switch|p1a: Volcanion|Volcanion|100/100|[from]move: Volt Switch
|
|upkeep
|j| LT92PF Hikozaru
|
|t:|1659870649
|switch|p2a: Porygon-Z|Porygon-Z|100/100
|-ability|p2a: Porygon-Z|Download|boost
|-boost|p2a: Porygon-Z|spa|1
|turn|2
|
|t:|1659870653
|switch|p1a: Corviknight|Corviknight, M|100/100
|-ability|p1a: Corviknight|Pressure
|move|p2a: Porygon-Z|Thunderbolt|p1a: Corviknight
|-supereffective|p1a: Corviknight
|-damage|p1a: Corviknight|0 fnt
|faint|p1a: Corviknight
|
|upkeep
|
|t:|1659870659
|switch|p1a: Weavile|Weavile, F|100/100
|-ability|p1a: Weavile|Pressure
|turn|3
|
|t:|1659870663
|switch|p1a: Zapdos|Zapdos|100/100
|switch|p2a: Urshifu|Urshifu-Rapid-Strike, F|100/100
|
|upkeep
|turn|4
|j| Ash Red Legend
|
|t:|1659870677
|switch|p2a: Corviknight|Corviknight, M|100/100
|-ability|p2a: Corviknight|Pressure
|move|p1a: Zapdos|Hurricane|p2a: Corviknight
|-resisted|p2a: Corviknight
|-crit|p2a: Corviknight
|-damage|p2a: Corviknight|40/100
|
|-heal|p2a: Corviknight|46/100|[from] item: Leftovers
|upkeep
|turn|5
|c|☆LT92PF Highv0ltag3|Bro
|
|t:|1659870697
|switch|p1a: Volcanion|Volcanion|100/100
|move|p2a: Corviknight|Roost|p2a: Corviknight
|-heal|p2a: Corviknight|96/100
|-singleturn|p2a: Corviknight|move: Roost
|
|-heal|p2a: Corviknight|100/100|[from] item: Leftovers
|upkeep
|turn|6
|c| Ash Red Legend|How to play official ladder tournaments?
|
|t:|1659870704
|move|p1a: Volcanion|Overheat|p2a: Corviknight
|-supereffective|p2a: Corviknight
|-crit|p2a: Corviknight
|-damage|p2a: Corviknight|0 fnt
|-unboost|p1a: Volcanion|spa|2
|faint|p2a: Corviknight
|
|upkeep
|
|t:|1659870708
|switch|p2a: Porygon-Z|Porygon-Z|100/100
|-ability|p2a: Porygon-Z|Download|boost
|-boost|p2a: Porygon-Z|spa|1
|turn|7
|l| Ash Red Legend
|j| tapu moxo
|
|t:|1659870719
|switch|p1a: Tyranitar|Tyranitar, F|100/100
|-weather|Sandstorm|[from] ability: Sand Stream|[of] p1a: Tyranitar
|move|p2a: Porygon-Z|Tri Attack|p1a: Tyranitar
|-resisted|p1a: Tyranitar
|-damage|p1a: Tyranitar|69/100
|
|-weather|Sandstorm|[upkeep]
|-damage|p2a: Porygon-Z|94/100|[from] Sandstorm
|upkeep
|turn|8
|j| Pais
|j| Ash Red Legend
|c| the art of|u sign up in smogon
|
|t:|1659870732
|switch|p2a: Urshifu|Urshifu-Rapid-Strike, F|100/100
|switch|p1a: Zapdos|Zapdos|100/100
|
|-weather|Sandstorm|[upkeep]
|-damage|p2a: Urshifu|94/100|[from] Sandstorm
|-damage|p1a: Zapdos|94/100|[from] Sandstorm
|upkeep
|turn|9
|j| LT92PF Silk
|j| LT92PF gei
|l| LT92PF Silk
|
|t:|1659870740
|switch|p2a: Landorus|Landorus-Therian, M|100/100
|-ability|p2a: Landorus|Intimidate|boost
|-unboost|p1a: Zapdos|atk|1
|move|p1a: Zapdos|Hurricane|p2a: Landorus
|-damage|p2a: Landorus|15/100
|
|-weather|Sandstorm|[upkeep]
|-damage|p1a: Zapdos|88/100|[from] Sandstorm
|-heal|p2a: Landorus|21/100|[from] item: Leftovers
|upkeep
|turn|10
|j| Jase duken
|c| vo1kner|WTF
|c| LT92PF gei|but ur team isnt pink
|j| PoobleMaster945
|inactive|Battle timer is ON: inactive players will automatically lose when time's up. (requested by LT92PF Highv0ltag3)
|
|t:|1659870762
|move|p1a: Zapdos|Hurricane|p2a: Landorus
|-damage|p2a: Landorus|0 fnt
|faint|p2a: Landorus
|
|-weather|Sandstorm|[upkeep]
|-damage|p1a: Zapdos|82/100|[from] Sandstorm
|upkeep
|j| LT92PF Buzzwole
|
|t:|1659870775
|switch|p2a: Mew|Mew|100/100
|turn|11
|
|t:|1659870778
|switch|p1a: Volcanion|Volcanion|100/100
|move|p2a: Mew|Triple Axel|p1a: Volcanion
|-resisted|p1a: Volcanion
|-damage|p1a: Volcanion|99/100
|-resisted|p1a: Volcanion
|-damage|p1a: Volcanion|96/100
|-resisted|p1a: Volcanion
|-damage|p1a: Volcanion|91/100
|-hitcount|p1a: Volcanion|3
|
|-weather|none
|upkeep
|turn|12
|
|t:|1659870781
|switch|p2a: Urshifu|Urshifu-Rapid-Strike, F|94/100
|move|p1a: Volcanion|Steam Eruption|p2a: Urshifu
|-resisted|p2a: Urshifu
|-damage|p2a: Urshifu|27/100
|
|upkeep
|turn|13
|l| Pais
|
|t:|1659870789
|switch|p1a: Nidoking|Nidoking, M|100/100
|move|p2a: Urshifu|Close Combat|p1a: Nidoking
|-resisted|p1a: Nidoking
|-damage|p1a: Nidoking|35/100
|-unboost|p2a: Urshifu|def|1
|-unboost|p2a: Urshifu|spd|1
|
|upkeep
|turn|14
|
|t:|1659870792
|move|p1a: Nidoking|Sludge Wave|p2a: Urshifu
|-damage|p2a: Urshifu|0 fnt
|faint|p2a: Urshifu
|
|upkeep
|
|t:|1659870796
|switch|p2a: Mew|Mew|100/100
|turn|15
|
|t:|1659870805
|switch|p1a: Weavile|Weavile, F|100/100
|-ability|p1a: Weavile|Pressure
|move|p2a: Mew|Triple Axel|p1a: Weavile
|-resisted|p1a: Weavile
|-damage|p1a: Weavile|95/100
|-resisted|p1a: Weavile
|-damage|p1a: Weavile|83/100
|-hitcount|p1a: Weavile|2
|
|upkeep
|turn|16
|
|t:|1659870810
|switch|p2a: Porygon-Z|Porygon-Z|94/100
|-ability|p2a: Porygon-Z|Download|boost
|-boost|p2a: Porygon-Z|atk|1
|move|p1a: Weavile|Knock Off|p2a: Porygon-Z
|-damage|p2a: Porygon-Z|0 fnt
|-enditem|p2a: Porygon-Z|Choice Specs|[from] move: Knock Off|[of] p1a: Weavile
|faint|p2a: Porygon-Z
|
|upkeep
|
|t:|1659870815
|switch|p2a: Mew|Mew|100/100
|turn|17
|j| Not_Taken_Name637
|
|t:|1659870818
|move|p2a: Mew|Close Combat|p1a: Weavile
|-supereffective|p1a: Weavile
|-damage|p1a: Weavile|0 fnt
|-unboost|p2a: Mew|def|1
|-unboost|p2a: Mew|spd|1
|faint|p1a: Weavile
|
|upkeep
|
|t:|1659870822
|switch|p1a: Zapdos|Zapdos|82/100
|turn|18
|
|t:|1659870825
|move|p2a: Mew|Close Combat|p1a: Zapdos
|-resisted|p1a: Zapdos
|-damage|p1a: Zapdos|60/100
|-unboost|p2a: Mew|def|1
|-unboost|p2a: Mew|spd|1
|-status|p2a: Mew|par|[from] ability: Static|[of] p1a: Zapdos
|-activate|p2a: Mew|ability: Synchronize
|-immune|p1a: Zapdos
|move|p1a: Zapdos|Thunderbolt|p2a: Mew
|-damage|p2a: Mew|0 fnt
|faint|p2a: Mew
|
|win|cute pink team
|raw|cute pink team's rating: 1836 &rarr; <strong>1856</strong><br />(+20 for winning)
|raw|LT92PF Highv0ltag3's rating: 1842 &rarr; <strong>1822</strong><br />(-20 for losing)
|j| zReptar
|l| bfdbdfbdfbdf
|l| zReptar
|l| the art of
|c|☆cute pink team|gg
|l| LT92PF Buzzwole
|l|☆LT92PF Highv0ltag3
|l| LT92PF gei
|l| Jase duken
||Ladder isn't responding, score probably updated but might not have (Request timeout).
|j|+Amasaki ☆
|l|+Amasaki ☆
|l|☆cute pink team
|l| PoobleMaster945
|l| Ash Red Legend
|l| Not_Taken_Name637
|j| LT92PF Isza
|j| PoobleMaster945
|j| rheysali
