|j|☆ninjadouche
|j|☆Maitredouard2
|t:|1655724983
|gametype|singles
|player|p1|ninjadouche|burglar|1568
|player|p2|Maitredouard2|lance|1603
|teamsize|p1|6
|teamsize|p2|6
|gen|8
|tier|[Gen 8] OU
|rated|
|rule|Sleep Clause Mod: Limit one foe put to sleep
|rule|Species Clause: Limit one of each Pokémon
|rule|OHKO Clause: OHKO moves are banned
|rule|Evasion Moves Clause: Evasion moves are banned
|rule|Endless Battle Clause: Forcing endless battles is banned
|rule|HP Percentage Mod: HP is shown in percentages
|rule|Dynamax Clause: You cannot dynamax
|clearpoke
|poke|p1|Marowak-Alola, F|
|poke|p1|Ninetales, F|
|poke|p1|Rotom-Wash|
|poke|p1|Snorlax, F|
|poke|p1|Shiftry, M|
|poke|p1|Aggron, F|
|poke|p2|Mandibuzz, F|
|poke|p2|Landorus-Therian, M|
|poke|p2|Blissey, F|
|poke|p2|Heatran, F|
|poke|p2|Toxapex, F|
|poke|p2|Tapu Lele|
|teampreview
|
|t:|1655725000
|start
|switch|p1a: Ninetales|Ninetales, F, shiny|100/100
|switch|p2a: Landorus|Landorus-Therian, M|100/100
|-ability|p2a: Landorus|Intimidate|boost
|-unboost|p1a: Ninetales|atk|1
|-weather|SunnyDay|[from] ability: Drought|[of] p1a: Ninetales
|turn|1
|
|t:|1655725009
|switch|p1a: Rotom|Rotom-Wash|100/100
|move|p2a: Landorus|Earthquake|p1a: Rotom
|-immune|p1a: Rotom|[from] ability: Levitate
|
|-weather|SunnyDay|[upkeep]
|upkeep
|turn|2
|inactive|Battle timer is ON: inactive players will automatically lose when time's up. (requested by ninjadouche)
|
|t:|1655725019
|switch|p2a: Tapu Lele|Tapu Lele|100/100
|-fieldstart|move: Psychic Terrain|[from] ability: Psychic Surge|[of] p2a: Tapu Lele
|move|p1a: Rotom|Volt Switch|p2a: Tapu Lele
|-damage|p2a: Tapu Lele|75/100
|
|t:|1655725023
|switch|p1a: Shiftry|Shiftry, M|100/100|[from]move: Volt Switch
|
|-weather|SunnyDay|[upkeep]
|upkeep
|turn|3
|
|t:|1655725032
|move|p1a: Shiftry|Knock Off|p2a: Tapu Lele
|-damage|p2a: Tapu Lele|0 fnt
|-enditem|p2a: Tapu Lele|Choice Specs|[from] move: Knock Off|[of] p1a: Shiftry
|faint|p2a: Tapu Lele
|-damage|p1a: Shiftry|91/100|[from] item: Life Orb
|
|-weather|SunnyDay|[upkeep]
|upkeep
|
|t:|1655725042
|switch|p2a: Mandibuzz|Mandibuzz, F|100/100
|turn|4
|
|t:|1655725049
|switch|p1a: Rotom|Rotom-Wash|100/100
|move|p2a: Mandibuzz|Toxic|p1a: Rotom
|-status|p1a: Rotom|tox
|
|-weather|SunnyDay|[upkeep]
|-damage|p1a: Rotom|95/100 tox|[from] psn
|upkeep
|turn|5
|
|t:|1655725057
|switch|p2a: Blissey|Blissey, F|100/100
|move|p1a: Rotom|Volt Switch|p2a: Blissey
|-damage|p2a: Blissey|90/100
|
|t:|1655725060
|switch|p1a: Marowak|Marowak-Alola, F|100/100|[from]move: Volt Switch
|
|-weather|none
|upkeep
|turn|6
|
|t:|1655725068
|switch|p2a: Mandibuzz|Mandibuzz, F|100/100
|move|p1a: Marowak|Substitute|p1a: Marowak
|-start|p1a: Marowak|Substitute
|-damage|p1a: Marowak|76/100
|
|-fieldend|move: Psychic Terrain
|upkeep
|turn|7
|
|t:|1655725076
|move|p2a: Mandibuzz|Taunt|p1a: Marowak
|-start|p1a: Marowak|move: Taunt
|move|p1a: Marowak|Flare Blitz|p2a: Mandibuzz
|-damage|p2a: Mandibuzz|41/100
|-damage|p1a: Marowak|47/100|[from] Recoil
|
|upkeep
|turn|8
|
|t:|1655725084
|-singleturn|p1a: Marowak|move: Focus Punch
|move|p2a: Mandibuzz|Roost|p2a: Mandibuzz
|-heal|p2a: Mandibuzz|91/100
|-singleturn|p2a: Mandibuzz|move: Roost
|move|p1a: Marowak|Focus Punch|p2a: Mandibuzz
|-supereffective|p2a: Mandibuzz
|-damage|p2a: Mandibuzz|0 fnt
|faint|p2a: Mandibuzz
|
|upkeep
|
|t:|1655725095
|switch|p2a: Toxapex|Toxapex, F|100/100
|turn|9
|
|t:|1655725098
|move|p1a: Marowak|Poltergeist|p2a: Toxapex
|-activate|p2a: Toxapex|move: Poltergeist|Rocky Helmet
|-damage|p2a: Toxapex|43/100
|move|p2a: Toxapex|Scald|p1a: Marowak
|-supereffective|p1a: Marowak
|-end|p1a: Marowak|Substitute
|
|-end|p1a: Marowak|move: Taunt
|upkeep
|turn|10
|
|t:|1655725109
|switch|p2a: Blissey|Blissey, F|90/100
|move|p1a: Marowak|Poltergeist|p2a: Blissey
|-immune|p2a: Blissey
|
|upkeep
|turn|11
|
|t:|1655725116
|switch|p2a: Toxapex|Toxapex, F|76/100
|move|p1a: Marowak|Substitute|p1a: Marowak
|-start|p1a: Marowak|Substitute
|-damage|p1a: Marowak|22/100
|
|upkeep
|turn|12
|
|t:|1655725123
|move|p1a: Marowak|Poltergeist|p2a: Toxapex
|-activate|p2a: Toxapex|move: Poltergeist|Rocky Helmet
|-damage|p2a: Toxapex|24/100
|move|p2a: Toxapex|Scald|p1a: Marowak
|-supereffective|p1a: Marowak
|-end|p1a: Marowak|Substitute
|
|upkeep
|turn|13
|
|t:|1655725133
|switch|p2a: Blissey|Blissey, F|90/100
|move|p1a: Marowak|Poltergeist|p2a: Blissey
|-immune|p2a: Blissey
|
|upkeep
|turn|14
|
|t:|1655725141
|move|p1a: Marowak|Poltergeist|p2a: Blissey
|-immune|p2a: Blissey
|move|p2a: Blissey|Soft-Boiled|p2a: Blissey
|-heal|p2a: Blissey|100/100
|
|upkeep
|turn|15
|
|t:|1655725148
|-singleturn|p1a: Marowak|move: Focus Punch
|move|p2a: Blissey|Soft-Boiled||[still]
|-fail|p2a: Blissey|heal
|move|p1a: Marowak|Focus Punch|p2a: Blissey
|-supereffective|p2a: Blissey
|-damage|p2a: Blissey|0 fnt
|faint|p2a: Blissey
|
|upkeep
|
|t:|1655725157
|switch|p2a: Landorus|Landorus-Therian, M|100/100
|-ability|p2a: Landorus|Intimidate|boost
|-unboost|p1a: Marowak|atk|1
|turn|16
|
|t:|1655725162
|switch|p1a: Rotom|Rotom-Wash|95/100 tox
|move|p2a: Landorus|Knock Off|p1a: Rotom
|-crit|p1a: Rotom
|-damage|p1a: Rotom|50/100 tox
|-enditem|p1a: Rotom|Leftovers|[from] move: Knock Off|[of] p2a: Landorus
|
|-damage|p1a: Rotom|44/100 tox|[from] psn
|upkeep
|turn|17
|
|t:|1655725173
|move|p2a: Landorus|Knock Off|p1a: Rotom
|-damage|p1a: Rotom|25/100 tox
|move|p1a: Rotom|Will-O-Wisp|p2a: Landorus|[miss]
|-miss|p1a: Rotom|p2a: Landorus
|
|-damage|p1a: Rotom|13/100 tox|[from] psn
|upkeep
|turn|18
|
|t:|1655725181
|move|p2a: Landorus|Knock Off|p1a: Rotom
|-damage|p1a: Rotom|0 fnt
|faint|p1a: Rotom
|
|upkeep
|
|t:|1655725190
|switch|p1a: Snorlax|Snorlax, F|100/100
|turn|19
|
|t:|1655725193
|move|p2a: Landorus|Knock Off|p1a: Snorlax
|-damage|p1a: Snorlax|67/100
|-enditem|p1a: Snorlax|Choice Band|[from] move: Knock Off|[of] p2a: Landorus
|move|p1a: Snorlax|Ice Punch|p2a: Landorus
|-supereffective|p2a: Landorus
|-damage|p2a: Landorus|0 fnt
|faint|p2a: Landorus
|
|upkeep
|c|☆ninjadouche|gg
|
|t:|1655725204
|switch|p2a: Toxapex|Toxapex, F|57/100
|turn|20
|
|t:|1655725209
|move|p2a: Toxapex|Recover|p2a: Toxapex
|-heal|p2a: Toxapex|100/100
|move|p1a: Snorlax|Earthquake|p2a: Toxapex
|-supereffective|p2a: Toxapex
|-damage|p2a: Toxapex|58/100
|
|upkeep
|turn|21
|
|t:|1655725218
|move|p2a: Toxapex|Toxic|p1a: Snorlax
|-status|p1a: Snorlax|tox
|move|p1a: Snorlax|Earthquake|p2a: Toxapex
|-supereffective|p2a: Toxapex
|-damage|p2a: Toxapex|15/100
|
|-damage|p1a: Snorlax|61/100 tox|[from] psn
|upkeep
|turn|22
|
|t:|1655725227
|switch|p1a: Marowak|Marowak-Alola, F|22/100
|move|p2a: Toxapex|Recover|p2a: Toxapex
|-heal|p2a: Toxapex|65/100
|
|upkeep
|turn|23
|
|t:|1655725233
|move|p1a: Marowak|Poltergeist|p2a: Toxapex
|-activate|p2a: Toxapex|move: Poltergeist|Rocky Helmet
|-damage|p2a: Toxapex|10/100
|move|p2a: Toxapex|Scald|p1a: Marowak
|-supereffective|p1a: Marowak
|-damage|p1a: Marowak|0 fnt
|faint|p1a: Marowak
|
|upkeep
|
|t:|1655725236
|switch|p1a: Ninetales|Ninetales, F, shiny|100/100
|-weather|SunnyDay|[from] ability: Drought|[of] p1a: Ninetales
|turn|24
|
|t:|1655725246
|switch|p2a: Heatran|Heatran, F|100/100
|-item|p2a: Heatran|Air Balloon
|move|p1a: Ninetales|Scorching Sands|p2a: Heatran
|-immune|p2a: Heatran
|
|-weather|SunnyDay|[upkeep]
|upkeep
|turn|25
|
|t:|1655725255
|switch|p1a: Snorlax|Snorlax, F|61/100 tox
|move|p2a: Heatran|Magma Storm|p1a: Snorlax|[miss]
|-miss|p2a: Heatran|p1a: Snorlax
|
|-weather|SunnyDay|[upkeep]
|-damage|p1a: Snorlax|55/100 tox|[from] psn
|upkeep
|turn|26
|
|t:|1655725264
|switch|p2a: Toxapex|Toxapex, F|44/100
|move|p1a: Snorlax|Double-Edge|p2a: Toxapex
|-damage|p2a: Toxapex|5/100
|-damage|p1a: Snorlax|38/100 tox|[from] item: Rocky Helmet|[of] p2a: Toxapex
|-damage|p1a: Snorlax|30/100 tox|[from] Recoil
|
|-weather|SunnyDay|[upkeep]
|-damage|p1a: Snorlax|18/100 tox|[from] psn
|upkeep
|turn|27
|
|t:|1655725275
|move|p2a: Toxapex|Recover|p2a: Toxapex
|-heal|p2a: Toxapex|55/100
|move|p1a: Snorlax|Double-Edge|p2a: Toxapex
|-damage|p2a: Toxapex|17/100
|-damage|p1a: Snorlax|1/100 tox|[from] item: Rocky Helmet|[of] p2a: Toxapex
|-damage|p1a: Snorlax|0 fnt|[from] Recoil
|faint|p1a: Snorlax
|
|-weather|SunnyDay|[upkeep]
|upkeep
|
|t:|1655725278
|switch|p1a: Shiftry|Shiftry, M|91/100
|turn|28
|
|t:|1655725288
|move|p1a: Shiftry|Knock Off|p2a: Toxapex
|-damage|p2a: Toxapex|0 fnt
|-damage|p1a: Shiftry|74/100|[from] item: Rocky Helmet|[of] p2a: Toxapex
|-enditem|p2a: Toxapex|Rocky Helmet|[from] move: Knock Off|[of] p1a: Shiftry
|faint|p2a: Toxapex
|-damage|p1a: Shiftry|64/100|[from] item: Life Orb
|
|-weather|none
|upkeep
|
|t:|1655725297
|switch|p2a: Heatran|Heatran, F|100/100
|-item|p2a: Heatran|Air Balloon
|turn|29
|
|t:|1655725301
|move|p1a: Shiftry|Knock Off|p2a: Heatran
|-damage|p2a: Heatran|49/100
|-enditem|p2a: Heatran|Air Balloon
|-damage|p1a: Shiftry|54/100|[from] item: Life Orb
|move|p2a: Heatran|Magma Storm|p1a: Shiftry
|-supereffective|p1a: Shiftry
|-damage|p1a: Shiftry|0 fnt
|faint|p1a: Shiftry
|
|upkeep
|
|t:|1655725307
|switch|p1a: Ninetales|Ninetales, F, shiny|100/100
|-weather|SunnyDay|[from] ability: Drought|[of] p1a: Ninetales
|turn|30
|
|t:|1655725313
|move|p1a: Ninetales|Scorching Sands|p2a: Heatran
|-supereffective|p2a: Heatran
|-damage|p2a: Heatran|0 fnt
|faint|p2a: Heatran
|
|win|ninjadouche
|raw|ninjadouche's rating: 1568 &rarr; <strong>1590</strong><br />(+22 for winning)
|raw|Maitredouard2's rating: 1603 &rarr; <strong>1581</strong><br />(-22 for losing)
|l|☆Maitredouard2
