|j|☆Shootingwolf
|j|☆palomares.j
|t:|1604819971
|player|p1|Shootingwolf|erika|1655
|player|p2|palomares.j|acetrainer-gen4dp|1685
|teamsize|p1|6
|teamsize|p2|6
|gametype|singles
|gen|8
|tier|[Gen 8] OU
|rated|
|clearpoke
|poke|p1|Mandibuzz, F|
|poke|p1|Pheromosa|
|poke|p1|Tapu Fini|
|poke|p1|Kyurem-Black|
|poke|p1|Landorus-Therian, M|
|poke|p1|Magearna|
|poke|p2|Swampert, M|
|poke|p2|Blaziken, M|
|poke|p2|Corviknight, M|
|poke|p2|Bisharp, M|
|poke|p2|Latios, M|
|poke|p2|Clefable, F|
|rule|Sleep Clause Mod: Limit one foe put to sleep
|rule|Species Clause: Limit one of each Pokémon
|rule|OHKO Clause: OHKO moves are banned
|rule|Evasion Moves Clause: Evasion moves are banned
|rule|Endless Battle Clause: Forcing endless battles is banned
|rule|HP Percentage Mod: HP is shown in percentages
|rule|Dynamax Clause: You cannot dynamax
|teampreview
|inactive|Battle timer is ON: inactive players will automatically lose when time's up. (requested by palomares.j)
|
|t:|1604819983
|start
|switch|p1a: Magearna|Magearna|100/100
|switch|p2a: Swampert|Swampert, M|100/100
|turn|1
|
|t:|1604819989
|move|p1a: Magearna|Fleur Cannon|p2a: Swampert
|-damage|p2a: Swampert|42/100
|-unboost|p1a: Magearna|spa|2
|move|p2a: Swampert|Stealth Rock|p1a: Magearna
|-sidestart|p1: Shootingwolf|move: Stealth Rock
|
|-heal|p2a: Swampert|48/100|[from] item: Leftovers
|upkeep
|turn|2
|
|t:|1604819995
|switch|p1a: Landorus|Landorus-Therian, M|100/100
|-damage|p1a: Landorus|88/100|[from] Stealth Rock
|-ability|p1a: Landorus|Intimidate|boost
|-unboost|p2a: Swampert|atk|1
|move|p2a: Swampert|Flip Turn|p1a: Landorus
|-supereffective|p1a: Landorus
|-damage|p1a: Landorus|68/100
|-damage|p2a: Swampert|31/100|[from] item: Rocky Helmet|[of] p1a: Landorus
|
|t:|1604820012
|switch|p2a: Latios|Latios, M|100/100|[from]move: Flip Turn
|
|upkeep
|turn|3
|
|t:|1604820017
|switch|p1a: Tapu Fini|Tapu Fini|100/100
|-damage|p1a: Tapu Fini|88/100|[from] Stealth Rock
|-fieldstart|move: Misty Terrain|[from] ability: Misty Surge|[of] p1a: Tapu Fini
|move|p2a: Latios|Ice Beam|p1a: Tapu Fini
|-resisted|p1a: Tapu Fini
|-damage|p1a: Tapu Fini|77/100
|
|-heal|p1a: Tapu Fini|83/100|[from] item: Leftovers
|upkeep
|turn|4
|
|t:|1604820022
|switch|p2a: Bisharp|Bisharp, M|100/100
|move|p1a: Tapu Fini|Calm Mind|p1a: Tapu Fini
|-boost|p1a: Tapu Fini|spa|1
|-boost|p1a: Tapu Fini|spd|1
|
|-heal|p1a: Tapu Fini|89/100|[from] item: Leftovers
|upkeep
|turn|5
|
|t:|1604820029
|move|p2a: Bisharp|Power-Up Punch|p1a: Tapu Fini
|-resisted|p1a: Tapu Fini
|-damage|p1a: Tapu Fini|84/100
|-boost|p2a: Bisharp|atk|1
|move|p1a: Tapu Fini|Calm Mind|p1a: Tapu Fini
|-boost|p1a: Tapu Fini|spa|1
|-boost|p1a: Tapu Fini|spd|1
|
|-heal|p1a: Tapu Fini|90/100|[from] item: Leftovers
|upkeep
|turn|6
|
|t:|1604820035
|move|p2a: Bisharp|Iron Head|p1a: Tapu Fini
|-damage|p1a: Tapu Fini|45/100
|move|p1a: Tapu Fini|Surf|p2a: Bisharp
|-damage|p2a: Bisharp|31/100
|
|-heal|p1a: Tapu Fini|51/100|[from] item: Leftovers
|upkeep
|turn|7
|
|t:|1604820041
|move|p2a: Bisharp|Iron Head|p1a: Tapu Fini
|-damage|p1a: Tapu Fini|9/100
|move|p1a: Tapu Fini|Surf|p2a: Bisharp
|-damage|p2a: Bisharp|0 fnt
|faint|p2a: Bisharp
|
|-heal|p1a: Tapu Fini|15/100|[from] item: Leftovers
|-fieldend|Misty Terrain
|upkeep
|
|t:|1604820047
|switch|p2a: Blaziken|Blaziken, M|100/100
|turn|8
|
|t:|1604820055
|switch|p1a: Landorus|Landorus-Therian, M|68/100
|-damage|p1a: Landorus|56/100|[from] Stealth Rock
|-ability|p1a: Landorus|Intimidate|boost
|-unboost|p2a: Blaziken|atk|1
|move|p2a: Blaziken|Thunder Punch|p1a: Landorus
|-immune|p1a: Landorus
|
|-ability|p2a: Blaziken|Speed Boost|boost
|-boost|p2a: Blaziken|spe|1
|upkeep
|turn|9
|
|t:|1604820063
|switch|p2a: Latios|Latios, M|100/100
|move|p1a: Landorus|Stealth Rock|p2a: Latios
|-sidestart|p2: palomares.j|move: Stealth Rock
|
|upkeep
|turn|10
|
|t:|1604820068
|switch|p1a: Tapu Fini|Tapu Fini|15/100
|-damage|p1a: Tapu Fini|3/100|[from] Stealth Rock
|-fieldstart|move: Misty Terrain|[from] ability: Misty Surge|[of] p1a: Tapu Fini
|move|p2a: Latios|Ice Beam|p1a: Tapu Fini
|-resisted|p1a: Tapu Fini
|-damage|p1a: Tapu Fini|0 fnt
|faint|p1a: Tapu Fini
|
|upkeep
|
|t:|1604820086
|switch|p1a: Pheromosa|Pheromosa|100/100
|-damage|p1a: Pheromosa|88/100|[from] Stealth Rock
|turn|11
|
|t:|1604820093
|switch|p2a: Corviknight|Corviknight, M|100/100
|-damage|p2a: Corviknight|88/100|[from] Stealth Rock
|-ability|p2a: Corviknight|Pressure
|move|p1a: Pheromosa|U-turn|p2a: Corviknight
|-resisted|p2a: Corviknight
|-damage|p2a: Corviknight|81/100
|-damage|p1a: Pheromosa|72/100|[from] item: Rocky Helmet|[of] p2a: Corviknight
|
|t:|1604820101
|switch|p1a: Kyurem|Kyurem-Black|100/100|[from]move: U-turn
|-damage|p1a: Kyurem|76/100|[from] Stealth Rock
|-ability|p1a: Kyurem|Teravolt
|
|upkeep
|turn|12
|
|t:|1604820104
|move|p1a: Kyurem|Fusion Bolt|p2a: Corviknight
|-supereffective|p2a: Corviknight
|-damage|p2a: Corviknight|17/100
|-damage|p1a: Kyurem|66/100|[from] item: Life Orb
|move|p2a: Corviknight|Defog|p1a: Kyurem
|-unboost|p1a: Kyurem|evasion|1
|-sideend|p1: Shootingwolf|Stealth Rock|[from] move: Defog|[of] p2a: Corviknight
|-sideend|p2: palomares.j|Stealth Rock|[from] move: Defog|[of] p2a: Corviknight
|-fieldend|Misty Terrain
|
|upkeep
|turn|13
|
|t:|1604820109
|switch|p2a: Clefable|Clefable, F|100/100
|move|p1a: Kyurem|Icicle Spear|p2a: Clefable
|-damage|p2a: Clefable|84/100
|-damage|p2a: Clefable|67/100
|-damage|p2a: Clefable|51/100
|-damage|p2a: Clefable|35/100
|-damage|p2a: Clefable|20/100
|-hitcount|p2a: Clefable|5
|-damage|p1a: Kyurem|56/100|[from] item: Life Orb
|
|-heal|p2a: Clefable|26/100|[from] item: Leftovers
|upkeep
|turn|14
|
|t:|1604820119
|move|p1a: Kyurem|Icicle Spear|p2a: Clefable
|-damage|p2a: Clefable|11/100
|-damage|p2a: Clefable|0 fnt
|-hitcount|p2a: Clefable|2
|-damage|p1a: Kyurem|46/100|[from] item: Life Orb
|faint|p2a: Clefable
|
|upkeep
|
|t:|1604820123
|switch|p2a: Latios|Latios, M|100/100
|turn|15
|
|t:|1604820127
|move|p2a: Latios|Aura Sphere|p1a: Kyurem
|-supereffective|p1a: Kyurem
|-damage|p1a: Kyurem|0 fnt
|faint|p1a: Kyurem
|
|upkeep
|
|t:|1604820141
|switch|p1a: Magearna|Magearna|100/100
|turn|16
|
|t:|1604820149
|move|p2a: Latios|Mystical Fire|p1a: Magearna
|-supereffective|p1a: Magearna
|-damage|p1a: Magearna|45/100
|-unboost|p1a: Magearna|spa|1
|move|p1a: Magearna|Volt Switch|p2a: Latios
|-resisted|p2a: Latios
|-damage|p2a: Latios|88/100
|
|t:|1604820153
|switch|p1a: Pheromosa|Pheromosa|72/100|[from]move: Volt Switch
|
|upkeep
|turn|17
|
|t:|1604820159
|switch|p2a: Corviknight|Corviknight, M|17/100
|-ability|p2a: Corviknight|Pressure
|move|p1a: Pheromosa|U-turn|p2a: Corviknight
|-resisted|p2a: Corviknight
|-damage|p2a: Corviknight|10/100
|-damage|p1a: Pheromosa|55/100|[from] item: Rocky Helmet|[of] p2a: Corviknight
|
|t:|1604820165
|switch|p1a: Magearna|Magearna|45/100|[from]move: U-turn
|
|upkeep
|turn|18
|
|t:|1604820171
|move|p2a: Corviknight|U-turn|p1a: Magearna
|-resisted|p1a: Magearna
|-damage|p1a: Magearna|43/100
|
|t:|1604820175
|switch|p2a: Swampert|Swampert, M|31/100|[from]move: U-turn
|move|p1a: Magearna|Aura Sphere|p2a: Swampert
|-damage|p2a: Swampert|7/100
|
|-heal|p2a: Swampert|13/100|[from] item: Leftovers
|upkeep
|turn|19
|
|t:|1604820183
|switch|p2a: Latios|Latios, M|88/100
|move|p1a: Magearna|Aura Sphere|p2a: Latios
|-resisted|p2a: Latios
|-damage|p2a: Latios|68/100
|
|upkeep
|turn|20
|
|t:|1604820188
|switch|p1a: Mandibuzz|Mandibuzz, F|100/100
|move|p2a: Latios|Mystical Fire|p1a: Mandibuzz
|-damage|p1a: Mandibuzz|84/100
|-unboost|p1a: Mandibuzz|spa|1
|
|upkeep
|turn|21
|
|t:|1604820197
|move|p2a: Latios|Ice Beam|p1a: Mandibuzz
|-supereffective|p1a: Mandibuzz
|-damage|p1a: Mandibuzz|36/100
|move|p1a: Mandibuzz|Foul Play|p2a: Latios
|-supereffective|p2a: Latios
|-damage|p2a: Latios|5/100
|
|upkeep
|turn|22
|
|t:|1604820208
|move|p2a: Latios|Ice Beam|p1a: Mandibuzz
|-supereffective|p1a: Mandibuzz
|-damage|p1a: Mandibuzz|0 fnt
|faint|p1a: Mandibuzz
|
|upkeep
|
|t:|1604820215
|switch|p1a: Pheromosa|Pheromosa|55/100
|turn|23
|
|t:|1604820225
|switch|p2a: Swampert|Swampert, M|13/100
|move|p1a: Pheromosa|Close Combat|p2a: Swampert
|-damage|p2a: Swampert|0 fnt
|-unboost|p1a: Pheromosa|def|1
|-unboost|p1a: Pheromosa|spd|1
|faint|p2a: Swampert
|-ability|p1a: Pheromosa|Beast Boost|boost
|-boost|p1a: Pheromosa|atk|1
|
|upkeep
|
|t:|1604820233
|switch|p2a: Blaziken|Blaziken, M|100/100
|turn|24
|
|t:|1604820238
|move|p1a: Pheromosa|Close Combat|p2a: Blaziken
|-damage|p2a: Blaziken|0 fnt
|-unboost|p1a: Pheromosa|def|1
|-unboost|p1a: Pheromosa|spd|1
|faint|p2a: Blaziken
|-ability|p1a: Pheromosa|Beast Boost|boost
|-boost|p1a: Pheromosa|atk|1
|
|upkeep
|
|t:|1604820241
|switch|p2a: Latios|Latios, M|5/100
|turn|25
|
|t:|1604820243
|move|p1a: Pheromosa|Close Combat|p2a: Latios
|-resisted|p2a: Latios
|-damage|p2a: Latios|0 fnt
|-unboost|p1a: Pheromosa|def|1
|-unboost|p1a: Pheromosa|spd|1
|faint|p2a: Latios
|-ability|p1a: Pheromosa|Beast Boost|boost
|-boost|p1a: Pheromosa|atk|1
|
|upkeep
|
|t:|1604820245
|switch|p2a: Corviknight|Corviknight, M|10/100
|-ability|p2a: Corviknight|Pressure
|turn|26
|
|t:|1604820247
|move|p1a: Pheromosa|Close Combat|p2a: Corviknight
|-damage|p2a: Corviknight|0 fnt
|-unboost|p1a: Pheromosa|def|1
|-unboost|p1a: Pheromosa|spd|1
|-damage|p1a: Pheromosa|38/100|[from] item: Rocky Helmet|[of] p2a: Corviknight
|faint|p2a: Corviknight
|
|win|Shootingwolf
|raw|Shootingwolf's rating: 1655 &rarr; <strong>1677</strong><br />(+22 for winning)
|raw|palomares.j's rating: 1685 &rarr; <strong>1664</strong><br />(-21 for losing)
|l|☆palomares.j
