|j|☆RolandoMaximus
|j|☆mickey m
|t:|1598877679
|player|p1|RolandoMaximus|gambler|1074
|player|p2|mickey m|lucas|1088
|teamsize|p1|6
|teamsize|p2|6
|gametype|singles
|gen|8
|tier|[Gen 8] OU
|rated|
|clearpoke
|poke|p1|Azumarill, F|
|poke|p1|Ferrothorn, F|
|poke|p1|Clefable, F|
|poke|p1|Dragapult, M|
|poke|p1|Mew|
|poke|p1|Talonflame, M|
|poke|p2|Lucario, F|
|poke|p2|Dragapult, F|
|poke|p2|Zeraora|
|poke|p2|Lycanroc-Dusk, M|
|poke|p2|Amoonguss, M|
|poke|p2|Rotom-Heat|
|rule|Sleep Clause Mod: Limit one foe put to sleep
|rule|Species Clause: Limit one of each Pokémon
|rule|OHKO Clause: OHKO moves are banned
|rule|Evasion Moves Clause: Evasion moves are banned
|rule|Endless Battle Clause: Forcing endless battles is banned
|rule|HP Percentage Mod: HP is shown in percentages
|rule|Dynamax Clause: You cannot dynamax
|teampreview
|
|t:|1598877687
|start
|switch|p1a: Ferrothorn|Ferrothorn, F|100/100
|switch|p2a: Lucario|Lucario, F|100/100
|turn|1
|
|t:|1598877700
|switch|p1a: Mew|Mew|100/100
|move|p2a: Lucario|Nasty Plot|p2a: Lucario
|-boost|p2a: Lucario|spa|2
|
|upkeep
|turn|2
|
|t:|1598877709
|move|p2a: Lucario|Shadow Ball|p1a: Mew
|-supereffective|p1a: Mew
|-damage|p1a: Mew|18/100
|move|p1a: Mew|Psycho Cut|p2a: Lucario
|-damage|p2a: Lucario|57/100
|
|-heal|p2a: Lucario|63/100|[from] item: Leftovers
|upkeep
|turn|3
|
|t:|1598877720
|move|p2a: Lucario|Shadow Ball|p1a: Mew
|-supereffective|p1a: Mew
|-damage|p1a: Mew|0 fnt
|faint|p1a: Mew
|
|-heal|p2a: Lucario|70/100|[from] item: Leftovers
|upkeep
|
|t:|1598877727
|switch|p1a: Talonflame|Talonflame, M|100/100
|turn|4
|
|t:|1598877739
|switch|p2a: Rotom|Rotom-Heat|100/100
|move|p1a: Talonflame|Flare Blitz|p2a: Rotom
|-resisted|p2a: Rotom
|-damage|p2a: Rotom|72/100
|-damage|p1a: Talonflame|93/100|[from] Recoil
|
|-heal|p2a: Rotom|79/100|[from] item: Leftovers
|upkeep
|turn|5
|
|t:|1598877754
|switch|p1a: Azumarill|Azumarill, F|100/100
|move|p2a: Rotom|Nasty Plot|p2a: Rotom
|-boost|p2a: Rotom|spa|2
|
|-heal|p2a: Rotom|85/100|[from] item: Leftovers
|upkeep
|turn|6
|
|t:|1598877766
|move|p2a: Rotom|Volt Switch|p1a: Azumarill
|-supereffective|p1a: Azumarill
|-crit|p1a: Azumarill
|-damage|p1a: Azumarill|0 fnt
|faint|p1a: Azumarill
|inactive|Battle timer is ON: inactive players will automatically lose when time's up. (requested by RolandoMaximus)
|
|t:|1598877820
|switch|p2a: Lucario|Lucario, F|70/100|[from]move: Volt Switch
|
|-heal|p2a: Lucario|76/100|[from] item: Leftovers
|upkeep
|
|t:|1598877839
|switch|p1a: Talonflame|Talonflame, M|93/100
|turn|7
|
|t:|1598877846
|switch|p2a: Rotom|Rotom-Heat|85/100
|move|p1a: Talonflame|Flare Blitz|p2a: Rotom
|-resisted|p2a: Rotom
|-damage|p2a: Rotom|59/100
|-damage|p1a: Talonflame|86/100|[from] Recoil
|
|-heal|p2a: Rotom|65/100|[from] item: Leftovers
|upkeep
|turn|8
|
|t:|1598877859
|switch|p1a: Ferrothorn|Ferrothorn, F|100/100
|move|p2a: Rotom|Nasty Plot|p2a: Rotom
|-boost|p2a: Rotom|spa|2
|
|-heal|p2a: Rotom|71/100|[from] item: Leftovers
|upkeep
|turn|9
|
|t:|1598877869
|move|p2a: Rotom|Overheat|p1a: Ferrothorn
|-supereffective|p1a: Ferrothorn
|-damage|p1a: Ferrothorn|0 fnt
|-unboost|p2a: Rotom|spa|2
|faint|p1a: Ferrothorn
|
|-heal|p2a: Rotom|78/100|[from] item: Leftovers
|upkeep
|inactive|RolandoMaximus has 120 seconds left.
|
|t:|1598877900
|switch|p1a: Clefable|Clefable, F|100/100
|turn|10
|
|t:|1598877907
|move|p2a: Rotom|Will-O-Wisp|p1a: Clefable
|-status|p1a: Clefable|brn
|move|p1a: Clefable|Calm Mind|p1a: Clefable
|-boost|p1a: Clefable|spa|1
|-boost|p1a: Clefable|spd|1
|
|-heal|p2a: Rotom|84/100|[from] item: Leftovers
|upkeep
|turn|11
|
|t:|1598877922
|switch|p2a: Lucario|Lucario, F|76/100
|move|p1a: Clefable|Cosmic Power|p1a: Clefable
|-boost|p1a: Clefable|def|1
|-boost|p1a: Clefable|spd|1
|
|-heal|p2a: Lucario|82/100|[from] item: Leftovers
|upkeep
|turn|12
|
|t:|1598877940
|move|p2a: Lucario|Nasty Plot|p2a: Lucario
|-boost|p2a: Lucario|spa|2
|move|p1a: Clefable|Calm Mind|p1a: Clefable
|-boost|p1a: Clefable|spa|1
|-boost|p1a: Clefable|spd|1
|
|-heal|p2a: Lucario|88/100|[from] item: Leftovers
|upkeep
|turn|13
|
|t:|1598877951
|move|p2a: Lucario|Nasty Plot|p2a: Lucario
|-boost|p2a: Lucario|spa|2
|move|p1a: Clefable|Moonblast|p2a: Lucario
|-damage|p2a: Lucario|0 fnt
|faint|p2a: Lucario
|
|upkeep
|
|t:|1598877961
|switch|p2a: Amoonguss|Amoonguss, M|100/100
|turn|14
|
|t:|1598877986
|move|p1a: Clefable|Moonblast|p2a: Amoonguss
|-resisted|p2a: Amoonguss
|-damage|p2a: Amoonguss|65/100
|move|p2a: Amoonguss|Spore||[still]
|-fail|p2a: Amoonguss
|
|-heal|p2a: Amoonguss|71/100|[from] item: Black Sludge
|upkeep
|turn|15
|
|t:|1598878004
|move|p1a: Clefable|Calm Mind|p1a: Clefable
|-boost|p1a: Clefable|spa|1
|-boost|p1a: Clefable|spd|1
|move|p2a: Amoonguss|Spore||[still]
|-fail|p2a: Amoonguss
|
|-heal|p2a: Amoonguss|78/100|[from] item: Black Sludge
|upkeep
|turn|16
|
|t:|1598878021
|move|p1a: Clefable|Cosmic Power|p1a: Clefable
|-boost|p1a: Clefable|def|1
|-boost|p1a: Clefable|spd|1
|move|p2a: Amoonguss|Sludge Bomb|p1a: Clefable
|-supereffective|p1a: Clefable
|-damage|p1a: Clefable|84/100 brn
|
|-heal|p2a: Amoonguss|84/100|[from] item: Black Sludge
|upkeep
|turn|17
|
|t:|1598878030
|move|p1a: Clefable|Calm Mind|p1a: Clefable
|-boost|p1a: Clefable|spa|1
|-boost|p1a: Clefable|spd|1
|move|p2a: Amoonguss|Sludge Bomb|p1a: Clefable
|-supereffective|p1a: Clefable
|-damage|p1a: Clefable|68/100 brn
|
|-heal|p2a: Amoonguss|90/100|[from] item: Black Sludge
|upkeep
|turn|18
|
|t:|1598878051
|move|p1a: Clefable|Moonblast|p2a: Amoonguss
|-resisted|p2a: Amoonguss
|-damage|p2a: Amoonguss|29/100
|-unboost|p2a: Amoonguss|spa|1
|move|p2a: Amoonguss|Sludge Bomb|p1a: Clefable
|-supereffective|p1a: Clefable
|-damage|p1a: Clefable|58/100 brn
|
|-heal|p2a: Amoonguss|35/100|[from] item: Black Sludge
|upkeep
|turn|19
|
|t:|1598878064
|move|p1a: Clefable|Soft-Boiled|p1a: Clefable
|-heal|p1a: Clefable|100/100 brn
|move|p2a: Amoonguss|Sludge Bomb|p1a: Clefable
|-supereffective|p1a: Clefable
|-damage|p1a: Clefable|90/100 brn
|
|-heal|p2a: Amoonguss|41/100|[from] item: Black Sludge
|upkeep
|turn|20
|
|t:|1598878072
|move|p1a: Clefable|Moonblast|p2a: Amoonguss
|-resisted|p2a: Amoonguss
|-damage|p2a: Amoonguss|0 fnt
|faint|p2a: Amoonguss
|
|upkeep
|
|t:|1598878077
|switch|p2a: Lycanroc|Lycanroc-Dusk, M|100/100
|turn|21
|
|t:|1598878082
|move|p2a: Lycanroc|Swords Dance|p2a: Lycanroc
|-boost|p2a: Lycanroc|atk|2
|move|p1a: Clefable|Moonblast|p2a: Lycanroc
|-damage|p2a: Lycanroc|0 fnt
|faint|p2a: Lycanroc
|
|upkeep
|
|t:|1598878089
|switch|p2a: Zeraora|Zeraora|100/100
|turn|22
|
|t:|1598878098
|move|p2a: Zeraora|Knock Off|p1a: Clefable
|-resisted|p1a: Clefable
|-damage|p1a: Clefable|81/100 brn
|-enditem|p1a: Clefable|Aguav Berry|[from] move: Knock Off|[of] p2a: Zeraora
|move|p1a: Clefable|Moonblast|p2a: Zeraora
|-damage|p2a: Zeraora|0 fnt
|faint|p2a: Zeraora
|
|upkeep
|-message|mickey m forfeited.
|
|win|RolandoMaximus
|l|☆mickey m
|raw|RolandoMaximus's rating: 1075 &rarr; <strong>1105</strong><br />(+30 for winning)
|raw|mickey m's rating: 1088 &rarr; <strong>1064</strong><br />(-24 for losing)
