|j|‽MrAcido
|j|☆Justin UA
|t:|1658550482
|gametype|singles
|player|p1|MrAcido|266|1618
|player|p2|Justin UA|ethan|1622
|teamsize|p1|6
|teamsize|p2|6
|gen|8
|tier|[Gen 8] OU
|rated|
|rule|Sleep Clause Mod: Limit one foe put to sleep
|rule|Species Clause: Limit one of each Pokémon
|rule|OHKO Clause: OHKO moves are banned
|rule|Evasion Moves Clause: Evasion moves are banned
|rule|Endless Battle Clause: Forcing endless battles is banned
|rule|HP Percentage Mod: HP is shown in percentages
|rule|Dynamax Clause: You cannot dynamax
|clearpoke
|poke|p1|Rotom-Wash|
|poke|p1|Weavile, M|
|poke|p1|Landorus-Therian, M|
|poke|p1|Heatran, M|
|poke|p1|Tangrowth, M|
|poke|p1|Melmetal|
|poke|p2|Dragapult, F|
|poke|p2|Urshifu-*, M|
|poke|p2|Tapu Lele|
|poke|p2|Blissey, F|
|poke|p2|Corviknight, F|
|poke|p2|Landorus-Therian, M|
|teampreview
|inactive|Battle timer is ON: inactive players will automatically lose when time's up. (requested by MrAcido)
|
|t:|1658550491
|start
|switch|p1a: Landorus|Landorus-Therian, M|100/100
|switch|p2a: Urshifu|Urshifu-Rapid-Strike, M|100/100
|-ability|p1a: Landorus|Intimidate|boost
|-unboost|p2a: Urshifu|atk|1
|turn|1
|
|t:|1658550495
|switch|p1a: Tangrowth|Tangrowth, M|100/100
|move|p2a: Urshifu|U-turn|p1a: Tangrowth
|-supereffective|p1a: Tangrowth
|-damage|p1a: Tangrowth|75/100
|-damage|p2a: Urshifu|84/100|[from] item: Rocky Helmet|[of] p1a: Tangrowth
|
|t:|1658550501
|switch|p2a: Tapu Lele|Tapu Lele|100/100|[from]move: U-turn
|-fieldstart|move: Psychic Terrain|[from] ability: Psychic Surge|[of] p2a: Tapu Lele
|
|upkeep
|turn|2
|
|t:|1658550506
|switch|p1a: Melmetal|Melmetal|100/100
|move|p2a: Tapu Lele|Focus Blast|p1a: Melmetal
|-supereffective|p1a: Melmetal
|-damage|p1a: Melmetal|21/100
|
|upkeep
|turn|3
|
|t:|1658550509
|move|p2a: Tapu Lele|Focus Blast|p1a: Melmetal|[miss]
|-miss|p2a: Tapu Lele|p1a: Melmetal
|move|p1a: Melmetal|Double Iron Bash|p2a: Tapu Lele
|-supereffective|p2a: Tapu Lele
|-damage|p2a: Tapu Lele|0 fnt
|faint|p2a: Tapu Lele
|-hitcount|p2: Tapu Lele|1
|
|upkeep
|
|t:|1658550515
|switch|p2a: Dragapult|Dragapult, F, shiny|100/100
|turn|4
|
|t:|1658550522
|switch|p1a: Heatran|Heatran, M|100/100
|-item|p1a: Heatran|Air Balloon
|move|p2a: Dragapult|Shadow Ball|p1a: Heatran
|-damage|p1a: Heatran|45/100
|-enditem|p1a: Heatran|Air Balloon
|
|upkeep
|turn|5
|
|t:|1658550526
|switch|p1a: Weavile|Weavile, M|100/100
|-ability|p1a: Weavile|Pressure
|move|p2a: Dragapult|Shadow Ball|p1a: Weavile
|-resisted|p1a: Weavile
|-damage|p1a: Weavile|62/100
|
|-fieldend|move: Psychic Terrain
|upkeep
|turn|6
|
|t:|1658550531
|switch|p2a: Corviknight|Corviknight, F|100/100
|-ability|p2a: Corviknight|Pressure
|move|p1a: Weavile|Ice Shard|p2a: Corviknight
|-damage|p2a: Corviknight|81/100
|
|-heal|p2a: Corviknight|87/100|[from] item: Leftovers
|upkeep
|turn|7
|
|t:|1658550533
|switch|p1a: Rotom|Rotom-Wash|100/100
|move|p2a: Corviknight|U-turn|p1a: Rotom
|-damage|p1a: Rotom|84/100
|
|t:|1658550539
|switch|p2a: Dragapult|Dragapult, F, shiny|100/100|[from]move: U-turn
|
|-heal|p1a: Rotom|90/100|[from] item: Leftovers
|upkeep
|turn|8
|
|t:|1658550542
|switch|p1a: Landorus|Landorus-Therian, M|100/100
|-ability|p1a: Landorus|Intimidate|boost
|-unboost|p2a: Dragapult|atk|1
|move|p2a: Dragapult|U-turn|p1a: Landorus
|-resisted|p1a: Landorus
|-crit|p1a: Landorus
|-damage|p1a: Landorus|88/100
|
|t:|1658550544
|switch|p2a: Urshifu|Urshifu-Rapid-Strike, M|84/100|[from]move: U-turn
|
|-heal|p1a: Landorus|94/100|[from] item: Leftovers
|upkeep
|turn|9
|
|t:|1658550549
|switch|p1a: Tangrowth|Tangrowth, M|100/100
|move|p2a: Urshifu|U-turn|p1a: Tangrowth
|-supereffective|p1a: Tangrowth
|-damage|p1a: Tangrowth|64/100
|-damage|p2a: Urshifu|68/100|[from] item: Rocky Helmet|[of] p1a: Tangrowth
|
|t:|1658550552
|switch|p2a: Dragapult|Dragapult, F, shiny|100/100|[from]move: U-turn
|
|upkeep
|turn|10
|
|t:|1658550555
|switch|p1a: Landorus|Landorus-Therian, M|94/100
|-ability|p1a: Landorus|Intimidate|boost
|-unboost|p2a: Dragapult|atk|1
|move|p2a: Dragapult|Shadow Ball|p1a: Landorus
|-damage|p1a: Landorus|53/100
|
|-heal|p1a: Landorus|59/100|[from] item: Leftovers
|upkeep
|turn|11
|
|t:|1658550558
|switch|p2a: Corviknight|Corviknight, F|87/100
|-ability|p2a: Corviknight|Pressure
|move|p1a: Landorus|Toxic|p2a: Corviknight
|-immune|p2a: Corviknight
|
|-heal|p1a: Landorus|65/100|[from] item: Leftovers
|-heal|p2a: Corviknight|93/100|[from] item: Leftovers
|upkeep
|turn|12
|
|t:|1658550561
|switch|p1a: Tangrowth|Tangrowth, M|98/100
|move|p2a: Corviknight|U-turn|p1a: Tangrowth
|-supereffective|p1a: Tangrowth
|-damage|p1a: Tangrowth|83/100
|-damage|p2a: Corviknight|77/100|[from] item: Rocky Helmet|[of] p1a: Tangrowth
|
|t:|1658550566
|switch|p2a: Landorus|Landorus-Therian, M|100/100|[from]move: U-turn
|-ability|p2a: Landorus|Intimidate|boost
|-unboost|p1a: Tangrowth|atk|1
|
|upkeep
|turn|13
|
|t:|1658550568
|move|p2a: Landorus|Stealth Rock|p1a: Tangrowth
|-sidestart|p1: MrAcido|move: Stealth Rock
|move|p1a: Tangrowth|Sleep Powder|p2a: Landorus
|-status|p2a: Landorus|slp|[from] move: Sleep Powder
|
|upkeep
|turn|14
|
|t:|1658550575
|switch|p2a: Corviknight|Corviknight, F|77/100
|-ability|p2a: Corviknight|Pressure
|move|p1a: Tangrowth|Knock Off|p2a: Corviknight
|-damage|p2a: Corviknight|68/100
|-enditem|p2a: Corviknight|Leftovers|[from] move: Knock Off|[of] p1a: Tangrowth
|
|upkeep
|turn|15
|
|t:|1658550577
|move|p2a: Corviknight|U-turn|p1a: Tangrowth
|-supereffective|p1a: Tangrowth
|-damage|p1a: Tangrowth|68/100
|-damage|p2a: Corviknight|51/100|[from] item: Rocky Helmet|[of] p1a: Tangrowth
|
|t:|1658550581
|switch|p2a: Landorus|Landorus-Therian, M|100/100 slp|[from]move: U-turn
|-ability|p2a: Landorus|Intimidate|boost
|-unboost|p1a: Tangrowth|atk|1
|move|p1a: Tangrowth|Knock Off|p2a: Landorus
|-damage|p2a: Landorus|90/100 slp
|-enditem|p2a: Landorus|Leftovers|[from] move: Knock Off|[of] p1a: Tangrowth
|
|upkeep
|turn|16
|
|t:|1658550583
|cant|p2a: Landorus|slp
|move|p1a: Tangrowth|Knock Off|p2a: Landorus
|-damage|p2a: Landorus|82/100 slp
|
|upkeep
|turn|17
|
|t:|1658550585
|cant|p2a: Landorus|slp
|move|p1a: Tangrowth|Knock Off|p2a: Landorus
|-damage|p2a: Landorus|75/100 slp
|
|upkeep
|turn|18
|
|t:|1658550588
|cant|p2a: Landorus|slp
|move|p1a: Tangrowth|Knock Off|p2a: Landorus
|-damage|p2a: Landorus|68/100 slp
|
|upkeep
|turn|19
|
|t:|1658550590
|-curestatus|p2a: Landorus|slp|[msg]
|move|p2a: Landorus|Toxic|p1a: Tangrowth
|-status|p1a: Tangrowth|tox
|move|p1a: Tangrowth|Knock Off|p2a: Landorus
|-damage|p2a: Landorus|60/100
|
|-damage|p1a: Tangrowth|62/100 tox|[from] psn
|upkeep
|turn|20
|
|t:|1658550594
|move|p2a: Landorus|U-turn|p1a: Tangrowth
|-supereffective|p1a: Tangrowth
|-damage|p1a: Tangrowth|40/100 tox
|-damage|p2a: Landorus|43/100|[from] item: Rocky Helmet|[of] p1a: Tangrowth
|
|t:|1658550596
|switch|p2a: Corviknight|Corviknight, F|51/100|[from]move: U-turn
|-ability|p2a: Corviknight|Pressure
|move|p1a: Tangrowth|Sleep Powder|p2a: Corviknight
|-status|p2a: Corviknight|slp|[from] move: Sleep Powder
|
|-damage|p1a: Tangrowth|28/100 tox|[from] psn
|upkeep
|turn|21
|
|t:|1658550602
|cant|p2a: Corviknight|slp
|move|p1a: Tangrowth|Knock Off|p2a: Corviknight
|-damage|p2a: Corviknight|46/100 slp
|
|-damage|p1a: Tangrowth|9/100 tox|[from] psn
|upkeep
|turn|22
|
|t:|1658550604
|switch|p1a: Weavile|Weavile, M|62/100
|-damage|p1a: Weavile|37/100|[from] Stealth Rock
|-ability|p1a: Weavile|Pressure
|cant|p2a: Corviknight|slp
|
|upkeep
|turn|23
|
|t:|1658550608
|move|p1a: Weavile|Triple Axel|p2a: Corviknight
|-damage|p2a: Corviknight|37/100 slp
|-damage|p2a: Corviknight|18/100 slp
|-damage|p2a: Corviknight|0 fnt
|faint|p2a: Corviknight
|-hitcount|p2: Corviknight|3
|
|upkeep
|
|t:|1658550616
|switch|p2a: Dragapult|Dragapult, F, shiny|100/100
|turn|24
|
|t:|1658550637
|switch|p1a: Tangrowth|Tangrowth, M|43/100 tox
|-damage|p1a: Tangrowth|30/100 tox|[from] Stealth Rock
|move|p2a: Dragapult|Shadow Ball|p1a: Tangrowth
|-damage|p1a: Tangrowth|0 fnt
|faint|p1a: Tangrowth
|
|upkeep
|
|t:|1658550637
|switch|p1a: Landorus|Landorus-Therian, M|65/100
|-damage|p1a: Landorus|52/100|[from] Stealth Rock
|-ability|p1a: Landorus|Intimidate|boost
|-unboost|p2a: Dragapult|atk|1
|turn|25
|
|t:|1658550641
|switch|p2a: Landorus|Landorus-Therian, M|43/100
|-ability|p2a: Landorus|Intimidate|boost
|-unboost|p1a: Landorus|atk|1
|move|p1a: Landorus|Defog|p2a: Landorus
|-unboost|p2a: Landorus|evasion|1
|-sideend|p1: MrAcido|Stealth Rock|[from] move: Defog|[of] p1a: Landorus
|
|-heal|p1a: Landorus|59/100|[from] item: Leftovers
|upkeep
|turn|26
|
|t:|1658550648
|move|p2a: Landorus|Stealth Rock|p1a: Landorus
|-sidestart|p1: MrAcido|move: Stealth Rock
|move|p1a: Landorus|Toxic|p2a: Landorus
|-status|p2a: Landorus|tox
|
|-heal|p1a: Landorus|65/100|[from] item: Leftovers
|-damage|p2a: Landorus|37/100 tox|[from] psn
|upkeep
|turn|27
|
|t:|1658550650
|move|p2a: Landorus|Toxic|p1a: Landorus
|-status|p1a: Landorus|tox
|move|p1a: Landorus|Defog|p2a: Landorus
|-unboost|p2a: Landorus|evasion|1
|-sideend|p1: MrAcido|Stealth Rock|[from] move: Defog|[of] p1a: Landorus
|
|-heal|p1a: Landorus|71/100 tox|[from] item: Leftovers
|-damage|p2a: Landorus|25/100 tox|[from] psn
|-damage|p1a: Landorus|65/100 tox|[from] psn
|upkeep
|turn|28
|
|t:|1658550652
|switch|p1a: Rotom|Rotom-Wash|90/100
|move|p2a: Landorus|Stealth Rock|p1a: Rotom
|-sidestart|p1: MrAcido|move: Stealth Rock
|
|-heal|p1a: Rotom|97/100|[from] item: Leftovers
|-damage|p2a: Landorus|7/100 tox|[from] psn
|upkeep
|turn|29
|
|t:|1658550655
|move|p1a: Rotom|Hydro Pump|p2a: Landorus
|-supereffective|p2a: Landorus
|-damage|p2a: Landorus|0 fnt
|faint|p2a: Landorus
|
|-heal|p1a: Rotom|100/100|[from] item: Leftovers
|upkeep
|
|t:|1658550658
|switch|p2a: Blissey|Blissey, F|100/100
|turn|30
|
|t:|1658550660
|move|p1a: Rotom|Pain Split|p2a: Blissey
|-sethp|p2a: Blissey|72/100|[from] move: Pain Split|[silent]
|-sethp|p1a: Rotom|100/100|[from] move: Pain Split
|move|p2a: Blissey|Seismic Toss|p1a: Rotom
|-damage|p1a: Rotom|68/100
|
|-heal|p1a: Rotom|74/100|[from] item: Leftovers
|upkeep
|turn|31
|
|t:|1658550663
|move|p1a: Rotom|Pain Split|p2a: Blissey
|-sethp|p2a: Blissey|52/100|[from] move: Pain Split|[silent]
|-sethp|p1a: Rotom|100/100|[from] move: Pain Split
|move|p2a: Blissey|Toxic|p1a: Rotom
|-status|p1a: Rotom|tox
|
|-damage|p1a: Rotom|94/100 tox|[from] psn
|upkeep
|turn|32
|
|t:|1658550665
|move|p1a: Rotom|Thunderbolt|p2a: Blissey
|-damage|p2a: Blissey|39/100
|move|p2a: Blissey|Soft-Boiled|p2a: Blissey
|-heal|p2a: Blissey|89/100
|
|-heal|p1a: Rotom|100/100 tox|[from] item: Leftovers
|-damage|p1a: Rotom|88/100 tox|[from] psn
|upkeep
|turn|33
|
|t:|1658550668
|move|p1a: Rotom|Thunderbolt|p2a: Blissey
|-damage|p2a: Blissey|75/100
|move|p2a: Blissey|Soft-Boiled|p2a: Blissey
|-heal|p2a: Blissey|100/100
|
|-heal|p1a: Rotom|94/100 tox|[from] item: Leftovers
|-damage|p1a: Rotom|75/100 tox|[from] psn
|upkeep
|turn|34
|
|t:|1658550671
|move|p1a: Rotom|Thunderbolt|p2a: Blissey
|-damage|p2a: Blissey|89/100
|move|p2a: Blissey|Soft-Boiled|p2a: Blissey
|-heal|p2a: Blissey|100/100
|
|-heal|p1a: Rotom|82/100 tox|[from] item: Leftovers
|-damage|p1a: Rotom|57/100 tox|[from] psn
|upkeep
|turn|35
|
|t:|1658550674
|move|p1a: Rotom|Pain Split|p2a: Blissey
|-sethp|p2a: Blissey|62/100|[from] move: Pain Split|[silent]
|-sethp|p1a: Rotom|100/100 tox|[from] move: Pain Split
|move|p2a: Blissey|Soft-Boiled|p2a: Blissey
|-heal|p2a: Blissey|100/100
|
|-damage|p1a: Rotom|69/100 tox|[from] psn
|upkeep
|turn|36
|
|t:|1658550677
|move|p1a: Rotom|Thunderbolt|p2a: Blissey
|-damage|p2a: Blissey|88/100
|move|p2a: Blissey|Soft-Boiled|p2a: Blissey
|-heal|p2a: Blissey|100/100
|
|-heal|p1a: Rotom|75/100 tox|[from] item: Leftovers
|-damage|p1a: Rotom|38/100 tox|[from] psn
|upkeep
|turn|37
|
|t:|1658550681
|move|p1a: Rotom|Thunderbolt|p2a: Blissey
|-damage|p2a: Blissey|87/100
|move|p2a: Blissey|Soft-Boiled|p2a: Blissey
|-heal|p2a: Blissey|100/100
|
|-heal|p1a: Rotom|44/100 tox|[from] item: Leftovers
|-damage|p1a: Rotom|0 fnt|[from] psn
|faint|p1a: Rotom
|upkeep
|
|t:|1658550681
|switch|p1a: Landorus|Landorus-Therian, M|65/100 tox
|-damage|p1a: Landorus|52/100 tox|[from] Stealth Rock
|-ability|p1a: Landorus|Intimidate|boost
|-unboost|p2a: Blissey|atk|1
|turn|38
|
|t:|1658550684
|move|p1a: Landorus|Earthquake|p2a: Blissey
|-damage|p2a: Blissey|60/100
|move|p2a: Blissey|Teleport|p2a: Blissey
|
|t:|1658550689
|switch|p2a: Urshifu|Urshifu-Rapid-Strike, M|68/100|[from]move: Teleport
|
|-heal|p1a: Landorus|58/100 tox|[from] item: Leftovers
|-damage|p1a: Landorus|52/100 tox|[from] psn
|upkeep
|turn|39
|
|t:|1658550691
|move|p2a: Urshifu|Surging Strikes|p1a: Landorus
|-supereffective|p1a: Landorus
|-crit|p1a: Landorus
|-damage|p1a: Landorus|0 fnt
|faint|p1a: Landorus
|-hitcount|p1: Landorus|1
|
|upkeep
|
|t:|1658550691
|switch|p1a: Melmetal|Melmetal|21/100
|-damage|p1a: Melmetal|15/100|[from] Stealth Rock
|turn|40
|
|t:|1658550694
|move|p2a: Urshifu|Surging Strikes|p1a: Melmetal
|-crit|p1a: Melmetal
|-damage|p1a: Melmetal|0 fnt
|faint|p1a: Melmetal
|-hitcount|p1: Melmetal|1
|
|upkeep
|
|t:|1658550694
|switch|p1a: Weavile|Weavile, M|37/100
|-damage|p1a: Weavile|12/100|[from] Stealth Rock
|-ability|p1a: Weavile|Pressure
|turn|41
|
|t:|1658550696
|move|p1a: Weavile|Ice Shard|p2a: Urshifu
|-resisted|p2a: Urshifu
|-damage|p2a: Urshifu|53/100
|move|p2a: Urshifu|Surging Strikes|p1a: Weavile
|-crit|p1a: Weavile
|-damage|p1a: Weavile|0 fnt
|faint|p1a: Weavile
|-hitcount|p1: Weavile|1
|
|upkeep
|
|t:|1658550696
|switch|p1a: Heatran|Heatran, M|45/100
|-damage|p1a: Heatran|33/100|[from] Stealth Rock
|turn|42
|
|t:|1658550698
|move|p2a: Urshifu|Surging Strikes|p1a: Heatran
|-supereffective|p1a: Heatran
|-crit|p1a: Heatran
|-damage|p1a: Heatran|0 fnt
|faint|p1a: Heatran
|-hitcount|p1: Heatran|1
|
|win|Justin UA
|raw|MrAcido's rating: 1618 &rarr; <strong>1598</strong><br />(-20 for losing)
|raw|Justin UA's rating: 1622 &rarr; <strong>1642</strong><br />(+20 for winning)
