|j|☆samohi0
|j|☆minimax_ai
|t:|1665543701
|gametype|singles
|player|p1|samohi0|102|1574
|player|p2|minimax_ai|lusamine-nihilego|1588
|teamsize|p1|6
|teamsize|p2|6
|gen|8
|tier|[Gen 8] OU
|rated|
|rule|Sleep Clause Mod: Limit one foe put to sleep
|rule|Species Clause: Limit one of each Pokémon
|rule|OHKO Clause: OHKO moves are banned
|rule|Evasion Items Clause: Evasion items are banned
|rule|Evasion Moves Clause: Evasion moves are banned
|rule|Endless Battle Clause: Forcing endless battles is banned
|rule|HP Percentage Mod: HP is shown in percentages
|rule|Dynamax Clause: You cannot dynamax
|clearpoke
|poke|p1|Heatran, M|
|poke|p1|Dragapult, M|
|poke|p1|Toxapex, M|
|poke|p1|Hydreigon, M|
|poke|p1|Landorus-Therian, M|
|poke|p1|Rillaboom, F|
|poke|p2|Rotom-Wash|
|poke|p2|Weavile, M|
|poke|p2|Landorus-Therian, M|
|poke|p2|Heatran, M|
|poke|p2|Tangrowth, F|
|poke|p2|Melmetal|
|teampreview
|c|☆minimax_ai|hf
|
|t:|1665543705
|start
|switch|p1a: Heatran|Heatran, M, shiny|100/100
|switch|p2a: landorustherian|Landorus-Therian, M|100/100
|-ability|p2a: landorustherian|Intimidate|boost
|-unboost|p1a: Heatran|atk|1
|turn|1
|inactive|Battle timer is ON: inactive players will automatically lose when time's up. (requested by minimax_ai)
|
|t:|1665543707
|switch|p1a: Toxapex|Toxapex, M|100/100
|move|p2a: landorustherian|Earthquake|p1a: Toxapex
|-supereffective|p1a: Toxapex
|-damage|p1a: Toxapex|45/100
|
|upkeep
|turn|2
|
|t:|1665543709
|switch|p2a: Heatran|Heatran, M|100/100
|-item|p2a: Heatran|Air Balloon
|switch|p1a: Landorus|Landorus-Therian, M, shiny|100/100
|-ability|p1a: Landorus|Intimidate|boost
|-unboost|p2a: Heatran|atk|1
|
|upkeep
|turn|3
|
|t:|1665543711
|move|p2a: Heatran|Magma Storm|p1a: Landorus
|-damage|p1a: Landorus|62/100
|-activate|p1a: Landorus|move: Magma Storm|[of] p2a: Heatran
|move|p1a: Landorus|U-turn|p2a: Heatran
|-resisted|p2a: Heatran
|-damage|p2a: Heatran|95/100
|-enditem|p2a: Heatran|Air Balloon
|
|t:|1665543713
|switch|p1a: Hydreigon|Hydreigon, M|100/100|[from]move: U-turn
|
|upkeep
|turn|4
|
|t:|1665543719
|switch|p2a: Melmetal|Melmetal|100/100
|move|p1a: Hydreigon|Earth Power|p2a: Melmetal
|-supereffective|p2a: Melmetal
|-damage|p2a: Melmetal|56/100
|-damage|p1a: Hydreigon|91/100|[from] item: Life Orb
|
|upkeep
|turn|5
|
|t:|1665543724
|switch|p1a: Toxapex|Toxapex, M|78/100
|move|p2a: Melmetal|Double Iron Bash|p1a: Toxapex
|-resisted|p1a: Toxapex
|-damage|p1a: Toxapex|67/100
|-damage|p2a: Melmetal|40/100|[from] item: Rocky Helmet|[of] p1a: Toxapex
|-resisted|p1a: Toxapex
|-damage|p1a: Toxapex|54/100
|-damage|p2a: Melmetal|23/100|[from] item: Rocky Helmet|[of] p1a: Toxapex
|-hitcount|p1a: Toxapex|2
|
|upkeep
|turn|6
|
|t:|1665543728
|switch|p2a: rotomwash|Rotom-Wash|100/100
|switch|p1a: Landorus|Landorus-Therian, M, shiny|62/100
|-ability|p1a: Landorus|Intimidate|boost
|-unboost|p2a: rotomwash|atk|1
|
|-heal|p1a: Landorus|68/100|[from] item: Leftovers
|upkeep
|turn|7
|
|t:|1665543730
|move|p2a: rotomwash|Hydro Pump|p1a: Landorus
|-supereffective|p1a: Landorus
|-damage|p1a: Landorus|0 fnt
|faint|p1a: Landorus
|
|upkeep
|
|t:|1665543734
|switch|p1a: Dragapult|Dragapult, M, shiny|100/100
|turn|8
|
|t:|1665543741
|move|p1a: Dragapult|Shadow Ball|p2a: rotomwash
|-damage|p2a: rotomwash|44/100
|move|p2a: rotomwash|Thunderbolt|p1a: Dragapult
|-resisted|p1a: Dragapult
|-damage|p1a: Dragapult|77/100
|
|-heal|p2a: rotomwash|50/100|[from] item: Leftovers
|upkeep
|turn|9
|
|t:|1665543746
|switch|p2a: landorustherian|Landorus-Therian, M|100/100
|-ability|p2a: landorustherian|Intimidate|boost
|-unboost|p1a: Dragapult|atk|1
|move|p1a: Dragapult|Shadow Ball|p2a: landorustherian
|-damage|p2a: landorustherian|56/100
|-unboost|p2a: landorustherian|spd|1
|
|-heal|p2a: landorustherian|62/100|[from] item: Leftovers
|upkeep
|turn|10
|
|t:|1665543749
|switch|p1a: Hydreigon|Hydreigon, M|91/100
|move|p2a: landorustherian|Toxic|p1a: Hydreigon
|-status|p1a: Hydreigon|tox
|
|-heal|p2a: landorustherian|68/100|[from] item: Leftovers
|-damage|p1a: Hydreigon|84/100 tox|[from] psn
|upkeep
|turn|11
|
|t:|1665543752
|move|p1a: Hydreigon|Dark Pulse|p2a: landorustherian
|-damage|p2a: landorustherian|0 fnt
|faint|p2a: landorustherian
|-damage|p1a: Hydreigon|75/100 tox|[from] item: Life Orb
|
|-damage|p1a: Hydreigon|62/100 tox|[from] psn
|upkeep
|
|t:|1665543752
|switch|p2a: Weavile|Weavile, M|100/100
|-ability|p2a: Weavile|Pressure
|turn|12
|
|t:|1665543754
|switch|p1a: Toxapex|Toxapex, M|87/100
|move|p2a: Weavile|Knock Off|p1a: Toxapex
|-damage|p1a: Toxapex|44/100
|-damage|p2a: Weavile|84/100|[from] item: Rocky Helmet|[of] p1a: Toxapex
|-enditem|p1a: Toxapex|Rocky Helmet|[from] move: Knock Off|[of] p2a: Weavile
|
|upkeep
|turn|13
|
|t:|1665543758
|switch|p1a: Dragapult|Dragapult, M, shiny|77/100
|move|p2a: Weavile|Knock Off|p1a: Dragapult
|-supereffective|p1a: Dragapult
|-damage|p1a: Dragapult|0 fnt
|-enditem|p1a: Dragapult|Choice Specs|[from] move: Knock Off|[of] p2a: Weavile
|faint|p1a: Dragapult
|
|upkeep
|
|t:|1665543769
|switch|p1a: Hydreigon|Hydreigon, M|62/100 tox
|turn|14
|j| Aphro mari
|
|t:|1665543770
|move|p2a: Weavile|Knock Off|p1a: Hydreigon
|-resisted|p1a: Hydreigon
|-damage|p1a: Hydreigon|21/100 tox
|-enditem|p1a: Hydreigon|Life Orb|[from] move: Knock Off|[of] p2a: Weavile
|move|p1a: Hydreigon|Draco Meteor|p2a: Weavile
|-damage|p2a: Weavile|0 fnt
|-unboost|p1a: Hydreigon|spa|2
|faint|p2a: Weavile
|
|-damage|p1a: Hydreigon|15/100 tox|[from] psn
|upkeep
|
|t:|1665543770
|switch|p2a: Melmetal|Melmetal|23/100
|turn|15
|
|t:|1665543772
|move|p1a: Hydreigon|Earth Power|p2a: Melmetal
|-supereffective|p2a: Melmetal
|-damage|p2a: Melmetal|5/100
|move|p2a: Melmetal|Double Iron Bash|p1a: Hydreigon
|-damage|p1a: Hydreigon|0 fnt
|faint|p1a: Hydreigon
|-hitcount|p1: Hydreigon|1
|
|upkeep
|
|t:|1665543776
|switch|p1a: Heatran|Heatran, M, shiny|100/100
|turn|16
|
|t:|1665543777
|move|p1a: Heatran|Earth Power|p2a: Melmetal
|-supereffective|p2a: Melmetal
|-damage|p2a: Melmetal|0 fnt
|faint|p2a: Melmetal
|
|upkeep
|
|t:|1665543777
|switch|p2a: rotomwash|Rotom-Wash|50/100
|turn|17
|
|t:|1665543779
|switch|p1a: Toxapex|Toxapex, M|77/100
|move|p2a: rotomwash|Thunderbolt|p1a: Toxapex
|-supereffective|p1a: Toxapex
|-damage|p1a: Toxapex|23/100
|
|-heal|p2a: rotomwash|56/100|[from] item: Leftovers
|upkeep
|turn|18
|
|t:|1665543784
|move|p2a: rotomwash|Thunderbolt|p1a: Toxapex
|-supereffective|p1a: Toxapex
|-damage|p1a: Toxapex|0 fnt
|faint|p1a: Toxapex
|
|-heal|p2a: rotomwash|63/100|[from] item: Leftovers
|upkeep
|
|t:|1665543785
|switch|p1a: Rillaboom|Rillaboom, F, shiny|100/100
|-fieldstart|move: Grassy Terrain|[from] ability: Grassy Surge|[of] p1a: Rillaboom
|turn|19
|
|t:|1665543786
|switch|p2a: Tangrowth|Tangrowth, F|100/100
|move|p1a: Rillaboom|Swords Dance|p1a: Rillaboom
|-boost|p1a: Rillaboom|atk|2
|
|upkeep
|turn|20
|
|t:|1665543788
|move|p1a: Rillaboom|Knock Off|p2a: Tangrowth
|-damage|p2a: Tangrowth|52/100
|-damage|p1a: Rillaboom|84/100|[from] item: Rocky Helmet|[of] p2a: Tangrowth
|-enditem|p2a: Tangrowth|Rocky Helmet|[from] move: Knock Off|[of] p1a: Rillaboom
|-damage|p1a: Rillaboom|74/100|[from] item: Life Orb
|move|p2a: Tangrowth|Knock Off|p1a: Rillaboom
|-damage|p1a: Rillaboom|53/100
|-enditem|p1a: Rillaboom|Life Orb|[from] move: Knock Off|[of] p2a: Tangrowth
|
|-heal|p1a: Rillaboom|60/100|[from] Grassy Terrain
|-heal|p2a: Tangrowth|59/100|[from] Grassy Terrain
|upkeep
|turn|21
|
|t:|1665543792
|move|p1a: Rillaboom|Superpower|p2a: Tangrowth
|-damage|p2a: Tangrowth|15/100
|-unboost|p1a: Rillaboom|atk|1
|-unboost|p1a: Rillaboom|def|1
|move|p2a: Tangrowth|Focus Blast|p1a: Rillaboom|[miss]
|-miss|p2a: Tangrowth|p1a: Rillaboom
|
|-heal|p1a: Rillaboom|66/100|[from] Grassy Terrain
|-heal|p2a: Tangrowth|21/100|[from] Grassy Terrain
|upkeep
|turn|22
|
|t:|1665543796
|move|p1a: Rillaboom|Superpower|p2a: Tangrowth
|-damage|p2a: Tangrowth|0 fnt
|-unboost|p1a: Rillaboom|atk|1
|-unboost|p1a: Rillaboom|def|1
|faint|p2a: Tangrowth
|
|-heal|p1a: Rillaboom|72/100|[from] Grassy Terrain
|upkeep
|
|t:|1665543796
|switch|p2a: Heatran|Heatran, M|95/100
|turn|23
|
|t:|1665543799
|switch|p1a: Heatran|Heatran, M, shiny|100/100
|move|p2a: Heatran|Eruption|p1a: Heatran
|-start|p1a: Heatran|ability: Flash Fire
|
|-heal|p2a: Heatran|100/100|[from] Grassy Terrain
|-fieldend|move: Grassy Terrain
|upkeep
|turn|24
|
|t:|1665543803
|switch|p2a: rotomwash|Rotom-Wash|63/100
|move|p1a: Heatran|Earth Power|p2a: rotomwash
|-immune|p2a: rotomwash|[from] ability: Levitate
|
|-heal|p2a: rotomwash|69/100|[from] item: Leftovers
|upkeep
|turn|25
|
|t:|1665543804
|move|p2a: rotomwash|Thunderbolt|p1a: Heatran
|-damage|p1a: Heatran|80/100
|move|p1a: Heatran|Magma Storm|p2a: rotomwash
|-resisted|p2a: rotomwash
|-damage|p2a: rotomwash|37/100
|-activate|p2a: rotomwash|move: Magma Storm|[of] p1a: Heatran
|
|-heal|p2a: rotomwash|44/100|[from] item: Leftovers
|-heal|p1a: Heatran|86/100|[from] item: Leftovers
|-damage|p2a: rotomwash|31/100|[from] move: Magma Storm|[partiallytrapped]
|upkeep
|turn|26
|
|t:|1665543808
|move|p2a: rotomwash|Pain Split|p1a: Heatran
|-sethp|p1a: Heatran|55/100|[from] move: Pain Split|[silent]
|-sethp|p2a: rotomwash|70/100|[from] move: Pain Split
|move|p1a: Heatran|Magma Storm|p2a: rotomwash|[miss]
|-miss|p1a: Heatran|p2a: rotomwash
|
|-heal|p2a: rotomwash|76/100|[from] item: Leftovers
|-heal|p1a: Heatran|62/100|[from] item: Leftovers
|-damage|p2a: rotomwash|64/100|[from] move: Magma Storm|[partiallytrapped]
|upkeep
|turn|27
|
|t:|1665543812
|-end|p1a: Heatran|ability: Flash Fire|[silent]
|switch|p1a: Rillaboom|Rillaboom, F, shiny|72/100
|-fieldstart|move: Grassy Terrain|[from] ability: Grassy Surge|[of] p1a: Rillaboom
|move|p2a: rotomwash|Thunderbolt|p1a: Rillaboom
|-resisted|p1a: Rillaboom
|-damage|p1a: Rillaboom|53/100
|
|-heal|p2a: rotomwash|70/100|[from] item: Leftovers
|-heal|p1a: Rillaboom|60/100|[from] Grassy Terrain
|-end|p2a: rotomwash|Magma Storm|[partiallytrapped]|[silent]
|upkeep
|turn|28
|
|t:|1665543815
|switch|p2a: Heatran|Heatran, M|100/100
|move|p1a: Rillaboom|Grassy Glide|p2a: Heatran
|-resisted|p2a: Heatran
|-damage|p2a: Heatran|88/100
|
|-heal|p2a: Heatran|95/100|[from] Grassy Terrain
|-heal|p1a: Rillaboom|66/100|[from] Grassy Terrain
|upkeep
|turn|29
|
|t:|1665543817
|switch|p1a: Heatran|Heatran, M, shiny|62/100
|move|p2a: Heatran|Eruption|p1a: Heatran
|-start|p1a: Heatran|ability: Flash Fire
|
|-heal|p2a: Heatran|100/100|[from] Grassy Terrain
|-heal|p1a: Heatran|68/100|[from] Grassy Terrain
|-heal|p1a: Heatran|74/100|[from] item: Leftovers
|upkeep
|turn|30
|
|t:|1665543821
|-end|p1a: Heatran|ability: Flash Fire|[silent]
|switch|p1a: Rillaboom|Rillaboom, F, shiny|66/100
|move|p2a: Heatran|Earth Power|p1a: Rillaboom
|-resisted|p1a: Rillaboom
|-damage|p1a: Rillaboom|49/100
|
|-heal|p1a: Rillaboom|55/100|[from] Grassy Terrain
|upkeep
|turn|31
|
|t:|1665543823
|move|p2a: Heatran|Eruption|p1a: Rillaboom
|-supereffective|p1a: Rillaboom
|-damage|p1a: Rillaboom|0 fnt
|faint|p1a: Rillaboom
|
|-fieldend|move: Grassy Terrain
|upkeep
|-message|samohi0 forfeited.
|
|win|minimax_ai
|raw|samohi0's rating: 1574 &rarr; <strong>1555</strong><br />(-19 for losing)
|raw|minimax_ai's rating: 1588 &rarr; <strong>1607</strong><br />(+19 for winning)
|c|☆minimax_ai|gg
|l|☆samohi0
