|j|☆2222mm
|j|☆Ishpuppy
|player|p1|2222mm|wallace|1326
|player|p2|Ishpuppy|swimmer-gen4|1319
|teamsize|p1|6
|teamsize|p2|6
|gametype|singles
|gen|8
|tier|[Gen 8] OU
|rated|
|clearpoke
|poke|p1|Amoonguss, F|
|poke|p1|Slowbro, F|
|poke|p1|Chansey, F|
|poke|p1|Corviknight, F|
|poke|p1|Quagsire, F|
|poke|p1|Clefable, F|
|poke|p2|Excadrill, M|
|poke|p2|Arcanine, F|
|poke|p2|Clefable, M|
|poke|p2|Rotom-Mow|
|poke|p2|Cinderace, F|
|poke|p2|Scyther, F|
|rule|Sleep Clause Mod: Limit one foe put to sleep
|rule|Species Clause: Limit one of each Pokémon
|rule|OHKO Clause: OHKO moves are banned
|rule|Evasion Moves Clause: Evasion moves are banned
|rule|Endless Battle Clause: Forcing endless battles is banned
|rule|HP Percentage Mod: HP is shown in percentages
|rule|Dynamax Clause: You cannot dynamax
|teampreview
|inactive|Battle timer is ON: inactive players will automatically lose when time's up. (requested by 2222mm)
|
|start
|switch|p1a: Clefable|Clefable, F|100/100
|switch|p2a: drill go vrrrrrr|Excadrill, M|100/100
|-ability|p2a: drill go vrrrrrr|Mold Breaker
|turn|1
|
|switch|p1a: Corviknight|Corviknight, F|100/100
|-ability|p1a: Corviknight|Pressure
|move|p2a: drill go vrrrrrr|Stealth Rock|p1a: Corviknight
|-sidestart|p1: 2222mm|move: Stealth Rock
|
|upkeep
|turn|2
|
|switch|p2a: oop|Arcanine, F|100/100
|-ability|p2a: oop|Intimidate|boost
|-unboost|p1a: Corviknight|atk|1
|move|p1a: Corviknight|Defog|p2a: oop
|-unboost|p2a: oop|evasion|1
|-sideend|p1: 2222mm|Stealth Rock|[from] move: Defog|[of] p1a: Corviknight
|
|upkeep
|turn|3
|
|switch|p1a: Slowbro|Slowbro, F|100/100
|move|p2a: oop|Flare Blitz|p1a: Slowbro
|-resisted|p1a: Slowbro
|-damage|p1a: Slowbro|82/100
|-damage|p2a: oop|94/100|[from] Recoil
|
|upkeep
|turn|4
|
|switch|p2a: Rotom-Dad|Rotom-Mow|100/100
|move|p1a: Slowbro|Scald|p2a: Rotom-Dad
|-resisted|p2a: Rotom-Dad
|-damage|p2a: Rotom-Dad|89/100
|
|-heal|p2a: Rotom-Dad|95/100|[from] item: Leftovers
|upkeep
|turn|5
|
|switch|p1a: Amoonguss|Amoonguss, F|100/100
|move|p2a: Rotom-Dad|Volt Switch|p1a: Amoonguss
|-resisted|p1a: Amoonguss
|-crit|p1a: Amoonguss
|-damage|p1a: Amoonguss|84/100
|
|switch|p2a: actually my dad|Scyther, F|100/100|[from]move: Volt Switch
|
|-heal|p1a: Amoonguss|90/100|[from] item: Black Sludge
|upkeep
|turn|6
|
|switch|p1a: Corviknight|Corviknight, F|100/100
|-ability|p1a: Corviknight|Pressure
|move|p2a: actually my dad|Dual Wingbeat|p1a: Corviknight
|-resisted|p1a: Corviknight
|-damage|p1a: Corviknight|84/100
|-resisted|p1a: Corviknight
|-damage|p1a: Corviknight|65/100
|-hitcount|p1a: Corviknight|2
|
|-heal|p1a: Corviknight|71/100|[from] item: Leftovers
|upkeep
|turn|7
|
|switch|p2a: oop|Arcanine, F|94/100
|-ability|p2a: oop|Intimidate|boost
|-unboost|p1a: Corviknight|atk|1
|move|p1a: Corviknight|Roost|p1a: Corviknight
|-heal|p1a: Corviknight|100/100
|-singleturn|p1a: Corviknight|move: Roost
|
|upkeep
|turn|8
|
|switch|p1a: Clefable|Clefable, F|100/100
|move|p2a: oop|Teleport|p2a: oop
|
|switch|p2a: drill go vrrrrrr|Excadrill, M|100/100|[from]move: Teleport
|-ability|p2a: drill go vrrrrrr|Mold Breaker
|
|upkeep
|turn|9
|
|switch|p1a: Corviknight|Corviknight, F|100/100
|-ability|p1a: Corviknight|Pressure
|move|p2a: drill go vrrrrrr|Iron Head|p1a: Corviknight
|-resisted|p1a: Corviknight
|-damage|p1a: Corviknight|83/100
|
|-heal|p1a: Corviknight|90/100|[from] item: Leftovers
|upkeep
|turn|10
|
|switch|p2a: Rotom-Dad|Rotom-Mow|95/100
|move|p1a: Corviknight|Body Press|p2a: Rotom-Dad
|-damage|p2a: Rotom-Dad|74/100
|
|-heal|p2a: Rotom-Dad|80/100|[from] item: Leftovers
|-heal|p1a: Corviknight|96/100|[from] item: Leftovers
|upkeep
|turn|11
|
|move|p2a: Rotom-Dad|Will-O-Wisp|p1a: Corviknight
|-status|p1a: Corviknight|brn
|move|p1a: Corviknight|Roost|p1a: Corviknight
|-heal|p1a: Corviknight|100/100 brn
|-singleturn|p1a: Corviknight|move: Roost
|
|-heal|p2a: Rotom-Dad|87/100|[from] item: Leftovers
|-damage|p1a: Corviknight|94/100 brn|[from] brn
|upkeep
|turn|12
|
|switch|p1a: Clefable|Clefable, F|100/100
|move|p2a: Rotom-Dad|Volt Switch|p1a: Clefable
|-damage|p1a: Clefable|66/100
|
|switch|p2a: drill go vrrrrrr|Excadrill, M|100/100|[from]move: Volt Switch
|-ability|p2a: drill go vrrrrrr|Mold Breaker
|
|-heal|p1a: Clefable|72/100|[from] item: Leftovers
|upkeep
|turn|13
|
|switch|p1a: Slowbro|Slowbro, F|100/100
|move|p2a: drill go vrrrrrr|Iron Head|p1a: Slowbro
|-resisted|p1a: Slowbro
|-damage|p1a: Slowbro|89/100
|
|upkeep
|turn|14
|
|switch|p2a: actually my dad|Scyther, F|100/100
|move|p1a: Slowbro|Scald|p2a: actually my dad
|-damage|p2a: actually my dad|66/100
|
|upkeep
|turn|15
|
|switch|p1a: Corviknight|Corviknight, F|94/100 brn
|-ability|p1a: Corviknight|Pressure
|move|p2a: actually my dad|U-turn|p1a: Corviknight
|-resisted|p1a: Corviknight
|-damage|p1a: Corviknight|84/100 brn
|
|switch|p2a: oop|Arcanine, F|94/100|[from]move: U-turn
|-ability|p2a: oop|Intimidate|boost
|-unboost|p1a: Corviknight|atk|1
|
|-heal|p1a: Corviknight|90/100 brn|[from] item: Leftovers
|-damage|p1a: Corviknight|84/100 brn|[from] brn
|upkeep
|turn|16
|
|switch|p1a: Slowbro|Slowbro, F|100/100
|move|p2a: oop|Flare Blitz|p1a: Slowbro
|-resisted|p1a: Slowbro
|-damage|p1a: Slowbro|83/100
|-damage|p2a: oop|88/100|[from] Recoil
|
|upkeep
|turn|17
|
|switch|p2a: Queezy|Clefable, M|100/100
|move|p1a: Slowbro|Scald|p2a: Queezy
|-damage|p2a: Queezy|84/100
|
|-heal|p2a: Queezy|90/100|[from] item: Leftovers
|upkeep
|turn|18
|
|move|p2a: Queezy|Wish|p2a: Queezy
|move|p1a: Slowbro|Teleport|p1a: Slowbro
|
|switch|p1a: Clefable|Clefable, F|72/100|[from]move: Teleport
|
|-heal|p2a: Queezy|96/100|[from] item: Leftovers
|-heal|p1a: Clefable|78/100|[from] item: Leftovers
|upkeep
|turn|19
|
|move|p1a: Clefable|Stealth Rock|p2a: Queezy
|-sidestart|p2: Ishpuppy|move: Stealth Rock
|move|p2a: Queezy|Teleport|p2a: Queezy
|
|switch|p2a: Rotom-Dad|Rotom-Mow|87/100|[from]move: Teleport
|-damage|p2a: Rotom-Dad|74/100|[from] Stealth Rock
|
|-heal|p2a: Rotom-Dad|100/100|[from] move: Wish|[wisher] Queezy
|-heal|p1a: Clefable|84/100|[from] item: Leftovers
|upkeep
|turn|20
|
|move|p2a: Rotom-Dad|Defog|p1a: Clefable
|-unboost|p1a: Clefable|evasion|1
|-sideend|p2: Ishpuppy|Stealth Rock|[from] move: Defog|[of] p2a: Rotom-Dad
|move|p1a: Clefable|Soft-Boiled|p1a: Clefable
|-heal|p1a: Clefable|100/100
|
|upkeep
|turn|21
|
|move|p2a: Rotom-Dad|Volt Switch|p1a: Clefable
|-damage|p1a: Clefable|69/100
|
|switch|p2a: Queezy|Clefable, M|96/100|[from]move: Volt Switch
|move|p1a: Clefable|Stealth Rock|p2a: Queezy
|-sidestart|p2: Ishpuppy|move: Stealth Rock
|
|-heal|p1a: Clefable|75/100|[from] item: Leftovers
|-heal|p2a: Queezy|100/100|[from] item: Leftovers
|upkeep
|turn|22
|
|move|p1a: Clefable|Calm Mind|p1a: Clefable
|-boost|p1a: Clefable|spa|1
|-boost|p1a: Clefable|spd|1
|move|p2a: Queezy|Wish|p2a: Queezy
|
|-heal|p1a: Clefable|81/100|[from] item: Leftovers
|upkeep
|turn|23
|
|move|p1a: Clefable|Moonblast|p2a: Queezy
|-damage|p2a: Queezy|70/100
|move|p2a: Queezy|Teleport|p2a: Queezy
|
|switch|p2a: drill go vrrrrrr|Excadrill, M|100/100|[from]move: Teleport
|-damage|p2a: drill go vrrrrrr|97/100|[from] Stealth Rock
|-ability|p2a: drill go vrrrrrr|Mold Breaker
|
|-heal|p2a: drill go vrrrrrr|100/100|[from] move: Wish|[wisher] Queezy
|-heal|p1a: Clefable|87/100|[from] item: Leftovers
|upkeep
|turn|24
|
|switch|p1a: Slowbro|Slowbro, F|100/100
|move|p2a: drill go vrrrrrr|Iron Head|p1a: Slowbro
|-resisted|p1a: Slowbro
|-damage|p1a: Slowbro|88/100
|
|upkeep
|turn|25
|
|switch|p2a: Rotom-Dad|Rotom-Mow|100/100
|-damage|p2a: Rotom-Dad|88/100|[from] Stealth Rock
|move|p1a: Slowbro|Teleport|p1a: Slowbro
|
|switch|p1a: Chansey|Chansey, F|100/100|[from]move: Teleport
|
|-heal|p2a: Rotom-Dad|94/100|[from] item: Leftovers
|upkeep
|turn|26
|
|move|p2a: Rotom-Dad|Defog|p1a: Chansey
|-unboost|p1a: Chansey|evasion|1
|-sideend|p2: Ishpuppy|Stealth Rock|[from] move: Defog|[of] p2a: Rotom-Dad
|move|p1a: Chansey|Toxic|p2a: Rotom-Dad
|-status|p2a: Rotom-Dad|tox
|
|-heal|p2a: Rotom-Dad|100/100 tox|[from] item: Leftovers
|-damage|p2a: Rotom-Dad|94/100 tox|[from] psn
|upkeep
|turn|27
|
|move|p2a: Rotom-Dad|Volt Switch|p1a: Chansey
|-damage|p1a: Chansey|90/100
|
|switch|p2a: actually my dad|Scyther, F|66/100|[from]move: Volt Switch
|move|p1a: Chansey|Aromatherapy|p1a: Chansey
|-activate|p1a: Chansey|move: Aromatherapy
|-curestatus|p1: Corviknight|brn|[msg]
|
|upkeep
|turn|28
|
|switch|p1a: Corviknight|Corviknight, F|84/100
|-ability|p1a: Corviknight|Pressure
|move|p2a: actually my dad|Knock Off|p1a: Corviknight
|-damage|p1a: Corviknight|44/100
|-enditem|p1a: Corviknight|Leftovers|[from] move: Knock Off|[of] p2a: actually my dad
|
|upkeep
|turn|29
|
|switch|p2a: oop|Arcanine, F|88/100
|-ability|p2a: oop|Intimidate|boost
|-unboost|p1a: Corviknight|atk|1
|move|p1a: Corviknight|Roost|p1a: Corviknight
|-heal|p1a: Corviknight|94/100
|-singleturn|p1a: Corviknight|move: Roost
|
|upkeep
|turn|30
|
|switch|p1a: Slowbro|Slowbro, F|100/100
|move|p2a: oop|Teleport|p2a: oop
|
|switch|p2a: actually my dad|Scyther, F|66/100|[from]move: Teleport
|
|upkeep
|turn|31
|
|switch|p1a: Corviknight|Corviknight, F|94/100
|-ability|p1a: Corviknight|Pressure
|move|p2a: actually my dad|U-turn|p1a: Corviknight
|-resisted|p1a: Corviknight
|-damage|p1a: Corviknight|83/100
|
|switch|p2a: Rotom-Dad|Rotom-Mow|94/100 tox|[from]move: U-turn
|
|-heal|p2a: Rotom-Dad|100/100 tox|[from] item: Leftovers
|-damage|p2a: Rotom-Dad|94/100 tox|[from] psn
|upkeep
|turn|32
|
|switch|p1a: Chansey|Chansey, F|90/100
|move|p2a: Rotom-Dad|Volt Switch|p1a: Chansey
|-crit|p1a: Chansey
|-damage|p1a: Chansey|73/100
|
|switch|p2a: drill go vrrrrrr|Excadrill, M|100/100|[from]move: Volt Switch
|-ability|p2a: drill go vrrrrrr|Mold Breaker
|
|upkeep
|turn|33
|
|move|p2a: drill go vrrrrrr|Stealth Rock|p1a: Chansey
|-sidestart|p1: 2222mm|move: Stealth Rock
|move|p1a: Chansey|Soft-Boiled|p1a: Chansey
|-heal|p1a: Chansey|100/100
|
|upkeep
|turn|34
|
|switch|p2a: actually my dad|Scyther, F|66/100
|switch|p1a: Slowbro|Slowbro, F|100/100
|-damage|p1a: Slowbro|88/100|[from] Stealth Rock
|
|upkeep
|turn|35
|
|switch|p1a: Amoonguss|Amoonguss, F|100/100
|-damage|p1a: Amoonguss|88/100|[from] Stealth Rock
|move|p2a: actually my dad|U-turn|p1a: Amoonguss
|-damage|p1a: Amoonguss|41/100
|
|switch|p2a: funni bunni|Cinderace, F, shiny|100/100|[from]move: U-turn
|
|-heal|p1a: Amoonguss|47/100|[from] item: Black Sludge
|upkeep
|turn|36
|
|switch|p1a: Slowbro|Slowbro, F|100/100
|-damage|p1a: Slowbro|88/100|[from] Stealth Rock
|move|p2a: funni bunni|Pyro Ball|p1a: Slowbro|[miss]
|-miss|p2a: funni bunni|p1a: Slowbro
|
|upkeep
|turn|37
|
|switch|p2a: Rotom-Dad|Rotom-Mow|94/100 tox
|move|p1a: Slowbro|Body Press|p2a: Rotom-Dad
|-damage|p2a: Rotom-Dad|68/100 tox
|
|-heal|p2a: Rotom-Dad|74/100 tox|[from] item: Leftovers
|-damage|p2a: Rotom-Dad|68/100 tox|[from] psn
|upkeep
|turn|38
|
|switch|p1a: Chansey|Chansey, F|100/100
|-damage|p1a: Chansey|88/100|[from] Stealth Rock
|move|p2a: Rotom-Dad|Volt Switch|p1a: Chansey
|-damage|p1a: Chansey|77/100
|inactive|Ishpuppy has 120 seconds left.
|
|switch|p2a: actually my dad|Scyther, F|66/100|[from]move: Volt Switch
|
|upkeep
|turn|39
|
|switch|p1a: Corviknight|Corviknight, F|83/100
|-damage|p1a: Corviknight|71/100|[from] Stealth Rock
|-ability|p1a: Corviknight|Pressure
|move|p2a: actually my dad|Dual Wingbeat|p1a: Corviknight
|-resisted|p1a: Corviknight
|-damage|p1a: Corviknight|54/100
|-resisted|p1a: Corviknight
|-damage|p1a: Corviknight|38/100
|-hitcount|p1a: Corviknight|2
|
|upkeep
|turn|40
|
|move|p2a: actually my dad|Dual Wingbeat|p1a: Corviknight|[miss]
|-miss|p2a: actually my dad|p1a: Corviknight
|move|p1a: Corviknight|Roost|p1a: Corviknight
|-heal|p1a: Corviknight|88/100
|-singleturn|p1a: Corviknight|move: Roost
|
|upkeep
|turn|41
|
|switch|p2a: oop|Arcanine, F|88/100
|-ability|p2a: oop|Intimidate|boost
|-unboost|p1a: Corviknight|atk|1
|move|p1a: Corviknight|Defog|p2a: oop
|-unboost|p2a: oop|evasion|1
|-sideend|p1: 2222mm|Stealth Rock|[from] move: Defog|[of] p1a: Corviknight
|
|upkeep
|turn|42
|
|switch|p1a: Slowbro|Slowbro, F|100/100
|move|p2a: oop|Flare Blitz|p1a: Slowbro
|-resisted|p1a: Slowbro
|-damage|p1a: Slowbro|83/100
|-damage|p2a: oop|83/100|[from] Recoil
|
|upkeep
|turn|43
|
|switch|p2a: Queezy|Clefable, M|70/100
|move|p1a: Slowbro|Teleport|p1a: Slowbro
|
|switch|p1a: Amoonguss|Amoonguss, F|80/100|[from]move: Teleport
|
|-heal|p2a: Queezy|76/100|[from] item: Leftovers
|-heal|p1a: Amoonguss|86/100|[from] item: Black Sludge
|upkeep
|turn|44
|
|move|p1a: Amoonguss|Spore|p2a: Queezy
|-status|p2a: Queezy|slp|[from] move: Spore
|cant|p2a: Queezy|slp
|
|-heal|p2a: Queezy|82/100 slp|[from] item: Leftovers
|-heal|p1a: Amoonguss|92/100|[from] item: Black Sludge
|upkeep
|turn|45
|
|switch|p2a: drill go vrrrrrr|Excadrill, M|100/100
|-ability|p2a: drill go vrrrrrr|Mold Breaker
|switch|p1a: Clefable|Clefable, F|87/100
|
|-heal|p1a: Clefable|93/100|[from] item: Leftovers
|upkeep
|turn|46
|
|switch|p2a: funni bunni|Cinderace, F, shiny|100/100
|switch|p1a: Corviknight|Corviknight, F|88/100
|-ability|p1a: Corviknight|Pressure
|
|upkeep
|turn|47
|
|switch|p1a: Quagsire|Quagsire, F|100/100
|move|p2a: funni bunni|Pyro Ball|p1a: Quagsire
|-resisted|p1a: Quagsire
|-damage|p1a: Quagsire|80/100
|
|-heal|p1a: Quagsire|86/100|[from] item: Leftovers
|upkeep
|turn|48
|
|move|p2a: funni bunni|Zen Headbutt|p1a: Quagsire
|-start|p2a: funni bunni|typechange|Psychic|[from] ability: Libero
|-damage|p1a: Quagsire|58/100
|cant|p1a: Quagsire|flinch
|
|-heal|p1a: Quagsire|64/100|[from] item: Leftovers
|upkeep
|turn|49
|
|switch|p2a: Queezy|Clefable, M|82/100 slp
|move|p1a: Quagsire|Recover|p1a: Quagsire
|-heal|p1a: Quagsire|100/100
|
|-heal|p2a: Queezy|88/100 slp|[from] item: Leftovers
|upkeep
|turn|50
|
|switch|p1a: Clefable|Clefable, F|93/100
|cant|p2a: Queezy|slp
|
|-heal|p2a: Queezy|94/100 slp|[from] item: Leftovers
|-heal|p1a: Clefable|99/100|[from] item: Leftovers
|upkeep
|turn|51
|
|move|p1a: Clefable|Stealth Rock|p2a: Queezy
|-sidestart|p2: Ishpuppy|move: Stealth Rock
|cant|p2a: Queezy|slp
|
|-heal|p2a: Queezy|100/100 slp|[from] item: Leftovers
|-heal|p1a: Clefable|100/100|[from] item: Leftovers
|upkeep
|turn|52
|
|move|p1a: Clefable|Calm Mind|p1a: Clefable
|-boost|p1a: Clefable|spa|1
|-boost|p1a: Clefable|spd|1
|-curestatus|p2a: Queezy|slp|[msg]
|move|p2a: Queezy|Wish|p2a: Queezy
|
|upkeep
|turn|53
|inactive|Ishpuppy has 120 seconds left.
|
|move|p1a: Clefable|Moonblast|p2a: Queezy
|-damage|p2a: Queezy|70/100
|move|p2a: Queezy|Teleport|p2a: Queezy
|
|switch|p2a: drill go vrrrrrr|Excadrill, M|100/100|[from]move: Teleport
|-damage|p2a: drill go vrrrrrr|97/100|[from] Stealth Rock
|-ability|p2a: drill go vrrrrrr|Mold Breaker
|
|-heal|p2a: drill go vrrrrrr|100/100|[from] move: Wish|[wisher] Queezy
|upkeep
|turn|54
|
|switch|p1a: Slowbro|Slowbro, F|100/100
|move|p2a: drill go vrrrrrr|Iron Head|p1a: Slowbro
|-resisted|p1a: Slowbro
|-damage|p1a: Slowbro|88/100
|
|upkeep
|turn|55
|inactive|Ishpuppy has 120 seconds left.
|inactive|Ishpuppy has 90 seconds left.
|
|switch|p2a: Rotom-Dad|Rotom-Mow|68/100 tox
|-damage|p2a: Rotom-Dad|55/100 tox|[from] Stealth Rock
|move|p1a: Slowbro|Body Press|p2a: Rotom-Dad
|-damage|p2a: Rotom-Dad|24/100 tox
|
|-heal|p2a: Rotom-Dad|30/100 tox|[from] item: Leftovers
|-damage|p2a: Rotom-Dad|24/100 tox|[from] psn
|upkeep
|turn|56
|
|switch|p1a: Chansey|Chansey, F|77/100
|move|p2a: Rotom-Dad|Volt Switch|p1a: Chansey
|-damage|p1a: Chansey|67/100
|inactive|Ishpuppy has 90 seconds left.
|
|switch|p2a: Queezy|Clefable, M|70/100|[from]move: Volt Switch
|
|-heal|p2a: Queezy|76/100|[from] item: Leftovers
|upkeep
|turn|57
|
|move|p2a: Queezy|Wish|p2a: Queezy
|move|p1a: Chansey|Soft-Boiled|p1a: Chansey
|-heal|p1a: Chansey|100/100
|
|-heal|p2a: Queezy|82/100|[from] item: Leftovers
|upkeep
|turn|58
|inactive|Ishpuppy has 90 seconds left.
|
|switch|p1a: Clefable|Clefable, F|100/100
|move|p2a: Queezy|Teleport|p2a: Queezy
|
|switch|p2a: Rotom-Dad|Rotom-Mow|24/100 tox|[from]move: Teleport
|-damage|p2a: Rotom-Dad|11/100 tox|[from] Stealth Rock
|
|-heal|p2a: Rotom-Dad|76/100 tox|[from] move: Wish|[wisher] Queezy
|-heal|p2a: Rotom-Dad|82/100 tox|[from] item: Leftovers
|-damage|p2a: Rotom-Dad|76/100 tox|[from] psn
|upkeep
|turn|59
|
|move|p2a: Rotom-Dad|Defog|p1a: Clefable
|-unboost|p1a: Clefable|evasion|1
|-sideend|p2: Ishpuppy|Stealth Rock|[from] move: Defog|[of] p2a: Rotom-Dad
|move|p1a: Clefable|Moonblast|p2a: Rotom-Dad
|-damage|p2a: Rotom-Dad|44/100 tox
|-unboost|p2a: Rotom-Dad|spa|1
|
|-heal|p2a: Rotom-Dad|50/100 tox|[from] item: Leftovers
|-damage|p2a: Rotom-Dad|38/100 tox|[from] psn
|upkeep
|turn|60
|
|move|p2a: Rotom-Dad|Volt Switch|p1a: Clefable
|-damage|p1a: Clefable|79/100
|
|switch|p2a: Queezy|Clefable, M|82/100|[from]move: Volt Switch
|move|p1a: Clefable|Stealth Rock|p2a: Queezy
|-sidestart|p2: Ishpuppy|move: Stealth Rock
|
|-heal|p1a: Clefable|85/100|[from] item: Leftovers
|-heal|p2a: Queezy|88/100|[from] item: Leftovers
|upkeep
|turn|61
|
|move|p2a: Queezy|Wish|p2a: Queezy
|move|p1a: Clefable|Calm Mind|p1a: Clefable
|-boost|p1a: Clefable|spa|1
|-boost|p1a: Clefable|spd|1
|
|-heal|p1a: Clefable|91/100|[from] item: Leftovers
|-heal|p2a: Queezy|94/100|[from] item: Leftovers
|upkeep
|turn|62
|
|move|p1a: Clefable|Moonblast|p2a: Queezy
|-damage|p2a: Queezy|60/100
|-unboost|p2a: Queezy|spa|1
|move|p2a: Queezy|Teleport|p2a: Queezy
|inactive|Ishpuppy has 120 seconds left.
|
|switch|p2a: drill go vrrrrrr|Excadrill, M|100/100|[from]move: Teleport
|-damage|p2a: drill go vrrrrrr|97/100|[from] Stealth Rock
|-ability|p2a: drill go vrrrrrr|Mold Breaker
|
|-heal|p2a: drill go vrrrrrr|100/100|[from] move: Wish|[wisher] Queezy
|-heal|p1a: Clefable|97/100|[from] item: Leftovers
|upkeep
|turn|63
|
|switch|p1a: Slowbro|Slowbro, F|100/100
|move|p2a: drill go vrrrrrr|Iron Head|p1a: Slowbro
|-resisted|p1a: Slowbro
|-damage|p1a: Slowbro|89/100
|
|upkeep
|turn|64
|inactive|Ishpuppy has 120 seconds left.
|inactive|Ishpuppy has 90 seconds left.
|l|☆Ishpuppy
|inactive|Ishpuppy disconnected and has a minute to reconnect!
|player|p2|
|inactive|Ishpuppy has 30 seconds to reconnect!
|inactive|Ishpuppy has 20 seconds to reconnect!
|inactive|Ishpuppy has 15 seconds to reconnect!
|inactive|Ishpuppy has 10 seconds to reconnect!
|inactive|Ishpuppy has 5 seconds to reconnect!
|-message|Ishpuppy lost due to inactivity.
|
|win|2222mm
|inactive|Ishpuppy has 25 seconds left this turn.
|raw|2222mm's rating: 1327 &rarr; <strong>1345</strong><br />(+18 for winning)
|raw|Ishpuppy's rating: 1298 &rarr; <strong>1275</strong><br />(-23 for losing)
