|raw|<div class="broadcast-blue"><strong>This battle is required to be public due to a player having a name starting with 'lt91bb'.</div>
|j|☆Plasmeek
|j|☆lt91bb mind
|t:|1659403565
|gametype|singles
|player|p1|Plasmeek|101|1849
|player|p2|lt91bb mind|hilbert|1751
|teamsize|p1|6
|teamsize|p2|6
|gen|8
|tier|[Gen 8] OU
|rated|
|rule|Sleep Clause Mod: Limit one foe put to sleep
|rule|Species Clause: Limit one of each Pokémon
|rule|OHKO Clause: OHKO moves are banned
|rule|Evasion Moves Clause: Evasion moves are banned
|rule|Endless Battle Clause: Forcing endless battles is banned
|rule|HP Percentage Mod: HP is shown in percentages
|rule|Dynamax Clause: You cannot dynamax
|clearpoke
|poke|p1|Rillaboom, M|
|poke|p1|Kartana|
|poke|p1|Clefable, M|
|poke|p1|Garchomp, M|
|poke|p1|Heatran, F|
|poke|p1|Tornadus-Therian, M|
|poke|p2|Rillaboom, M|
|poke|p2|Tornadus-Therian, M|
|poke|p2|Blaziken, M|
|poke|p2|Melmetal|
|poke|p2|Garchomp, F|
|poke|p2|Slowbro, F|
|teampreview
|
|t:|1659403585
|start
|switch|p1a: Tornadus|Tornadus-Therian, M|100/100
|switch|p2a: Garchomp|Garchomp, F|100/100
|turn|1
|
|t:|1659403592
|move|p1a: Tornadus|U-turn|p2a: Garchomp
|-damage|p2a: Garchomp|89/100
|-damage|p1a: Tornadus|88/100|[from] ability: Rough Skin|[of] p2a: Garchomp
|
|t:|1659403596
|switch|p1a: Clefable|Clefable, M|100/100|[from]move: U-turn
|move|p2a: Garchomp|Toxic|p1a: Clefable
|-status|p1a: Clefable|tox
|
|-heal|p2a: Garchomp|95/100|[from] item: Leftovers
|upkeep
|turn|2
|
|t:|1659403600
|move|p2a: Garchomp|Stealth Rock|p1a: Clefable
|-sidestart|p1: Plasmeek|move: Stealth Rock
|move|p1a: Clefable|Stealth Rock|p2a: Garchomp
|-sidestart|p2: lt91bb mind|move: Stealth Rock
|
|-heal|p2a: Garchomp|100/100|[from] item: Leftovers
|upkeep
|turn|3
|
|t:|1659403606
|switch|p2a: Slowbro|Slowbro, F|100/100
|-damage|p2a: Slowbro|88/100|[from] Stealth Rock
|move|p1a: Clefable|Moonblast|p2a: Slowbro
|-damage|p2a: Slowbro|58/100
|-unboost|p2a: Slowbro|spa|1
|
|upkeep
|turn|4
|
|t:|1659403616
|switch|p1a: Tornadus|Tornadus-Therian, M|100/100
|move|p2a: Slowbro|Teleport|p2a: Slowbro
|
|t:|1659403622
|switch|p2a: Melmetal|Melmetal|100/100|[from]move: Teleport
|-damage|p2a: Melmetal|94/100|[from] Stealth Rock
|
|-heal|p2a: Melmetal|100/100|[from] item: Leftovers
|upkeep
|turn|5
|
|t:|1659403629
|move|p1a: Tornadus|Knock Off|p2a: Melmetal
|-damage|p2a: Melmetal|89/100
|-enditem|p2a: Melmetal|Leftovers|[from] move: Knock Off|[of] p1a: Tornadus
|move|p2a: Melmetal|Thunder Punch|p1a: Tornadus
|-supereffective|p1a: Tornadus
|-damage|p1a: Tornadus|26/100
|
|upkeep
|turn|6
|
|t:|1659403639
|move|p1a: Tornadus|U-turn|p2a: Melmetal
|-resisted|p2a: Melmetal
|-damage|p2a: Melmetal|85/100
|
|t:|1659403666
|switch|p1a: Heatran|Heatran, F|100/100|[from]move: U-turn
|-damage|p1a: Heatran|88/100|[from] Stealth Rock
|move|p2a: Melmetal|Superpower|p1a: Heatran
|-supereffective|p1a: Heatran
|-damage|p1a: Heatran|5/100
|-unboost|p2a: Melmetal|atk|1
|-unboost|p2a: Melmetal|def|1
|
|-heal|p1a: Heatran|11/100|[from] item: Leftovers
|upkeep
|turn|7
|
|t:|1659403674
|switch|p2a: Garchomp|Garchomp, F|100/100
|-damage|p2a: Garchomp|94/100|[from] Stealth Rock
|move|p1a: Heatran|Magma Storm|p2a: Garchomp
|-resisted|p2a: Garchomp
|-damage|p2a: Garchomp|75/100
|-activate|p2a: Garchomp|move: Magma Storm|[of] p1a: Heatran
|
|-heal|p2a: Garchomp|81/100|[from] item: Leftovers
|-heal|p1a: Heatran|18/100|[from] item: Leftovers
|-damage|p2a: Garchomp|69/100|[from] move: Magma Storm|[partiallytrapped]
|upkeep
|turn|8
|j| LT91BB Livio
|l| LT91BB Livio
|
|t:|1659403683
|switch|p1a: Clefable|Clefable, M|100/100 tox
|move|p2a: Garchomp|Toxic|p1a: Clefable
|-fail|p1a: Clefable|tox
|
|-heal|p2a: Garchomp|75/100|[from] item: Leftovers
|-end|p2a: Garchomp|Magma Storm|[partiallytrapped]|[silent]
|upkeep
|turn|9
|
|t:|1659403690
|move|p2a: Garchomp|Protect|p2a: Garchomp
|-singleturn|p2a: Garchomp|Protect
|move|p1a: Clefable|Trick|p2a: Garchomp
|-activate|p2a: Garchomp|move: Protect
|
|-heal|p2a: Garchomp|81/100|[from] item: Leftovers
|upkeep
|turn|10
|
|t:|1659403704
|switch|p2a: Slowbro|Slowbro, F|91/100
|-damage|p2a: Slowbro|79/100|[from] Stealth Rock
|switch|p1a: Kartana|Kartana|100/100
|-damage|p1a: Kartana|94/100|[from] Stealth Rock
|
|upkeep
|turn|11
|
|t:|1659403717
|switch|p2a: Tornadus|Tornadus-Therian, M|100/100
|move|p1a: Kartana|Leaf Blade|p2a: Tornadus
|-resisted|p2a: Tornadus
|-damage|p2a: Tornadus|70/100
|
|upkeep
|turn|12
|
|t:|1659403721
|switch|p1a: Tornadus|Tornadus-Therian, M|59/100
|move|p2a: Tornadus|Knock Off|p1a: Tornadus
|-damage|p1a: Tornadus|37/100
|-enditem|p1a: Tornadus|Heavy-Duty Boots|[from] move: Knock Off|[of] p2a: Tornadus
|
|upkeep
|turn|13
|
|t:|1659403729
|switch|p2a: Slowbro|Slowbro, F|100/100
|-damage|p2a: Slowbro|88/100|[from] Stealth Rock
|switch|p1a: Clefable|Clefable, M|100/100 tox
|
|upkeep
|turn|14
|
|t:|1659403736
|switch|p1a: Kartana|Kartana|94/100
|-damage|p1a: Kartana|88/100|[from] Stealth Rock
|move|p2a: Slowbro|Teleport|p2a: Slowbro
|
|t:|1659403738
|switch|p2a: Tornadus|Tornadus-Therian, M|100/100|[from]move: Teleport
|
|upkeep
|turn|15
|
|t:|1659403744
|move|p1a: Kartana|Knock Off|p2a: Tornadus
|-damage|p2a: Tornadus|58/100
|-enditem|p2a: Tornadus|Heavy-Duty Boots|[from] move: Knock Off|[of] p1a: Kartana
|move|p2a: Tornadus|Hurricane|p1a: Kartana
|-damage|p1a: Kartana|0 fnt
|faint|p1a: Kartana
|
|upkeep
|
|t:|1659403755
|switch|p1a: Clefable|Clefable, M|100/100 tox
|turn|16
|
|t:|1659403760
|switch|p2a: Slowbro|Slowbro, F|100/100
|-damage|p2a: Slowbro|88/100|[from] Stealth Rock
|switch|p1a: Rillaboom|Rillaboom, M|100/100
|-damage|p1a: Rillaboom|88/100|[from] Stealth Rock
|-fieldstart|move: Grassy Terrain|[from] ability: Grassy Surge|[of] p1a: Rillaboom
|
|-heal|p1a: Rillaboom|94/100|[from] Grassy Terrain
|-heal|p2a: Slowbro|94/100|[from] Grassy Terrain
|upkeep
|turn|17
|
|t:|1659403773
|move|p1a: Rillaboom|Swords Dance|p1a: Rillaboom
|-boost|p1a: Rillaboom|atk|2
|move|p2a: Slowbro|Teleport|p2a: Slowbro
|
|t:|1659403775
|switch|p2a: Tornadus|Tornadus-Therian, M|91/100|[from]move: Teleport
|-damage|p2a: Tornadus|66/100|[from] Stealth Rock
|
|-heal|p1a: Rillaboom|100/100|[from] Grassy Terrain
|upkeep
|turn|18
|
|t:|1659403779
|move|p1a: Rillaboom|Grassy Glide|p2a: Tornadus
|-resisted|p2a: Tornadus
|-damage|p2a: Tornadus|0 fnt
|faint|p2a: Tornadus
|-damage|p1a: Rillaboom|91/100|[from] item: Life Orb
|
|-heal|p1a: Rillaboom|97/100|[from] Grassy Terrain
|upkeep
|
|t:|1659403794
|switch|p2a: Melmetal|Melmetal|85/100
|-damage|p2a: Melmetal|79/100|[from] Stealth Rock
|turn|19
|
|t:|1659403802
|move|p2a: Melmetal|Protect|p2a: Melmetal
|-singleturn|p2a: Melmetal|Protect
|move|p1a: Rillaboom|Superpower|p2a: Melmetal
|-activate|p2a: Melmetal|move: Protect
|
|-heal|p1a: Rillaboom|100/100|[from] Grassy Terrain
|-heal|p2a: Melmetal|85/100|[from] Grassy Terrain
|upkeep
|turn|20
|
|t:|1659403809
|switch|p2a: Slowbro|Slowbro, F|100/100
|-damage|p2a: Slowbro|88/100|[from] Stealth Rock
|move|p1a: Rillaboom|Superpower|p2a: Slowbro
|-resisted|p2a: Slowbro
|-damage|p2a: Slowbro|53/100
|-unboost|p1a: Rillaboom|atk|1
|-unboost|p1a: Rillaboom|def|1
|-damage|p1a: Rillaboom|84/100|[from] item: Rocky Helmet|[of] p2a: Slowbro
|-damage|p1a: Rillaboom|74/100|[from] item: Life Orb
|
|-heal|p1a: Rillaboom|80/100|[from] Grassy Terrain
|-heal|p2a: Slowbro|59/100|[from] Grassy Terrain
|-fieldend|move: Grassy Terrain
|upkeep
|turn|21
|
|t:|1659403819
|move|p1a: Rillaboom|Grassy Glide|p2a: Slowbro
|-supereffective|p2a: Slowbro
|-damage|p2a: Slowbro|0 fnt
|-damage|p1a: Rillaboom|64/100|[from] item: Rocky Helmet|[of] p2a: Slowbro
|faint|p2a: Slowbro
|-damage|p1a: Rillaboom|54/100|[from] item: Life Orb
|
|upkeep
|
|t:|1659403822
|switch|p2a: Blaziken|Blaziken, M|100/100
|-damage|p2a: Blaziken|88/100|[from] Stealth Rock
|turn|22
|
|t:|1659403830
|move|p1a: Rillaboom|Superpower|p2a: Blaziken
|-damage|p2a: Blaziken|0 fnt
|-unboost|p1a: Rillaboom|atk|1
|-unboost|p1a: Rillaboom|def|1
|faint|p2a: Blaziken
|-damage|p1a: Rillaboom|44/100|[from] item: Life Orb
|
|upkeep
|
|t:|1659403838
|switch|p2a: Rillaboom|Rillaboom, M|100/100
|-damage|p2a: Rillaboom|88/100|[from] Stealth Rock
|-fieldstart|move: Grassy Terrain|[from] ability: Grassy Surge|[of] p2a: Rillaboom
|turn|23
|
|t:|1659403858
|switch|p1a: Heatran|Heatran, F|18/100
|-damage|p1a: Heatran|5/100|[from] Stealth Rock
|move|p2a: Rillaboom|Swords Dance|p2a: Rillaboom
|-boost|p2a: Rillaboom|atk|2
|
|-heal|p2a: Rillaboom|94/100|[from] Grassy Terrain
|-heal|p2a: Rillaboom|100/100|[from] item: Leftovers
|-heal|p1a: Heatran|11/100|[from] Grassy Terrain
|-heal|p1a: Heatran|18/100|[from] item: Leftovers
|upkeep
|turn|24
|
|t:|1659403877
|move|p1a: Heatran|Protect|p1a: Heatran
|-singleturn|p1a: Heatran|Protect
|move|p2a: Rillaboom|Grassy Glide|p1a: Heatran
|-activate|p1a: Heatran|move: Protect
|
|-heal|p1a: Heatran|24/100|[from] Grassy Terrain
|-heal|p1a: Heatran|30/100|[from] item: Leftovers
|upkeep
|turn|25
|
|t:|1659403884
|switch|p1a: Clefable|Clefable, M|100/100 tox
|move|p2a: Rillaboom|Drain Punch|p1a: Clefable
|-resisted|p1a: Clefable
|-damage|p1a: Clefable|77/100 tox
|
|-heal|p1a: Clefable|83/100 tox|[from] Grassy Terrain
|upkeep
|turn|26
|
|t:|1659403906
|move|p2a: Rillaboom|Grassy Glide|p1a: Clefable
|-damage|p1a: Clefable|0 fnt
|faint|p1a: Clefable
|
|upkeep
|
|t:|1659403911
|switch|p1a: Heatran|Heatran, F|30/100
|-damage|p1a: Heatran|18/100|[from] Stealth Rock
|turn|27
|
|t:|1659403916
|move|p1a: Heatran|Protect|p1a: Heatran
|-singleturn|p1a: Heatran|Protect
|move|p2a: Rillaboom|Knock Off|p1a: Heatran
|-activate|p1a: Heatran|move: Protect
|
|-heal|p1a: Heatran|24/100|[from] Grassy Terrain
|-heal|p1a: Heatran|30/100|[from] item: Leftovers
|-fieldend|move: Grassy Terrain
|upkeep
|turn|28
|
|t:|1659403922
|move|p2a: Rillaboom|Knock Off|p1a: Heatran
|-damage|p1a: Heatran|0 fnt
|-enditem|p1a: Heatran|Leftovers|[from] move: Knock Off|[of] p2a: Rillaboom
|faint|p1a: Heatran
|
|upkeep
|
|t:|1659403925
|switch|p1a: Tornadus|Tornadus-Therian, M|70/100
|-damage|p1a: Tornadus|45/100|[from] Stealth Rock
|turn|29
|
|t:|1659403933
|switch|p2a: Melmetal|Melmetal|85/100
|-damage|p2a: Melmetal|79/100|[from] Stealth Rock
|move|p1a: Tornadus|Heat Wave|p2a: Melmetal
|-supereffective|p2a: Melmetal
|-damage|p2a: Melmetal|36/100
|
|upkeep
|turn|30
|
|t:|1659403946
|move|p1a: Tornadus|Heat Wave|p2a: Melmetal
|-supereffective|p2a: Melmetal
|-damage|p2a: Melmetal|0 fnt
|faint|p2a: Melmetal
|
|upkeep
|
|t:|1659403978
|switch|p2a: Rillaboom|Rillaboom, M|100/100
|-damage|p2a: Rillaboom|88/100|[from] Stealth Rock
|-fieldstart|move: Grassy Terrain|[from] ability: Grassy Surge|[of] p2a: Rillaboom
|turn|31
|
|t:|1659403981
|move|p1a: Tornadus|Heat Wave|p2a: Rillaboom
|-supereffective|p2a: Rillaboom
|-damage|p2a: Rillaboom|35/100
|-status|p2a: Rillaboom|brn
|move|p2a: Rillaboom|Swords Dance|p2a: Rillaboom
|-boost|p2a: Rillaboom|atk|2
|
|-heal|p2a: Rillaboom|41/100 brn|[from] Grassy Terrain
|-heal|p2a: Rillaboom|47/100 brn|[from] item: Leftovers
|-damage|p2a: Rillaboom|41/100 brn|[from] brn
|upkeep
|turn|32
|
|t:|1659404008
|move|p2a: Rillaboom|Grassy Glide|p1a: Tornadus
|-resisted|p1a: Tornadus
|-damage|p1a: Tornadus|18/100
|move|p1a: Tornadus|Heat Wave|p2a: Rillaboom
|-supereffective|p2a: Rillaboom
|-damage|p2a: Rillaboom|0 fnt
|faint|p2a: Rillaboom
|
|upkeep
|-message|lt91bb mind forfeited.
|
|win|Plasmeek
|raw|Plasmeek's rating: 1849 &rarr; <strong>1864</strong><br />(+15 for winning)
|raw|lt91bb mind's rating: 1751 &rarr; <strong>1736</strong><br />(-15 for losing)
|l|☆lt91bb mind
||Ladder isn't responding, score probably updated but might not have (Request timeout).
