|j|☆playeraccount
|j|☆minimax_ai
|t:|1665210072
|gametype|singles
|player|p1|playeraccount|170|1450
|player|p2|minimax_ai|lusamine-nihilego|1540
|teamsize|p1|6
|teamsize|p2|6
|gen|8
|tier|[Gen 8] OU
|rated|
|rule|Sleep Clause Mod: Limit one foe put to sleep
|rule|Species Clause: Limit one of each Pokémon
|rule|OHKO Clause: OHKO moves are banned
|rule|Evasion Items Clause: Evasion items are banned
|rule|Evasion Moves Clause: Evasion moves are banned
|rule|Endless Battle Clause: Forcing endless battles is banned
|rule|HP Percentage Mod: HP is shown in percentages
|rule|Dynamax Clause: You cannot dynamax
|clearpoke
|poke|p1|Kartana|
|poke|p1|Nidoqueen, F|
|poke|p1|Slowbro, M|
|poke|p1|Diancie|
|poke|p1|Zapdos|
|poke|p1|Tapu Fini|
|poke|p2|Rotom-Wash|
|poke|p2|Weavile, M|
|poke|p2|Landorus-Therian, M|
|poke|p2|Heatran, M|
|poke|p2|Tangrowth, F|
|poke|p2|Melmetal|
|teampreview
|c|☆minimax_ai|hf
|inactive|Battle timer is ON: inactive players will automatically lose when time's up. (requested by minimax_ai)
|inactive|playeraccount also wants the timer to be on.
|c|☆playeraccount|gl hf
|
|t:|1665210089
|start
|switch|p1a: Kartana|Kartana|100/100
|switch|p2a: Melmetal|Melmetal|100/100
|turn|1
|
|t:|1665210093
|move|p1a: Kartana|Sacred Sword|p2a: Melmetal
|-supereffective|p2a: Melmetal
|-damage|p2a: Melmetal|28/100
|move|p2a: Melmetal|Double Iron Bash|p1a: Kartana
|-resisted|p1a: Kartana
|-damage|p1a: Kartana|81/100
|-resisted|p1a: Kartana
|-damage|p1a: Kartana|59/100
|-hitcount|p1a: Kartana|2
|
|upkeep
|turn|2
|
|t:|1665210097
|switch|p2a: landorustherian|Landorus-Therian, M|100/100
|-ability|p2a: landorustherian|Intimidate|boost
|-unboost|p1a: Kartana|atk|1
|move|p1a: Kartana|Sacred Sword|p2a: landorustherian
|-resisted|p2a: landorustherian
|-damage|p2a: landorustherian|83/100
|
|-heal|p2a: landorustherian|89/100|[from] item: Leftovers
|upkeep
|turn|3
|
|t:|1665210101
|switch|p1a: Zapdos|Zapdos|100/100
|move|p2a: landorustherian|Earthquake|p1a: Zapdos
|-immune|p1a: Zapdos
|
|-heal|p2a: landorustherian|95/100|[from] item: Leftovers
|upkeep
|turn|4
|
|t:|1665210105
|move|p1a: Zapdos|Heat Wave|p2a: landorustherian
|-damage|p2a: landorustherian|70/100
|move|p2a: landorustherian|Earthquake|p1a: Zapdos
|-immune|p1a: Zapdos
|
|-heal|p2a: landorustherian|76/100|[from] item: Leftovers
|upkeep
|turn|5
|
|t:|1665210109
|move|p1a: Zapdos|Heat Wave|p2a: landorustherian
|-damage|p2a: landorustherian|53/100
|move|p2a: landorustherian|Earthquake|p1a: Zapdos
|-immune|p1a: Zapdos
|
|-heal|p2a: landorustherian|59/100|[from] item: Leftovers
|upkeep
|turn|6
|
|t:|1665210113
|move|p1a: Zapdos|Heat Wave|p2a: landorustherian
|-damage|p2a: landorustherian|35/100
|move|p2a: landorustherian|Earthquake|p1a: Zapdos
|-immune|p1a: Zapdos
|
|-heal|p2a: landorustherian|41/100|[from] item: Leftovers
|upkeep
|turn|7
|
|t:|1665210117
|move|p1a: Zapdos|Heat Wave|p2a: landorustherian
|-damage|p2a: landorustherian|18/100
|move|p2a: landorustherian|Earthquake|p1a: Zapdos
|-immune|p1a: Zapdos
|
|-heal|p2a: landorustherian|24/100|[from] item: Leftovers
|upkeep
|turn|8
|
|t:|1665210120
|switch|p2a: rotomwash|Rotom-Wash|100/100
|move|p1a: Zapdos|Heat Wave|p2a: rotomwash
|-resisted|p2a: rotomwash
|-crit|p2a: rotomwash
|-damage|p2a: rotomwash|77/100
|
|-heal|p2a: rotomwash|83/100|[from] item: Leftovers
|upkeep
|turn|9
|
|t:|1665210125
|move|p2a: rotomwash|Thunderbolt|p1a: Zapdos
|-damage|p1a: Zapdos|67/100
|move|p1a: Zapdos|Volt Switch|p2a: rotomwash
|-damage|p2a: rotomwash|48/100
|
|t:|1665210131
|switch|p1a: Kartana|Kartana|59/100|[from]move: Volt Switch
|
|-heal|p2a: rotomwash|54/100|[from] item: Leftovers
|upkeep
|turn|10
|
|t:|1665210133
|switch|p2a: Tangrowth|Tangrowth, F|100/100
|move|p1a: Kartana|Knock Off|p2a: Tangrowth
|-damage|p2a: Tangrowth|64/100
|-damage|p1a: Kartana|42/100|[from] item: Rocky Helmet|[of] p2a: Tangrowth
|-enditem|p2a: Tangrowth|Rocky Helmet|[from] move: Knock Off|[of] p1a: Kartana
|
|upkeep
|turn|11
|
|t:|1665210141
|switch|p1a: Zapdos|Zapdos|67/100
|move|p2a: Tangrowth|Giga Drain|p1a: Zapdos
|-resisted|p1a: Zapdos
|-damage|p1a: Zapdos|53/100
|-heal|p2a: Tangrowth|70/100|[from] drain|[of] p1a: Zapdos
|
|upkeep
|turn|12
|
|t:|1665210145
|switch|p2a: Heatran|Heatran, M|100/100
|-item|p2a: Heatran|Air Balloon
|move|p1a: Zapdos|Roost|p1a: Zapdos
|-heal|p1a: Zapdos|100/100
|-singleturn|p1a: Zapdos|move: Roost
|
|upkeep
|turn|13
|
|t:|1665210148
|move|p2a: Heatran|Eruption|p1a: Zapdos
|-damage|p1a: Zapdos|17/100
|move|p1a: Zapdos|Volt Switch|p2a: Heatran
|-damage|p2a: Heatran|70/100
|-enditem|p2a: Heatran|Air Balloon
|
|t:|1665210155
|switch|p1a: Diancie|Diancie|100/100|[from]move: Volt Switch
|
|upkeep
|turn|14
|
|t:|1665210158
|move|p2a: Heatran|Stealth Rock|p1a: Diancie
|-sidestart|p1: playeraccount|move: Stealth Rock
|move|p1a: Diancie|Diamond Storm|p2a: Heatran
|-damage|p2a: Heatran|32/100
|
|upkeep
|turn|15
|
|t:|1665210162
|switch|p2a: rotomwash|Rotom-Wash|54/100
|move|p1a: Diancie|Diamond Storm|p2a: rotomwash
|-damage|p2a: rotomwash|19/100
|
|-heal|p2a: rotomwash|25/100|[from] item: Leftovers
|upkeep
|turn|16
|
|t:|1665210165
|move|p2a: rotomwash|Pain Split|p1a: Diancie
|-sethp|p1a: Diancie|63/100|[from] move: Pain Split|[silent]
|-sethp|p2a: rotomwash|63/100|[from] move: Pain Split
|move|p1a: Diancie|Diamond Storm|p2a: rotomwash
|-damage|p2a: rotomwash|25/100
|-boost|p1a: Diancie|def|2
|
|-heal|p2a: rotomwash|31/100|[from] item: Leftovers
|-heal|p1a: Diancie|69/100|[from] item: Leftovers
|upkeep
|turn|17
|
|t:|1665210168
|move|p2a: rotomwash|Pain Split|p1a: Diancie
|-sethp|p1a: Diancie|50/100|[from] move: Pain Split|[silent]
|-sethp|p2a: rotomwash|50/100|[from] move: Pain Split
|move|p1a: Diancie|Stealth Rock|p2a: rotomwash
|-sidestart|p2: minimax_ai|move: Stealth Rock
|
|-heal|p2a: rotomwash|56/100|[from] item: Leftovers
|-heal|p1a: Diancie|56/100|[from] item: Leftovers
|upkeep
|turn|18
|
|t:|1665210173
|move|p2a: rotomwash|Hydro Pump|p1a: Diancie|[miss]
|-miss|p2a: rotomwash|p1a: Diancie
|move|p1a: Diancie|Diamond Storm|p2a: rotomwash
|-damage|p2a: rotomwash|19/100
|-boost|p1a: Diancie|def|2
|
|-heal|p2a: rotomwash|25/100|[from] item: Leftovers
|-heal|p1a: Diancie|62/100|[from] item: Leftovers
|upkeep
|turn|19
|
|t:|1665210176
|move|p2a: rotomwash|Hydro Pump|p1a: Diancie
|-supereffective|p1a: Diancie
|-damage|p1a: Diancie|11/100
|move|p1a: Diancie|Diamond Storm|p2a: rotomwash
|-damage|p2a: rotomwash|0 fnt
|-boost|p1a: Diancie|def|2
|faint|p2a: rotomwash
|
|-heal|p1a: Diancie|17/100|[from] item: Leftovers
|upkeep
|
|t:|1665210176
|switch|p2a: Heatran|Heatran, M|32/100
|-damage|p2a: Heatran|20/100|[from] Stealth Rock
|turn|20
|
|t:|1665210179
|move|p2a: Heatran|Magma Storm|p1a: Diancie
|-resisted|p1a: Diancie
|-damage|p1a: Diancie|2/100
|-activate|p1a: Diancie|move: Magma Storm|[of] p2a: Heatran
|move|p1a: Diancie|Body Press|p2a: Heatran
|-supereffective|p2a: Heatran
|-damage|p2a: Heatran|0 fnt
|faint|p2a: Heatran
|
|-heal|p1a: Diancie|9/100|[from] item: Leftovers
|-end|p1a: Diancie|Magma Storm|[partiallytrapped]|[silent]
|upkeep
|
|t:|1665210179
|switch|p2a: Weavile|Weavile, M|100/100
|-damage|p2a: Weavile|76/100|[from] Stealth Rock
|-ability|p2a: Weavile|Pressure
|turn|21
|
|t:|1665210183
|move|p2a: Weavile|Triple Axel|p1a: Diancie
|-damage|p1a: Diancie|5/100
|-damage|p1a: Diancie|0 fnt
|faint|p1a: Diancie
|-hitcount|p1: Diancie|2
|
|upkeep
|
|t:|1665210198
|switch|p1a: Kartana|Kartana|42/100
|-damage|p1a: Kartana|36/100|[from] Stealth Rock
|turn|22
|
|t:|1665210205
|move|p2a: Weavile|Triple Axel|p1a: Kartana
|-damage|p1a: Kartana|22/100
|-hitcount|p1a: Kartana|1
|move|p1a: Kartana|Smart Strike|p2a: Weavile
|-supereffective|p2a: Weavile
|-damage|p2a: Weavile|0 fnt
|faint|p2a: Weavile
|-ability|p1a: Kartana|Beast Boost|boost
|-boost|p1a: Kartana|atk|1
|
|upkeep
|
|t:|1665210205
|switch|p2a: Tangrowth|Tangrowth, F|100/100
|-damage|p2a: Tangrowth|88/100|[from] Stealth Rock
|turn|23
|
|t:|1665210209
|move|p1a: Kartana|Smart Strike|p2a: Tangrowth
|-damage|p2a: Tangrowth|32/100
|move|p2a: Tangrowth|Knock Off|p1a: Kartana
|-damage|p1a: Kartana|0 fnt
|-enditem|p1a: Kartana|Choice Band|[from] move: Knock Off|[of] p2a: Tangrowth
|faint|p1a: Kartana
|
|upkeep
|
|t:|1665210214
|switch|p1a: Zapdos|Zapdos|17/100
|turn|24
|
|t:|1665210217
|move|p1a: Zapdos|Heat Wave|p2a: Tangrowth
|-supereffective|p2a: Tangrowth
|-damage|p2a: Tangrowth|0 fnt
|faint|p2a: Tangrowth
|
|upkeep
|
|t:|1665210217
|switch|p2a: landorustherian|Landorus-Therian, M|24/100
|-damage|p2a: landorustherian|12/100|[from] Stealth Rock
|-ability|p2a: landorustherian|Intimidate|boost
|-unboost|p1a: Zapdos|atk|1
|turn|25
|
|t:|1665210221
|move|p1a: Zapdos|Heat Wave|p2a: landorustherian
|-damage|p2a: landorustherian|0 fnt
|faint|p2a: landorustherian
|
|upkeep
|
|t:|1665210221
|switch|p2a: Melmetal|Melmetal|28/100
|-damage|p2a: Melmetal|22/100|[from] Stealth Rock
|turn|26
|
|t:|1665210224
|move|p1a: Zapdos|Heat Wave|p2a: Melmetal|[miss]
|-miss|p1a: Zapdos|p2a: Melmetal
|move|p2a: Melmetal|Thunder Punch|p1a: Zapdos
|-damage|p1a: Zapdos|0 fnt
|-status|p2a: Melmetal|par|[from] ability: Static|[of] p1a: Zapdos
|faint|p1a: Zapdos
|
|upkeep
|
|t:|1665210227
|switch|p1a: Nidoqueen|Nidoqueen, F, shiny|100/100
|-damage|p1a: Nidoqueen|94/100|[from] Stealth Rock
|turn|27
|
|t:|1665210229
|move|p1a: Nidoqueen|Earth Power|p2a: Melmetal
|-supereffective|p2a: Melmetal
|-damage|p2a: Melmetal|0 fnt
|faint|p2a: Melmetal
|
|win|playeraccount
|raw|playeraccount's rating: 1450 &rarr; <strong>1475</strong><br />(+25 for winning)
|raw|minimax_ai's rating: 1540 &rarr; <strong>1515</strong><br />(-25 for losing)
|c|☆minimax_ai|gg
