|raw|<div class="broadcast-blue"><strong>This battle is required to be public due to a player having a name starting with 'lt81yl'.</div>
|j|‽not mb
|j|☆LT81YL N
|t:|1625257342
|gametype|singles
|player|p1|not mb|1|1876
|player|p2|LT81YL N|blue-gen3|1927
|teamsize|p1|6
|teamsize|p2|6
|gen|8
|tier|[Gen 8] OU
|rated|
|rule|Sleep Clause Mod: Limit one foe put to sleep
|rule|Species Clause: Limit one of each Pokémon
|rule|OHKO Clause: OHKO moves are banned
|rule|Evasion Moves Clause: Evasion moves are banned
|rule|Endless Battle Clause: Forcing endless battles is banned
|rule|HP Percentage Mod: HP is shown in percentages
|rule|Dynamax Clause: You cannot dynamax
|clearpoke
|poke|p1|Mew|
|poke|p1|Landorus-Therian, M|
|poke|p1|Toxapex, M|
|poke|p1|Dragonite, M|
|poke|p1|Bisharp, M|
|poke|p1|Tapu Koko|
|poke|p2|Dragonite, M|
|poke|p2|Landorus-Therian, M|
|poke|p2|Magnezone|
|poke|p2|Tapu Lele|
|poke|p2|Corviknight, M|
|poke|p2|Volcanion|
|teampreview
|inactive|Battle timer is ON: inactive players will automatically lose when time's up. (requested by LT81YL N)
|j| mael
|j| LT81YL GLASS
|j| LT81YL Tace
|j| Dragonyte
|
|t:|1625257366
|start
|switch|p1a: Mew|Mew|100/100
|switch|p2a: Volcanion|Volcanion|100/100
|turn|1
|
|t:|1625257371
|move|p1a: Mew|Knock Off|p2a: Volcanion
|-damage|p2a: Volcanion|80/100
|-enditem|p2a: Volcanion|Choice Specs|[from] move: Knock Off|[of] p1a: Mew
|move|p2a: Volcanion|Steam Eruption|p1a: Mew
|-damage|p1a: Mew|53/100
|
|-heal|p1a: Mew|59/100|[from] item: Leftovers
|upkeep
|turn|2
|j| LT81YL YOVAN FILMO
|c| Dragonyte|oh shit is that the ice beam eq dragonite
|
|t:|1625257386
|switch|p1a: Toxapex|Toxapex, M|100/100
|move|p2a: Volcanion|Steam Eruption|p1a: Toxapex
|-resisted|p1a: Toxapex
|-damage|p1a: Toxapex|77/100
|-status|p1a: Toxapex|brn
|
|-heal|p1a: Toxapex|83/100 brn|[from] item: Black Sludge
|-damage|p1a: Toxapex|77/100 brn|[from] brn
|upkeep
|turn|3
|
|t:|1625257389
|move|p2a: Volcanion|Earth Power|p1a: Toxapex
|-supereffective|p1a: Toxapex
|-damage|p1a: Toxapex|22/100 brn
|move|p1a: Toxapex|Toxic Spikes|p2a: Volcanion
|-sidestart|p2: LT81YL N|move: Toxic Spikes
|
|-heal|p1a: Toxapex|28/100 brn|[from] item: Black Sludge
|-damage|p1a: Toxapex|22/100 brn|[from] brn
|upkeep
|turn|4
|
|t:|1625257396
|switch|p1a: Dragonite|Dragonite, M|100/100
|move|p2a: Volcanion|Steam Eruption|p1a: Dragonite
|-resisted|p1a: Dragonite
|-damage|p1a: Dragonite|89/100
|
|upkeep
|turn|5
|
|t:|1625257405
|switch|p2a: Corviknight|Corviknight, M|100/100
|-ability|p2a: Corviknight|Pressure
|move|p1a: Dragonite|Earthquake|p2a: Corviknight
|-immune|p2a: Corviknight
|
|upkeep
|turn|6
|j| fabogoaog
|l| fabogoaog
|
|t:|1625257416
|switch|p1a: Mew|Mew|59/100
|move|p2a: Corviknight|U-turn|p1a: Mew
|-supereffective|p1a: Mew
|-damage|p1a: Mew|33/100
|
|t:|1625257420
|switch|p2a: Magnezone|Magnezone|100/100|[from]move: U-turn
|
|-heal|p1a: Mew|39/100|[from] item: Leftovers
|upkeep
|turn|7
|
|t:|1625257424
|move|p1a: Mew|Roost|p1a: Mew
|-heal|p1a: Mew|89/100
|-singleturn|p1a: Mew|move: Roost
|move|p2a: Magnezone|Volt Switch|p1a: Mew
|-damage|p1a: Mew|51/100
|
|t:|1625257432
|switch|p2a: Corviknight|Corviknight, M|100/100|[from]move: Volt Switch
|-ability|p2a: Corviknight|Pressure
|
|-heal|p1a: Mew|57/100|[from] item: Leftovers
|upkeep
|turn|8
|j| lt81yl aplgs
|
|t:|1625257436
|move|p1a: Mew|Knock Off|p2a: Corviknight
|-damage|p2a: Corviknight|87/100
|-damage|p1a: Mew|40/100|[from] item: Rocky Helmet|[of] p2a: Corviknight
|-enditem|p2a: Corviknight|Rocky Helmet|[from] move: Knock Off|[of] p1a: Mew
|move|p2a: Corviknight|Defog|p1a: Mew
|-unboost|p1a: Mew|evasion|1
|-sideend|p2: LT81YL N|Toxic Spikes|[from] move: Defog|[of] p2a: Corviknight
|
|-heal|p1a: Mew|46/100|[from] item: Leftovers
|upkeep
|turn|9
|
|t:|1625257441
|move|p1a: Mew|Roost|p1a: Mew
|-heal|p1a: Mew|97/100
|-singleturn|p1a: Mew|move: Roost
|move|p2a: Corviknight|U-turn|p1a: Mew
|-supereffective|p1a: Mew
|-damage|p1a: Mew|74/100
|l| LT81YL YOVAN FILMO
|
|t:|1625257445
|switch|p2a: Volcanion|Volcanion|80/100|[from]move: U-turn
|
|-heal|p1a: Mew|80/100|[from] item: Leftovers
|upkeep
|turn|10
|
|t:|1625257466
|move|p1a: Mew|Night Shade|p2a: Volcanion
|-damage|p2a: Volcanion|47/100
|move|p2a: Volcanion|Steam Eruption|p1a: Mew
|-damage|p1a: Mew|34/100
|-status|p1a: Mew|brn
|-activate|p1a: Mew|ability: Synchronize
|-immune|p2a: Volcanion
|
|-heal|p1a: Mew|40/100 brn|[from] item: Leftovers
|-damage|p1a: Mew|34/100 brn|[from] brn
|upkeep
|turn|11
|
|t:|1625257474
|move|p1a: Mew|Roost|p1a: Mew
|-heal|p1a: Mew|84/100 brn
|-singleturn|p1a: Mew|move: Roost
|move|p2a: Volcanion|Steam Eruption|p1a: Mew
|-crit|p1a: Mew
|-damage|p1a: Mew|12/100 brn
|
|-heal|p1a: Mew|19/100 brn|[from] item: Leftovers
|-damage|p1a: Mew|12/100 brn|[from] brn
|upkeep
|turn|12
|
|t:|1625257480
|move|p1a: Mew|Roost|p1a: Mew
|-heal|p1a: Mew|63/100 brn
|-singleturn|p1a: Mew|move: Roost
|move|p2a: Volcanion|Overheat|p1a: Mew
|-damage|p1a: Mew|6/100 brn
|-unboost|p2a: Volcanion|spa|2
|
|-heal|p1a: Mew|13/100 brn|[from] item: Leftovers
|-damage|p1a: Mew|6/100 brn|[from] brn
|upkeep
|turn|13
|
|t:|1625257490
|switch|p2a: Landorus|Landorus-Therian, M|100/100
|-ability|p2a: Landorus|Intimidate|boost
|-unboost|p1a: Mew|atk|1
|move|p1a: Mew|Roost|p1a: Mew
|-heal|p1a: Mew|57/100 brn
|-singleturn|p1a: Mew|move: Roost
|
|-heal|p1a: Mew|63/100 brn|[from] item: Leftovers
|-damage|p1a: Mew|57/100 brn|[from] brn
|upkeep
|turn|14
|j| LT81YL JDG
|l| LT81YL GLASS
|
|t:|1625257505
|switch|p1a: Landorus|Landorus-Therian, M|100/100
|-ability|p1a: Landorus|Intimidate|boost
|-unboost|p2a: Landorus|atk|1
|move|p2a: Landorus|Stealth Rock|p1a: Landorus
|-sidestart|p1: not mb|move: Stealth Rock
|
|upkeep
|turn|15
|
|t:|1625257512
|move|p1a: Landorus|Stealth Rock|p2a: Landorus
|-sidestart|p2: LT81YL N|move: Stealth Rock
|move|p2a: Landorus|Toxic|p1a: Landorus|[miss]
|-miss|p2a: Landorus|p1a: Landorus
|
|upkeep
|turn|16
|
|t:|1625257518
|move|p1a: Landorus|Toxic|p2a: Landorus
|-status|p2a: Landorus|tox
|move|p2a: Landorus|Toxic|p1a: Landorus
|-status|p1a: Landorus|tox
|
|-damage|p1a: Landorus|94/100 tox|[from] psn
|-damage|p2a: Landorus|94/100 tox|[from] psn
|upkeep
|turn|17
|
|t:|1625257527
|move|p1a: Landorus|Earthquake|p2a: Landorus
|-immune|p2a: Landorus
|move|p2a: Landorus|U-turn|p1a: Landorus
|-resisted|p1a: Landorus
|-damage|p1a: Landorus|87/100 tox
|j| Sand Pit Warrior
|j| Lunarr
|c| Dragonyte|good one man
|j| LT81YL GLASS
|
|t:|1625257537
|switch|p2a: Corviknight|Corviknight, M|87/100|[from]move: U-turn
|-damage|p2a: Corviknight|75/100|[from] Stealth Rock
|-ability|p2a: Corviknight|Pressure
|
|-heal|p1a: Landorus|93/100 tox|[from] item: Leftovers
|-damage|p1a: Landorus|81/100 tox|[from] psn
|upkeep
|turn|18
|
|t:|1625257541
|move|p1a: Landorus|U-turn|p2a: Corviknight
|-resisted|p2a: Corviknight
|-damage|p2a: Corviknight|72/100
|l| LT81YL GLASS
|
|t:|1625257553
|switch|p1a: Mew|Mew|57/100 brn|[from]move: U-turn
|-damage|p1a: Mew|44/100 brn|[from] Stealth Rock
|move|p2a: Corviknight|U-turn|p1a: Mew
|-supereffective|p1a: Mew
|-damage|p1a: Mew|17/100 brn
|
|t:|1625257556
|switch|p2a: Tapu Lele|Tapu Lele|100/100|[from]move: U-turn
|-damage|p2a: Tapu Lele|88/100|[from] Stealth Rock
|-fieldstart|move: Psychic Terrain|[from] ability: Psychic Surge|[of] p2a: Tapu Lele
|
|-heal|p1a: Mew|24/100 brn|[from] item: Leftovers
|-damage|p1a: Mew|17/100 brn|[from] brn
|upkeep
|turn|19
|l| LT81YL Tace
|j| LT81YL Tace
|
|t:|1625257576
|switch|p1a: Toxapex|Toxapex, M|55/100 brn
|-damage|p1a: Toxapex|43/100 brn|[from] Stealth Rock
|move|p2a: Tapu Lele|Moonblast|p1a: Toxapex
|-resisted|p1a: Toxapex
|-damage|p1a: Toxapex|24/100 brn
|-unboost|p1a: Toxapex|spa|1
|
|-heal|p1a: Toxapex|30/100 brn|[from] item: Black Sludge
|-damage|p1a: Toxapex|24/100 brn|[from] brn
|upkeep
|turn|20
|
|t:|1625257592
|switch|p2a: Volcanion|Volcanion|47/100
|-damage|p2a: Volcanion|22/100|[from] Stealth Rock
|switch|p1a: Bisharp|Bisharp, M|100/100
|-damage|p1a: Bisharp|94/100|[from] Stealth Rock
|
|upkeep
|turn|21
|
|t:|1625257597
|switch|p1a: Dragonite|Dragonite, M|89/100
|move|p2a: Volcanion|Earth Power|p1a: Dragonite
|-immune|p1a: Dragonite
|
|upkeep
|turn|22
|
|t:|1625257602
|switch|p2a: Corviknight|Corviknight, M|72/100
|-damage|p2a: Corviknight|60/100|[from] Stealth Rock
|-ability|p2a: Corviknight|Pressure
|move|p1a: Dragonite|Heal Bell|p1a: Dragonite
|-activate|p1a: Dragonite|move: Heal Bell
|-curestatus|p1: Landorus|tox|[msg]
|-curestatus|p1: Mew|brn|[msg]
|-curestatus|p1: Toxapex|brn|[msg]
|
|-fieldend|move: Psychic Terrain
|upkeep
|turn|23
|l| LT81YL Tace
|
|t:|1625257614
|switch|p1a: Toxapex|Toxapex, M|57/100
|-damage|p1a: Toxapex|45/100|[from] Stealth Rock
|move|p2a: Corviknight|U-turn|p1a: Toxapex
|-resisted|p1a: Toxapex
|-damage|p1a: Toxapex|40/100
|j| LT81YL Tace
|
|t:|1625257618
|switch|p2a: Tapu Lele|Tapu Lele|88/100|[from]move: U-turn
|-damage|p2a: Tapu Lele|76/100|[from] Stealth Rock
|-fieldstart|move: Psychic Terrain|[from] ability: Psychic Surge|[of] p2a: Tapu Lele
|
|-heal|p1a: Toxapex|46/100|[from] item: Black Sludge
|upkeep
|turn|24
|inactive|not mb has 120 seconds left.
|
|t:|1625257667
|switch|p1a: Tapu Koko|Tapu Koko|100/100
|-fieldstart|move: Electric Terrain|[from] ability: Electric Surge|[of] p1a: Tapu Koko
|move|p2a: Tapu Lele|Psychic|p1a: Tapu Koko
|-damage|p1a: Tapu Koko|28/100
|
|upkeep
|turn|25
|
|t:|1625257678
|switch|p1a: Dragonite|Dragonite, M|89/100
|move|p2a: Tapu Lele|Psychic|p1a: Dragonite
|-damage|p1a: Dragonite|56/100
|-unboost|p1a: Dragonite|spd|1
|
|upkeep
|turn|26
|
|t:|1625257690
|move|p2a: Tapu Lele|Psychic|p1a: Dragonite
|-damage|p1a: Dragonite|0 fnt
|faint|p1a: Dragonite
|
|upkeep
|l| LT81YL JDG
|
|t:|1625257701
|switch|p1a: Bisharp|Bisharp, M|94/100
|-damage|p1a: Bisharp|88/100|[from] Stealth Rock
|turn|27
|
|t:|1625257704
|switch|p2a: Volcanion|Volcanion|22/100
|-damage|p2a: Volcanion|0 fnt|[from] Stealth Rock
|faint|p2a: Volcanion
|move|p1a: Bisharp|Beat Up|p2: Volcanion|[notarget]
|-fail|p1a: Bisharp
|
|upkeep
|
|t:|1625257707
|switch|p2a: Magnezone|Magnezone|100/100
|-damage|p2a: Magnezone|94/100|[from] Stealth Rock
|turn|28
|
|t:|1625257712
|move|p2a: Magnezone|Volt Switch|p1a: Bisharp
|-damage|p1a: Bisharp|0 fnt
|faint|p1a: Bisharp
|
|t:|1625257732
|switch|p2a: Landorus|Landorus-Therian, M|94/100 tox|[from]move: Volt Switch
|-damage|p2a: Landorus|82/100 tox|[from] Stealth Rock
|
|-heal|p2a: Landorus|88/100 tox|[from] item: Leftovers
|-damage|p2a: Landorus|82/100 tox|[from] psn
|-fieldend|move: Electric Terrain
|upkeep
|inactive|not mb has 120 seconds left.
|
|t:|1625257755
|switch|p1a: Toxapex|Toxapex, M|80/100
|-damage|p1a: Toxapex|67/100|[from] Stealth Rock
|turn|29
|
|t:|1625257765
|move|p2a: Landorus|U-turn|p1a: Toxapex
|-resisted|p1a: Toxapex
|-damage|p1a: Toxapex|61/100
|
|t:|1625257770
|switch|p2a: Corviknight|Corviknight, M|60/100|[from]move: U-turn
|-damage|p2a: Corviknight|47/100|[from] Stealth Rock
|-ability|p2a: Corviknight|Pressure
|move|p1a: Toxapex|Toxic Spikes|p2a: Corviknight
|-sidestart|p2: LT81YL N|move: Toxic Spikes
|
|-heal|p1a: Toxapex|67/100|[from] item: Black Sludge
|upkeep
|turn|30
|j| Terry B bestdlc
|
|t:|1625257776
|move|p2a: Corviknight|Roost|p2a: Corviknight
|-heal|p2a: Corviknight|97/100
|-singleturn|p2a: Corviknight|move: Roost
|move|p1a: Toxapex|Scald|p2a: Corviknight
|-damage|p2a: Corviknight|81/100
|-status|p2a: Corviknight|brn
|
|-heal|p1a: Toxapex|72/100|[from] item: Black Sludge
|-damage|p2a: Corviknight|75/100 brn|[from] brn
|upkeep
|turn|31
|l| Terry B bestdlc
|
|t:|1625257798
|move|p2a: Corviknight|U-turn|p1a: Toxapex
|-resisted|p1a: Toxapex
|-damage|p1a: Toxapex|70/100
|
|t:|1625257805
|switch|p2a: Magnezone|Magnezone|94/100|[from]move: U-turn
|-damage|p2a: Magnezone|88/100|[from] Stealth Rock
|move|p1a: Toxapex|Recover|p1a: Toxapex
|-heal|p1a: Toxapex|100/100
|
|upkeep
|turn|32
|inactive|not mb has 120 seconds left.
|
|t:|1625257826
|move|p2a: Magnezone|Thunderbolt|p1a: Toxapex
|-supereffective|p1a: Toxapex
|-damage|p1a: Toxapex|0 fnt
|faint|p1a: Toxapex
|
|upkeep
|
|t:|1625257830
|switch|p1a: Landorus|Landorus-Therian, M|81/100
|-damage|p1a: Landorus|68/100|[from] Stealth Rock
|-ability|p1a: Landorus|Intimidate|boost
|-unboost|p2a: Magnezone|atk|1
|turn|33
|
|t:|1625257838
|switch|p2a: Landorus|Landorus-Therian, M|82/100 tox
|-damage|p2a: Landorus|70/100 tox|[from] Stealth Rock
|-ability|p2a: Landorus|Intimidate|boost
|-unboost|p1a: Landorus|atk|1
|move|p1a: Landorus|U-turn|p2a: Landorus
|-resisted|p2a: Landorus
|-damage|p2a: Landorus|65/100 tox
|
|t:|1625257840
|switch|p1a: Mew|Mew|17/100|[from]move: U-turn
|-damage|p1a: Mew|5/100|[from] Stealth Rock
|
|-heal|p1a: Mew|11/100|[from] item: Leftovers
|-heal|p2a: Landorus|71/100 tox|[from] item: Leftovers
|-damage|p2a: Landorus|65/100 tox|[from] psn
|upkeep
|turn|34
|
|t:|1625257845
|move|p1a: Mew|Taunt|p2a: Landorus
|-start|p2a: Landorus|move: Taunt
|cant|p2a: Landorus|move: Taunt|Toxic
|
|-heal|p1a: Mew|17/100|[from] item: Leftovers
|-heal|p2a: Landorus|71/100 tox|[from] item: Leftovers
|-damage|p2a: Landorus|59/100 tox|[from] psn
|upkeep
|turn|35
|
|t:|1625257849
|move|p1a: Mew|Roost|p1a: Mew
|-heal|p1a: Mew|67/100
|-singleturn|p1a: Mew|move: Roost
|move|p2a: Landorus|U-turn|p1a: Mew
|-supereffective|p1a: Mew
|-damage|p1a: Mew|29/100
|
|t:|1625257855
|switch|p2a: Magnezone|Magnezone|88/100|[from]move: U-turn
|-damage|p2a: Magnezone|82/100|[from] Stealth Rock
|
|-heal|p1a: Mew|35/100|[from] item: Leftovers
|upkeep
|turn|36
|l| lt81yl aplgs
|inactive|not mb has 120 seconds left.
|
|t:|1625257899
|move|p1a: Mew|Roost|p1a: Mew
|-heal|p1a: Mew|86/100
|-singleturn|p1a: Mew|move: Roost
|move|p2a: Magnezone|Volt Switch|p1a: Mew
|-damage|p1a: Mew|45/100
|
|t:|1625257902
|switch|p2a: Landorus|Landorus-Therian, M|59/100 tox|[from]move: Volt Switch
|-damage|p2a: Landorus|46/100 tox|[from] Stealth Rock
|-ability|p2a: Landorus|Intimidate|boost
|-unboost|p1a: Mew|atk|1
|
|-heal|p1a: Mew|51/100|[from] item: Leftovers
|-heal|p2a: Landorus|52/100 tox|[from] item: Leftovers
|-damage|p2a: Landorus|46/100 tox|[from] psn
|upkeep
|turn|37
|inactive|not mb has 120 seconds left.
|
|t:|1625257924
|switch|p1a: Tapu Koko|Tapu Koko|28/100
|-fieldstart|move: Electric Terrain|[from] ability: Electric Surge|[of] p1a: Tapu Koko
|move|p2a: Landorus|U-turn|p1a: Tapu Koko
|-resisted|p1a: Tapu Koko
|-damage|p1a: Tapu Koko|12/100
|
|t:|1625257935
|switch|p2a: Magnezone|Magnezone|82/100|[from]move: U-turn
|-damage|p2a: Magnezone|76/100|[from] Stealth Rock
|
|upkeep
|turn|38
|
|t:|1625257955
|move|p1a: Tapu Koko|Thunderbolt|p2a: Magnezone
|-resisted|p2a: Magnezone
|-damage|p2a: Magnezone|45/100
|move|p2a: Magnezone|Flash Cannon|p1a: Tapu Koko
|-damage|p1a: Tapu Koko|0 fnt
|faint|p1a: Tapu Koko
|
|upkeep
|
|t:|1625257957
|switch|p1a: Mew|Mew|51/100
|-damage|p1a: Mew|38/100|[from] Stealth Rock
|turn|39
|
|t:|1625257965
|move|p1a: Mew|Roost|p1a: Mew
|-heal|p1a: Mew|89/100
|-singleturn|p1a: Mew|move: Roost
|move|p2a: Magnezone|Flash Cannon|p1a: Mew
|-damage|p1a: Mew|44/100
|
|-heal|p1a: Mew|50/100|[from] item: Leftovers
|upkeep
|turn|40
|j| LT81YL Popstar
|j| pliang888
|
|t:|1625257986
|move|p1a: Mew|Night Shade|p2a: Magnezone
|-damage|p2a: Magnezone|10/100
|move|p2a: Magnezone|Flash Cannon|p1a: Mew
|-damage|p1a: Mew|1/100
|
|-heal|p1a: Mew|8/100|[from] item: Leftovers
|upkeep
|turn|41
|l| pliang888
|
|t:|1625257991
|move|p1a: Mew|Roost|p1a: Mew
|-heal|p1a: Mew|58/100
|-singleturn|p1a: Mew|move: Roost
|move|p2a: Magnezone|Flash Cannon|p1a: Mew
|-damage|p1a: Mew|7/100
|
|-heal|p1a: Mew|13/100|[from] item: Leftovers
|-fieldend|move: Electric Terrain
|upkeep
|turn|42
|
|t:|1625257996
|move|p1a: Mew|Roost|p1a: Mew
|-heal|p1a: Mew|63/100
|-singleturn|p1a: Mew|move: Roost
|move|p2a: Magnezone|Flash Cannon|p1a: Mew
|-damage|p1a: Mew|16/100
|
|-heal|p1a: Mew|22/100|[from] item: Leftovers
|upkeep
|turn|43
|
|t:|1625258000
|move|p1a: Mew|Roost|p1a: Mew
|-heal|p1a: Mew|72/100
|-singleturn|p1a: Mew|move: Roost
|move|p2a: Magnezone|Flash Cannon|p1a: Mew
|-damage|p1a: Mew|22/100
|
|-heal|p1a: Mew|28/100|[from] item: Leftovers
|upkeep
|turn|44
|
|t:|1625258005
|move|p1a: Mew|Roost|p1a: Mew
|-heal|p1a: Mew|78/100
|-singleturn|p1a: Mew|move: Roost
|move|p2a: Magnezone|Flash Cannon|p1a: Mew
|-damage|p1a: Mew|29/100
|
|-heal|p1a: Mew|35/100|[from] item: Leftovers
|upkeep
|turn|45
|l| Dragonyte
|
|t:|1625258012
|move|p1a: Mew|Roost|p1a: Mew
|-heal|p1a: Mew|85/100
|-singleturn|p1a: Mew|move: Roost
|move|p2a: Magnezone|Flash Cannon|p1a: Mew
|-damage|p1a: Mew|38/100
|
|-heal|p1a: Mew|44/100|[from] item: Leftovers
|upkeep
|turn|46
|
|t:|1625258019
|move|p1a: Mew|Night Shade|p2a: Magnezone
|-damage|p2a: Magnezone|0 fnt
|faint|p2a: Magnezone
|
|-heal|p1a: Mew|50/100|[from] item: Leftovers
|upkeep
|
|t:|1625258022
|switch|p2a: Landorus|Landorus-Therian, M|46/100 tox
|-damage|p2a: Landorus|34/100 tox|[from] Stealth Rock
|-ability|p2a: Landorus|Intimidate|boost
|-unboost|p1a: Mew|atk|1
|turn|47
|j|+Pissog
|j| gare23limit
|inactive|not mb has 120 seconds left.
|
|t:|1625258077
|move|p1a: Mew|Roost|p1a: Mew
|-heal|p1a: Mew|100/100
|-singleturn|p1a: Mew|move: Roost
|move|p2a: Landorus|U-turn|p1a: Mew
|-supereffective|p1a: Mew
|-damage|p1a: Mew|62/100
|
|t:|1625258088
|switch|p2a: Corviknight|Corviknight, M|75/100 brn|[from]move: U-turn
|-damage|p2a: Corviknight|63/100 brn|[from] Stealth Rock
|-ability|p2a: Corviknight|Pressure
|
|-heal|p1a: Mew|68/100|[from] item: Leftovers
|-damage|p2a: Corviknight|57/100 brn|[from] brn
|upkeep
|turn|48
|inactive|not mb has 90 seconds left.
|j| Dragonyte
|
|t:|1625258126
|move|p1a: Mew|Night Shade|p2a: Corviknight
|-damage|p2a: Corviknight|32/100 brn
|move|p2a: Corviknight|U-turn|p1a: Mew
|-supereffective|p1a: Mew
|-damage|p1a: Mew|55/100
|
|t:|1625258142
|switch|p2a: Dragonite|Dragonite, M|100/100|[from]move: U-turn
|
|-heal|p1a: Mew|62/100|[from] item: Leftovers
|upkeep
|turn|49
|j| sanu_buzz
|l| sanu_buzz
|inactive|not mb has 60 seconds left.
|
|t:|1625258178
|move|p1a: Mew|Taunt|p2a: Dragonite
|-start|p2a: Dragonite|move: Taunt
|move|p2a: Dragonite|Dual Wingbeat|p1a: Mew
|-damage|p1a: Mew|43/100
|-damage|p1a: Mew|26/100
|-hitcount|p1a: Mew|2
|
|-heal|p1a: Mew|33/100|[from] item: Leftovers
|upkeep
|turn|50
|inactive|not mb has 60 seconds left.
|
|t:|1625258185
|move|p1a: Mew|Roost|p1a: Mew
|-heal|p1a: Mew|83/100
|-singleturn|p1a: Mew|move: Roost
|move|p2a: Dragonite|Dual Wingbeat|p1a: Mew
|-damage|p1a: Mew|64/100
|-damage|p1a: Mew|44/100
|-hitcount|p1a: Mew|2
|
|-heal|p1a: Mew|51/100|[from] item: Leftovers
|upkeep
|turn|51
|
|t:|1625258194
|move|p1a: Mew|Knock Off|p2a: Dragonite
|-damage|p2a: Dragonite|92/100
|-enditem|p2a: Dragonite|Heavy-Duty Boots|[from] move: Knock Off|[of] p1a: Mew
|move|p2a: Dragonite|Dual Wingbeat|p1a: Mew
|-damage|p1a: Mew|31/100
|-damage|p1a: Mew|12/100
|-hitcount|p1a: Mew|2
|
|-heal|p1a: Mew|18/100|[from] item: Leftovers
|-end|p2a: Dragonite|move: Taunt
|upkeep
|turn|52
|
|t:|1625258206
|move|p1a: Mew|Roost|p1a: Mew
|-heal|p1a: Mew|68/100
|-singleturn|p1a: Mew|move: Roost
|move|p2a: Dragonite|Dual Wingbeat|p1a: Mew
|-damage|p1a: Mew|51/100
|-damage|p1a: Mew|32/100
|-hitcount|p1a: Mew|2
|
|-heal|p1a: Mew|38/100|[from] item: Leftovers
|upkeep
|turn|53
|j| HYper
|inactive|not mb has 60 seconds left.
|l| HYper
|
|t:|1625258234
|move|p1a: Mew|Night Shade|p2a: Dragonite
|-damage|p2a: Dragonite|61/100
|move|p2a: Dragonite|Dual Wingbeat|p1a: Mew
|-damage|p1a: Mew|19/100
|-damage|p1a: Mew|0 fnt
|faint|p1a: Mew
|-hitcount|p1: Mew|2
|
|upkeep
|-message|not mb forfeited.
|
|win|LT81YL N
|raw|not mb's rating: 1876 &rarr; <strong>1859</strong><br />(-17 for losing)
|raw|LT81YL N's rating: 1927 &rarr; <strong>1944</strong><br />(+17 for winning)
|l|‽not mb
|l| Sand Pit Warrior
|l| Dragonyte
|c|☆LT81YL N|Juan123juan
|l|☆LT81YL N
|l| LT81YL Tace
||Ladder isn't responding, score probably updated but might not have (Request timeout).
|l|+Pissog
