|j|☆cute pink team
|j|☆TryHonesty
|t:|1668047184
|gametype|singles
|player|p1|cute pink team|misty-gen1|1794
|player|p2|TryHonesty|169|1775
|teamsize|p1|6
|teamsize|p2|6
|gen|8
|tier|[Gen 8] OU
|rated|
|rule|Sleep Clause Mod: Limit one foe put to sleep
|rule|Species Clause: Limit one of each Pokémon
|rule|OHKO Clause: OHKO moves are banned
|rule|Evasion Items Clause: Evasion items are banned
|rule|Evasion Moves Clause: Evasion moves are banned
|rule|Endless Battle Clause: Forcing endless battles is banned
|rule|HP Percentage Mod: HP is shown in percentages
|rule|Dynamax Clause: You cannot dynamax
|clearpoke
|poke|p1|Blissey, F|
|poke|p1|Toxapex, M|
|poke|p1|Quagsire, F|
|poke|p1|Slowking-Galar, M|
|poke|p1|Corviknight, F|
|poke|p1|Zapdos|
|poke|p2|Mandibuzz, F|
|poke|p2|Primarina, M|
|poke|p2|Swampert, F|
|poke|p2|Blaziken, F|
|poke|p2|Blacephalon|
|poke|p2|Kartana|
|teampreview
|
|t:|1668047193
|start
|switch|p1a: Zapdos|Zapdos|100/100
|switch|p2a: Swampert|Swampert, F|100/100
|-ability|p1a: Zapdos|Pressure
|turn|1
|
|t:|1668047199
|move|p1a: Zapdos|Hurricane|p2a: Swampert
|-crit|p2a: Swampert
|-damage|p2a: Swampert|45/100
|-start|p2a: Swampert|confusion
|-activate|p2a: Swampert|confusion
|move|p2a: Swampert|Stealth Rock|p1a: Zapdos
|-sidestart|p1: cute pink team|move: Stealth Rock
|
|-heal|p2a: Swampert|51/100|[from] item: Leftovers
|upkeep
|turn|2
|
|t:|1668047208
|move|p1a: Zapdos|Hurricane|p2a: Swampert
|-damage|p2a: Swampert|14/100
|-activate|p2a: Swampert|confusion
|move|p2a: Swampert|Flip Turn|p1a: Zapdos
|-damage|p1a: Zapdos|60/100
|
|t:|1668047214
|switch|p2a: Blacephalon|Blacephalon|100/100|[from]move: Flip Turn
|
|-heal|p1a: Zapdos|66/100|[from] item: Leftovers
|upkeep
|turn|3
|
|t:|1668047220
|switch|p2a: Blaziken|Blaziken, F|100/100
|move|p1a: Zapdos|Hurricane|p2a: Blaziken|[miss]
|-miss|p1a: Zapdos|p2a: Blaziken
|
|-heal|p1a: Zapdos|72/100|[from] item: Leftovers
|upkeep
|turn|4
|
|t:|1668047227
|move|p1a: Zapdos|Hurricane|p2a: Blaziken|[miss]
|-miss|p1a: Zapdos|p2a: Blaziken
|move|p2a: Blaziken|Flare Blitz|p1a: Zapdos
|-damage|p1a: Zapdos|0 fnt
|faint|p1a: Zapdos
|-damage|p2a: Blaziken|75/100|[from] Recoil
|
|-ability|p2a: Blaziken|Speed Boost|boost
|-boost|p2a: Blaziken|spe|1
|upkeep
|
|t:|1668047232
|switch|p1a: Toxapex|Toxapex, M|100/100
|-damage|p1a: Toxapex|88/100|[from] Stealth Rock
|turn|5
|
|t:|1668047235
|switch|p2a: Swampert|Swampert, F|14/100
|move|p1a: Toxapex|Toxic Spikes|p2a: Swampert
|-sidestart|p2: TryHonesty|move: Toxic Spikes
|
|-heal|p2a: Swampert|20/100|[from] item: Leftovers
|-heal|p1a: Toxapex|94/100|[from] item: Black Sludge
|upkeep
|turn|6
|
|t:|1668047238
|move|p2a: Swampert|Rest|p2a: Swampert
|-status|p2a: Swampert|slp|[from] move: Rest
|-heal|p2a: Swampert|100/100 slp|[silent]
|move|p1a: Toxapex|Toxic Spikes|p2a: Swampert
|-sidestart|p2: TryHonesty|move: Toxic Spikes
|
|-heal|p1a: Toxapex|100/100|[from] item: Black Sludge
|upkeep
|turn|7
|
|t:|1668047242
|switch|p1a: Blissey|Blissey, F|100/100
|cant|p2a: Swampert|slp
|move|p2a: Swampert|Sleep Talk|p2a: Swampert
|move|p2a: Swampert|Rest||[from]move: Sleep Talk|[still]
|-fail|p2a: Swampert
|
|upkeep
|turn|8
|inactive|Battle timer is ON: inactive players will automatically lose when time's up. (requested by TryHonesty)
|
|t:|1668047249
|cant|p2a: Swampert|slp
|move|p2a: Swampert|Sleep Talk|p2a: Swampert
|move|p2a: Swampert|Flip Turn|p1a: Blissey|[from]move: Sleep Talk
|-damage|p1a: Blissey|75/100
|
|t:|1668047256
|switch|p2a: Kartana|Kartana|100/100|[from]move: Flip Turn
|move|p1a: Blissey|Stealth Rock|p2a: Kartana
|-sidestart|p2: TryHonesty|move: Stealth Rock
|
|upkeep
|turn|9
|
|t:|1668047260
|switch|p1a: Toxapex|Toxapex, M|100/100
|-damage|p1a: Toxapex|88/100|[from] Stealth Rock
|move|p2a: Kartana|Knock Off|p1a: Toxapex
|-damage|p1a: Toxapex|63/100
|-enditem|p1a: Toxapex|Black Sludge|[from] move: Knock Off|[of] p2a: Kartana
|
|upkeep
|turn|10
|
|t:|1668047266
|switch|p2a: Swampert|Swampert, F|100/100 slp
|-damage|p2a: Swampert|94/100 slp|[from] Stealth Rock
|move|p1a: Toxapex|Scald|p2a: Swampert
|-damage|p2a: Swampert|84/100 slp
|
|-heal|p2a: Swampert|90/100 slp|[from] item: Leftovers
|upkeep
|turn|11
|
|t:|1668047273
|-curestatus|p2a: Swampert|slp|[msg]
|move|p2a: Swampert|Flip Turn|p1a: Toxapex
|-resisted|p1a: Toxapex
|-damage|p1a: Toxapex|56/100
|
|t:|1668047280
|switch|p2a: Mandibuzz|Mandibuzz, F|100/100|[from]move: Flip Turn
|move|p1a: Toxapex|Scald|p2a: Mandibuzz
|-damage|p2a: Mandibuzz|88/100
|
|upkeep
|turn|12
|j| tns-udnes
|j| Matheus RW
|
|t:|1668047287
|switch|p1a: Blissey|Blissey, F|75/100
|move|p2a: Mandibuzz|U-turn|p1a: Blissey
|-damage|p1a: Blissey|64/100
|
|t:|1668047291
|switch|p2a: Kartana|Kartana|100/100|[from]move: U-turn
|-damage|p2a: Kartana|94/100|[from] Stealth Rock
|
|upkeep
|turn|13
|l| Matheus RW
|
|t:|1668047296
|switch|p1a: Toxapex|Toxapex, M|89/100
|-damage|p1a: Toxapex|77/100|[from] Stealth Rock
|move|p2a: Kartana|Leaf Blade|p1a: Toxapex
|-damage|p1a: Toxapex|42/100
|
|upkeep
|turn|14
|
|t:|1668047309
|switch|p2a: Mandibuzz|Mandibuzz, F|88/100
|move|p1a: Toxapex|Scald|p2a: Mandibuzz
|-damage|p2a: Mandibuzz|74/100
|
|upkeep
|turn|15
|
|t:|1668047316
|switch|p1a: Slowking|Slowking-Galar, M|100/100
|-damage|p1a: Slowking|88/100|[from] Stealth Rock
|move|p2a: Mandibuzz|Brave Bird|p1a: Slowking
|-damage|p1a: Slowking|59/100
|-damage|p2a: Mandibuzz|65/100|[from] Recoil
|
|upkeep
|turn|16
|
|t:|1668047327
|move|p2a: Mandibuzz|U-turn|p1a: Slowking
|-damage|p1a: Slowking|47/100
|
|t:|1668047330
|switch|p2a: Swampert|Swampert, F|90/100|[from]move: U-turn
|-status|p2a: Swampert|tox
|-damage|p2a: Swampert|84/100 tox|[from] Stealth Rock
|move|p1a: Slowking|Sludge Bomb|p2a: Swampert
|-resisted|p2a: Swampert
|-damage|p2a: Swampert|73/100 tox
|
|-heal|p2a: Swampert|79/100 tox|[from] item: Leftovers
|-damage|p2a: Swampert|73/100 tox|[from] psn
|upkeep
|turn|17
|
|t:|1668047334
|switch|p1a: Toxapex|Toxapex, M|75/100
|-damage|p1a: Toxapex|63/100|[from] Stealth Rock
|move|p2a: Swampert|Flip Turn|p1a: Toxapex
|-resisted|p1a: Toxapex
|-damage|p1a: Toxapex|56/100
|
|t:|1668047345
|switch|p2a: Blacephalon|Blacephalon|100/100|[from]move: Flip Turn
|-status|p2a: Blacephalon|tox
|-damage|p2a: Blacephalon|76/100 tox|[from] Stealth Rock
|
|-damage|p2a: Blacephalon|70/100 tox|[from] psn
|upkeep
|turn|18
|
|t:|1668047350
|move|p1a: Toxapex|Baneful Bunker|p1a: Toxapex
|-singleturn|p1a: Toxapex|move: Protect
|move|p2a: Blacephalon|Flamethrower|p1a: Toxapex
|-activate|p1a: Toxapex|move: Protect
|
|-damage|p2a: Blacephalon|58/100 tox|[from] psn
|upkeep
|turn|19
|
|t:|1668047356
|switch|p2a: Mandibuzz|Mandibuzz, F|65/100
|switch|p1a: Slowking|Slowking-Galar, M|80/100
|-damage|p1a: Slowking|68/100|[from] Stealth Rock
|
|upkeep
|turn|20
|
|t:|1668047359
|move|p2a: Mandibuzz|Foul Play|p1a: Slowking
|-supereffective|p1a: Slowking
|-damage|p1a: Slowking|31/100
|move|p1a: Slowking|Sludge Bomb|p2a: Mandibuzz
|-damage|p2a: Mandibuzz|36/100
|
|upkeep
|turn|21
|
|t:|1668047366
|switch|p1a: Quagsire|Quagsire, F|100/100
|-damage|p1a: Quagsire|94/100|[from] Stealth Rock
|move|p2a: Mandibuzz|Roost|p2a: Mandibuzz
|-heal|p2a: Mandibuzz|86/100
|-singleturn|p2a: Mandibuzz|move: Roost
|
|-heal|p1a: Quagsire|100/100|[from] item: Leftovers
|upkeep
|turn|22
|
|t:|1668047373
|move|p2a: Mandibuzz|U-turn|p1a: Quagsire
|-damage|p1a: Quagsire|92/100
|
|t:|1668047378
|switch|p2a: Swampert|Swampert, F|73/100 tox|[from]move: U-turn
|-damage|p2a: Swampert|67/100 tox|[from] Stealth Rock
|move|p1a: Quagsire|Toxic|p2a: Swampert
|-fail|p2a: Swampert|tox
|
|-heal|p2a: Swampert|73/100 tox|[from] item: Leftovers
|-heal|p1a: Quagsire|98/100|[from] item: Leftovers
|-damage|p2a: Swampert|67/100 tox|[from] psn
|upkeep
|turn|23
|
|t:|1668047382
|switch|p1a: Toxapex|Toxapex, M|89/100
|-damage|p1a: Toxapex|76/100|[from] Stealth Rock
|move|p2a: Swampert|Flip Turn|p1a: Toxapex
|-resisted|p1a: Toxapex
|-damage|p1a: Toxapex|70/100
|
|t:|1668047394
|switch|p2a: Kartana|Kartana|94/100|[from]move: Flip Turn
|-damage|p2a: Kartana|88/100|[from] Stealth Rock
|
|upkeep
|turn|24
|j| Cyberacc
|
|t:|1668047398
|move|p2a: Kartana|Leaf Blade|p1a: Toxapex
|-damage|p1a: Toxapex|32/100
|move|p1a: Toxapex|Scald|p2a: Kartana
|-resisted|p2a: Kartana
|-damage|p2a: Kartana|62/100
|
|upkeep
|turn|25
|
|t:|1668047411
|switch|p2a: Blaziken|Blaziken, F|75/100
|-status|p2a: Blaziken|tox
|-damage|p2a: Blaziken|63/100 tox|[from] Stealth Rock
|switch|p1a: Corviknight|Corviknight, F|100/100
|-damage|p1a: Corviknight|88/100|[from] Stealth Rock
|-ability|p1a: Corviknight|Pressure
|
|-heal|p1a: Corviknight|94/100|[from] item: Leftovers
|-damage|p2a: Blaziken|57/100 tox|[from] psn
|upkeep
|turn|26
|
|t:|1668047418
|switch|p1a: Quagsire|Quagsire, F|98/100
|-damage|p1a: Quagsire|92/100|[from] Stealth Rock
|move|p2a: Blaziken|Thunder Punch|p1a: Quagsire
|-immune|p1a: Quagsire
|
|-heal|p1a: Quagsire|98/100|[from] item: Leftovers
|-damage|p2a: Blaziken|45/100 tox|[from] psn
|-ability|p2a: Blaziken|Speed Boost|boost
|-boost|p2a: Blaziken|spe|1
|upkeep
|turn|27
|-message|TryHonesty forfeited.
|
|win|cute pink team
|raw|cute pink team's rating: 1794 &rarr; <strong>1813</strong><br />(+19 for winning)
|raw|TryHonesty's rating: 1775 &rarr; <strong>1756</strong><br />(-19 for losing)
|l|☆TryHonesty
|l|☆cute pink team
|l| tns-udnes
||Ladder isn't responding, score probably updated but might not have (Request timeout).
|j| R0ckEnjoyer
