|j|☆Fastpitchkiller
|j|☆yhvgc
|t:|1663222900
|gametype|singles
|player|p1|Fastpitchkiller|1|1525
|player|p2|yhvgc|dawn-gen4pt|1601
|teamsize|p1|6
|teamsize|p2|6
|gen|8
|tier|[Gen 8] OU
|rated|
|rule|Sleep Clause Mod: Limit one foe put to sleep
|rule|Species Clause: Limit one of each Pokémon
|rule|OHKO Clause: OHKO moves are banned
|rule|Evasion Items Clause: Evasion items are banned
|rule|Evasion Moves Clause: Evasion moves are banned
|rule|Endless Battle Clause: Forcing endless battles is banned
|rule|HP Percentage Mod: HP is shown in percentages
|rule|Dynamax Clause: You cannot dynamax
|clearpoke
|poke|p1|Porygon2|
|poke|p1|Dragapult, F|
|poke|p1|Garchomp, F|
|poke|p1|Zeraora|
|poke|p1|Corviknight, M|
|poke|p1|Melmetal|
|poke|p2|Zapdos|
|poke|p2|Clefable, F|
|poke|p2|Toxapex, M|
|poke|p2|Skarmory, M|
|poke|p2|Quagsire, F|
|poke|p2|Cresselia, F|
|teampreview
|inactive|Battle timer is ON: inactive players will automatically lose when time's up. (requested by yhvgc)
|
|t:|1663222912
|start
|switch|p1a: Pato|Porygon2|100/100
|switch|p2a: Toxapex|Toxapex, M|100/100
|-ability|p1a: Pato|Regenerator|[from] ability: Trace|[of] p2a: Toxapex
|turn|1
|
|t:|1663222920
|move|p1a: Pato|Thunder Wave|p2a: Toxapex
|-status|p2a: Toxapex|par
|cant|p2a: Toxapex|par
|
|upkeep
|turn|2
|
|t:|1663222927
|move|p2a: Toxapex|Toxic Spikes|p1a: Pato
|-sidestart|p1: Fastpitchkiller|move: Toxic Spikes
|move|p1a: Pato|Teleport|p1a: Pato
|
|t:|1663222932
|switch|p1a: Corvikstall|Corviknight, M|100/100|[from]move: Teleport
|-ability|p1a: Corvikstall|Pressure
|
|upkeep
|turn|3
|
|t:|1663222938
|move|p1a: Corvikstall|Defog|p2a: Toxapex
|-unboost|p2a: Toxapex|evasion|1
|-sideend|p1: Fastpitchkiller|Toxic Spikes|[from] move: Defog|[of] p1a: Corvikstall
|move|p2a: Toxapex|Knock Off|p1a: Corvikstall
|-damage|p1a: Corvikstall|91/100
|-damage|p2a: Toxapex|84/100 par|[from] item: Rocky Helmet|[of] p1a: Corvikstall
|-enditem|p1a: Corvikstall|Rocky Helmet|[from] move: Knock Off|[of] p2a: Toxapex
|
|upkeep
|turn|4
|
|t:|1663222947
|switch|p1a: Sharkchomp|Garchomp, F|100/100
|switch|p2a: Clefable|Clefable, F|100/100
|
|upkeep
|turn|5
|
|t:|1663222954
|move|p1a: Sharkchomp|Toxic|p2a: Clefable
|-status|p2a: Clefable|tox
|move|p2a: Clefable|Moonblast|p1a: Sharkchomp
|-supereffective|p1a: Sharkchomp
|-damage|p1a: Sharkchomp|47/100
|-unboost|p1a: Sharkchomp|spa|1
|
|-heal|p1a: Sharkchomp|53/100|[from] item: Leftovers
|upkeep
|turn|6
|
|t:|1663222964
|switch|p1a: Johnny Bravo|Melmetal|100/100
|move|p2a: Clefable|Stealth Rock|p1a: Johnny Bravo
|-sidestart|p1: Fastpitchkiller|move: Stealth Rock
|
|upkeep
|turn|7
|
|t:|1663222970
|switch|p2a: Skarmory|Skarmory, M|100/100
|move|p1a: Johnny Bravo|Thunder Wave|p2a: Skarmory
|-status|p2a: Skarmory|par
|
|upkeep
|turn|8
|
|t:|1663222977
|move|p1a: Johnny Bravo|Double Iron Bash|p2a: Skarmory
|-resisted|p2a: Skarmory
|-damage|p2a: Skarmory|88/100 par
|-resisted|p2a: Skarmory
|-damage|p2a: Skarmory|74/100 par
|-hitcount|p2a: Skarmory|2
|cant|p2a: Skarmory|flinch
|
|upkeep
|turn|9
|
|t:|1663222985
|move|p1a: Johnny Bravo|Thunder Punch|p2a: Skarmory
|-supereffective|p2a: Skarmory
|-damage|p2a: Skarmory|32/100 par
|move|p2a: Skarmory|Roost|p2a: Skarmory
|-heal|p2a: Skarmory|82/100 par
|-singleturn|p2a: Skarmory|move: Roost
|
|upkeep
|turn|10
|
|t:|1663222993
|switch|p2a: Quagsire|Quagsire, F|100/100
|move|p1a: Johnny Bravo|Thunder Punch|p2a: Quagsire
|-immune|p2a: Quagsire
|
|upkeep
|turn|11
|
|t:|1663222999
|switch|p1a: Pato|Porygon2|100/100
|-damage|p1a: Pato|88/100|[from] Stealth Rock
|-ability|p1a: Pato|Unaware|[from] ability: Trace|[of] p2a: Quagsire
|move|p2a: Quagsire|Scald|p1a: Pato
|-damage|p1a: Pato|79/100
|
|upkeep
|turn|12
|
|t:|1663223009
|switch|p2a: Toxapex|Toxapex, M|100/100 par
|move|p1a: Pato|Toxic||[still]
|-fail|p1a: Pato
|
|upkeep
|turn|13
|
|t:|1663223016
|move|p2a: Toxapex|Knock Off|p1a: Pato
|-damage|p1a: Pato|69/100
|-enditem|p1a: Pato|Eviolite|[from] move: Knock Off|[of] p2a: Toxapex
|move|p1a: Pato|Teleport|p1a: Pato
|
|t:|1663223021
|switch|p1a: Corvikstall|Corviknight, M|91/100|[from]move: Teleport
|-damage|p1a: Corvikstall|78/100|[from] Stealth Rock
|-ability|p1a: Corvikstall|Pressure
|
|upkeep
|turn|14
|
|t:|1663223028
|switch|p2a: Clefable|Clefable, F|100/100 tox
|move|p1a: Corvikstall|Defog|p2a: Clefable
|-unboost|p2a: Clefable|evasion|1
|-sideend|p1: Fastpitchkiller|Stealth Rock|[from] move: Defog|[of] p1a: Corvikstall
|
|upkeep
|turn|15
|
|t:|1663223034
|move|p2a: Clefable|Stealth Rock|p1a: Corvikstall
|-sidestart|p1: Fastpitchkiller|move: Stealth Rock
|move|p1a: Corvikstall|U-turn|p2a: Clefable
|-resisted|p2a: Clefable
|-damage|p2a: Clefable|93/100 tox
|
|t:|1663223039
|switch|p1a: Johnny Bravo|Melmetal|100/100|[from]move: U-turn
|-damage|p1a: Johnny Bravo|94/100|[from] Stealth Rock
|
|upkeep
|turn|16
|
|t:|1663223045
|switch|p2a: Quagsire|Quagsire, F|100/100
|move|p1a: Johnny Bravo|Double Iron Bash|p2a: Quagsire
|-resisted|p2a: Quagsire
|-damage|p2a: Quagsire|84/100
|-resisted|p2a: Quagsire
|-damage|p2a: Quagsire|68/100
|-hitcount|p2a: Quagsire|2
|
|-heal|p2a: Quagsire|75/100|[from] item: Leftovers
|upkeep
|turn|17
|
|t:|1663223055
|move|p1a: Johnny Bravo|Double Iron Bash|p2a: Quagsire
|-resisted|p2a: Quagsire
|-damage|p2a: Quagsire|59/100
|-resisted|p2a: Quagsire
|-damage|p2a: Quagsire|44/100
|-hitcount|p2a: Quagsire|2
|cant|p2a: Quagsire|flinch
|
|-heal|p2a: Quagsire|50/100|[from] item: Leftovers
|upkeep
|turn|18
|
|t:|1663223064
|move|p1a: Johnny Bravo|Double Iron Bash|p2a: Quagsire
|-resisted|p2a: Quagsire
|-damage|p2a: Quagsire|35/100
|-resisted|p2a: Quagsire
|-damage|p2a: Quagsire|19/100
|-hitcount|p2a: Quagsire|2
|move|p2a: Quagsire|Recover|p2a: Quagsire
|-heal|p2a: Quagsire|69/100
|
|-heal|p2a: Quagsire|75/100|[from] item: Leftovers
|upkeep
|turn|19
|
|t:|1663223073
|move|p1a: Johnny Bravo|Double Iron Bash|p2a: Quagsire
|-resisted|p2a: Quagsire
|-damage|p2a: Quagsire|61/100
|-resisted|p2a: Quagsire
|-damage|p2a: Quagsire|45/100
|-hitcount|p2a: Quagsire|2
|cant|p2a: Quagsire|flinch
|
|-heal|p2a: Quagsire|51/100|[from] item: Leftovers
|upkeep
|turn|20
|
|t:|1663223083
|move|p1a: Johnny Bravo|Double Iron Bash|p2a: Quagsire
|-resisted|p2a: Quagsire
|-damage|p2a: Quagsire|35/100
|-resisted|p2a: Quagsire
|-damage|p2a: Quagsire|20/100
|-hitcount|p2a: Quagsire|2
|cant|p2a: Quagsire|flinch
|
|-heal|p2a: Quagsire|26/100|[from] item: Leftovers
|upkeep
|turn|21
|
|t:|1663223092
|switch|p2a: Zapdos|Zapdos|100/100
|-ability|p2a: Zapdos|Pressure
|move|p1a: Johnny Bravo|Earthquake|p2a: Zapdos
|-immune|p2a: Zapdos
|
|upkeep
|turn|22
|
|t:|1663223101
|switch|p1a: Pato|Porygon2|69/100
|-damage|p1a: Pato|57/100|[from] Stealth Rock
|-ability|p1a: Pato|Pressure|[from] ability: Trace|[of] p2a: Zapdos
|-ability|p1a: Pato|Pressure
|move|p2a: Zapdos|Volt Switch|p1a: Pato
|-damage|p1a: Pato|37/100
|
|t:|1663223117
|switch|p2a: Skarmory|Skarmory, M|82/100 par|[from]move: Volt Switch
|
|upkeep
|turn|23
|
|t:|1663223122
|move|p1a: Pato|Recover|p1a: Pato
|-heal|p1a: Pato|87/100
|move|p2a: Skarmory|Spikes|p1a: Pato
|-sidestart|p1: Fastpitchkiller|Spikes
|
|upkeep
|turn|24
|
|t:|1663223130
|switch|p2a: Clefable|Clefable, F|93/100 tox
|move|p1a: Pato|Teleport|p1a: Pato
|
|t:|1663223134
|switch|p1a: Johnny Bravo|Melmetal|94/100|[from]move: Teleport
|-damage|p1a: Johnny Bravo|88/100|[from] Stealth Rock
|-damage|p1a: Johnny Bravo|76/100|[from] Spikes
|
|upkeep
|turn|25
|
|t:|1663223141
|switch|p2a: Toxapex|Toxapex, M|100/100 par
|move|p1a: Johnny Bravo|Thunder Punch|p2a: Toxapex
|-supereffective|p2a: Toxapex
|-damage|p2a: Toxapex|42/100 par
|
|upkeep
|turn|26
|
|t:|1663223149
|switch|p2a: Zapdos|Zapdos|100/100
|-ability|p2a: Zapdos|Pressure
|move|p1a: Johnny Bravo|Earthquake|p2a: Zapdos
|-immune|p2a: Zapdos
|
|upkeep
|turn|27
|
|t:|1663223157
|switch|p1a: Don gato|Zeraora|100/100
|move|p2a: Zapdos|Volt Switch|p1a: Don gato
|-immune|p1a: Don gato|[from] ability: Volt Absorb
|
|upkeep
|turn|28
|
|t:|1663223165
|switch|p2a: Clefable|Clefable, F|93/100 tox
|move|p1a: Don gato|Bulk Up|p1a: Don gato
|-boost|p1a: Don gato|atk|1
|-boost|p1a: Don gato|def|1
|
|upkeep
|turn|29
|
|t:|1663223173
|switch|p2a: Cresselia|Cresselia, F|100/100
|move|p1a: Don gato|Bulk Up|p1a: Don gato
|-boost|p1a: Don gato|atk|1
|-boost|p1a: Don gato|def|1
|
|upkeep
|turn|30
|
|t:|1663223180
|move|p1a: Don gato|Knock Off|p2a: Cresselia
|-supereffective|p2a: Cresselia
|-damage|p2a: Cresselia|22/100
|-enditem|p2a: Cresselia|Leftovers|[from] move: Knock Off|[of] p1a: Don gato
|move|p2a: Cresselia|Toxic|p1a: Don gato
|-status|p1a: Don gato|tox
|
|-damage|p1a: Don gato|95/100 tox|[from] psn
|upkeep
|turn|31
|
|t:|1663223189
|switch|p2a: Quagsire|Quagsire, F|26/100
|move|p1a: Don gato|Knock Off|p2a: Quagsire
|-damage|p2a: Quagsire|6/100
|-enditem|p2a: Quagsire|Leftovers|[from] move: Knock Off|[of] p1a: Don gato
|
|-damage|p1a: Don gato|83/100 tox|[from] psn
|upkeep
|turn|32
|
|t:|1663223202
|switch|p2a: Cresselia|Cresselia, F|22/100
|move|p1a: Don gato|Close Combat|p2a: Cresselia
|-resisted|p2a: Cresselia
|-damage|p2a: Cresselia|0 fnt
|-unboost|p1a: Don gato|def|1
|-unboost|p1a: Don gato|spd|1
|faint|p2a: Cresselia
|
|-damage|p1a: Don gato|65/100 tox|[from] psn
|upkeep
|
|t:|1663223207
|switch|p2a: Skarmory|Skarmory, M|82/100 par
|turn|33
|
|t:|1663223216
|switch|p2a: Quagsire|Quagsire, F|6/100
|move|p1a: Don gato|Knock Off|p2a: Quagsire
|-damage|p2a: Quagsire|0 fnt
|faint|p2a: Quagsire
|
|-damage|p1a: Don gato|41/100 tox|[from] psn
|upkeep
|
|t:|1663223220
|switch|p2a: Zapdos|Zapdos|100/100
|-ability|p2a: Zapdos|Pressure
|turn|34
|
|t:|1663223228
|switch|p2a: Skarmory|Skarmory, M|82/100 par
|move|p1a: Don gato|Plasma Fists|p2a: Skarmory
|-supereffective|p2a: Skarmory
|-crit|p2a: Skarmory
|-damage|p2a: Skarmory|0 fnt
|-fieldactivate|move: Ion Deluge
|-hint|Normal-type moves become Electric-type after using Plasma Fists.
|-damage|p1a: Don gato|24/100 tox|[from] item: Rocky Helmet|[of] p2a: Skarmory
|faint|p2a: Skarmory
|
|-damage|p1a: Don gato|0 fnt|[from] psn
|faint|p1a: Don gato
|upkeep
|
|t:|1663223245
|switch|p1a: Ryuk|Dragapult, F|100/100
|switch|p2a: Zapdos|Zapdos|100/100
|-damage|p1a: Ryuk|88/100|[from] Stealth Rock
|-damage|p1a: Ryuk|76/100|[from] Spikes
|-ability|p2a: Zapdos|Pressure
|turn|35
|
|t:|1663223254
|move|p1a: Ryuk|Will-O-Wisp|p2a: Zapdos
|-status|p2a: Zapdos|brn
|move|p2a: Zapdos|Roost||[still]
|-fail|p2a: Zapdos|heal
|
|-damage|p2a: Zapdos|94/100 brn|[from] brn
|upkeep
|turn|36
|
|t:|1663223262
|move|p1a: Ryuk|Hex|p2a: Zapdos
|-damage|p2a: Zapdos|43/100 brn
|move|p2a: Zapdos|Volt Switch|p1a: Ryuk
|-resisted|p1a: Ryuk
|-damage|p1a: Ryuk|55/100
|
|t:|1663223265
|switch|p2a: Clefable|Clefable, F|93/100 tox|[from]move: Volt Switch
|
|upkeep
|turn|37
|
|t:|1663223274
|switch|p1a: Pato|Porygon2|87/100
|-damage|p1a: Pato|75/100|[from] Stealth Rock
|-damage|p1a: Pato|63/100|[from] Spikes
|-ability|p1a: Pato|Magic Guard|[from] ability: Trace|[of] p2a: Clefable
|move|p2a: Clefable|Heal Bell|p2a: Clefable
|-activate|p2a: Clefable|move: Heal Bell
|-curestatus|p2a: Clefable|tox|[msg]
|-curestatus|p2: Toxapex|par|[msg]
|-curestatus|p2: Zapdos|brn|[msg]
|
|upkeep
|turn|38
|
|t:|1663223287
|move|p1a: Pato|Thunder Wave|p2a: Clefable
|-status|p2a: Clefable|par
|move|p2a: Clefable|Moonblast|p1a: Pato
|-damage|p1a: Pato|42/100
|-unboost|p1a: Pato|spa|1
|
|upkeep
|turn|39
|
|t:|1663223296
|switch|p2a: Toxapex|Toxapex, M|76/100
|move|p1a: Pato|Recover|p1a: Pato
|-heal|p1a: Pato|92/100
|
|upkeep
|turn|40
|
|t:|1663223304
|move|p1a: Pato|Thunder Wave|p2a: Toxapex|[miss]
|-miss|p1a: Pato|p2a: Toxapex
|move|p2a: Toxapex|Toxic Spikes|p1a: Pato
|-sidestart|p1: Fastpitchkiller|move: Toxic Spikes
|
|upkeep
|turn|41
|
|t:|1663223310
|switch|p2a: Zapdos|Zapdos|43/100
|-ability|p2a: Zapdos|Pressure
|move|p1a: Pato|Thunder Wave|p2a: Zapdos
|-immune|p2a: Zapdos
|
|upkeep
|turn|42
|
|t:|1663223318
|move|p2a: Zapdos|Volt Switch|p1a: Pato
|-damage|p1a: Pato|71/100
|
|t:|1663223320
|switch|p2a: Clefable|Clefable, F|93/100 par|[from]move: Volt Switch
|move|p1a: Pato|Toxic||[still]
|-fail|p1a: Pato
|
|upkeep
|turn|43
|
|t:|1663223329
|switch|p2a: Zapdos|Zapdos|43/100
|-ability|p2a: Zapdos|Pressure
|move|p1a: Pato|Recover|p1a: Pato
|-heal|p1a: Pato|100/100
|
|upkeep
|turn|44
|
|t:|1663223337
|move|p2a: Zapdos|Volt Switch|p1a: Pato
|-damage|p1a: Pato|80/100
|
|t:|1663223339
|switch|p2a: Clefable|Clefable, F|93/100 par|[from]move: Volt Switch
|move|p1a: Pato|Toxic||[still]
|-fail|p1a: Pato
|
|upkeep
|turn|45
|
|t:|1663223347
|move|p1a: Pato|Recover|p1a: Pato
|-heal|p1a: Pato|100/100
|move|p2a: Clefable|Heal Bell|p2a: Clefable
|-activate|p2a: Clefable|move: Heal Bell
|-curestatus|p2a: Clefable|par|[msg]
|
|upkeep
|turn|46
|
|t:|1663223354
|switch|p2a: Zapdos|Zapdos|43/100
|-ability|p2a: Zapdos|Pressure
|move|p1a: Pato|Thunder Wave|p2a: Zapdos
|-immune|p2a: Zapdos
|
|upkeep
|turn|47
|
|t:|1663223362
|move|p2a: Zapdos|Volt Switch|p1a: Pato
|-damage|p1a: Pato|82/100
|
|t:|1663223366
|switch|p2a: Toxapex|Toxapex, M|100/100|[from]move: Volt Switch
|move|p1a: Pato|Toxic|p2a: Toxapex
|-immune|p2a: Toxapex
|
|upkeep
|turn|48
|
|t:|1663223373
|move|p1a: Pato|Thunder Wave|p2a: Toxapex
|-status|p2a: Toxapex|par
|move|p2a: Toxapex|Toxic Spikes|p1a: Pato
|-sidestart|p1: Fastpitchkiller|move: Toxic Spikes
|
|upkeep
|turn|49
|
|t:|1663223379
|switch|p2a: Zapdos|Zapdos|43/100
|-ability|p2a: Zapdos|Pressure
|move|p1a: Pato|Teleport|p1a: Pato
|
|t:|1663223385
|switch|p1a: Corvikstall|Corviknight, M|78/100|[from]move: Teleport
|-damage|p1a: Corvikstall|66/100|[from] Stealth Rock
|-ability|p1a: Corvikstall|Pressure
|
|-damage|p1a: Corvikstall|53/100|[from] item: Sticky Barb
|upkeep
|turn|50
|
|t:|1663223394
|move|p2a: Zapdos|Volt Switch|p1a: Corvikstall
|-supereffective|p1a: Corvikstall
|-damage|p1a: Corvikstall|0 fnt
|faint|p1a: Corvikstall
|
|t:|1663223398
|switch|p2a: Clefable|Clefable, F|93/100|[from]move: Volt Switch
|
|upkeep
|
|t:|1663223402
|switch|p1a: Johnny Bravo|Melmetal|76/100
|-damage|p1a: Johnny Bravo|70/100|[from] Stealth Rock
|-damage|p1a: Johnny Bravo|57/100|[from] Spikes
|turn|51
|
|t:|1663223408
|switch|p2a: Toxapex|Toxapex, M|100/100 par
|move|p1a: Johnny Bravo|Double Iron Bash|p2a: Toxapex
|-resisted|p2a: Toxapex
|-crit|p2a: Toxapex
|-damage|p2a: Toxapex|76/100 par
|-resisted|p2a: Toxapex
|-crit|p2a: Toxapex
|-damage|p2a: Toxapex|48/100 par
|-hitcount|p2a: Toxapex|2
|
|upkeep
|turn|52
|
|t:|1663223418
|switch|p2a: Zapdos|Zapdos|43/100
|-ability|p2a: Zapdos|Pressure
|move|p1a: Johnny Bravo|Thunder Punch|p2a: Zapdos
|-damage|p2a: Zapdos|8/100
|
|upkeep
|turn|53
|
|t:|1663223427
|move|p2a: Zapdos|Hurricane|p1a: Johnny Bravo
|-resisted|p1a: Johnny Bravo
|-damage|p1a: Johnny Bravo|35/100
|move|p1a: Johnny Bravo|Earthquake|p2a: Zapdos
|-immune|p2a: Zapdos
|
|upkeep
|turn|54
|
|t:|1663223434
|move|p2a: Zapdos|Volt Switch|p1a: Johnny Bravo
|-damage|p1a: Johnny Bravo|6/100
|
|t:|1663223437
|switch|p2a: Toxapex|Toxapex, M|81/100 par|[from]move: Volt Switch
|move|p1a: Johnny Bravo|Earthquake|p2a: Toxapex
|-supereffective|p2a: Toxapex
|-damage|p2a: Toxapex|16/100 par
|
|upkeep
|turn|55
|
|t:|1663223448
|switch|p2a: Zapdos|Zapdos|8/100
|-ability|p2a: Zapdos|Pressure
|move|p1a: Johnny Bravo|Thunder Punch|p2a: Zapdos
|-damage|p2a: Zapdos|0 fnt
|faint|p2a: Zapdos
|
|upkeep
|
|t:|1663223450
|switch|p2a: Clefable|Clefable, F|93/100
|turn|56
|
|t:|1663223459
|move|p2a: Clefable|Moonblast|p1a: Johnny Bravo
|-resisted|p1a: Johnny Bravo
|-damage|p1a: Johnny Bravo|0 fnt
|faint|p1a: Johnny Bravo
|
|upkeep
|
|t:|1663223467
|switch|p1a: Sharkchomp|Garchomp, F|53/100
|-damage|p1a: Sharkchomp|47/100|[from] Stealth Rock
|-damage|p1a: Sharkchomp|35/100|[from] Spikes
|-status|p1a: Sharkchomp|tox
|turn|57
|
|t:|1663223475
|move|p1a: Sharkchomp|Toxic|p2a: Clefable
|-status|p2a: Clefable|tox
|move|p2a: Clefable|Soft-Boiled|p2a: Clefable
|-heal|p2a: Clefable|100/100 tox
|
|-heal|p1a: Sharkchomp|41/100 tox|[from] item: Leftovers
|-damage|p1a: Sharkchomp|35/100 tox|[from] psn
|upkeep
|turn|58
|
|t:|1663223484
|move|p1a: Sharkchomp|Earthquake|p2a: Clefable
|-damage|p2a: Clefable|55/100 tox
|move|p2a: Clefable|Heal Bell|p2a: Clefable
|-activate|p2a: Clefable|move: Heal Bell
|-curestatus|p2a: Clefable|tox|[msg]
|-curestatus|p2: Toxapex|par|[msg]
|
|-heal|p1a: Sharkchomp|41/100 tox|[from] item: Leftovers
|-damage|p1a: Sharkchomp|29/100 tox|[from] psn
|upkeep
|turn|59
|
|t:|1663223496
|move|p1a: Sharkchomp|Earthquake|p2a: Clefable
|-damage|p2a: Clefable|10/100
|move|p2a: Clefable|Soft-Boiled|p2a: Clefable
|-heal|p2a: Clefable|60/100
|
|-heal|p1a: Sharkchomp|35/100 tox|[from] item: Leftovers
|-damage|p1a: Sharkchomp|16/100 tox|[from] psn
|upkeep
|turn|60
|
|t:|1663223505
|move|p1a: Sharkchomp|Earthquake|p2a: Clefable
|-damage|p2a: Clefable|13/100
|move|p2a: Clefable|Soft-Boiled|p2a: Clefable
|-heal|p2a: Clefable|63/100
|
|-heal|p1a: Sharkchomp|22/100 tox|[from] item: Leftovers
|-damage|p1a: Sharkchomp|0 fnt|[from] psn
|faint|p1a: Sharkchomp
|upkeep
|
|t:|1663223514
|switch|p1a: Pato|Porygon2|82/100
|-damage|p1a: Pato|70/100|[from] Stealth Rock
|-damage|p1a: Pato|57/100|[from] Spikes
|-status|p1a: Pato|tox
|-ability|p1a: Pato|Magic Guard|[from] ability: Trace|[of] p2a: Clefable
|turn|61
|
|t:|1663223523
|move|p1a: Pato|Thunder Wave|p2a: Clefable
|-status|p2a: Clefable|par
|move|p2a: Clefable|Soft-Boiled|p2a: Clefable
|-heal|p2a: Clefable|100/100 par
|
|upkeep
|turn|62
|
|t:|1663223530
|move|p2a: Clefable|Heal Bell|p2a: Clefable
|-activate|p2a: Clefable|move: Heal Bell
|-curestatus|p2a: Clefable|par|[msg]
|move|p1a: Pato|Teleport|p1a: Pato
|-message|Fastpitchkiller forfeited.
|
|win|yhvgc
|raw|Fastpitchkiller's rating: 1525 &rarr; <strong>1509</strong><br />(-16 for losing)
|raw|yhvgc's rating: 1601 &rarr; <strong>1617</strong><br />(+16 for winning)
|l|☆Fastpitchkiller
