|j|☆Contorted Lies
|j|☆BurlyBear_poke
|t:|1614969528
|player|p1|Contorted Lies|102|1876
|player|p2|BurlyBear_poke|hiker-gen4|1829
|teamsize|p1|6
|teamsize|p2|6
|gametype|singles
|gen|8
|tier|[Gen 8] OU
|rated|
|clearpoke
|poke|p1|Nidoking, M|
|poke|p1|Kartana|
|poke|p1|Slowking-Galar, M|
|poke|p1|Landorus-Therian, M|
|poke|p1|Clefable, F|
|poke|p1|Hydreigon, F|
|poke|p2|Clefable, F|
|poke|p2|Corviknight, M|
|poke|p2|Ditto|
|poke|p2|Xatu, M|
|poke|p2|Quagsire, F|
|poke|p2|Blissey, F|
|rule|Sleep Clause Mod: Limit one foe put to sleep
|rule|Species Clause: Limit one of each Pokémon
|rule|OHKO Clause: OHKO moves are banned
|rule|Evasion Moves Clause: Evasion moves are banned
|rule|Endless Battle Clause: Forcing endless battles is banned
|rule|HP Percentage Mod: HP is shown in percentages
|rule|Dynamax Clause: You cannot dynamax
|teampreview
|j| trolllorddd
|inactive|Battle timer is ON: inactive players will automatically lose when time's up. (requested by BurlyBear_poke)
|
|t:|1614969548
|start
|switch|p1a: Hydreigon|Hydreigon, F|100/100
|switch|p2a: Ditto|Ditto|100/100
|-transform|p2a: Ditto|p1a: Hydreigon|[from] ability: Imposter
|turn|1
|j| Supershrimps2
|j| monkeman123
|inactive|BurlyBear_poke has 120 seconds left.
|
|t:|1614969579
|switch|p2a: Xatu|Xatu, M|100/100
|switch|p1a: Clefable|Clefable, F|100/100
|
|upkeep
|turn|2
|
|t:|1614969584
|move|p2a: Xatu|Future Sight|p1a: Clefable
|-start|p2a: Xatu|move: Future Sight
|move|p1a: Clefable|Moonblast|p2a: Xatu
|-damage|p2a: Xatu|71/100
|-unboost|p2a: Xatu|spa|1
|
|-heal|p2a: Xatu|77/100|[from] item: Leftovers
|upkeep
|turn|3
|
|t:|1614969590
|switch|p2a: Quagsire|Quagsire, F|100/100
|move|p1a: Clefable|Moonblast|p2a: Quagsire
|-damage|p2a: Quagsire|64/100
|
|-heal|p2a: Quagsire|70/100|[from] item: Leftovers
|upkeep
|turn|4
|
|t:|1614969598
|move|p1a: Clefable|Moonblast|p2a: Quagsire
|-damage|p2a: Quagsire|28/100
|-unboost|p2a: Quagsire|spa|1
|move|p2a: Quagsire|Infestation|p1a: Clefable
|-resisted|p1a: Clefable
|-damage|p1a: Clefable|99/100
|-activate|p1a: Clefable|move: Infestation|[of] p2a: Quagsire
|
|-end|p1a: Clefable|move: Future Sight
|-damage|p1a: Clefable|63/100
|-heal|p1a: Clefable|69/100|[from] item: Leftovers
|-heal|p2a: Quagsire|34/100|[from] item: Leftovers
|upkeep
|turn|5
|
|t:|1614969610
|switch|p2a: Corviknight|Corviknight, M|100/100
|-ability|p2a: Corviknight|Pressure
|move|p1a: Clefable|Moonblast|p2a: Corviknight
|-resisted|p2a: Corviknight
|-damage|p2a: Corviknight|90/100
|-unboost|p2a: Corviknight|spa|1
|
|-heal|p1a: Clefable|75/100|[from] item: Leftovers
|-end|p1a: Clefable|Infestation|[partiallytrapped]|[silent]
|upkeep
|turn|6
|
|t:|1614969614
|move|p2a: Corviknight|U-turn|p1a: Clefable
|-resisted|p1a: Clefable
|-damage|p1a: Clefable|70/100
|
|t:|1614969616
|switch|p2a: Blissey|Blissey, F|100/100|[from]move: U-turn
|move|p1a: Clefable|Soft-Boiled|p1a: Clefable
|-heal|p1a: Clefable|100/100
|
|upkeep
|turn|7
|
|t:|1614969620
|move|p1a: Clefable|Stealth Rock|p2a: Blissey
|-sidestart|p2: BurlyBear_poke|move: Stealth Rock
|move|p2a: Blissey|Stealth Rock|p1a: Clefable
|-sidestart|p1: Contorted Lies|move: Stealth Rock
|
|upkeep
|turn|8
|
|t:|1614969624
|switch|p1a: Slowking|Slowking-Galar, M|100/100
|-damage|p1a: Slowking|88/100|[from] Stealth Rock
|move|p2a: Blissey|Seismic Toss|p1a: Slowking
|-damage|p1a: Slowking|63/100
|
|upkeep
|turn|9
|
|t:|1614969628
|switch|p2a: Quagsire|Quagsire, F|34/100
|-damage|p2a: Quagsire|28/100|[from] Stealth Rock
|move|p1a: Slowking|Future Sight|p2a: Quagsire
|-start|p1a: Slowking|move: Future Sight
|
|-heal|p2a: Quagsire|34/100|[from] item: Leftovers
|upkeep
|turn|10
|
|t:|1614969642
|switch|p1a: Kartana|Kartana|100/100
|-damage|p1a: Kartana|94/100|[from] Stealth Rock
|move|p2a: Quagsire|Recover|p2a: Quagsire
|-heal|p2a: Quagsire|84/100
|
|-heal|p2a: Quagsire|90/100|[from] item: Leftovers
|upkeep
|turn|11
|
|t:|1614969653
|switch|p2a: Corviknight|Corviknight, M|90/100
|-damage|p2a: Corviknight|77/100|[from] Stealth Rock
|-ability|p2a: Corviknight|Pressure
|move|p1a: Kartana|Knock Off|p2a: Corviknight
|-damage|p2a: Corviknight|26/100
|-enditem|p2a: Corviknight|Shed Shell|[from] move: Knock Off|[of] p1a: Kartana
|
|-end|p2a: Corviknight|move: Future Sight
|-resisted|p2a: Corviknight
|-damage|p2a: Corviknight|4/100
|upkeep
|turn|12
|c| Supershrimps2|The hero has become the villain
|c| monkeman123|xatu trash
|
|t:|1614969668
|move|p1a: Kartana|Knock Off|p2a: Corviknight
|-damage|p2a: Corviknight|0 fnt
|faint|p2a: Corviknight
|-ability|p1a: Kartana|Beast Boost|boost
|-boost|p1a: Kartana|atk|1
|
|upkeep
|
|t:|1614969670
|switch|p2a: Ditto|Ditto|100/100
|-damage|p2a: Ditto|88/100|[from] Stealth Rock
|-transform|p2a: Ditto|p1a: Kartana|[from] ability: Imposter
|turn|13
|c| Supershrimps2|I remwber i was cheering for you bear when you were fighting stall
|j| c0smicskies
|
|t:|1614969685
|switch|p1a: Landorus|Landorus-Therian, M|100/100
|-damage|p1a: Landorus|88/100|[from] Stealth Rock
|-ability|p1a: Landorus|Intimidate|boost
|-unboost|p2a: Ditto|atk|1
|move|p2a: Ditto|Sacred Sword|p1a: Landorus
|-resisted|p1a: Landorus
|-damage|p1a: Landorus|66/100
|
|upkeep
|turn|14
|c| monkeman123|only virgins use ditto
|inactive|BurlyBear_poke has 120 seconds left.
|j| yuy
|c|☆BurlyBear_poke|i have literally
|c| c0smicskies|shut up
|c|☆BurlyBear_poke|been using stall
|c|☆BurlyBear_poke|this entire time
|c| trolllorddd|for his whole life
|c|☆BurlyBear_poke|on this account
|c| monkeman123|your mother
|inactive|BurlyBear_poke has 90 seconds left.
|
|t:|1614969749
|switch|p2a: Clefable|Clefable, F|100/100
|move|p1a: Landorus|U-turn|p2a: Clefable
|-resisted|p2a: Clefable
|-damage|p2a: Clefable|90/100
|
|t:|1614969755
|switch|p1a: Nidoking|Nidoking, M|100/100|[from]move: U-turn
|-damage|p1a: Nidoking|95/100|[from] Stealth Rock
|
|upkeep
|turn|15
|c| Supershrimps2|Huh
|n| c0smicskies|c0smicskies
|
|t:|1614969763
|switch|p1a: Kartana|Kartana|94/100
|-damage|p1a: Kartana|88/100|[from] Stealth Rock
|move|p2a: Clefable|Moonblast|p1a: Kartana
|-resisted|p1a: Kartana
|-damage|p1a: Kartana|40/100
|-unboost|p1a: Kartana|spa|1
|
|upkeep
|turn|16
|c| trolllorddd|only virgin say your mother
|c| Supershrimps2|Maybe it was another bear
|c| monkeman123|shut up troll
|
|t:|1614969777
|switch|p2a: Quagsire|Quagsire, F|90/100
|-damage|p2a: Quagsire|84/100|[from] Stealth Rock
|move|p1a: Kartana|Smart Strike|p2a: Quagsire
|-resisted|p2a: Quagsire
|-damage|p2a: Quagsire|59/100
|
|-heal|p2a: Quagsire|65/100|[from] item: Leftovers
|upkeep
|turn|17
|
|t:|1614969784
|switch|p1a: Hydreigon|Hydreigon, F|100/100
|-damage|p1a: Hydreigon|88/100|[from] Stealth Rock
|switch|p2a: Ditto|Ditto|88/100
|-damage|p2a: Ditto|76/100|[from] Stealth Rock
|-transform|p2a: Ditto|p1a: Hydreigon|[from] ability: Imposter
|
|upkeep
|turn|18
|c|☆BurlyBear_poke|wow
|c|☆BurlyBear_poke|that quag play
|c|☆BurlyBear_poke|was actually garbage
|c|☆BurlyBear_poke|lmao
|c|☆BurlyBear_poke|i lost a kill
|inactive|BurlyBear_poke has 90 seconds left.
|l| c0smicskies
|
|t:|1614969821
|switch|p2a: Blissey|Blissey, F|100/100
|switch|p1a: Clefable|Clefable, F|100/100
|
|upkeep
|turn|19
|j| AwesomeAdams
|
|t:|1614969829
|move|p1a: Clefable|Thunder Wave|p2a: Blissey
|-status|p2a: Blissey|par
|move|p2a: Blissey|Seismic Toss|p1a: Clefable
|-damage|p1a: Clefable|75/100
|
|-heal|p1a: Clefable|81/100|[from] item: Leftovers
|upkeep
|turn|20
|
|t:|1614969835
|move|p1a: Clefable|Soft-Boiled|p1a: Clefable
|-heal|p1a: Clefable|100/100
|cant|p2a: Blissey|par
|
|upkeep
|turn|21
|
|t:|1614969839
|switch|p1a: Slowking|Slowking-Galar, M|96/100
|-damage|p1a: Slowking|83/100|[from] Stealth Rock
|cant|p2a: Blissey|par
|
|upkeep
|turn|22
|
|t:|1614969842
|move|p1a: Slowking|Future Sight|p2a: Blissey
|-start|p1a: Slowking|move: Future Sight
|move|p2a: Blissey|Seismic Toss|p1a: Slowking
|-damage|p1a: Slowking|58/100
|
|upkeep
|turn|23
|
|t:|1614969851
|move|p1a: Slowking|Psychic|p2a: Blissey
|-damage|p2a: Blissey|84/100 par
|move|p2a: Blissey|Seismic Toss|p1a: Slowking
|-damage|p1a: Slowking|33/100
|
|upkeep
|turn|24
|
|t:|1614969854
|switch|p1a: Clefable|Clefable, F|100/100
|cant|p2a: Blissey|par
|
|-end|p2a: Blissey|move: Future Sight
|-damage|p2a: Blissey|60/100 par
|upkeep
|turn|25
|
|t:|1614969862
|switch|p1a: Slowking|Slowking-Galar, M|66/100
|-damage|p1a: Slowking|54/100|[from] Stealth Rock
|switch|p2a: Clefable|Clefable, F|90/100
|
|upkeep
|turn|26
|
|t:|1614969869
|switch|p2a: Quagsire|Quagsire, F|65/100
|-damage|p2a: Quagsire|59/100|[from] Stealth Rock
|move|p1a: Slowking|Future Sight|p2a: Quagsire
|-start|p1a: Slowking|move: Future Sight
|
|-heal|p2a: Quagsire|65/100|[from] item: Leftovers
|upkeep
|turn|27
|
|t:|1614969876
|switch|p1a: Hydreigon|Hydreigon, F|88/100
|-damage|p1a: Hydreigon|76/100|[from] Stealth Rock
|move|p2a: Quagsire|Seismic Toss|p1a: Hydreigon
|-damage|p1a: Hydreigon|45/100
|
|-heal|p2a: Quagsire|71/100|[from] item: Leftovers
|upkeep
|turn|28
|
|t:|1614969884
|switch|p2a: Blissey|Blissey, F|60/100
|move|p1a: Hydreigon|Dark Pulse|p2a: Blissey
|-damage|p2a: Blissey|41/100
|-damage|p1a: Hydreigon|35/100|[from] item: Life Orb
|
|-end|p2a: Blissey|move: Future Sight
|-damage|p2a: Blissey|19/100
|upkeep
|turn|29
|
|t:|1614969889
|switch|p2a: Clefable|Clefable, F|90/100
|move|p1a: Hydreigon|Draco Meteor|p2a: Clefable
|-immune|p2a: Clefable
|
|upkeep
|turn|30
|j| Paccianitesting
|
|t:|1614969901
|move|p1a: Hydreigon|Dark Pulse|p2a: Clefable
|-resisted|p2a: Clefable
|-damage|p2a: Clefable|65/100
|-damage|p1a: Hydreigon|25/100|[from] item: Life Orb
|move|p2a: Clefable|Moonblast|p1a: Hydreigon
|-supereffective|p1a: Hydreigon
|-damage|p1a: Hydreigon|0 fnt
|faint|p1a: Hydreigon
|
|upkeep
|
|t:|1614969905
|switch|p1a: Nidoking|Nidoking, M|95/100
|-damage|p1a: Nidoking|89/100|[from] Stealth Rock
|turn|31
|j| Rowlet 145
|
|t:|1614969929
|switch|p2a: Blissey|Blissey, F|19/100
|move|p1a: Nidoking|Sludge Wave|p2a: Blissey
|-damage|p2a: Blissey|0 fnt
|faint|p2a: Blissey
|
|upkeep
|
|t:|1614969930
|switch|p2a: Xatu|Xatu, M|77/100
|-damage|p2a: Xatu|52/100|[from] Stealth Rock
|turn|32
|
|t:|1614969934
|switch|p1a: Slowking|Slowking-Galar, M|87/100
|-damage|p1a: Slowking|74/100|[from] Stealth Rock
|move|p2a: Xatu|Roost|p2a: Xatu
|-heal|p2a: Xatu|100/100
|-singleturn|p2a: Xatu|move: Roost
|
|upkeep
|turn|33
|
|t:|1614969937
|move|p2a: Xatu|Future Sight|p1a: Slowking
|-start|p2a: Xatu|move: Future Sight
|move|p1a: Slowking|Future Sight|p2a: Xatu
|-start|p1a: Slowking|move: Future Sight
|
|upkeep
|turn|34
|
|t:|1614969942
|move|p2a: Xatu|Wish|p2a: Xatu
|move|p1a: Slowking|Sludge Bomb|p2a: Xatu
|-damage|p2a: Xatu|55/100
|
|-heal|p2a: Xatu|61/100|[from] item: Leftovers
|upkeep
|turn|35
|l| Supershrimps2
|j| robo603
|l| robo603
|
|t:|1614969959
|move|p2a: Xatu|Night Shade|p1a: Slowking
|-damage|p1a: Slowking|49/100
|move|p1a: Slowking|Sludge Bomb|p2a: Xatu
|-damage|p2a: Xatu|18/100
|
|-end|p2a: Xatu|move: Future Sight
|-resisted|p2a: Xatu
|-damage|p2a: Xatu|0 fnt
|-end|p1a: Slowking|move: Future Sight
|-damage|p1a: Slowking|27/100
|faint|p2a: Xatu
|upkeep
|
|t:|1614969967
|switch|p2a: Quagsire|Quagsire, F|71/100
|-damage|p2a: Quagsire|65/100|[from] Stealth Rock
|turn|36
|
|t:|1614969972
|switch|p1a: Clefable|Clefable, F|100/100
|move|p2a: Quagsire|Infestation|p1a: Clefable
|-resisted|p1a: Clefable
|-damage|p1a: Clefable|99/100
|-activate|p1a: Clefable|move: Infestation|[of] p2a: Quagsire
|
|-heal|p1a: Clefable|100/100|[from] item: Leftovers
|-heal|p2a: Quagsire|71/100|[from] item: Leftovers
|upkeep
|turn|37
|
|t:|1614969974
|move|p1a: Clefable|Moonblast|p2a: Quagsire
|-damage|p2a: Quagsire|32/100
|move|p2a: Quagsire|Yawn|p1a: Clefable
|-start|p1a: Clefable|move: Yawn|[of] p2a: Quagsire
|
|-heal|p2a: Quagsire|39/100|[from] item: Leftovers
|upkeep
|turn|38
|
|t:|1614969977
|move|p1a: Clefable|Moonblast|p2a: Quagsire
|-damage|p2a: Quagsire|2/100
|move|p2a: Quagsire|Recover|p2a: Quagsire
|-heal|p2a: Quagsire|52/100
|
|-heal|p2a: Quagsire|58/100|[from] item: Leftovers
|-end|p1a: Clefable|move: Yawn|[silent]
|-status|p1a: Clefable|slp
|upkeep
|turn|39
|
|t:|1614969981
|cant|p1a: Clefable|slp
|move|p2a: Quagsire|Seismic Toss|p1a: Clefable
|-damage|p1a: Clefable|75/100 slp
|
|-heal|p1a: Clefable|81/100 slp|[from] item: Leftovers
|-heal|p2a: Quagsire|64/100|[from] item: Leftovers
|upkeep
|turn|40
|
|t:|1614969982
|cant|p1a: Clefable|slp
|move|p2a: Quagsire|Seismic Toss|p1a: Clefable
|-damage|p1a: Clefable|56/100 slp
|
|-heal|p1a: Clefable|62/100 slp|[from] item: Leftovers
|-heal|p2a: Quagsire|70/100|[from] item: Leftovers
|-end|p1a: Clefable|Infestation|[partiallytrapped]
|upkeep
|turn|41
|
|t:|1614969988
|-curestatus|p1a: Clefable|slp|[msg]
|move|p1a: Clefable|Moonblast|p2a: Quagsire
|-damage|p2a: Quagsire|30/100
|move|p2a: Quagsire|Infestation|p1a: Clefable
|-resisted|p1a: Clefable
|-damage|p1a: Clefable|61/100
|-activate|p1a: Clefable|move: Infestation|[of] p2a: Quagsire
|
|-heal|p1a: Clefable|67/100|[from] item: Leftovers
|-heal|p2a: Quagsire|36/100|[from] item: Leftovers
|upkeep
|turn|42
|
|t:|1614969991
|move|p1a: Clefable|Moonblast|p2a: Quagsire
|-damage|p2a: Quagsire|0 fnt
|faint|p2a: Quagsire
|
|-heal|p1a: Clefable|73/100|[from] item: Leftovers
|-end|p1a: Clefable|Infestation|[partiallytrapped]|[silent]
|upkeep
|
|t:|1614969992
|switch|p2a: Clefable|Clefable, F|65/100
|turn|43
|
|t:|1614970006
|move|p1a: Clefable|Thunder Wave|p2a: Clefable
|-status|p2a: Clefable|par
|cant|p2a: Clefable|par
|
|-heal|p1a: Clefable|79/100|[from] item: Leftovers
|upkeep
|turn|44
|
|t:|1614970011
|move|p1a: Clefable|Moonblast|p2a: Clefable
|-damage|p2a: Clefable|33/100 par
|cant|p2a: Clefable|par
|
|-heal|p1a: Clefable|85/100|[from] item: Leftovers
|upkeep
|turn|45
|
|t:|1614970015
|move|p1a: Clefable|Moonblast|p2a: Clefable
|-damage|p2a: Clefable|3/100 par
|move|p2a: Clefable|Soft-Boiled|p2a: Clefable
|-heal|p2a: Clefable|53/100 par
|
|-heal|p1a: Clefable|91/100|[from] item: Leftovers
|upkeep
|turn|46
|j| Etika likes feet
|
|t:|1614970021
|switch|p1a: Nidoking|Nidoking, M|89/100
|-damage|p1a: Nidoking|83/100|[from] Stealth Rock
|move|p2a: Clefable|Moonblast|p1a: Nidoking
|-resisted|p1a: Nidoking
|-damage|p1a: Nidoking|62/100
|-unboost|p1a: Nidoking|spa|1
|
|upkeep
|turn|47
|
|t:|1614970023
|move|p1a: Nidoking|Sludge Wave|p2a: Clefable
|-supereffective|p2a: Clefable
|-damage|p2a: Clefable|0 fnt
|faint|p2a: Clefable
|
|upkeep
|c| Etika likes feet|yooooo
|
|t:|1614970025
|switch|p2a: Ditto|Ditto|76/100
|-damage|p2a: Ditto|63/100|[from] Stealth Rock
|-transform|p2a: Ditto|p1a: Nidoking|[from] ability: Imposter
|turn|48
|
|t:|1614970028
|move|p2a: Ditto|Ice Beam|p1a: Nidoking
|-supereffective|p1a: Nidoking
|-damage|p1a: Nidoking|0 fnt
|faint|p1a: Nidoking
|
|upkeep
|
|t:|1614970030
|switch|p1a: Landorus|Landorus-Therian, M|66/100
|-damage|p1a: Landorus|53/100|[from] Stealth Rock
|-ability|p1a: Landorus|Intimidate|boost
|-unboost|p2a: Ditto|atk|1
|turn|49
|
|t:|1614970032
|move|p1a: Landorus|Earthquake|p2a: Ditto
|-supereffective|p2a: Ditto
|-damage|p2a: Ditto|0 fnt
|faint|p2a: Ditto
|
|win|Contorted Lies
|c| Etika likes feet|agency
|l| Etika likes feet
|l|☆Contorted Lies
||Ladder (probably) updated, but score could not be retrieved (Request timeout).
|l| AwesomeAdams
|l| trolllorddd
