|j|☆Huskothy
|j|☆minimax_ai
|t:|1665167002
|gametype|singles
|player|p1|Huskothy|lucas|1634
|player|p2|minimax_ai|lusamine-nihilego|1713
|teamsize|p1|6
|teamsize|p2|6
|gen|8
|tier|[Gen 8] OU
|rated|
|rule|Sleep Clause Mod: Limit one foe put to sleep
|rule|Species Clause: Limit one of each Pokémon
|rule|OHKO Clause: OHKO moves are banned
|rule|Evasion Items Clause: Evasion items are banned
|rule|Evasion Moves Clause: Evasion moves are banned
|rule|Endless Battle Clause: Forcing endless battles is banned
|rule|HP Percentage Mod: HP is shown in percentages
|rule|Dynamax Clause: You cannot dynamax
|clearpoke
|poke|p1|Ninetales-Alola, F|
|poke|p1|Scrafty, F|
|poke|p1|Silvally-*|
|poke|p1|Toxtricity, F|
|poke|p1|Gyarados, F|
|poke|p1|Volcarona, F|
|poke|p2|Rotom-Wash|
|poke|p2|Weavile, M|
|poke|p2|Landorus-Therian, M|
|poke|p2|Heatran, M|
|poke|p2|Tangrowth, M|
|poke|p2|Melmetal|
|teampreview
|c|☆minimax_ai|hf
|inactive|Battle timer is ON: inactive players will automatically lose when time's up. (requested by minimax_ai)
|c|☆Huskothy|u2
|
|t:|1665167019
|start
|switch|p1a: Scrafty|Scrafty, F|100/100
|switch|p2a: landorustherian|Landorus-Therian, M|100/100
|-ability|p2a: landorustherian|Intimidate|boost
|-unboost|p1a: Scrafty|atk|1
|turn|1
|
|t:|1665167025
|switch|p1a: Ninetales|Ninetales-Alola, F|100/100
|-weather|Hail|[from] ability: Snow Warning|[of] p1a: Ninetales
|move|p2a: landorustherian|Toxic|p1a: Ninetales
|-status|p1a: Ninetales|tox
|
|-weather|Hail|[upkeep]
|-damage|p2a: landorustherian|94/100|[from] Hail
|-heal|p2a: landorustherian|100/100|[from] item: Leftovers
|-damage|p1a: Ninetales|94/100 tox|[from] psn
|upkeep
|turn|2
|
|t:|1665167031
|switch|p2a: Melmetal|Melmetal|100/100
|move|p1a: Ninetales|Aurora Veil|p1a: Ninetales
|-sidestart|p1: Huskothy|move: Aurora Veil
|
|-weather|Hail|[upkeep]
|-damage|p2a: Melmetal|94/100|[from] Hail
|-damage|p1a: Ninetales|82/100 tox|[from] psn
|upkeep
|turn|3
|
|t:|1665167033
|move|p1a: Ninetales|Safeguard|p1a: Ninetales
|-sidestart|p1: Huskothy|Safeguard
|move|p2a: Melmetal|Earthquake|p1a: Ninetales
|-damage|p1a: Ninetales|58/100 tox
|
|-weather|Hail|[upkeep]
|-damage|p2a: Melmetal|88/100|[from] Hail
|-damage|p1a: Ninetales|40/100 tox|[from] psn
|upkeep
|turn|4
|
|t:|1665167036
|move|p1a: Ninetales|Encore|p2a: Melmetal
|-start|p2a: Melmetal|Encore
|move|p2a: Melmetal|Earthquake|p1a: Ninetales
|-damage|p1a: Ninetales|17/100 tox
|
|-weather|Hail|[upkeep]
|-damage|p2a: Melmetal|82/100|[from] Hail
|-damage|p1a: Ninetales|0 fnt|[from] psn
|faint|p1a: Ninetales
|upkeep
|
|t:|1665167043
|switch|p1a: Silvally|Silvally-Ground|100/100
|turn|5
|
|t:|1665167048
|switch|p2a: Heatran|Heatran, M|100/100
|-item|p2a: Heatran|Air Balloon
|move|p1a: Silvally|Swords Dance|p1a: Silvally
|-boost|p1a: Silvally|atk|2
|
|-weather|none
|upkeep
|turn|6
|
|t:|1665167050
|move|p1a: Silvally|Ice Fang|p2a: Heatran
|-resisted|p2a: Heatran
|-damage|p2a: Heatran|91/100
|-enditem|p2a: Heatran|Air Balloon
|move|p2a: Heatran|Magma Storm|p1a: Silvally|[miss]
|-miss|p2a: Heatran|p1a: Silvally
|
|upkeep
|turn|7
|j| Ran Kob
|
|t:|1665167063
|switch|p1a: Toxtricity|Toxtricity, F|100/100
|switch|p2a: rotomwash|Rotom-Wash|100/100
|
|-sideend|p1: Huskothy|Safeguard
|upkeep
|turn|8
|
|t:|1665167070
|switch|p2a: Melmetal|Melmetal|82/100
|move|p1a: Toxtricity|Shift Gear|p1a: Toxtricity
|-boost|p1a: Toxtricity|spe|2
|-boost|p1a: Toxtricity|atk|1
|
|upkeep
|turn|9
|
|t:|1665167072
|move|p1a: Toxtricity|Overdrive|p2a: Melmetal
|-damage|p2a: Melmetal|44/100
|-damage|p1a: Toxtricity|91/100|[from] item: Life Orb
|move|p2a: Melmetal|Earthquake|p1a: Toxtricity
|-supereffective|p1a: Toxtricity
|-damage|p1a: Toxtricity|0 fnt
|faint|p1a: Toxtricity
|
|-sideend|p1: Huskothy|move: Aurora Veil
|upkeep
|
|t:|1665167085
|switch|p1a: Scrafty|Scrafty, F|100/100
|turn|10
|
|t:|1665167091
|switch|p2a: landorustherian|Landorus-Therian, M|100/100
|-ability|p2a: landorustherian|Intimidate|boost
|-unboost|p1a: Scrafty|atk|1
|move|p1a: Scrafty|High Jump Kick|p2a: landorustherian
|-resisted|p2a: landorustherian
|-damage|p2a: landorustherian|82/100
|
|-heal|p2a: landorustherian|88/100|[from] item: Leftovers
|upkeep
|turn|11
|c|☆Huskothy|gg
|-message|Huskothy forfeited.
|
|win|minimax_ai
|raw|Huskothy's rating: 1634 &rarr; <strong>1618</strong><br />(-16 for losing)
|raw|minimax_ai's rating: 1713 &rarr; <strong>1729</strong><br />(+16 for winning)
|c|☆minimax_ai|gg
|l|☆Huskothy
