|j|☆Trogba Trogba
|j|☆TinaKitten
|inactive|Battle timer is ON: inactive players will automatically lose when time's up.
|t:|1652826822
|gametype|singles
|player|p1|Trogba Trogba|lance|
|player|p2|TinaKitten|lisia|
|teamsize|p1|6
|teamsize|p2|6
|gen|8
|tier|[Gen 8] OU
|rated|Tournament battle
|rule|Sleep Clause Mod: Limit one foe put to sleep
|rule|Species Clause: Limit one of each Pokémon
|rule|OHKO Clause: OHKO moves are banned
|rule|Evasion Moves Clause: Evasion moves are banned
|rule|Endless Battle Clause: Forcing endless battles is banned
|rule|HP Percentage Mod: HP is shown in percentages
|rule|Dynamax Clause: You cannot dynamax
|clearpoke
|poke|p1|Weavile, F|
|poke|p1|Magnezone|
|poke|p1|Tornadus-Therian, M|
|poke|p1|Clefable, F|
|poke|p1|Melmetal|
|poke|p1|Gastrodon, F|
|poke|p2|Garchomp, F|
|poke|p2|Melmetal|
|poke|p2|Tornadus-Therian, M|
|poke|p2|Slowking-Galar, F|
|poke|p2|Tapu Lele|
|poke|p2|Zarude|
|teampreview
|inactive|TinaKitten also wants the timer to be on.
|inactive|Trogba Trogba has 120 seconds left.
|inactive|TinaKitten has 120 seconds left.
|j| Ladder for Christ
|
|t:|1652826862
|start
|switch|p1a: Melmetal|Melmetal|100/100
|switch|p2a: Shanks|Garchomp, F|100/100
|turn|1
|l| Ladder for Christ
|
|t:|1652826874
|switch|p2a: nuts n bolts|Melmetal|100/100
|move|p1a: Melmetal|Toxic|p2a: nuts n bolts
|-immune|p2a: nuts n bolts
|
|upkeep
|turn|2
|
|t:|1652826899
|move|p2a: nuts n bolts|Superpower|p1a: Melmetal
|-supereffective|p1a: Melmetal
|-damage|p1a: Melmetal|5/100
|-unboost|p2a: nuts n bolts|atk|1
|-unboost|p2a: nuts n bolts|def|1
|move|p1a: Melmetal|Earthquake|p2a: nuts n bolts
|-supereffective|p2a: nuts n bolts
|-damage|p2a: nuts n bolts|29/100
|
|-heal|p1a: Melmetal|11/100|[from] item: Leftovers
|upkeep
|turn|3
|
|t:|1652826908
|move|p1a: Melmetal|Protect|p1a: Melmetal
|-singleturn|p1a: Melmetal|Protect
|move|p2a: nuts n bolts|Superpower|p1a: Melmetal
|-activate|p1a: Melmetal|move: Protect
|
|-heal|p1a: Melmetal|17/100|[from] item: Leftovers
|upkeep
|turn|4
|
|t:|1652826910
|switch|p1a: Clefable|Clefable, F|100/100
|move|p2a: nuts n bolts|Superpower|p1a: Clefable
|-resisted|p1a: Clefable
|-damage|p1a: Clefable|81/100
|-unboost|p2a: nuts n bolts|atk|1
|-unboost|p2a: nuts n bolts|def|1
|-damage|p2a: nuts n bolts|12/100|[from] item: Rocky Helmet|[of] p1a: Clefable
|
|upkeep
|turn|5
|
|t:|1652826915
|switch|p2a: Dom.|Slowking-Galar, F|100/100
|move|p1a: Clefable|Stealth Rock|p2a: Dom.
|-sidestart|p2: TinaKitten|move: Stealth Rock
|
|upkeep
|turn|6
|
|t:|1652826923
|switch|p1a: Melmetal|Melmetal|17/100
|switch|p2a: Torn hub|Tornadus-Therian, M|100/100
|
|-heal|p1a: Melmetal|23/100|[from] item: Leftovers
|upkeep
|turn|7
|
|t:|1652826927
|move|p2a: Torn hub|Heat Wave|p1a: Melmetal
|-supereffective|p1a: Melmetal
|-damage|p1a: Melmetal|0 fnt
|faint|p1a: Melmetal
|
|upkeep
|
|t:|1652826938
|switch|p1a: Weavile|Weavile, F|100/100
|-ability|p1a: Weavile|Pressure
|turn|8
|
|t:|1652826942
|switch|p2a: nuts n bolts|Melmetal|12/100
|-damage|p2a: nuts n bolts|6/100|[from] Stealth Rock
|move|p1a: Weavile|Triple Axel|p2a: nuts n bolts
|-resisted|p2a: nuts n bolts
|-damage|p2a: nuts n bolts|3/100
|-resisted|p2a: nuts n bolts
|-damage|p2a: nuts n bolts|0 fnt
|faint|p2a: nuts n bolts
|-hitcount|p2: nuts n bolts|2
|
|upkeep
|
|t:|1652826947
|switch|p2a: Meredy|Tapu Lele|100/100
|-damage|p2a: Meredy|88/100|[from] Stealth Rock
|-fieldstart|move: Psychic Terrain|[from] ability: Psychic Surge|[of] p2a: Meredy
|turn|9
|
|t:|1652826962
|switch|p1a: Gastrodon|Gastrodon, F|100/100
|move|p2a: Meredy|Moonblast|p1a: Gastrodon
|-damage|p1a: Gastrodon|70/100
|
|upkeep
|turn|10
|
|t:|1652826969
|switch|p2a: Shuaib|Zarude|100/100
|-damage|p2a: Shuaib|88/100|[from] Stealth Rock
|move|p1a: Gastrodon|Ice Beam|p2a: Shuaib
|-supereffective|p2a: Shuaib
|-damage|p2a: Shuaib|46/100
|
|-heal|p2a: Shuaib|51/100|[from] item: Leftovers
|upkeep
|turn|11
|
|t:|1652826977
|switch|p1a: Clefable|Clefable, F|81/100
|move|p2a: Shuaib|Jungle Healing|p2a: Shuaib
|-heal|p2a: Shuaib|77/100
|
|-heal|p2a: Shuaib|83/100|[from] item: Leftovers
|upkeep
|turn|12
|
|t:|1652826989
|switch|p2a: Torn hub|Tornadus-Therian, M|100/100
|move|p1a: Clefable|Knock Off|p2a: Torn hub
|-damage|p2a: Torn hub|86/100
|-enditem|p2a: Torn hub|Heavy-Duty Boots|[from] move: Knock Off|[of] p1a: Clefable
|
|upkeep
|turn|13
|
|t:|1652827009
|move|p2a: Torn hub|Defog|p1a: Clefable
|-unboost|p1a: Clefable|evasion|1
|-sideend|p2: TinaKitten|Stealth Rock|[from] move: Defog|[of] p2a: Torn hub
|-fieldend|move: Psychic Terrain
|move|p1a: Clefable|Moonblast|p2a: Torn hub
|-damage|p2a: Torn hub|56/100
|-unboost|p2a: Torn hub|spa|1
|
|upkeep
|turn|14
|
|t:|1652827014
|switch|p2a: Dom.|Slowking-Galar, F|100/100
|move|p1a: Clefable|Stealth Rock|p2a: Dom.
|-sidestart|p2: TinaKitten|move: Stealth Rock
|
|upkeep
|turn|15
|
|t:|1652827020
|switch|p1a: Gastrodon|Gastrodon, F|70/100
|move|p2a: Dom.|Flamethrower|p1a: Gastrodon
|-resisted|p1a: Gastrodon
|-damage|p1a: Gastrodon|62/100
|
|upkeep
|turn|16
|
|t:|1652827026
|move|p1a: Gastrodon|Recover|p1a: Gastrodon
|-heal|p1a: Gastrodon|100/100
|move|p2a: Dom.|Future Sight|p1a: Gastrodon
|-start|p2a: Dom.|move: Future Sight
|
|upkeep
|turn|17
|
|t:|1652827033
|move|p1a: Gastrodon|Ice Beam|p2a: Dom.
|-damage|p2a: Dom.|92/100
|move|p2a: Dom.|Scald|p1a: Gastrodon
|-ability|p1a: Gastrodon|Storm Drain|boost
|-boost|p1a: Gastrodon|spa|1
|
|upkeep
|turn|18
|
|t:|1652827040
|move|p1a: Gastrodon|Ice Beam|p2a: Dom.
|-damage|p2a: Dom.|79/100
|move|p2a: Dom.|Sludge Bomb|p1a: Gastrodon
|-resisted|p1a: Gastrodon
|-damage|p1a: Gastrodon|89/100
|-status|p1a: Gastrodon|psn
|
|-end|p1a: Gastrodon|move: Future Sight
|-damage|p1a: Gastrodon|56/100 psn
|-damage|p1a: Gastrodon|43/100 psn|[from] psn
|upkeep
|turn|19
|c|☆Trogba Trogba|ruh roh
|
|t:|1652827049
|move|p1a: Gastrodon|Earthquake|p2a: Dom.
|-supereffective|p2a: Dom.
|-crit|p2a: Dom.
|-damage|p2a: Dom.|0 fnt
|faint|p2a: Dom.
|
|-damage|p1a: Gastrodon|31/100 psn|[from] psn
|upkeep
|c|☆TinaKitten|like zoinks
|
|t:|1652827068
|switch|p2a: Shuaib|Zarude|83/100
|-damage|p2a: Shuaib|70/100|[from] Stealth Rock
|turn|20
|
|t:|1652827079
|switch|p1a: Tornadus|Tornadus-Therian, M|100/100
|move|p2a: Shuaib|Bulk Up|p2a: Shuaib
|-boost|p2a: Shuaib|atk|1
|-boost|p2a: Shuaib|def|1
|
|-heal|p2a: Shuaib|76/100|[from] item: Leftovers
|upkeep
|turn|21
|
|t:|1652827090
|move|p1a: Tornadus|Heat Wave|p2a: Shuaib
|-supereffective|p2a: Shuaib
|-damage|p2a: Shuaib|32/100
|move|p2a: Shuaib|Darkest Lariat|p1a: Tornadus
|-damage|p1a: Tornadus|27/100
|
|-heal|p2a: Shuaib|38/100|[from] item: Leftovers
|upkeep
|turn|22
|
|t:|1652827096
|switch|p2a: Torn hub|Tornadus-Therian, M|89/100
|-damage|p2a: Torn hub|64/100|[from] Stealth Rock
|move|p1a: Tornadus|U-turn|p2a: Torn hub
|-resisted|p2a: Torn hub
|-damage|p2a: Torn hub|58/100
|
|t:|1652827099
|switch|p1a: Weavile|Weavile, F|100/100|[from]move: U-turn
|-ability|p1a: Weavile|Pressure
|
|upkeep
|turn|23
|
|t:|1652827106
|switch|p2a: Shanks|Garchomp, F|100/100
|-damage|p2a: Shanks|94/100|[from] Stealth Rock
|move|p1a: Weavile|Triple Axel|p2a: Shanks
|-supereffective|p2a: Shanks
|-damage|p2a: Shanks|46/100
|-damage|p1a: Weavile|88/100|[from] ability: Rough Skin|[of] p2a: Shanks
|-hitcount|p2a: Shanks|1
|
|upkeep
|turn|24
|
|t:|1652827121
|move|p1a: Weavile|Triple Axel|p2a: Shanks
|-supereffective|p2a: Shanks
|-damage|p2a: Shanks|2/100
|-damage|p1a: Weavile|76/100|[from] ability: Rough Skin|[of] p2a: Shanks
|-supereffective|p2a: Shanks
|-damage|p2a: Shanks|0 fnt
|-damage|p1a: Weavile|63/100|[from] ability: Rough Skin|[of] p2a: Shanks
|faint|p2a: Shanks
|-hitcount|p2: Shanks|2
|
|upkeep
|
|t:|1652827128
|switch|p2a: Meredy|Tapu Lele|88/100
|-damage|p2a: Meredy|76/100|[from] Stealth Rock
|-fieldstart|move: Psychic Terrain|[from] ability: Psychic Surge|[of] p2a: Meredy
|turn|25
|
|t:|1652827143
|switch|p1a: Tornadus|Tornadus-Therian, M|60/100
|move|p2a: Meredy|Psychic|p1a: Tornadus
|-damage|p1a: Tornadus|3/100
|-unboost|p1a: Tornadus|spd|1
|
|upkeep
|turn|26
|
|t:|1652827146
|switch|p1a: Weavile|Weavile, F|63/100
|-ability|p1a: Weavile|Pressure
|move|p2a: Meredy|Psychic|p1a: Weavile
|-immune|p1a: Weavile
|
|upkeep
|turn|27
|
|t:|1652827154
|switch|p2a: Shuaib|Zarude|38/100
|-damage|p2a: Shuaib|26/100|[from] Stealth Rock
|move|p1a: Weavile|Triple Axel|p2a: Shuaib
|-supereffective|p2a: Shuaib
|-damage|p2a: Shuaib|6/100
|-hitcount|p2a: Shuaib|1
|
|-heal|p2a: Shuaib|12/100|[from] item: Leftovers
|upkeep
|turn|28
|
|t:|1652827159
|move|p1a: Weavile|Triple Axel|p2a: Shuaib
|-supereffective|p2a: Shuaib
|-damage|p2a: Shuaib|0 fnt
|faint|p2a: Shuaib
|-hitcount|p2: Shuaib|1
|
|upkeep
|
|t:|1652827162
|switch|p2a: Meredy|Tapu Lele|76/100
|-damage|p2a: Meredy|63/100|[from] Stealth Rock
|turn|29
|inactive|Trogba Trogba has 120 seconds left.
|
|t:|1652827197
|switch|p1a: Tornadus|Tornadus-Therian, M|36/100
|move|p2a: Meredy|Focus Blast|p1a: Tornadus|[miss]
|-miss|p2a: Meredy|p1a: Tornadus
|
|-fieldend|move: Psychic Terrain
|upkeep
|turn|30
|c|☆TinaKitten|jinkies!
|
|t:|1652827209
|move|p2a: Meredy|Focus Blast|p1a: Tornadus
|-resisted|p1a: Tornadus
|-damage|p1a: Tornadus|16/100
|move|p1a: Tornadus|U-turn|p2a: Meredy
|-damage|p2a: Meredy|40/100
|c|☆Trogba Trogba|didn't make a difference
|c|☆TinaKitten|ikik
|
|t:|1652827217
|switch|p1a: Clefable|Clefable, F|81/100|[from]move: U-turn
|
|upkeep
|turn|31
|
|t:|1652827220
|switch|p2a: Torn hub|Tornadus-Therian, M|91/100
|-damage|p2a: Torn hub|66/100|[from] Stealth Rock
|move|p1a: Clefable|Moonblast|p2a: Torn hub
|-damage|p2a: Torn hub|33/100
|
|upkeep
|turn|32
|
|t:|1652827223
|move|p2a: Torn hub|Defog|p1a: Clefable
|-unboost|p1a: Clefable|evasion|1
|-sideend|p2: TinaKitten|Stealth Rock|[from] move: Defog|[of] p2a: Torn hub
|move|p1a: Clefable|Moonblast|p2a: Torn hub
|-damage|p2a: Torn hub|0 fnt
|faint|p2a: Torn hub
|
|upkeep
|
|t:|1652827226
|switch|p2a: Meredy|Tapu Lele|40/100
|-fieldstart|move: Psychic Terrain|[from] ability: Psychic Surge|[of] p2a: Meredy
|turn|33
|c|☆Trogba Trogba|gg
|c|☆TinaKitten|no
|c|☆TinaKitten|ready for the hidden tech??
|c|☆Trogba Trogba|go on
|c|☆Trogba Trogba|surprise me
|c|☆TinaKitten|ok so
|c|☆TinaKitten|its called
|n|!TinaKitten|tinakitten
|inactive|TinaKitten has 120 seconds left.
|-message|TinaKitten forfeited.
|
|win|Trogba Trogba
