|j|☆Timbuktu
|j|☆PQPP214
|t:|1645605551
|gametype|singles
|player|p1|Timbuktu|ninjaboy|1364
|player|p2|PQPP214|170|1441
|teamsize|p1|6
|teamsize|p2|6
|gen|8
|tier|[Gen 8] OU
|rated|
|rule|Sleep Clause Mod: Limit one foe put to sleep
|rule|Species Clause: Limit one of each Pokémon
|rule|OHKO Clause: OHKO moves are banned
|rule|Evasion Moves Clause: Evasion moves are banned
|rule|Endless Battle Clause: Forcing endless battles is banned
|rule|HP Percentage Mod: HP is shown in percentages
|rule|Dynamax Clause: You cannot dynamax
|clearpoke
|poke|p1|Pelipper, M|
|poke|p1|Weavile, F|
|poke|p1|Barraskewda, M|
|poke|p1|Tapu Fini|
|poke|p1|Ferrothorn, F|
|poke|p1|Seismitoad, F|
|poke|p2|Landorus-Therian, M|
|poke|p2|Tornadus-Therian, M|
|poke|p2|Zeraora|
|poke|p2|Zapdos-Galar|
|poke|p2|Jirachi|
|poke|p2|Toxapex, F|
|teampreview
|
|t:|1645605586
|start
|switch|p1a: Weavile|Weavile, F|100/100
|switch|p2a: Zeraora|Zeraora, shiny|100/100
|-ability|p1a: Weavile|Pressure
|turn|1
|inactive|Battle timer is ON: inactive players will automatically lose when time's up. (requested by PQPP214)
|
|t:|1645605602
|switch|p1a: Pelipper|Pelipper, M|100/100
|-weather|RainDance|[from] ability: Drizzle|[of] p1a: Pelipper
|move|p2a: Zeraora|Close Combat|p1a: Pelipper
|-resisted|p1a: Pelipper
|-damage|p1a: Pelipper|81/100
|-unboost|p2a: Zeraora|def|1
|-unboost|p2a: Zeraora|spd|1
|
|-weather|RainDance|[upkeep]
|upkeep
|turn|2
|
|t:|1645605608
|move|p2a: Zeraora|Knock Off|p1a: Pelipper
|-damage|p1a: Pelipper|47/100
|-enditem|p1a: Pelipper|Damp Rock|[from] move: Knock Off|[of] p2a: Zeraora
|move|p1a: Pelipper|U-turn|p2a: Zeraora
|-damage|p2a: Zeraora|81/100
|
|t:|1645605620
|switch|p1a: Seismitoad|Seismitoad, F|100/100|[from]move: U-turn
|
|-weather|RainDance|[upkeep]
|upkeep
|turn|3
|
|t:|1645605639
|switch|p2a: Jirachi|Jirachi, shiny|100/100
|move|p1a: Seismitoad|Weather Ball|p2a: Jirachi
|-damage|p2a: Jirachi|41/100
|
|-weather|RainDance|[upkeep]
|-heal|p2a: Jirachi|48/100|[from] item: Leftovers
|upkeep
|turn|4
|
|t:|1645605647
|switch|p2a: Toxapex|Toxapex, F, shiny|100/100
|move|p1a: Seismitoad|Weather Ball|p2a: Toxapex
|-resisted|p2a: Toxapex
|-damage|p2a: Toxapex|60/100
|
|-weather|RainDance|[upkeep]
|upkeep
|turn|5
|
|t:|1645605658
|switch|p1a: Tapu Fini|Tapu Fini|100/100
|-fieldstart|move: Misty Terrain|[from] ability: Misty Surge|[of] p1a: Tapu Fini
|move|p2a: Toxapex|Knock Off|p1a: Tapu Fini
|-resisted|p1a: Tapu Fini
|-damage|p1a: Tapu Fini|95/100
|-enditem|p1a: Tapu Fini|Leftovers|[from] move: Knock Off|[of] p2a: Toxapex
|
|-weather|RainDance|[upkeep]
|upkeep
|turn|6
|
|t:|1645605673
|switch|p2a: Zeraora|Zeraora, shiny|81/100
|move|p1a: Tapu Fini|Calm Mind|p1a: Tapu Fini
|-boost|p1a: Tapu Fini|spa|1
|-boost|p1a: Tapu Fini|spd|1
|
|-weather|RainDance|[upkeep]
|upkeep
|turn|7
|
|t:|1645605681
|move|p2a: Zeraora|Knock Off|p1a: Tapu Fini
|-resisted|p1a: Tapu Fini
|-crit|p1a: Tapu Fini
|-damage|p1a: Tapu Fini|82/100
|move|p1a: Tapu Fini|Draining Kiss|p2a: Zeraora
|-damage|p2a: Zeraora|40/100
|-heal|p1a: Tapu Fini|100/100|[from] drain|[of] p2a: Zeraora
|
|-weather|RainDance|[upkeep]
|upkeep
|turn|8
|
|t:|1645605686
|move|p2a: Zeraora|Plasma Fists|p1a: Tapu Fini
|-supereffective|p1a: Tapu Fini
|-damage|p1a: Tapu Fini|24/100
|-fieldactivate|move: Ion Deluge
|-hint|Normal-type moves become Electric-type after using Plasma Fists.
|move|p1a: Tapu Fini|Draining Kiss|p2a: Zeraora
|-damage|p2a: Zeraora|2/100
|-heal|p1a: Tapu Fini|55/100|[from] drain|[of] p2a: Zeraora
|
|-weather|none
|upkeep
|turn|9
|
|t:|1645605698
|switch|p1a: Ferrothorn|Ferrothorn, F|100/100
|move|p2a: Zeraora|Plasma Fists|p1a: Ferrothorn
|-resisted|p1a: Ferrothorn
|-damage|p1a: Ferrothorn|87/100
|-fieldactivate|move: Ion Deluge
|-hint|Normal-type moves become Electric-type after using Plasma Fists.
|-damage|p2a: Zeraora|0 fnt|[from] ability: Iron Barbs|[of] p1a: Ferrothorn
|faint|p2a: Zeraora
|
|-fieldend|Misty Terrain
|upkeep
|
|t:|1645605701
|switch|p2a: Zapdos|Zapdos-Galar|100/100
|turn|10
|
|t:|1645605706
|move|p2a: Zapdos|Close Combat|p1a: Ferrothorn
|-supereffective|p1a: Ferrothorn
|-damage|p1a: Ferrothorn|0 fnt
|-unboost|p2a: Zapdos|def|1
|-unboost|p2a: Zapdos|spd|1
|-damage|p2a: Zapdos|88/100|[from] ability: Iron Barbs|[of] p1a: Ferrothorn
|faint|p1a: Ferrothorn
|
|upkeep
|
|t:|1645605710
|switch|p1a: Pelipper|Pelipper, M|47/100
|-weather|RainDance|[from] ability: Drizzle|[of] p1a: Pelipper
|turn|11
|
|t:|1645605717
|move|p2a: Zapdos|Close Combat|p1a: Pelipper
|-resisted|p1a: Pelipper
|-damage|p1a: Pelipper|0 fnt
|-unboost|p2a: Zapdos|def|1
|-unboost|p2a: Zapdos|spd|1
|faint|p1a: Pelipper
|
|-weather|RainDance|[upkeep]
|upkeep
|
|t:|1645605730
|switch|p1a: Barraskewda|Barraskewda, M|100/100
|turn|12
|
|t:|1645605733
|switch|p2a: Toxapex|Toxapex, F, shiny|93/100
|move|p1a: Barraskewda|Liquidation|p2a: Toxapex
|-resisted|p2a: Toxapex
|-damage|p2a: Toxapex|64/100
|-unboost|p2a: Toxapex|def|1
|-damage|p1a: Barraskewda|84/100|[from] item: Rocky Helmet|[of] p2a: Toxapex
|
|-weather|RainDance|[upkeep]
|upkeep
|turn|13
|
|t:|1645605739
|move|p1a: Barraskewda|Liquidation|p2a: Toxapex
|-resisted|p2a: Toxapex
|-damage|p2a: Toxapex|15/100
|-damage|p1a: Barraskewda|68/100|[from] item: Rocky Helmet|[of] p2a: Toxapex
|move|p2a: Toxapex|Recover|p2a: Toxapex
|-heal|p2a: Toxapex|66/100
|
|-weather|RainDance|[upkeep]
|upkeep
|turn|14
|
|t:|1645605752
|move|p1a: Barraskewda|Liquidation|p2a: Toxapex
|-resisted|p2a: Toxapex
|-damage|p2a: Toxapex|17/100
|-unboost|p2a: Toxapex|def|1
|-damage|p1a: Barraskewda|51/100|[from] item: Rocky Helmet|[of] p2a: Toxapex
|move|p2a: Toxapex|Knock Off|p1a: Barraskewda
|-damage|p1a: Barraskewda|22/100
|-enditem|p1a: Barraskewda|Choice Band|[from] move: Knock Off|[of] p2a: Toxapex
|
|-weather|RainDance|[upkeep]
|upkeep
|turn|15
|
|t:|1645605764
|switch|p2a: Tornadus|Tornadus-Therian, M, shiny|100/100
|move|p1a: Barraskewda|Liquidation|p2a: Tornadus
|-damage|p2a: Tornadus|23/100
|
|-weather|none
|upkeep
|turn|16
|
|t:|1645605774
|switch|p1a: Seismitoad|Seismitoad, F|100/100
|switch|p2a: Toxapex|Toxapex, F, shiny|50/100
|
|upkeep
|turn|17
|
|t:|1645605779
|switch|p2a: Tornadus|Tornadus-Therian, M, shiny|56/100
|move|p1a: Seismitoad|Earth Power|p2a: Tornadus
|-immune|p2a: Tornadus
|
|upkeep
|turn|18
|
|t:|1645605794
|move|p2a: Tornadus|U-turn|p1a: Seismitoad
|-damage|p1a: Seismitoad|84/100
|
|t:|1645605800
|switch|p2a: Zapdos|Zapdos-Galar|88/100|[from]move: U-turn
|move|p1a: Seismitoad|Earth Power|p2a: Zapdos
|-immune|p2a: Zapdos
|
|upkeep
|turn|19
|
|t:|1645605808
|move|p2a: Zapdos|Brave Bird|p1a: Seismitoad
|-damage|p1a: Seismitoad|0 fnt
|faint|p1a: Seismitoad
|-damage|p2a: Zapdos|55/100|[from] Recoil
|
|upkeep
|
|t:|1645605812
|switch|p1a: Tapu Fini|Tapu Fini|55/100
|-fieldstart|move: Misty Terrain|[from] ability: Misty Surge|[of] p1a: Tapu Fini
|turn|20
|
|t:|1645605819
|move|p2a: Zapdos|Brave Bird|p1a: Tapu Fini
|-damage|p1a: Tapu Fini|0 fnt
|faint|p1a: Tapu Fini
|-damage|p2a: Zapdos|39/100|[from] Recoil
|
|upkeep
|
|t:|1645605823
|switch|p1a: Weavile|Weavile, F|100/100
|-ability|p1a: Weavile|Pressure
|turn|21
|
|t:|1645605831
|switch|p2a: Toxapex|Toxapex, F, shiny|84/100
|move|p1a: Weavile|Triple Axel|p2a: Toxapex
|-resisted|p2a: Toxapex
|-damage|p2a: Toxapex|79/100
|-damage|p1a: Weavile|84/100|[from] item: Rocky Helmet|[of] p2a: Toxapex
|-resisted|p2a: Toxapex
|-damage|p2a: Toxapex|70/100
|-damage|p1a: Weavile|68/100|[from] item: Rocky Helmet|[of] p2a: Toxapex
|-resisted|p2a: Toxapex
|-damage|p2a: Toxapex|57/100
|-damage|p1a: Weavile|51/100|[from] item: Rocky Helmet|[of] p2a: Toxapex
|-hitcount|p2a: Toxapex|3
|
|upkeep
|turn|22
|inactive|Timbuktu has 120 seconds left.
|-message|Timbuktu forfeited.
|
|win|PQPP214
|raw|Timbuktu's rating: 1364 &rarr; <strong>1348</strong><br />(-16 for losing)
|raw|PQPP214's rating: 1441 &rarr; <strong>1457</strong><br />(+16 for winning)
|l|☆Timbuktu
