|j|☆Kevinskie
|j|☆ty-tyui↻
|t:|1666962910
|gametype|singles
|player|p1|Kevinskie|101|1683
|player|p2|ty-tyui↻|surfer|1642
|teamsize|p1|6
|teamsize|p2|6
|gen|8
|tier|[Gen 8] OU
|rated|
|rule|Sleep Clause Mod: Limit one foe put to sleep
|rule|Species Clause: Limit one of each Pokémon
|rule|OHKO Clause: OHKO moves are banned
|rule|Evasion Items Clause: Evasion items are banned
|rule|Evasion Moves Clause: Evasion moves are banned
|rule|Endless Battle Clause: Forcing endless battles is banned
|rule|HP Percentage Mod: HP is shown in percentages
|rule|Dynamax Clause: You cannot dynamax
|clearpoke
|poke|p1|Slowbro, M|
|poke|p1|Weavile, F|
|poke|p1|Melmetal|
|poke|p1|Kartana|
|poke|p1|Blacephalon|
|poke|p1|Landorus-Therian, M|
|poke|p2|Heatran, F|
|poke|p2|Tyranitar, M|
|poke|p2|Tornadus-Therian, M|
|poke|p2|Tapu Bulu|
|poke|p2|Excadrill, F|
|poke|p2|Rotom-Wash|
|teampreview
|
|t:|1666962916
|start
|switch|p1a: Weavile|Weavile, F|100/100
|switch|p2a: Rotom|Rotom-Wash|100/100
|-ability|p1a: Weavile|Pressure
|turn|1
|
|t:|1666962924
|switch|p2a: Tapu Bulu|Tapu Bulu|100/100
|-fieldstart|move: Grassy Terrain|[from] ability: Grassy Surge|[of] p2a: Tapu Bulu
|move|p1a: Weavile|Beat Up|p2a: Tapu Bulu
|-resisted|p2a: Tapu Bulu
|-damage|p2a: Tapu Bulu|95/100
|-resisted|p2a: Tapu Bulu
|-damage|p2a: Tapu Bulu|91/100
|-resisted|p2a: Tapu Bulu
|-damage|p2a: Tapu Bulu|86/100
|-resisted|p2a: Tapu Bulu
|-damage|p2a: Tapu Bulu|80/100
|-resisted|p2a: Tapu Bulu
|-damage|p2a: Tapu Bulu|75/100
|-resisted|p2a: Tapu Bulu
|-damage|p2a: Tapu Bulu|69/100
|-hitcount|p2a: Tapu Bulu|6
|
|-heal|p2a: Tapu Bulu|75/100|[from] Grassy Terrain
|upkeep
|turn|2
|
|t:|1666962942
|switch|p1a: Landorus|Landorus-Therian, M|100/100
|-ability|p1a: Landorus|Intimidate|boost
|-unboost|p2a: Tapu Bulu|atk|1
|switch|p2a: Heatran|Heatran, F|100/100
|
|upkeep
|turn|3
|
|t:|1666962948
|move|p1a: Landorus|Earthquake|p2a: Heatran
|-supereffective|p2a: Heatran
|-damage|p2a: Heatran|40/100
|move|p2a: Heatran|Magma Storm|p1a: Landorus|[miss]
|-miss|p2a: Heatran|p1a: Landorus
|
|-heal|p2a: Heatran|47/100|[from] Grassy Terrain
|-heal|p2a: Heatran|53/100|[from] item: Leftovers
|upkeep
|turn|4
|
|t:|1666962954
|move|p1a: Landorus|Stealth Rock|p2a: Heatran
|-sidestart|p2: ty-tyui↻|move: Stealth Rock
|move|p2a: Heatran|Stealth Rock|p1a: Landorus
|-sidestart|p1: Kevinskie|move: Stealth Rock
|
|-heal|p2a: Heatran|59/100|[from] Grassy Terrain
|-heal|p2a: Heatran|65/100|[from] item: Leftovers
|upkeep
|turn|5
|
|t:|1666962960
|switch|p2a: Rotom|Rotom-Wash|100/100
|-damage|p2a: Rotom|88/100|[from] Stealth Rock
|move|p1a: Landorus|U-turn|p2a: Rotom
|-damage|p2a: Rotom|64/100
|
|t:|1666962965
|switch|p1a: Kartana|Kartana|100/100|[from]move: U-turn
|-damage|p1a: Kartana|94/100|[from] Stealth Rock
|
|-heal|p1a: Kartana|100/100|[from] Grassy Terrain
|-heal|p2a: Rotom|71/100|[from] item: Leftovers
|-fieldend|move: Grassy Terrain
|upkeep
|turn|6
|
|t:|1666962968
|move|p1a: Kartana|Leaf Blade|p2a: Rotom
|-supereffective|p2a: Rotom
|-damage|p2a: Rotom|0 fnt
|faint|p2a: Rotom
|-ability|p1a: Kartana|Beast Boost|boost
|-boost|p1a: Kartana|atk|1
|
|upkeep
|
|t:|1666962973
|switch|p2a: Heatran|Heatran, F|65/100
|-damage|p2a: Heatran|53/100|[from] Stealth Rock
|turn|7
|
|t:|1666962979
|switch|p1a: Slowbro|Slowbro, M|100/100
|move|p2a: Heatran|Magma Storm|p1a: Slowbro
|-resisted|p1a: Slowbro
|-damage|p1a: Slowbro|79/100
|-activate|p1a: Slowbro|move: Magma Storm|[of] p2a: Heatran
|
|-heal|p2a: Heatran|59/100|[from] item: Leftovers
|-damage|p1a: Slowbro|66/100|[from] move: Magma Storm|[partiallytrapped]
|upkeep
|turn|8
|
|t:|1666962983
|move|p2a: Heatran|Earth Power|p1a: Slowbro
|-crit|p1a: Slowbro
|-damage|p1a: Slowbro|23/100
|move|p1a: Slowbro|Scald|p2a: Heatran
|-supereffective|p2a: Heatran
|-crit|p2a: Heatran
|-damage|p2a: Heatran|0 fnt
|faint|p2a: Heatran
|
|-end|p1a: Slowbro|Magma Storm|[partiallytrapped]|[silent]
|upkeep
|
|t:|1666962987
|switch|p2a: Tyranitar|Tyranitar, M|100/100
|-damage|p2a: Tyranitar|88/100|[from] Stealth Rock
|-weather|Sandstorm|[from] ability: Sand Stream|[of] p2a: Tyranitar
|turn|9
|
|t:|1666962994
|switch|p1a: Landorus|Landorus-Therian, M|100/100
|-damage|p1a: Landorus|88/100|[from] Stealth Rock
|-ability|p1a: Landorus|Intimidate|boost
|-unboost|p2a: Tyranitar|atk|1
|move|p2a: Tyranitar|Crunch|p1a: Landorus
|-damage|p1a: Landorus|52/100
|
|-weather|Sandstorm|[upkeep]
|-heal|p1a: Landorus|58/100|[from] item: Leftovers
|upkeep
|turn|10
|
|t:|1666963004
|switch|p2a: Tornadus|Tornadus-Therian, M|100/100
|move|p1a: Landorus|U-turn|p2a: Tornadus
|-resisted|p2a: Tornadus
|-damage|p2a: Tornadus|90/100
|
|t:|1666963009
|switch|p1a: Melmetal|Melmetal|100/100|[from]move: U-turn
|-damage|p1a: Melmetal|94/100|[from] Stealth Rock
|
|-weather|Sandstorm|[upkeep]
|-damage|p2a: Tornadus|84/100|[from] Sandstorm
|upkeep
|turn|11
|
|t:|1666963014
|move|p2a: Tornadus|U-turn|p1a: Melmetal
|-resisted|p1a: Melmetal
|-damage|p1a: Melmetal|90/100
|
|t:|1666963016
|switch|p2a: Tapu Bulu|Tapu Bulu|75/100|[from]move: U-turn
|-damage|p2a: Tapu Bulu|62/100|[from] Stealth Rock
|-fieldstart|move: Grassy Terrain|[from] ability: Grassy Surge|[of] p2a: Tapu Bulu
|move|p1a: Melmetal|Double Iron Bash|p2a: Tapu Bulu
|-supereffective|p2a: Tapu Bulu
|-damage|p2a: Tapu Bulu|6/100
|-damage|p1a: Melmetal|74/100|[from] item: Rocky Helmet|[of] p2a: Tapu Bulu
|-supereffective|p2a: Tapu Bulu
|-damage|p2a: Tapu Bulu|0 fnt
|-damage|p1a: Melmetal|57/100|[from] item: Rocky Helmet|[of] p2a: Tapu Bulu
|faint|p2a: Tapu Bulu
|-hitcount|p2: Tapu Bulu|2
|
|-weather|Sandstorm|[upkeep]
|-heal|p1a: Melmetal|63/100|[from] Grassy Terrain
|upkeep
|
|t:|1666963018
|switch|p2a: Excadrill|Excadrill, F|100/100
|-damage|p2a: Excadrill|97/100|[from] Stealth Rock
|turn|12
|
|t:|1666963026
|switch|p1a: Landorus|Landorus-Therian, M|58/100
|-damage|p1a: Landorus|46/100|[from] Stealth Rock
|-ability|p1a: Landorus|Intimidate|boost
|-unboost|p2a: Excadrill|atk|1
|move|p2a: Excadrill|High Horsepower|p1a: Landorus
|-immune|p1a: Landorus
|
|-weather|Sandstorm|[upkeep]
|-heal|p2a: Excadrill|100/100|[from] Grassy Terrain
|-heal|p1a: Landorus|52/100|[from] item: Leftovers
|upkeep
|turn|13
|
|t:|1666963031
|switch|p2a: Tornadus|Tornadus-Therian, M|100/100
|move|p1a: Landorus|U-turn|p2a: Tornadus
|-resisted|p2a: Tornadus
|-damage|p2a: Tornadus|90/100
|
|t:|1666963034
|switch|p1a: Melmetal|Melmetal|63/100|[from]move: U-turn
|-damage|p1a: Melmetal|57/100|[from] Stealth Rock
|
|-weather|none
|-heal|p1a: Melmetal|63/100|[from] Grassy Terrain
|upkeep
|turn|14
|
|t:|1666963039
|move|p2a: Tornadus|Hurricane|p1a: Melmetal
|-resisted|p1a: Melmetal
|-damage|p1a: Melmetal|53/100
|move|p1a: Melmetal|Double Iron Bash|p2a: Tornadus
|-damage|p2a: Tornadus|52/100
|-damage|p2a: Tornadus|13/100
|-hitcount|p2a: Tornadus|2
|
|-heal|p1a: Melmetal|59/100|[from] Grassy Terrain
|upkeep
|turn|15
|
|t:|1666963045
|move|p2a: Tornadus|Knock Off|p1a: Melmetal
|-damage|p1a: Melmetal|47/100
|-enditem|p1a: Melmetal|Assault Vest|[from] move: Knock Off|[of] p2a: Tornadus
|move|p1a: Melmetal|Double Iron Bash|p2a: Tornadus
|-damage|p2a: Tornadus|0 fnt
|faint|p2a: Tornadus
|-hitcount|p2: Tornadus|1
|
|-heal|p1a: Melmetal|53/100|[from] Grassy Terrain
|-fieldend|move: Grassy Terrain
|upkeep
|
|t:|1666963047
|switch|p2a: Tyranitar|Tyranitar, M|88/100
|-damage|p2a: Tyranitar|76/100|[from] Stealth Rock
|-weather|Sandstorm|[from] ability: Sand Stream|[of] p2a: Tyranitar
|turn|16
|
|t:|1666963049
|move|p2a: Tyranitar|Superpower|p1a: Melmetal
|-supereffective|p1a: Melmetal
|-damage|p1a: Melmetal|0 fnt
|-unboost|p2a: Tyranitar|atk|1
|-unboost|p2a: Tyranitar|def|1
|faint|p1a: Melmetal
|
|-weather|Sandstorm|[upkeep]
|upkeep
|
|t:|1666963053
|switch|p1a: Kartana|Kartana|100/100
|-damage|p1a: Kartana|94/100|[from] Stealth Rock
|turn|17
|
|t:|1666963056
|move|p1a: Kartana|Leaf Blade|p2a: Tyranitar
|-supereffective|p2a: Tyranitar
|-damage|p2a: Tyranitar|0 fnt
|faint|p2a: Tyranitar
|-ability|p1a: Kartana|Beast Boost|boost
|-boost|p1a: Kartana|atk|1
|
|-weather|Sandstorm|[upkeep]
|upkeep
|
|t:|1666963058
|switch|p2a: Excadrill|Excadrill, F|100/100
|-damage|p2a: Excadrill|97/100|[from] Stealth Rock
|turn|18
|
|t:|1666963063
|move|p2a: Excadrill|Iron Head|p1a: Kartana
|-resisted|p1a: Kartana
|-damage|p1a: Kartana|63/100
|-damage|p2a: Excadrill|87/100|[from] item: Life Orb
|move|p1a: Kartana|Leaf Blade|p2a: Excadrill
|-crit|p2a: Excadrill
|-damage|p2a: Excadrill|0 fnt
|faint|p2a: Excadrill
|
|win|Kevinskie
|raw|Kevinskie's rating: 1683 &rarr; <strong>1701</strong><br />(+18 for winning)
|raw|ty-tyui↻'s rating: 1642 &rarr; <strong>1624</strong><br />(-18 for losing)
|l|☆ty-tyui↻
||Ladder isn't responding, score probably updated but might not have (Request timeout).
