|j|☆Rorschach I
|j|☆hgfjhds
|player|p1|Rorschach I|cynthia|1830
|player|p2|hgfjhds|bruno-gen3|1731
|teamsize|p1|6
|teamsize|p2|6
|gametype|singles
|gen|8
|tier|[Gen 8] OU
|rated|
|clearpoke
|poke|p1|Terrakion|
|poke|p1|Aegislash, M|
|poke|p1|Crawdaunt, M|
|poke|p1|Zeraora|
|poke|p1|Kyurem|
|poke|p1|Togekiss, F|
|poke|p2|Torkoal, M|
|poke|p2|Charizard, M|
|poke|p2|Venusaur, M|
|poke|p2|Cinderace, F|
|poke|p2|Ferrothorn, F|
|poke|p2|Hawlucha, M|
|rule|Sleep Clause Mod: Limit one foe put to sleep
|rule|Species Clause: Limit one of each Pokémon
|rule|OHKO Clause: OHKO moves are banned
|rule|Evasion Moves Clause: Evasion moves are banned
|rule|Endless Battle Clause: Forcing endless battles is banned
|rule|HP Percentage Mod: HP is shown in percentages
|rule|Dynamax Clause: You cannot dynamax
|teampreview
|inactive|Battle timer is ON: inactive players will automatically lose when time's up. (requested by hgfjhds)
|j| VvvV1250
|
|start
|switch|p1a: Kyurem|Kyurem|100/100
|switch|p2a: Ferrothorn|Ferrothorn, F|100/100
|-ability|p1a: Kyurem|Pressure
|turn|1
|
|move|p1a: Kyurem|Ice Beam|p2a: Ferrothorn
|-damage|p2a: Ferrothorn|41/100
|move|p2a: Ferrothorn|Spikes|p1a: Kyurem
|-sidestart|p1: Rorschach I|Spikes
|
|-heal|p2a: Ferrothorn|48/100|[from] item: Leftovers
|upkeep
|turn|2
|
|switch|p2a: Cinderace|Cinderace, F|100/100
|move|p1a: Kyurem|Ice Beam|p2a: Cinderace
|-resisted|p2a: Cinderace
|-damage|p2a: Cinderace|48/100
|
|upkeep
|turn|3
|
|move|p2a: Cinderace|High Jump Kick|p1a: Kyurem
|-supereffective|p1a: Kyurem
|-damage|p1a: Kyurem|0 fnt
|faint|p1a: Kyurem
|
|upkeep
|
|switch|p1a: Togekiss|Togekiss, F|100/100
|turn|4
|
|switch|p2a: Torkoal|Torkoal, M|100/100
|-weather|SunnyDay|[from] ability: Drought|[of] p2a: Torkoal
|move|p1a: Togekiss|Air Slash|p2a: Torkoal
|-damage|p2a: Torkoal|47/100
|
|-weather|SunnyDay|[upkeep]
|upkeep
|turn|5
|
|switch|p2a: Ferrothorn|Ferrothorn, F|48/100
|move|p1a: Togekiss|Air Slash|p2a: Ferrothorn
|-damage|p2a: Ferrothorn|18/100
|
|-weather|SunnyDay|[upkeep]
|-heal|p2a: Ferrothorn|24/100|[from] item: Leftovers
|upkeep
|turn|6
|
|move|p1a: Togekiss|Air Slash|p2a: Ferrothorn
|-damage|p2a: Ferrothorn|0 fnt
|faint|p2a: Ferrothorn
|
|-weather|SunnyDay|[upkeep]
|upkeep
|
|switch|p2a: Venusaur|Venusaur, M|100/100
|turn|7
|
|switch|p1a: Aegislash|Aegislash, M|100/100
|-item|p1a: Aegislash|Air Balloon
|move|p2a: Venusaur|Sludge Bomb|p1a: Aegislash
|-immune|p1a: Aegislash
|
|-weather|SunnyDay|[upkeep]
|upkeep
|turn|8
|j| Oni Avamilon
|inactive|Rorschach I has 120 seconds left.
|
|-formechange|p1a: Aegislash|Aegislash-Blade||[from] ability: Stance Change
|move|p1a: Aegislash|Shadow Sneak|p2a: Venusaur
|-damage|p2a: Venusaur|70/100
|move|p2a: Venusaur|Weather Ball|p1a: Aegislash
|-supereffective|p1a: Aegislash
|-damage|p1a: Aegislash|0 fnt
|-enditem|p1a: Aegislash|Air Balloon
|-damage|p2a: Venusaur|60/100|[from] item: Life Orb
|faint|p1a: Aegislash
|
|-weather|SunnyDay|[upkeep]
|upkeep
|inactive|Rorschach I has 90 seconds left.
|
|switch|p1a: Terrakion|Terrakion|100/100
|-damage|p1a: Terrakion|88/100|[from] Spikes
|turn|9
|inactive|Rorschach I has 90 seconds left.
|
|move|p2a: Venusaur|Giga Drain|p1a: Terrakion
|-supereffective|p1a: Terrakion
|-damage|p1a: Terrakion|0 fnt
|-heal|p2a: Venusaur|100/100|[from] drain|[of] p1a: Terrakion
|-damage|p2a: Venusaur|91/100|[from] item: Life Orb
|faint|p1a: Terrakion
|
|-weather|SunnyDay|[upkeep]
|upkeep
|-message|Rorschach I forfeited.
|
|win|hgfjhds
|l|☆Rorschach I
|l| Oni Avamilon
