|j|☆AquaRotom
|j|☆JooshP
|t:|1662810731
|gametype|singles
|player|p1|AquaRotom|akari|1747
|player|p2|JooshP|red|1793
|teamsize|p1|6
|teamsize|p2|6
|gen|8
|tier|[Gen 8] OU
|rated|
|rule|Sleep Clause Mod: Limit one foe put to sleep
|rule|Species Clause: Limit one of each Pokémon
|rule|OHKO Clause: OHKO moves are banned
|rule|Evasion Items Clause: Evasion items are banned
|rule|Evasion Moves Clause: Evasion moves are banned
|rule|Endless Battle Clause: Forcing endless battles is banned
|rule|HP Percentage Mod: HP is shown in percentages
|rule|Dynamax Clause: You cannot dynamax
|clearpoke
|poke|p1|Tyranitar, M|
|poke|p1|Excadrill, M|
|poke|p1|Ferrothorn, M|
|poke|p1|Zapdos|
|poke|p1|Urshifu-*, M|
|poke|p1|Tapu Lele|
|poke|p2|Urshifu-*, M|
|poke|p2|Skarmory, F|
|poke|p2|Blissey, F|
|poke|p2|Landorus-Therian, M|
|poke|p2|Dragonite, M|
|poke|p2|Blacephalon|
|teampreview
|inactive|Battle timer is ON: inactive players will automatically lose when time's up. (requested by AquaRotom)
|j| Mimixou
|j| Jongruenwald
|
|t:|1662810758
|start
|switch|p1a: Urshifu|Urshifu-Rapid-Strike, M|100/100
|switch|p2a: Landorus|Landorus-Therian, M|100/100
|-ability|p2a: Landorus|Intimidate|boost
|-unboost|p1a: Urshifu|atk|1
|turn|1
|
|t:|1662810767
|switch|p2a: Skarmory|Skarmory, F|100/100
|move|p1a: Urshifu|Surging Strikes|p2a: Skarmory
|-crit|p2a: Skarmory
|-damage|p2a: Skarmory|88/100
|-crit|p2a: Skarmory
|-damage|p2a: Skarmory|75/100
|-crit|p2a: Skarmory
|-damage|p2a: Skarmory|63/100
|-hitcount|p2a: Skarmory|3
|
|upkeep
|turn|2
|
|t:|1662810772
|move|p1a: Urshifu|Taunt|p2a: Skarmory
|-start|p2a: Skarmory|move: Taunt
|cant|p2a: Skarmory|move: Taunt|Spikes
|
|upkeep
|turn|3
|
|t:|1662810778
|switch|p2a: Urshifu|Urshifu-Rapid-Strike, M|100/100
|move|p1a: Urshifu|U-turn|p2a: Urshifu
|-resisted|p2a: Urshifu
|-damage|p2a: Urshifu|93/100
|
|t:|1662810788
|switch|p1a: Zapdos|Zapdos|100/100|[from]move: U-turn
|
|upkeep
|turn|4
|
|t:|1662810795
|switch|p2a: Blissey|Blissey, F|100/100
|move|p1a: Zapdos|Hurricane|p2a: Blissey
|-damage|p2a: Blissey|82/100
|-start|p2a: Blissey|confusion
|
|upkeep
|turn|5
|
|t:|1662810799
|move|p1a: Zapdos|Volt Switch|p2a: Blissey
|-damage|p2a: Blissey|72/100
|
|t:|1662810801
|switch|p1a: Ferrothorn|Ferrothorn, M|100/100|[from]move: Volt Switch
|-activate|p2a: Blissey|confusion
|move|p2a: Blissey|Teleport|p2a: Blissey
|
|t:|1662810807
|switch|p2a: Blacephalon|Blacephalon|100/100|[from]move: Teleport
|
|upkeep
|turn|6
|j| Yang233
|
|t:|1662810811
|switch|p1a: Tyranitar|Tyranitar, M|100/100
|-weather|Sandstorm|[from] ability: Sand Stream|[of] p1a: Tyranitar
|move|p2a: Blacephalon|Overheat|p1a: Tyranitar
|-resisted|p1a: Tyranitar
|-crit|p1a: Tyranitar
|-damage|p1a: Tyranitar|45/100
|-unboost|p2a: Blacephalon|spa|2
|
|-weather|Sandstorm|[upkeep]
|-damage|p2a: Blacephalon|94/100|[from] Sandstorm
|upkeep
|turn|7
|
|t:|1662810821
|switch|p2a: Landorus|Landorus-Therian, M|100/100
|-ability|p2a: Landorus|Intimidate|boost
|-unboost|p1a: Tyranitar|atk|1
|move|p1a: Tyranitar|Stone Edge|p2a: Landorus
|-damage|p2a: Landorus|57/100
|
|-weather|Sandstorm|[upkeep]
|-heal|p2a: Landorus|63/100|[from] item: Leftovers
|upkeep
|turn|8
|
|t:|1662810827
|switch|p1a: Ferrothorn|Ferrothorn, M|100/100
|move|p2a: Landorus|Stealth Rock|p1a: Ferrothorn
|-sidestart|p1: AquaRotom|move: Stealth Rock
|
|-weather|Sandstorm|[upkeep]
|-heal|p2a: Landorus|69/100|[from] item: Leftovers
|upkeep
|turn|9
|
|t:|1662810832
|move|p2a: Landorus|Knock Off|p1a: Ferrothorn
|-damage|p1a: Ferrothorn|80/100
|-damage|p2a: Landorus|56/100|[from] ability: Iron Barbs|[of] p1a: Ferrothorn
|-enditem|p1a: Ferrothorn|Leftovers|[from] move: Knock Off|[of] p2a: Landorus
|move|p1a: Ferrothorn|Stealth Rock|p2a: Landorus
|-sidestart|p2: JooshP|move: Stealth Rock
|
|-weather|Sandstorm|[upkeep]
|-heal|p2a: Landorus|62/100|[from] item: Leftovers
|upkeep
|turn|10
|
|t:|1662810836
|move|p2a: Landorus|Earthquake|p1a: Ferrothorn
|-damage|p1a: Ferrothorn|44/100
|move|p1a: Ferrothorn|Knock Off|p2a: Landorus
|-damage|p2a: Landorus|47/100
|-enditem|p2a: Landorus|Leftovers|[from] move: Knock Off|[of] p1a: Ferrothorn
|
|-weather|none
|upkeep
|turn|11
|
|t:|1662810842
|switch|p1a: Zapdos|Zapdos|100/100
|move|p2a: Landorus|Earthquake|p1a: Zapdos
|-immune|p1a: Zapdos
|
|upkeep
|turn|12
|
|t:|1662810845
|switch|p2a: Blissey|Blissey, F|72/100
|move|p1a: Zapdos|Hurricane|p2a: Blissey|[miss]
|-miss|p1a: Zapdos|p2a: Blissey
|
|upkeep
|turn|13
|
|t:|1662810854
|move|p1a: Zapdos|Volt Switch|p2a: Blissey
|-damage|p2a: Blissey|61/100
|
|t:|1662810861
|switch|p1a: Urshifu|Urshifu-Rapid-Strike, M|100/100|[from]move: Volt Switch
|-damage|p1a: Urshifu|94/100|[from] Stealth Rock
|move|p2a: Blissey|Soft-Boiled|p2a: Blissey
|-heal|p2a: Blissey|100/100
|
|upkeep
|turn|14
|
|t:|1662810873
|move|p1a: Urshifu|Close Combat|p2a: Blissey
|-supereffective|p2a: Blissey
|-damage|p2a: Blissey|0 fnt
|-unboost|p1a: Urshifu|def|1
|-unboost|p1a: Urshifu|spd|1
|faint|p2a: Blissey
|
|upkeep
|
|t:|1662810877
|switch|p2a: Dragonite|Dragonite, M|100/100
|turn|15
|
|t:|1662810888
|switch|p2a: Landorus|Landorus-Therian, M|47/100
|-damage|p2a: Landorus|34/100|[from] Stealth Rock
|-ability|p2a: Landorus|Intimidate|boost
|-unboost|p1a: Urshifu|atk|1
|move|p1a: Urshifu|Taunt|p2a: Landorus
|-start|p2a: Landorus|move: Taunt
|
|upkeep
|turn|16
|
|t:|1662810894
|switch|p2a: Urshifu|Urshifu-Rapid-Strike, M|93/100
|-damage|p2a: Urshifu|87/100|[from] Stealth Rock
|move|p1a: Urshifu|Surging Strikes|p2a: Urshifu
|-resisted|p2a: Urshifu
|-crit|p2a: Urshifu
|-damage|p2a: Urshifu|77/100
|-resisted|p2a: Urshifu
|-crit|p2a: Urshifu
|-damage|p2a: Urshifu|67/100
|-resisted|p2a: Urshifu
|-crit|p2a: Urshifu
|-damage|p2a: Urshifu|57/100
|-hitcount|p2a: Urshifu|3
|
|upkeep
|turn|17
|
|t:|1662810902
|switch|p1a: Ferrothorn|Ferrothorn, M|44/100
|-damage|p1a: Ferrothorn|38/100|[from] Stealth Rock
|move|p2a: Urshifu|Ice Punch|p1a: Ferrothorn
|-damage|p1a: Ferrothorn|20/100
|-damage|p2a: Urshifu|45/100|[from] ability: Iron Barbs|[of] p1a: Ferrothorn
|
|upkeep
|turn|18
|
|t:|1662810908
|switch|p2a: Skarmory|Skarmory, F|63/100
|-damage|p2a: Skarmory|51/100|[from] Stealth Rock
|move|p1a: Ferrothorn|Knock Off|p2a: Skarmory
|-damage|p2a: Skarmory|38/100
|-damage|p1a: Ferrothorn|4/100|[from] item: Rocky Helmet|[of] p2a: Skarmory
|-enditem|p2a: Skarmory|Rocky Helmet|[from] move: Knock Off|[of] p1a: Ferrothorn
|
|upkeep
|turn|19
|
|t:|1662810912
|move|p2a: Skarmory|Roost|p2a: Skarmory
|-heal|p2a: Skarmory|88/100
|-singleturn|p2a: Skarmory|move: Roost
|move|p1a: Ferrothorn|Leech Seed|p2a: Skarmory
|-start|p2a: Skarmory|move: Leech Seed
|
|-damage|p2a: Skarmory|76/100|[from] Leech Seed|[of] p1a: Ferrothorn
|-heal|p1a: Ferrothorn|15/100|[silent]
|upkeep
|turn|20
|
|t:|1662810917
|move|p2a: Skarmory|Body Press|p1a: Ferrothorn
|-supereffective|p1a: Ferrothorn
|-damage|p1a: Ferrothorn|0 fnt
|-damage|p2a: Skarmory|63/100|[from] ability: Iron Barbs|[of] p1a: Ferrothorn
|faint|p1a: Ferrothorn
|
|upkeep
|
|t:|1662810928
|switch|p1a: Urshifu|Urshifu-Rapid-Strike, M|94/100
|-damage|p1a: Urshifu|88/100|[from] Stealth Rock
|turn|21
|
|t:|1662810935
|switch|p2a: Landorus|Landorus-Therian, M|34/100
|-damage|p2a: Landorus|22/100|[from] Stealth Rock
|-ability|p2a: Landorus|Intimidate|boost
|-unboost|p1a: Urshifu|atk|1
|move|p1a: Urshifu|Close Combat|p2a: Landorus
|-resisted|p2a: Landorus
|-damage|p2a: Landorus|6/100
|-unboost|p1a: Urshifu|def|1
|-unboost|p1a: Urshifu|spd|1
|
|upkeep
|turn|22
|
|t:|1662810943
|move|p1a: Urshifu|Surging Strikes|p2a: Landorus
|-supereffective|p2a: Landorus
|-crit|p2a: Landorus
|-damage|p2a: Landorus|0 fnt
|faint|p2a: Landorus
|-hitcount|p2: Landorus|1
|
|upkeep
|
|t:|1662810947
|switch|p2a: Blacephalon|Blacephalon|94/100
|-damage|p2a: Blacephalon|70/100|[from] Stealth Rock
|turn|23
|
|t:|1662810967
|move|p2a: Blacephalon|Shadow Ball|p1a: Urshifu
|-damage|p1a: Urshifu|0 fnt
|faint|p1a: Urshifu
|-ability|p2a: Blacephalon|Beast Boost|boost
|-boost|p2a: Blacephalon|spa|1
|
|upkeep
|l| Yang233
|
|t:|1662810974
|switch|p1a: Tapu Lele|Tapu Lele, shiny|100/100
|-damage|p1a: Tapu Lele|88/100|[from] Stealth Rock
|-fieldstart|move: Psychic Terrain|[from] ability: Psychic Surge|[of] p1a: Tapu Lele
|turn|24
|
|t:|1662810988
|switch|p2a: Skarmory|Skarmory, F|63/100
|-damage|p2a: Skarmory|51/100|[from] Stealth Rock
|move|p1a: Tapu Lele|Psyshock|p2a: Skarmory
|-resisted|p2a: Skarmory
|-damage|p2a: Skarmory|33/100
|
|upkeep
|turn|25
|
|t:|1662810995
|switch|p1a: Zapdos|Zapdos|100/100
|switch|p2a: Blacephalon|Blacephalon|70/100
|-damage|p2a: Blacephalon|45/100|[from] Stealth Rock
|
|upkeep
|turn|26
|j| Yang233
|
|t:|1662811013
|switch|p1a: Tyranitar|Tyranitar, M|45/100
|-damage|p1a: Tyranitar|33/100|[from] Stealth Rock
|-weather|Sandstorm|[from] ability: Sand Stream|[of] p1a: Tyranitar
|move|p2a: Blacephalon|Overheat|p1a: Tyranitar
|-resisted|p1a: Tyranitar
|-damage|p1a: Tyranitar|0 fnt
|-unboost|p2a: Blacephalon|spa|2
|faint|p1a: Tyranitar
|-ability|p2a: Blacephalon|Beast Boost|boost
|-boost|p2a: Blacephalon|spa|1
|
|-weather|Sandstorm|[upkeep]
|-damage|p2a: Blacephalon|39/100|[from] Sandstorm
|upkeep
|
|t:|1662811015
|switch|p1a: Excadrill|Excadrill, M, shiny|100/100
|-damage|p1a: Excadrill|97/100|[from] Stealth Rock
|turn|27
|
|t:|1662811020
|move|p1a: Excadrill|Rock Slide|p2a: Blacephalon
|-supereffective|p2a: Blacephalon
|-damage|p2a: Blacephalon|0 fnt
|faint|p2a: Blacephalon
|
|-weather|Sandstorm|[upkeep]
|upkeep
|
|t:|1662811028
|switch|p2a: Urshifu|Urshifu-Rapid-Strike, M|45/100
|-damage|p2a: Urshifu|39/100|[from] Stealth Rock
|turn|28
|
|t:|1662811031
|move|p1a: Excadrill|Rock Slide|p2a: Urshifu
|-resisted|p2a: Urshifu
|-damage|p2a: Urshifu|16/100
|move|p2a: Urshifu|Surging Strikes|p1a: Excadrill
|-supereffective|p1a: Excadrill
|-crit|p1a: Excadrill
|-damage|p1a: Excadrill|45/100
|-supereffective|p1a: Excadrill
|-crit|p1a: Excadrill
|-damage|p1a: Excadrill|0 fnt
|faint|p1a: Excadrill
|-hitcount|p1: Excadrill|2
|
|-weather|Sandstorm|[upkeep]
|-damage|p2a: Urshifu|10/100|[from] Sandstorm
|-fieldend|move: Psychic Terrain
|upkeep
|
|t:|1662811043
|switch|p1a: Zapdos|Zapdos|100/100
|turn|29
|
|t:|1662811045
|switch|p2a: Skarmory|Skarmory, F|33/100
|-damage|p2a: Skarmory|20/100|[from] Stealth Rock
|move|p1a: Zapdos|Volt Switch|p2a: Skarmory
|-supereffective|p2a: Skarmory
|-damage|p2a: Skarmory|0 fnt
|faint|p2a: Skarmory
|
|t:|1662811048
|switch|p1a: Tapu Lele|Tapu Lele, shiny|88/100|[from]move: Volt Switch
|-damage|p1a: Tapu Lele|76/100|[from] Stealth Rock
|-fieldstart|move: Psychic Terrain|[from] ability: Psychic Surge|[of] p1a: Tapu Lele
|
|-weather|Sandstorm|[upkeep]
|-damage|p1a: Tapu Lele|70/100|[from] Sandstorm
|upkeep
|
|t:|1662811051
|switch|p2a: Urshifu|Urshifu-Rapid-Strike, M|10/100
|-damage|p2a: Urshifu|3/100|[from] Stealth Rock
|turn|30
|l| Yang233
|
|t:|1662811058
|switch|p1a: Zapdos|Zapdos|100/100
|move|p2a: Urshifu|Surging Strikes|p1a: Zapdos
|-crit|p1a: Zapdos
|-damage|p1a: Zapdos|86/100
|-crit|p1a: Zapdos
|-damage|p1a: Zapdos|72/100
|-crit|p1a: Zapdos
|-damage|p1a: Zapdos|56/100
|-hitcount|p1a: Zapdos|3
|
|-weather|none
|upkeep
|turn|31
|
|t:|1662811068
|move|p2a: Urshifu|Surging Strikes|p1a: Zapdos
|-crit|p1a: Zapdos
|-damage|p1a: Zapdos|41/100
|-crit|p1a: Zapdos
|-damage|p1a: Zapdos|27/100
|-crit|p1a: Zapdos
|-damage|p1a: Zapdos|11/100
|-hitcount|p1a: Zapdos|3
|move|p1a: Zapdos|Roost|p1a: Zapdos
|-heal|p1a: Zapdos|61/100
|-singleturn|p1a: Zapdos|move: Roost
|
|upkeep
|turn|32
|
|t:|1662811071
|switch|p2a: Dragonite|Dragonite, M|100/100
|move|p1a: Zapdos|Roost|p1a: Zapdos
|-heal|p1a: Zapdos|100/100
|-singleturn|p1a: Zapdos|move: Roost
|
|upkeep
|turn|33
|
|t:|1662811073
|move|p2a: Dragonite|Dragon Dance|p2a: Dragonite
|-boost|p2a: Dragonite|atk|1
|-boost|p2a: Dragonite|spe|1
|move|p1a: Zapdos|Volt Switch|p2a: Dragonite
|-damage|p2a: Dragonite|84/100
|
|t:|1662811076
|switch|p1a: Tapu Lele|Tapu Lele, shiny|70/100|[from]move: Volt Switch
|-damage|p1a: Tapu Lele|57/100|[from] Stealth Rock
|
|-fieldend|move: Psychic Terrain
|upkeep
|turn|34
|
|t:|1662811083
|move|p1a: Tapu Lele|Moonblast|p2a: Dragonite
|-supereffective|p2a: Dragonite
|-damage|p2a: Dragonite|0 fnt
|faint|p2a: Dragonite
|
|upkeep
|
|t:|1662811084
|switch|p2a: Urshifu|Urshifu-Rapid-Strike, M|3/100
|-damage|p2a: Urshifu|0 fnt|[from] Stealth Rock
|faint|p2a: Urshifu
|
|win|AquaRotom
|raw|AquaRotom's rating: 1747 &rarr; <strong>1770</strong><br />(+23 for winning)
|raw|JooshP's rating: 1793 &rarr; <strong>1770</strong><br />(-23 for losing)
|c|☆JooshP|gg
|l|☆JooshP
|l|☆AquaRotom
|j| Yang233
|l| Jongruenwald
||Ladder isn't responding, score probably updated but might not have (Request timeout).
|l| Yang233
|j| Yang233
|l| Yang233
