|j|☆IIIodyne
|j|☆Machugen
|t:|1664773130
|gametype|singles
|player|p1|IIIodyne|265|1814
|player|p2|Machugen|zinnia|1827
|teamsize|p1|6
|teamsize|p2|6
|gen|8
|tier|[Gen 8] OU
|rated|
|rule|Sleep Clause Mod: Limit one foe put to sleep
|rule|Species Clause: Limit one of each Pokémon
|rule|OHKO Clause: OHKO moves are banned
|rule|Evasion Items Clause: Evasion items are banned
|rule|Evasion Moves Clause: Evasion moves are banned
|rule|Endless Battle Clause: Forcing endless battles is banned
|rule|HP Percentage Mod: HP is shown in percentages
|rule|Dynamax Clause: You cannot dynamax
|clearpoke
|poke|p1|Snorlax, F|
|poke|p1|Suicune|
|poke|p1|Melmetal|
|poke|p1|Victini|
|poke|p1|Landorus-Therian, M|
|poke|p1|Zapdos|
|poke|p2|Weavile, F|
|poke|p2|Dragonite, M|
|poke|p2|Melmetal|
|poke|p2|Volcanion|
|poke|p2|Zapdos|
|poke|p2|Landorus-Therian, M|
|teampreview
|
|t:|1664773138
|start
|switch|p1a: Landorus|Landorus-Therian, M|100/100
|switch|p2a: Weavile|Weavile, F|100/100
|-ability|p1a: Landorus|Intimidate|boost
|-unboost|p2a: Weavile|atk|1
|-ability|p2a: Weavile|Pressure
|turn|1
|inactive|Battle timer is ON: inactive players will automatically lose when time's up. (requested by IIIodyne)
|
|t:|1664773144
|switch|p1a: Suicune|Suicune|100/100
|-ability|p1a: Suicune|Pressure
|switch|p2a: Zapdos|Zapdos|100/100
|
|upkeep
|turn|2
|
|t:|1664773150
|switch|p1a: Snorlax|Snorlax, F|100/100
|move|p2a: Zapdos|Volt Switch|p1a: Snorlax
|-damage|p1a: Snorlax|86/100
|
|t:|1664773158
|switch|p2a: Weavile|Weavile, F|100/100|[from]move: Volt Switch
|-ability|p2a: Weavile|Pressure
|
|-heal|p1a: Snorlax|92/100|[from] item: Leftovers
|upkeep
|turn|3
|
|t:|1664773160
|move|p2a: Weavile|Beat Up|p1a: Snorlax
|-damage|p1a: Snorlax|79/100
|-damage|p1a: Snorlax|64/100
|-damage|p1a: Snorlax|50/100
|-damage|p1a: Snorlax|37/100
|-damage|p1a: Snorlax|26/100
|-damage|p1a: Snorlax|12/100
|-hitcount|p1a: Snorlax|6
|move|p1a: Snorlax|Heat Crash|p2a: Weavile
|-supereffective|p2a: Weavile
|-damage|p2a: Weavile|0 fnt
|faint|p2a: Weavile
|
|-heal|p1a: Snorlax|18/100|[from] item: Leftovers
|upkeep
|
|t:|1664773167
|switch|p2a: Landorus|Landorus-Therian, M|100/100
|-ability|p2a: Landorus|Intimidate|boost
|-unboost|p1a: Snorlax|atk|1
|turn|4
|
|t:|1664773172
|move|p2a: Landorus|U-turn|p1a: Snorlax
|-damage|p1a: Snorlax|0 fnt
|faint|p1a: Snorlax
|
|t:|1664773176
|switch|p2a: Zapdos|Zapdos|100/100|[from]move: U-turn
|
|upkeep
|
|t:|1664773182
|switch|p1a: Landorus|Landorus-Therian, M|100/100
|-ability|p1a: Landorus|Intimidate|boost
|-unboost|p2a: Zapdos|atk|1
|turn|5
|
|t:|1664773192
|switch|p1a: Victini|Victini|100/100
|move|p2a: Zapdos|Hurricane|p1a: Victini
|-damage|p1a: Victini|44/100
|
|upkeep
|turn|6
|
|t:|1664773197
|move|p2a: Zapdos|Hurricane|p1a: Victini
|-damage|p1a: Victini|0 fnt
|faint|p1a: Victini
|
|upkeep
|
|t:|1664773207
|switch|p1a: Zapdos|Zapdos|100/100
|turn|7
|
|t:|1664773209
|move|p2a: Zapdos|Volt Switch|p1a: Zapdos
|-damage|p1a: Zapdos|62/100
|
|t:|1664773211
|switch|p2a: Landorus|Landorus-Therian, M|100/100|[from]move: Volt Switch
|-ability|p2a: Landorus|Intimidate|boost
|-unboost|p1a: Zapdos|atk|1
|move|p1a: Zapdos|Volt Switch|p2a: Landorus
|-immune|p2a: Landorus
|
|upkeep
|turn|8
|
|t:|1664773216
|move|p1a: Zapdos|Hurricane|p2a: Landorus|[miss]
|-miss|p1a: Zapdos|p2a: Landorus
|move|p2a: Landorus|Toxic|p1a: Zapdos
|-status|p1a: Zapdos|tox
|
|-damage|p1a: Zapdos|55/100 tox|[from] psn
|upkeep
|turn|9
|
|t:|1664773219
|move|p1a: Zapdos|Heat Wave|p2a: Landorus|[miss]
|-miss|p1a: Zapdos|p2a: Landorus
|move|p2a: Landorus|Earthquake|p1a: Zapdos
|-immune|p1a: Zapdos
|
|-damage|p1a: Zapdos|43/100 tox|[from] psn
|upkeep
|turn|10
|c|☆IIIodyne|ok
|
|t:|1664773227
|move|p1a: Zapdos|Hurricane|p2a: Landorus
|-damage|p2a: Landorus|58/100
|-start|p2a: Landorus|confusion
|-activate|p2a: Landorus|confusion
|move|p2a: Landorus|Earthquake|p1a: Zapdos
|-immune|p1a: Zapdos
|
|-heal|p2a: Landorus|64/100|[from] item: Leftovers
|-damage|p1a: Zapdos|24/100 tox|[from] psn
|upkeep
|turn|11
|
|t:|1664773233
|move|p1a: Zapdos|Heat Wave|p2a: Landorus
|-damage|p2a: Landorus|37/100
|-activate|p2a: Landorus|confusion
|move|p2a: Landorus|U-turn|p1a: Zapdos
|-resisted|p1a: Zapdos
|-damage|p1a: Zapdos|13/100 tox
|-status|p2a: Landorus|par|[from] ability: Static|[of] p1a: Zapdos
|
|t:|1664773237
|switch|p2a: Zapdos|Zapdos|100/100|[from]move: U-turn
|
|-damage|p1a: Zapdos|0 fnt|[from] psn
|faint|p1a: Zapdos
|upkeep
|
|t:|1664773239
|switch|p1a: Landorus|Landorus-Therian, M|100/100
|-ability|p1a: Landorus|Intimidate|boost
|-unboost|p2a: Zapdos|atk|1
|turn|12
|
|t:|1664773244
|move|p1a: Landorus|Stone Edge|p2a: Zapdos
|-supereffective|p2a: Zapdos
|-damage|p2a: Zapdos|4/100
|move|p2a: Zapdos|Hurricane|p1a: Landorus|[miss]
|-miss|p2a: Zapdos|p1a: Landorus
|
|upkeep
|turn|13
|
|t:|1664773253
|switch|p1a: Melmetal|Melmetal|100/100
|switch|p2a: Melmetal|Melmetal|100/100
|
|upkeep
|turn|14
|
|t:|1664773257
|switch|p2a: Landorus|Landorus-Therian, M|37/100 par
|-ability|p2a: Landorus|Intimidate|boost
|-unboost|p1a: Melmetal|atk|1
|switch|p1a: Suicune|Suicune|100/100
|-ability|p1a: Suicune|Pressure
|
|-heal|p2a: Landorus|43/100 par|[from] item: Leftovers
|upkeep
|turn|15
|j| watercooling
|
|t:|1664773260
|move|p1a: Suicune|Ice Beam|p2a: Landorus
|-supereffective|p2a: Landorus
|-damage|p2a: Landorus|0 fnt
|faint|p2a: Landorus
|
|upkeep
|
|t:|1664773261
|switch|p2a: Zapdos|Zapdos|4/100
|turn|16
|
|t:|1664773264
|move|p2a: Zapdos|Volt Switch|p1a: Suicune
|-supereffective|p1a: Suicune
|-damage|p1a: Suicune|44/100
|
|t:|1664773266
|switch|p2a: Volcanion|Volcanion|100/100|[from]move: Volt Switch
|move|p1a: Suicune|Ice Beam|p2a: Volcanion
|-resisted|p2a: Volcanion
|-damage|p2a: Volcanion|95/100
|
|-heal|p1a: Suicune|50/100|[from] item: Leftovers
|upkeep
|turn|17
|
|t:|1664773269
|move|p2a: Volcanion|Earth Power|p1a: Suicune
|-damage|p1a: Suicune|16/100
|move|p1a: Suicune|Calm Mind|p1a: Suicune
|-boost|p1a: Suicune|spa|1
|-boost|p1a: Suicune|spd|1
|
|-heal|p1a: Suicune|22/100|[from] item: Leftovers
|upkeep
|turn|18
|
|t:|1664773272
|move|p2a: Volcanion|Earth Power|p1a: Suicune
|-damage|p1a: Suicune|0 fnt
|faint|p1a: Suicune
|
|upkeep
|
|t:|1664773276
|switch|p1a: Landorus|Landorus-Therian, M|100/100
|-ability|p1a: Landorus|Intimidate|boost
|-unboost|p2a: Volcanion|atk|1
|turn|19
|
|t:|1664773279
|switch|p2a: Zapdos|Zapdos|4/100
|move|p1a: Landorus|Knock Off|p2a: Zapdos
|-damage|p2a: Zapdos|0 fnt
|-enditem|p2a: Zapdos|Heavy-Duty Boots|[from] move: Knock Off|[of] p1a: Landorus
|faint|p2a: Zapdos
|
|upkeep
|
|t:|1664773289
|switch|p2a: Volcanion|Volcanion|95/100
|turn|20
|l| watercooling
|
|t:|1664773312
|move|p1a: Landorus|Knock Off|p2a: Volcanion
|-damage|p2a: Volcanion|61/100
|-enditem|p2a: Volcanion|Choice Specs|[from] move: Knock Off|[of] p1a: Landorus
|move|p2a: Volcanion|Steam Eruption|p1a: Landorus
|-supereffective|p1a: Landorus
|-damage|p1a: Landorus|0 fnt
|faint|p1a: Landorus
|
|upkeep
|
|t:|1664773317
|switch|p1a: Melmetal|Melmetal|100/100
|turn|21
|
|t:|1664773320
|move|p2a: Volcanion|Flamethrower|p1a: Melmetal
|-supereffective|p1a: Melmetal
|-damage|p1a: Melmetal|35/100
|move|p1a: Melmetal|Earthquake|p2a: Volcanion
|-supereffective|p2a: Volcanion
|-damage|p2a: Volcanion|0 fnt
|faint|p2a: Volcanion
|
|upkeep
|
|t:|1664773323
|switch|p2a: Melmetal|Melmetal|100/100
|turn|22
|
|t:|1664773324
|move|p2a: Melmetal|Earthquake|p1a: Melmetal
|-supereffective|p1a: Melmetal
|-damage|p1a: Melmetal|0 fnt
|faint|p1a: Melmetal
|
|win|Machugen
|raw|IIIodyne's rating: 1814 &rarr; <strong>1795</strong><br />(-19 for losing)
|raw|Machugen's rating: 1827 &rarr; <strong>1846</strong><br />(+19 for winning)
|l|☆IIIodyne
