|raw|<div class="broadcast-blue"><strong>This battle is required to be public due to a player having a name starting with 'lt93oq'.</div>
|j|☆LT93OQ Shurtugal
|j|☆HOF69
|t:|1660688372
|gametype|singles
|player|p1|LT93OQ Shurtugal|hilda-masters|1784
|player|p2|HOF69|red|1755
|teamsize|p1|6
|teamsize|p2|6
|gen|8
|tier|[Gen 8] OU
|rated|
|rule|Sleep Clause Mod: Limit one foe put to sleep
|rule|Species Clause: Limit one of each Pokémon
|rule|OHKO Clause: OHKO moves are banned
|rule|Evasion Items Clause: Evasion items are banned
|rule|Evasion Moves Clause: Evasion moves are banned
|rule|Endless Battle Clause: Forcing endless battles is banned
|rule|HP Percentage Mod: HP is shown in percentages
|rule|Dynamax Clause: You cannot dynamax
|clearpoke
|poke|p1|Bisharp, F|
|poke|p1|Aegislash, M|
|poke|p1|Dragapult, M|
|poke|p1|Blacephalon|
|poke|p1|Urshifu-*, M|
|poke|p1|Landorus-Therian, M|
|poke|p2|Blacephalon|
|poke|p2|Gengar, M|
|poke|p2|Landorus-Therian, M|
|poke|p2|Krookodile, M|
|poke|p2|Tapu Lele|
|poke|p2|Kartana|
|teampreview
|
|t:|1660688382
|start
|switch|p1a: Blacephalon|Blacephalon|100/100
|switch|p2a: Kartana|Kartana|100/100
|turn|1
|inactive|Battle timer is ON: inactive players will automatically lose when time's up. (requested by LT93OQ Shurtugal)
|
|t:|1660688398
|switch|p1a: Landorus|Landorus-Therian, M|100/100
|-ability|p1a: Landorus|Intimidate|boost
|-unboost|p2a: Kartana|atk|1
|switch|p2a: Landorus|Landorus-Therian, M|100/100
|-ability|p2a: Landorus|Intimidate|boost
|-unboost|p1a: Landorus|atk|1
|
|upkeep
|turn|2
|
|t:|1660688401
|move|p2a: Landorus|Knock Off|p1a: Landorus
|-damage|p1a: Landorus|68/100
|-enditem|p1a: Landorus|Focus Sash|[from] move: Knock Off|[of] p2a: Landorus
|move|p1a: Landorus|U-turn|p2a: Landorus
|-resisted|p2a: Landorus
|-damage|p2a: Landorus|91/100
|
|t:|1660688419
|switch|p1a: Urshifu|Urshifu-Rapid-Strike, M|100/100|[from]move: U-turn
|
|upkeep
|turn|3
|
|t:|1660688428
|move|p1a: Urshifu|Surging Strikes|p2a: Landorus
|-supereffective|p2a: Landorus
|-crit|p2a: Landorus
|-damage|p2a: Landorus|49/100
|-supereffective|p2a: Landorus
|-crit|p2a: Landorus
|-damage|p2a: Landorus|14/100
|-supereffective|p2a: Landorus
|-crit|p2a: Landorus
|-damage|p2a: Landorus|0 fnt
|faint|p2a: Landorus
|-hitcount|p2: Landorus|3
|
|upkeep
|
|t:|1660688431
|switch|p2a: Kartana|Kartana|100/100
|turn|4
|
|t:|1660688443
|switch|p2a: Krookodile|Krookodile, M|100/100
|-ability|p2a: Krookodile|Intimidate|boost
|-unboost|p1a: Urshifu|atk|1
|switch|p1a: Landorus|Landorus-Therian, M|68/100
|-ability|p1a: Landorus|Intimidate|boost
|-unboost|p2a: Krookodile|atk|1
|
|upkeep
|turn|5
|
|t:|1660688446
|move|p2a: Krookodile|Stealth Rock|p1a: Landorus
|-sidestart|p1: LT93OQ Shurtugal|move: Stealth Rock
|move|p1a: Landorus|U-turn|p2a: Krookodile
|-supereffective|p2a: Krookodile
|-damage|p2a: Krookodile|28/100
|
|t:|1660688451
|switch|p1a: Urshifu|Urshifu-Rapid-Strike, M|100/100|[from]move: U-turn
|-damage|p1a: Urshifu|94/100|[from] Stealth Rock
|
|upkeep
|turn|6
|
|t:|1660688454
|move|p1a: Urshifu|U-turn|p2a: Krookodile
|-supereffective|p2a: Krookodile
|-damage|p2a: Krookodile|0 fnt
|faint|p2a: Krookodile
|
|t:|1660688456
|switch|p1a: Aegislash|Aegislash, M|100/100|[from]move: U-turn
|-damage|p1a: Aegislash|95/100|[from] Stealth Rock
|
|upkeep
|
|t:|1660688468
|switch|p2a: Gengar|Gengar, M, shiny|100/100
|turn|7
|
|t:|1660688474
|move|p2a: Gengar|Shadow Ball|p1a: Aegislash
|-supereffective|p1a: Aegislash
|-damage|p1a: Aegislash|14/100
|-formechange|p1a: Aegislash|Aegislash-Blade||[from] ability: Stance Change
|move|p1a: Aegislash|Shadow Ball|p2a: Gengar
|-supereffective|p2a: Gengar
|-enditem|p2a: Gengar|Focus Sash
|-damage|p2a: Gengar|1/100
|-start|p1a: Aegislash|Disable|Shadow Ball|[from] ability: Cursed Body|[of] p2a: Gengar
|
|upkeep
|turn|8
|
|t:|1660688481
|switch|p1a: Bisharp|Bisharp, F|100/100
|-damage|p1a: Bisharp|94/100|[from] Stealth Rock
|move|p2a: Gengar|Shadow Ball|p1a: Bisharp
|-resisted|p1a: Bisharp
|-damage|p1a: Bisharp|62/100
|-unboost|p1a: Bisharp|spd|1
|-ability|p1a: Bisharp|Defiant
|-boost|p1a: Bisharp|atk|2
|
|upkeep
|turn|9
|
|t:|1660688489
|move|p2a: Gengar|Focus Blast|p1a: Bisharp|[miss]
|-miss|p2a: Gengar|p1a: Bisharp
|move|p1a: Bisharp|Knock Off|p2a: Gengar
|-supereffective|p2a: Gengar
|-damage|p2a: Gengar|0 fnt
|faint|p2a: Gengar
|
|upkeep
|
|t:|1660688492
|switch|p2a: Tapu Lele|Tapu Lele|100/100
|-fieldstart|move: Psychic Terrain|[from] ability: Psychic Surge|[of] p2a: Tapu Lele
|turn|10
|
|t:|1660688499
|switch|p1a: Landorus|Landorus-Therian, M|68/100
|-damage|p1a: Landorus|55/100|[from] Stealth Rock
|-ability|p1a: Landorus|Intimidate|boost
|-unboost|p2a: Tapu Lele|atk|1
|move|p2a: Tapu Lele|Moonblast|p1a: Landorus
|-damage|p1a: Landorus|0 fnt
|faint|p1a: Landorus
|
|upkeep
|
|t:|1660688505
|switch|p1a: Blacephalon|Blacephalon|100/100
|-damage|p1a: Blacephalon|76/100|[from] Stealth Rock
|turn|11
|
|t:|1660688525
|switch|p2a: Kartana|Kartana|100/100
|move|p1a: Blacephalon|Shadow Ball|p2a: Kartana
|-damage|p2a: Kartana|0 fnt
|faint|p2a: Kartana
|-ability|p1a: Blacephalon|Beast Boost|boost
|-boost|p1a: Blacephalon|spa|1
|
|upkeep
|
|t:|1660688526
|switch|p2a: Blacephalon|Blacephalon|100/100
|turn|12
|
|t:|1660688530
|move|p1a: Blacephalon|Shadow Ball|p2a: Blacephalon
|-supereffective|p2a: Blacephalon
|-damage|p2a: Blacephalon|0 fnt
|faint|p2a: Blacephalon
|-ability|p1a: Blacephalon|Beast Boost|boost
|-boost|p1a: Blacephalon|spa|1
|
|upkeep
|-message|HOF69 forfeited.
|
|win|LT93OQ Shurtugal
|raw|LT93OQ Shurtugal's rating: 1784 &rarr; <strong>1802</strong><br />(+18 for winning)
|raw|HOF69's rating: 1755 &rarr; <strong>1737</strong><br />(-18 for losing)
|l|☆HOF69
