|html|<div class="broadcast-blue"><strong>[Gen 8] OU is currently suspecting Melmetal! For information on how to participate check out the <a href="https://www.smogon.com/forums/threads/np-ss-ou-suspect-process-round-12-monster-mash.3709234/">suspect thread</a>.</strong></div>
|j|☆minimax_ai
|j|☆pinapple321
|t:|1666012346
|gametype|singles
|player|p1|minimax_ai|lusamine-nihilego|1594
|player|p2|pinapple321|ghetsis|1593
|teamsize|p1|6
|teamsize|p2|6
|gen|8
|tier|[Gen 8] OU
|rated|
|rule|Sleep Clause Mod: Limit one foe put to sleep
|rule|Species Clause: Limit one of each Pokémon
|rule|OHKO Clause: OHKO moves are banned
|rule|Evasion Items Clause: Evasion items are banned
|rule|Evasion Moves Clause: Evasion moves are banned
|rule|Endless Battle Clause: Forcing endless battles is banned
|rule|HP Percentage Mod: HP is shown in percentages
|rule|Dynamax Clause: You cannot dynamax
|clearpoke
|poke|p1|Rotom-Wash|
|poke|p1|Weavile, M|
|poke|p1|Landorus-Therian, M|
|poke|p1|Heatran, M|
|poke|p1|Tangrowth, M|
|poke|p1|Melmetal|
|poke|p2|Aegislash, F|
|poke|p2|Tyranitar, F|
|poke|p2|Urshifu-*, M|
|poke|p2|Dragapult, M|
|poke|p2|Zapdos|
|poke|p2|Rillaboom, M|
|teampreview
|c|☆minimax_ai|hf
|inactive|Battle timer is ON: inactive players will automatically lose when time's up. (requested by minimax_ai)
|
|t:|1666012355
|start
|switch|p1a: landorustherian|Landorus-Therian, M|100/100
|switch|p2a: Aegislash|Aegislash, F|100/100
|-ability|p1a: landorustherian|Intimidate|boost
|-unboost|p2a: Aegislash|atk|1
|turn|1
|
|t:|1666012359
|switch|p2a: Zapdos|Zapdos|100/100
|move|p1a: landorustherian|Defog|p2a: Zapdos
|-unboost|p2a: Zapdos|evasion|1
|
|upkeep
|turn|2
|
|t:|1666012362
|move|p2a: Zapdos|Hurricane|p1a: landorustherian
|-damage|p1a: landorustherian|63/100
|move|p1a: landorustherian|Earthquake|p2a: Zapdos
|-immune|p2a: Zapdos
|
|-heal|p1a: landorustherian|69/100|[from] item: Leftovers
|upkeep
|turn|3
|
|t:|1666012365
|move|p2a: Zapdos|Hurricane|p1a: landorustherian
|-damage|p1a: landorustherian|36/100
|move|p1a: landorustherian|Earthquake|p2a: Zapdos
|-immune|p2a: Zapdos
|
|-heal|p1a: landorustherian|42/100|[from] item: Leftovers
|upkeep
|turn|4
|
|t:|1666012368
|switch|p1a: Melmetal|Melmetal|100/100
|move|p2a: Zapdos|Hurricane|p1a: Melmetal
|-resisted|p1a: Melmetal
|-damage|p1a: Melmetal|89/100
|-start|p1a: Melmetal|confusion
|
|upkeep
|turn|5
|
|t:|1666012370
|move|p2a: Zapdos|Volt Switch|p1a: Melmetal
|-damage|p1a: Melmetal|73/100
|
|t:|1666012374
|switch|p2a: Urshifu|Urshifu-Rapid-Strike, M|100/100|[from]move: Volt Switch
|-activate|p1a: Melmetal|confusion
|-damage|p1a: Melmetal|64/100|[from] confusion
|
|upkeep
|turn|6
|
|t:|1666012378
|switch|p1a: Tangrowth|Tangrowth, M|100/100
|move|p2a: Urshifu|Close Combat|p1a: Tangrowth
|-damage|p1a: Tangrowth|50/100
|-unboost|p2a: Urshifu|def|1
|-unboost|p2a: Urshifu|spd|1
|-damage|p2a: Urshifu|84/100|[from] item: Rocky Helmet|[of] p1a: Tangrowth
|
|upkeep
|turn|7
|
|t:|1666012380
|move|p2a: Urshifu|Close Combat|p1a: Tangrowth
|-damage|p1a: Tangrowth|2/100
|-unboost|p2a: Urshifu|def|1
|-unboost|p2a: Urshifu|spd|1
|-damage|p2a: Urshifu|68/100|[from] item: Rocky Helmet|[of] p1a: Tangrowth
|move|p1a: Tangrowth|Giga Drain|p2a: Urshifu
|-supereffective|p2a: Urshifu
|-damage|p2a: Urshifu|0 fnt
|-heal|p1a: Tangrowth|31/100|[from] drain|[of] p2a: Urshifu
|faint|p2a: Urshifu
|
|upkeep
|
|t:|1666012389
|switch|p2a: Aegislash|Aegislash, F|100/100
|turn|8
|
|t:|1666012391
|switch|p1a: landorustherian|Landorus-Therian, M|42/100
|-ability|p1a: landorustherian|Intimidate|boost
|-unboost|p2a: Aegislash|atk|1
|-formechange|p2a: Aegislash|Aegislash-Blade||[from] ability: Stance Change
|move|p2a: Aegislash|Shadow Ball|p1a: landorustherian
|-damage|p1a: landorustherian|0 fnt
|faint|p1a: landorustherian
|
|upkeep
|
|t:|1666012392
|switch|p1a: Melmetal|Melmetal|64/100
|turn|9
|
|t:|1666012394
|switch|p2a: Zapdos|Zapdos|100/100
|move|p1a: Melmetal|Double Iron Bash|p2a: Zapdos
|-resisted|p2a: Zapdos
|-damage|p2a: Zapdos|85/100
|-status|p1a: Melmetal|par|[from] ability: Static|[of] p2a: Zapdos
|-resisted|p2a: Zapdos
|-damage|p2a: Zapdos|70/100
|-hitcount|p2a: Zapdos|2
|
|upkeep
|turn|10
|
|t:|1666012397
|move|p2a: Zapdos|Hurricane|p1a: Melmetal|[miss]
|-miss|p2a: Zapdos|p1a: Melmetal
|move|p1a: Melmetal|Thunder Punch|p2a: Zapdos
|-damage|p2a: Zapdos|43/100
|
|upkeep
|turn|11
|
|t:|1666012402
|move|p2a: Zapdos|Hurricane|p1a: Melmetal|[miss]
|-miss|p2a: Zapdos|p1a: Melmetal
|move|p1a: Melmetal|Thunder Punch|p2a: Zapdos
|-damage|p2a: Zapdos|16/100
|
|upkeep
|turn|12
|
|t:|1666012405
|move|p2a: Zapdos|Roost|p2a: Zapdos
|-heal|p2a: Zapdos|67/100
|-singleturn|p2a: Zapdos|move: Roost
|move|p1a: Melmetal|Thunder Punch|p2a: Zapdos
|-resisted|p2a: Zapdos
|-damage|p2a: Zapdos|54/100
|
|upkeep
|turn|13
|
|t:|1666012409
|move|p2a: Zapdos|Roost|p2a: Zapdos
|-heal|p2a: Zapdos|100/100
|-singleturn|p2a: Zapdos|move: Roost
|cant|p1a: Melmetal|par
|
|upkeep
|turn|14
|
|t:|1666012412
|move|p2a: Zapdos|Hurricane|p1a: Melmetal
|-resisted|p1a: Melmetal
|-damage|p1a: Melmetal|51/100 par
|move|p1a: Melmetal|Thunder Punch|p2a: Zapdos
|-damage|p2a: Zapdos|74/100
|
|upkeep
|turn|15
|
|t:|1666012416
|move|p2a: Zapdos|Roost|p2a: Zapdos
|-heal|p2a: Zapdos|100/100
|-singleturn|p2a: Zapdos|move: Roost
|cant|p1a: Melmetal|par
|
|upkeep
|turn|16
|
|t:|1666012418
|move|p2a: Zapdos|Hurricane|p1a: Melmetal|[miss]
|-miss|p2a: Zapdos|p1a: Melmetal
|move|p1a: Melmetal|Earthquake|p2a: Zapdos
|-immune|p2a: Zapdos
|
|upkeep
|turn|17
|
|t:|1666012420
|move|p2a: Zapdos|Hurricane|p1a: Melmetal|[miss]
|-miss|p2a: Zapdos|p1a: Melmetal
|move|p1a: Melmetal|Earthquake|p2a: Zapdos
|-immune|p2a: Zapdos
|
|upkeep
|turn|18
|
|t:|1666012422
|move|p2a: Zapdos|Volt Switch|p1a: Melmetal
|-damage|p1a: Melmetal|35/100 par
|
|t:|1666012425
|switch|p2a: Aegislash|Aegislash, F|100/100|[from]move: Volt Switch
|move|p1a: Melmetal|Earthquake|p2a: Aegislash
|-supereffective|p2a: Aegislash
|-crit|p2a: Aegislash
|-damage|p2a: Aegislash|0 fnt
|faint|p2a: Aegislash
|
|upkeep
|
|t:|1666012428
|switch|p2a: Dragapult|Dragapult, M|100/100
|turn|19
|
|t:|1666012436
|move|p2a: Dragapult|Shadow Ball|p1a: Melmetal
|-damage|p1a: Melmetal|9/100 par
|-unboost|p1a: Melmetal|spd|1
|cant|p1a: Melmetal|par
|
|upkeep
|turn|20
|
|t:|1666012438
|switch|p1a: Weavile|Weavile, M|100/100
|-ability|p1a: Weavile|Pressure
|move|p2a: Dragapult|Shadow Ball|p1a: Weavile
|-resisted|p1a: Weavile
|-damage|p1a: Weavile|63/100
|
|upkeep
|turn|21
|
|t:|1666012444
|switch|p2a: Zapdos|Zapdos|100/100
|move|p1a: Weavile|Triple Axel|p2a: Zapdos
|-supereffective|p2a: Zapdos
|-damage|p2a: Zapdos|76/100
|-supereffective|p2a: Zapdos
|-damage|p2a: Zapdos|33/100
|-supereffective|p2a: Zapdos
|-crit|p2a: Zapdos
|-damage|p2a: Zapdos|0 fnt
|faint|p2a: Zapdos
|-hitcount|p2: Zapdos|3
|
|upkeep
|
|t:|1666012447
|switch|p2a: Tyranitar|Tyranitar, F|100/100
|-weather|Sandstorm|[from] ability: Sand Stream|[of] p2a: Tyranitar
|turn|22
|
|t:|1666012451
|switch|p1a: Tangrowth|Tangrowth, M|64/100
|move|p2a: Tyranitar|Stealth Rock|p1a: Tangrowth
|-sidestart|p1: minimax_ai|move: Stealth Rock
|
|-weather|Sandstorm|[upkeep]
|-damage|p1a: Tangrowth|58/100|[from] Sandstorm
|upkeep
|turn|23
|
|t:|1666012458
|move|p2a: Tyranitar|Rock Blast|p1a: Tangrowth
|-damage|p1a: Tangrowth|51/100
|-damage|p1a: Tangrowth|45/100
|-hitcount|p1a: Tangrowth|2
|move|p1a: Tangrowth|Sleep Powder|p2a: Tyranitar|[miss]
|-miss|p1a: Tangrowth|p2a: Tyranitar
|
|-weather|Sandstorm|[upkeep]
|-damage|p1a: Tangrowth|39/100|[from] Sandstorm
|upkeep
|turn|24
|
|t:|1666012461
|move|p2a: Tyranitar|Thunder Wave|p1a: Tangrowth
|-status|p1a: Tangrowth|par
|cant|p1a: Tangrowth|par
|
|-weather|Sandstorm|[upkeep]
|-damage|p1a: Tangrowth|33/100 par|[from] Sandstorm
|upkeep
|turn|25
|
|t:|1666012464
|move|p2a: Tyranitar|Rock Blast|p1a: Tangrowth
|-damage|p1a: Tangrowth|27/100 par
|-damage|p1a: Tangrowth|21/100 par
|-damage|p1a: Tangrowth|15/100 par
|-hitcount|p1a: Tangrowth|3
|move|p1a: Tangrowth|Giga Drain|p2a: Tyranitar
|-supereffective|p2a: Tyranitar
|-damage|p2a: Tyranitar|78/100
|-heal|p1a: Tangrowth|27/100 par|[from] drain|[of] p2a: Tyranitar
|
|-weather|Sandstorm|[upkeep]
|-damage|p1a: Tangrowth|21/100 par|[from] Sandstorm
|-heal|p2a: Tyranitar|84/100|[from] item: Leftovers
|upkeep
|turn|26
|
|t:|1666012468
|switch|p2a: Dragapult|Dragapult, M|100/100
|switch|p1a: rotomwash|Rotom-Wash|100/100
|-damage|p1a: rotomwash|88/100|[from] Stealth Rock
|
|-weather|none
|-heal|p1a: rotomwash|94/100|[from] item: Leftovers
|upkeep
|turn|27
|
|t:|1666012470
|move|p2a: Dragapult|Shadow Ball|p1a: rotomwash
|-damage|p1a: rotomwash|44/100
|move|p1a: rotomwash|Pain Split|p2a: Dragapult
|-sethp|p2a: Dragapult|71/100|[from] move: Pain Split|[silent]
|-sethp|p1a: rotomwash|74/100|[from] move: Pain Split
|
|-heal|p1a: rotomwash|80/100|[from] item: Leftovers
|upkeep
|turn|28
|
|t:|1666012473
|move|p2a: Dragapult|Shadow Ball|p1a: rotomwash
|-damage|p1a: rotomwash|22/100
|-unboost|p1a: rotomwash|spd|1
|move|p1a: rotomwash|Pain Split|p2a: Dragapult
|-sethp|p2a: Dragapult|46/100|[from] move: Pain Split|[silent]
|-sethp|p1a: rotomwash|48/100|[from] move: Pain Split
|
|-heal|p1a: rotomwash|54/100|[from] item: Leftovers
|upkeep
|turn|29
|
|t:|1666012476
|switch|p1a: Melmetal|Melmetal|9/100 par
|-damage|p1a: Melmetal|3/100 par|[from] Stealth Rock
|move|p2a: Dragapult|Shadow Ball|p1a: Melmetal
|-damage|p1a: Melmetal|0 fnt
|faint|p1a: Melmetal
|
|upkeep
|
|t:|1666012476
|switch|p1a: Weavile|Weavile, M|63/100
|-damage|p1a: Weavile|38/100|[from] Stealth Rock
|-ability|p1a: Weavile|Pressure
|turn|30
|
|t:|1666012481
|switch|p2a: Tyranitar|Tyranitar, F|84/100
|-weather|Sandstorm|[from] ability: Sand Stream|[of] p2a: Tyranitar
|move|p1a: Weavile|Triple Axel|p2a: Tyranitar
|-damage|p2a: Tyranitar|71/100
|-damage|p2a: Tyranitar|47/100
|-damage|p2a: Tyranitar|11/100
|-hitcount|p2a: Tyranitar|3
|
|-weather|Sandstorm|[upkeep]
|-damage|p1a: Weavile|32/100|[from] Sandstorm
|-heal|p2a: Tyranitar|17/100|[from] item: Leftovers
|upkeep
|turn|31
|
|t:|1666012485
|move|p1a: Weavile|Triple Axel|p2a: Tyranitar|[miss]
|-miss|p1a: Weavile|p2a: Tyranitar
|move|p2a: Tyranitar|Rock Blast|p1a: Weavile
|-supereffective|p1a: Weavile
|-damage|p1a: Weavile|0 fnt
|faint|p1a: Weavile
|-hitcount|p1: Weavile|1
|
|-weather|Sandstorm|[upkeep]
|-heal|p2a: Tyranitar|23/100|[from] item: Leftovers
|upkeep
|
|t:|1666012485
|switch|p1a: Heatran|Heatran, M|100/100
|-damage|p1a: Heatran|88/100|[from] Stealth Rock
|-item|p1a: Heatran|Air Balloon
|turn|32
|
|t:|1666012488
|move|p1a: Heatran|Earth Power|p2a: Tyranitar
|-supereffective|p2a: Tyranitar
|-damage|p2a: Tyranitar|0 fnt
|faint|p2a: Tyranitar
|
|-weather|Sandstorm|[upkeep]
|upkeep
|
|t:|1666012494
|switch|p2a: Dragapult|Dragapult, M|46/100
|turn|33
|
|t:|1666012496
|switch|p1a: Tangrowth|Tangrowth, M|54/100 par
|-damage|p1a: Tangrowth|41/100 par|[from] Stealth Rock
|move|p2a: Dragapult|U-turn|p1a: Tangrowth
|-supereffective|p1a: Tangrowth
|-crit|p1a: Tangrowth
|-damage|p1a: Tangrowth|16/100 par
|-damage|p2a: Dragapult|30/100|[from] item: Rocky Helmet|[of] p1a: Tangrowth
|
|t:|1666012499
|switch|p2a: Rillaboom|Rillaboom, M|100/100|[from]move: U-turn
|-fieldstart|move: Grassy Terrain|[from] ability: Grassy Surge|[of] p2a: Rillaboom
|-enditem|p2a: Rillaboom|Grassy Seed
|-boost|p2a: Rillaboom|def|1|[from] item: Grassy Seed
|
|-weather|Sandstorm|[upkeep]
|-damage|p2a: Rillaboom|94/100|[from] Sandstorm
|-damage|p1a: Tangrowth|9/100 par|[from] Sandstorm
|-heal|p2a: Rillaboom|100/100|[from] Grassy Terrain
|-heal|p1a: Tangrowth|16/100 par|[from] Grassy Terrain
|upkeep
|turn|34
|
|t:|1666012505
|move|p2a: Rillaboom|Swords Dance|p2a: Rillaboom
|-boost|p2a: Rillaboom|atk|2
|move|p1a: Tangrowth|Focus Blast|p2a: Rillaboom
|-damage|p2a: Rillaboom|57/100
|
|-weather|none
|-heal|p2a: Rillaboom|64/100|[from] Grassy Terrain
|-heal|p1a: Tangrowth|22/100 par|[from] Grassy Terrain
|upkeep
|turn|35
|
|t:|1666012509
|move|p2a: Rillaboom|Knock Off|p1a: Tangrowth
|-damage|p1a: Tangrowth|0 fnt
|-damage|p2a: Rillaboom|47/100|[from] item: Rocky Helmet|[of] p1a: Tangrowth
|-enditem|p1a: Tangrowth|Rocky Helmet|[from] move: Knock Off|[of] p2a: Rillaboom
|faint|p1a: Tangrowth
|
|-heal|p2a: Rillaboom|53/100|[from] Grassy Terrain
|upkeep
|
|t:|1666012509
|switch|p1a: Heatran|Heatran, M|88/100
|-damage|p1a: Heatran|76/100|[from] Stealth Rock
|-item|p1a: Heatran|Air Balloon
|turn|36
|
|t:|1666012513
|move|p1a: Heatran|Eruption|p2a: Rillaboom
|-supereffective|p2a: Rillaboom
|-damage|p2a: Rillaboom|0 fnt
|faint|p2a: Rillaboom
|
|upkeep
|
|t:|1666012515
|switch|p2a: Dragapult|Dragapult, M|30/100
|turn|37
|
|t:|1666012516
|move|p2a: Dragapult|Shadow Ball|p1a: Heatran
|-damage|p1a: Heatran|20/100
|-enditem|p1a: Heatran|Air Balloon
|move|p1a: Heatran|Earth Power|p2a: Dragapult
|-damage|p2a: Dragapult|0 fnt
|faint|p2a: Dragapult
|
|win|minimax_ai
|raw|minimax_ai's rating: 1594 &rarr; <strong>1614</strong><br />(+20 for winning)
|raw|pinapple321's rating: 1593 &rarr; <strong>1573</strong><br />(-20 for losing)
|c|☆minimax_ai|gg
