|j|☆Wynna
|j|☆KFC Chizza
|inactive|Battle timer is ON: inactive players will automatically lose when time's up.
|t:|1635364394
|gametype|singles
|player|p1|Wynna|swimmerf-gen4|
|player|p2|KFC Chizza|unknown|
|teamsize|p1|6
|teamsize|p2|6
|gen|8
|tier|[Gen 8] OU
|rated|Tournament battle
|rule|Sleep Clause Mod: Limit one foe put to sleep
|rule|Species Clause: Limit one of each Pokémon
|rule|OHKO Clause: OHKO moves are banned
|rule|Evasion Moves Clause: Evasion moves are banned
|rule|Endless Battle Clause: Forcing endless battles is banned
|rule|HP Percentage Mod: HP is shown in percentages
|rule|Dynamax Clause: You cannot dynamax
|clearpoke
|poke|p1|Zapdos-Galar|
|poke|p1|Weavile, F|
|poke|p1|Ferrothorn, F|
|poke|p1|Landorus-Therian, M|
|poke|p1|Slowking-Galar, M|
|poke|p1|Corviknight, F|
|poke|p2|Reuniclus, M|
|poke|p2|Garchomp, M|
|poke|p2|Skarmory, F|
|poke|p2|Blissey, F|
|poke|p2|Clefable, M|
|poke|p2|Rotom-Heat|
|teampreview
|j|*Lady Monita ☽
|c|☆KFC Chizza|HF
|c|☆Wynna|hf
|
|t:|1635364418
|start
|switch|p1a: Landorus|Landorus-Therian, M|100/100
|switch|p2a: Garchomp|Garchomp, M|100/100
|-ability|p1a: Landorus|Intimidate|boost
|-unboost|p2a: Garchomp|atk|1
|turn|1
|j| Oreotrague
|l| Oreotrague
|
|t:|1635364447
|move|p2a: Garchomp|Toxic|p1a: Landorus
|-status|p1a: Landorus|tox
|move|p1a: Landorus|Stealth Rock|p2a: Garchomp
|-sidestart|p2: KFC Chizza|move: Stealth Rock
|
|-damage|p1a: Landorus|94/100 tox|[from] psn
|upkeep
|turn|2
|
|t:|1635364450
|move|p2a: Garchomp|Stealth Rock|p1a: Landorus
|-sidestart|p1: Wynna|move: Stealth Rock
|move|p1a: Landorus|U-turn|p2a: Garchomp
|-damage|p2a: Garchomp|81/100
|-damage|p1a: Landorus|82/100 tox|[from] ability: Rough Skin|[of] p2a: Garchomp
|
|t:|1635364462
|switch|p1a: Weavile|Weavile, F|100/100|[from]move: U-turn
|-ability|p1a: Weavile|Pressure
|
|-heal|p2a: Garchomp|88/100|[from] item: Leftovers
|upkeep
|turn|3
|
|t:|1635364465
|switch|p2a: Skarmory|Skarmory, F|100/100
|-damage|p2a: Skarmory|88/100|[from] Stealth Rock
|move|p1a: Weavile|Triple Axel|p2a: Skarmory
|-damage|p2a: Skarmory|82/100
|-damage|p1a: Weavile|84/100|[from] item: Rocky Helmet|[of] p2a: Skarmory
|-damage|p2a: Skarmory|69/100
|-damage|p1a: Weavile|68/100|[from] item: Rocky Helmet|[of] p2a: Skarmory
|-damage|p2a: Skarmory|51/100
|-damage|p1a: Weavile|51/100|[from] item: Rocky Helmet|[of] p2a: Skarmory
|-hitcount|p2a: Skarmory|3
|
|upkeep
|turn|4
|
|t:|1635364470
|move|p1a: Weavile|Knock Off|p2a: Skarmory
|-damage|p2a: Skarmory|25/100
|-damage|p1a: Weavile|35/100|[from] item: Rocky Helmet|[of] p2a: Skarmory
|-enditem|p2a: Skarmory|Rocky Helmet|[from] move: Knock Off|[of] p1a: Weavile
|move|p2a: Skarmory|Roost|p2a: Skarmory
|-heal|p2a: Skarmory|75/100
|-singleturn|p2a: Skarmory|move: Roost
|
|upkeep
|turn|5
|
|t:|1635364478
|switch|p1a: Corviknight|Corviknight, F|100/100
|-damage|p1a: Corviknight|88/100|[from] Stealth Rock
|-ability|p1a: Corviknight|Pressure
|move|p2a: Skarmory|Roost|p2a: Skarmory
|-heal|p2a: Skarmory|100/100
|-singleturn|p2a: Skarmory|move: Roost
|
|upkeep
|turn|6
|
|t:|1635364483
|move|p2a: Skarmory|Iron Defense|p2a: Skarmory
|-boost|p2a: Skarmory|def|2
|move|p1a: Corviknight|U-turn|p2a: Skarmory
|-resisted|p2a: Skarmory
|-damage|p2a: Skarmory|99/100
|
|t:|1635364487
|switch|p1a: Slowking|Slowking-Galar, M|100/100|[from]move: U-turn
|-damage|p1a: Slowking|88/100|[from] Stealth Rock
|
|upkeep
|turn|7
|
|t:|1635364492
|switch|p2a: Garchomp|Garchomp, M|88/100
|-damage|p2a: Garchomp|81/100|[from] Stealth Rock
|move|p1a: Slowking|Flamethrower|p2a: Garchomp
|-resisted|p2a: Garchomp
|-damage|p2a: Garchomp|74/100
|
|-heal|p2a: Garchomp|80/100|[from] item: Leftovers
|upkeep
|turn|8
|
|t:|1635364496
|switch|p1a: Corviknight|Corviknight, F|88/100
|-damage|p1a: Corviknight|75/100|[from] Stealth Rock
|-ability|p1a: Corviknight|Pressure
|move|p2a: Garchomp|Earthquake|p1a: Corviknight
|-immune|p1a: Corviknight
|
|-heal|p2a: Garchomp|86/100|[from] item: Leftovers
|upkeep
|turn|9
|
|t:|1635364499
|move|p2a: Garchomp|Stealth Rock||[still]
|-fail|p2a: Garchomp
|move|p1a: Corviknight|U-turn|p2a: Garchomp
|-damage|p2a: Garchomp|74/100
|-damage|p1a: Corviknight|63/100|[from] ability: Rough Skin|[of] p2a: Garchomp
|
|t:|1635364503
|switch|p1a: Weavile|Weavile, F|35/100|[from]move: U-turn
|-ability|p1a: Weavile|Pressure
|
|-heal|p2a: Garchomp|80/100|[from] item: Leftovers
|upkeep
|turn|10
|
|t:|1635364506
|switch|p2a: Skarmory|Skarmory, F|99/100
|-damage|p2a: Skarmory|87/100|[from] Stealth Rock
|move|p1a: Weavile|Triple Axel|p2a: Skarmory|[miss]
|-miss|p1a: Weavile|p2a: Skarmory
|
|upkeep
|turn|11
|
|t:|1635364512
|switch|p1a: Slowking|Slowking-Galar, M|100/100
|-damage|p1a: Slowking|88/100|[from] Stealth Rock
|move|p2a: Skarmory|Spikes|p1a: Slowking
|-sidestart|p1: Wynna|Spikes
|
|upkeep
|turn|12
|
|t:|1635364519
|move|p2a: Skarmory|Roost|p2a: Skarmory
|-heal|p2a: Skarmory|100/100
|-singleturn|p2a: Skarmory|move: Roost
|move|p1a: Slowking|Future Sight|p2a: Skarmory
|-start|p1a: Slowking|move: Future Sight
|
|upkeep
|turn|13
|
|t:|1635364527
|switch|p2a: Blissey|Blissey, F|100/100
|switch|p1a: Corviknight|Corviknight, F|63/100
|-damage|p1a: Corviknight|50/100|[from] Stealth Rock
|-ability|p1a: Corviknight|Pressure
|
|upkeep
|turn|14
|
|t:|1635364538
|switch|p2a: Garchomp|Garchomp, M|80/100
|-damage|p2a: Garchomp|74/100|[from] Stealth Rock
|move|p1a: Corviknight|Roost|p1a: Corviknight
|-heal|p1a: Corviknight|100/100
|-singleturn|p1a: Corviknight|move: Roost
|
|-end|p2a: Garchomp|move: Future Sight
|-damage|p2a: Garchomp|40/100
|-heal|p2a: Garchomp|46/100|[from] item: Leftovers
|upkeep
|turn|15
|
|t:|1635364544
|move|p2a: Garchomp|Rest|p2a: Garchomp
|-status|p2a: Garchomp|slp|[from] move: Rest
|-heal|p2a: Garchomp|100/100 slp|[silent]
|move|p1a: Corviknight|U-turn|p2a: Garchomp
|-damage|p2a: Garchomp|88/100 slp
|-damage|p1a: Corviknight|88/100|[from] ability: Rough Skin|[of] p2a: Garchomp
|
|t:|1635364546
|switch|p1a: Weavile|Weavile, F|35/100|[from]move: U-turn
|-ability|p1a: Weavile|Pressure
|
|-heal|p2a: Garchomp|94/100 slp|[from] item: Leftovers
|upkeep
|turn|16
|
|t:|1635364549
|switch|p2a: Skarmory|Skarmory, F|100/100
|-damage|p2a: Skarmory|88/100|[from] Stealth Rock
|move|p1a: Weavile|Triple Axel|p2a: Skarmory
|-damage|p2a: Skarmory|82/100
|-hitcount|p2a: Skarmory|1
|
|upkeep
|turn|17
|
|t:|1635364555
|switch|p1a: Slowking|Slowking-Galar, M|100/100
|-damage|p1a: Slowking|88/100|[from] Stealth Rock
|-damage|p1a: Slowking|76/100|[from] Spikes
|move|p2a: Skarmory|Roost|p2a: Skarmory
|-heal|p2a: Skarmory|100/100
|-singleturn|p2a: Skarmory|move: Roost
|
|upkeep
|turn|18
|
|t:|1635364560
|switch|p2a: Blissey|Blissey, F|100/100
|move|p1a: Slowking|Future Sight|p2a: Blissey
|-start|p1a: Slowking|move: Future Sight
|
|upkeep
|turn|19
|
|t:|1635364567
|move|p2a: Blissey|Toxic|p1a: Slowking
|-immune|p1a: Slowking
|move|p1a: Slowking|Flamethrower|p2a: Blissey
|-damage|p2a: Blissey|92/100
|
|upkeep
|turn|20
|
|t:|1635364571
|switch|p1a: Corviknight|Corviknight, F|88/100
|-damage|p1a: Corviknight|75/100|[from] Stealth Rock
|-ability|p1a: Corviknight|Pressure
|move|p2a: Blissey|Heal Bell|p2a: Blissey
|-activate|p2a: Blissey|move: Heal Bell
|-curestatus|p2: Garchomp|slp|[msg]
|
|-end|p2a: Blissey|move: Future Sight
|-damage|p2a: Blissey|74/100
|upkeep
|turn|21
|
|t:|1635364581
|switch|p2a: Rotom|Rotom-Heat|100/100
|move|p1a: Corviknight|U-turn|p2a: Rotom
|-resisted|p2a: Rotom
|-damage|p2a: Rotom|93/100
|
|t:|1635364585
|switch|p1a: Slowking|Slowking-Galar, M|100/100|[from]move: U-turn
|-damage|p1a: Slowking|88/100|[from] Spikes
|-damage|p1a: Slowking|76/100|[from] Stealth Rock
|
|upkeep
|turn|22
|
|t:|1635364593
|switch|p2a: Blissey|Blissey, F|74/100
|move|p1a: Slowking|Future Sight|p2a: Blissey
|-start|p1a: Slowking|move: Future Sight
|
|upkeep
|turn|23
|
|t:|1635364596
|switch|p1a: Corviknight|Corviknight, F|75/100
|-damage|p1a: Corviknight|63/100|[from] Stealth Rock
|-ability|p1a: Corviknight|Pressure
|move|p2a: Blissey|Toxic|p1a: Corviknight
|-immune|p1a: Corviknight
|
|upkeep
|turn|24
|
|t:|1635364600
|move|p1a: Corviknight|Roost|p1a: Corviknight
|-heal|p1a: Corviknight|100/100
|-singleturn|p1a: Corviknight|move: Roost
|move|p2a: Blissey|Soft-Boiled|p2a: Blissey
|-heal|p2a: Blissey|100/100
|
|-end|p2a: Blissey|move: Future Sight
|-crit|p2a: Blissey
|-damage|p2a: Blissey|72/100
|upkeep
|turn|25
|
|t:|1635364604
|move|p1a: Corviknight|Body Press|p2a: Blissey
|-supereffective|p2a: Blissey
|-damage|p2a: Blissey|27/100
|move|p2a: Blissey|Soft-Boiled|p2a: Blissey
|-heal|p2a: Blissey|77/100
|
|upkeep
|turn|26
|
|t:|1635364608
|move|p1a: Corviknight|U-turn|p2a: Blissey
|-damage|p2a: Blissey|65/100
|
|t:|1635364610
|switch|p1a: Zapdos|Zapdos-Galar|100/100|[from]move: U-turn
|-damage|p1a: Zapdos|88/100|[from] Stealth Rock
|move|p2a: Blissey|Soft-Boiled|p2a: Blissey
|-heal|p2a: Blissey|100/100
|
|upkeep
|turn|27
|
|t:|1635364617
|switch|p2a: Reuniclus|Reuniclus, M|100/100
|move|p1a: Zapdos|Close Combat|p2a: Reuniclus
|-resisted|p2a: Reuniclus
|-damage|p2a: Reuniclus|69/100
|-unboost|p1a: Zapdos|def|1
|-unboost|p1a: Zapdos|spd|1
|-damage|p1a: Zapdos|72/100|[from] item: Rocky Helmet|[of] p2a: Reuniclus
|
|upkeep
|turn|28
|
|t:|1635364623
|switch|p1a: Corviknight|Corviknight, F|100/100
|-damage|p1a: Corviknight|88/100|[from] Stealth Rock
|-ability|p1a: Corviknight|Pressure
|move|p2a: Reuniclus|Recover|p2a: Reuniclus
|-heal|p2a: Reuniclus|100/100
|
|upkeep
|turn|29
|
|t:|1635364640
|switch|p2a: Rotom|Rotom-Heat|93/100
|move|p1a: Corviknight|U-turn|p2a: Rotom
|-resisted|p2a: Rotom
|-damage|p2a: Rotom|85/100
|
|t:|1635364644
|switch|p1a: Slowking|Slowking-Galar, M|100/100|[from]move: U-turn
|-damage|p1a: Slowking|88/100|[from] Stealth Rock
|-damage|p1a: Slowking|76/100|[from] Spikes
|
|upkeep
|turn|30
|
|t:|1635364649
|switch|p2a: Blissey|Blissey, F|100/100
|move|p1a: Slowking|Future Sight|p2a: Blissey
|-start|p1a: Slowking|move: Future Sight
|
|upkeep
|turn|31
|
|t:|1635364653
|switch|p1a: Ferrothorn|Ferrothorn, F|100/100
|-damage|p1a: Ferrothorn|94/100|[from] Stealth Rock
|-damage|p1a: Ferrothorn|82/100|[from] Spikes
|move|p2a: Blissey|Toxic|p1a: Ferrothorn
|-immune|p1a: Ferrothorn
|
|-heal|p1a: Ferrothorn|88/100|[from] item: Leftovers
|upkeep
|turn|32
|
|t:|1635364660
|switch|p2a: Skarmory|Skarmory, F|100/100
|-damage|p2a: Skarmory|88/100|[from] Stealth Rock
|move|p1a: Ferrothorn|Spikes|p2a: Skarmory
|-sidestart|p2: KFC Chizza|Spikes
|
|-end|p2a: Skarmory|move: Future Sight
|-resisted|p2a: Skarmory
|-damage|p2a: Skarmory|54/100
|-heal|p1a: Ferrothorn|94/100|[from] item: Leftovers
|upkeep
|turn|33
|
|t:|1635364664
|move|p2a: Skarmory|Roost|p2a: Skarmory
|-heal|p2a: Skarmory|100/100
|-singleturn|p2a: Skarmory|move: Roost
|move|p1a: Ferrothorn|Spikes|p2a: Skarmory
|-sidestart|p2: KFC Chizza|Spikes
|
|-heal|p1a: Ferrothorn|100/100|[from] item: Leftovers
|upkeep
|turn|34
|
|t:|1635364671
|move|p2a: Skarmory|Spikes|p1a: Ferrothorn
|-sidestart|p1: Wynna|Spikes
|move|p1a: Ferrothorn|Leech Seed|p2a: Skarmory
|-start|p2a: Skarmory|move: Leech Seed
|
|-damage|p2a: Skarmory|88/100|[from] Leech Seed|[of] p1a: Ferrothorn
|upkeep
|turn|35
|
|t:|1635364675
|switch|p1a: Zapdos|Zapdos-Galar|72/100
|-damage|p1a: Zapdos|59/100|[from] Stealth Rock
|move|p2a: Skarmory|Spikes|p1a: Zapdos
|-sidestart|p1: Wynna|Spikes
|
|-damage|p2a: Skarmory|76/100|[from] Leech Seed|[of] p1a: Zapdos
|-heal|p1a: Zapdos|72/100|[silent]
|upkeep
|turn|36
|
|t:|1635364680
|move|p1a: Zapdos|U-turn|p2a: Skarmory
|-resisted|p2a: Skarmory
|-damage|p2a: Skarmory|71/100
|
|t:|1635364683
|switch|p1a: Corviknight|Corviknight, F|88/100|[from]move: U-turn
|-damage|p1a: Corviknight|75/100|[from] Stealth Rock
|-ability|p1a: Corviknight|Pressure
|move|p2a: Skarmory|Roost|p2a: Skarmory
|-heal|p2a: Skarmory|100/100
|-singleturn|p2a: Skarmory|move: Roost
|
|-damage|p2a: Skarmory|88/100|[from] Leech Seed|[of] p1a: Corviknight
|-heal|p1a: Corviknight|86/100|[silent]
|upkeep
|turn|37
|
|t:|1635364693
|switch|p2a: Rotom|Rotom-Heat|85/100
|move|p1a: Corviknight|U-turn|p2a: Rotom
|-resisted|p2a: Rotom
|-damage|p2a: Rotom|78/100
|
|t:|1635364703
|switch|p1a: Slowking|Slowking-Galar, M|100/100|[from]move: U-turn
|-damage|p1a: Slowking|76/100|[from] Spikes
|-damage|p1a: Slowking|63/100|[from] Stealth Rock
|
|upkeep
|turn|38
|
|t:|1635364709
|switch|p2a: Blissey|Blissey, F|100/100
|move|p1a: Slowking|Sludge Bomb|p2a: Blissey
|-damage|p2a: Blissey|88/100
|
|upkeep
|turn|39
|
|t:|1635364714
|move|p2a: Blissey|Seismic Toss|p1a: Slowking
|-damage|p1a: Slowking|38/100
|move|p1a: Slowking|Future Sight|p2a: Blissey
|-start|p1a: Slowking|move: Future Sight
|
|upkeep
|turn|40
|
|t:|1635364717
|switch|p1a: Corviknight|Corviknight, F|86/100
|-damage|p1a: Corviknight|73/100|[from] Stealth Rock
|-ability|p1a: Corviknight|Pressure
|move|p2a: Blissey|Toxic|p1a: Corviknight
|-immune|p1a: Corviknight
|
|upkeep
|turn|41
|
|t:|1635364730
|move|p1a: Corviknight|Body Press|p2a: Blissey
|-supereffective|p2a: Blissey
|-damage|p2a: Blissey|45/100
|move|p2a: Blissey|Soft-Boiled|p2a: Blissey
|-heal|p2a: Blissey|95/100
|
|-end|p2a: Blissey|move: Future Sight
|-damage|p2a: Blissey|76/100
|upkeep
|turn|42
|
|t:|1635364733
|move|p1a: Corviknight|Defog|p2a: Blissey
|-unboost|p2a: Blissey|evasion|1
|-sideend|p2: KFC Chizza|Spikes|[from] move: Defog|[of] p1a: Corviknight
|-sideend|p2: KFC Chizza|Stealth Rock|[from] move: Defog|[of] p1a: Corviknight
|-sideend|p1: Wynna|Spikes|[from] move: Defog|[of] p1a: Corviknight
|-sideend|p1: Wynna|Stealth Rock|[from] move: Defog|[of] p1a: Corviknight
|move|p2a: Blissey|Soft-Boiled|p2a: Blissey
|-heal|p2a: Blissey|100/100
|
|upkeep
|turn|43
|
|t:|1635364741
|move|p1a: Corviknight|U-turn|p2a: Blissey
|-damage|p2a: Blissey|88/100
|
|t:|1635364743
|switch|p1a: Slowking|Slowking-Galar, M|71/100|[from]move: U-turn
|move|p2a: Blissey|Seismic Toss|p1a: Slowking
|-damage|p1a: Slowking|46/100
|
|upkeep
|turn|44
|
|t:|1635364746
|switch|p2a: Garchomp|Garchomp, M|94/100
|switch|p1a: Corviknight|Corviknight, F|73/100
|-ability|p1a: Corviknight|Pressure
|
|-heal|p2a: Garchomp|100/100|[from] item: Leftovers
|upkeep
|turn|45
|
|t:|1635364750
|move|p2a: Garchomp|Stealth Rock|p1a: Corviknight
|-sidestart|p1: Wynna|move: Stealth Rock
|move|p1a: Corviknight|Defog|p2a: Garchomp
|-unboost|p2a: Garchomp|evasion|1
|-sideend|p1: Wynna|Stealth Rock|[from] move: Defog|[of] p1a: Corviknight
|
|upkeep
|turn|46
|
|t:|1635364756
|move|p2a: Garchomp|Stealth Rock|p1a: Corviknight
|-sidestart|p1: Wynna|move: Stealth Rock
|move|p1a: Corviknight|Defog|p2a: Garchomp
|-unboost|p2a: Garchomp|evasion|1
|-sideend|p1: Wynna|Stealth Rock|[from] move: Defog|[of] p1a: Corviknight
|
|upkeep
|turn|47
|
|t:|1635364759
|switch|p2a: Rotom|Rotom-Heat|78/100
|move|p1a: Corviknight|Defog|p2a: Rotom
|-unboost|p2a: Rotom|evasion|1
|
|upkeep
|turn|48
|
|t:|1635364763
|switch|p1a: Slowking|Slowking-Galar, M|79/100
|move|p2a: Rotom|Nasty Plot|p2a: Rotom
|-boost|p2a: Rotom|spa|2
|
|upkeep
|turn|49
|
|t:|1635364767
|move|p2a: Rotom|Discharge|p1a: Slowking
|-damage|p1a: Slowking|49/100
|move|p1a: Slowking|Sludge Bomb|p2a: Rotom
|-damage|p2a: Rotom|38/100
|
|upkeep
|turn|50
|j| DPP life Enjoyer
|
|t:|1635364778
|move|p2a: Rotom|Overheat|p1a: Slowking
|-damage|p1a: Slowking|5/100
|-unboost|p2a: Rotom|spa|2
|move|p1a: Slowking|Sludge Bomb|p2a: Rotom
|-damage|p2a: Rotom|0 fnt
|faint|p2a: Rotom
|
|upkeep
|
|t:|1635364797
|switch|p2a: Clefable|Clefable, M|100/100
|turn|51
|
|t:|1635364804
|switch|p1a: Ferrothorn|Ferrothorn, F|100/100
|move|p2a: Clefable|Calm Mind|p2a: Clefable
|-boost|p2a: Clefable|spa|1
|-boost|p2a: Clefable|spd|1
|
|upkeep
|turn|52
|
|t:|1635364813
|move|p2a: Clefable|Flamethrower|p1a: Ferrothorn
|-supereffective|p1a: Ferrothorn
|-damage|p1a: Ferrothorn|21/100
|move|p1a: Ferrothorn|Knock Off|p2a: Clefable
|-resisted|p2a: Clefable
|-damage|p2a: Clefable|93/100
|-enditem|p2a: Clefable|Heavy-Duty Boots|[from] move: Knock Off|[of] p1a: Ferrothorn
|
|-heal|p1a: Ferrothorn|27/100|[from] item: Leftovers
|upkeep
|turn|53
|
|t:|1635364820
|switch|p1a: Landorus|Landorus-Therian, M|82/100 tox
|-ability|p1a: Landorus|Intimidate|boost
|-unboost|p2a: Clefable|atk|1
|move|p2a: Clefable|Flamethrower|p1a: Landorus
|-damage|p1a: Landorus|60/100 tox
|
|-heal|p1a: Landorus|66/100 tox|[from] item: Leftovers
|-damage|p1a: Landorus|60/100 tox|[from] psn
|upkeep
|turn|54
|
|t:|1635364826
|move|p1a: Landorus|Stealth Rock|p2a: Clefable
|-sidestart|p2: KFC Chizza|move: Stealth Rock
|move|p2a: Clefable|Moonblast|p1a: Landorus
|-damage|p1a: Landorus|26/100 tox
|
|-heal|p1a: Landorus|32/100 tox|[from] item: Leftovers
|-damage|p1a: Landorus|20/100 tox|[from] psn
|upkeep
|turn|55
|
|t:|1635364829
|move|p1a: Landorus|Earthquake|p2a: Clefable
|-damage|p2a: Clefable|58/100
|move|p2a: Clefable|Flamethrower|p1a: Landorus
|-damage|p1a: Landorus|0 fnt
|faint|p1a: Landorus
|
|upkeep
|
|t:|1635364831
|switch|p1a: Zapdos|Zapdos-Galar|72/100
|turn|56
|
|t:|1635364838
|switch|p2a: Reuniclus|Reuniclus, M|100/100
|move|p1a: Zapdos|Brave Bird|p2a: Reuniclus
|-damage|p2a: Reuniclus|37/100
|-damage|p1a: Zapdos|55/100|[from] item: Rocky Helmet|[of] p2a: Reuniclus
|-damage|p1a: Zapdos|28/100|[from] Recoil
|
|upkeep
|turn|57
|
|t:|1635364844
|switch|p1a: Slowking|Slowking-Galar, M|39/100
|switch|p2a: Skarmory|Skarmory, F|88/100
|-damage|p2a: Skarmory|76/100|[from] Stealth Rock
|
|upkeep
|turn|58
|
|t:|1635364849
|switch|p2a: Garchomp|Garchomp, M|100/100
|-damage|p2a: Garchomp|94/100|[from] Stealth Rock
|move|p1a: Slowking|Future Sight|p2a: Garchomp
|-start|p1a: Slowking|move: Future Sight
|
|-heal|p2a: Garchomp|100/100|[from] item: Leftovers
|upkeep
|turn|59
|
|t:|1635364858
|switch|p1a: Zapdos|Zapdos-Galar|28/100
|move|p2a: Garchomp|Stealth Rock|p1a: Zapdos
|-sidestart|p1: Wynna|move: Stealth Rock
|
|upkeep
|turn|60
|
|t:|1635364870
|move|p1a: Zapdos|Close Combat|p2a: Garchomp
|-damage|p2a: Garchomp|27/100
|-unboost|p1a: Zapdos|def|1
|-unboost|p1a: Zapdos|spd|1
|-damage|p1a: Zapdos|15/100|[from] ability: Rough Skin|[of] p2a: Garchomp
|move|p2a: Garchomp|Rest|p2a: Garchomp
|-status|p2a: Garchomp|slp|[from] move: Rest
|-heal|p2a: Garchomp|100/100 slp|[silent]
|
|-end|p2a: Garchomp|move: Future Sight
|-damage|p2a: Garchomp|68/100 slp
|-heal|p2a: Garchomp|74/100 slp|[from] item: Leftovers
|upkeep
|turn|61
|
|t:|1635364886
|switch|p1a: Corviknight|Corviknight, F|73/100
|-damage|p1a: Corviknight|61/100|[from] Stealth Rock
|-ability|p1a: Corviknight|Pressure
|switch|p2a: Reuniclus|Reuniclus, M|37/100
|
|upkeep
|turn|62
|
|t:|1635364893
|move|p1a: Corviknight|U-turn|p2a: Reuniclus
|-supereffective|p2a: Reuniclus
|-damage|p2a: Reuniclus|17/100
|-damage|p1a: Corviknight|44/100|[from] item: Rocky Helmet|[of] p2a: Reuniclus
|
|t:|1635364896
|switch|p1a: Slowking|Slowking-Galar, M|72/100|[from]move: U-turn
|-damage|p1a: Slowking|59/100|[from] Stealth Rock
|move|p2a: Reuniclus|Recover|p2a: Reuniclus
|-heal|p2a: Reuniclus|67/100
|
|upkeep
|turn|63
|
|t:|1635364903
|move|p2a: Reuniclus|Recover|p2a: Reuniclus
|-heal|p2a: Reuniclus|100/100
|move|p1a: Slowking|Sludge Bomb|p2a: Reuniclus
|-damage|p2a: Reuniclus|64/100
|
|upkeep
|turn|64
|
|t:|1635364908
|move|p2a: Reuniclus|Calm Mind|p2a: Reuniclus
|-boost|p2a: Reuniclus|spa|1
|-boost|p2a: Reuniclus|spd|1
|move|p1a: Slowking|Sludge Bomb|p2a: Reuniclus
|-damage|p2a: Reuniclus|40/100
|-status|p2a: Reuniclus|psn
|
|upkeep
|turn|65
|
|t:|1635364912
|switch|p1a: Corviknight|Corviknight, F|44/100
|-damage|p1a: Corviknight|32/100|[from] Stealth Rock
|-ability|p1a: Corviknight|Pressure
|move|p2a: Reuniclus|Recover|p2a: Reuniclus
|-heal|p2a: Reuniclus|90/100 psn
|
|upkeep
|turn|66
|
|t:|1635364920
|switch|p2a: Clefable|Clefable, M|58/100
|-damage|p2a: Clefable|45/100|[from] Stealth Rock
|move|p1a: Corviknight|Roost|p1a: Corviknight
|-heal|p1a: Corviknight|82/100
|-singleturn|p1a: Corviknight|move: Roost
|
|upkeep
|turn|67
|
|t:|1635364923
|move|p1a: Corviknight|U-turn|p2a: Clefable
|-resisted|p2a: Clefable
|-damage|p2a: Clefable|40/100
|
|t:|1635364925
|switch|p1a: Slowking|Slowking-Galar, M|93/100|[from]move: U-turn
|-damage|p1a: Slowking|80/100|[from] Stealth Rock
|move|p2a: Clefable|Soft-Boiled|p2a: Clefable
|-heal|p2a: Clefable|90/100
|
|upkeep
|turn|68
|
|t:|1635364933
|switch|p2a: Blissey|Blissey, F|88/100
|move|p1a: Slowking|Future Sight|p2a: Blissey
|-start|p1a: Slowking|move: Future Sight
|
|upkeep
|turn|69
|
|t:|1635364938
|switch|p1a: Corviknight|Corviknight, F|82/100
|-damage|p1a: Corviknight|69/100|[from] Stealth Rock
|-ability|p1a: Corviknight|Pressure
|move|p2a: Blissey|Toxic|p1a: Corviknight
|-immune|p1a: Corviknight
|
|upkeep
|turn|70
|
|t:|1635364947
|move|p1a: Corviknight|U-turn|p2a: Blissey
|-damage|p2a: Blissey|76/100
|
|t:|1635364948
|switch|p1a: Weavile|Weavile, F|35/100|[from]move: U-turn
|-ability|p1a: Weavile|Pressure
|move|p2a: Blissey|Soft-Boiled|p2a: Blissey
|-heal|p2a: Blissey|100/100
|
|-end|p2a: Blissey|move: Future Sight
|-damage|p2a: Blissey|81/100
|upkeep
|turn|71
|
|t:|1635364955
|switch|p1a: Corviknight|Corviknight, F|69/100
|-damage|p1a: Corviknight|57/100|[from] Stealth Rock
|-ability|p1a: Corviknight|Pressure
|move|p2a: Blissey|Toxic|p1a: Corviknight
|-immune|p1a: Corviknight
|
|upkeep
|turn|72
|
|t:|1635364958
|switch|p2a: Skarmory|Skarmory, F|76/100
|-damage|p2a: Skarmory|64/100|[from] Stealth Rock
|move|p1a: Corviknight|Roost|p1a: Corviknight
|-heal|p1a: Corviknight|100/100
|-singleturn|p1a: Corviknight|move: Roost
|
|upkeep
|turn|73
|
|t:|1635364964
|move|p2a: Skarmory|Roost|p2a: Skarmory
|-heal|p2a: Skarmory|100/100
|-singleturn|p2a: Skarmory|move: Roost
|move|p1a: Corviknight|U-turn|p2a: Skarmory
|-resisted|p2a: Skarmory
|-damage|p2a: Skarmory|97/100
|
|t:|1635364966
|switch|p1a: Slowking|Slowking-Galar, M|100/100|[from]move: U-turn
|-damage|p1a: Slowking|88/100|[from] Stealth Rock
|
|upkeep
|turn|74
|
|t:|1635364969
|switch|p2a: Blissey|Blissey, F|81/100
|move|p1a: Slowking|Flamethrower|p2a: Blissey
|-damage|p2a: Blissey|72/100
|
|upkeep
|turn|75
|
|t:|1635364976
|move|p2a: Blissey|Heal Bell|p2a: Blissey
|-activate|p2a: Blissey|move: Heal Bell
|-curestatus|p2: Garchomp|slp|[msg]
|-curestatus|p2: Reuniclus|psn|[msg]
|move|p1a: Slowking|Future Sight|p2a: Blissey
|-start|p1a: Slowking|move: Future Sight
|
|upkeep
|turn|76
|
|t:|1635364979
|switch|p1a: Corviknight|Corviknight, F|100/100
|-damage|p1a: Corviknight|88/100|[from] Stealth Rock
|-ability|p1a: Corviknight|Pressure
|move|p2a: Blissey|Toxic|p1a: Corviknight
|-immune|p1a: Corviknight
|
|upkeep
|turn|77
|
|t:|1635364987
|move|p1a: Corviknight|U-turn|p2a: Blissey
|-damage|p2a: Blissey|59/100
|
|t:|1635364991
|switch|p1a: Ferrothorn|Ferrothorn, F|27/100|[from]move: U-turn
|-damage|p1a: Ferrothorn|21/100|[from] Stealth Rock
|move|p2a: Blissey|Soft-Boiled|p2a: Blissey
|-heal|p2a: Blissey|100/100
|
|-end|p2a: Blissey|move: Future Sight
|-damage|p2a: Blissey|82/100
|-heal|p1a: Ferrothorn|27/100|[from] item: Leftovers
|upkeep
|turn|78
|
|t:|1635364997
|switch|p2a: Reuniclus|Reuniclus, M|90/100
|move|p1a: Ferrothorn|Leech Seed|p2a: Reuniclus
|-start|p2a: Reuniclus|move: Leech Seed
|
|-heal|p1a: Ferrothorn|33/100|[from] item: Leftovers
|upkeep
|turn|79
|
|t:|1635365005
|switch|p2a: Skarmory|Skarmory, F|97/100
|-damage|p2a: Skarmory|84/100|[from] Stealth Rock
|move|p1a: Ferrothorn|Spikes|p2a: Skarmory
|-sidestart|p2: KFC Chizza|Spikes
|
|-heal|p1a: Ferrothorn|40/100|[from] item: Leftovers
|upkeep
|turn|80
|
|t:|1635365013
|move|p2a: Skarmory|Spikes|p1a: Ferrothorn
|-sidestart|p1: Wynna|Spikes
|move|p1a: Ferrothorn|Leech Seed|p2a: Skarmory
|-start|p2a: Skarmory|move: Leech Seed
|
|-heal|p1a: Ferrothorn|46/100|[from] item: Leftovers
|-damage|p2a: Skarmory|72/100|[from] Leech Seed|[of] p1a: Ferrothorn
|-heal|p1a: Ferrothorn|58/100|[silent]
|upkeep
|turn|81
|
|t:|1635365018
|switch|p1a: Slowking|Slowking-Galar, M|100/100
|-damage|p1a: Slowking|88/100|[from] Spikes
|-damage|p1a: Slowking|76/100|[from] Stealth Rock
|move|p2a: Skarmory|Body Press|p1a: Slowking
|-resisted|p1a: Slowking
|-damage|p1a: Slowking|67/100
|
|-damage|p2a: Skarmory|60/100|[from] Leech Seed|[of] p1a: Slowking
|-heal|p1a: Slowking|77/100|[silent]
|upkeep
|turn|82
|
|t:|1635365023
|switch|p2a: Blissey|Blissey, F|82/100
|switch|p1a: Corviknight|Corviknight, F|88/100
|-damage|p1a: Corviknight|75/100|[from] Stealth Rock
|-ability|p1a: Corviknight|Pressure
|
|upkeep
|turn|83
|
|t:|1635365030
|move|p1a: Corviknight|Body Press|p2a: Blissey
|-supereffective|p2a: Blissey
|-damage|p2a: Blissey|42/100
|move|p2a: Blissey|Soft-Boiled|p2a: Blissey
|-heal|p2a: Blissey|92/100
|
|upkeep
|turn|84
|
|t:|1635365033
|move|p1a: Corviknight|Body Press|p2a: Blissey
|-supereffective|p2a: Blissey
|-damage|p2a: Blissey|50/100
|move|p2a: Blissey|Soft-Boiled|p2a: Blissey
|-heal|p2a: Blissey|99/100
|
|upkeep
|turn|85
|
|t:|1635365037
|switch|p2a: Skarmory|Skarmory, F|60/100
|-damage|p2a: Skarmory|48/100|[from] Stealth Rock
|move|p1a: Corviknight|Body Press|p2a: Skarmory
|-damage|p2a: Skarmory|33/100
|
|upkeep
|turn|86
|
|t:|1635365042
|move|p2a: Skarmory|Roost|p2a: Skarmory
|-heal|p2a: Skarmory|83/100
|-singleturn|p2a: Skarmory|move: Roost
|move|p1a: Corviknight|Roost|p1a: Corviknight
|-heal|p1a: Corviknight|100/100
|-singleturn|p1a: Corviknight|move: Roost
|
|upkeep
|turn|87
|
|t:|1635365045
|move|p2a: Skarmory|Spikes|p1a: Corviknight
|-sidestart|p1: Wynna|Spikes
|move|p1a: Corviknight|Body Press|p2a: Skarmory
|-damage|p2a: Skarmory|70/100
|
|upkeep
|turn|88
|
|t:|1635365049
|move|p2a: Skarmory|Roost|p2a: Skarmory
|-heal|p2a: Skarmory|100/100
|-singleturn|p2a: Skarmory|move: Roost
|move|p1a: Corviknight|Defog|p2a: Skarmory
|-unboost|p2a: Skarmory|evasion|1
|-sideend|p2: KFC Chizza|Spikes|[from] move: Defog|[of] p1a: Corviknight
|-sideend|p2: KFC Chizza|Stealth Rock|[from] move: Defog|[of] p1a: Corviknight
|-sideend|p1: Wynna|Spikes|[from] move: Defog|[of] p1a: Corviknight
|-sideend|p1: Wynna|Stealth Rock|[from] move: Defog|[of] p1a: Corviknight
|
|upkeep
|turn|89
|
|t:|1635365054
|switch|p1a: Slowking|Slowking-Galar, M|100/100
|move|p2a: Skarmory|Spikes|p1a: Slowking
|-sidestart|p1: Wynna|Spikes
|
|upkeep
|turn|90
|
|t:|1635365057
|switch|p2a: Garchomp|Garchomp, M|74/100
|switch|p1a: Corviknight|Corviknight, F|100/100
|-ability|p1a: Corviknight|Pressure
|
|-heal|p2a: Garchomp|80/100|[from] item: Leftovers
|upkeep
|turn|91
|
|t:|1635365063
|move|p2a: Garchomp|Stealth Rock|p1a: Corviknight
|-sidestart|p1: Wynna|move: Stealth Rock
|move|p1a: Corviknight|Defog|p2a: Garchomp
|-unboost|p2a: Garchomp|evasion|1
|-sideend|p1: Wynna|Spikes|[from] move: Defog|[of] p1a: Corviknight
|-sideend|p1: Wynna|Stealth Rock|[from] move: Defog|[of] p1a: Corviknight
|
|-heal|p2a: Garchomp|87/100|[from] item: Leftovers
|upkeep
|turn|92
|
|t:|1635365068
|move|p2a: Garchomp|Stealth Rock|p1a: Corviknight
|-sidestart|p1: Wynna|move: Stealth Rock
|move|p1a: Corviknight|Body Press|p2a: Garchomp
|-damage|p2a: Garchomp|66/100
|-damage|p1a: Corviknight|88/100|[from] ability: Rough Skin|[of] p2a: Garchomp
|
|-heal|p2a: Garchomp|72/100|[from] item: Leftovers
|upkeep
|turn|93
|
|t:|1635365072
|move|p2a: Garchomp|Toxic|p1a: Corviknight
|-immune|p1a: Corviknight
|move|p1a: Corviknight|Defog|p2a: Garchomp
|-unboost|p2a: Garchomp|evasion|1
|-sideend|p1: Wynna|Stealth Rock|[from] move: Defog|[of] p1a: Corviknight
|
|-heal|p2a: Garchomp|78/100|[from] item: Leftovers
|upkeep
|turn|94
|
|t:|1635365075
|switch|p1a: Ferrothorn|Ferrothorn, F|58/100
|move|p2a: Garchomp|Stealth Rock|p1a: Ferrothorn
|-sidestart|p1: Wynna|move: Stealth Rock
|
|-heal|p2a: Garchomp|84/100|[from] item: Leftovers
|-heal|p1a: Ferrothorn|64/100|[from] item: Leftovers
|upkeep
|turn|95
|
|t:|1635365080
|switch|p2a: Skarmory|Skarmory, F|100/100
|move|p1a: Ferrothorn|Leech Seed|p2a: Skarmory
|-start|p2a: Skarmory|move: Leech Seed
|
|-heal|p1a: Ferrothorn|70/100|[from] item: Leftovers
|-damage|p2a: Skarmory|88/100|[from] Leech Seed|[of] p1a: Ferrothorn
|-heal|p1a: Ferrothorn|82/100|[silent]
|upkeep
|turn|96
|
|t:|1635365085
|switch|p1a: Corviknight|Corviknight, F|88/100
|-damage|p1a: Corviknight|75/100|[from] Stealth Rock
|-ability|p1a: Corviknight|Pressure
|move|p2a: Skarmory|Iron Defense|p2a: Skarmory
|-boost|p2a: Skarmory|def|2
|
|-damage|p2a: Skarmory|76/100|[from] Leech Seed|[of] p1a: Corviknight
|-heal|p1a: Corviknight|86/100|[silent]
|upkeep
|turn|97
|
|t:|1635365089
|switch|p2a: Garchomp|Garchomp, M|84/100
|move|p1a: Corviknight|U-turn|p2a: Garchomp
|-damage|p2a: Garchomp|73/100
|-damage|p1a: Corviknight|73/100|[from] ability: Rough Skin|[of] p2a: Garchomp
|
|t:|1635365092
|switch|p1a: Weavile|Weavile, F|35/100|[from]move: U-turn
|-ability|p1a: Weavile|Pressure
|
|-heal|p2a: Garchomp|79/100|[from] item: Leftovers
|upkeep
|turn|98
|
|t:|1635365098
|switch|p2a: Reuniclus|Reuniclus, M|90/100
|move|p1a: Weavile|Swords Dance|p1a: Weavile
|-boost|p1a: Weavile|atk|2
|
|upkeep
|turn|99
|
|t:|1635365103
|switch|p2a: Clefable|Clefable, M|90/100
|move|p1a: Weavile|Knock Off|p2a: Clefable
|-resisted|p2a: Clefable
|-damage|p2a: Clefable|76/100
|
|upkeep
|turn|100
|
|t:|1635365108
|switch|p1a: Slowking|Slowking-Galar, M|100/100
|-damage|p1a: Slowking|88/100|[from] Stealth Rock
|move|p2a: Clefable|Soft-Boiled|p2a: Clefable
|-heal|p2a: Clefable|100/100
|
|upkeep
|turn|101
|
|t:|1635365114
|switch|p2a: Garchomp|Garchomp, M|79/100
|move|p1a: Slowking|Future Sight|p2a: Garchomp
|-start|p1a: Slowking|move: Future Sight
|
|-heal|p2a: Garchomp|85/100|[from] item: Leftovers
|upkeep
|turn|102
|
|t:|1635365120
|move|p2a: Garchomp|Earthquake|p1a: Slowking
|-supereffective|p1a: Slowking
|-damage|p1a: Slowking|2/100
|move|p1a: Slowking|Sludge Bomb|p2a: Garchomp
|-resisted|p2a: Garchomp
|-damage|p2a: Garchomp|74/100
|
|-heal|p2a: Garchomp|80/100|[from] item: Leftovers
|upkeep
|turn|103
|
|t:|1635365132
|switch|p2a: Skarmory|Skarmory, F|76/100
|switch|p1a: Corviknight|Corviknight, F|73/100
|-damage|p1a: Corviknight|61/100|[from] Stealth Rock
|-ability|p1a: Corviknight|Pressure
|
|-end|p2a: Skarmory|move: Future Sight
|-resisted|p2a: Skarmory
|-damage|p2a: Skarmory|40/100
|upkeep
|turn|104
|
|t:|1635365137
|switch|p1a: Slowking|Slowking-Galar, M|36/100
|-damage|p1a: Slowking|23/100|[from] Stealth Rock
|move|p2a: Skarmory|Roost|p2a: Skarmory
|-heal|p2a: Skarmory|90/100
|-singleturn|p2a: Skarmory|move: Roost
|
|upkeep
|turn|105
|
|t:|1635365143
|switch|p2a: Garchomp|Garchomp, M|80/100
|switch|p1a: Corviknight|Corviknight, F|61/100
|-damage|p1a: Corviknight|48/100|[from] Stealth Rock
|-ability|p1a: Corviknight|Pressure
|
|-heal|p2a: Garchomp|86/100|[from] item: Leftovers
|upkeep
|turn|106
|
|t:|1635365147
|switch|p2a: Skarmory|Skarmory, F|90/100
|move|p1a: Corviknight|Defog|p2a: Skarmory
|-unboost|p2a: Skarmory|evasion|1
|-sideend|p1: Wynna|Stealth Rock|[from] move: Defog|[of] p1a: Corviknight
|
|upkeep
|turn|107
|
|t:|1635365151
|switch|p1a: Slowking|Slowking-Galar, M|56/100
|move|p2a: Skarmory|Spikes|p1a: Slowking
|-sidestart|p1: Wynna|Spikes
|
|upkeep
|turn|108
|
|t:|1635365154
|switch|p2a: Garchomp|Garchomp, M|86/100
|switch|p1a: Corviknight|Corviknight, F|48/100
|-ability|p1a: Corviknight|Pressure
|
|-heal|p2a: Garchomp|92/100|[from] item: Leftovers
|upkeep
|turn|109
|
|t:|1635365159
|move|p2a: Garchomp|Toxic|p1a: Corviknight
|-immune|p1a: Corviknight
|move|p1a: Corviknight|Roost|p1a: Corviknight
|-heal|p1a: Corviknight|98/100
|-singleturn|p1a: Corviknight|move: Roost
|
|-heal|p2a: Garchomp|98/100|[from] item: Leftovers
|upkeep
|turn|110
|
|t:|1635365162
|move|p2a: Garchomp|Toxic|p1a: Corviknight
|-immune|p1a: Corviknight
|move|p1a: Corviknight|Defog|p2a: Garchomp
|-unboost|p2a: Garchomp|evasion|1
|-sideend|p1: Wynna|Spikes|[from] move: Defog|[of] p1a: Corviknight
|
|-heal|p2a: Garchomp|100/100|[from] item: Leftovers
|upkeep
|turn|111
|
|t:|1635365165
|move|p2a: Garchomp|Stealth Rock|p1a: Corviknight
|-sidestart|p1: Wynna|move: Stealth Rock
|move|p1a: Corviknight|Body Press|p2a: Garchomp
|-damage|p2a: Garchomp|79/100
|-damage|p1a: Corviknight|86/100|[from] ability: Rough Skin|[of] p2a: Garchomp
|
|-heal|p2a: Garchomp|85/100|[from] item: Leftovers
|upkeep
|turn|112
|
|t:|1635365169
|switch|p2a: Skarmory|Skarmory, F|90/100
|move|p1a: Corviknight|Defog|p2a: Skarmory
|-unboost|p2a: Skarmory|evasion|1
|-sideend|p1: Wynna|Stealth Rock|[from] move: Defog|[of] p1a: Corviknight
|
|upkeep
|turn|113
|
|t:|1635365173
|switch|p1a: Slowking|Slowking-Galar, M|90/100
|move|p2a: Skarmory|Spikes|p1a: Slowking
|-sidestart|p1: Wynna|Spikes
|
|upkeep
|turn|114
|
|t:|1635365176
|switch|p2a: Garchomp|Garchomp, M|85/100
|move|p1a: Slowking|Future Sight|p2a: Garchomp
|-start|p1a: Slowking|move: Future Sight
|
|-heal|p2a: Garchomp|91/100|[from] item: Leftovers
|upkeep
|turn|115
|
|t:|1635365182
|switch|p2a: Skarmory|Skarmory, F|90/100
|switch|p1a: Zapdos|Zapdos-Galar|15/100
|
|upkeep
|turn|116
|
|t:|1635365193
|switch|p2a: Reuniclus|Reuniclus, M|90/100
|move|p1a: Zapdos|Close Combat|p2a: Reuniclus
|-resisted|p2a: Reuniclus
|-damage|p2a: Reuniclus|55/100
|-unboost|p1a: Zapdos|def|1
|-unboost|p1a: Zapdos|spd|1
|-damage|p1a: Zapdos|0 fnt|[from] item: Rocky Helmet|[of] p2a: Reuniclus
|faint|p1a: Zapdos
|
|-end|p2a: Reuniclus|move: Future Sight
|-resisted|p2a: Reuniclus
|-damage|p2a: Reuniclus|32/100
|upkeep
|
|t:|1635365198
|switch|p1a: Weavile|Weavile, F|35/100
|-ability|p1a: Weavile|Pressure
|turn|117
|
|t:|1635365208
|switch|p2a: Skarmory|Skarmory, F|90/100
|move|p1a: Weavile|Triple Axel|p2a: Skarmory
|-damage|p2a: Skarmory|84/100
|-damage|p2a: Skarmory|74/100
|-damage|p2a: Skarmory|56/100
|-hitcount|p2a: Skarmory|3
|
|upkeep
|turn|118
|
|t:|1635365211
|move|p1a: Weavile|Swords Dance|p1a: Weavile
|-boost|p1a: Weavile|atk|2
|move|p2a: Skarmory|Roost|p2a: Skarmory
|-heal|p2a: Skarmory|100/100
|-singleturn|p2a: Skarmory|move: Roost
|
|upkeep
|turn|119
|
|t:|1635365213
|move|p1a: Weavile|Triple Axel|p2a: Skarmory
|-damage|p2a: Skarmory|88/100
|-damage|p2a: Skarmory|65/100
|-damage|p2a: Skarmory|30/100
|-hitcount|p2a: Skarmory|3
|move|p2a: Skarmory|Body Press|p1a: Weavile
|-supereffective|p1a: Weavile
|-damage|p1a: Weavile|0 fnt
|faint|p1a: Weavile
|
|upkeep
|c|☆Wynna|gg
|-message|Wynna forfeited.
|
|win|KFC Chizza
|n|☆Wynna|wynna
|n|☆KFC Chizza|kfcchizza
|n|*Lady Monita ☽|ladymonita
|n| DPP life Enjoyer|dpplifeenjoyer
|l|*Lady Monita ☽
|c|☆KFC Chizza|gg
|l|☆Wynna
