|j|☆SetsuStsna
|j|☆sumofsquares
|t:|1650218971
|gametype|singles
|player|p1|SetsuStsna|dawn-gen4pt|1711
|player|p2|sumofsquares|steven|1642
|teamsize|p1|6
|teamsize|p2|6
|gen|8
|tier|[Gen 8] OU
|rated|
|rule|Sleep Clause Mod: Limit one foe put to sleep
|rule|Species Clause: Limit one of each Pokémon
|rule|OHKO Clause: OHKO moves are banned
|rule|Evasion Moves Clause: Evasion moves are banned
|rule|Endless Battle Clause: Forcing endless battles is banned
|rule|HP Percentage Mod: HP is shown in percentages
|rule|Dynamax Clause: You cannot dynamax
|clearpoke
|poke|p1|Zoroark, F|
|poke|p1|Dragonite, F|
|poke|p1|Slowking-Galar, F|
|poke|p1|Weavile, F|
|poke|p1|Kartana|
|poke|p1|Landorus-Therian, M|
|poke|p2|Blacephalon|
|poke|p2|Tapu Fini|
|poke|p2|Zeraora|
|poke|p2|Garchomp, M|
|poke|p2|Nihilego|
|poke|p2|Zapdos-Galar|
|teampreview
|j| thesky12321
|
|t:|1650219008
|start
|switch|p1a: Weavile|Weavile, F|100/100
|switch|p2a: Zapdos|Zapdos-Galar|100/100
|-ability|p1a: Weavile|Pressure
|turn|1
|
|t:|1650219015
|switch|p2a: Tapu Fini|Tapu Fini|100/100
|-fieldstart|move: Misty Terrain|[from] ability: Misty Surge|[of] p2a: Tapu Fini
|move|p1a: Weavile|Triple Axel|p2a: Tapu Fini
|-resisted|p2a: Tapu Fini
|-damage|p2a: Tapu Fini|93/100
|-hitcount|p2a: Tapu Fini|1
|
|-heal|p2a: Tapu Fini|99/100|[from] item: Leftovers
|upkeep
|turn|2
|
|t:|1650219026
|switch|p2a: Garchomp|Garchomp, M|100/100
|move|p1a: Weavile|Triple Axel|p2a: Garchomp
|-supereffective|p2a: Garchomp
|-damage|p2a: Garchomp|39/100
|-damage|p1a: Weavile|88/100|[from] ability: Rough Skin|[of] p2a: Garchomp
|-damage|p1a: Weavile|72/100|[from] item: Rocky Helmet|[of] p2a: Garchomp
|-supereffective|p2a: Garchomp
|-damage|p2a: Garchomp|0 fnt
|-damage|p1a: Weavile|59/100|[from] ability: Rough Skin|[of] p2a: Garchomp
|-damage|p1a: Weavile|43/100|[from] item: Rocky Helmet|[of] p2a: Garchomp
|faint|p2a: Garchomp
|-hitcount|p2: Garchomp|2
|
|upkeep
|
|t:|1650219044
|switch|p2a: Zeraora|Zeraora|100/100
|turn|3
|
|t:|1650219048
|switch|p1a: Uchicchi|Landorus-Therian, M|100/100
|-ability|p1a: Uchicchi|Intimidate|boost
|-unboost|p2a: Zeraora|atk|1
|move|p2a: Zeraora|Knock Off|p1a: Uchicchi
|-damage|p1a: Uchicchi|84/100
|-enditem|p1a: Uchicchi|Leftovers|[from] move: Knock Off|[of] p2a: Zeraora
|
|upkeep
|turn|4
|
|t:|1650219051
|switch|p2a: Zapdos|Zapdos-Galar|100/100
|move|p1a: Uchicchi|Stealth Rock|p2a: Zapdos
|-sidestart|p2: sumofsquares|move: Stealth Rock
|
|upkeep
|turn|5
|
|t:|1650219069
|switch|p1a: Slowking|Slowking-Galar, F|100/100
|move|p2a: Zapdos|Bulk Up|p2a: Zapdos
|-boost|p2a: Zapdos|atk|1
|-boost|p2a: Zapdos|def|1
|
|-fieldend|Misty Terrain
|upkeep
|turn|6
|
|t:|1650219074
|move|p2a: Zapdos|Brave Bird|p1a: Slowking
|-damage|p1a: Slowking|50/100
|-damage|p2a: Zapdos|84/100|[from] Recoil
|move|p1a: Slowking|Ice Beam|p2a: Zapdos
|-supereffective|p2a: Zapdos
|-damage|p2a: Zapdos|42/100
|
|-heal|p2a: Zapdos|48/100|[from] item: Leftovers
|upkeep
|turn|7
|
|t:|1650219082
|move|p2a: Zapdos|Brave Bird|p1a: Slowking
|-damage|p1a: Slowking|0 fnt
|faint|p1a: Slowking
|-damage|p2a: Zapdos|31/100|[from] Recoil
|
|-heal|p2a: Zapdos|37/100|[from] item: Leftovers
|upkeep
|
|t:|1650219085
|switch|p1a: Weavile|Weavile, F|43/100
|-ability|p1a: Weavile|Pressure
|turn|8
|l| thesky12321
|
|t:|1650219091
|switch|p2a: Tapu Fini|Tapu Fini|99/100
|-damage|p2a: Tapu Fini|86/100|[from] Stealth Rock
|-fieldstart|move: Misty Terrain|[from] ability: Misty Surge|[of] p2a: Tapu Fini
|move|p1a: Weavile|Ice Shard|p2a: Tapu Fini
|-resisted|p2a: Tapu Fini
|-damage|p2a: Tapu Fini|73/100
|
|-heal|p2a: Tapu Fini|79/100|[from] item: Leftovers
|upkeep
|turn|9
|
|t:|1650219109
|switch|p1a: Uchicchi|Landorus-Therian, M|100/100
|move|p2a: Tapu Fini|Draining Kiss|p1a: Uchicchi
|-supereffective|p1a: Uchicchi
|-damage|p1a: Uchicchi|35/100
|-heal|p2a: Tapu Fini|100/100|[from] drain|[of] p1a: Uchicchi
|replace|p1a: Zoroark|Zoroark, F
|-end|p1a: Zoroark|Illusion
|
|upkeep
|turn|10
|
|t:|1650219117
|move|p1a: Zoroark|Memento|p2a: Tapu Fini
|-unboost|p2a: Tapu Fini|atk|2
|-unboost|p2a: Tapu Fini|spa|2
|faint|p1a: Zoroark
|move|p2a: Tapu Fini|Calm Mind|p2a: Tapu Fini
|-boost|p2a: Tapu Fini|spa|1
|-boost|p2a: Tapu Fini|spd|1
|
|upkeep
|
|t:|1650219119
|switch|p1a: Kartana|Kartana, shiny|100/100
|turn|11
|
|t:|1650219128
|move|p1a: Kartana|Leaf Blade|p2a: Tapu Fini
|-supereffective|p2a: Tapu Fini
|-damage|p2a: Tapu Fini|0 fnt
|faint|p2a: Tapu Fini
|-ability|p1a: Kartana|Beast Boost|boost
|-boost|p1a: Kartana|atk|1
|
|upkeep
|
|t:|1650219133
|switch|p2a: Blacephalon|Blacephalon|100/100
|-damage|p2a: Blacephalon|76/100|[from] Stealth Rock
|turn|12
|
|t:|1650219146
|move|p1a: Kartana|Leaf Blade|p2a: Blacephalon
|-resisted|p2a: Blacephalon
|-damage|p2a: Blacephalon|0 fnt
|faint|p2a: Blacephalon
|-ability|p1a: Kartana|Beast Boost|boost
|-boost|p1a: Kartana|atk|1
|
|-fieldend|Misty Terrain
|upkeep
|-message|sumofsquares forfeited.
|
|win|SetsuStsna
|raw|SetsuStsna's rating: 1711 &rarr; <strong>1727</strong><br />(+16 for winning)
|raw|sumofsquares's rating: 1642 &rarr; <strong>1626</strong><br />(-16 for losing)
|l|☆sumofsquares
