|j|☆Spectre Ace
|j|☆chatjaunequipue
|t:|1665087668
|gametype|singles
|player|p1|Spectre Ace|juggler|1679
|player|p2|chatjaunequipue|hilda|1581
|teamsize|p1|6
|teamsize|p2|6
|gen|8
|tier|[Gen 8] OU
|rated|
|rule|Sleep Clause Mod: Limit one foe put to sleep
|rule|Species Clause: Limit one of each Pokémon
|rule|OHKO Clause: OHKO moves are banned
|rule|Evasion Items Clause: Evasion items are banned
|rule|Evasion Moves Clause: Evasion moves are banned
|rule|Endless Battle Clause: Forcing endless battles is banned
|rule|HP Percentage Mod: HP is shown in percentages
|rule|Dynamax Clause: You cannot dynamax
|clearpoke
|poke|p1|Landorus-Therian, M|
|poke|p1|Ferrothorn, M|
|poke|p1|Volcanion|
|poke|p1|Raichu-Alola, F|
|poke|p1|Tapu Koko|
|poke|p1|Clefable, F|
|poke|p2|Regieleki|
|poke|p2|Zapdos-Galar|
|poke|p2|Kartana|
|poke|p2|Alakazam, M|
|poke|p2|Landorus-Therian, M|
|poke|p2|Tyranitar, F|
|teampreview
|
|t:|1665087676
|start
|switch|p1a: Clefable|Clefable, F|100/100
|switch|p2a: Landorus|Landorus-Therian, M|100/100
|-ability|p2a: Landorus|Intimidate|boost
|-unboost|p1a: Clefable|atk|1
|turn|1
|
|t:|1665087686
|move|p2a: Landorus|U-turn|p1a: Clefable
|-resisted|p1a: Clefable
|-damage|p1a: Clefable|91/100
|
|t:|1665087693
|switch|p2a: Kartana|Kartana|100/100|[from]move: U-turn
|move|p1a: Clefable|Stealth Rock|p2a: Kartana
|-sidestart|p2: chatjaunequipue|move: Stealth Rock
|
|upkeep
|turn|2
|
|t:|1665087696
|move|p2a: Kartana|Smart Strike|p1a: Clefable
|-supereffective|p1a: Clefable
|-damage|p1a: Clefable|8/100
|move|p1a: Clefable|Flamethrower|p2a: Kartana
|-supereffective|p2a: Kartana
|-enditem|p2a: Kartana|Focus Sash
|-damage|p2a: Kartana|1/100
|
|upkeep
|turn|3
|
|t:|1665087707
|switch|p1a: Amadeus|Landorus-Therian, M|100/100
|-ability|p1a: Amadeus|Intimidate|boost
|-unboost|p2a: Kartana|atk|1
|move|p2a: Kartana|Sacred Sword|p1a: Amadeus
|-resisted|p1a: Amadeus
|-damage|p1a: Amadeus|88/100
|
|-heal|p1a: Amadeus|94/100|[from] item: Leftovers
|upkeep
|turn|4
|
|t:|1665087716
|switch|p2a: Landorus|Landorus-Therian, M|100/100
|-damage|p2a: Landorus|88/100|[from] Stealth Rock
|-ability|p2a: Landorus|Intimidate|boost
|-unboost|p1a: Amadeus|atk|1
|move|p1a: Amadeus|U-turn|p2a: Landorus
|-resisted|p2a: Landorus
|-crit|p2a: Landorus
|-damage|p2a: Landorus|76/100
|
|t:|1665087727
|switch|p1a: Engine|Volcanion|100/100|[from]move: U-turn
|
|-heal|p2a: Landorus|82/100|[from] item: Leftovers
|upkeep
|turn|5
|
|t:|1665087733
|switch|p2a: Tyranitar|Tyranitar, F|100/100
|-weather|Sandstorm|[from] ability: Sand Stream|[of] p2a: Tyranitar
|move|p1a: Engine|Steam Eruption|p2a: Tyranitar
|-supereffective|p2a: Tyranitar
|-damage|p2a: Tyranitar|52/100
|
|-weather|Sandstorm|[upkeep]
|-damage|p1a: Engine|95/100|[from] Sandstorm
|upkeep
|turn|6
|
|t:|1665087746
|switch|p1a: Amadeus|Landorus-Therian, M|94/100
|-ability|p1a: Amadeus|Intimidate|boost
|-unboost|p2a: Tyranitar|atk|1
|move|p2a: Tyranitar|Earthquake|p1a: Amadeus
|-immune|p1a: Amadeus
|
|-weather|Sandstorm|[upkeep]
|-heal|p1a: Amadeus|100/100|[from] item: Leftovers
|upkeep
|turn|7
|
|t:|1665087751
|move|p1a: Amadeus|U-turn|p2a: Tyranitar
|-supereffective|p2a: Tyranitar
|-damage|p2a: Tyranitar|20/100
|
|t:|1665087753
|switch|p1a: Clefable|Clefable, F|8/100|[from]move: U-turn
|move|p2a: Tyranitar|Avalanche|p1a: Clefable
|-damage|p1a: Clefable|0 fnt
|faint|p1a: Clefable
|
|-weather|Sandstorm|[upkeep]
|upkeep
|
|t:|1665087760
|switch|p1a: Booker|Tapu Koko|100/100
|-fieldstart|move: Electric Terrain|[from] ability: Electric Surge|[of] p1a: Booker
|turn|8
|
|t:|1665087763
|move|p1a: Booker|U-turn|p2a: Tyranitar
|-supereffective|p2a: Tyranitar
|-damage|p2a: Tyranitar|0 fnt
|faint|p2a: Tyranitar
|
|t:|1665087780
|switch|p1a: Engine|Volcanion|95/100|[from]move: U-turn
|
|-weather|Sandstorm|[upkeep]
|-damage|p1a: Engine|89/100|[from] Sandstorm
|upkeep
|
|t:|1665087786
|switch|p2a: Regieleki|Regieleki|100/100
|-damage|p2a: Regieleki|88/100|[from] Stealth Rock
|turn|9
|
|t:|1665087791
|move|p2a: Regieleki|Volt Switch|p1a: Engine
|-supereffective|p1a: Engine
|-damage|p1a: Engine|0 fnt
|faint|p1a: Engine
|
|t:|1665087800
|switch|p2a: Alakazam|Alakazam, M|100/100|[from]move: Volt Switch
|
|-weather|none
|upkeep
|
|t:|1665087803
|switch|p1a: Booker|Tapu Koko|100/100
|turn|10
|
|t:|1665087812
|move|p1a: Booker|U-turn|p2a: Alakazam
|-supereffective|p2a: Alakazam
|-damage|p2a: Alakazam|15/100
|
|t:|1665087814
|switch|p1a: Sundowner|Ferrothorn, M, shiny|100/100|[from]move: U-turn
|move|p2a: Alakazam|Psychic|p1a: Sundowner
|-resisted|p1a: Sundowner
|-damage|p1a: Sundowner|81/100
|
|-heal|p1a: Sundowner|87/100|[from] item: Leftovers
|upkeep
|turn|11
|
|t:|1665087822
|move|p2a: Alakazam|Focus Blast|p1a: Sundowner
|-supereffective|p1a: Sundowner
|-damage|p1a: Sundowner|12/100
|move|p1a: Sundowner|Knock Off|p2a: Alakazam
|-supereffective|p2a: Alakazam
|-damage|p2a: Alakazam|0 fnt
|-enditem|p2a: Alakazam|Life Orb|[from] move: Knock Off|[of] p1a: Sundowner
|faint|p2a: Alakazam
|
|-heal|p1a: Sundowner|19/100|[from] item: Leftovers
|upkeep
|
|t:|1665087832
|switch|p2a: Zapdos|Zapdos-Galar|100/100
|-damage|p2a: Zapdos|88/100|[from] Stealth Rock
|turn|12
|
|t:|1665087836
|move|p2a: Zapdos|Brave Bird|p1a: Sundowner
|-damage|p1a: Sundowner|0 fnt
|-damage|p2a: Zapdos|76/100|[from] ability: Iron Barbs|[of] p1a: Sundowner
|faint|p1a: Sundowner
|-damage|p2a: Zapdos|69/100|[from] Recoil
|
|upkeep
|
|t:|1665087838
|switch|p1a: Valentine|Raichu-Alola, F, shiny|100/100
|turn|13
|
|t:|1665087846
|switch|p2a: Kartana|Kartana|1/100
|-damage|p2a: Kartana|0 fnt|[from] Stealth Rock
|faint|p2a: Kartana
|move|p1a: Valentine|Psyshock|p2: Kartana|[notarget]
|-fail|p1a: Valentine
|
|upkeep
|
|t:|1665087853
|switch|p2a: Regieleki|Regieleki|88/100
|-damage|p2a: Regieleki|76/100|[from] Stealth Rock
|turn|14
|inactive|Battle timer is ON: inactive players will automatically lose when time's up. (requested by Spectre Ace)
|
|t:|1665087905
|move|p1a: Valentine|Rising Voltage|p2a: Regieleki
|-hint|Rising Voltage's BP doubled on grounded target.
|-resisted|p2a: Regieleki
|-damage|p2a: Regieleki|0 fnt
|faint|p2a: Regieleki
|-damage|p1a: Valentine|91/100|[from] item: Life Orb
|
|upkeep
|
|t:|1665087910
|switch|p2a: Zapdos|Zapdos-Galar|69/100
|-damage|p2a: Zapdos|57/100|[from] Stealth Rock
|turn|15
|
|t:|1665087915
|switch|p2a: Landorus|Landorus-Therian, M|82/100
|-damage|p2a: Landorus|69/100|[from] Stealth Rock
|-ability|p2a: Landorus|Intimidate|boost
|-unboost|p1a: Valentine|atk|1
|move|p1a: Valentine|Psyshock|p2a: Landorus
|-damage|p2a: Landorus|32/100
|-damage|p1a: Valentine|81/100|[from] item: Life Orb
|
|-heal|p2a: Landorus|38/100|[from] item: Leftovers
|-fieldend|move: Electric Terrain
|upkeep
|turn|16
|
|t:|1665087923
|move|p1a: Valentine|Surf|p2a: Landorus
|-supereffective|p2a: Landorus
|-crit|p2a: Landorus
|-damage|p2a: Landorus|0 fnt
|faint|p2a: Landorus
|-damage|p1a: Valentine|71/100|[from] item: Life Orb
|
|upkeep
|
|t:|1665087932
|switch|p2a: Zapdos|Zapdos-Galar|57/100
|-damage|p2a: Zapdos|44/100|[from] Stealth Rock
|turn|17
|
|t:|1665087934
|switch|p1a: Booker|Tapu Koko|100/100
|-fieldstart|move: Electric Terrain|[from] ability: Electric Surge|[of] p1a: Booker
|move|p2a: Zapdos|Brave Bird|p1a: Booker
|-resisted|p1a: Booker
|-damage|p1a: Booker|36/100
|-damage|p2a: Zapdos|26/100|[from] Recoil
|
|upkeep
|turn|18
|
|t:|1665087937
|move|p1a: Booker|Thunderbolt|p2a: Zapdos
|-supereffective|p2a: Zapdos
|-damage|p2a: Zapdos|0 fnt
|faint|p2a: Zapdos
|
|win|Spectre Ace
|raw|Spectre Ace's rating: 1679 &rarr; <strong>1694</strong><br />(+15 for winning)
|raw|chatjaunequipue's rating: 1581 &rarr; <strong>1566</strong><br />(-15 for losing)
|c|☆chatjaunequipue|gfg
|c|☆chatjaunequipue|gg
|c|☆chatjaunequipue|nice plays
|c|☆Spectre Ace|Ty
|l|☆chatjaunequipue
||Ladder isn't responding, score probably updated but might not have (Request timeout).
