|raw|<div class="broadcast-blue"><strong>This battle is required to be public due to a player having a name starting with 'lt93oq'.</div>
|j|‽kinetic chain
|j|☆LT93OQ Dasmer
|t:|1660475709
|gametype|singles
|player|p1|kinetic chain|silver-gen2|1863
|player|p2|LT93OQ Dasmer|rei|1903
|teamsize|p1|6
|teamsize|p2|6
|gen|8
|tier|[Gen 8] OU
|rated|
|rule|Sleep Clause Mod: Limit one foe put to sleep
|rule|Species Clause: Limit one of each Pokémon
|rule|OHKO Clause: OHKO moves are banned
|rule|Evasion Items Clause: Evasion items are banned
|rule|Evasion Moves Clause: Evasion moves are banned
|rule|Endless Battle Clause: Forcing endless battles is banned
|rule|HP Percentage Mod: HP is shown in percentages
|rule|Dynamax Clause: You cannot dynamax
|clearpoke
|poke|p1|Dragapult, M|
|poke|p1|Clefable, F|
|poke|p1|Melmetal|
|poke|p1|Weavile, F|
|poke|p1|Landorus-Therian, M|
|poke|p1|Zapdos|
|poke|p2|Landorus-Therian, M|
|poke|p2|Victini|
|poke|p2|Tapu Koko|
|poke|p2|Dragonite, F|
|poke|p2|Ferrothorn, M|
|poke|p2|Clefable, M|
|teampreview
|inactive|Battle timer is ON: inactive players will automatically lose when time's up. (requested by kinetic chain)
|j| Alexlch
|
|t:|1660475727
|start
|switch|p1a: Clefable|Clefable, F|100/100
|switch|p2a: Landorus|Landorus-Therian, M|100/100
|-ability|p2a: Landorus|Intimidate|boost
|-unboost|p1a: Clefable|atk|1
|turn|1
|j| LT93OQ TROP CHAUD
|
|t:|1660475731
|move|p2a: Landorus|Stealth Rock|p1a: Clefable
|-sidestart|p1: kinetic chain|move: Stealth Rock
|move|p1a: Clefable|Stealth Rock|p2a: Landorus
|-sidestart|p2: LT93OQ Dasmer|move: Stealth Rock
|
|upkeep
|turn|2
|
|t:|1660475735
|switch|p1a: Landorus|Landorus-Therian, M|100/100
|-damage|p1a: Landorus|88/100|[from] Stealth Rock
|-ability|p1a: Landorus|Intimidate|boost
|-unboost|p2a: Landorus|atk|1
|move|p2a: Landorus|Earthquake|p1a: Landorus
|-immune|p1a: Landorus
|
|-heal|p1a: Landorus|94/100|[from] item: Leftovers
|upkeep
|turn|3
|j| xray
|
|t:|1660475739
|move|p2a: Landorus|Explosion|p1a: Landorus
|-enditem|p2a: Landorus|Normal Gem|[from] gem
|-damage|p1a: Landorus|13/100
|faint|p2a: Landorus
|move|p1a: Landorus|U-turn|p2: Landorus|[notarget]
|-fail|p1a: Landorus
|
|-heal|p1a: Landorus|19/100|[from] item: Leftovers
|upkeep
|j| jeanmilapipe
|
|t:|1660475745
|switch|p2a: Victini|Victini|100/100
|turn|4
|j| BARBE POIRE
|
|t:|1660475753
|move|p2a: Victini|Glaciate|p1a: Landorus
|-supereffective|p1a: Landorus
|-damage|p1a: Landorus|0 fnt
|faint|p1a: Landorus
|
|upkeep
|
|t:|1660475756
|switch|p1a: Dragapult|Dragapult, M|100/100
|-damage|p1a: Dragapult|88/100|[from] Stealth Rock
|turn|5
|
|t:|1660475761
|switch|p2a: Clefable|Clefable, M|100/100
|move|p1a: Dragapult|Shadow Ball|p2a: Clefable
|-damage|p2a: Clefable|59/100
|-unboost|p2a: Clefable|spd|1
|
|upkeep
|turn|6
|
|t:|1660475767
|move|p1a: Dragapult|Shadow Ball|p2a: Clefable
|-damage|p2a: Clefable|0 fnt
|faint|p2a: Clefable
|
|upkeep
|j| LT93OQ Harsh
|
|t:|1660475776
|switch|p2a: Dragonite|Dragonite, F|100/100
|turn|7
|
|t:|1660475779
|switch|p1a: Clefable|Clefable, F|100/100
|move|p2a: Dragonite|Ice Punch|p1a: Clefable
|-crit|p1a: Clefable
|-damage|p1a: Clefable|67/100
|-damage|p2a: Dragonite|84/100|[from] item: Rocky Helmet|[of] p1a: Clefable
|
|upkeep
|turn|8
|
|t:|1660475789
|move|p2a: Dragonite|Roost|p2a: Dragonite
|-heal|p2a: Dragonite|100/100
|-singleturn|p2a: Dragonite|move: Roost
|move|p1a: Clefable|Soft-Boiled|p1a: Clefable
|-heal|p1a: Clefable|100/100
|
|upkeep
|turn|9
|
|t:|1660475793
|switch|p2a: Ferrothorn|Ferrothorn, M|100/100
|-damage|p2a: Ferrothorn|94/100|[from] Stealth Rock
|move|p1a: Clefable|Thunder Wave|p2a: Ferrothorn
|-status|p2a: Ferrothorn|par
|
|-heal|p2a: Ferrothorn|100/100 par|[from] item: Leftovers
|upkeep
|turn|10
|
|t:|1660475800
|switch|p1a: Zapdos|Zapdos|100/100
|move|p2a: Ferrothorn|Spikes|p1a: Zapdos
|-sidestart|p1: kinetic chain|Spikes
|
|upkeep
|turn|11
|l| LT93OQ Harsh
|
|t:|1660475805
|switch|p2a: Tapu Koko|Tapu Koko|100/100
|-fieldstart|move: Electric Terrain|[from] ability: Electric Surge|[of] p2a: Tapu Koko
|move|p1a: Zapdos|Heat Wave|p2a: Tapu Koko
|-damage|p2a: Tapu Koko|54/100
|
|upkeep
|turn|12
|j| destinyxi
|
|t:|1660475812
|move|p2a: Tapu Koko|Thunderbolt|p1a: Zapdos
|-damage|p1a: Zapdos|47/100
|move|p1a: Zapdos|Volt Switch|p2a: Tapu Koko
|-resisted|p2a: Tapu Koko
|-damage|p2a: Tapu Koko|28/100
|
|t:|1660475817
|switch|p1a: Dragapult|Dragapult, M|88/100|[from]move: Volt Switch
|-damage|p1a: Dragapult|76/100|[from] Stealth Rock
|-damage|p1a: Dragapult|64/100|[from] Spikes
|
|upkeep
|turn|13
|
|t:|1660475821
|move|p1a: Dragapult|Shadow Ball|p2a: Tapu Koko
|-damage|p2a: Tapu Koko|0 fnt
|faint|p2a: Tapu Koko
|
|upkeep
|-message|LT93OQ Dasmer forfeited.
|
|win|kinetic chain
|raw|kinetic chain's rating: 1863 &rarr; <strong>1885</strong><br />(+22 for winning)
|raw|LT93OQ Dasmer's rating: 1903 &rarr; <strong>1881</strong><br />(-22 for losing)
|l|☆LT93OQ Dasmer
|l|‽kinetic chain
|l| destinyxi
|l| Alexlch
|j| Mimikyu Stardust
|l| Mimikyu Stardust
|l| BARBE POIRE
