|j|☆Chikami
|j|☆Kwaga
|t:|1648421111
|gametype|singles
|player|p1|Chikami|ethan|1542
|player|p2|Kwaga|preschooler|1615
|teamsize|p1|6
|teamsize|p2|6
|gen|8
|tier|[Gen 8] OU
|rated|
|rule|Sleep Clause Mod: Limit one foe put to sleep
|rule|Species Clause: Limit one of each Pokémon
|rule|OHKO Clause: OHKO moves are banned
|rule|Evasion Moves Clause: Evasion moves are banned
|rule|Endless Battle Clause: Forcing endless battles is banned
|rule|HP Percentage Mod: HP is shown in percentages
|rule|Dynamax Clause: You cannot dynamax
|clearpoke
|poke|p1|Scolipede, F|
|poke|p1|Dragapult, M|
|poke|p1|Slowking, M|
|poke|p1|Rillaboom, M|
|poke|p1|Magnezone|
|poke|p1|Landorus-Therian, M|
|poke|p2|Dragapult, M|
|poke|p2|Kartana|
|poke|p2|Landorus-Therian, M|
|poke|p2|Tapu Lele|
|poke|p2|Toxapex, M|
|poke|p2|Hydreigon, M|
|teampreview
|inactive|Battle timer is ON: inactive players will automatically lose when time's up. (requested by Chikami)
|j| Celtis
|
|t:|1648421139
|start
|switch|p1a: Dragapult|Dragapult, M|100/100
|switch|p2a: Landorus|Landorus-Therian, M|100/100
|-ability|p2a: Landorus|Intimidate|boost
|-unboost|p1a: Dragapult|atk|1
|turn|1
|j| BabyPigsAreLaughin
|inactive|Chikami has 120 seconds left.
|
|t:|1648421173
|move|p1a: Dragapult|U-turn|p2a: Landorus
|-resisted|p2a: Landorus
|-damage|p2a: Landorus|96/100
|
|t:|1648421176
|switch|p1a: Landorus|Landorus-Therian, M|100/100|[from]move: U-turn
|-ability|p1a: Landorus|Intimidate|boost
|-unboost|p2a: Landorus|atk|1
|move|p2a: Landorus|U-turn|p1a: Landorus
|-resisted|p1a: Landorus
|-damage|p1a: Landorus|95/100
|
|t:|1648421180
|switch|p2a: Tapu Lele|Tapu Lele|100/100|[from]move: U-turn
|-fieldstart|move: Psychic Terrain|[from] ability: Psychic Surge|[of] p2a: Tapu Lele
|
|-heal|p1a: Landorus|100/100|[from] item: Leftovers
|upkeep
|turn|2
|
|t:|1648421184
|switch|p1a: Slowking|Slowking, M|100/100
|move|p2a: Tapu Lele|Moonblast|p1a: Slowking
|-damage|p1a: Slowking|51/100
|
|upkeep
|turn|3
|
|t:|1648421192
|move|p2a: Tapu Lele|Moonblast|p1a: Slowking
|-damage|p1a: Slowking|0 fnt
|faint|p1a: Slowking
|
|upkeep
|inactive|Chikami has 120 seconds left.
|
|t:|1648421238
|switch|p1a: Rillaboom|Rillaboom, M|100/100
|-fieldstart|move: Grassy Terrain|[from] ability: Grassy Surge|[of] p1a: Rillaboom
|turn|4
|
|t:|1648421258
|switch|p2a: Toxapex|Toxapex, M|100/100
|move|p1a: Rillaboom|Grassy Glide|p2a: Toxapex
|-damage|p2a: Toxapex|51/100
|-damage|p1a: Rillaboom|84/100|[from] item: Rocky Helmet|[of] p2a: Toxapex
|
|-heal|p1a: Rillaboom|90/100|[from] Grassy Terrain
|-heal|p2a: Toxapex|57/100|[from] Grassy Terrain
|upkeep
|turn|5
|
|t:|1648421266
|switch|p1a: Landorus|Landorus-Therian, M|100/100
|-ability|p1a: Landorus|Intimidate|boost
|-unboost|p2a: Toxapex|atk|1
|switch|p2a: Hydreigon|Hydreigon, M|100/100
|
|upkeep
|turn|6
|
|t:|1648421272
|move|p1a: Landorus|Stealth Rock|p2a: Hydreigon
|-sidestart|p2: Kwaga|move: Stealth Rock
|move|p2a: Hydreigon|Dark Pulse|p1a: Landorus
|-damage|p1a: Landorus|61/100
|
|-heal|p1a: Landorus|67/100|[from] item: Leftovers
|upkeep
|turn|7
|
|t:|1648421283
|switch|p2a: Toxapex|Toxapex, M|90/100
|-damage|p2a: Toxapex|78/100|[from] Stealth Rock
|move|p1a: Landorus|U-turn|p2a: Toxapex
|-resisted|p2a: Toxapex
|-damage|p2a: Toxapex|71/100
|-damage|p1a: Landorus|51/100|[from] item: Rocky Helmet|[of] p2a: Toxapex
|
|t:|1648421288
|switch|p1a: Rillaboom|Rillaboom, M|90/100|[from]move: U-turn
|
|-heal|p1a: Rillaboom|96/100|[from] Grassy Terrain
|-heal|p2a: Toxapex|77/100|[from] Grassy Terrain
|upkeep
|turn|8
|
|t:|1648421295
|move|p1a: Rillaboom|Wood Hammer|p2a: Toxapex
|-damage|p2a: Toxapex|0 fnt
|-damage|p1a: Rillaboom|80/100|[from] item: Rocky Helmet|[of] p2a: Toxapex
|faint|p2a: Toxapex
|-damage|p1a: Rillaboom|57/100|[from] Recoil
|
|-heal|p1a: Rillaboom|64/100|[from] Grassy Terrain
|-fieldend|move: Grassy Terrain
|upkeep
|
|t:|1648421300
|switch|p2a: Tapu Lele|Tapu Lele|100/100
|-damage|p2a: Tapu Lele|88/100|[from] Stealth Rock
|-fieldstart|move: Psychic Terrain|[from] ability: Psychic Surge|[of] p2a: Tapu Lele
|turn|9
|
|t:|1648421315
|switch|p1a: Landorus|Landorus-Therian, M|51/100
|-ability|p1a: Landorus|Intimidate|boost
|-unboost|p2a: Tapu Lele|atk|1
|move|p2a: Tapu Lele|Psyshock|p1a: Landorus
|-damage|p1a: Landorus|0 fnt
|faint|p1a: Landorus
|
|upkeep
|inactive|Chikami has 120 seconds left.
|
|t:|1648421350
|switch|p1a: Dragapult|Dragapult, M|100/100
|turn|10
|inactive|Kwaga has 120 seconds left.
|
|t:|1648421398
|switch|p2a: Hydreigon|Hydreigon, M|100/100
|-damage|p2a: Hydreigon|88/100|[from] Stealth Rock
|move|p1a: Dragapult|Shadow Ball|p2a: Hydreigon
|-resisted|p2a: Hydreigon
|-damage|p2a: Hydreigon|71/100
|
|-heal|p2a: Hydreigon|77/100|[from] item: Leftovers
|upkeep
|turn|11
|inactive|Chikami has 120 seconds left.
|
|t:|1648421413
|switch|p1a: Rillaboom|Rillaboom, M|64/100
|-fieldstart|move: Grassy Terrain|[from] ability: Grassy Surge|[of] p1a: Rillaboom
|move|p2a: Hydreigon|Defog|p1a: Rillaboom
|-unboost|p1a: Rillaboom|evasion|1
|-sideend|p2: Kwaga|Stealth Rock|[from] move: Defog|[of] p2a: Hydreigon
|-fieldend|move: Grassy Terrain
|
|-heal|p2a: Hydreigon|83/100|[from] item: Leftovers
|upkeep
|turn|12
|inactive|Chikami has 120 seconds left.
|inactive|Kwaga has 120 seconds left.
|
|t:|1648421427
|move|p1a: Rillaboom|U-turn|p2a: Hydreigon
|-supereffective|p2a: Hydreigon
|-damage|p2a: Hydreigon|11/100
|
|t:|1648421456
|switch|p1a: Magnezone|Magnezone|100/100|[from]move: U-turn
|move|p2a: Hydreigon|Roost|p2a: Hydreigon
|-heal|p2a: Hydreigon|61/100
|-singleturn|p2a: Hydreigon|move: Roost
|
|-heal|p2a: Hydreigon|67/100|[from] item: Leftovers
|upkeep
|turn|13
|
|t:|1648421463
|switch|p1a: Rillaboom|Rillaboom, M|64/100
|-fieldstart|move: Grassy Terrain|[from] ability: Grassy Surge|[of] p1a: Rillaboom
|move|p2a: Hydreigon|Flamethrower|p1a: Rillaboom
|-supereffective|p1a: Rillaboom
|-damage|p1a: Rillaboom|1/100
|
|-heal|p1a: Rillaboom|8/100|[from] Grassy Terrain
|-heal|p2a: Hydreigon|73/100|[from] item: Leftovers
|upkeep
|turn|14
|inactive|Chikami has 90 seconds left.
|
|t:|1648421484
|move|p1a: Rillaboom|U-turn|p2a: Hydreigon
|-supereffective|p2a: Hydreigon
|-damage|p2a: Hydreigon|4/100
|
|t:|1648421488
|switch|p1a: Dragapult|Dragapult, M|100/100|[from]move: U-turn
|move|p2a: Hydreigon|Dark Pulse|p1a: Dragapult
|-supereffective|p1a: Dragapult
|-damage|p1a: Dragapult|9/100
|
|-heal|p1a: Dragapult|15/100|[from] Grassy Terrain
|-heal|p2a: Hydreigon|11/100|[from] item: Leftovers
|upkeep
|turn|15
|
|t:|1648421494
|move|p1a: Dragapult|Shadow Ball|p2a: Hydreigon
|-resisted|p2a: Hydreigon
|-damage|p2a: Hydreigon|0 fnt
|faint|p2a: Hydreigon
|
|-heal|p1a: Dragapult|21/100|[from] Grassy Terrain
|upkeep
|
|t:|1648421495
|switch|p2a: Kartana|Kartana|100/100
|turn|16
|
|t:|1648421501
|switch|p1a: Magnezone|Magnezone|100/100
|move|p2a: Kartana|Knock Off|p1a: Magnezone
|-damage|p1a: Magnezone|70/100
|-enditem|p1a: Magnezone|Leftovers|[from] move: Knock Off|[of] p2a: Kartana
|
|-heal|p1a: Magnezone|76/100|[from] Grassy Terrain
|upkeep
|turn|17
|
|t:|1648421506
|move|p2a: Kartana|Knock Off|p1a: Magnezone
|-damage|p1a: Magnezone|54/100
|move|p1a: Magnezone|Iron Defense|p1a: Magnezone
|-boost|p1a: Magnezone|def|2
|
|-heal|p1a: Magnezone|60/100|[from] Grassy Terrain
|-fieldend|move: Grassy Terrain
|upkeep
|turn|18
|
|t:|1648421509
|move|p2a: Kartana|Knock Off|p1a: Magnezone
|-damage|p1a: Magnezone|49/100
|move|p1a: Magnezone|Iron Defense|p1a: Magnezone
|-boost|p1a: Magnezone|def|2
|
|upkeep
|turn|19
|
|t:|1648421514
|move|p2a: Kartana|Knock Off|p1a: Magnezone
|-damage|p1a: Magnezone|41/100
|move|p1a: Magnezone|Iron Defense|p1a: Magnezone
|-boost|p1a: Magnezone|def|2
|
|upkeep
|turn|20
|
|t:|1648421516
|move|p2a: Kartana|Knock Off|p1a: Magnezone
|-damage|p1a: Magnezone|35/100
|move|p1a: Magnezone|Substitute|p1a: Magnezone
|-start|p1a: Magnezone|Substitute
|-damage|p1a: Magnezone|10/100
|
|upkeep
|turn|21
|
|t:|1648421520
|move|p2a: Kartana|Knock Off|p1a: Magnezone
|-activate|p1a: Magnezone|move: Substitute|[damage]
|move|p1a: Magnezone|Body Press|p2a: Kartana
|-supereffective|p2a: Kartana
|-damage|p2a: Kartana|0 fnt
|faint|p2a: Kartana
|
|upkeep
|
|t:|1648421538
|switch|p2a: Tapu Lele|Tapu Lele|88/100
|-fieldstart|move: Psychic Terrain|[from] ability: Psychic Surge|[of] p2a: Tapu Lele
|turn|22
|
|t:|1648421553
|move|p2a: Tapu Lele|Moonblast|p1a: Magnezone
|-resisted|p1a: Magnezone
|-end|p1a: Magnezone|Substitute
|move|p1a: Magnezone|Thunderbolt|p2a: Tapu Lele
|-damage|p2a: Tapu Lele|47/100
|
|upkeep
|turn|23
|
|t:|1648421560
|move|p2a: Tapu Lele|Moonblast|p1a: Magnezone
|-resisted|p1a: Magnezone
|-damage|p1a: Magnezone|0 fnt
|faint|p1a: Magnezone
|
|upkeep
|
|t:|1648421583
|switch|p1a: Rillaboom|Rillaboom, M|8/100
|-fieldstart|move: Grassy Terrain|[from] ability: Grassy Surge|[of] p1a: Rillaboom
|turn|24
|j| sdfgsdfdd
|
|t:|1648421592
|switch|p2a: Landorus|Landorus-Therian, M|96/100
|-ability|p2a: Landorus|Intimidate|boost
|-unboost|p1a: Rillaboom|atk|1
|move|p1a: Rillaboom|Grassy Glide|p2a: Landorus
|-damage|p2a: Landorus|61/100
|
|-heal|p1a: Rillaboom|14/100|[from] Grassy Terrain
|-heal|p2a: Landorus|67/100|[from] item: Leftovers
|upkeep
|turn|25
|
|t:|1648421613
|switch|p1a: Dragapult|Dragapult, M|21/100
|move|p2a: Landorus|U-turn|p1a: Dragapult
|-resisted|p1a: Dragapult
|-damage|p1a: Dragapult|5/100
|
|t:|1648421616
|switch|p2a: Dragapult|Dragapult, M|100/100|[from]move: U-turn
|
|-heal|p1a: Dragapult|11/100|[from] Grassy Terrain
|upkeep
|turn|26
|
|t:|1648421625
|move|p2a: Dragapult|Sucker Punch|p1a: Dragapult
|-supereffective|p1a: Dragapult
|-damage|p1a: Dragapult|0 fnt
|faint|p1a: Dragapult
|
|upkeep
|
|t:|1648421629
|switch|p1a: Scolipede|Scolipede, F|100/100
|turn|27
|
|t:|1648421640
|switch|p2a: Tapu Lele|Tapu Lele|47/100
|-fieldstart|move: Psychic Terrain|[from] ability: Psychic Surge|[of] p2a: Tapu Lele
|move|p1a: Scolipede|Swords Dance|p1a: Scolipede
|-boost|p1a: Scolipede|atk|2
|
|-ability|p1a: Scolipede|Speed Boost|boost
|-boost|p1a: Scolipede|spe|1
|upkeep
|turn|28
|
|t:|1648421647
|move|p1a: Scolipede|Poison Jab|p2a: Tapu Lele
|-supereffective|p2a: Tapu Lele
|-damage|p2a: Tapu Lele|0 fnt
|faint|p2a: Tapu Lele
|
|-ability|p1a: Scolipede|Speed Boost|boost
|-boost|p1a: Scolipede|spe|1
|upkeep
|
|t:|1648421650
|switch|p2a: Landorus|Landorus-Therian, M|67/100
|-ability|p2a: Landorus|Intimidate|boost
|-unboost|p1a: Scolipede|atk|1
|turn|29
|
|t:|1648421652
|move|p1a: Scolipede|Swords Dance|p1a: Scolipede
|-boost|p1a: Scolipede|atk|2
|move|p2a: Landorus|Earthquake|p1a: Scolipede
|-damage|p1a: Scolipede|29/100
|
|-heal|p2a: Landorus|73/100|[from] item: Leftovers
|-ability|p1a: Scolipede|Speed Boost|boost
|-boost|p1a: Scolipede|spe|1
|upkeep
|turn|30
|
|t:|1648421662
|move|p1a: Scolipede|Megahorn|p2a: Landorus
|-resisted|p2a: Landorus
|-damage|p2a: Landorus|24/100
|move|p2a: Landorus|Earthquake|p1a: Scolipede
|-crit|p1a: Scolipede
|-damage|p1a: Scolipede|0 fnt
|faint|p1a: Scolipede
|
|-heal|p2a: Landorus|30/100|[from] item: Leftovers
|upkeep
|
|t:|1648421670
|switch|p1a: Rillaboom|Rillaboom, M|14/100
|-fieldstart|move: Grassy Terrain|[from] ability: Grassy Surge|[of] p1a: Rillaboom
|turn|31
|
|t:|1648421673
|move|p1a: Rillaboom|Grassy Glide|p2a: Landorus
|-damage|p2a: Landorus|0 fnt
|faint|p2a: Landorus
|
|-heal|p1a: Rillaboom|20/100|[from] Grassy Terrain
|upkeep
|
|t:|1648421676
|switch|p2a: Dragapult|Dragapult, M|100/100
|turn|32
|
|t:|1648421679
|move|p1a: Rillaboom|Grassy Glide|p2a: Dragapult
|-resisted|p2a: Dragapult
|-damage|p2a: Dragapult|48/100
|move|p2a: Dragapult|Dragon Darts|p1a: Rillaboom
|-damage|p1a: Rillaboom|0 fnt
|faint|p1a: Rillaboom
|
|win|Kwaga
|raw|Chikami's rating: 1542 &rarr; <strong>1526</strong><br />(-16 for losing)
|raw|Kwaga's rating: 1615 &rarr; <strong>1631</strong><br />(+16 for winning)
|l|☆Chikami
