|j|☆Q114
|j|☆the real assdude
|player|p1|Q114|102|1720
|player|p2|the real assdude|shadowtriad|1761
|teamsize|p1|6
|teamsize|p2|6
|gametype|singles
|gen|8
|tier|[Gen 8] OU
|rated|
|clearpoke
|poke|p1|Toxapex, M|
|poke|p1|Ferrothorn, F|
|poke|p1|Seismitoad, M|
|poke|p1|Tyranitar, F|
|poke|p1|Clefable, F|
|poke|p1|Corviknight, M|
|poke|p2|Hydreigon, M|
|poke|p2|Clefable, M|
|poke|p2|Hippowdon, F|
|poke|p2|Excadrill, F|
|poke|p2|Dragapult, F|
|poke|p2|Toxapex, M|
|rule|Sleep Clause Mod: Limit one foe put to sleep
|rule|Species Clause: Limit one of each Pokémon
|rule|OHKO Clause: OHKO moves are banned
|rule|Evasion Moves Clause: Evasion moves are banned
|rule|Endless Battle Clause: Forcing endless battles is banned
|rule|HP Percentage Mod: HP is shown in percentages
|rule|Dynamax Clause: You cannot dynamax
|teampreview
|inactive|Battle timer is ON: inactive players will automatically lose when time's up. (requested by the real assdude)
|
|start
|switch|p1a: Seismitoad|Seismitoad, M|100/100
|switch|p2a: Hydreigon|Hydreigon, M|100/100
|turn|1
|
|move|p2a: Hydreigon|Nasty Plot|p2a: Hydreigon
|-boost|p2a: Hydreigon|spa|2
|move|p1a: Seismitoad|Toxic|p2a: Hydreigon
|-status|p2a: Hydreigon|tox
|
|-damage|p2a: Hydreigon|94/100 tox|[from] psn
|upkeep
|turn|2
|
|switch|p1a: Tyranitar|Tyranitar, F|100/100
|-weather|Sandstorm|[from] ability: Sand Stream|[of] p1a: Tyranitar
|move|p2a: Hydreigon|Nasty Plot|p2a: Hydreigon
|-boost|p2a: Hydreigon|spa|2
|
|-weather|Sandstorm|[upkeep]
|-damage|p2a: Hydreigon|88/100 tox|[from] Sandstorm
|-damage|p2a: Hydreigon|76/100 tox|[from] psn
|upkeep
|turn|3
|
|move|p2a: Hydreigon|Flash Cannon|p1a: Tyranitar
|-supereffective|p1a: Tyranitar
|-damage|p1a: Tyranitar|44/100
|-damage|p2a: Hydreigon|66/100 tox|[from] item: Life Orb
|move|p1a: Tyranitar|Superpower|p2a: Hydreigon
|-supereffective|p2a: Hydreigon
|-damage|p2a: Hydreigon|0 fnt
|-unboost|p1a: Tyranitar|atk|1
|-unboost|p1a: Tyranitar|def|1
|faint|p2a: Hydreigon
|
|-weather|Sandstorm|[upkeep]
|upkeep
|
|switch|p2a: Hippowdon|Hippowdon, F|100/100
|turn|4
|
|switch|p1a: Corviknight|Corviknight, M|100/100
|-ability|p1a: Corviknight|Pressure
|move|p2a: Hippowdon|Stealth Rock|p1a: Corviknight
|-sidestart|p1: Q114|move: Stealth Rock
|
|-weather|Sandstorm|[upkeep]
|upkeep
|turn|5
|
|switch|p2a: Dragapult|Dragapult, F|100/100
|move|p1a: Corviknight|Defog|p2a: Dragapult
|-unboost|p2a: Dragapult|evasion|1
|-sideend|p1: Q114|Stealth Rock|[from] move: Defog|[of] p1a: Corviknight
|
|-weather|Sandstorm|[upkeep]
|-damage|p2a: Dragapult|95/100|[from] Sandstorm
|upkeep
|turn|6
|
|switch|p1a: Toxapex|Toxapex, M|100/100
|move|p2a: Dragapult|Will-O-Wisp|p1a: Toxapex
|-status|p1a: Toxapex|brn
|
|-weather|none
|-damage|p1a: Toxapex|95/100 brn|[from] brn
|upkeep
|turn|7
|
|switch|p2a: Toxapex|Toxapex, M|100/100
|move|p1a: Toxapex|Toxic Spikes|p2a: Toxapex
|-sidestart|p2: the real assdude|move: Toxic Spikes
|
|-heal|p1a: Toxapex|100/100 brn|[from] item: Black Sludge
|-damage|p1a: Toxapex|95/100 brn|[from] brn
|upkeep
|turn|8
|
|switch|p1a: Seismitoad|Seismitoad, M|100/100
|move|p2a: Toxapex|Toxic Spikes|p1a: Seismitoad
|-sidestart|p1: Q114|move: Toxic Spikes
|
|upkeep
|turn|9
|
|move|p1a: Seismitoad|Knock Off|p2a: Toxapex
|-damage|p2a: Toxapex|88/100
|-enditem|p2a: Toxapex|Black Sludge|[from] move: Knock Off|[of] p1a: Seismitoad
|move|p2a: Toxapex|Knock Off|p1a: Seismitoad
|-damage|p1a: Seismitoad|89/100
|-enditem|p1a: Seismitoad|Leftovers|[from] move: Knock Off|[of] p2a: Toxapex
|
|upkeep
|turn|10
|
|switch|p2a: Clefable|Clefable, M|100/100
|-status|p2a: Clefable|psn
|move|p1a: Seismitoad|Stealth Rock|p2a: Clefable
|-sidestart|p2: the real assdude|move: Stealth Rock
|
|upkeep
|turn|11
|
|switch|p1a: Toxapex|Toxapex, M|100/100 brn
|-sideend|p1: Q114|move: Toxic Spikes|[of] p1a: Toxapex
|switch|p2a: Toxapex|Toxapex, M|100/100
|-damage|p2a: Toxapex|88/100|[from] Stealth Rock
|-sideend|p2: the real assdude|move: Toxic Spikes|[of] p2a: Toxapex
|
|-damage|p1a: Toxapex|95/100 brn|[from] brn
|upkeep
|turn|12
|
|switch|p2a: Clefable|Clefable, M|100/100 psn
|move|p1a: Toxapex|Scald|p2a: Clefable
|-damage|p2a: Clefable|90/100 psn
|
|-heal|p2a: Clefable|96/100 psn|[from] item: Leftovers
|-heal|p1a: Toxapex|100/100 brn|[from] item: Black Sludge
|-damage|p1a: Toxapex|95/100 brn|[from] brn
|upkeep
|turn|13
|
|switch|p2a: Toxapex|Toxapex, M|100/100
|-damage|p2a: Toxapex|88/100|[from] Stealth Rock
|switch|p1a: Clefable|Clefable, F|100/100
|
|upkeep
|turn|14
|
|move|p1a: Clefable|Wish|p1a: Clefable
|move|p2a: Toxapex|Knock Off|p1a: Clefable
|-resisted|p1a: Clefable
|-damage|p1a: Clefable|95/100
|-enditem|p1a: Clefable|Leftovers|[from] move: Knock Off|[of] p2a: Toxapex
|
|upkeep
|turn|15
|
|switch|p1a: Tyranitar|Tyranitar, F|44/100
|-weather|Sandstorm|[from] ability: Sand Stream|[of] p1a: Tyranitar
|switch|p2a: Hippowdon|Hippowdon, F|100/100
|-damage|p2a: Hippowdon|94/100|[from] Stealth Rock
|
|-weather|Sandstorm|[upkeep]
|-heal|p1a: Tyranitar|92/100|[from] move: Wish|[wisher] Clefable
|upkeep
|turn|16
|
|switch|p1a: Ferrothorn|Ferrothorn, F|100/100
|move|p2a: Hippowdon|Stealth Rock|p1a: Ferrothorn
|-sidestart|p1: Q114|move: Stealth Rock
|
|-weather|Sandstorm|[upkeep]
|upkeep
|turn|17
|
|switch|p2a: Toxapex|Toxapex, M|100/100
|-damage|p2a: Toxapex|88/100|[from] Stealth Rock
|move|p1a: Ferrothorn|Spikes|p2a: Toxapex
|-sidestart|p2: the real assdude|Spikes
|
|-weather|Sandstorm|[upkeep]
|-damage|p2a: Toxapex|82/100|[from] Sandstorm
|upkeep
|turn|18
|
|move|p2a: Toxapex|Scald|p1a: Ferrothorn
|-resisted|p1a: Ferrothorn
|-damage|p1a: Ferrothorn|95/100
|move|p1a: Ferrothorn|Spikes|p2a: Toxapex
|-sidestart|p2: the real assdude|Spikes
|
|-weather|Sandstorm|[upkeep]
|-damage|p2a: Toxapex|75/100|[from] Sandstorm
|-heal|p1a: Ferrothorn|100/100|[from] item: Leftovers
|upkeep
|turn|19
|
|switch|p1a: Toxapex|Toxapex, M|100/100 brn
|-damage|p1a: Toxapex|88/100 brn|[from] Stealth Rock
|move|p2a: Toxapex|Scald|p1a: Toxapex
|-resisted|p1a: Toxapex
|-damage|p1a: Toxapex|82/100 brn
|
|-weather|none
|-heal|p1a: Toxapex|88/100 brn|[from] item: Black Sludge
|-damage|p1a: Toxapex|82/100 brn|[from] brn
|upkeep
|turn|20
|
|move|p2a: Toxapex|Knock Off|p1a: Toxapex
|-damage|p1a: Toxapex|73/100 brn
|-enditem|p1a: Toxapex|Black Sludge|[from] move: Knock Off|[of] p2a: Toxapex
|move|p1a: Toxapex|Scald|p2a: Toxapex
|-resisted|p2a: Toxapex
|-damage|p2a: Toxapex|69/100
|
|-damage|p1a: Toxapex|67/100 brn|[from] brn
|upkeep
|turn|21
|
|switch|p2a: Clefable|Clefable, M|96/100 psn
|move|p1a: Toxapex|Scald|p2a: Clefable
|-damage|p2a: Clefable|85/100 psn
|
|-heal|p2a: Clefable|91/100 psn|[from] item: Leftovers
|-damage|p1a: Toxapex|61/100 brn|[from] brn
|upkeep
|turn|22
|
|move|p1a: Toxapex|Recover|p1a: Toxapex
|-heal|p1a: Toxapex|100/100 brn
|move|p2a: Clefable|Teleport|p2a: Clefable
|
|switch|p2a: Toxapex|Toxapex, M|100/100|[from]move: Teleport
|-damage|p2a: Toxapex|84/100|[from] Spikes
|-damage|p2a: Toxapex|72/100|[from] Stealth Rock
|
|-damage|p1a: Toxapex|95/100 brn|[from] brn
|upkeep
|turn|23
|
|switch|p2a: Clefable|Clefable, M|91/100 psn
|move|p1a: Toxapex|Scald|p2a: Clefable
|-damage|p2a: Clefable|80/100 psn
|
|-heal|p2a: Clefable|87/100 psn|[from] item: Leftovers
|-damage|p1a: Toxapex|89/100 brn|[from] brn
|upkeep
|turn|24
|
|move|p1a: Toxapex|Haze|p1a: Toxapex
|-clearallboost
|move|p2a: Clefable|Teleport|p2a: Clefable
|
|switch|p2a: Toxapex|Toxapex, M|100/100|[from]move: Teleport
|-damage|p2a: Toxapex|88/100|[from] Stealth Rock
|-damage|p2a: Toxapex|72/100|[from] Spikes
|
|-damage|p1a: Toxapex|83/100 brn|[from] brn
|upkeep
|turn|25
|
|switch|p2a: Clefable|Clefable, M|87/100 psn
|move|p1a: Toxapex|Scald|p2a: Clefable
|-damage|p2a: Clefable|75/100 psn
|
|-heal|p2a: Clefable|81/100 psn|[from] item: Leftovers
|-damage|p1a: Toxapex|77/100 brn|[from] brn
|upkeep
|turn|26
|
|move|p2a: Clefable|Moonblast|p1a: Toxapex
|-resisted|p1a: Toxapex
|-damage|p1a: Toxapex|63/100 brn
|move|p1a: Toxapex|Recover|p1a: Toxapex
|-heal|p1a: Toxapex|100/100 brn
|
|-heal|p2a: Clefable|87/100 psn|[from] item: Leftovers
|-damage|p1a: Toxapex|95/100 brn|[from] brn
|upkeep
|turn|27
|
|move|p1a: Toxapex|Haze|p1a: Toxapex
|-clearallboost
|move|p2a: Clefable|Teleport|p2a: Clefable
|
|switch|p2a: Toxapex|Toxapex, M|100/100|[from]move: Teleport
|-damage|p2a: Toxapex|84/100|[from] Spikes
|-damage|p2a: Toxapex|72/100|[from] Stealth Rock
|
|-damage|p1a: Toxapex|89/100 brn|[from] brn
|upkeep
|turn|28
|
|switch|p2a: Clefable|Clefable, M|87/100 psn
|move|p1a: Toxapex|Scald|p2a: Clefable
|-damage|p2a: Clefable|76/100 psn
|
|-heal|p2a: Clefable|82/100 psn|[from] item: Leftovers
|-damage|p1a: Toxapex|83/100 brn|[from] brn
|upkeep
|turn|29
|j| BrothaOptions
|
|move|p1a: Toxapex|Haze|p1a: Toxapex
|-clearallboost
|move|p2a: Clefable|Teleport|p2a: Clefable
|
|switch|p2a: Toxapex|Toxapex, M|100/100|[from]move: Teleport
|-damage|p2a: Toxapex|88/100|[from] Stealth Rock
|-damage|p2a: Toxapex|72/100|[from] Spikes
|
|-damage|p1a: Toxapex|77/100 brn|[from] brn
|upkeep
|turn|30
|
|switch|p2a: Clefable|Clefable, M|82/100 psn
|move|p1a: Toxapex|Haze|p1a: Toxapex
|-clearallboost
|
|-heal|p2a: Clefable|88/100 psn|[from] item: Leftovers
|-damage|p1a: Toxapex|71/100 brn|[from] brn
|upkeep
|turn|31
|
|switch|p2a: Toxapex|Toxapex, M|100/100
|-damage|p2a: Toxapex|84/100|[from] Spikes
|-damage|p2a: Toxapex|72/100|[from] Stealth Rock
|move|p1a: Toxapex|Recover|p1a: Toxapex
|-heal|p1a: Toxapex|100/100 brn
|
|-damage|p1a: Toxapex|95/100 brn|[from] brn
|upkeep
|turn|32
|
|switch|p2a: Clefable|Clefable, M|88/100 psn
|move|p1a: Toxapex|Haze|p1a: Toxapex
|-clearallboost
|
|-heal|p2a: Clefable|94/100 psn|[from] item: Leftovers
|-damage|p1a: Toxapex|89/100 brn|[from] brn
|upkeep
|turn|33
|
|move|p2a: Clefable|Moonblast|p1a: Toxapex
|-resisted|p1a: Toxapex
|-damage|p1a: Toxapex|74/100 brn
|move|p1a: Toxapex|Haze|p1a: Toxapex
|-clearallboost
|
|-heal|p2a: Clefable|99/100 psn|[from] item: Leftovers
|-damage|p1a: Toxapex|68/100 brn|[from] brn
|upkeep
|turn|34
|j| OilyBootySpex
|
|move|p1a: Toxapex|Haze|p1a: Toxapex
|-clearallboost
|move|p2a: Clefable|Teleport|p2a: Clefable
|
|switch|p2a: Excadrill|Excadrill, F|100/100|[from]move: Teleport
|-damage|p2a: Excadrill|97/100|[from] Stealth Rock
|-damage|p2a: Excadrill|81/100|[from] Spikes
|
|-heal|p2a: Excadrill|87/100|[from] item: Leftovers
|-damage|p1a: Toxapex|63/100 brn|[from] brn
|upkeep
|turn|35
|
|switch|p1a: Corviknight|Corviknight, M|100/100
|-damage|p1a: Corviknight|88/100|[from] Stealth Rock
|-ability|p1a: Corviknight|Pressure
|move|p2a: Excadrill|Earthquake|p1a: Corviknight
|-immune|p1a: Corviknight
|
|-heal|p2a: Excadrill|93/100|[from] item: Leftovers
|upkeep
|turn|36
|j| DaikiMaster
|
|switch|p2a: Toxapex|Toxapex, M|100/100
|-damage|p2a: Toxapex|88/100|[from] Stealth Rock
|-damage|p2a: Toxapex|72/100|[from] Spikes
|move|p1a: Corviknight|Body Press|p2a: Toxapex
|-resisted|p2a: Toxapex
|-damage|p2a: Toxapex|64/100
|
|upkeep
|turn|37
|l| DaikiMaster
|
|switch|p1a: Toxapex|Toxapex, M|96/100 brn
|-damage|p1a: Toxapex|84/100 brn|[from] Stealth Rock
|move|p2a: Toxapex|Knock Off|p1a: Toxapex
|-damage|p1a: Toxapex|78/100 brn
|
|-damage|p1a: Toxapex|72/100 brn|[from] brn
|upkeep
|turn|38
|
|switch|p2a: Clefable|Clefable, M|99/100 psn
|switch|p1a: Ferrothorn|Ferrothorn, F|100/100
|-damage|p1a: Ferrothorn|95/100|[from] Stealth Rock
|
|-heal|p2a: Clefable|100/100 psn|[from] item: Leftovers
|-heal|p1a: Ferrothorn|100/100|[from] item: Leftovers
|upkeep
|turn|39
|
|switch|p2a: Toxapex|Toxapex, M|97/100
|-damage|p2a: Toxapex|85/100|[from] Stealth Rock
|-damage|p2a: Toxapex|68/100|[from] Spikes
|move|p1a: Ferrothorn|Knock Off|p2a: Toxapex
|-damage|p2a: Toxapex|60/100
|
|upkeep
|turn|40
|
|move|p2a: Toxapex|Knock Off|p1a: Ferrothorn
|-crit|p1a: Ferrothorn
|-damage|p1a: Ferrothorn|82/100
|-damage|p2a: Toxapex|48/100|[from] ability: Iron Barbs|[of] p1a: Ferrothorn
|-enditem|p1a: Ferrothorn|Leftovers|[from] move: Knock Off|[of] p2a: Toxapex
|move|p1a: Ferrothorn|Spikes|p2a: Toxapex
|-sidestart|p2: the real assdude|Spikes
|
|upkeep
|turn|41
|
|move|p2a: Toxapex|Scald|p1a: Ferrothorn
|-resisted|p1a: Ferrothorn
|-damage|p1a: Ferrothorn|76/100
|-status|p1a: Ferrothorn|brn
|move|p1a: Ferrothorn|Leech Seed|p2a: Toxapex|[miss]
|-miss|p1a: Ferrothorn|p2a: Toxapex
|
|-damage|p1a: Ferrothorn|70/100 brn|[from] brn
|upkeep
|turn|42
|
|switch|p2a: Clefable|Clefable, M|100/100 psn
|move|p1a: Ferrothorn|Leech Seed|p2a: Clefable
|-start|p2a: Clefable|move: Leech Seed
|
|-damage|p1a: Ferrothorn|64/100 brn|[from] brn
|upkeep
|turn|43
|
|move|p1a: Ferrothorn|Knock Off|p2a: Clefable
|-resisted|p2a: Clefable
|-damage|p2a: Clefable|94/100 psn
|-enditem|p2a: Clefable|Leftovers|[from] move: Knock Off|[of] p1a: Ferrothorn
|move|p2a: Clefable|Teleport|p2a: Clefable
|
|switch|p2a: Toxapex|Toxapex, M|81/100|[from]move: Teleport
|-damage|p2a: Toxapex|68/100|[from] Stealth Rock
|-damage|p2a: Toxapex|43/100|[from] Spikes
|
|-damage|p1a: Ferrothorn|58/100 brn|[from] brn
|upkeep
|turn|44
|
|switch|p1a: Clefable|Clefable, F|95/100
|-damage|p1a: Clefable|83/100|[from] Stealth Rock
|move|p2a: Toxapex|Recover|p2a: Toxapex
|-heal|p2a: Toxapex|93/100
|
|upkeep
|turn|45
|
|move|p1a: Clefable|Aromatherapy|p1a: Clefable
|-activate|p1a: Clefable|move: Aromatherapy
|-curestatus|p1: Toxapex|brn|[msg]
|-curestatus|p1: Ferrothorn|brn|[msg]
|move|p2a: Toxapex|Toxic Spikes|p1a: Clefable
|-sidestart|p1: Q114|move: Toxic Spikes
|
|upkeep
|turn|46
|
|switch|p2a: Excadrill|Excadrill, F|93/100
|-damage|p2a: Excadrill|68/100|[from] Spikes
|-damage|p2a: Excadrill|65/100|[from] Stealth Rock
|move|p1a: Clefable|Wish|p1a: Clefable
|
|-heal|p2a: Excadrill|71/100|[from] item: Leftovers
|upkeep
|turn|47
|
|switch|p1a: Ferrothorn|Ferrothorn, F|58/100
|-damage|p1a: Ferrothorn|52/100|[from] Stealth Rock
|move|p2a: Excadrill|Rapid Spin|p1a: Ferrothorn
|-resisted|p1a: Ferrothorn
|-damage|p1a: Ferrothorn|44/100
|-boost|p2a: Excadrill|spe|1
|-damage|p2a: Excadrill|59/100|[from] ability: Iron Barbs|[of] p1a: Ferrothorn
|-sideend|p2: the real assdude|Spikes|[from] move: Rapid Spin|[of] p2a: Excadrill
|-sideend|p2: the real assdude|Stealth Rock|[from] move: Rapid Spin|[of] p2a: Excadrill
|
|-heal|p1a: Ferrothorn|99/100|[from] move: Wish|[wisher] Clefable
|-heal|p2a: Excadrill|65/100|[from] item: Leftovers
|upkeep
|turn|48
|
|switch|p2a: Toxapex|Toxapex, M|100/100
|move|p1a: Ferrothorn|Leech Seed|p2a: Toxapex|[miss]
|-miss|p1a: Ferrothorn|p2a: Toxapex
|
|upkeep
|turn|49
|
|move|p2a: Toxapex|Scald|p1a: Ferrothorn
|-resisted|p1a: Ferrothorn
|-damage|p1a: Ferrothorn|95/100
|-status|p1a: Ferrothorn|brn
|move|p1a: Ferrothorn|Spikes|p2a: Toxapex
|-sidestart|p2: the real assdude|Spikes
|
|-damage|p1a: Ferrothorn|89/100 brn|[from] brn
|upkeep
|turn|50
|
|switch|p2a: Excadrill|Excadrill, F|65/100
|-damage|p2a: Excadrill|52/100|[from] Spikes
|move|p1a: Ferrothorn|Spikes|p2a: Excadrill
|-sidestart|p2: the real assdude|Spikes
|
|-heal|p2a: Excadrill|58/100|[from] item: Leftovers
|-damage|p1a: Ferrothorn|83/100 brn|[from] brn
|upkeep
|turn|51
|
|switch|p2a: Clefable|Clefable, M|94/100 psn
|move|p1a: Ferrothorn|Leech Seed|p2a: Clefable
|-start|p2a: Clefable|move: Leech Seed
|
|-damage|p1a: Ferrothorn|77/100 brn|[from] brn
|upkeep
|turn|52
|j| Panic! Ploy!
|
|move|p2a: Clefable|Wish|p2a: Clefable
|move|p1a: Ferrothorn|Spikes|p2a: Clefable
|-sidestart|p2: the real assdude|Spikes
|
|-damage|p1a: Ferrothorn|71/100 brn|[from] brn
|upkeep
|turn|53
|
|switch|p1a: Toxapex|Toxapex, M|100/100
|-damage|p1a: Toxapex|88/100|[from] Stealth Rock
|-sideend|p1: Q114|move: Toxic Spikes|[of] p1a: Toxapex
|move|p2a: Clefable|Teleport|p2a: Clefable
|
|switch|p2a: Excadrill|Excadrill, F|58/100|[from]move: Teleport
|-damage|p2a: Excadrill|33/100|[from] Spikes
|
|-heal|p2a: Excadrill|88/100|[from] move: Wish|[wisher] Clefable
|-heal|p2a: Excadrill|94/100|[from] item: Leftovers
|upkeep
|turn|54
|
|move|p2a: Excadrill|Earthquake|p1a: Toxapex
|-supereffective|p1a: Toxapex
|-damage|p1a: Toxapex|28/100
|move|p1a: Toxapex|Scald|p2a: Excadrill
|-supereffective|p2a: Excadrill
|-damage|p2a: Excadrill|46/100
|
|-heal|p2a: Excadrill|52/100|[from] item: Leftovers
|upkeep
|turn|55
|
|switch|p1a: Corviknight|Corviknight, M|88/100
|-damage|p1a: Corviknight|76/100|[from] Stealth Rock
|-ability|p1a: Corviknight|Pressure
|move|p2a: Excadrill|Rapid Spin|p1a: Corviknight
|-resisted|p1a: Corviknight
|-damage|p1a: Corviknight|71/100
|-boost|p2a: Excadrill|spe|1
|-damage|p2a: Excadrill|35/100|[from] item: Rocky Helmet|[of] p1a: Corviknight
|-sideend|p2: the real assdude|Spikes|[from] move: Rapid Spin|[of] p2a: Excadrill
|
|-heal|p2a: Excadrill|41/100|[from] item: Leftovers
|upkeep
|turn|56
|
|switch|p2a: Toxapex|Toxapex, M|100/100
|move|p1a: Corviknight|Defog|p2a: Toxapex
|-unboost|p2a: Toxapex|evasion|1
|-sideend|p1: Q114|Stealth Rock|[from] move: Defog|[of] p1a: Corviknight
|
|upkeep
|turn|57
|
|switch|p1a: Toxapex|Toxapex, M|62/100
|switch|p2a: Hippowdon|Hippowdon, F|94/100
|-weather|Sandstorm|[from] ability: Sand Stream|[of] p2a: Hippowdon
|
|-weather|Sandstorm|[upkeep]
|-damage|p1a: Toxapex|56/100|[from] Sandstorm
|upkeep
|turn|58
|
|switch|p1a: Corviknight|Corviknight, M|71/100
|-ability|p1a: Corviknight|Pressure
|move|p2a: Hippowdon|Earthquake|p1a: Corviknight
|-immune|p1a: Corviknight
|
|-weather|Sandstorm|[upkeep]
|upkeep
|turn|59
|
|move|p1a: Corviknight|Roost|p1a: Corviknight
|-heal|p1a: Corviknight|100/100
|-singleturn|p1a: Corviknight|move: Roost
|move|p2a: Hippowdon|Stealth Rock|p1a: Corviknight
|-sidestart|p1: Q114|move: Stealth Rock
|
|-weather|Sandstorm|[upkeep]
|upkeep
|turn|60
|j| myjava
|
|switch|p2a: Toxapex|Toxapex, M|100/100
|move|p1a: Corviknight|Defog|p2a: Toxapex
|-unboost|p2a: Toxapex|evasion|1
|-sideend|p1: Q114|Stealth Rock|[from] move: Defog|[of] p1a: Corviknight
|
|-weather|Sandstorm|[upkeep]
|-damage|p2a: Toxapex|94/100|[from] Sandstorm
|upkeep
|turn|61
|
|switch|p1a: Seismitoad|Seismitoad, M|89/100
|switch|p2a: Hippowdon|Hippowdon, F|94/100
|
|-weather|none
|upkeep
|turn|62
|
|switch|p2a: Clefable|Clefable, M|94/100 psn
|move|p1a: Seismitoad|Scald|p2a: Clefable
|-damage|p2a: Clefable|81/100 psn
|
|upkeep
|turn|63
|
|move|p1a: Seismitoad|Stealth Rock|p2a: Clefable
|-sidestart|p2: the real assdude|move: Stealth Rock
|move|p2a: Clefable|Moonblast|p1a: Seismitoad
|-damage|p1a: Seismitoad|56/100
|
|upkeep
|turn|64
|
|switch|p1a: Clefable|Clefable, F|83/100
|move|p2a: Clefable|Teleport|p2a: Clefable
|
|switch|p2a: Hippowdon|Hippowdon, F|94/100|[from]move: Teleport
|-damage|p2a: Hippowdon|88/100|[from] Stealth Rock
|-weather|Sandstorm|[from] ability: Sand Stream|[of] p2a: Hippowdon
|
|-weather|Sandstorm|[upkeep]
|-damage|p1a: Clefable|77/100|[from] Sandstorm
|upkeep
|turn|65
|
|move|p1a: Clefable|Aromatherapy|p1a: Clefable
|-activate|p1a: Clefable|move: Aromatherapy
|-curestatus|p1: Ferrothorn|brn|[msg]
|move|p2a: Hippowdon|Stealth Rock|p1a: Clefable
|-sidestart|p1: Q114|move: Stealth Rock
|
|-weather|Sandstorm|[upkeep]
|-damage|p1a: Clefable|70/100|[from] Sandstorm
|upkeep
|turn|66
|
|move|p1a: Clefable|Wish|p1a: Clefable
|move|p2a: Hippowdon|Earthquake|p1a: Clefable
|-damage|p1a: Clefable|40/100
|
|-weather|Sandstorm|[upkeep]
|-damage|p1a: Clefable|34/100|[from] Sandstorm
|upkeep
|turn|67
|j| ZoroTheGreat
|
|move|p1a: Clefable|Moonblast|p2a: Hippowdon
|-damage|p2a: Hippowdon|54/100
|move|p2a: Hippowdon|Whirlwind|p1a: Clefable
|drag|p1a: Toxapex|Toxapex, M|89/100
|-damage|p1a: Toxapex|77/100|[from] Stealth Rock
|
|-weather|Sandstorm|[upkeep]
|-damage|p1a: Toxapex|71/100|[from] Sandstorm
|-heal|p1a: Toxapex|100/100|[from] move: Wish|[wisher] Clefable
|upkeep
|turn|68
|
|switch|p2a: Clefable|Clefable, M|81/100 psn
|move|p1a: Toxapex|Scald|p2a: Clefable
|-damage|p2a: Clefable|69/100 psn
|
|-weather|none
|upkeep
|turn|69
|
|switch|p1a: Ferrothorn|Ferrothorn, F|71/100
|-damage|p1a: Ferrothorn|65/100|[from] Stealth Rock
|move|p2a: Clefable|Moonblast|p1a: Ferrothorn
|-resisted|p1a: Ferrothorn
|-damage|p1a: Ferrothorn|54/100
|
|upkeep
|turn|70
|
|move|p2a: Clefable|Wish|p2a: Clefable
|move|p1a: Ferrothorn|Spikes|p2a: Clefable
|-sidestart|p2: the real assdude|Spikes
|
|upkeep
|turn|71
|
|move|p2a: Clefable|Moonblast|p1a: Ferrothorn
|-resisted|p1a: Ferrothorn
|-damage|p1a: Ferrothorn|44/100
|move|p1a: Ferrothorn|Spikes|p2a: Clefable
|-sidestart|p2: the real assdude|Spikes
|
|-heal|p2a: Clefable|100/100 psn|[from] move: Wish|[wisher] Clefable
|upkeep
|turn|72
|l| myjava
|
|move|p2a: Clefable|Moonblast|p1a: Ferrothorn
|-resisted|p1a: Ferrothorn
|-crit|p1a: Ferrothorn
|-damage|p1a: Ferrothorn|28/100
|move|p1a: Ferrothorn|Spikes|p2a: Clefable
|-sidestart|p2: the real assdude|Spikes
|
|upkeep
|turn|73
|inactive|Q114 has 120 seconds left.
|
|switch|p1a: Toxapex|Toxapex, M|100/100
|-damage|p1a: Toxapex|88/100|[from] Stealth Rock
|move|p2a: Clefable|Wish|p2a: Clefable
|
|upkeep
|turn|74
|
|move|p1a: Toxapex|Toxic Spikes|p2a: Clefable
|-sidestart|p2: the real assdude|move: Toxic Spikes
|move|p2a: Clefable|Teleport|p2a: Clefable
|
|switch|p2a: Excadrill|Excadrill, F|41/100|[from]move: Teleport
|-damage|p2a: Excadrill|17/100|[from] Spikes
|-damage|p2a: Excadrill|14/100|[from] Stealth Rock
|
|-heal|p2a: Excadrill|68/100|[from] move: Wish|[wisher] Clefable
|-heal|p2a: Excadrill|74/100|[from] item: Leftovers
|upkeep
|turn|75
|
|switch|p2a: Clefable|Clefable, M|100/100 psn
|move|p1a: Toxapex|Scald|p2a: Clefable
|-damage|p2a: Clefable|89/100 psn
|
|upkeep
|turn|76
|
|move|p2a: Clefable|Wish|p2a: Clefable
|move|p1a: Toxapex|Haze|p1a: Toxapex
|-clearallboost
|
|upkeep
|turn|77
|
|move|p1a: Toxapex|Haze|p1a: Toxapex
|-clearallboost
|move|p2a: Clefable|Teleport|p2a: Clefable
|
|switch|p2a: Excadrill|Excadrill, F|74/100|[from]move: Teleport
|-damage|p2a: Excadrill|71/100|[from] Stealth Rock
|-damage|p2a: Excadrill|46/100|[from] Spikes
|
|-heal|p2a: Excadrill|100/100|[from] move: Wish|[wisher] Clefable
|upkeep
|turn|78
|
|move|p2a: Excadrill|Swords Dance|p2a: Excadrill
|-boost|p2a: Excadrill|atk|2
|move|p1a: Toxapex|Scald|p2a: Excadrill
|-supereffective|p2a: Excadrill
|-damage|p2a: Excadrill|54/100
|
|-heal|p2a: Excadrill|60/100|[from] item: Leftovers
|upkeep
|turn|79
|
|switch|p1a: Corviknight|Corviknight, M|100/100
|-damage|p1a: Corviknight|88/100|[from] Stealth Rock
|-ability|p1a: Corviknight|Pressure
|move|p2a: Excadrill|Rapid Spin|p1a: Corviknight
|-resisted|p1a: Corviknight
|-damage|p1a: Corviknight|78/100
|-boost|p2a: Excadrill|spe|1
|-damage|p2a: Excadrill|43/100|[from] item: Rocky Helmet|[of] p1a: Corviknight
|-sideend|p2: the real assdude|Spikes|[from] move: Rapid Spin|[of] p2a: Excadrill
|-sideend|p2: the real assdude|Toxic Spikes|[from] move: Rapid Spin|[of] p2a: Excadrill
|-sideend|p2: the real assdude|Stealth Rock|[from] move: Rapid Spin|[of] p2a: Excadrill
|
|-heal|p2a: Excadrill|50/100|[from] item: Leftovers
|upkeep
|turn|80
|
|switch|p2a: Dragapult|Dragapult, F|95/100
|move|p1a: Corviknight|Defog|p2a: Dragapult
|-unboost|p2a: Dragapult|evasion|1
|-sideend|p1: Q114|Stealth Rock|[from] move: Defog|[of] p1a: Corviknight
|
|upkeep
|turn|81
|l| BrothaOptions
|
|switch|p1a: Toxapex|Toxapex, M|100/100
|move|p2a: Dragapult|Will-O-Wisp|p1a: Toxapex
|-status|p1a: Toxapex|brn
|
|-damage|p1a: Toxapex|95/100 brn|[from] brn
|upkeep
|turn|82
|
|move|p2a: Dragapult|Hex|p1a: Toxapex
|-damage|p1a: Toxapex|38/100 brn
|move|p1a: Toxapex|Scald|p2a: Dragapult
|-resisted|p2a: Dragapult
|-damage|p2a: Dragapult|83/100
|-status|p2a: Dragapult|brn
|
|-damage|p2a: Dragapult|77/100 brn|[from] brn
|-damage|p1a: Toxapex|32/100 brn|[from] brn
|upkeep
|turn|83
|
|switch|p1a: Tyranitar|Tyranitar, F|92/100
|-weather|Sandstorm|[from] ability: Sand Stream|[of] p1a: Tyranitar
|move|p2a: Dragapult|Will-O-Wisp|p1a: Tyranitar
|-status|p1a: Tyranitar|brn
|
|-weather|Sandstorm|[upkeep]
|-damage|p2a: Dragapult|71/100 brn|[from] Sandstorm
|-damage|p2a: Dragapult|65/100 brn|[from] brn
|-damage|p1a: Tyranitar|86/100 brn|[from] brn
|upkeep
|turn|84
|
|switch|p1a: Corviknight|Corviknight, M|78/100
|-ability|p1a: Corviknight|Pressure
|move|p2a: Dragapult|U-turn|p1a: Corviknight
|-resisted|p1a: Corviknight
|-crit|p1a: Corviknight
|-damage|p1a: Corviknight|76/100
|-damage|p2a: Dragapult|49/100 brn|[from] item: Rocky Helmet|[of] p1a: Corviknight
|
|switch|p2a: Toxapex|Toxapex, M|100/100|[from]move: U-turn
|
|-weather|Sandstorm|[upkeep]
|-damage|p2a: Toxapex|94/100|[from] Sandstorm
|upkeep
|turn|85
|
|switch|p1a: Toxapex|Toxapex, M|65/100 brn
|switch|p2a: Hippowdon|Hippowdon, F|54/100
|
|-weather|Sandstorm|[upkeep]
|-damage|p1a: Toxapex|59/100 brn|[from] Sandstorm
|-damage|p1a: Toxapex|53/100 brn|[from] brn
|upkeep
|turn|86
|
|switch|p2a: Clefable|Clefable, M|89/100 psn
|switch|p1a: Corviknight|Corviknight, M|76/100
|-ability|p1a: Corviknight|Pressure
|
|-weather|Sandstorm|[upkeep]
|upkeep
|turn|87
|
|switch|p1a: Toxapex|Toxapex, M|87/100 brn
|switch|p2a: Hippowdon|Hippowdon, F|54/100
|
|-weather|none
|-damage|p1a: Toxapex|81/100 brn|[from] brn
|upkeep
|turn|88
|l| ZoroTheGreat
|
|switch|p2a: Clefable|Clefable, M|89/100 psn
|switch|p1a: Corviknight|Corviknight, M|76/100
|-ability|p1a: Corviknight|Pressure
|
|upkeep
|turn|89
|
|move|p1a: Corviknight|Roost|p1a: Corviknight
|-heal|p1a: Corviknight|100/100
|-singleturn|p1a: Corviknight|move: Roost
|move|p2a: Clefable|Wish|p2a: Clefable
|
|upkeep
|turn|90
|
|move|p1a: Corviknight|Bulk Up|p1a: Corviknight
|-boost|p1a: Corviknight|atk|1
|-boost|p1a: Corviknight|def|1
|move|p2a: Clefable|Teleport|p2a: Clefable
|
|switch|p2a: Dragapult|Dragapult, F|49/100 brn|[from]move: Teleport
|
|-heal|p2a: Dragapult|100/100 brn|[from] move: Wish|[wisher] Clefable
|-damage|p2a: Dragapult|95/100 brn|[from] brn
|upkeep
|turn|91
|
|switch|p1a: Toxapex|Toxapex, M|100/100 brn
|move|p2a: Dragapult|Hex|p1a: Toxapex
|-damage|p1a: Toxapex|45/100 brn
|
|-damage|p2a: Dragapult|89/100 brn|[from] brn
|-damage|p1a: Toxapex|39/100 brn|[from] brn
|upkeep
|turn|92
|
|switch|p1a: Corviknight|Corviknight, M|100/100
|-ability|p1a: Corviknight|Pressure
|move|p2a: Dragapult|Hex|p1a: Corviknight
|-damage|p1a: Corviknight|65/100
|
|-damage|p2a: Dragapult|83/100 brn|[from] brn
|upkeep
|turn|93
|
|move|p2a: Dragapult|Hex|p1a: Corviknight
|-damage|p1a: Corviknight|30/100
|move|p1a: Corviknight|Roost|p1a: Corviknight
|-heal|p1a: Corviknight|80/100
|-singleturn|p1a: Corviknight|move: Roost
|
|-damage|p2a: Dragapult|77/100 brn|[from] brn
|upkeep
|turn|94
|
|switch|p2a: Hippowdon|Hippowdon, F|54/100
|-weather|Sandstorm|[from] ability: Sand Stream|[of] p2a: Hippowdon
|switch|p1a: Tyranitar|Tyranitar, F|86/100 brn
|
|-weather|Sandstorm|[upkeep]
|-damage|p1a: Tyranitar|80/100 brn|[from] brn
|upkeep
|turn|95
|
|switch|p1a: Corviknight|Corviknight, M|80/100
|-ability|p1a: Corviknight|Pressure
|move|p2a: Hippowdon|Slack Off|p2a: Hippowdon
|-heal|p2a: Hippowdon|100/100
|
|-weather|Sandstorm|[upkeep]
|upkeep
|turn|96
|j| Adrift & Rising
|inactive|Q114 has 120 seconds left.
|
|switch|p1a: Seismitoad|Seismitoad, M|56/100
|move|p2a: Hippowdon|Stealth Rock|p1a: Seismitoad
|-sidestart|p1: Q114|move: Stealth Rock
|
|-weather|Sandstorm|[upkeep]
|upkeep
|turn|97
|l| Adrift & Rising
|
|move|p1a: Seismitoad|Stealth Rock|p2a: Hippowdon
|-sidestart|p2: the real assdude|move: Stealth Rock
|move|p2a: Hippowdon|Earthquake|p1a: Seismitoad
|-damage|p1a: Seismitoad|27/100
|
|-weather|Sandstorm|[upkeep]
|upkeep
|turn|98
|
|switch|p2a: Clefable|Clefable, M|89/100 psn
|move|p1a: Seismitoad|Scald|p2a: Clefable
|-damage|p2a: Clefable|74/100 psn
|
|-weather|none
|upkeep
|turn|99
|
|move|p1a: Seismitoad|Scald|p2a: Clefable
|-damage|p2a: Clefable|59/100 psn
|move|p2a: Clefable|Teleport|p2a: Clefable
|
|switch|p2a: Toxapex|Toxapex, M|100/100|[from]move: Teleport
|-damage|p2a: Toxapex|88/100|[from] Stealth Rock
|
|upkeep
|turn|100
|j| Adrift & Rising
|
|switch|p1a: Clefable|Clefable, F|34/100
|-damage|p1a: Clefable|21/100|[from] Stealth Rock
|switch|p2a: Clefable|Clefable, M|59/100 psn
|
|upkeep
|turn|101
|
|switch|p2a: Hippowdon|Hippowdon, F|100/100
|-damage|p2a: Hippowdon|94/100|[from] Stealth Rock
|-weather|Sandstorm|[from] ability: Sand Stream|[of] p2a: Hippowdon
|move|p1a: Clefable|Moonblast|p2a: Hippowdon
|-damage|p2a: Hippowdon|63/100
|
|-weather|Sandstorm|[upkeep]
|-damage|p1a: Clefable|15/100|[from] Sandstorm
|upkeep
|turn|102
|
|switch|p2a: Toxapex|Toxapex, M|100/100
|-damage|p2a: Toxapex|88/100|[from] Stealth Rock
|move|p1a: Clefable|Moonblast|p2a: Toxapex
|-resisted|p2a: Toxapex
|-damage|p2a: Toxapex|76/100
|
|-weather|Sandstorm|[upkeep]
|-damage|p1a: Clefable|9/100|[from] Sandstorm
|-damage|p2a: Toxapex|70/100|[from] Sandstorm
|upkeep
|turn|103
|
|move|p1a: Clefable|Protect|p1a: Clefable
|-singleturn|p1a: Clefable|Protect
|move|p2a: Toxapex|Scald|p1a: Clefable
|-activate|p1a: Clefable|move: Protect
|
|-weather|Sandstorm|[upkeep]
|-damage|p1a: Clefable|3/100|[from] Sandstorm
|-damage|p2a: Toxapex|64/100|[from] Sandstorm
|upkeep
|turn|104
|
|switch|p1a: Seismitoad|Seismitoad, M|27/100
|-damage|p1a: Seismitoad|21/100|[from] Stealth Rock
|move|p2a: Toxapex|Scald|p1a: Seismitoad
|-heal|p1a: Seismitoad|45/100|[from] ability: Water Absorb|[of] p2a: Toxapex
|
|-weather|Sandstorm|[upkeep]
|-damage|p2a: Toxapex|58/100|[from] Sandstorm
|upkeep
|turn|105
|
|move|p1a: Seismitoad|Scald|p2a: Toxapex
|-resisted|p2a: Toxapex
|-damage|p2a: Toxapex|50/100
|-status|p2a: Toxapex|brn
|move|p2a: Toxapex|Recover|p2a: Toxapex
|-heal|p2a: Toxapex|99/100 brn
|
|-weather|none
|-damage|p2a: Toxapex|93/100 brn|[from] brn
|upkeep
|turn|106
|
|switch|p2a: Clefable|Clefable, M|59/100 psn
|move|p1a: Seismitoad|Knock Off|p2a: Clefable
|-resisted|p2a: Clefable
|-damage|p2a: Clefable|50/100 psn
|
|upkeep
|turn|107
|l| Adrift & Rising
|j| UULT2 Adrift
|
|switch|p1a: Toxapex|Toxapex, M|72/100 brn
|-damage|p1a: Toxapex|60/100 brn|[from] Stealth Rock
|move|p2a: Clefable|Wish|p2a: Clefable
|
|-damage|p1a: Toxapex|54/100 brn|[from] brn
|upkeep
|turn|108
|j| Belebe-poke
|
|move|p2a: Clefable|Moonblast|p1a: Toxapex
|-resisted|p1a: Toxapex
|-damage|p1a: Toxapex|41/100 brn
|move|p1a: Toxapex|Recover|p1a: Toxapex
|-heal|p1a: Toxapex|91/100 brn
|
|-heal|p2a: Clefable|100/100 psn|[from] move: Wish|[wisher] Clefable
|-damage|p1a: Toxapex|85/100 brn|[from] brn
|upkeep
|turn|109
|l| UULT2 Adrift
|
|move|p2a: Clefable|Wish|p2a: Clefable
|move|p1a: Toxapex|Toxic Spikes|p2a: Clefable
|-sidestart|p2: the real assdude|move: Toxic Spikes
|
|-damage|p1a: Toxapex|79/100 brn|[from] brn
|upkeep
|turn|110
|
|switch|p2a: Dragapult|Dragapult, F|77/100 brn
|-damage|p2a: Dragapult|64/100 brn|[from] Stealth Rock
|move|p1a: Toxapex|Recover|p1a: Toxapex
|-heal|p1a: Toxapex|100/100 brn
|
|-heal|p2a: Dragapult|100/100 brn|[from] move: Wish|[wisher] Clefable
|-damage|p2a: Dragapult|95/100 brn|[from] brn
|-damage|p1a: Toxapex|95/100 brn|[from] brn
|upkeep
|turn|111
|
|move|p2a: Dragapult|Hex|p1a: Toxapex
|-damage|p1a: Toxapex|39/100 brn
|move|p1a: Toxapex|Recover|p1a: Toxapex
|-heal|p1a: Toxapex|89/100 brn
|
|-damage|p2a: Dragapult|89/100 brn|[from] brn
|-damage|p1a: Toxapex|83/100 brn|[from] brn
|upkeep
|turn|112
|
|move|p2a: Dragapult|Hex|p1a: Toxapex
|-damage|p1a: Toxapex|24/100 brn
|move|p1a: Toxapex|Recover|p1a: Toxapex
|-heal|p1a: Toxapex|74/100 brn
|
|-damage|p2a: Dragapult|83/100 brn|[from] brn
|-damage|p1a: Toxapex|68/100 brn|[from] brn
|upkeep
|turn|113
|
|move|p2a: Dragapult|Hex|p1a: Toxapex
|-damage|p1a: Toxapex|11/100 brn
|move|p1a: Toxapex|Recover|p1a: Toxapex
|-heal|p1a: Toxapex|61/100 brn
|
|-damage|p2a: Dragapult|77/100 brn|[from] brn
|-damage|p1a: Toxapex|55/100 brn|[from] brn
|upkeep
|turn|114
|j| Oscarbolt
|
|switch|p1a: Clefable|Clefable, F|3/100
|-damage|p1a: Clefable|0 fnt|[from] Stealth Rock
|faint|p1a: Clefable
|move|p2a: Dragapult|Will-O-Wisp|p1: Clefable|[notarget]
|-fail|p2a: Dragapult
|
|-damage|p2a: Dragapult|71/100 brn|[from] brn
|upkeep
|
|switch|p1a: Toxapex|Toxapex, M|89/100 brn
|-damage|p1a: Toxapex|76/100 brn|[from] Stealth Rock
|turn|115
|
|switch|p2a: Toxapex|Toxapex, M|100/100 brn
|-sideend|p2: the real assdude|move: Toxic Spikes|[of] p2a: Toxapex
|-damage|p2a: Toxapex|88/100 brn|[from] Stealth Rock
|move|p1a: Toxapex|Recover|p1a: Toxapex
|-heal|p1a: Toxapex|100/100 brn
|
|-damage|p2a: Toxapex|82/100 brn|[from] brn
|-damage|p1a: Toxapex|95/100 brn|[from] brn
|upkeep
|turn|116
|
|switch|p2a: Clefable|Clefable, M|100/100 psn
|move|p1a: Toxapex|Toxic Spikes|p2a: Clefable
|-sidestart|p2: the real assdude|move: Toxic Spikes
|
|-damage|p1a: Toxapex|89/100 brn|[from] brn
|upkeep
|turn|117
|
|move|p2a: Clefable|Wish|p2a: Clefable
|move|p1a: Toxapex|Haze|p1a: Toxapex
|-clearallboost
|
|-damage|p1a: Toxapex|83/100 brn|[from] brn
|upkeep
|turn|118
|
|switch|p2a: Dragapult|Dragapult, F|71/100 brn
|-damage|p2a: Dragapult|58/100 brn|[from] Stealth Rock
|move|p1a: Toxapex|Toxic Spikes|p2a: Dragapult
|-sidestart|p2: the real assdude|move: Toxic Spikes
|
|-heal|p2a: Dragapult|100/100 brn|[from] move: Wish|[wisher] Clefable
|-damage|p2a: Dragapult|95/100 brn|[from] brn
|-damage|p1a: Toxapex|77/100 brn|[from] brn
|upkeep
|turn|119
|
|move|p2a: Dragapult|Hex|p1a: Toxapex
|-damage|p1a: Toxapex|25/100 brn
|move|p1a: Toxapex|Recover|p1a: Toxapex
|-heal|p1a: Toxapex|75/100 brn
|
|-damage|p2a: Dragapult|89/100 brn|[from] brn
|-damage|p1a: Toxapex|69/100 brn|[from] brn
|upkeep
|turn|120
|l| Belebe-poke
|
|switch|p2a: Clefable|Clefable, M|100/100 psn
|move|p1a: Toxapex|Recover|p1a: Toxapex
|-heal|p1a: Toxapex|100/100 brn
|
|-damage|p1a: Toxapex|95/100 brn|[from] brn
|upkeep
|turn|121
|
|move|p2a: Clefable|Wish|p2a: Clefable
|move|p1a: Toxapex|Toxic Spikes||[still]
|-fail|p1a: Toxapex
|
|-damage|p1a: Toxapex|89/100 brn|[from] brn
|upkeep
|turn|122
|
|move|p1a: Toxapex|Haze|p1a: Toxapex
|-clearallboost
|move|p2a: Clefable|Teleport|p2a: Clefable
|
|switch|p2a: Excadrill|Excadrill, F|50/100|[from]move: Teleport
|-damage|p2a: Excadrill|46/100|[from] Stealth Rock
|
|-heal|p2a: Excadrill|100/100|[from] move: Wish|[wisher] Clefable
|-damage|p1a: Toxapex|83/100 brn|[from] brn
|upkeep
|turn|123
|
|switch|p2a: Toxapex|Toxapex, M|100/100 brn
|-sideend|p2: the real assdude|move: Toxic Spikes|[of] p2a: Toxapex
|-damage|p2a: Toxapex|88/100 brn|[from] Stealth Rock
|move|p1a: Toxapex|Scald|p2a: Toxapex
|-resisted|p2a: Toxapex
|-damage|p2a: Toxapex|81/100 brn
|
|-damage|p2a: Toxapex|75/100 brn|[from] brn
|-damage|p1a: Toxapex|77/100 brn|[from] brn
|upkeep
|turn|124
|
|switch|p2a: Clefable|Clefable, M|100/100 psn
|move|p1a: Toxapex|Toxic Spikes|p2a: Clefable
|-sidestart|p2: the real assdude|move: Toxic Spikes
|
|-damage|p1a: Toxapex|71/100 brn|[from] brn
|upkeep
|turn|125
|-message|Q114 forfeited.
|
|win|the real assdude
|l|☆Q114
|raw|Q114's rating: 1720 &rarr; <strong>1703</strong><br />(-17 for losing)
|raw|the real assdude's rating: 1762 &rarr; <strong>1779</strong><br />(+17 for winning)
