|j|☆hackedbert
|j|☆Down$hift
|t:|1657392731
|gametype|singles
|player|p1|hackedbert|crasherwake|1678
|player|p2|Down$hift|teamrocket|1776
|teamsize|p1|6
|teamsize|p2|6
|gen|8
|tier|[Gen 8] OU
|rated|
|rule|Sleep Clause Mod: Limit one foe put to sleep
|rule|Species Clause: Limit one of each Pokémon
|rule|OHKO Clause: OHKO moves are banned
|rule|Evasion Moves Clause: Evasion moves are banned
|rule|Endless Battle Clause: Forcing endless battles is banned
|rule|HP Percentage Mod: HP is shown in percentages
|rule|Dynamax Clause: You cannot dynamax
|clearpoke
|poke|p1|Heatran, M|
|poke|p1|Landorus-Therian, M|
|poke|p1|Toxapex, M|
|poke|p1|Tyranitar, M|
|poke|p1|Corviknight, M|
|poke|p1|Buzzwole|
|poke|p2|Magnezone|
|poke|p2|Volcarona, F|
|poke|p2|Clefable, M|
|poke|p2|Tornadus-Therian, M|
|poke|p2|Toxapex, M|
|poke|p2|Landorus-Therian, M|
|teampreview
|c|☆Down$hift|hf
|
|t:|1657392744
|start
|switch|p1a: Tyranitar|Tyranitar, M|100/100
|switch|p2a: Pink Menace|Clefable, M|100/100
|-weather|Sandstorm|[from] ability: Sand Stream|[of] p1a: Tyranitar
|turn|1
|
|t:|1657392748
|move|p1a: Tyranitar|Stone Edge|p2a: Pink Menace
|-crit|p2a: Pink Menace
|-damage|p2a: Pink Menace|39/100
|move|p2a: Pink Menace|Stealth Rock|p1a: Tyranitar
|-sidestart|p1: hackedbert|move: Stealth Rock
|
|-weather|Sandstorm|[upkeep]
|upkeep
|turn|2
|
|t:|1657392753
|switch|p2a: $wagnezone|Magnezone|100/100
|move|p1a: Tyranitar|Stone Edge|p2a: $wagnezone
|-resisted|p2a: $wagnezone
|-damage|p2a: $wagnezone|73/100
|
|-weather|Sandstorm|[upkeep]
|upkeep
|turn|3
|
|t:|1657392759
|switch|p1a: Landorus|Landorus-Therian, M|100/100
|-damage|p1a: Landorus|88/100|[from] Stealth Rock
|-ability|p1a: Landorus|Intimidate|boost
|-unboost|p2a: $wagnezone|atk|1
|switch|p2a: LandOUrus-T|Landorus-Therian, M|100/100
|-ability|p2a: LandOUrus-T|Intimidate|boost
|-unboost|p1a: Landorus|atk|1
|
|-weather|Sandstorm|[upkeep]
|-heal|p1a: Landorus|94/100|[from] item: Leftovers
|upkeep
|turn|4
|
|t:|1657392762
|move|p2a: LandOUrus-T|U-turn|p1a: Landorus
|-resisted|p1a: Landorus
|-damage|p1a: Landorus|82/100
|
|t:|1657392764
|switch|p2a: Pink Menace|Clefable, M|39/100|[from]move: U-turn
|move|p1a: Landorus|Knock Off|p2a: Pink Menace
|-resisted|p2a: Pink Menace
|-damage|p2a: Pink Menace|30/100
|-damage|p1a: Landorus|65/100|[from] item: Rocky Helmet|[of] p2a: Pink Menace
|-enditem|p2a: Pink Menace|Rocky Helmet|[from] move: Knock Off|[of] p1a: Landorus
|
|-weather|Sandstorm|[upkeep]
|-heal|p1a: Landorus|71/100|[from] item: Leftovers
|upkeep
|turn|5
|
|t:|1657392767
|move|p1a: Landorus|Earthquake|p2a: Pink Menace
|-damage|p2a: Pink Menace|6/100
|move|p2a: Pink Menace|Soft-Boiled|p2a: Pink Menace
|-heal|p2a: Pink Menace|56/100
|
|-weather|none
|-heal|p1a: Landorus|77/100|[from] item: Leftovers
|upkeep
|turn|6
|
|t:|1657392770
|move|p1a: Landorus|U-turn|p2a: Pink Menace
|-resisted|p2a: Pink Menace
|-damage|p2a: Pink Menace|51/100
|
|t:|1657392774
|switch|p1a: Corviknight|Corviknight, M|100/100|[from]move: U-turn
|-damage|p1a: Corviknight|88/100|[from] Stealth Rock
|-ability|p1a: Corviknight|Pressure
|move|p2a: Pink Menace|Soft-Boiled|p2a: Pink Menace
|-heal|p2a: Pink Menace|100/100
|
|upkeep
|turn|7
|j| oooooxx lmao
|
|t:|1657392778
|switch|p2a: $wagnezone|Magnezone|73/100
|move|p1a: Corviknight|U-turn|p2a: $wagnezone
|-resisted|p2a: $wagnezone
|-damage|p2a: $wagnezone|67/100
|
|t:|1657392781
|switch|p1a: Buzzwole|Buzzwole|100/100|[from]move: U-turn
|
|upkeep
|turn|8
|
|t:|1657392784
|switch|p2a: Pink Menace|Clefable, M|100/100
|move|p1a: Buzzwole|Ice Punch|p2a: Pink Menace
|-damage|p2a: Pink Menace|82/100
|
|upkeep
|turn|9
|
|t:|1657392790
|switch|p1a: Toxapex|Toxapex, M|100/100
|-damage|p1a: Toxapex|88/100|[from] Stealth Rock
|move|p2a: Pink Menace|Wish|p2a: Pink Menace
|
|upkeep
|turn|10
|
|t:|1657392806
|switch|p2a: Torn Anus|Tornadus-Therian, M|100/100
|move|p1a: Toxapex|Toxic Spikes|p2a: Torn Anus
|-sidestart|p2: Down$hift|move: Toxic Spikes
|
|upkeep
|turn|11
|
|t:|1657392815
|switch|p2a: Pink Menace|Clefable, M|82/100
|-status|p2a: Pink Menace|psn
|move|p1a: Toxapex|Baneful Bunker||[still]
|-fail|p1a: Toxapex
|
|upkeep
|turn|12
|j| Monrogue
|j| BLAZ3 REBORN
|
|t:|1657392822
|switch|p2a: Torn Anus|Tornadus-Therian, M|100/100
|move|p1a: Toxapex|Scald|p2a: Torn Anus
|-damage|p2a: Torn Anus|84/100
|
|upkeep
|turn|13
|
|t:|1657392830
|switch|p2a: Pink Menace|Clefable, M|82/100 psn
|move|p1a: Toxapex|Scald|p2a: Pink Menace
|-damage|p2a: Pink Menace|69/100 psn
|
|upkeep
|turn|14
|
|t:|1657392833
|switch|p1a: Heatran|Heatran, M|100/100
|-damage|p1a: Heatran|88/100|[from] Stealth Rock
|-item|p1a: Heatran|Air Balloon
|move|p2a: Pink Menace|Moonblast|p1a: Heatran
|-resisted|p1a: Heatran
|-damage|p1a: Heatran|80/100
|-enditem|p1a: Heatran|Air Balloon
|
|upkeep
|turn|15
|
|t:|1657392838
|switch|p2a: Prédastérie|Toxapex, M|100/100
|-sideend|p2: Down$hift|move: Toxic Spikes|[of] p2a: Prédastérie
|move|p1a: Heatran|Magma Storm|p2a: Prédastérie
|-resisted|p2a: Prédastérie
|-damage|p2a: Prédastérie|83/100
|-activate|p2a: Prédastérie|move: Magma Storm|[of] p1a: Heatran
|-enditem|p2a: Prédastérie|Eject Button
|
|t:|1657392842
|switch|p2a: LandOUrus-T|Landorus-Therian, M|100/100
|-ability|p2a: LandOUrus-T|Intimidate|boost
|-unboost|p1a: Heatran|atk|1
|
|upkeep
|turn|16
|j| Atomise
|
|t:|1657392846
|switch|p1a: Corviknight|Corviknight, M|88/100
|-damage|p1a: Corviknight|76/100|[from] Stealth Rock
|-ability|p1a: Corviknight|Pressure
|move|p2a: LandOUrus-T|U-turn|p1a: Corviknight
|-resisted|p1a: Corviknight
|-damage|p1a: Corviknight|72/100
|-damage|p2a: LandOUrus-T|84/100|[from] item: Rocky Helmet|[of] p1a: Corviknight
|
|t:|1657392849
|switch|p2a: $wagnezone|Magnezone|67/100|[from]move: U-turn
|
|upkeep
|turn|17
|
|t:|1657392852
|move|p2a: $wagnezone|Thunderbolt|p1a: Corviknight
|-supereffective|p1a: Corviknight
|-damage|p1a: Corviknight|0 fnt
|faint|p1a: Corviknight
|
|upkeep
|
|t:|1657392854
|switch|p1a: Buzzwole|Buzzwole|100/100
|turn|18
|
|t:|1657392856
|switch|p1a: Tyranitar|Tyranitar, M|100/100
|-damage|p1a: Tyranitar|88/100|[from] Stealth Rock
|-weather|Sandstorm|[from] ability: Sand Stream|[of] p1a: Tyranitar
|switch|p2a: Pink Menace|Clefable, M|69/100 psn
|
|-weather|Sandstorm|[upkeep]
|upkeep
|turn|19
|
|t:|1657392861
|move|p1a: Tyranitar|Stone Edge|p2a: Pink Menace
|-damage|p2a: Pink Menace|23/100 psn
|move|p2a: Pink Menace|Soft-Boiled|p2a: Pink Menace
|-heal|p2a: Pink Menace|73/100 psn
|
|-weather|Sandstorm|[upkeep]
|upkeep
|turn|20
|
|t:|1657392865
|move|p1a: Tyranitar|Stone Edge|p2a: Pink Menace
|-crit|p2a: Pink Menace
|-damage|p2a: Pink Menace|10/100 psn
|move|p2a: Pink Menace|Soft-Boiled|p2a: Pink Menace
|-heal|p2a: Pink Menace|60/100 psn
|
|-weather|Sandstorm|[upkeep]
|upkeep
|turn|21
|
|t:|1657392868
|switch|p1a: Heatran|Heatran, M|80/100
|-damage|p1a: Heatran|68/100|[from] Stealth Rock
|move|p2a: Pink Menace|Soft-Boiled|p2a: Pink Menace
|-heal|p2a: Pink Menace|100/100 psn
|
|-weather|Sandstorm|[upkeep]
|upkeep
|turn|22
|
|t:|1657392875
|switch|p2a: Prédastérie|Toxapex, M|100/100
|move|p1a: Heatran|Magma Storm|p2a: Prédastérie
|-resisted|p2a: Prédastérie
|-damage|p2a: Prédastérie|84/100
|-activate|p2a: Prédastérie|move: Magma Storm|[of] p1a: Heatran
|
|-weather|none
|-damage|p2a: Prédastérie|72/100|[from] move: Magma Storm|[partiallytrapped]
|upkeep
|turn|23
|
|t:|1657392878
|move|p1a: Heatran|Earth Power|p2a: Prédastérie
|-supereffective|p2a: Prédastérie
|-damage|p2a: Prédastérie|31/100
|move|p2a: Prédastérie|Recover|p2a: Prédastérie
|-heal|p2a: Prédastérie|81/100
|
|-damage|p2a: Prédastérie|69/100|[from] move: Magma Storm|[partiallytrapped]
|upkeep
|turn|24
|
|t:|1657392884
|move|p1a: Heatran|Earth Power|p2a: Prédastérie
|-supereffective|p2a: Prédastérie
|-damage|p2a: Prédastérie|27/100
|move|p2a: Prédastérie|Recover|p2a: Prédastérie
|-heal|p2a: Prédastérie|77/100
|
|-damage|p2a: Prédastérie|65/100|[from] move: Magma Storm|[partiallytrapped]
|upkeep
|turn|25
|
|t:|1657392889
|move|p1a: Heatran|Stealth Rock|p2a: Prédastérie
|-sidestart|p2: Down$hift|move: Stealth Rock
|move|p2a: Prédastérie|Recover|p2a: Prédastérie
|-heal|p2a: Prédastérie|100/100
|
|-damage|p2a: Prédastérie|88/100|[from] move: Magma Storm|[partiallytrapped]
|upkeep
|turn|26
|
|t:|1657392897
|switch|p1a: Toxapex|Toxapex, M|100/100
|-damage|p1a: Toxapex|88/100|[from] Stealth Rock
|move|p2a: Prédastérie|Recover|p2a: Prédastérie
|-heal|p2a: Prédastérie|100/100
|
|-end|p2a: Prédastérie|Magma Storm|[partiallytrapped]
|upkeep
|turn|27
|
|t:|1657392899
|move|p1a: Toxapex|Scald|p2a: Prédastérie
|-resisted|p2a: Prédastérie
|-damage|p2a: Prédastérie|96/100
|move|p2a: Prédastérie|Knock Off|p1a: Toxapex
|-damage|p1a: Toxapex|79/100
|-damage|p2a: Prédastérie|79/100|[from] item: Rocky Helmet|[of] p1a: Toxapex
|-enditem|p1a: Toxapex|Rocky Helmet|[from] move: Knock Off|[of] p2a: Prédastérie
|
|upkeep
|turn|28
|
|t:|1657392903
|switch|p2a: Pink Menace|Clefable, M|100/100 psn
|move|p1a: Toxapex|Scald|p2a: Pink Menace
|-crit|p2a: Pink Menace
|-damage|p2a: Pink Menace|81/100 psn
|
|upkeep
|turn|29
|
|t:|1657392911
|switch|p1a: Heatran|Heatran, M|68/100
|-damage|p1a: Heatran|55/100|[from] Stealth Rock
|move|p2a: Pink Menace|Wish|p2a: Pink Menace
|
|upkeep
|turn|30
|
|t:|1657392920
|switch|p1a: Buzzwole|Buzzwole|100/100
|switch|p2a: LandOUrus-T|Landorus-Therian, M|84/100
|-damage|p2a: LandOUrus-T|72/100|[from] Stealth Rock
|-ability|p2a: LandOUrus-T|Intimidate|boost
|-unboost|p1a: Buzzwole|atk|1
|
|-heal|p2a: LandOUrus-T|100/100|[from] move: Wish|[wisher] Pink Menace
|upkeep
|turn|31
|j| paflechien93
|
|t:|1657392924
|move|p2a: LandOUrus-T|U-turn|p1a: Buzzwole
|-resisted|p1a: Buzzwole
|-damage|p1a: Buzzwole|92/100
|
|t:|1657392930
|switch|p2a: Pink Menace|Clefable, M|81/100 psn|[from]move: U-turn
|move|p1a: Buzzwole|Ice Punch|p2a: Pink Menace
|-damage|p2a: Pink Menace|69/100 psn
|
|upkeep
|turn|32
|-message|hackedbert forfeited.
|
|win|Down$hift
|raw|hackedbert's rating: 1678 &rarr; <strong>1663</strong><br />(-15 for losing)
|raw|Down$hift's rating: 1776 &rarr; <strong>1791</strong><br />(+15 for winning)
|l|☆hackedbert
|l| BLAZ3 REBORN
|l|☆Down$hift
|l| Monrogue
||Ladder isn't responding, score probably updated but might not have (Request timeout).
|l| paflechien93
|l| Atomise
