|j|☆2(H2O)-Alt
|j|☆Libaa
|t:|1655432039
|gametype|singles
|player|p1|2(H2O)-Alt|youngster|1691
|player|p2|Libaa|bianca-pwt|1704
|teamsize|p1|6
|teamsize|p2|6
|gen|8
|tier|[Gen 8] OU
|rated|
|rule|Sleep Clause Mod: Limit one foe put to sleep
|rule|Species Clause: Limit one of each Pokémon
|rule|OHKO Clause: OHKO moves are banned
|rule|Evasion Moves Clause: Evasion moves are banned
|rule|Endless Battle Clause: Forcing endless battles is banned
|rule|HP Percentage Mod: HP is shown in percentages
|rule|Dynamax Clause: You cannot dynamax
|clearpoke
|poke|p1|Kartana|
|poke|p1|Tapu Lele|
|poke|p1|Toxapex, M|
|poke|p1|Mandibuzz, F|
|poke|p1|Magnezone|
|poke|p1|Landorus-Therian, M|
|poke|p2|Gengar, F|
|poke|p2|Hatterene, F|
|poke|p2|Buzzwole|
|poke|p2|Hydreigon, M|
|poke|p2|Heatran, F|
|poke|p2|Landorus-Therian, M|
|teampreview
|
|t:|1655432064
|start
|switch|p1a: Landorus|Landorus-Therian, M|100/100
|switch|p2a: Literal OU|Landorus-Therian, M|100/100
|-ability|p2a: Literal OU|Intimidate|boost
|-unboost|p1a: Landorus|atk|1
|-ability|p1a: Landorus|Intimidate|boost
|-unboost|p2a: Literal OU|atk|1
|turn|1
|inactive|Battle timer is ON: inactive players will automatically lose when time's up. (requested by 2(H2O)-Alt)
|j| Traffalgar D Law
|
|t:|1655432071
|move|p2a: Literal OU|Stealth Rock|p1a: Landorus
|-sidestart|p1: 2(H2O)-Alt|move: Stealth Rock
|move|p1a: Landorus|Toxic|p2a: Literal OU
|-status|p2a: Literal OU|tox
|
|-damage|p2a: Literal OU|95/100 tox|[from] psn
|upkeep
|turn|2
|
|t:|1655432077
|switch|p2a: Femboy Libra|Hatterene, F|100/100
|move|p1a: Landorus|Stealth Rock|p2a: Femboy Libra
|move|p2a: Femboy Libra|Stealth Rock||[from]ability: Magic Bounce|[still]
|-fail|p2a: Femboy Libra
|
|upkeep
|turn|3
|
|t:|1655432080
|move|p1a: Landorus|U-turn|p2a: Femboy Libra
|-damage|p2a: Femboy Libra|89/100
|
|t:|1655432084
|switch|p1a: Magnezone|Magnezone|100/100|[from]move: U-turn
|-damage|p1a: Magnezone|94/100|[from] Stealth Rock
|move|p2a: Femboy Libra|Calm Mind|p2a: Femboy Libra
|-boost|p2a: Femboy Libra|spa|1
|-boost|p2a: Femboy Libra|spd|1
|
|-heal|p1a: Magnezone|100/100|[from] item: Leftovers
|-heal|p2a: Femboy Libra|95/100|[from] item: Leftovers
|upkeep
|turn|4
|
|t:|1655432089
|move|p1a: Magnezone|Flash Cannon|p2a: Femboy Libra
|-supereffective|p2a: Femboy Libra
|-damage|p2a: Femboy Libra|43/100
|move|p2a: Femboy Libra|Mystical Fire|p1a: Magnezone
|-supereffective|p1a: Magnezone
|-damage|p1a: Magnezone|8/100
|-unboost|p1a: Magnezone|spa|1
|
|-heal|p1a: Magnezone|14/100|[from] item: Leftovers
|-heal|p2a: Femboy Libra|50/100|[from] item: Leftovers
|upkeep
|turn|5
|
|t:|1655432108
|move|p1a: Magnezone|Flash Cannon|p2a: Femboy Libra
|-supereffective|p2a: Femboy Libra
|-damage|p2a: Femboy Libra|18/100
|move|p2a: Femboy Libra|Mystical Fire|p1a: Magnezone
|-supereffective|p1a: Magnezone
|-damage|p1a: Magnezone|0 fnt
|faint|p1a: Magnezone
|
|-heal|p2a: Femboy Libra|24/100|[from] item: Leftovers
|upkeep
|
|t:|1655432114
|switch|p1a: Kartana|Kartana|100/100
|-damage|p1a: Kartana|94/100|[from] Stealth Rock
|turn|6
|
|t:|1655432115
|move|p1a: Kartana|Knock Off|p2a: Femboy Libra
|-damage|p2a: Femboy Libra|0 fnt
|-enditem|p2a: Femboy Libra|Leftovers|[from] move: Knock Off|[of] p1a: Kartana
|faint|p2a: Femboy Libra
|-ability|p1a: Kartana|Beast Boost|boost
|-boost|p1a: Kartana|atk|1
|
|upkeep
|
|t:|1655432117
|switch|p2a: Swull 😡|Buzzwole|100/100
|turn|7
|
|t:|1655432120
|switch|p1a: Mandibuzz|Mandibuzz, F|100/100
|move|p2a: Swull 😡|Toxic|p1a: Mandibuzz
|-status|p1a: Mandibuzz|tox
|
|-damage|p1a: Mandibuzz|94/100 tox|[from] psn
|upkeep
|turn|8
|
|t:|1655432125
|switch|p2a: Froggo|Heatran, F|100/100
|move|p1a: Mandibuzz|U-turn|p2a: Froggo
|-resisted|p2a: Froggo
|-damage|p2a: Froggo|98/100
|
|t:|1655432132
|switch|p1a: Landorus|Landorus-Therian, M|100/100|[from]move: U-turn
|-damage|p1a: Landorus|88/100|[from] Stealth Rock
|-ability|p1a: Landorus|Intimidate|boost
|-unboost|p2a: Froggo|atk|1
|
|-heal|p1a: Landorus|94/100|[from] item: Leftovers
|-heal|p2a: Froggo|100/100|[from] item: Leftovers
|upkeep
|turn|9
|
|t:|1655432139
|switch|p2a: Literal OU|Landorus-Therian, M|95/100 tox
|-ability|p2a: Literal OU|Intimidate|boost
|-unboost|p1a: Landorus|atk|1
|move|p1a: Landorus|Stealth Rock|p2a: Literal OU
|-sidestart|p2: Libaa|move: Stealth Rock
|
|-heal|p1a: Landorus|99/100|[from] item: Leftovers
|-damage|p2a: Literal OU|89/100 tox|[from] psn
|upkeep
|turn|10
|
|t:|1655432143
|move|p2a: Literal OU|Knock Off|p1a: Landorus
|-damage|p1a: Landorus|67/100
|-enditem|p1a: Landorus|Leftovers|[from] move: Knock Off|[of] p2a: Literal OU
|move|p1a: Landorus|U-turn|p2a: Literal OU
|-resisted|p2a: Literal OU
|-damage|p2a: Literal OU|80/100 tox
|
|t:|1655432149
|switch|p1a: Kartana|Kartana|94/100|[from]move: U-turn
|-damage|p1a: Kartana|88/100|[from] Stealth Rock
|
|-damage|p2a: Literal OU|68/100 tox|[from] psn
|upkeep
|turn|11
|
|t:|1655432152
|switch|p2a: Swull 😡|Buzzwole|100/100
|-damage|p2a: Swull 😡|88/100|[from] Stealth Rock
|move|p1a: Kartana|Knock Off|p2a: Swull 😡
|-resisted|p2a: Swull 😡
|-damage|p2a: Swull 😡|66/100
|-damage|p1a: Kartana|72/100|[from] item: Rocky Helmet|[of] p2a: Swull 😡
|-enditem|p2a: Swull 😡|Rocky Helmet|[from] move: Knock Off|[of] p1a: Kartana
|
|upkeep
|turn|12
|
|t:|1655432160
|switch|p1a: Landorus|Landorus-Therian, M|67/100
|-damage|p1a: Landorus|55/100|[from] Stealth Rock
|-ability|p1a: Landorus|Intimidate|boost
|-unboost|p2a: Swull 😡|atk|1
|move|p2a: Swull 😡|Roost|p2a: Swull 😡
|-heal|p2a: Swull 😡|100/100
|-singleturn|p2a: Swull 😡|move: Roost
|
|upkeep
|turn|13
|
|t:|1655432162
|move|p2a: Swull 😡|Toxic|p1a: Landorus
|-status|p1a: Landorus|tox
|move|p1a: Landorus|U-turn|p2a: Swull 😡
|-resisted|p2a: Swull 😡
|-damage|p2a: Swull 😡|93/100
|
|t:|1655432167
|switch|p1a: Tapu Lele|Tapu Lele, shiny|100/100|[from]move: U-turn
|-damage|p1a: Tapu Lele|88/100|[from] Stealth Rock
|-fieldstart|move: Psychic Terrain|[from] ability: Psychic Surge|[of] p1a: Tapu Lele
|
|upkeep
|turn|14
|
|t:|1655432171
|switch|p2a: Froggo|Heatran, F|100/100
|-damage|p2a: Froggo|88/100|[from] Stealth Rock
|move|p1a: Tapu Lele|Future Sight|p2a: Froggo
|-start|p1a: Tapu Lele|move: Future Sight
|
|-heal|p2a: Froggo|94/100|[from] item: Leftovers
|upkeep
|turn|15
|
|t:|1655432174
|switch|p1a: Landorus|Landorus-Therian, M|55/100 tox
|-damage|p1a: Landorus|42/100 tox|[from] Stealth Rock
|-ability|p1a: Landorus|Intimidate|boost
|-unboost|p2a: Froggo|atk|1
|move|p2a: Froggo|Magma Storm|p1a: Landorus
|-damage|p1a: Landorus|11/100 tox
|-activate|p1a: Landorus|move: Magma Storm|[of] p2a: Froggo
|
|-heal|p2a: Froggo|100/100|[from] item: Leftovers
|-damage|p1a: Landorus|5/100 tox|[from] psn
|-damage|p1a: Landorus|0 fnt|[from] move: Magma Storm|[partiallytrapped]
|faint|p1a: Landorus
|upkeep
|
|t:|1655432176
|switch|p1a: Kartana|Kartana|72/100
|-damage|p1a: Kartana|65/100|[from] Stealth Rock
|turn|16
|
|t:|1655432183
|switch|p2a: Akuma|Hydreigon, M|100/100
|-damage|p2a: Akuma|88/100|[from] Stealth Rock
|move|p1a: Kartana|Sacred Sword|p2a: Akuma
|-supereffective|p2a: Akuma
|-damage|p2a: Akuma|0 fnt
|faint|p2a: Akuma
|-ability|p1a: Kartana|Beast Boost|boost
|-boost|p1a: Kartana|atk|1
|
|-hint|Future Sight did not hit because the target is fainted.
|upkeep
|
|t:|1655432185
|switch|p2a: Swull 😡|Buzzwole|93/100
|-damage|p2a: Swull 😡|81/100|[from] Stealth Rock
|turn|17
|
|t:|1655432193
|switch|p1a: Mandibuzz|Mandibuzz, F|94/100 tox
|move|p2a: Swull 😡|Close Combat|p1a: Mandibuzz
|-damage|p1a: Mandibuzz|51/100 tox
|-unboost|p2a: Swull 😡|def|1
|-unboost|p2a: Swull 😡|spd|1
|
|-damage|p1a: Mandibuzz|45/100 tox|[from] psn
|-fieldend|move: Psychic Terrain
|upkeep
|turn|18
|
|t:|1655432197
|move|p2a: Swull 😡|Close Combat|p1a: Mandibuzz
|-crit|p1a: Mandibuzz
|-damage|p1a: Mandibuzz|0 fnt
|-unboost|p2a: Swull 😡|def|1
|-unboost|p2a: Swull 😡|spd|1
|faint|p1a: Mandibuzz
|-ability|p2a: Swull 😡|Beast Boost|boost
|-boost|p2a: Swull 😡|atk|1
|
|upkeep
|
|t:|1655432201
|switch|p1a: Tapu Lele|Tapu Lele, shiny|88/100
|-damage|p1a: Tapu Lele|76/100|[from] Stealth Rock
|-fieldstart|move: Psychic Terrain|[from] ability: Psychic Surge|[of] p1a: Tapu Lele
|turn|19
|
|t:|1655432203
|switch|p1a: Kartana|Kartana|65/100
|-damage|p1a: Kartana|59/100|[from] Stealth Rock
|switch|p2a: Froggo|Heatran, F|100/100
|-damage|p2a: Froggo|88/100|[from] Stealth Rock
|
|-heal|p2a: Froggo|94/100|[from] item: Leftovers
|upkeep
|turn|20
|
|t:|1655432209
|switch|p2a: Swull 😡|Buzzwole|81/100
|-damage|p2a: Swull 😡|68/100|[from] Stealth Rock
|move|p1a: Kartana|Smart Strike|p2a: Swull 😡
|-damage|p2a: Swull 😡|23/100
|
|upkeep
|turn|21
|
|t:|1655432214
|switch|p1a: Tapu Lele|Tapu Lele, shiny|76/100
|-damage|p1a: Tapu Lele|63/100|[from] Stealth Rock
|move|p2a: Swull 😡|Roost|p2a: Swull 😡
|-heal|p2a: Swull 😡|73/100
|-singleturn|p2a: Swull 😡|move: Roost
|
|upkeep
|turn|22
|
|t:|1655432219
|switch|p1a: Kartana|Kartana|59/100
|-damage|p1a: Kartana|53/100|[from] Stealth Rock
|switch|p2a: Froggo|Heatran, F|94/100
|-damage|p2a: Froggo|82/100|[from] Stealth Rock
|
|-heal|p2a: Froggo|88/100|[from] item: Leftovers
|upkeep
|turn|23
|
|t:|1655432222
|switch|p2a: Literal OU|Landorus-Therian, M|68/100 tox
|-damage|p2a: Literal OU|56/100 tox|[from] Stealth Rock
|-ability|p2a: Literal OU|Intimidate|boost
|-unboost|p1a: Kartana|atk|1
|move|p1a: Kartana|Sacred Sword|p2a: Literal OU
|-resisted|p2a: Literal OU
|-damage|p2a: Literal OU|33/100 tox
|
|-damage|p2a: Literal OU|27/100 tox|[from] psn
|-fieldend|move: Psychic Terrain
|upkeep
|turn|24
|
|t:|1655432225
|move|p1a: Kartana|Sacred Sword|p2a: Literal OU
|-resisted|p2a: Literal OU
|-damage|p2a: Literal OU|3/100 tox
|move|p2a: Literal OU|Earthquake|p1a: Kartana
|-damage|p1a: Kartana|0 fnt
|faint|p1a: Kartana
|
|-damage|p2a: Literal OU|0 fnt|[from] psn
|faint|p2a: Literal OU
|upkeep
|-message|2(H2O)-Alt forfeited.
|
|win|Libaa
|raw|2(H2O)-Alt's rating: 1691 &rarr; <strong>1672</strong><br />(-19 for losing)
|raw|Libaa's rating: 1704 &rarr; <strong>1723</strong><br />(+19 for winning)
|l|☆2(H2O)-Alt
