|j|☆Le-Perpetrator
|j|☆wsdfg
|t:|1602080354
|player|p1|Le-Perpetrator|266|1800
|player|p2|wsdfg|lady|1796
|teamsize|p1|6
|teamsize|p2|6
|gametype|singles
|gen|8
|tier|[Gen 8] OU
|rated|
|clearpoke
|poke|p1|Politoed, M|
|poke|p1|Kingdra, M|
|poke|p1|Togekiss, M|
|poke|p1|Kyurem|
|poke|p1|Zeraora|
|poke|p1|Hatterene, F|
|poke|p2|Zeraora|
|poke|p2|Clefable, F|
|poke|p2|Excadrill, M|
|poke|p2|Ferrothorn, F|
|poke|p2|Hydreigon, F|
|poke|p2|Hippowdon, F|
|rule|Sleep Clause Mod: Limit one foe put to sleep
|rule|Species Clause: Limit one of each Pokémon
|rule|OHKO Clause: OHKO moves are banned
|rule|Evasion Moves Clause: Evasion moves are banned
|rule|Endless Battle Clause: Forcing endless battles is banned
|rule|HP Percentage Mod: HP is shown in percentages
|rule|Dynamax Clause: You cannot dynamax
|teampreview
|
|t:|1602080362
|start
|switch|p1a: Kiss2U|Togekiss, M|100/100
|switch|p2a: Zeraora|Zeraora|100/100
|turn|1
|
|t:|1602080368
|switch|p1a: Neymar|Zeraora|100/100
|move|p2a: Zeraora|Knock Off|p1a: Neymar
|-damage|p1a: Neymar|62/100
|-enditem|p1a: Neymar|Choice Band|[from] move: Knock Off|[of] p2a: Zeraora
|
|upkeep
|turn|2
|
|t:|1602080374
|switch|p2a: Ferrothorn|Ferrothorn, F|100/100
|move|p1a: Neymar|Knock Off|p2a: Ferrothorn
|-damage|p2a: Ferrothorn|82/100
|-damage|p1a: Neymar|49/100|[from] ability: Iron Barbs|[of] p2a: Ferrothorn
|-damage|p1a: Neymar|33/100|[from] item: Rocky Helmet|[of] p2a: Ferrothorn
|-enditem|p2a: Ferrothorn|Rocky Helmet|[from] move: Knock Off|[of] p1a: Neymar
|
|upkeep
|turn|3
|
|t:|1602080383
|switch|p1a: WhatIlookLike|Hatterene, F, shiny|100/100
|move|p2a: Ferrothorn|Leech Seed|p1a: WhatIlookLike
|move|p1a: WhatIlookLike|Leech Seed|p2a: Ferrothorn|[from]Magic Bounce
|-immune|p2a: Ferrothorn
|
|upkeep
|turn|4
|j| paladica
|
|t:|1602080390
|switch|p2a: Clefable|Clefable, F|100/100
|move|p1a: WhatIlookLike|Mystical Fire|p2a: Clefable
|-damage|p2a: Clefable|68/100
|-unboost|p2a: Clefable|spa|1
|
|-heal|p2a: Clefable|74/100|[from] item: Leftovers
|upkeep
|turn|5
|
|t:|1602080398
|move|p2a: Clefable|Wish|p2a: Clefable
|move|p1a: WhatIlookLike|Mystical Fire|p2a: Clefable
|-damage|p2a: Clefable|45/100
|-unboost|p2a: Clefable|spa|1
|
|-heal|p2a: Clefable|51/100|[from] item: Leftovers
|upkeep
|turn|6
|j| abusing rillaboom
|
|t:|1602080405
|switch|p1a: Kiss2U|Togekiss, M|100/100
|move|p2a: Clefable|Moonblast|p1a: Kiss2U
|-damage|p1a: Kiss2U|86/100
|
|-heal|p2a: Clefable|100/100|[from] move: Wish|[wisher] Clefable
|-heal|p1a: Kiss2U|92/100|[from] item: Leftovers
|upkeep
|turn|7
|j| Meanie Poo
|
|t:|1602080413
|switch|p2a: Zeraora|Zeraora|100/100
|move|p1a: Kiss2U|Flamethrower|p2a: Zeraora
|-crit|p2a: Zeraora
|-damage|p2a: Zeraora|46/100
|-status|p2a: Zeraora|brn
|
|-heal|p1a: Kiss2U|98/100|[from] item: Leftovers
|-damage|p2a: Zeraora|40/100 brn|[from] brn
|upkeep
|turn|8
|
|t:|1602080423
|switch|p1a: Neymar|Zeraora|33/100
|move|p2a: Zeraora|Plasma Fists|p1a: Neymar
|-heal|p1a: Neymar|57/100|[from] ability: Volt Absorb|[of] p2a: Zeraora
|
|-damage|p2a: Zeraora|34/100 brn|[from] brn
|upkeep
|turn|9
|
|t:|1602080431
|move|p2a: Zeraora|Close Combat|p1a: Neymar
|-damage|p1a: Neymar|31/100
|-unboost|p2a: Zeraora|def|1
|-unboost|p2a: Zeraora|spd|1
|move|p1a: Neymar|Volt Switch|p2a: Zeraora
|-heal|p2a: Zeraora|59/100 brn|[from] ability: Volt Absorb|[of] p1a: Neymar
|
|-damage|p2a: Zeraora|53/100 brn|[from] brn
|upkeep
|turn|10
|
|t:|1602080439
|switch|p2a: Ferrothorn|Ferrothorn, F|82/100
|move|p1a: Neymar|Close Combat|p2a: Ferrothorn
|-supereffective|p2a: Ferrothorn
|-damage|p2a: Ferrothorn|35/100
|-unboost|p1a: Neymar|def|1
|-unboost|p1a: Neymar|spd|1
|-damage|p1a: Neymar|19/100|[from] ability: Iron Barbs|[of] p2a: Ferrothorn
|
|upkeep
|turn|11
|j| Vachs
|
|t:|1602080447
|switch|p2a: Hippowdon|Hippowdon, F|100/100
|-weather|Sandstorm|[from] ability: Sand Stream|[of] p2a: Hippowdon
|move|p1a: Neymar|Close Combat|p2a: Hippowdon
|-damage|p2a: Hippowdon|82/100
|-unboost|p1a: Neymar|def|1
|-unboost|p1a: Neymar|spd|1
|
|-weather|Sandstorm|[upkeep]
|-damage|p1a: Neymar|13/100|[from] Sandstorm
|-heal|p2a: Hippowdon|88/100|[from] item: Leftovers
|upkeep
|turn|12
|
|t:|1602080459
|switch|p1a: WhatIlookLike|Hatterene, F, shiny|100/100
|switch|p2a: Excadrill|Excadrill, M|100/100
|
|-weather|Sandstorm|[upkeep]
|-damage|p1a: WhatIlookLike|95/100|[from] Sandstorm
|upkeep
|turn|13
|
|t:|1602080466
|switch|p1a: KermitintheRain|Politoed, M, shiny|100/100
|-weather|RainDance|[from] ability: Drizzle|[of] p1a: KermitintheRain
|move|p2a: Excadrill|Iron Head|p1a: KermitintheRain
|-resisted|p1a: KermitintheRain
|-damage|p1a: KermitintheRain|82/100
|
|-weather|RainDance|[upkeep]
|upkeep
|turn|14
|
|t:|1602080484
|switch|p2a: Ferrothorn|Ferrothorn, F|35/100
|switch|p1a: SniperElite3|Kingdra, M|100/100
|
|-weather|RainDance|[upkeep]
|upkeep
|turn|15
|
|t:|1602080492
|move|p1a: SniperElite3|Hydro Pump|p2a: Ferrothorn
|-resisted|p2a: Ferrothorn
|-damage|p2a: Ferrothorn|0 fnt
|faint|p2a: Ferrothorn
|
|-weather|RainDance|[upkeep]
|upkeep
|j| jmelnick15
|
|t:|1602080498
|switch|p2a: Hydreigon|Hydreigon, F|100/100
|turn|16
|
|t:|1602080507
|switch|p1a: Kiss2U|Togekiss, M|98/100
|move|p2a: Hydreigon|Nasty Plot|p2a: Hydreigon
|-boost|p2a: Hydreigon|spa|2
|
|-weather|RainDance|[upkeep]
|-heal|p1a: Kiss2U|100/100|[from] item: Leftovers
|upkeep
|turn|17
|
|t:|1602080516
|switch|p1a: SniperElite3|Kingdra, M|100/100
|move|p2a: Hydreigon|Flash Cannon|p1a: SniperElite3
|-resisted|p1a: SniperElite3
|-damage|p1a: SniperElite3|57/100
|-damage|p2a: Hydreigon|91/100|[from] item: Life Orb
|
|-weather|RainDance|[upkeep]
|upkeep
|turn|18
|
|t:|1602080524
|switch|p2a: Clefable|Clefable, F|100/100
|move|p1a: SniperElite3|Ice Beam|p2a: Clefable
|-damage|p2a: Clefable|73/100
|
|-weather|RainDance|[upkeep]
|-heal|p2a: Clefable|79/100|[from] item: Leftovers
|upkeep
|turn|19
|
|t:|1602080531
|switch|p1a: Kiss2U|Togekiss, M|100/100
|move|p2a: Clefable|Moonblast|p1a: Kiss2U
|-crit|p1a: Kiss2U
|-damage|p1a: Kiss2U|52/100
|
|-weather|RainDance|[upkeep]
|-heal|p1a: Kiss2U|58/100|[from] item: Leftovers
|-heal|p2a: Clefable|86/100|[from] item: Leftovers
|upkeep
|turn|20
|
|t:|1602080540
|switch|p2a: Zeraora|Zeraora|53/100 brn
|move|p1a: Kiss2U|Air Slash|p2a: Zeraora
|-resisted|p2a: Zeraora
|-crit|p2a: Zeraora
|-damage|p2a: Zeraora|19/100 brn
|
|-weather|none
|-heal|p1a: Kiss2U|64/100|[from] item: Leftovers
|-damage|p2a: Zeraora|13/100 brn|[from] brn
|upkeep
|turn|21
|
|t:|1602080549
|switch|p1a: Neymar|Zeraora|13/100
|move|p2a: Zeraora|Close Combat|p1a: Neymar
|-damage|p1a: Neymar|0 fnt
|-unboost|p2a: Zeraora|def|1
|-unboost|p2a: Zeraora|spd|1
|faint|p1a: Neymar
|
|-damage|p2a: Zeraora|7/100 brn|[from] brn
|upkeep
|
|t:|1602080558
|switch|p1a: Freezetits|Kyurem|100/100
|-ability|p1a: Freezetits|Pressure
|turn|22
|
|t:|1602080562
|move|p2a: Zeraora|Close Combat|p1a: Freezetits
|-supereffective|p1a: Freezetits
|-crit|p1a: Freezetits
|-damage|p1a: Freezetits|51/100
|-unboost|p2a: Zeraora|def|1
|-unboost|p2a: Zeraora|spd|1
|move|p1a: Freezetits|Ice Beam|p2a: Zeraora
|-damage|p2a: Zeraora|0 fnt
|faint|p2a: Zeraora
|
|upkeep
|
|t:|1602080566
|switch|p2a: Excadrill|Excadrill, M|100/100
|turn|23
|
|t:|1602080573
|move|p1a: Freezetits|Ice Beam|p2a: Excadrill
|-damage|p2a: Excadrill|5/100
|move|p2a: Excadrill|Swords Dance|p2a: Excadrill
|-boost|p2a: Excadrill|atk|2
|
|-heal|p2a: Excadrill|11/100|[from] item: Leftovers
|upkeep
|turn|24
|
|t:|1602080585
|move|p1a: Freezetits|Ice Beam|p2a: Excadrill
|-damage|p2a: Excadrill|0 fnt
|faint|p2a: Excadrill
|
|upkeep
|
|t:|1602080587
|switch|p2a: Hydreigon|Hydreigon, F|91/100
|turn|25
|
|t:|1602080592
|switch|p1a: Kiss2U|Togekiss, M|64/100
|move|p2a: Hydreigon|Flash Cannon|p1a: Kiss2U
|-supereffective|p1a: Kiss2U
|-damage|p1a: Kiss2U|0 fnt
|-damage|p2a: Hydreigon|81/100|[from] item: Life Orb
|faint|p1a: Kiss2U
|
|upkeep
|
|t:|1602080599
|switch|p1a: KermitintheRain|Politoed, M, shiny|82/100
|-weather|RainDance|[from] ability: Drizzle|[of] p1a: KermitintheRain
|turn|26
|
|t:|1602080603
|move|p2a: Hydreigon|Flash Cannon|p1a: KermitintheRain
|-resisted|p1a: KermitintheRain
|-damage|p1a: KermitintheRain|67/100
|-damage|p2a: Hydreigon|71/100|[from] item: Life Orb
|move|p1a: KermitintheRain|Encore|p2a: Hydreigon
|-start|p2a: Hydreigon|Encore
|
|-weather|RainDance|[upkeep]
|upkeep
|turn|27
|j| eleve3
|
|t:|1602080611
|switch|p2a: Hippowdon|Hippowdon, F|88/100
|-weather|Sandstorm|[from] ability: Sand Stream|[of] p2a: Hippowdon
|move|p1a: KermitintheRain|Scald|p2a: Hippowdon
|-supereffective|p2a: Hippowdon
|-damage|p2a: Hippowdon|36/100
|
|-weather|Sandstorm|[upkeep]
|-damage|p1a: KermitintheRain|61/100|[from] Sandstorm
|-heal|p2a: Hippowdon|43/100|[from] item: Leftovers
|upkeep
|turn|28
|
|t:|1602080621
|switch|p2a: Hydreigon|Hydreigon, F|71/100
|move|p1a: KermitintheRain|Scald|p2a: Hydreigon
|-resisted|p2a: Hydreigon
|-damage|p2a: Hydreigon|58/100
|
|-weather|Sandstorm|[upkeep]
|-damage|p2a: Hydreigon|52/100|[from] Sandstorm
|-damage|p1a: KermitintheRain|54/100|[from] Sandstorm
|upkeep
|turn|29
|
|t:|1602080629
|switch|p1a: Freezetits|Kyurem|51/100
|-ability|p1a: Freezetits|Pressure
|move|p2a: Hydreigon|Flash Cannon|p1a: Freezetits
|-supereffective|p1a: Freezetits
|-damage|p1a: Freezetits|0 fnt
|-damage|p2a: Hydreigon|42/100|[from] item: Life Orb
|faint|p1a: Freezetits
|
|-weather|Sandstorm|[upkeep]
|-damage|p2a: Hydreigon|36/100|[from] Sandstorm
|upkeep
|
|t:|1602080641
|switch|p1a: KermitintheRain|Politoed, M, shiny|54/100
|-weather|RainDance|[from] ability: Drizzle|[of] p1a: KermitintheRain
|turn|30
|l| Vachs
|
|t:|1602080645
|switch|p1a: WhatIlookLike|Hatterene, F, shiny|95/100
|move|p2a: Hydreigon|Draco Meteor|p1a: WhatIlookLike
|-immune|p1a: WhatIlookLike
|
|-weather|RainDance|[upkeep]
|upkeep
|turn|31
|
|t:|1602080653
|switch|p2a: Clefable|Clefable, F|86/100
|move|p1a: WhatIlookLike|Dazzling Gleam|p2a: Clefable
|-damage|p2a: Clefable|38/100
|
|-weather|RainDance|[upkeep]
|-heal|p2a: Clefable|44/100|[from] item: Leftovers
|upkeep
|turn|32
|
|t:|1602080660
|move|p2a: Clefable|Protect|p2a: Clefable
|-singleturn|p2a: Clefable|Protect
|move|p1a: WhatIlookLike|Dazzling Gleam|p2a: Clefable
|-activate|p2a: Clefable|move: Protect
|
|-weather|RainDance|[upkeep]
|-heal|p2a: Clefable|50/100|[from] item: Leftovers
|upkeep
|turn|33
|l| eleve3
|
|t:|1602080666
|move|p2a: Clefable|Wish|p2a: Clefable
|move|p1a: WhatIlookLike|Dazzling Gleam|p2a: Clefable
|-damage|p2a: Clefable|4/100
|
|-weather|RainDance|[upkeep]
|-heal|p2a: Clefable|10/100|[from] item: Leftovers
|upkeep
|turn|34
|
|t:|1602080672
|switch|p1a: SniperElite3|Kingdra, M|57/100
|move|p2a: Clefable|Protect||[still]
|-fail|p2a: Clefable
|
|-weather|RainDance|[upkeep]
|-heal|p2a: Clefable|60/100|[from] move: Wish|[wisher] Clefable
|-heal|p2a: Clefable|66/100|[from] item: Leftovers
|upkeep
|turn|35
|
|t:|1602080680
|switch|p2a: Hippowdon|Hippowdon, F|43/100
|-weather|Sandstorm|[from] ability: Sand Stream|[of] p2a: Hippowdon
|move|p1a: SniperElite3|Hydro Pump|p2a: Hippowdon|[miss]
|-miss|p1a: SniperElite3|p2a: Hippowdon
|
|-weather|Sandstorm|[upkeep]
|-damage|p1a: SniperElite3|51/100|[from] Sandstorm
|-heal|p2a: Hippowdon|49/100|[from] item: Leftovers
|upkeep
|turn|36
|j| AwesomeAdams
|
|t:|1602080704
|switch|p2a: Clefable|Clefable, F|66/100
|move|p1a: SniperElite3|Hydro Pump|p2a: Clefable
|-damage|p2a: Clefable|18/100
|
|-weather|Sandstorm|[upkeep]
|-damage|p1a: SniperElite3|45/100|[from] Sandstorm
|-damage|p2a: Clefable|12/100|[from] Sandstorm
|-heal|p2a: Clefable|18/100|[from] item: Leftovers
|upkeep
|turn|37
|
|t:|1602080712
|move|p2a: Clefable|Protect|p2a: Clefable
|-singleturn|p2a: Clefable|Protect
|move|p1a: SniperElite3|Hydro Pump|p2a: Clefable
|-activate|p2a: Clefable|move: Protect
|
|-weather|Sandstorm|[upkeep]
|-damage|p1a: SniperElite3|39/100|[from] Sandstorm
|-damage|p2a: Clefable|12/100|[from] Sandstorm
|-heal|p2a: Clefable|18/100|[from] item: Leftovers
|upkeep
|turn|38
|
|t:|1602080720
|move|p1a: SniperElite3|Hydro Pump|p2a: Clefable|[miss]
|-miss|p1a: SniperElite3|p2a: Clefable
|move|p2a: Clefable|Wish|p2a: Clefable
|
|-weather|Sandstorm|[upkeep]
|-damage|p1a: SniperElite3|32/100|[from] Sandstorm
|-damage|p2a: Clefable|12/100|[from] Sandstorm
|-heal|p2a: Clefable|18/100|[from] item: Leftovers
|upkeep
|turn|39
|
|t:|1602080727
|switch|p1a: KermitintheRain|Politoed, M, shiny|54/100
|-weather|RainDance|[from] ability: Drizzle|[of] p1a: KermitintheRain
|move|p2a: Clefable|Protect||[still]
|-fail|p2a: Clefable
|
|-weather|RainDance|[upkeep]
|-heal|p2a: Clefable|68/100|[from] move: Wish|[wisher] Clefable
|-heal|p2a: Clefable|74/100|[from] item: Leftovers
|upkeep
|turn|40
|
|t:|1602080737
|move|p1a: KermitintheRain|Toxic|p2a: Clefable
|-status|p2a: Clefable|tox
|move|p2a: Clefable|Moonblast|p1a: KermitintheRain
|-damage|p1a: KermitintheRain|26/100
|
|-weather|RainDance|[upkeep]
|-heal|p2a: Clefable|80/100 tox|[from] item: Leftovers
|-damage|p2a: Clefable|74/100 tox|[from] psn
|upkeep
|turn|41
|
|t:|1602080746
|switch|p1a: WhatIlookLike|Hatterene, F, shiny|95/100
|move|p2a: Clefable|Moonblast|p1a: WhatIlookLike
|-damage|p1a: WhatIlookLike|62/100
|-unboost|p1a: WhatIlookLike|spa|1
|
|-weather|RainDance|[upkeep]
|-heal|p2a: Clefable|80/100 tox|[from] item: Leftovers
|-damage|p2a: Clefable|68/100 tox|[from] psn
|upkeep
|turn|42
|l| jmelnick15
|j| TYX Nesta
|
|t:|1602080767
|move|p2a: Clefable|Moonblast|p1a: WhatIlookLike
|-damage|p1a: WhatIlookLike|27/100
|move|p1a: WhatIlookLike|Draining Kiss|p2a: Clefable
|-damage|p2a: Clefable|39/100 tox
|-heal|p1a: WhatIlookLike|54/100|[from] drain|[of] p2a: Clefable
|
|-weather|RainDance|[upkeep]
|-heal|p2a: Clefable|45/100 tox|[from] item: Leftovers
|-damage|p2a: Clefable|27/100 tox|[from] psn
|upkeep
|turn|43
|
|t:|1602080777
|switch|p2a: Hippowdon|Hippowdon, F|49/100
|-weather|Sandstorm|[from] ability: Sand Stream|[of] p2a: Hippowdon
|move|p1a: WhatIlookLike|Draining Kiss|p2a: Hippowdon
|-damage|p2a: Hippowdon|19/100
|-heal|p1a: WhatIlookLike|84/100|[from] drain|[of] p2a: Hippowdon
|
|-weather|Sandstorm|[upkeep]
|-damage|p1a: WhatIlookLike|78/100|[from] Sandstorm
|-heal|p2a: Hippowdon|25/100|[from] item: Leftovers
|upkeep
|turn|44
|
|t:|1602080786
|move|p2a: Hippowdon|Earthquake|p1a: WhatIlookLike
|-damage|p1a: WhatIlookLike|36/100
|move|p1a: WhatIlookLike|Draining Kiss|p2a: Hippowdon
|-damage|p2a: Hippowdon|0 fnt
|-heal|p1a: WhatIlookLike|61/100|[from] drain|[of] p2a: Hippowdon
|faint|p2a: Hippowdon
|
|-weather|Sandstorm|[upkeep]
|-damage|p1a: WhatIlookLike|55/100|[from] Sandstorm
|upkeep
|
|t:|1602080788
|switch|p2a: Hydreigon|Hydreigon, F|36/100
|turn|45
|
|t:|1602080798
|switch|p1a: KermitintheRain|Politoed, M, shiny|26/100
|-weather|RainDance|[from] ability: Drizzle|[of] p1a: KermitintheRain
|move|p2a: Hydreigon|Flash Cannon|p1a: KermitintheRain
|-resisted|p1a: KermitintheRain
|-damage|p1a: KermitintheRain|10/100
|-damage|p2a: Hydreigon|26/100|[from] item: Life Orb
|
|-weather|RainDance|[upkeep]
|upkeep
|turn|46
|
|t:|1602080806
|move|p2a: Hydreigon|Flash Cannon|p1a: KermitintheRain
|-resisted|p1a: KermitintheRain
|-damage|p1a: KermitintheRain|0 fnt
|-damage|p2a: Hydreigon|16/100|[from] item: Life Orb
|faint|p1a: KermitintheRain
|
|-weather|RainDance|[upkeep]
|upkeep
|
|t:|1602080811
|switch|p1a: SniperElite3|Kingdra, M|32/100
|turn|47
|
|t:|1602080815
|move|p1a: SniperElite3|Scald|p2a: Hydreigon
|-resisted|p2a: Hydreigon
|-damage|p2a: Hydreigon|0 fnt
|faint|p2a: Hydreigon
|
|-weather|RainDance|[upkeep]
|upkeep
|-message|wsdfg forfeited.
|
|win|Le-Perpetrator
|l|☆wsdfg
