|j|☆Holycat
|j|☆NeoNaruto®++
|t:|1646365093
|gametype|singles
|player|p1|Holycat|maylene|1594
|player|p2|NeoNaruto®++|medium|1764
|teamsize|p1|6
|teamsize|p2|6
|gen|8
|tier|[Gen 8] OU
|rated|
|rule|Sleep Clause Mod: Limit one foe put to sleep
|rule|Species Clause: Limit one of each Pokémon
|rule|OHKO Clause: OHKO moves are banned
|rule|Evasion Moves Clause: Evasion moves are banned
|rule|Endless Battle Clause: Forcing endless battles is banned
|rule|HP Percentage Mod: HP is shown in percentages
|rule|Dynamax Clause: You cannot dynamax
|clearpoke
|poke|p1|Skarmory, M|
|poke|p1|Hippowdon, M|
|poke|p1|Keldeo-Resolute|
|poke|p1|Zapdos-Galar|
|poke|p1|Bisharp, F|
|poke|p1|Slowking-Galar, F|
|poke|p2|Landorus-Therian, M|
|poke|p2|Slowbro, M|
|poke|p2|Tapu Koko|
|poke|p2|Dragonite, M|
|poke|p2|Darmanitan, F|
|poke|p2|Tyranitar, M|
|teampreview
|inactive|Battle timer is ON: inactive players will automatically lose when time's up. (requested by NeoNaruto®++)
|
|t:|1646365114
|start
|switch|p1a: Hippowdon|Hippowdon, M|100/100
|switch|p2a: PURRP FOR SALE|Darmanitan, F|100/100
|-weather|Sandstorm|[from] ability: Sand Stream|[of] p1a: Hippowdon
|turn|1
|
|t:|1646365122
|move|p2a: PURRP FOR SALE|Flare Blitz|p1a: Hippowdon
|-damage|p1a: Hippowdon|0 fnt
|-damage|p2a: PURRP FOR SALE|84/100|[from] item: Rocky Helmet|[of] p1a: Hippowdon
|faint|p1a: Hippowdon
|-damage|p2a: PURRP FOR SALE|44/100|[from] Recoil
|
|-weather|Sandstorm|[upkeep]
|-damage|p2a: PURRP FOR SALE|38/100|[from] Sandstorm
|upkeep
|
|t:|1646365134
|switch|p1a: Zapdos|Zapdos-Galar|100/100
|turn|2
|
|t:|1646365140
|switch|p2a: spvceghvstpvrrp|Slowbro, M, shiny|100/100
|move|p1a: Zapdos|U-turn|p2a: spvceghvstpvrrp
|-supereffective|p2a: spvceghvstpvrrp
|-damage|p2a: spvceghvstpvrrp|73/100
|-damage|p1a: Zapdos|84/100|[from] item: Rocky Helmet|[of] p2a: spvceghvstpvrrp
|
|t:|1646365146
|switch|p1a: Bisharp|Bisharp, F|100/100|[from]move: U-turn
|
|-weather|Sandstorm|[upkeep]
|-damage|p2a: spvceghvstpvrrp|67/100|[from] Sandstorm
|upkeep
|turn|3
|
|t:|1646365153
|move|p1a: Bisharp|Knock Off|p2a: spvceghvstpvrrp
|-supereffective|p2a: spvceghvstpvrrp
|-damage|p2a: spvceghvstpvrrp|0 fnt
|-damage|p1a: Bisharp|84/100|[from] item: Rocky Helmet|[of] p2a: spvceghvstpvrrp
|-enditem|p2a: spvceghvstpvrrp|Rocky Helmet|[from] move: Knock Off|[of] p1a: Bisharp
|faint|p2a: spvceghvstpvrrp
|
|-weather|Sandstorm|[upkeep]
|upkeep
|inactive|NeoNaruto®++ has 120 seconds left.
|
|t:|1646365209
|switch|p2a: VODECi|Tapu Koko|100/100
|-fieldstart|move: Electric Terrain|[from] ability: Electric Surge|[of] p2a: VODECi
|turn|4
|
|t:|1646365216
|move|p2a: VODECi|Volt Switch|p1a: Bisharp
|-damage|p1a: Bisharp|0 fnt
|faint|p1a: Bisharp
|
|t:|1646365224
|switch|p2a: DA LAST REX(3005)|Tyranitar, M|100/100|[from]move: Volt Switch
|
|-weather|Sandstorm|[upkeep]
|upkeep
|
|t:|1646365233
|switch|p1a: Keldeo|Keldeo-Resolute|100/100
|turn|5
|inactive|NeoNaruto®++ has 90 seconds left.
|
|t:|1646365280
|move|p1a: Keldeo|Substitute|p1a: Keldeo
|-start|p1a: Keldeo|Substitute
|-damage|p1a: Keldeo|76/100
|move|p2a: DA LAST REX(3005)|Thunderbolt|p1a: Keldeo
|-supereffective|p1a: Keldeo
|-end|p1a: Keldeo|Substitute
|
|-weather|none
|-heal|p1a: Keldeo|82/100|[from] item: Leftovers
|upkeep
|turn|6
|
|t:|1646365289
|move|p1a: Keldeo|Secret Sword|p2a: DA LAST REX(3005)
|-supereffective|p2a: DA LAST REX(3005)
|-damage|p2a: DA LAST REX(3005)|0 fnt
|faint|p2a: DA LAST REX(3005)
|
|-heal|p1a: Keldeo|88/100|[from] item: Leftovers
|upkeep
|
|t:|1646365295
|switch|p2a: VODECi|Tapu Koko|100/100
|turn|7
|
|t:|1646365299
|switch|p1a: Slowking|Slowking-Galar, F|100/100
|move|p2a: VODECi|Volt Switch|p1a: Slowking
|-damage|p1a: Slowking|64/100
|inactive|NeoNaruto®++ has 90 seconds left.
|
|t:|1646365314
|switch|p2a: PURRP FOR SALE|Darmanitan, F|38/100|[from]move: Volt Switch
|
|upkeep
|turn|8
|
|t:|1646365332
|switch|p1a: Keldeo|Keldeo-Resolute|88/100
|move|p2a: PURRP FOR SALE|Flare Blitz|p1a: Keldeo
|-resisted|p1a: Keldeo
|-damage|p1a: Keldeo|7/100
|-damage|p2a: PURRP FOR SALE|9/100|[from] Recoil
|
|-heal|p1a: Keldeo|13/100|[from] item: Leftovers
|-fieldend|move: Electric Terrain
|upkeep
|turn|9
|inactive|NeoNaruto®++ has 90 seconds left.
|
|t:|1646365355
|switch|p2a: VODECi|Tapu Koko|100/100
|-fieldstart|move: Electric Terrain|[from] ability: Electric Surge|[of] p2a: VODECi
|move|p1a: Keldeo|Scald|p2a: VODECi
|-damage|p2a: VODECi|26/100
|
|-heal|p1a: Keldeo|19/100|[from] item: Leftovers
|upkeep
|turn|10
|j| clean cuts
|
|t:|1646365365
|switch|p1a: Slowking|Slowking-Galar, F|98/100
|move|p2a: VODECi|Volt Switch|p1a: Slowking
|-damage|p1a: Slowking|62/100
|
|t:|1646365368
|switch|p2a: PURRP FOR SALE|Darmanitan, F|9/100|[from]move: Volt Switch
|
|upkeep
|turn|11
|
|t:|1646365375
|switch|p1a: Keldeo|Keldeo-Resolute|19/100
|move|p2a: PURRP FOR SALE|Earthquake|p1a: Keldeo
|-damage|p1a: Keldeo|0 fnt
|faint|p1a: Keldeo
|
|upkeep
|
|t:|1646365381
|switch|p1a: Zapdos|Zapdos-Galar|84/100
|turn|12
|
|t:|1646365384
|switch|p2a: Bernie Landers|Landorus-Therian, M|100/100
|-ability|p2a: Bernie Landers|Intimidate|boost
|-unboost|p1a: Zapdos|atk|1
|-ability|p1a: Zapdos|Defiant
|-boost|p1a: Zapdos|atk|2
|move|p1a: Zapdos|Brave Bird|p2a: Bernie Landers
|-damage|p2a: Bernie Landers|33/100
|-damage|p1a: Zapdos|67/100|[from] item: Rocky Helmet|[of] p2a: Bernie Landers
|-damage|p1a: Zapdos|41/100|[from] Recoil
|
|upkeep
|turn|13
|
|t:|1646365396
|move|p1a: Zapdos|Brave Bird|p2a: Bernie Landers
|-damage|p2a: Bernie Landers|0 fnt
|-damage|p1a: Zapdos|24/100|[from] item: Rocky Helmet|[of] p2a: Bernie Landers
|faint|p2a: Bernie Landers
|-damage|p1a: Zapdos|12/100|[from] Recoil
|
|-fieldend|move: Electric Terrain
|upkeep
|c|☆Holycat|nice nickname
|
|t:|1646365403
|switch|p2a: Fat Charizard|Dragonite, M, shiny|100/100
|turn|14
|
|t:|1646365406
|switch|p1a: Skarmory|Skarmory, M|100/100
|move|p2a: Fat Charizard|Extreme Speed|p1a: Skarmory
|-resisted|p1a: Skarmory
|-damage|p1a: Skarmory|92/100
|-damage|p2a: Fat Charizard|84/100|[from] item: Rocky Helmet|[of] p1a: Skarmory
|
|upkeep
|turn|15
|
|t:|1646365412
|switch|p2a: PURRP FOR SALE|Darmanitan, F|9/100
|move|p1a: Skarmory|Spikes|p2a: PURRP FOR SALE
|-sidestart|p2: NeoNaruto®++|Spikes
|
|upkeep
|turn|16
|
|t:|1646365421
|switch|p1a: Slowking|Slowking-Galar, F|95/100
|move|p2a: PURRP FOR SALE|Flare Blitz|p1a: Slowking
|-damage|p1a: Slowking|0 fnt
|faint|p1a: Slowking
|-damage|p2a: PURRP FOR SALE|0 fnt|[from] Recoil
|faint|p2a: PURRP FOR SALE
|
|upkeep
|
|t:|1646365429
|switch|p2a: VODECi|Tapu Koko|26/100
|switch|p1a: Zapdos|Zapdos-Galar|12/100
|-damage|p2a: VODECi|14/100|[from] Spikes
|-fieldstart|move: Electric Terrain|[from] ability: Electric Surge|[of] p2a: VODECi
|turn|17
|
|t:|1646365436
|move|p1a: Zapdos|Brave Bird|p2a: VODECi
|-resisted|p2a: VODECi
|-damage|p2a: VODECi|0 fnt
|faint|p2a: VODECi
|-damage|p1a: Zapdos|8/100|[from] Recoil
|
|upkeep
|-message|NeoNaruto®++ forfeited.
|
|win|Holycat
|raw|Holycat's rating: 1594 &rarr; <strong>1622</strong><br />(+28 for winning)
|raw|NeoNaruto®++'s rating: 1743 &rarr; <strong>1715</strong><br />(-28 for losing)
|l|☆NeoNaruto®++
