|raw|<div class="broadcast-blue"><strong>This battle is required to be public due to a player having a name starting with 'lt84jm'.</div>
|j|☆Coach Jones 6fifth
|j|☆LT84JM stareal
|t:|1627562714
|gametype|singles
|player|p1|Coach Jones 6fifth|lusamine-nihilego|1897
|player|p2|LT84JM stareal|101|1902
|teamsize|p1|6
|teamsize|p2|6
|gen|8
|tier|[Gen 8] OU
|rated|
|rule|Sleep Clause Mod: Limit one foe put to sleep
|rule|Species Clause: Limit one of each Pokémon
|rule|OHKO Clause: OHKO moves are banned
|rule|Evasion Moves Clause: Evasion moves are banned
|rule|Endless Battle Clause: Forcing endless battles is banned
|rule|HP Percentage Mod: HP is shown in percentages
|rule|Dynamax Clause: You cannot dynamax
|clearpoke
|poke|p1|Heatran, M|
|poke|p1|Rillaboom, F|
|poke|p1|Zapdos|
|poke|p1|Slowbro, F|
|poke|p1|Landorus-Therian, M|
|poke|p1|Dragapult, F|
|poke|p2|Kartana|
|poke|p2|Magnezone|
|poke|p2|Tapu Lele|
|poke|p2|Dragonite, F|
|poke|p2|Urshifu-*, F|
|poke|p2|Blissey, F|
|teampreview
|j| LT84JM Farawyn98
|j| LT84JMM
|j| LT84JM Lorenz
|j| from you
|j| d18l
|j| Deum Patrem
|
|t:|1627562744
|start
|switch|p1a: Zapdos|Zapdos|100/100
|switch|p2a: Kartana|Kartana|100/100
|turn|1
|j| DeadByFlinch
|
|t:|1627562750
|switch|p2a: Blissey|Blissey, F|100/100
|move|p1a: Zapdos|Volt Switch|p2a: Blissey
|-damage|p2a: Blissey|90/100
|
|t:|1627562756
|switch|p1a: Landorus|Landorus-Therian, M|100/100|[from]move: Volt Switch
|-ability|p1a: Landorus|Intimidate|boost
|-unboost|p2a: Blissey|atk|1
|
|upkeep
|turn|2
|
|t:|1627562760
|switch|p2a: Urshifu|Urshifu-Rapid-Strike, F|100/100
|move|p1a: Landorus|Stealth Rock|p2a: Urshifu
|-sidestart|p2: LT84JM stareal|move: Stealth Rock
|
|upkeep
|turn|3
|
|t:|1627562764
|switch|p1a: Slowbro|Slowbro, F|100/100
|move|p2a: Urshifu|U-turn|p1a: Slowbro
|-supereffective|p1a: Slowbro
|-damage|p1a: Slowbro|70/100
|
|t:|1627562768
|switch|p2a: Tapu Lele|Tapu Lele|100/100|[from]move: U-turn
|-damage|p2a: Tapu Lele|88/100|[from] Stealth Rock
|-fieldstart|move: Psychic Terrain|[from] ability: Psychic Surge|[of] p2a: Tapu Lele
|
|upkeep
|turn|4
|
|t:|1627562771
|switch|p1a: Heatran|Heatran, M|100/100
|move|p2a: Tapu Lele|Future Sight|p1a: Heatran
|-start|p2a: Tapu Lele|move: Future Sight
|
|upkeep
|turn|5
|
|t:|1627562776
|switch|p2a: Urshifu|Urshifu-Rapid-Strike, F|100/100
|-damage|p2a: Urshifu|94/100|[from] Stealth Rock
|switch|p1a: Slowbro|Slowbro, F|100/100
|
|upkeep
|turn|6
|
|t:|1627562783
|move|p2a: Urshifu|U-turn|p1a: Slowbro
|-supereffective|p1a: Slowbro
|-damage|p1a: Slowbro|74/100
|j| Eating Stall
|
|t:|1627562787
|switch|p2a: Tapu Lele|Tapu Lele|88/100|[from]move: U-turn
|-damage|p2a: Tapu Lele|76/100|[from] Stealth Rock
|move|p1a: Slowbro|Teleport|p1a: Slowbro
|j| starmind
|
|t:|1627562792
|switch|p1a: Heatran|Heatran, M|100/100|[from]move: Teleport
|
|-end|p1a: Heatran|move: Future Sight
|-resisted|p1a: Heatran
|-damage|p1a: Heatran|69/100
|-heal|p1a: Heatran|75/100|[from] item: Leftovers
|upkeep
|turn|7
|
|t:|1627562795
|switch|p1a: Slowbro|Slowbro, F|100/100
|move|p2a: Tapu Lele|Focus Blast|p1a: Slowbro
|-resisted|p1a: Slowbro
|-damage|p1a: Slowbro|76/100
|
|-fieldend|move: Psychic Terrain
|upkeep
|turn|8
|
|t:|1627562800
|move|p2a: Tapu Lele|Moonblast|p1a: Slowbro
|-crit|p1a: Slowbro
|-damage|p1a: Slowbro|0 fnt
|faint|p1a: Slowbro
|
|upkeep
|
|t:|1627562805
|switch|p1a: Rillaboom|Rillaboom, F|100/100
|-fieldstart|move: Grassy Terrain|[from] ability: Grassy Surge|[of] p1a: Rillaboom
|turn|9
|
|t:|1627562811
|switch|p2a: Magnezone|Magnezone|100/100
|-damage|p2a: Magnezone|94/100|[from] Stealth Rock
|move|p1a: Rillaboom|U-turn|p2a: Magnezone
|-resisted|p2a: Magnezone
|-damage|p2a: Magnezone|80/100
|j| Sheik
|
|t:|1627562820
|switch|p1a: Landorus|Landorus-Therian, M|100/100|[from]move: U-turn
|-ability|p1a: Landorus|Intimidate|boost
|-unboost|p2a: Magnezone|atk|1
|
|-heal|p2a: Magnezone|86/100|[from] Grassy Terrain
|upkeep
|turn|10
|
|t:|1627562825
|switch|p2a: Urshifu|Urshifu-Rapid-Strike, F|94/100
|-damage|p2a: Urshifu|88/100|[from] Stealth Rock
|move|p1a: Landorus|Knock Off|p2a: Urshifu
|-resisted|p2a: Urshifu
|-damage|p2a: Urshifu|72/100
|-enditem|p2a: Urshifu|Protective Pads|[from] move: Knock Off|[of] p1a: Landorus
|
|-heal|p2a: Urshifu|79/100|[from] Grassy Terrain
|upkeep
|turn|11
|
|t:|1627562833
|switch|p1a: Dragapult|Dragapult, F, shiny|100/100
|move|p2a: Urshifu|U-turn|p1a: Dragapult
|-resisted|p1a: Dragapult
|-damage|p1a: Dragapult|84/100
|
|t:|1627562837
|switch|p2a: Kartana|Kartana|100/100|[from]move: U-turn
|-damage|p2a: Kartana|94/100|[from] Stealth Rock
|
|-heal|p2a: Kartana|100/100|[from] Grassy Terrain
|-heal|p1a: Dragapult|90/100|[from] Grassy Terrain
|upkeep
|turn|12
|
|t:|1627562844
|switch|p2a: Blissey|Blissey, F|90/100
|switch|p1a: Zapdos|Zapdos|100/100
|
|-heal|p2a: Blissey|96/100|[from] Grassy Terrain
|upkeep
|turn|13
|l| Sheik
|
|t:|1627562853
|switch|p1a: Rillaboom|Rillaboom, F|100/100
|move|p2a: Blissey|Teleport|p2a: Blissey
|j| myboneshurt
|
|t:|1627562864
|switch|p2a: Urshifu|Urshifu-Rapid-Strike, F|79/100|[from]move: Teleport
|-damage|p2a: Urshifu|72/100|[from] Stealth Rock
|
|-heal|p2a: Urshifu|79/100|[from] Grassy Terrain
|-fieldend|move: Grassy Terrain
|upkeep
|turn|14
|
|t:|1627562871
|switch|p1a: Dragapult|Dragapult, F, shiny|90/100
|move|p2a: Urshifu|U-turn|p1a: Dragapult
|-resisted|p1a: Dragapult
|-damage|p1a: Dragapult|73/100
|
|t:|1627562875
|switch|p2a: Blissey|Blissey, F|96/100|[from]move: U-turn
|
|upkeep
|turn|15
|
|t:|1627562878
|move|p1a: Dragapult|U-turn|p2a: Blissey
|-damage|p2a: Blissey|82/100
|
|t:|1627562879
|switch|p1a: Rillaboom|Rillaboom, F|100/100|[from]move: U-turn
|-fieldstart|move: Grassy Terrain|[from] ability: Grassy Surge|[of] p1a: Rillaboom
|move|p2a: Blissey|Teleport|p2a: Blissey
|
|t:|1627562884
|switch|p2a: Tapu Lele|Tapu Lele|76/100|[from]move: Teleport
|-damage|p2a: Tapu Lele|63/100|[from] Stealth Rock
|-fieldstart|move: Psychic Terrain|[from] ability: Psychic Surge|[of] p2a: Tapu Lele
|
|upkeep
|turn|16
|
|t:|1627562888
|switch|p1a: Heatran|Heatran, M|75/100
|move|p2a: Tapu Lele|Psychic|p1a: Heatran
|-resisted|p1a: Heatran
|-damage|p1a: Heatran|49/100
|-unboost|p1a: Heatran|spd|1
|
|-heal|p1a: Heatran|55/100|[from] item: Leftovers
|upkeep
|turn|17
|
|t:|1627562891
|switch|p1a: Dragapult|Dragapult, F, shiny|73/100
|move|p2a: Tapu Lele|Focus Blast|p1a: Dragapult
|-immune|p1a: Dragapult
|
|upkeep
|turn|18
|
|t:|1627562895
|switch|p2a: Blissey|Blissey, F|82/100
|move|p1a: Dragapult|U-turn|p2a: Blissey
|-damage|p2a: Blissey|67/100
|
|t:|1627562896
|switch|p1a: Rillaboom|Rillaboom, F|100/100|[from]move: U-turn
|-fieldstart|move: Grassy Terrain|[from] ability: Grassy Surge|[of] p1a: Rillaboom
|
|-heal|p2a: Blissey|73/100|[from] Grassy Terrain
|upkeep
|turn|19
|
|t:|1627562900
|switch|p2a: Magnezone|Magnezone|86/100
|-damage|p2a: Magnezone|80/100|[from] Stealth Rock
|move|p1a: Rillaboom|U-turn|p2a: Magnezone
|-resisted|p2a: Magnezone
|-damage|p2a: Magnezone|64/100
|
|t:|1627562902
|switch|p1a: Dragapult|Dragapult, F, shiny|73/100|[from]move: U-turn
|
|-heal|p1a: Dragapult|79/100|[from] Grassy Terrain
|-heal|p2a: Magnezone|70/100|[from] Grassy Terrain
|upkeep
|turn|20
|
|t:|1627562905
|switch|p2a: Blissey|Blissey, F|73/100
|move|p1a: Dragapult|U-turn|p2a: Blissey
|-damage|p2a: Blissey|58/100
|
|t:|1627562907
|switch|p1a: Rillaboom|Rillaboom, F|100/100|[from]move: U-turn
|
|-heal|p2a: Blissey|64/100|[from] Grassy Terrain
|upkeep
|turn|21
|
|t:|1627562910
|switch|p2a: Magnezone|Magnezone|70/100
|-damage|p2a: Magnezone|64/100|[from] Stealth Rock
|move|p1a: Rillaboom|U-turn|p2a: Magnezone
|-resisted|p2a: Magnezone
|-damage|p2a: Magnezone|49/100
|
|t:|1627562912
|switch|p1a: Dragapult|Dragapult, F, shiny|79/100|[from]move: U-turn
|
|-heal|p1a: Dragapult|85/100|[from] Grassy Terrain
|-heal|p2a: Magnezone|55/100|[from] Grassy Terrain
|upkeep
|turn|22
|
|t:|1627562914
|switch|p2a: Blissey|Blissey, F|64/100
|move|p1a: Dragapult|U-turn|p2a: Blissey
|-damage|p2a: Blissey|49/100
|
|t:|1627562915
|switch|p1a: Rillaboom|Rillaboom, F|100/100|[from]move: U-turn
|
|-heal|p2a: Blissey|55/100|[from] Grassy Terrain
|-fieldend|move: Grassy Terrain
|upkeep
|turn|23
|
|t:|1627562918
|switch|p2a: Magnezone|Magnezone|55/100
|-damage|p2a: Magnezone|49/100|[from] Stealth Rock
|move|p1a: Rillaboom|Superpower|p2a: Magnezone
|-supereffective|p2a: Magnezone
|-enditem|p2a: Magnezone|Chople Berry|[eat]
|-enditem|p2a: Magnezone|Chople Berry|[weaken]
|-damage|p2a: Magnezone|0 fnt
|-unboost|p1a: Rillaboom|atk|1
|-unboost|p1a: Rillaboom|def|1
|faint|p2a: Magnezone
|
|upkeep
|
|t:|1627562920
|switch|p2a: Tapu Lele|Tapu Lele|63/100
|-damage|p2a: Tapu Lele|51/100|[from] Stealth Rock
|-fieldstart|move: Psychic Terrain|[from] ability: Psychic Surge|[of] p2a: Tapu Lele
|turn|24
|
|t:|1627562925
|switch|p1a: Landorus|Landorus-Therian, M|100/100
|-ability|p1a: Landorus|Intimidate|boost
|-unboost|p2a: Tapu Lele|atk|1
|move|p2a: Tapu Lele|Psychic|p1a: Landorus
|-damage|p1a: Landorus|38/100
|
|-heal|p1a: Landorus|44/100|[from] item: Leftovers
|upkeep
|turn|25
|
|t:|1627562928
|switch|p1a: Heatran|Heatran, M|55/100
|move|p2a: Tapu Lele|Psychic|p1a: Heatran
|-resisted|p1a: Heatran
|-damage|p1a: Heatran|30/100
|
|-heal|p1a: Heatran|37/100|[from] item: Leftovers
|upkeep
|turn|26
|
|t:|1627562931
|move|p2a: Tapu Lele|Focus Blast|p1a: Heatran|[miss]
|-miss|p2a: Tapu Lele|p1a: Heatran
|move|p1a: Heatran|Heavy Slam|p2a: Tapu Lele
|-supereffective|p2a: Tapu Lele
|-damage|p2a: Tapu Lele|0 fnt
|faint|p2a: Tapu Lele
|
|-heal|p1a: Heatran|43/100|[from] item: Leftovers
|upkeep
|
|t:|1627562936
|switch|p2a: Urshifu|Urshifu-Rapid-Strike, F|79/100
|-damage|p2a: Urshifu|72/100|[from] Stealth Rock
|turn|27
|
|t:|1627562942
|switch|p1a: Zapdos|Zapdos|100/100
|move|p2a: Urshifu|Surging Strikes|p1a: Zapdos
|-crit|p1a: Zapdos
|-damage|p1a: Zapdos|86/100
|-crit|p1a: Zapdos
|-damage|p1a: Zapdos|73/100
|-status|p2a: Urshifu|par|[from] ability: Static|[of] p1a: Zapdos
|-crit|p1a: Zapdos
|-damage|p1a: Zapdos|59/100
|-hitcount|p1a: Zapdos|3
|
|upkeep
|turn|28
|
|t:|1627562945
|-singleturn|p2a: Urshifu|move: Focus Punch
|move|p1a: Zapdos|Volt Switch|p2a: Urshifu
|-supereffective|p2a: Urshifu
|-damage|p2a: Urshifu|0 fnt
|faint|p2a: Urshifu
|j| txtxtxt
|
|t:|1627562969
|switch|p1a: Landorus|Landorus-Therian, M|44/100|[from]move: Volt Switch
|
|-heal|p1a: Landorus|50/100|[from] item: Leftovers
|-fieldend|move: Psychic Terrain
|upkeep
|inactive|Battle timer is ON: inactive players will automatically lose when time's up. (requested by Coach Jones 6fifth)
|
|t:|1627562985
|switch|p2a: Dragonite|Dragonite, F|100/100
|turn|29
|
|t:|1627562987
|move|p2a: Dragonite|Dragon Dance|p2a: Dragonite
|-boost|p2a: Dragonite|atk|1
|-boost|p2a: Dragonite|spe|1
|move|p1a: Landorus|Toxic|p2a: Dragonite
|-status|p2a: Dragonite|tox
|
|-heal|p1a: Landorus|56/100|[from] item: Leftovers
|-damage|p2a: Dragonite|94/100 tox|[from] psn
|upkeep
|turn|30
|
|t:|1627562990
|move|p2a: Dragonite|Ice Punch|p1a: Landorus
|-supereffective|p1a: Landorus
|-damage|p1a: Landorus|0 fnt
|faint|p1a: Landorus
|
|-damage|p2a: Dragonite|82/100 tox|[from] psn
|upkeep
|
|t:|1627562996
|switch|p1a: Heatran|Heatran, M|43/100
|turn|31
|j| waste yrself
|j| AlIoutdragadarts
|
|t:|1627563007
|switch|p2a: Blissey|Blissey, F|55/100
|move|p1a: Heatran|Heavy Slam|p2a: Blissey
|-damage|p2a: Blissey|27/100
|
|-heal|p1a: Heatran|49/100|[from] item: Leftovers
|upkeep
|turn|32
|
|t:|1627563011
|switch|p2a: Kartana|Kartana|100/100
|-damage|p2a: Kartana|94/100|[from] Stealth Rock
|move|p1a: Heatran|Heavy Slam|p2a: Kartana
|-resisted|p2a: Kartana
|-damage|p2a: Kartana|77/100
|
|-heal|p1a: Heatran|55/100|[from] item: Leftovers
|upkeep
|turn|33
|j| LT84JM KON
|
|t:|1627563016
|move|p2a: Kartana|Knock Off|p1a: Heatran
|-damage|p1a: Heatran|21/100
|-enditem|p1a: Heatran|Leftovers|[from] move: Knock Off|[of] p2a: Kartana
|move|p1a: Heatran|Earth Power|p2a: Kartana
|-damage|p2a: Kartana|0 fnt
|faint|p2a: Kartana
|
|upkeep
|
|t:|1627563024
|switch|p2a: Dragonite|Dragonite, F|82/100 tox
|turn|34
|
|t:|1627563027
|move|p2a: Dragonite|Earthquake|p1a: Heatran
|-supereffective|p1a: Heatran
|-crit|p1a: Heatran
|-damage|p1a: Heatran|0 fnt
|faint|p1a: Heatran
|
|-damage|p2a: Dragonite|76/100 tox|[from] psn
|upkeep
|
|t:|1627563030
|switch|p1a: Dragapult|Dragapult, F, shiny|85/100
|turn|35
|
|t:|1627563034
|switch|p2a: Blissey|Blissey, F|27/100
|move|p1a: Dragapult|Draco Meteor|p2a: Blissey
|-damage|p2a: Blissey|0 fnt
|-unboost|p1a: Dragapult|spa|2
|faint|p2a: Blissey
|
|upkeep
|
|t:|1627563037
|switch|p2a: Dragonite|Dragonite, F|76/100 tox
|turn|36
|
|t:|1627563040
|move|p1a: Dragapult|Draco Meteor|p2a: Dragonite
|-supereffective|p2a: Dragonite
|-damage|p2a: Dragonite|0 fnt
|-unboost|p1a: Dragapult|spa|2
|faint|p2a: Dragonite
|
|win|Coach Jones 6fifth
|raw|Coach Jones 6fifth's rating: 1897 &rarr; <strong>1917</strong><br />(+20 for winning)
|raw|LT84JM stareal's rating: 1902 &rarr; <strong>1882</strong><br />(-20 for losing)
|l|☆LT84JM stareal
|l| LT84JM KON
|l| myboneshurt
|l| LT84JM Farawyn98
|l| LT84JM Lorenz
|l|☆Coach Jones 6fifth
|l| waste yrself
|l| Eating Stall
|l| LT84JMM
|l| starmind
|l| d18l
|l| txtxtxt
|l| AlIoutdragadarts
|l| DeadByFlinch
