|j|☆antarctozolt
|j|☆IExistYouDont
|inactive|Battle timer is ON: inactive players will automatically lose when time's up.
|t:|1661936062
|gametype|singles
|player|p1|antarctozolt|skier|
|player|p2|IExistYouDont|hiker-gen4|
|teamsize|p1|6
|teamsize|p2|6
|gen|8
|tier|[Gen 8] OU
|rated|Tournament battle
|rule|Sleep Clause Mod: Limit one foe put to sleep
|rule|Species Clause: Limit one of each Pokémon
|rule|OHKO Clause: OHKO moves are banned
|rule|Evasion Items Clause: Evasion items are banned
|rule|Evasion Moves Clause: Evasion moves are banned
|rule|Endless Battle Clause: Forcing endless battles is banned
|rule|HP Percentage Mod: HP is shown in percentages
|rule|Dynamax Clause: You cannot dynamax
|clearpoke
|poke|p1|Kartana|
|poke|p1|Magnezone|
|poke|p1|Tornadus-Therian, M|
|poke|p1|Weavile, M|
|poke|p1|Toxapex, F|
|poke|p1|Garchomp, M|
|poke|p2|Pelipper, F|
|poke|p2|Barraskewda, F|
|poke|p2|Regieleki|
|poke|p2|Thundurus-Therian, M|
|poke|p2|Seismitoad, F|
|poke|p2|Weavile, M|
|teampreview
|inactive|IExistYouDont also wants the timer to be on.
|j| Grand Empress
|c|☆antarctozolt|hf
|c|☆IExistYouDont|U2
|j| Arissi
|j| killerjays
|j| LT92P FT. Roll
|j| The pokemon dad
|c| Arissi|GOGOGOOGOGO
|
|t:|1661936083
|start
|switch|p1a: Magnezone|Magnezone|100/100
|switch|p2a: Pelipper|Pelipper, F|100/100
|-weather|RainDance|[from] ability: Drizzle|[of] p2a: Pelipper
|turn|1
|c| killerjays|stopstopstop
|j| sufys12
|c| Arissi|bro really didnt see the magnezone lead
|j| joey milktank
|
|t:|1661936096
|switch|p2a: Seismitoad|Seismitoad, F|100/100
|move|p1a: Magnezone|Substitute|p1a: Magnezone
|-start|p1a: Magnezone|Substitute
|-damage|p1a: Magnezone|76/100
|
|-weather|RainDance|[upkeep]
|-heal|p1a: Magnezone|82/100|[from] item: Leftovers
|upkeep
|turn|2
|
|t:|1661936101
|move|p2a: Seismitoad|Earth Power|p1a: Magnezone
|-supereffective|p1a: Magnezone
|-end|p1a: Magnezone|Substitute
|move|p1a: Magnezone|Toxic|p2a: Seismitoad
|-status|p2a: Seismitoad|tox
|
|-weather|RainDance|[upkeep]
|-heal|p1a: Magnezone|88/100|[from] item: Leftovers
|-damage|p2a: Seismitoad|95/100 tox|[from] psn
|upkeep
|turn|3
|j|@Mimikyu Stardust
|
|t:|1661936110
|switch|p1a: Tornadus|Tornadus-Therian, M|100/100
|move|p2a: Seismitoad|Hydro Pump|p1a: Tornadus
|-damage|p1a: Tornadus|22/100
|
|-weather|RainDance|[upkeep]
|-damage|p2a: Seismitoad|83/100 tox|[from] psn
|upkeep
|turn|4
|
|t:|1661936120
|switch|p1a: Toxapex|Toxapex, F|100/100
|move|p2a: Seismitoad|Hydro Pump|p1a: Toxapex
|-resisted|p1a: Toxapex
|-damage|p1a: Toxapex|69/100
|
|-weather|RainDance|[upkeep]
|-heal|p1a: Toxapex|75/100|[from] item: Black Sludge
|-damage|p2a: Seismitoad|65/100 tox|[from] psn
|upkeep
|turn|5
|
|t:|1661936128
|move|p1a: Toxapex|Baneful Bunker|p1a: Toxapex
|-singleturn|p1a: Toxapex|move: Protect
|move|p2a: Seismitoad|Earth Power|p1a: Toxapex
|-activate|p1a: Toxapex|move: Protect
|
|-weather|none
|-heal|p1a: Toxapex|81/100|[from] item: Black Sludge
|-damage|p2a: Seismitoad|41/100 tox|[from] psn
|upkeep
|turn|6
|
|t:|1661936138
|switch|p2a: Thundurus|Thundurus-Therian, M|100/100
|switch|p1a: Tornadus|Tornadus-Therian, M|55/100
|
|upkeep
|turn|7
|c|☆antarctozolt|shit it's specs peli
|c|☆IExistYouDont|:)
|c| Arissi|no it isnt
|
|t:|1661936147
|switch|p1a: Garchomp|Garchomp, M|100/100
|switch|p2a: Pelipper|Pelipper, F|100/100
|-weather|RainDance|[from] ability: Drizzle|[of] p2a: Pelipper
|
|-weather|RainDance|[upkeep]
|upkeep
|turn|8
|c| Arissi|its assault vest
|c| Arissi|gotta wall the enemy team
|
|t:|1661936161
|move|p1a: Garchomp|Protect|p1a: Garchomp
|-singleturn|p1a: Garchomp|Protect
|move|p2a: Pelipper|U-turn|p1a: Garchomp
|-activate|p1a: Garchomp|move: Protect
|
|-weather|RainDance|[upkeep]
|upkeep
|turn|9
|
|t:|1661936165
|move|p1a: Garchomp|Stealth Rock|p2a: Pelipper
|-sidestart|p2: IExistYouDont|move: Stealth Rock
|move|p2a: Pelipper|U-turn|p1a: Garchomp
|-damage|p1a: Garchomp|94/100
|-damage|p2a: Pelipper|88/100|[from] ability: Rough Skin|[of] p1a: Garchomp
|
|t:|1661936171
|switch|p2a: Barraskewda|Barraskewda, F|100/100|[from]move: U-turn
|-damage|p2a: Barraskewda|88/100|[from] Stealth Rock
|
|-weather|RainDance|[upkeep]
|-heal|p1a: Garchomp|99/100|[from] item: Leftovers
|upkeep
|turn|10
|
|t:|1661936177
|move|p1a: Garchomp|Protect|p1a: Garchomp
|-singleturn|p1a: Garchomp|Protect
|move|p2a: Barraskewda|Flip Turn|p1a: Garchomp
|-activate|p1a: Garchomp|move: Protect
|
|-weather|RainDance|[upkeep]
|-heal|p1a: Garchomp|100/100|[from] item: Leftovers
|upkeep
|turn|11
|
|t:|1661936186
|switch|p1a: Toxapex|Toxapex, F|100/100
|move|p2a: Barraskewda|Flip Turn|p1a: Toxapex
|-resisted|p1a: Toxapex
|-damage|p1a: Toxapex|75/100
|
|t:|1661936191
|switch|p2a: Thundurus|Thundurus-Therian, M|100/100|[from]move: Flip Turn
|
|-weather|none
|-heal|p1a: Toxapex|82/100|[from] item: Black Sludge
|upkeep
|turn|12
|
|t:|1661936205
|switch|p1a: Garchomp|Garchomp, M|100/100
|move|p2a: Thundurus|Thunder|p1a: Garchomp
|-immune|p1a: Garchomp
|
|upkeep
|turn|13
|
|t:|1661936213
|switch|p2a: Weavile|Weavile, M|100/100
|-damage|p2a: Weavile|76/100|[from] Stealth Rock
|-ability|p2a: Weavile|Pressure
|move|p1a: Garchomp|Toxic|p2a: Weavile
|-status|p2a: Weavile|tox
|
|-damage|p2a: Weavile|70/100 tox|[from] psn
|upkeep
|turn|14
|
|t:|1661936223
|switch|p1a: Toxapex|Toxapex, F|100/100
|move|p2a: Weavile|Triple Axel|p1a: Toxapex
|-resisted|p1a: Toxapex
|-damage|p1a: Toxapex|95/100
|-resisted|p1a: Toxapex
|-damage|p1a: Toxapex|85/100
|-resisted|p1a: Toxapex
|-damage|p1a: Toxapex|69/100
|-hitcount|p1a: Toxapex|3
|
|-heal|p1a: Toxapex|75/100|[from] item: Black Sludge
|-damage|p2a: Weavile|57/100 tox|[from] psn
|upkeep
|turn|15
|
|t:|1661936233
|switch|p2a: Regieleki|Regieleki|100/100
|move|p1a: Toxapex|Scald|p2a: Regieleki
|-damage|p2a: Regieleki|71/100
|
|-heal|p1a: Toxapex|82/100|[from] item: Black Sludge
|upkeep
|turn|16
|
|t:|1661936238
|move|p1a: Toxapex|Baneful Bunker|p1a: Toxapex
|-singleturn|p1a: Toxapex|move: Protect
|move|p2a: Regieleki|Rapid Spin|p1a: Toxapex
|-activate|p1a: Toxapex|move: Protect
|-status|p2a: Regieleki|psn
|
|-heal|p1a: Toxapex|88/100|[from] item: Black Sludge
|-damage|p2a: Regieleki|59/100 psn|[from] psn
|upkeep
|turn|17
|
|t:|1661936243
|switch|p1a: Garchomp|Garchomp, M|100/100
|move|p2a: Regieleki|Rapid Spin|p1a: Garchomp
|-damage|p1a: Garchomp|91/100
|-boost|p2a: Regieleki|spe|1
|-damage|p2a: Regieleki|46/100 psn|[from] ability: Rough Skin|[of] p1a: Garchomp
|-sideend|p2: IExistYouDont|Stealth Rock|[from] move: Rapid Spin|[of] p2a: Regieleki
|
|-heal|p1a: Garchomp|98/100|[from] item: Leftovers
|-damage|p2a: Regieleki|34/100 psn|[from] psn
|upkeep
|turn|18
|
|t:|1661936248
|switch|p2a: Pelipper|Pelipper, F|88/100
|-weather|RainDance|[from] ability: Drizzle|[of] p2a: Pelipper
|move|p1a: Garchomp|Stealth Rock|p2a: Pelipper
|-sidestart|p2: IExistYouDont|move: Stealth Rock
|
|-weather|RainDance|[upkeep]
|-heal|p1a: Garchomp|100/100|[from] item: Leftovers
|upkeep
|turn|19
|
|t:|1661936254
|move|p1a: Garchomp|Protect|p1a: Garchomp
|-singleturn|p1a: Garchomp|Protect
|move|p2a: Pelipper|Hurricane|p1a: Garchomp
|-activate|p1a: Garchomp|move: Protect
|
|-weather|RainDance|[upkeep]
|upkeep
|turn|20
|
|t:|1661936259
|move|p1a: Garchomp|Toxic|p2a: Pelipper
|-status|p2a: Pelipper|tox
|move|p2a: Pelipper|Hurricane|p1a: Garchomp
|-damage|p1a: Garchomp|50/100
|
|-weather|RainDance|[upkeep]
|-heal|p1a: Garchomp|56/100|[from] item: Leftovers
|-damage|p2a: Pelipper|82/100 tox|[from] psn
|upkeep
|turn|21
|
|t:|1661936263
|move|p1a: Garchomp|Protect|p1a: Garchomp
|-singleturn|p1a: Garchomp|Protect
|move|p2a: Pelipper|Hurricane|p1a: Garchomp
|-activate|p1a: Garchomp|move: Protect
|
|-weather|RainDance|[upkeep]
|-heal|p1a: Garchomp|63/100|[from] item: Leftovers
|-damage|p2a: Pelipper|71/100 tox|[from] psn
|upkeep
|turn|22
|
|t:|1661936267
|switch|p1a: Magnezone|Magnezone|88/100
|move|p2a: Pelipper|Hurricane|p1a: Magnezone
|-resisted|p1a: Magnezone
|-damage|p1a: Magnezone|66/100
|
|-weather|none
|-heal|p1a: Magnezone|72/100|[from] item: Leftovers
|-damage|p2a: Pelipper|53/100 tox|[from] psn
|upkeep
|turn|23
|l| LT92P FT. Roll
|c| Arissi|this is why i hate balance players
|c|☆IExistYouDont|^^^
|
|t:|1661936279
|switch|p2a: Seismitoad|Seismitoad, F|41/100 tox
|-damage|p2a: Seismitoad|35/100 tox|[from] Stealth Rock
|move|p1a: Magnezone|Flash Cannon|p2a: Seismitoad
|-resisted|p2a: Seismitoad
|-damage|p2a: Seismitoad|4/100 tox
|
|-heal|p1a: Magnezone|78/100|[from] item: Leftovers
|-damage|p2a: Seismitoad|0 fnt|[from] psn
|faint|p2a: Seismitoad
|upkeep
|
|t:|1661936293
|switch|p2a: Pelipper|Pelipper, F|53/100 tox
|-damage|p2a: Pelipper|28/100 tox|[from] Stealth Rock
|-weather|RainDance|[from] ability: Drizzle|[of] p2a: Pelipper
|turn|24
|
|t:|1661936298
|switch|p1a: Toxapex|Toxapex, F|100/100
|move|p2a: Pelipper|Weather Ball|p1a: Toxapex
|-resisted|p1a: Toxapex
|-damage|p1a: Toxapex|64/100
|
|-weather|RainDance|[upkeep]
|-heal|p1a: Toxapex|71/100|[from] item: Black Sludge
|-damage|p2a: Pelipper|22/100 tox|[from] psn
|upkeep
|turn|25
|c|☆antarctozolt|protection moves are broken right now
|c|☆IExistYouDont|yeah
|c|☆IExistYouDont|…
|
|t:|1661936309
|switch|p2a: Regieleki|Regieleki|34/100 psn
|move|p1a: Toxapex|Recover|p1a: Toxapex
|-heal|p1a: Toxapex|100/100
|
|-weather|RainDance|[upkeep]
|-damage|p2a: Regieleki|22/100 psn|[from] psn
|upkeep
|turn|26
|j| washed yui
|c| Arissi|hmm
|c| Arissi|what if we give seismitoad icy wind
|c| Arissi|would that help with chomp
|c|☆IExistYouDont|wack
|
|t:|1661936323
|switch|p1a: Garchomp|Garchomp, M|63/100
|move|p2a: Regieleki|Thunder|p1a: Garchomp
|-immune|p1a: Garchomp
|
|-weather|RainDance|[upkeep]
|-heal|p1a: Garchomp|69/100|[from] item: Leftovers
|-damage|p2a: Regieleki|9/100 psn|[from] psn
|upkeep
|turn|27
|c| sufys12|IExistYouDont should have brought urshifu.
|
|t:|1661936329
|move|p1a: Garchomp|Protect|p1a: Garchomp
|-singleturn|p1a: Garchomp|Protect
|move|p2a: Regieleki|Rapid Spin|p1a: Garchomp
|-activate|p1a: Garchomp|move: Protect
|
|-weather|RainDance|[upkeep]
|-heal|p1a: Garchomp|75/100|[from] item: Leftovers
|-damage|p2a: Regieleki|0 fnt|[from] psn
|faint|p2a: Regieleki
|upkeep
|
|t:|1661936334
|switch|p2a: Barraskewda|Barraskewda, F|88/100
|-damage|p2a: Barraskewda|76/100|[from] Stealth Rock
|turn|28
|c| Arissi|genuinely wondering if shifu would work on this team
|c| Arissi|give skewda psyfangs for pex
|c| Arissi|but idk where tof it shifu
|c|☆antarctozolt|your team could benefit from an actual 'mon > eleki
|c|☆IExistYouDont|bro it has psyfangs
|c| killerjays|I feel like with rain teams it's one or the other
|c| sufys12|antarctozolt lmao
|inactive|antarctozolt has 120 seconds left.
|
|t:|1661936365
|switch|p1a: Toxapex|Toxapex, F|100/100
|move|p2a: Barraskewda|Flip Turn|p1a: Toxapex
|-resisted|p1a: Toxapex
|-damage|p1a: Toxapex|75/100
|
|t:|1661936370
|switch|p2a: Thundurus|Thundurus-Therian, M|100/100|[from]move: Flip Turn
|
|-weather|none
|-heal|p1a: Toxapex|81/100|[from] item: Black Sludge
|upkeep
|turn|29
|c| Arissi|to be fair
|c| Arissi|eleki is goated
|c|☆antarctozolt|like slap a mel or ferro
|c| Arissi|provided the ground is dead
|c| sufys12|^
|c| Arissi|therefore
|c|☆antarctozolt|team will be 10x better
|inactive|antarctozolt has 120 seconds left.
|c| Arissi|we need something
|c| Arissi|that shits on a ground type
|
|t:|1661936400
|switch|p2a: Pelipper|Pelipper, F|22/100 tox
|-damage|p2a: Pelipper|0 fnt|[from] Stealth Rock
|faint|p2a: Pelipper
|move|p1a: Toxapex|Baneful Bunker||[still]
|-fail|p1a: Toxapex
|
|-heal|p1a: Toxapex|88/100|[from] item: Black Sludge
|upkeep
|c| killerjays|aka, any water mon
|c|☆antarctozolt|try tect mel > ferro and rocks on toad, unless you already have it
|
|t:|1661936416
|switch|p2a: Weavile|Weavile, M|57/100 tox
|-damage|p2a: Weavile|33/100 tox|[from] Stealth Rock
|-ability|p2a: Weavile|Pressure
|turn|30
|c|☆antarctozolt|and boots weav
|c| killerjays|sometimes rain teams run weavile
|
|t:|1661936422
|move|p1a: Toxapex|Baneful Bunker|p1a: Toxapex
|-singleturn|p1a: Toxapex|move: Protect
|move|p2a: Weavile|Knock Off|p1a: Toxapex
|-activate|p1a: Toxapex|move: Protect
|
|-heal|p1a: Toxapex|94/100|[from] item: Black Sludge
|-damage|p2a: Weavile|26/100 tox|[from] psn
|upkeep
|turn|31
|inactive|antarctozolt has 120 seconds left.
|c| killerjays|yeah
|
|t:|1661936428
|move|p2a: Weavile|Knock Off|p1a: Toxapex
|-damage|p1a: Toxapex|44/100
|-enditem|p1a: Toxapex|Black Sludge|[from] move: Knock Off|[of] p2a: Weavile
|move|p1a: Toxapex|Recover|p1a: Toxapex
|-heal|p1a: Toxapex|94/100
|
|-damage|p2a: Weavile|14/100 tox|[from] psn
|upkeep
|turn|32
|
|t:|1661936432
|move|p2a: Weavile|Knock Off|p1a: Toxapex
|-damage|p1a: Toxapex|57/100
|move|p1a: Toxapex|Recover|p1a: Toxapex
|-heal|p1a: Toxapex|100/100
|
|-damage|p2a: Weavile|0 fnt|[from] psn
|faint|p2a: Weavile
|upkeep
|
|t:|1661936439
|switch|p2a: Thundurus|Thundurus-Therian, M|100/100
|turn|33
|
|t:|1661936442
|switch|p1a: Garchomp|Garchomp, M|75/100
|move|p2a: Thundurus|Thunder|p1a: Garchomp
|-immune|p1a: Garchomp
|
|-heal|p1a: Garchomp|81/100|[from] item: Leftovers
|upkeep
|turn|34
|
|t:|1661936443
|move|p2a: Thundurus|Focus Blast|p1a: Garchomp|[miss]
|-miss|p2a: Thundurus|p1a: Garchomp
|move|p1a: Garchomp|Toxic|p2a: Thundurus|[miss]
|-miss|p1a: Garchomp|p2a: Thundurus
|
|-heal|p1a: Garchomp|87/100|[from] item: Leftovers
|upkeep
|turn|35
|
|t:|1661936447
|move|p2a: Thundurus|Focus Blast|p1a: Garchomp
|-damage|p1a: Garchomp|55/100
|move|p1a: Garchomp|Toxic|p2a: Thundurus
|-status|p2a: Thundurus|tox
|
|-heal|p1a: Garchomp|61/100|[from] item: Leftovers
|-damage|p2a: Thundurus|94/100 tox|[from] psn
|upkeep
|turn|36
|
|t:|1661936454
|switch|p1a: Tornadus|Tornadus-Therian, M|89/100
|move|p2a: Thundurus|Focus Blast|p1a: Tornadus
|-resisted|p1a: Tornadus
|-damage|p1a: Tornadus|66/100
|
|-damage|p2a: Thundurus|82/100 tox|[from] psn
|upkeep
|turn|37
|c| sufys12|also why thundurus
|
|t:|1661936464
|move|p1a: Tornadus|Heat Wave|p2a: Thundurus
|-damage|p2a: Thundurus|49/100 tox
|move|p2a: Thundurus|Thunder|p1a: Tornadus
|-supereffective|p1a: Tornadus
|-damage|p1a: Tornadus|0 fnt
|faint|p1a: Tornadus
|
|-damage|p2a: Thundurus|31/100 tox|[from] psn
|upkeep
|c| Arissi|252 SpA Choice Specs Pelipper Ice Beam vs. 252 HP / 252+ SpD Garchomp: 380-448 (90.4 - 106.6%) -- 43.8% chance to OHKO
|
|t:|1661936466
|switch|p1a: Kartana|Kartana|100/100
|turn|38
|c| Arissi|highkey
|
|t:|1661936469
|move|p1a: Kartana|Knock Off|p2a: Thundurus
|-damage|p2a: Thundurus|0 fnt
|-enditem|p2a: Thundurus|Heavy-Duty Boots|[from] move: Knock Off|[of] p1a: Kartana
|faint|p2a: Thundurus
|-ability|p1a: Kartana|Beast Boost|boost
|-boost|p1a: Kartana|atk|1
|
|upkeep
|c| Arissi|what if
|
|t:|1661936470
|switch|p2a: Barraskewda|Barraskewda, F|76/100
|-damage|p2a: Barraskewda|64/100|[from] Stealth Rock
|turn|39
|
|t:|1661936473
|move|p2a: Barraskewda|Close Combat|p1a: Kartana
|-supereffective|p1a: Kartana
|-damage|p1a: Kartana|0 fnt
|-unboost|p2a: Barraskewda|def|1
|-unboost|p2a: Barraskewda|spd|1
|faint|p1a: Kartana
|
|upkeep
|c|☆IExistYouDont|gg
|
|t:|1661936475
|switch|p1a: Toxapex|Toxapex, F|100/100
|turn|40
|c|☆antarctozolt|gg
|
|t:|1661936478
|move|p2a: Barraskewda|Close Combat|p1a: Toxapex
|-resisted|p1a: Toxapex
|-damage|p1a: Toxapex|79/100
|-unboost|p2a: Barraskewda|def|1
|-unboost|p2a: Barraskewda|spd|1
|move|p1a: Toxapex|Scald|p2a: Barraskewda
|-resisted|p2a: Barraskewda
|-damage|p2a: Barraskewda|31/100
|-status|p2a: Barraskewda|brn
|
|-damage|p2a: Barraskewda|25/100 brn|[from] brn
|upkeep
|turn|41
|
|t:|1661936480
|move|p2a: Barraskewda|Close Combat|p1a: Toxapex
|-resisted|p1a: Toxapex
|-damage|p1a: Toxapex|69/100
|-unboost|p2a: Barraskewda|def|1
|-unboost|p2a: Barraskewda|spd|1
|move|p1a: Toxapex|Scald|p2a: Barraskewda
|-resisted|p2a: Barraskewda
|-damage|p2a: Barraskewda|0 fnt
|faint|p2a: Barraskewda
|
|win|antarctozolt
|n|☆antarctozolt|antarctozolt
|n|☆IExistYouDont|iexistyoudont
|n| Grand Empress|grandempress
|n| Arissi|arissi
|n| killerjays|killerjays
|n| The pokemon dad|thepokemondad
|n| sufys12|sufys12
|n| joey milktank|joeymilktank
|n| Mimikyu Stardust|mimikyustardust
|n| washed yui|washedyui
