|j|☆Wheezer
|j|☆Borjav13
|t:|1626826099
|gametype|singles
|player|p1|Wheezer|petrel|1341
|player|p2|Borjav13|lucas-gen4pt|1318
|teamsize|p1|6
|teamsize|p2|6
|gen|8
|tier|[Gen 8] OU
|rated|
|rule|Sleep Clause Mod: Limit one foe put to sleep
|rule|Species Clause: Limit one of each Pokémon
|rule|OHKO Clause: OHKO moves are banned
|rule|Evasion Moves Clause: Evasion moves are banned
|rule|Endless Battle Clause: Forcing endless battles is banned
|rule|HP Percentage Mod: HP is shown in percentages
|rule|Dynamax Clause: You cannot dynamax
|clearpoke
|poke|p1|Suicune|
|poke|p1|Eldegoss, M|
|poke|p1|Hippowdon, F|
|poke|p1|Skarmory, M|
|poke|p1|Gastrodon, F|
|poke|p1|Clefable, M|
|poke|p2|Dragapult, M|
|poke|p2|Toxapex, F|
|poke|p2|Slurpuff, M|
|poke|p2|Gyarados, F|
|poke|p2|Togekiss, M|
|poke|p2|Zeraora|
|teampreview
|
|t:|1626826118
|start
|switch|p1a: Hippowdon|Hippowdon, F|100/100
|switch|p2a: Slurpuff|Slurpuff, M, shiny|100/100
|-weather|Sandstorm|[from] ability: Sand Stream|[of] p1a: Hippowdon
|turn|1
|inactive|Battle timer is ON: inactive players will automatically lose when time's up. (requested by Borjav13)
|
|t:|1626826140
|move|p2a: Slurpuff|Belly Drum|p2a: Slurpuff
|-damage|p2a: Slurpuff|50/100
|-setboost|p2a: Slurpuff|atk|6|[from] move: Belly Drum
|-enditem|p2a: Slurpuff|Sitrus Berry|[eat]
|-heal|p2a: Slurpuff|75/100|[from] item: Sitrus Berry
|move|p1a: Hippowdon|Toxic|p2a: Slurpuff
|-status|p2a: Slurpuff|tox
|
|-weather|Sandstorm|[upkeep]
|-damage|p2a: Slurpuff|69/100 tox|[from] Sandstorm
|-damage|p2a: Slurpuff|63/100 tox|[from] psn
|upkeep
|turn|2
|l|☆Borjav13
|inactive|Borjav13 disconnected and has a minute to reconnect!
|player|p2|
|j|☆Borjav13
|inactive|Borjav13 reconnected and has 130 seconds left.
|player|p2|Borjav13|lucas-gen4pt
|
|t:|1626826175
|switch|p1a: Clefable|Clefable, M|100/100
|move|p2a: Slurpuff|Facade|p1a: Clefable
|-crit|p1a: Clefable
|-damage|p1a: Clefable|50/100
|
|-weather|Sandstorm|[upkeep]
|-damage|p2a: Slurpuff|57/100 tox|[from] Sandstorm
|-damage|p1a: Clefable|44/100|[from] Sandstorm
|-damage|p2a: Slurpuff|44/100 tox|[from] psn
|upkeep
|turn|3
|
|t:|1626826193
|move|p2a: Slurpuff|Facade|p1a: Clefable
|-damage|p1a: Clefable|9/100
|move|p1a: Clefable|Soft-Boiled|p1a: Clefable
|-heal|p1a: Clefable|59/100
|
|-weather|Sandstorm|[upkeep]
|-damage|p2a: Slurpuff|38/100 tox|[from] Sandstorm
|-damage|p1a: Clefable|53/100|[from] Sandstorm
|-damage|p2a: Slurpuff|19/100 tox|[from] psn
|upkeep
|turn|4
|inactive|Wheezer has 120 seconds left.
|
|t:|1626826255
|move|p2a: Slurpuff|Facade|p1a: Clefable
|-damage|p1a: Clefable|18/100
|move|p1a: Clefable|Soft-Boiled|p1a: Clefable
|-heal|p1a: Clefable|68/100
|
|-weather|Sandstorm|[upkeep]
|-damage|p2a: Slurpuff|13/100 tox|[from] Sandstorm
|-damage|p1a: Clefable|61/100|[from] Sandstorm
|-damage|p2a: Slurpuff|0 fnt|[from] psn
|faint|p2a: Slurpuff
|upkeep
|inactive|Borjav13 has 120 seconds left.
|
|t:|1626826288
|switch|p2a: Zeraora|Zeraora, shiny|100/100
|turn|5
|
|t:|1626826300
|switch|p1a: Gastrodon|Gastrodon, F|100/100
|move|p2a: Zeraora|Knock Off|p1a: Gastrodon
|-damage|p1a: Gastrodon|69/100
|-activate|p1a: Gastrodon|ability: Sticky Hold
|
|-weather|none
|-heal|p1a: Gastrodon|75/100|[from] item: Leftovers
|upkeep
|turn|6
|inactive|Wheezer has 120 seconds left.
|inactive|Borjav13 has 120 seconds left.
|
|t:|1626826315
|switch|p2a: Togekiss|Togekiss, M, shiny|100/100
|switch|p1a: Eldegoss|Eldegoss, M|100/100
|
|upkeep
|turn|7
|
|t:|1626826325
|switch|p1a: Hippowdon|Hippowdon, F|100/100
|-weather|Sandstorm|[from] ability: Sand Stream|[of] p1a: Hippowdon
|move|p2a: Togekiss|Flamethrower|p1a: Hippowdon
|-damage|p1a: Hippowdon|77/100
|
|-weather|Sandstorm|[upkeep]
|-damage|p2a: Togekiss|94/100|[from] Sandstorm
|-heal|p2a: Togekiss|100/100|[from] item: Leftovers
|-heal|p1a: Hippowdon|83/100|[from] item: Leftovers
|upkeep
|turn|8
|
|t:|1626826329
|switch|p1a: Suicune|Suicune|100/100
|-ability|p1a: Suicune|Pressure
|move|p2a: Togekiss|Air Slash|p1a: Suicune
|-crit|p1a: Suicune
|-damage|p1a: Suicune|58/100
|
|-weather|Sandstorm|[upkeep]
|-damage|p1a: Suicune|52/100|[from] Sandstorm
|-damage|p2a: Togekiss|94/100|[from] Sandstorm
|-heal|p1a: Suicune|58/100|[from] item: Leftovers
|-heal|p2a: Togekiss|100/100|[from] item: Leftovers
|upkeep
|turn|9
|
|t:|1626826350
|move|p1a: Suicune|Protect|p1a: Suicune
|-singleturn|p1a: Suicune|Protect
|move|p2a: Togekiss|Dazzling Gleam|p1a: Suicune
|-activate|p1a: Suicune|move: Protect
|
|-weather|Sandstorm|[upkeep]
|-damage|p1a: Suicune|52/100|[from] Sandstorm
|-damage|p2a: Togekiss|94/100|[from] Sandstorm
|-heal|p1a: Suicune|58/100|[from] item: Leftovers
|-heal|p2a: Togekiss|100/100|[from] item: Leftovers
|upkeep
|turn|10
|
|t:|1626826365
|switch|p1a: Gastrodon|Gastrodon, F|75/100
|move|p2a: Togekiss|Dazzling Gleam|p1a: Gastrodon
|-damage|p1a: Gastrodon|47/100
|
|-weather|Sandstorm|[upkeep]
|-damage|p2a: Togekiss|94/100|[from] Sandstorm
|-heal|p2a: Togekiss|100/100|[from] item: Leftovers
|-heal|p1a: Gastrodon|53/100|[from] item: Leftovers
|upkeep
|turn|11
|
|t:|1626826373
|move|p2a: Togekiss|Air Slash|p1a: Gastrodon
|-damage|p1a: Gastrodon|27/100
|move|p1a: Gastrodon|Toxic|p2a: Togekiss
|-status|p2a: Togekiss|tox
|
|-weather|none
|-heal|p1a: Gastrodon|33/100|[from] item: Leftovers
|-damage|p2a: Togekiss|94/100 tox|[from] psn
|upkeep
|turn|12
|
|t:|1626826380
|move|p2a: Togekiss|Air Slash|p1a: Gastrodon
|-damage|p1a: Gastrodon|6/100
|move|p1a: Gastrodon|Recover|p1a: Gastrodon
|-heal|p1a: Gastrodon|56/100
|
|-heal|p2a: Togekiss|100/100 tox|[from] item: Leftovers
|-heal|p1a: Gastrodon|62/100|[from] item: Leftovers
|-damage|p2a: Togekiss|88/100 tox|[from] psn
|upkeep
|turn|13
|
|t:|1626826383
|move|p2a: Togekiss|Air Slash|p1a: Gastrodon
|-damage|p1a: Gastrodon|34/100
|cant|p1a: Gastrodon|flinch
|
|-heal|p2a: Togekiss|94/100 tox|[from] item: Leftovers
|-heal|p1a: Gastrodon|40/100|[from] item: Leftovers
|-damage|p2a: Togekiss|76/100 tox|[from] psn
|upkeep
|turn|14
|
|t:|1626826388
|switch|p2a: Gyarados|Gyarados, F, shiny|100/100
|-ability|p2a: Gyarados|Intimidate|boost
|-unboost|p1a: Gastrodon|atk|1
|move|p1a: Gastrodon|Recover|p1a: Gastrodon
|-heal|p1a: Gastrodon|90/100
|
|-heal|p1a: Gastrodon|97/100|[from] item: Leftovers
|upkeep
|turn|15
|
|t:|1626826391
|move|p2a: Gyarados|Substitute|p2a: Gyarados
|-start|p2a: Gyarados|Substitute
|-damage|p2a: Gyarados|76/100
|move|p1a: Gastrodon|Toxic||[still]
|-fail|p1a: Gastrodon
|
|-heal|p2a: Gyarados|82/100|[from] item: Leftovers
|-heal|p1a: Gastrodon|100/100|[from] item: Leftovers
|upkeep
|turn|16
|
|t:|1626826411
|switch|p1a: Skarmory|Skarmory, M|100/100
|move|p2a: Gyarados|Dragon Dance|p2a: Gyarados
|-boost|p2a: Gyarados|atk|1
|-boost|p2a: Gyarados|spe|1
|
|-heal|p2a: Gyarados|88/100|[from] item: Leftovers
|upkeep
|turn|17
|
|t:|1626826415
|move|p2a: Gyarados|Waterfall|p1a: Skarmory
|-damage|p1a: Skarmory|59/100
|-damage|p2a: Gyarados|71/100|[from] item: Rocky Helmet|[of] p1a: Skarmory
|cant|p1a: Skarmory|flinch
|
|-heal|p2a: Gyarados|77/100|[from] item: Leftovers
|upkeep
|turn|18
|
|t:|1626826424
|move|p2a: Gyarados|Waterfall|p1a: Skarmory
|-damage|p1a: Skarmory|21/100
|-damage|p2a: Gyarados|61/100|[from] item: Rocky Helmet|[of] p1a: Skarmory
|cant|p1a: Skarmory|flinch
|
|-heal|p2a: Gyarados|67/100|[from] item: Leftovers
|upkeep
|turn|19
|
|t:|1626826433
|move|p2a: Gyarados|Waterfall|p1a: Skarmory
|-damage|p1a: Skarmory|0 fnt
|-damage|p2a: Gyarados|50/100|[from] item: Rocky Helmet|[of] p1a: Skarmory
|faint|p1a: Skarmory
|
|-heal|p2a: Gyarados|56/100|[from] item: Leftovers
|upkeep
|
|t:|1626826438
|switch|p1a: Clefable|Clefable, M|61/100
|turn|20
|
|t:|1626826447
|move|p2a: Gyarados|Waterfall|p1a: Clefable
|-damage|p1a: Clefable|20/100
|move|p1a: Clefable|Soft-Boiled|p1a: Clefable
|-heal|p1a: Clefable|70/100
|
|-heal|p2a: Gyarados|62/100|[from] item: Leftovers
|upkeep
|turn|21
|
|t:|1626826475
|move|p2a: Gyarados|Dragon Dance|p2a: Gyarados
|-boost|p2a: Gyarados|atk|1
|-boost|p2a: Gyarados|spe|1
|move|p1a: Clefable|Soft-Boiled|p1a: Clefable
|-heal|p1a: Clefable|100/100
|
|-heal|p2a: Gyarados|68/100|[from] item: Leftovers
|upkeep
|turn|22
|
|t:|1626826495
|move|p2a: Gyarados|Waterfall|p1a: Clefable
|-damage|p1a: Clefable|63/100
|move|p1a: Clefable|Calm Mind|p1a: Clefable
|-boost|p1a: Clefable|spa|1
|-boost|p1a: Clefable|spd|1
|
|-heal|p2a: Gyarados|74/100|[from] item: Leftovers
|upkeep
|turn|23
|
|t:|1626826503
|switch|p2a: Zeraora|Zeraora, shiny|100/100
|move|p1a: Clefable|Soft-Boiled|p1a: Clefable
|-heal|p1a: Clefable|100/100
|
|upkeep
|turn|24
|
|t:|1626826508
|move|p2a: Zeraora|Volt Switch|p1a: Clefable
|-damage|p1a: Clefable|86/100
|
|t:|1626826511
|switch|p2a: Toxapex|Toxapex, F, shiny|100/100|[from]move: Volt Switch
|move|p1a: Clefable|Moonblast|p2a: Toxapex
|-resisted|p2a: Toxapex
|-damage|p2a: Toxapex|80/100
|
|-heal|p2a: Toxapex|86/100|[from] item: Black Sludge
|upkeep
|turn|25
|
|t:|1626826521
|switch|p1a: Gastrodon|Gastrodon, F|100/100
|move|p2a: Toxapex|Haze|p2a: Toxapex
|-clearallboost
|
|-heal|p2a: Toxapex|92/100|[from] item: Black Sludge
|upkeep
|turn|26
|inactive|Wheezer has 120 seconds left.
|inactive|Wheezer has 90 seconds left.
|
|t:|1626826583
|move|p1a: Gastrodon|Earth Power|p2a: Toxapex
|-supereffective|p2a: Toxapex
|-damage|p2a: Toxapex|44/100
|move|p2a: Toxapex|Toxic|p1a: Gastrodon
|-status|p1a: Gastrodon|tox
|
|-heal|p2a: Toxapex|50/100|[from] item: Black Sludge
|-damage|p1a: Gastrodon|94/100 tox|[from] psn
|upkeep
|turn|27
|
|t:|1626826589
|move|p1a: Gastrodon|Earth Power|p2a: Toxapex
|-supereffective|p2a: Toxapex
|-damage|p2a: Toxapex|3/100
|move|p2a: Toxapex|Recover|p2a: Toxapex
|-heal|p2a: Toxapex|53/100
|
|-heal|p1a: Gastrodon|100/100 tox|[from] item: Leftovers
|-heal|p2a: Toxapex|59/100|[from] item: Black Sludge
|-damage|p1a: Gastrodon|88/100 tox|[from] psn
|upkeep
|turn|28
|
|t:|1626826604
|switch|p1a: Suicune|Suicune|58/100
|-ability|p1a: Suicune|Pressure
|move|p2a: Toxapex|Recover|p2a: Toxapex
|-heal|p2a: Toxapex|100/100
|
|-heal|p1a: Suicune|64/100|[from] item: Leftovers
|upkeep
|turn|29
|
|t:|1626826619
|move|p1a: Suicune|Substitute|p1a: Suicune
|-start|p1a: Suicune|Substitute
|-damage|p1a: Suicune|39/100
|move|p2a: Toxapex|Toxic||[still]
|-fail|p2a: Toxapex
|
|-heal|p1a: Suicune|46/100|[from] item: Leftovers
|upkeep
|turn|30
|
|t:|1626826637
|switch|p2a: Zeraora|Zeraora, shiny|100/100
|move|p1a: Suicune|Calm Mind|p1a: Suicune
|-boost|p1a: Suicune|spa|1
|-boost|p1a: Suicune|spd|1
|
|-heal|p1a: Suicune|52/100|[from] item: Leftovers
|upkeep
|turn|31
|
|t:|1626826658
|move|p1a: Suicune|Protect|p1a: Suicune
|-singleturn|p1a: Suicune|Protect
|move|p2a: Zeraora|Volt Switch|p1a: Suicune
|-activate|p1a: Suicune|move: Protect
|
|-heal|p1a: Suicune|58/100|[from] item: Leftovers
|upkeep
|turn|32
|inactive|Wheezer has 120 seconds left.
|
|t:|1626826685
|move|p2a: Zeraora|Volt Switch|p1a: Suicune
|-supereffective|p1a: Suicune
|-end|p1a: Suicune|Substitute
|
|t:|1626826708
|switch|p2a: Toxapex|Toxapex, F, shiny|100/100|[from]move: Volt Switch
|move|p1a: Suicune|Calm Mind|p1a: Suicune
|-boost|p1a: Suicune|spa|1
|-boost|p1a: Suicune|spd|1
|
|-heal|p1a: Suicune|64/100|[from] item: Leftovers
|upkeep
|turn|33
|
|t:|1626826719
|move|p1a: Suicune|Substitute|p1a: Suicune
|-start|p1a: Suicune|Substitute
|-damage|p1a: Suicune|39/100
|move|p2a: Toxapex|Haze|p2a: Toxapex
|-clearallboost
|
|-heal|p1a: Suicune|45/100|[from] item: Leftovers
|upkeep
|turn|34
|
|t:|1626826731
|move|p1a: Suicune|Calm Mind|p1a: Suicune
|-boost|p1a: Suicune|spa|1
|-boost|p1a: Suicune|spd|1
|move|p2a: Toxapex|Scald|p1a: Suicune
|-resisted|p1a: Suicune
|-activate|p1a: Suicune|move: Substitute|[damage]
|
|-heal|p1a: Suicune|51/100|[from] item: Leftovers
|upkeep
|turn|35
|inactive|Wheezer has 120 seconds left.
|inactive|Wheezer has 90 seconds left.
|
|t:|1626826775
|move|p1a: Suicune|Scald|p2a: Toxapex
|-resisted|p2a: Toxapex
|-damage|p2a: Toxapex|85/100
|-status|p2a: Toxapex|brn
|move|p2a: Toxapex|Haze|p2a: Toxapex
|-clearallboost
|
|-heal|p1a: Suicune|58/100|[from] item: Leftovers
|-heal|p2a: Toxapex|91/100 brn|[from] item: Black Sludge
|-damage|p2a: Toxapex|85/100 brn|[from] brn
|upkeep
|turn|36
|
|t:|1626826796
|switch|p2a: Dragapult|Dragapult, M, shiny|100/100
|move|p1a: Suicune|Calm Mind|p1a: Suicune
|-boost|p1a: Suicune|spa|1
|-boost|p1a: Suicune|spd|1
|
|-heal|p1a: Suicune|64/100|[from] item: Leftovers
|upkeep
|turn|37
|inactive|Wheezer has 90 seconds left.
|
|t:|1626826815
|move|p1a: Suicune|Protect|p1a: Suicune
|-singleturn|p1a: Suicune|Protect
|move|p2a: Dragapult|Dragon Darts|p1a: Suicune
|-activate|p1a: Suicune|move: Protect
|
|-heal|p1a: Suicune|70/100|[from] item: Leftovers
|upkeep
|turn|38
|inactive|Borjav13 has 120 seconds left.
|
|t:|1626826862
|move|p2a: Dragapult|Dragon Darts|p1a: Suicune
|-damage|p1a: Suicune|50/100
|-anim|p2a: Dragapult|Dragon Darts|p1a: Suicune
|-damage|p1a: Suicune|30/100
|move|p1a: Suicune|Scald|p2a: Dragapult
|-resisted|p2a: Dragapult
|-damage|p2a: Dragapult|74/100
|
|-heal|p2a: Dragapult|80/100|[from] item: Leftovers
|-heal|p1a: Suicune|36/100|[from] item: Leftovers
|upkeep
|turn|39
|
|t:|1626826877
|move|p1a: Suicune|Protect|p1a: Suicune
|-singleturn|p1a: Suicune|Protect
|move|p2a: Dragapult|Dragon Dance|p2a: Dragapult
|-boost|p2a: Dragapult|atk|1
|-boost|p2a: Dragapult|spe|1
|
|-heal|p2a: Dragapult|86/100|[from] item: Leftovers
|-heal|p1a: Suicune|42/100|[from] item: Leftovers
|upkeep
|turn|40
|
|t:|1626826880
|switch|p1a: Clefable|Clefable, M|86/100
|move|p2a: Dragapult|Dragon Darts|p1a: Clefable
|-immune|p1a: Clefable
|
|-heal|p2a: Dragapult|92/100|[from] item: Leftovers
|upkeep
|turn|41
|inactive|Borjav13 has 120 seconds left.
|
|t:|1626826887
|switch|p2a: Zeraora|Zeraora, shiny|100/100
|move|p1a: Clefable|Moonblast|p2a: Zeraora
|-damage|p2a: Zeraora|57/100
|
|upkeep
|turn|42
|
|t:|1626826892
|move|p2a: Zeraora|Plasma Fists|p1a: Clefable
|-damage|p1a: Clefable|34/100
|move|p1a: Clefable|Moonblast|p2a: Zeraora
|-damage|p2a: Zeraora|14/100
|-unboost|p2a: Zeraora|spa|1
|
|upkeep
|turn|43
|
|t:|1626826900
|switch|p1a: Gastrodon|Gastrodon, F|88/100 tox
|move|p2a: Zeraora|Plasma Fists|p1a: Gastrodon
|-immune|p1a: Gastrodon
|
|-heal|p1a: Gastrodon|94/100 tox|[from] item: Leftovers
|-damage|p1a: Gastrodon|88/100 tox|[from] psn
|upkeep
|turn|44
|
|t:|1626826911
|switch|p2a: Toxapex|Toxapex, F, shiny|100/100 brn
|move|p1a: Gastrodon|Scald|p2a: Toxapex
|-resisted|p2a: Toxapex
|-crit|p2a: Toxapex
|-damage|p2a: Toxapex|84/100 brn
|
|-heal|p1a: Gastrodon|94/100 tox|[from] item: Leftovers
|-heal|p2a: Toxapex|90/100 brn|[from] item: Black Sludge
|-damage|p1a: Gastrodon|82/100 tox|[from] psn
|-damage|p2a: Toxapex|84/100 brn|[from] brn
|upkeep
|turn|45
|
|t:|1626826927
|switch|p1a: Clefable|Clefable, M|34/100
|move|p2a: Toxapex|Scald|p1a: Clefable
|-damage|p1a: Clefable|20/100
|
|-heal|p2a: Toxapex|90/100 brn|[from] item: Black Sludge
|-damage|p2a: Toxapex|84/100 brn|[from] brn
|upkeep
|turn|46
|
|t:|1626826947
|switch|p2a: Zeraora|Zeraora, shiny|14/100
|move|p1a: Clefable|Soft-Boiled|p1a: Clefable
|-heal|p1a: Clefable|70/100
|
|upkeep
|turn|47
|
|t:|1626826958
|switch|p2a: Togekiss|Togekiss, M, shiny|76/100 tox
|move|p1a: Clefable|Moonblast|p2a: Togekiss
|-damage|p2a: Togekiss|50/100 tox
|-unboost|p2a: Togekiss|spa|1
|
|-heal|p2a: Togekiss|56/100 tox|[from] item: Leftovers
|-damage|p2a: Togekiss|50/100 tox|[from] psn
|upkeep
|turn|48
|inactive|Wheezer has 120 seconds left.
|
|t:|1626826995
|switch|p2a: Toxapex|Toxapex, F, shiny|100/100 brn
|move|p1a: Clefable|Calm Mind|p1a: Clefable
|-boost|p1a: Clefable|spa|1
|-boost|p1a: Clefable|spd|1
|
|-damage|p2a: Toxapex|94/100 brn|[from] brn
|upkeep
|turn|49
|
|t:|1626826999
|move|p1a: Clefable|Soft-Boiled|p1a: Clefable
|-heal|p1a: Clefable|100/100
|move|p2a: Toxapex|Haze|p2a: Toxapex
|-clearallboost
|
|-heal|p2a: Toxapex|100/100 brn|[from] item: Black Sludge
|-damage|p2a: Toxapex|94/100 brn|[from] brn
|upkeep
|turn|50
|
|t:|1626827003
|move|p1a: Clefable|Aromatherapy|p1a: Clefable
|-activate|p1a: Clefable|move: Aromatherapy
|-curestatus|p1: Gastrodon|tox|[msg]
|move|p2a: Toxapex|Toxic|p1a: Clefable
|-status|p1a: Clefable|tox
|
|-heal|p2a: Toxapex|100/100 brn|[from] item: Black Sludge
|-damage|p1a: Clefable|94/100 tox|[from] psn
|-damage|p2a: Toxapex|94/100 brn|[from] brn
|upkeep
|turn|51
|
|t:|1626827011
|move|p1a: Clefable|Aromatherapy|p1a: Clefable
|-activate|p1a: Clefable|move: Aromatherapy
|-curestatus|p1a: Clefable|tox|[msg]
|move|p2a: Toxapex|Scald|p1a: Clefable
|-damage|p1a: Clefable|82/100
|-status|p1a: Clefable|brn
|
|-heal|p2a: Toxapex|100/100 brn|[from] item: Black Sludge
|-damage|p1a: Clefable|76/100 brn|[from] brn
|-damage|p2a: Toxapex|94/100 brn|[from] brn
|upkeep
|turn|52
|
|t:|1626827040
|switch|p1a: Eldegoss|Eldegoss, M|100/100
|move|p2a: Toxapex|Scald|p1a: Eldegoss
|-resisted|p1a: Eldegoss
|-damage|p1a: Eldegoss|92/100
|
|-heal|p2a: Toxapex|100/100 brn|[from] item: Black Sludge
|-damage|p2a: Toxapex|94/100 brn|[from] brn
|upkeep
|turn|53
|
|t:|1626827048
|move|p1a: Eldegoss|Aromatherapy|p1a: Eldegoss
|-activate|p1a: Eldegoss|move: Aromatherapy
|-curestatus|p1: Clefable|brn|[msg]
|move|p2a: Toxapex|Toxic|p1a: Eldegoss
|-status|p1a: Eldegoss|tox
|
|-heal|p2a: Toxapex|100/100 brn|[from] item: Black Sludge
|-damage|p1a: Eldegoss|86/100 tox|[from] psn
|-damage|p2a: Toxapex|94/100 brn|[from] brn
|upkeep
|turn|54
|
|t:|1626827057
|switch|p2a: Togekiss|Togekiss, M, shiny|50/100 tox
|move|p1a: Eldegoss|Leech Seed|p2a: Togekiss
|-start|p2a: Togekiss|move: Leech Seed
|
|-heal|p2a: Togekiss|56/100 tox|[from] item: Leftovers
|-damage|p2a: Togekiss|44/100 tox|[from] Leech Seed|[of] p1a: Eldegoss
|-heal|p1a: Eldegoss|100/100 tox|[silent]
|-damage|p2a: Togekiss|38/100 tox|[from] psn
|-damage|p1a: Eldegoss|88/100 tox|[from] psn
|upkeep
|turn|55
|
|t:|1626827084
|switch|p1a: Suicune|Suicune|42/100
|-ability|p1a: Suicune|Pressure
|move|p2a: Togekiss|Air Slash|p1a: Suicune
|-damage|p1a: Suicune|11/100
|
|-heal|p1a: Suicune|17/100|[from] item: Leftovers
|-heal|p2a: Togekiss|44/100 tox|[from] item: Leftovers
|-damage|p2a: Togekiss|32/100 tox|[from] Leech Seed|[of] p1a: Suicune
|-heal|p1a: Suicune|28/100|[silent]
|-damage|p2a: Togekiss|19/100 tox|[from] psn
|upkeep
|turn|56
|
|t:|1626827094
|switch|p2a: Zeraora|Zeraora, shiny|14/100
|move|p1a: Suicune|Protect||[still]
|-fail|p1a: Suicune
|
|-heal|p1a: Suicune|34/100|[from] item: Leftovers
|upkeep
|turn|57
|
|t:|1626827104
|move|p1a: Suicune|Protect|p1a: Suicune
|-singleturn|p1a: Suicune|Protect
|move|p2a: Zeraora|Knock Off|p1a: Suicune
|-activate|p1a: Suicune|move: Protect
|
|-heal|p1a: Suicune|41/100|[from] item: Leftovers
|upkeep
|turn|58
|
|t:|1626827107
|switch|p1a: Gastrodon|Gastrodon, F|82/100
|move|p2a: Zeraora|Plasma Fists|p1a: Gastrodon
|-immune|p1a: Gastrodon
|
|-heal|p1a: Gastrodon|88/100|[from] item: Leftovers
|upkeep
|turn|59
|
|t:|1626827111
|move|p2a: Zeraora|Close Combat|p1a: Gastrodon
|-damage|p1a: Gastrodon|45/100
|-unboost|p2a: Zeraora|def|1
|-unboost|p2a: Zeraora|spd|1
|move|p1a: Gastrodon|Earth Power|p2a: Zeraora
|-supereffective|p2a: Zeraora
|-crit|p2a: Zeraora
|-damage|p2a: Zeraora|0 fnt
|faint|p2a: Zeraora
|
|-heal|p1a: Gastrodon|51/100|[from] item: Leftovers
|upkeep
|
|t:|1626827119
|switch|p2a: Dragapult|Dragapult, M, shiny|92/100
|turn|60
|
|t:|1626827129
|move|p2a: Dragapult|Substitute|p2a: Dragapult
|-start|p2a: Dragapult|Substitute
|-damage|p2a: Dragapult|67/100
|move|p1a: Gastrodon|Recover|p1a: Gastrodon
|-heal|p1a: Gastrodon|100/100
|
|-heal|p2a: Dragapult|73/100|[from] item: Leftovers
|upkeep
|turn|61
|
|t:|1626827135
|switch|p1a: Clefable|Clefable, M|76/100
|move|p2a: Dragapult|Dragon Dance|p2a: Dragapult
|-boost|p2a: Dragapult|atk|1
|-boost|p2a: Dragapult|spe|1
|
|-heal|p2a: Dragapult|79/100|[from] item: Leftovers
|upkeep
|turn|62
|
|t:|1626827150
|move|p2a: Dragapult|Phantom Force||[still]
|-prepare|p2a: Dragapult|Phantom Force
|move|p1a: Clefable|Soft-Boiled|p1a: Clefable
|-heal|p1a: Clefable|100/100
|
|-heal|p2a: Dragapult|85/100|[from] item: Leftovers
|upkeep
|turn|63
|
|t:|1626827154
|move|p2a: Dragapult|Phantom Force|p1a: Clefable|[from]lockedmove
|-damage|p1a: Clefable|59/100
|move|p1a: Clefable|Soft-Boiled|p1a: Clefable
|-heal|p1a: Clefable|100/100
|
|-heal|p2a: Dragapult|91/100|[from] item: Leftovers
|upkeep
|turn|64
|
|t:|1626827162
|move|p2a: Dragapult|Phantom Force||[still]
|-prepare|p2a: Dragapult|Phantom Force
|move|p1a: Clefable|Calm Mind|p1a: Clefable
|-boost|p1a: Clefable|spa|1
|-boost|p1a: Clefable|spd|1
|
|-heal|p2a: Dragapult|97/100|[from] item: Leftovers
|upkeep
|turn|65
|
|t:|1626827165
|move|p2a: Dragapult|Phantom Force|p1a: Clefable|[from]lockedmove
|-damage|p1a: Clefable|55/100
|move|p1a: Clefable|Moonblast|p2a: Dragapult
|-supereffective|p2a: Dragapult
|-end|p2a: Dragapult|Substitute
|
|-heal|p2a: Dragapult|100/100|[from] item: Leftovers
|upkeep
|turn|66
|
|t:|1626827173
|switch|p2a: Toxapex|Toxapex, F, shiny|100/100 brn
|move|p1a: Clefable|Soft-Boiled|p1a: Clefable
|-heal|p1a: Clefable|100/100
|
|-damage|p2a: Toxapex|94/100 brn|[from] brn
|upkeep
|turn|67
|
|t:|1626827196
|switch|p1a: Suicune|Suicune|41/100
|-ability|p1a: Suicune|Pressure
|move|p2a: Toxapex|Haze|p2a: Toxapex
|-clearallboost
|
|-heal|p1a: Suicune|47/100|[from] item: Leftovers
|-heal|p2a: Toxapex|100/100 brn|[from] item: Black Sludge
|-damage|p2a: Toxapex|94/100 brn|[from] brn
|upkeep
|turn|68
|
|t:|1626827201
|move|p1a: Suicune|Substitute|p1a: Suicune
|-start|p1a: Suicune|Substitute
|-damage|p1a: Suicune|22/100
|move|p2a: Toxapex|Toxic||[still]
|-fail|p2a: Toxapex
|
|-heal|p1a: Suicune|28/100|[from] item: Leftovers
|-heal|p2a: Toxapex|100/100 brn|[from] item: Black Sludge
|-damage|p2a: Toxapex|94/100 brn|[from] brn
|upkeep
|turn|69
|
|t:|1626827205
|move|p1a: Suicune|Scald|p2a: Toxapex
|-resisted|p2a: Toxapex
|-damage|p2a: Toxapex|83/100 brn
|move|p2a: Toxapex|Scald|p1a: Suicune
|-resisted|p1a: Suicune
|-activate|p1a: Suicune|move: Substitute|[damage]
|
|-heal|p1a: Suicune|34/100|[from] item: Leftovers
|-heal|p2a: Toxapex|90/100 brn|[from] item: Black Sludge
|-damage|p2a: Toxapex|83/100 brn|[from] brn
|upkeep
|turn|70
|
|t:|1626827210
|move|p1a: Suicune|Scald|p2a: Toxapex
|-resisted|p2a: Toxapex
|-damage|p2a: Toxapex|73/100 brn
|move|p2a: Toxapex|Scald|p1a: Suicune
|-resisted|p1a: Suicune
|-activate|p1a: Suicune|move: Substitute|[damage]
|
|-heal|p1a: Suicune|40/100|[from] item: Leftovers
|-heal|p2a: Toxapex|79/100 brn|[from] item: Black Sludge
|-damage|p2a: Toxapex|73/100 brn|[from] brn
|upkeep
|turn|71
|
|t:|1626827213
|move|p1a: Suicune|Calm Mind|p1a: Suicune
|-boost|p1a: Suicune|spa|1
|-boost|p1a: Suicune|spd|1
|move|p2a: Toxapex|Scald|p1a: Suicune
|-resisted|p1a: Suicune
|-crit|p1a: Suicune
|-activate|p1a: Suicune|move: Substitute|[damage]
|
|-heal|p1a: Suicune|47/100|[from] item: Leftovers
|-heal|p2a: Toxapex|79/100 brn|[from] item: Black Sludge
|-damage|p2a: Toxapex|73/100 brn|[from] brn
|upkeep
|turn|72
|
|t:|1626827216
|move|p1a: Suicune|Calm Mind|p1a: Suicune
|-boost|p1a: Suicune|spa|1
|-boost|p1a: Suicune|spd|1
|move|p2a: Toxapex|Scald|p1a: Suicune
|-resisted|p1a: Suicune
|-activate|p1a: Suicune|move: Substitute|[damage]
|
|-heal|p1a: Suicune|53/100|[from] item: Leftovers
|-heal|p2a: Toxapex|79/100 brn|[from] item: Black Sludge
|-damage|p2a: Toxapex|73/100 brn|[from] brn
|upkeep
|turn|73
|
|t:|1626827219
|move|p1a: Suicune|Calm Mind|p1a: Suicune
|-boost|p1a: Suicune|spa|1
|-boost|p1a: Suicune|spd|1
|move|p2a: Toxapex|Haze|p2a: Toxapex
|-clearallboost
|
|-heal|p1a: Suicune|59/100|[from] item: Leftovers
|-heal|p2a: Toxapex|79/100 brn|[from] item: Black Sludge
|-damage|p2a: Toxapex|73/100 brn|[from] brn
|upkeep
|turn|74
|
|t:|1626827224
|move|p1a: Suicune|Calm Mind|p1a: Suicune
|-boost|p1a: Suicune|spa|1
|-boost|p1a: Suicune|spd|1
|move|p2a: Toxapex|Scald|p1a: Suicune
|-resisted|p1a: Suicune
|-end|p1a: Suicune|Substitute
|
|-heal|p1a: Suicune|65/100|[from] item: Leftovers
|-heal|p2a: Toxapex|79/100 brn|[from] item: Black Sludge
|-damage|p2a: Toxapex|73/100 brn|[from] brn
|upkeep
|turn|75
|
|t:|1626827231
|switch|p2a: Gyarados|Gyarados, F, shiny|74/100
|-ability|p2a: Gyarados|Intimidate|boost
|-unboost|p1a: Suicune|atk|1
|move|p1a: Suicune|Substitute|p1a: Suicune
|-start|p1a: Suicune|Substitute
|-damage|p1a: Suicune|40/100
|
|-heal|p1a: Suicune|46/100|[from] item: Leftovers
|-heal|p2a: Gyarados|80/100|[from] item: Leftovers
|upkeep
|turn|76
|
|t:|1626827236
|switch|p2a: Toxapex|Toxapex, F, shiny|100/100 brn
|move|p1a: Suicune|Scald|p2a: Toxapex
|-resisted|p2a: Toxapex
|-damage|p2a: Toxapex|84/100 brn
|
|-heal|p1a: Suicune|52/100|[from] item: Leftovers
|-heal|p2a: Toxapex|90/100 brn|[from] item: Black Sludge
|-damage|p2a: Toxapex|84/100 brn|[from] brn
|upkeep
|turn|77
|
|t:|1626827244
|move|p1a: Suicune|Protect|p1a: Suicune
|-singleturn|p1a: Suicune|Protect
|move|p2a: Toxapex|Haze|p2a: Toxapex
|-clearallboost
|
|-heal|p1a: Suicune|59/100|[from] item: Leftovers
|-heal|p2a: Toxapex|90/100 brn|[from] item: Black Sludge
|-damage|p2a: Toxapex|84/100 brn|[from] brn
|upkeep
|turn|78
|
|t:|1626827249
|switch|p2a: Gyarados|Gyarados, F, shiny|80/100
|-ability|p2a: Gyarados|Intimidate|boost
|-immune|p1a: Suicune
|move|p1a: Suicune|Calm Mind|p1a: Suicune
|-boost|p1a: Suicune|spa|1
|-boost|p1a: Suicune|spd|1
|
|-heal|p1a: Suicune|65/100|[from] item: Leftovers
|-heal|p2a: Gyarados|86/100|[from] item: Leftovers
|upkeep
|turn|79
|
|t:|1626827255
|switch|p2a: Toxapex|Toxapex, F, shiny|100/100 brn
|move|p1a: Suicune|Scald|p2a: Toxapex
|-resisted|p2a: Toxapex
|-damage|p2a: Toxapex|85/100 brn
|
|-heal|p1a: Suicune|71/100|[from] item: Leftovers
|-heal|p2a: Toxapex|91/100 brn|[from] item: Black Sludge
|-damage|p2a: Toxapex|85/100 brn|[from] brn
|upkeep
|turn|80
|
|t:|1626827263
|switch|p2a: Gyarados|Gyarados, F, shiny|86/100
|-ability|p2a: Gyarados|Intimidate|boost
|-immune|p1a: Suicune
|move|p1a: Suicune|Protect||[still]
|-fail|p1a: Suicune
|
|-heal|p1a: Suicune|77/100|[from] item: Leftovers
|-heal|p2a: Gyarados|92/100|[from] item: Leftovers
|upkeep
|turn|81
|
|t:|1626827267
|switch|p2a: Toxapex|Toxapex, F, shiny|100/100 brn
|move|p1a: Suicune|Calm Mind|p1a: Suicune
|-boost|p1a: Suicune|spa|1
|-boost|p1a: Suicune|spd|1
|
|-heal|p1a: Suicune|83/100|[from] item: Leftovers
|-damage|p2a: Toxapex|94/100 brn|[from] brn
|upkeep
|turn|82
|
|t:|1626827272
|move|p1a: Suicune|Protect|p1a: Suicune
|-singleturn|p1a: Suicune|Protect
|move|p2a: Toxapex|Haze|p2a: Toxapex
|-clearallboost
|
|-heal|p1a: Suicune|90/100|[from] item: Leftovers
|-heal|p2a: Toxapex|100/100 brn|[from] item: Black Sludge
|-damage|p2a: Toxapex|94/100 brn|[from] brn
|upkeep
|turn|83
|
|t:|1626827281
|move|p1a: Suicune|Scald|p2a: Toxapex
|-resisted|p2a: Toxapex
|-damage|p2a: Toxapex|84/100 brn
|move|p2a: Toxapex|Haze|p2a: Toxapex
|-clearallboost
|
|-heal|p1a: Suicune|96/100|[from] item: Leftovers
|-heal|p2a: Toxapex|90/100 brn|[from] item: Black Sludge
|-damage|p2a: Toxapex|84/100 brn|[from] brn
|upkeep
|turn|84
|
|t:|1626827285
|switch|p2a: Gyarados|Gyarados, F, shiny|92/100
|-ability|p2a: Gyarados|Intimidate|boost
|-immune|p1a: Suicune
|move|p1a: Suicune|Scald|p2a: Gyarados
|-resisted|p2a: Gyarados
|-damage|p2a: Gyarados|80/100
|
|-heal|p1a: Suicune|100/100|[from] item: Leftovers
|-heal|p2a: Gyarados|86/100|[from] item: Leftovers
|upkeep
|turn|85
|
|t:|1626827290
|switch|p1a: Hippowdon|Hippowdon, F|83/100
|-weather|Sandstorm|[from] ability: Sand Stream|[of] p1a: Hippowdon
|move|p2a: Gyarados|Substitute|p2a: Gyarados
|-start|p2a: Gyarados|Substitute
|-damage|p2a: Gyarados|61/100
|
|-weather|Sandstorm|[upkeep]
|-damage|p2a: Gyarados|55/100|[from] Sandstorm
|-heal|p2a: Gyarados|61/100|[from] item: Leftovers
|-heal|p1a: Hippowdon|89/100|[from] item: Leftovers
|upkeep
|turn|86
|
|t:|1626827301
|switch|p1a: Gastrodon|Gastrodon, F|100/100
|move|p2a: Gyarados|Dragon Dance|p2a: Gyarados
|-boost|p2a: Gyarados|atk|1
|-boost|p2a: Gyarados|spe|1
|
|-weather|Sandstorm|[upkeep]
|-damage|p2a: Gyarados|55/100|[from] Sandstorm
|-heal|p2a: Gyarados|61/100|[from] item: Leftovers
|upkeep
|turn|87
|
|t:|1626827308
|move|p2a: Gyarados|Earthquake|p1a: Gastrodon
|-damage|p1a: Gastrodon|39/100
|move|p1a: Gastrodon|Scald|p2a: Gyarados
|-resisted|p2a: Gyarados
|-activate|p2a: Gyarados|move: Substitute|[damage]
|
|-weather|Sandstorm|[upkeep]
|-damage|p2a: Gyarados|55/100|[from] Sandstorm
|-heal|p2a: Gyarados|61/100|[from] item: Leftovers
|-heal|p1a: Gastrodon|46/100|[from] item: Leftovers
|upkeep
|turn|88
|
|t:|1626827316
|switch|p1a: Clefable|Clefable, M|100/100
|move|p2a: Gyarados|Earthquake|p1a: Clefable
|-damage|p1a: Clefable|70/100
|
|-weather|Sandstorm|[upkeep]
|-damage|p2a: Gyarados|55/100|[from] Sandstorm
|-damage|p1a: Clefable|64/100|[from] Sandstorm
|-heal|p2a: Gyarados|61/100|[from] item: Leftovers
|upkeep
|turn|89
|
|t:|1626827320
|move|p2a: Gyarados|Earthquake|p1a: Clefable
|-damage|p1a: Clefable|32/100
|move|p1a: Clefable|Soft-Boiled|p1a: Clefable
|-heal|p1a: Clefable|82/100
|
|-weather|none
|-heal|p2a: Gyarados|67/100|[from] item: Leftovers
|upkeep
|turn|90
|
|t:|1626827332
|move|p2a: Gyarados|Waterfall|p1a: Clefable
|-damage|p1a: Clefable|45/100
|cant|p1a: Clefable|flinch
|
|-heal|p2a: Gyarados|73/100|[from] item: Leftovers
|upkeep
|turn|91
|
|t:|1626827349
|move|p2a: Gyarados|Waterfall|p1a: Clefable
|-damage|p1a: Clefable|7/100
|move|p1a: Clefable|Soft-Boiled|p1a: Clefable
|-heal|p1a: Clefable|57/100
|
|-heal|p2a: Gyarados|79/100|[from] item: Leftovers
|upkeep
|turn|92
|
|t:|1626827355
|move|p2a: Gyarados|Waterfall|p1a: Clefable
|-damage|p1a: Clefable|21/100
|move|p1a: Clefable|Soft-Boiled|p1a: Clefable
|-heal|p1a: Clefable|71/100
|
|-heal|p2a: Gyarados|85/100|[from] item: Leftovers
|upkeep
|turn|93
|
|t:|1626827385
|move|p2a: Gyarados|Waterfall|p1a: Clefable
|-damage|p1a: Clefable|29/100
|move|p1a: Clefable|Soft-Boiled|p1a: Clefable
|-heal|p1a: Clefable|79/100
|
|-heal|p2a: Gyarados|91/100|[from] item: Leftovers
|upkeep
|turn|94
|
|t:|1626827392
|move|p2a: Gyarados|Waterfall|p1a: Clefable
|-damage|p1a: Clefable|38/100
|move|p1a: Clefable|Moonblast|p2a: Gyarados
|-end|p2a: Gyarados|Substitute
|
|-heal|p2a: Gyarados|97/100|[from] item: Leftovers
|upkeep
|turn|95
|inactive|Wheezer has 120 seconds left.
|
|t:|1626827431
|move|p2a: Gyarados|Waterfall|p1a: Clefable
|-damage|p1a: Clefable|0 fnt
|faint|p1a: Clefable
|
|-heal|p2a: Gyarados|100/100|[from] item: Leftovers
|upkeep
|-message|Wheezer forfeited.
|
|win|Borjav13
|l|☆Wheezer
|raw|Wheezer's rating: 1300 &rarr; <strong>1280</strong><br />(-20 for losing)
|raw|Borjav13's rating: 1366 &rarr; <strong>1382</strong><br />(+16 for winning)
