|j|☆Geenobe
|j|☆Kotokawa Akira
|t:|1663847612
|gametype|singles
|player|p1|Geenobe|101|1556
|player|p2|Kotokawa Akira|klara|1478
|teamsize|p1|6
|teamsize|p2|6
|gen|8
|tier|[Gen 8] OU
|rated|
|rule|Sleep Clause Mod: Limit one foe put to sleep
|rule|Species Clause: Limit one of each Pokémon
|rule|OHKO Clause: OHKO moves are banned
|rule|Evasion Items Clause: Evasion items are banned
|rule|Evasion Moves Clause: Evasion moves are banned
|rule|Endless Battle Clause: Forcing endless battles is banned
|rule|HP Percentage Mod: HP is shown in percentages
|rule|Dynamax Clause: You cannot dynamax
|clearpoke
|poke|p1|Magnezone|
|poke|p1|Kartana|
|poke|p1|Tapu Lele|
|poke|p1|Toxapex, F|
|poke|p1|Landorus-Therian, M|
|poke|p1|Tornadus-Therian, M|
|poke|p2|Nihilego|
|poke|p2|Melmetal|
|poke|p2|Dragapult, M|
|poke|p2|Mew|
|poke|p2|Celesteela|
|poke|p2|Garchomp, M|
|teampreview
|
|t:|1663847627
|start
|switch|p1a: Kartana|Kartana|100/100
|switch|p2a: Mew|Mew, shiny|100/100
|turn|1
|
|t:|1663847634
|move|p1a: Kartana|Knock Off|p2a: Mew
|-supereffective|p2a: Mew
|-enditem|p2a: Mew|Focus Sash
|-damage|p2a: Mew|1/100
|move|p2a: Mew|Thunder Wave|p1a: Kartana
|-status|p1a: Kartana|par
|
|upkeep
|turn|2
|
|t:|1663847647
|switch|p1a: Toxapex|Toxapex, F|100/100
|move|p2a: Mew|Stealth Rock|p1a: Toxapex
|-sidestart|p1: Geenobe|move: Stealth Rock
|
|upkeep
|turn|3
|
|t:|1663847659
|switch|p1a: Landorus|Landorus-Therian, M|100/100
|-damage|p1a: Landorus|88/100|[from] Stealth Rock
|-ability|p1a: Landorus|Intimidate|boost
|-unboost|p2a: Mew|atk|1
|move|p2a: Mew|Spikes|p1a: Landorus
|-sidestart|p1: Geenobe|Spikes
|
|-heal|p1a: Landorus|94/100|[from] item: Leftovers
|upkeep
|turn|4
|
|t:|1663847671
|move|p2a: Mew|Will-O-Wisp|p1a: Landorus
|-status|p1a: Landorus|brn
|move|p1a: Landorus|U-turn|p2a: Mew
|-supereffective|p2a: Mew
|-damage|p2a: Mew|0 fnt
|faint|p2a: Mew
|
|t:|1663847689
|switch|p1a: Magnezone|Magnezone|100/100|[from]move: U-turn
|-damage|p1a: Magnezone|94/100|[from] Stealth Rock
|-item|p1a: Magnezone|Air Balloon
|
|upkeep
|
|t:|1663847697
|switch|p2a: Dragapult|Dragapult, M|100/100
|turn|5
|
|t:|1663847703
|switch|p1a: Tornadus|Tornadus-Therian, M|100/100
|move|p2a: Dragapult|Flamethrower|p1a: Tornadus
|-damage|p1a: Tornadus|64/100
|
|upkeep
|turn|6
|
|t:|1663847710
|switch|p2a: Celesteela|Celesteela|100/100
|move|p1a: Tornadus|Defog|p2a: Celesteela
|-unboost|p2a: Celesteela|evasion|1
|-sideend|p1: Geenobe|Spikes|[from] move: Defog|[of] p1a: Tornadus
|-sideend|p1: Geenobe|Stealth Rock|[from] move: Defog|[of] p1a: Tornadus
|
|upkeep
|turn|7
|
|t:|1663847716
|move|p1a: Tornadus|U-turn|p2a: Celesteela
|-resisted|p2a: Celesteela
|-damage|p2a: Celesteela|97/100
|
|t:|1663847718
|switch|p1a: Magnezone|Magnezone|94/100|[from]move: U-turn
|-item|p1a: Magnezone|Air Balloon
|move|p2a: Celesteela|Autotomize|p2a: Celesteela
|-boost|p2a: Celesteela|spe|2
|-start|p2a: Celesteela|Autotomize
|
|upkeep
|turn|8
|
|t:|1663847727
|move|p2a: Celesteela|Flamethrower|p1a: Magnezone
|-supereffective|p1a: Magnezone
|-damage|p1a: Magnezone|16/100
|-enditem|p1a: Magnezone|Air Balloon
|move|p1a: Magnezone|Thunderbolt|p2a: Celesteela
|-supereffective|p2a: Celesteela
|-damage|p2a: Celesteela|14/100
|
|upkeep
|turn|9
|
|t:|1663847741
|move|p2a: Celesteela|Flamethrower|p1a: Magnezone
|-supereffective|p1a: Magnezone
|-damage|p1a: Magnezone|0 fnt
|faint|p1a: Magnezone
|-ability|p2a: Celesteela|Beast Boost|boost
|-boost|p2a: Celesteela|spa|1
|
|upkeep
|
|t:|1663847770
|switch|p1a: Tornadus|Tornadus-Therian, M|97/100
|turn|10
|
|t:|1663847783
|move|p2a: Celesteela|Meteor Beam||[still]
|-prepare|p2a: Celesteela|Meteor Beam
|-boost|p2a: Celesteela|spa|1
|-enditem|p2a: Celesteela|Power Herb
|-anim|p2a: Celesteela|Meteor Beam|p1a: Tornadus
|-supereffective|p1a: Tornadus
|-damage|p1a: Tornadus|0 fnt
|faint|p1a: Tornadus
|-ability|p2a: Celesteela|Beast Boost|boost
|-boost|p2a: Celesteela|spa|1
|
|upkeep
|-message|Geenobe forfeited.
|
|win|Kotokawa Akira
|raw|Geenobe's rating: 1556 &rarr; <strong>1532</strong><br />(-24 for losing)
|raw|Kotokawa Akira's rating: 1478 &rarr; <strong>1502</strong><br />(+24 for winning)
|l|☆Geenobe
