|j|☆ty-tyui↻
|j|☆JoJo Reference #10
|t:|1665339367
|gametype|singles
|player|p1|ty-tyui↻|kamado|1566
|player|p2|JoJo Reference #10|266|1586
|teamsize|p1|6
|teamsize|p2|6
|gen|8
|tier|[Gen 8] OU
|rated|
|rule|Sleep Clause Mod: Limit one foe put to sleep
|rule|Species Clause: Limit one of each Pokémon
|rule|OHKO Clause: OHKO moves are banned
|rule|Evasion Items Clause: Evasion items are banned
|rule|Evasion Moves Clause: Evasion moves are banned
|rule|Endless Battle Clause: Forcing endless battles is banned
|rule|HP Percentage Mod: HP is shown in percentages
|rule|Dynamax Clause: You cannot dynamax
|clearpoke
|poke|p1|Mienshao, F|
|poke|p1|Ninetales-Alola, M|
|poke|p1|Blacephalon|
|poke|p1|Landorus-Therian, M|
|poke|p1|Corviknight, F|
|poke|p1|Rotom-Wash|
|poke|p2|Tapu Bulu|
|poke|p2|Landorus-Therian, M|
|poke|p2|Melmetal|
|poke|p2|Volcanion|
|poke|p2|Conkeldurr, F|
|poke|p2|Clefable, F|
|teampreview
|
|t:|1665339378
|start
|switch|p1a: Rotom|Rotom-Wash|100/100
|switch|p2a: Landorus|Landorus-Therian, M|100/100
|-ability|p2a: Landorus|Intimidate|boost
|-unboost|p1a: Rotom|atk|1
|turn|1
|
|t:|1665339382
|move|p2a: Landorus|Stealth Rock|p1a: Rotom
|-sidestart|p1: ty-tyui↻|move: Stealth Rock
|move|p1a: Rotom|Hydro Pump|p2a: Landorus
|-supereffective|p2a: Landorus
|-damage|p2a: Landorus|3/100
|
|upkeep
|turn|2
|
|t:|1665339388
|switch|p1a: Corviknight|Corviknight, F|100/100
|-damage|p1a: Corviknight|88/100|[from] Stealth Rock
|-ability|p1a: Corviknight|Pressure
|move|p2a: Landorus|Rock Tomb|p1a: Corviknight
|-damage|p1a: Corviknight|72/100
|-unboost|p1a: Corviknight|spe|1
|
|-heal|p1a: Corviknight|78/100|[from] item: Leftovers
|upkeep
|turn|3
|
|t:|1665339396
|move|p2a: Landorus|Swords Dance|p2a: Landorus
|-boost|p2a: Landorus|atk|2
|move|p1a: Corviknight|Defog|p2a: Landorus
|-unboost|p2a: Landorus|evasion|1
|-sideend|p1: ty-tyui↻|Stealth Rock|[from] move: Defog|[of] p1a: Corviknight
|
|-heal|p1a: Corviknight|84/100|[from] item: Leftovers
|upkeep
|turn|4
|
|t:|1665339399
|move|p2a: Landorus|Stealth Rock|p1a: Corviknight
|-sidestart|p1: ty-tyui↻|move: Stealth Rock
|move|p1a: Corviknight|U-turn|p2a: Landorus
|-resisted|p2a: Landorus
|-damage|p2a: Landorus|0 fnt
|faint|p2a: Landorus
|j| 1TimeAtBandCamp
|
|t:|1665339405
|switch|p1a: Mienshao|Mienshao, F, shiny|100/100|[from]move: U-turn
|-damage|p1a: Mienshao|95/100|[from] Stealth Rock
|
|upkeep
|
|t:|1665339411
|switch|p2a: Melmetal|Melmetal|100/100
|turn|5
|
|t:|1665339418
|move|p2a: Melmetal|Protect|p2a: Melmetal
|-singleturn|p2a: Melmetal|Protect
|move|p1a: Mienshao|U-turn|p2a: Melmetal
|-activate|p2a: Melmetal|move: Protect
|
|upkeep
|turn|6
|inactive|Battle timer is ON: inactive players will automatically lose when time's up. (requested by JoJo Reference #10)
|
|t:|1665339443
|switch|p2a: Volcanion|Volcanion|100/100
|move|p1a: Mienshao|U-turn|p2a: Volcanion
|-resisted|p2a: Volcanion
|-damage|p2a: Volcanion|86/100
|-damage|p1a: Mienshao|85/100|[from] item: Life Orb
|
|t:|1665339448
|switch|p1a: Rotom|Rotom-Wash|100/100|[from]move: U-turn
|-damage|p1a: Rotom|88/100|[from] Stealth Rock
|
|-heal|p1a: Rotom|94/100|[from] item: Leftovers
|upkeep
|turn|7
|
|t:|1665339451
|switch|p2a: Tapu Bulu|Tapu Bulu|100/100
|-fieldstart|move: Grassy Terrain|[from] ability: Grassy Surge|[of] p2a: Tapu Bulu
|move|p1a: Rotom|Volt Switch|p2a: Tapu Bulu
|-resisted|p2a: Tapu Bulu
|-damage|p2a: Tapu Bulu|89/100
|
|t:|1665339454
|switch|p1a: Mienshao|Mienshao, F, shiny|100/100|[from]move: Volt Switch
|-damage|p1a: Mienshao|95/100|[from] Stealth Rock
|
|-heal|p1a: Mienshao|100/100|[from] Grassy Terrain
|-heal|p2a: Tapu Bulu|95/100|[from] Grassy Terrain
|-heal|p2a: Tapu Bulu|100/100|[from] item: Leftovers
|upkeep
|turn|8
|
|t:|1665339457
|move|p1a: Mienshao|Poison Jab|p2a: Tapu Bulu
|-supereffective|p2a: Tapu Bulu
|-damage|p2a: Tapu Bulu|0 fnt
|faint|p2a: Tapu Bulu
|-damage|p1a: Mienshao|91/100|[from] item: Life Orb
|
|-heal|p1a: Mienshao|96/100|[from] Grassy Terrain
|upkeep
|
|t:|1665339460
|switch|p2a: Conkeldurr|Conkeldurr, F|100/100
|turn|9
|
|t:|1665339464
|move|p1a: Mienshao|Knock Off|p2a: Conkeldurr
|-resisted|p2a: Conkeldurr
|-damage|p2a: Conkeldurr|77/100
|-enditem|p2a: Conkeldurr|Flame Orb|[from] move: Knock Off|[of] p1a: Mienshao
|-damage|p1a: Mienshao|86/100|[from] item: Life Orb
|move|p2a: Conkeldurr|Drain Punch|p1a: Mienshao
|-damage|p1a: Mienshao|7/100
|-heal|p2a: Conkeldurr|100/100|[from] drain|[of] p1a: Mienshao
|
|-heal|p1a: Mienshao|13/100|[from] Grassy Terrain
|upkeep
|turn|10
|
|t:|1665339475
|switch|p1a: Landorus|Landorus-Therian, M|100/100
|-damage|p1a: Landorus|88/100|[from] Stealth Rock
|-ability|p1a: Landorus|Intimidate|boost
|-unboost|p2a: Conkeldurr|atk|1
|move|p2a: Conkeldurr|Knock Off|p1a: Landorus
|-damage|p1a: Landorus|63/100
|-enditem|p1a: Landorus|Leftovers|[from] move: Knock Off|[of] p2a: Conkeldurr
|
|upkeep
|turn|11
|
|t:|1665339484
|switch|p2a: Volcanion|Volcanion|86/100
|move|p1a: Landorus|U-turn|p2a: Volcanion
|-resisted|p2a: Volcanion
|-damage|p2a: Volcanion|76/100
|
|t:|1665339489
|switch|p1a: Rotom|Rotom-Wash|94/100|[from]move: U-turn
|-damage|p1a: Rotom|82/100|[from] Stealth Rock
|
|-heal|p2a: Volcanion|82/100|[from] Grassy Terrain
|-heal|p1a: Rotom|88/100|[from] item: Leftovers
|-fieldend|move: Grassy Terrain
|upkeep
|turn|12
|
|t:|1665339491
|move|p2a: Volcanion|Sludge Wave|p1a: Rotom
|-damage|p1a: Rotom|62/100
|move|p1a: Rotom|Volt Switch|p2a: Volcanion
|-supereffective|p2a: Volcanion
|-damage|p2a: Volcanion|18/100
|
|t:|1665339496
|switch|p1a: Blacephalon|Blacephalon, shiny|100/100|[from]move: Volt Switch
|-damage|p1a: Blacephalon|76/100|[from] Stealth Rock
|
|upkeep
|turn|13
|
|t:|1665339500
|move|p1a: Blacephalon|Flamethrower|p2a: Volcanion
|-resisted|p2a: Volcanion
|-damage|p2a: Volcanion|2/100
|move|p2a: Volcanion|Sludge Wave|p1a: Blacephalon
|-resisted|p1a: Blacephalon
|-damage|p1a: Blacephalon|49/100
|
|upkeep
|turn|14
|
|t:|1665339505
|move|p1a: Blacephalon|Flamethrower|p2a: Volcanion
|-resisted|p2a: Volcanion
|-damage|p2a: Volcanion|0 fnt
|faint|p2a: Volcanion
|-ability|p1a: Blacephalon|Beast Boost|boost
|-boost|p1a: Blacephalon|spa|1
|
|upkeep
|
|t:|1665339506
|switch|p2a: Conkeldurr|Conkeldurr, F|100/100
|turn|15
|
|t:|1665339522
|move|p1a: Blacephalon|Flamethrower|p2a: Conkeldurr
|-damage|p2a: Conkeldurr|0 fnt
|faint|p2a: Conkeldurr
|-ability|p1a: Blacephalon|Beast Boost|boost
|-boost|p1a: Blacephalon|spa|1
|
|upkeep
|
|t:|1665339525
|switch|p2a: Melmetal|Melmetal|100/100
|turn|16
|
|t:|1665339526
|move|p1a: Blacephalon|Flamethrower|p2a: Melmetal
|-supereffective|p2a: Melmetal
|-damage|p2a: Melmetal|0 fnt
|faint|p2a: Melmetal
|-ability|p1a: Blacephalon|Beast Boost|boost
|-boost|p1a: Blacephalon|spa|1
|
|upkeep
|
|t:|1665339528
|switch|p2a: Clefable|Clefable, F|100/100
|turn|17
|c|☆ty-tyui↻|gg
|
|t:|1665339530
|move|p1a: Blacephalon|Flamethrower|p2a: Clefable
|-damage|p2a: Clefable|0 fnt
|faint|p2a: Clefable
|
|win|ty-tyui↻
|raw|ty-tyui↻'s rating: 1566 &rarr; <strong>1587</strong><br />(+21 for winning)
|raw|JoJo Reference #10's rating: 1586 &rarr; <strong>1565</strong><br />(-21 for losing)
|l|☆JoJo Reference #10
