|raw|<div class="broadcast-blue"><strong>This battle is required to be public due to a player having a name starting with 'lt94je'.</div>
|j|☆LT94JE Lolcat
|j|☆paradise cove
|t:|1661394769
|gametype|singles
|player|p1|LT94JE Lolcat|169|1737
|player|p2|paradise cove|swimmerf-gen4dp|1895
|teamsize|p1|6
|teamsize|p2|6
|gen|8
|tier|[Gen 8] OU
|rated|
|rule|Sleep Clause Mod: Limit one foe put to sleep
|rule|Species Clause: Limit one of each Pokémon
|rule|OHKO Clause: OHKO moves are banned
|rule|Evasion Items Clause: Evasion items are banned
|rule|Evasion Moves Clause: Evasion moves are banned
|rule|Endless Battle Clause: Forcing endless battles is banned
|rule|HP Percentage Mod: HP is shown in percentages
|rule|Dynamax Clause: You cannot dynamax
|clearpoke
|poke|p1|Rillaboom, F|
|poke|p1|Tornadus-Therian, M|
|poke|p1|Blaziken, F|
|poke|p1|Melmetal|
|poke|p1|Garchomp, F|
|poke|p1|Slowbro, F|
|poke|p2|Dragapult, M|
|poke|p2|Urshifu-*, F|
|poke|p2|Tapu Lele|
|poke|p2|Landorus-Therian, M|
|poke|p2|Zapdos|
|poke|p2|Melmetal|
|teampreview
|inactive|Battle timer is ON: inactive players will automatically lose when time's up. (requested by paradise cove)
|
|t:|1661394787
|start
|switch|p1a: Garchomp|Garchomp, F|100/100
|switch|p2a: Landorus|Landorus-Therian, M|100/100
|-ability|p2a: Landorus|Intimidate|boost
|-unboost|p1a: Garchomp|atk|1
|turn|1
|
|t:|1661394790
|move|p1a: Garchomp|Toxic|p2a: Landorus
|-status|p2a: Landorus|tox
|move|p2a: Landorus|Knock Off|p1a: Garchomp
|-damage|p1a: Garchomp|74/100
|-damage|p2a: Landorus|88/100 tox|[from] ability: Rough Skin|[of] p1a: Garchomp
|-enditem|p1a: Garchomp|Leftovers|[from] move: Knock Off|[of] p2a: Landorus
|
|-heal|p2a: Landorus|94/100 tox|[from] item: Leftovers
|-damage|p2a: Landorus|88/100 tox|[from] psn
|upkeep
|turn|2
|
|t:|1661394792
|move|p1a: Garchomp|Protect|p1a: Garchomp
|-singleturn|p1a: Garchomp|Protect
|move|p2a: Landorus|Earthquake|p1a: Garchomp
|-activate|p1a: Garchomp|move: Protect
|
|-heal|p2a: Landorus|94/100 tox|[from] item: Leftovers
|-damage|p2a: Landorus|82/100 tox|[from] psn
|upkeep
|turn|3
|
|t:|1661394795
|move|p1a: Garchomp|Stealth Rock|p2a: Landorus
|-sidestart|p2: paradise cove|move: Stealth Rock
|move|p2a: Landorus|Stealth Rock|p1a: Garchomp
|-sidestart|p1: LT94JE Lolcat|move: Stealth Rock
|
|-heal|p2a: Landorus|88/100 tox|[from] item: Leftovers
|-damage|p2a: Landorus|70/100 tox|[from] psn
|upkeep
|turn|4
|j| lt94je nick
|j| LT94JE Herv
|
|t:|1661394809
|switch|p2a: Dragapult|Dragapult, M|100/100
|-damage|p2a: Dragapult|88/100|[from] Stealth Rock
|move|p1a: Garchomp|Toxic|p2a: Dragapult
|-status|p2a: Dragapult|tox
|
|-damage|p2a: Dragapult|82/100 tox|[from] psn
|upkeep
|turn|5
|j|+kino
|l| LT94JE Herv
|
|t:|1661394813
|switch|p2a: Urshifu|Urshifu-Rapid-Strike, F|100/100
|-damage|p2a: Urshifu|94/100|[from] Stealth Rock
|move|p1a: Garchomp|Protect||[still]
|-fail|p1a: Garchomp
|
|upkeep
|turn|6
|
|t:|1661394817
|switch|p1a: Slowbro|Slowbro, F|100/100
|-damage|p1a: Slowbro|88/100|[from] Stealth Rock
|move|p2a: Urshifu|Close Combat|p1a: Slowbro
|-resisted|p1a: Slowbro
|-damage|p1a: Slowbro|63/100
|-unboost|p2a: Urshifu|def|1
|-unboost|p2a: Urshifu|spd|1
|-damage|p2a: Urshifu|78/100|[from] item: Rocky Helmet|[of] p1a: Slowbro
|
|upkeep
|turn|7
|
|t:|1661394821
|switch|p2a: Zapdos|Zapdos|100/100
|move|p1a: Slowbro|Future Sight|p2a: Zapdos
|-start|p1a: Slowbro|move: Future Sight
|
|upkeep
|turn|8
|
|t:|1661394830
|switch|p1a: Garchomp|Garchomp, F|74/100
|-damage|p1a: Garchomp|68/100|[from] Stealth Rock
|move|p2a: Zapdos|Volt Switch|p1a: Garchomp
|-immune|p1a: Garchomp
|
|upkeep
|turn|9
|
|t:|1661394835
|switch|p2a: Melmetal|Melmetal|100/100
|-damage|p2a: Melmetal|94/100|[from] Stealth Rock
|move|p1a: Garchomp|Toxic|p2a: Melmetal
|-immune|p2a: Melmetal
|
|-end|p2a: Melmetal|move: Future Sight
|-resisted|p2a: Melmetal
|-damage|p2a: Melmetal|75/100
|-heal|p2a: Melmetal|81/100|[from] item: Leftovers
|upkeep
|turn|10
|
|t:|1661394837
|move|p2a: Melmetal|Protect|p2a: Melmetal
|-singleturn|p2a: Melmetal|Protect
|move|p1a: Garchomp|Earthquake|p2a: Melmetal
|-activate|p2a: Melmetal|move: Protect
|
|-heal|p2a: Melmetal|87/100|[from] item: Leftovers
|upkeep
|turn|11
|
|t:|1661394843
|switch|p1a: Slowbro|Slowbro, F|96/100
|-damage|p1a: Slowbro|84/100|[from] Stealth Rock
|move|p2a: Melmetal|Toxic|p1a: Slowbro
|-status|p1a: Slowbro|tox
|
|-heal|p2a: Melmetal|93/100|[from] item: Leftovers
|-damage|p1a: Slowbro|78/100 tox|[from] psn
|upkeep
|turn|12
|
|t:|1661394847
|move|p2a: Melmetal|Double Iron Bash|p1a: Slowbro
|-resisted|p1a: Slowbro
|-damage|p1a: Slowbro|64/100 tox
|-damage|p2a: Melmetal|76/100|[from] item: Rocky Helmet|[of] p1a: Slowbro
|-resisted|p1a: Slowbro
|-damage|p1a: Slowbro|50/100 tox
|-damage|p2a: Melmetal|60/100|[from] item: Rocky Helmet|[of] p1a: Slowbro
|-hitcount|p1a: Slowbro|2
|cant|p1a: Slowbro|flinch
|
|-heal|p2a: Melmetal|66/100|[from] item: Leftovers
|-damage|p1a: Slowbro|38/100 tox|[from] psn
|upkeep
|turn|13
|
|t:|1661394853
|switch|p1a: Garchomp|Garchomp, F|68/100
|-damage|p1a: Garchomp|62/100|[from] Stealth Rock
|move|p2a: Melmetal|Double Iron Bash|p1a: Garchomp
|-damage|p1a: Garchomp|24/100
|-damage|p2a: Melmetal|54/100|[from] ability: Rough Skin|[of] p1a: Garchomp
|-damage|p1a: Garchomp|0 fnt
|-damage|p2a: Melmetal|41/100|[from] ability: Rough Skin|[of] p1a: Garchomp
|faint|p1a: Garchomp
|-hitcount|p1: Garchomp|2
|
|-heal|p2a: Melmetal|47/100|[from] item: Leftovers
|upkeep
|
|t:|1661394857
|switch|p1a: Blaziken|Blaziken, F|100/100
|-damage|p1a: Blaziken|88/100|[from] Stealth Rock
|turn|14
|
|t:|1661394863
|move|p1a: Blaziken|Flare Blitz|p2a: Melmetal
|-supereffective|p2a: Melmetal
|-damage|p2a: Melmetal|0 fnt
|faint|p2a: Melmetal
|-damage|p1a: Blaziken|69/100|[from] Recoil
|
|-heal|p1a: Blaziken|76/100|[from] item: Leftovers
|-ability|p1a: Blaziken|Speed Boost|boost
|-boost|p1a: Blaziken|spe|1
|upkeep
|
|t:|1661394864
|switch|p2a: Urshifu|Urshifu-Rapid-Strike, F|78/100
|-damage|p2a: Urshifu|72/100|[from] Stealth Rock
|turn|15
|
|t:|1661394868
|switch|p1a: Slowbro|Slowbro, F|72/100 tox
|-damage|p1a: Slowbro|59/100 tox|[from] Stealth Rock
|move|p2a: Urshifu|U-turn|p1a: Slowbro
|-supereffective|p1a: Slowbro
|-damage|p1a: Slowbro|16/100 tox
|-damage|p2a: Urshifu|55/100|[from] item: Rocky Helmet|[of] p1a: Slowbro
|
|t:|1661394871
|switch|p2a: Dragapult|Dragapult, M|82/100 tox|[from]move: U-turn
|-damage|p2a: Dragapult|70/100 tox|[from] Stealth Rock
|
|-damage|p2a: Dragapult|64/100 tox|[from] psn
|-damage|p1a: Slowbro|10/100 tox|[from] psn
|upkeep
|turn|16
|
|t:|1661394880
|move|p2a: Dragapult|Shadow Ball|p1a: Slowbro
|-supereffective|p1a: Slowbro
|-damage|p1a: Slowbro|0 fnt
|faint|p1a: Slowbro
|
|-damage|p2a: Dragapult|52/100 tox|[from] psn
|upkeep
|j| Rubiaa
|
|t:|1661394882
|switch|p1a: Rillaboom|Rillaboom, F|100/100
|-damage|p1a: Rillaboom|88/100|[from] Stealth Rock
|-fieldstart|move: Grassy Terrain|[from] ability: Grassy Surge|[of] p1a: Rillaboom
|turn|17
|j| Isimei
|
|t:|1661394885
|move|p2a: Dragapult|Shadow Ball|p1a: Rillaboom
|-damage|p1a: Rillaboom|23/100
|-unboost|p1a: Rillaboom|spd|1
|move|p1a: Rillaboom|Knock Off|p2a: Dragapult
|-supereffective|p2a: Dragapult
|-damage|p2a: Dragapult|0 fnt
|-enditem|p2a: Dragapult|Choice Specs|[from] move: Knock Off|[of] p1a: Rillaboom
|faint|p2a: Dragapult
|
|-heal|p1a: Rillaboom|29/100|[from] Grassy Terrain
|-heal|p1a: Rillaboom|36/100|[from] item: Leftovers
|upkeep
|
|t:|1661394888
|switch|p2a: Zapdos|Zapdos|100/100
|turn|18
|
|t:|1661394897
|move|p1a: Rillaboom|Grassy Glide|p2a: Zapdos
|-resisted|p2a: Zapdos
|-damage|p2a: Zapdos|72/100
|move|p2a: Zapdos|Volt Switch|p1a: Rillaboom
|-resisted|p1a: Rillaboom
|-damage|p1a: Rillaboom|2/100
|
|t:|1661394901
|switch|p2a: Tapu Lele|Tapu Lele|100/100|[from]move: Volt Switch
|-damage|p2a: Tapu Lele|88/100|[from] Stealth Rock
|-fieldstart|move: Psychic Terrain|[from] ability: Psychic Surge|[of] p2a: Tapu Lele
|
|-heal|p1a: Rillaboom|8/100|[from] item: Leftovers
|upkeep
|turn|19
|
|t:|1661394907
|switch|p2a: Landorus|Landorus-Therian, M|70/100 tox
|-damage|p2a: Landorus|58/100 tox|[from] Stealth Rock
|-ability|p2a: Landorus|Intimidate|boost
|-unboost|p1a: Rillaboom|atk|1
|move|p1a: Rillaboom|Knock Off|p2a: Landorus
|-damage|p2a: Landorus|33/100 tox
|-enditem|p2a: Landorus|Leftovers|[from] move: Knock Off|[of] p1a: Rillaboom
|
|-heal|p1a: Rillaboom|14/100|[from] item: Leftovers
|-damage|p2a: Landorus|27/100 tox|[from] psn
|upkeep
|turn|20
|
|t:|1661394913
|switch|p2a: Zapdos|Zapdos|72/100
|move|p1a: Rillaboom|Grassy Glide|p2a: Zapdos
|-resisted|p2a: Zapdos
|-damage|p2a: Zapdos|59/100
|-status|p1a: Rillaboom|par|[from] ability: Static|[of] p2a: Zapdos
|
|-heal|p1a: Rillaboom|20/100 par|[from] item: Leftovers
|upkeep
|turn|21
|
|t:|1661394918
|move|p2a: Zapdos|Volt Switch|p1a: Rillaboom
|-resisted|p1a: Rillaboom
|-damage|p1a: Rillaboom|0 fnt
|faint|p1a: Rillaboom
|
|t:|1661394924
|switch|p2a: Urshifu|Urshifu-Rapid-Strike, F|55/100|[from]move: Volt Switch
|-damage|p2a: Urshifu|49/100|[from] Stealth Rock
|
|upkeep
|
|t:|1661394928
|switch|p1a: Tornadus|Tornadus-Therian, M|100/100
|turn|22
|
|t:|1661394934
|switch|p2a: Zapdos|Zapdos|59/100
|move|p1a: Tornadus|Heat Wave|p2a: Zapdos
|-damage|p2a: Zapdos|34/100
|
|-fieldend|move: Psychic Terrain
|upkeep
|turn|23
|j| KELDEO
|
|t:|1661394945
|move|p1a: Tornadus|U-turn|p2a: Zapdos
|-resisted|p2a: Zapdos
|-damage|p2a: Zapdos|27/100
|
|t:|1661394957
|switch|p1a: Melmetal|Melmetal|100/100|[from]move: U-turn
|-damage|p1a: Melmetal|94/100|[from] Stealth Rock
|move|p2a: Zapdos|Roost|p2a: Zapdos
|-heal|p2a: Zapdos|77/100
|-singleturn|p2a: Zapdos|move: Roost
|
|-heal|p1a: Melmetal|100/100|[from] item: Leftovers
|upkeep
|turn|24
|
|t:|1661394962
|move|p1a: Melmetal|Protect|p1a: Melmetal
|-singleturn|p1a: Melmetal|Protect
|move|p2a: Zapdos|Volt Switch|p1a: Melmetal
|-activate|p1a: Melmetal|move: Protect
|
|upkeep
|turn|25
|
|t:|1661394968
|move|p2a: Zapdos|Volt Switch|p1a: Melmetal
|-damage|p1a: Melmetal|70/100
|
|t:|1661394970
|switch|p2a: Landorus|Landorus-Therian, M|27/100 tox|[from]move: Volt Switch
|-damage|p2a: Landorus|15/100 tox|[from] Stealth Rock
|-ability|p2a: Landorus|Intimidate|boost
|-unboost|p1a: Melmetal|atk|1
|move|p1a: Melmetal|Double Iron Bash|p2a: Landorus
|-damage|p2a: Landorus|0 fnt
|faint|p2a: Landorus
|-hitcount|p2: Landorus|1
|
|-heal|p1a: Melmetal|76/100|[from] item: Leftovers
|upkeep
|
|t:|1661394971
|switch|p2a: Urshifu|Urshifu-Rapid-Strike, F|49/100
|-damage|p2a: Urshifu|43/100|[from] Stealth Rock
|turn|26
|
|t:|1661394976
|switch|p1a: Tornadus|Tornadus-Therian, M|100/100
|move|p2a: Urshifu|Surging Strikes|p1a: Tornadus
|-crit|p1a: Tornadus
|-damage|p1a: Tornadus|66/100
|-crit|p1a: Tornadus
|-damage|p1a: Tornadus|34/100
|-crit|p1a: Tornadus
|-damage|p1a: Tornadus|2/100
|-hitcount|p1a: Tornadus|3
|
|upkeep
|turn|27
|
|t:|1661394986
|switch|p2a: Zapdos|Zapdos|77/100
|move|p1a: Tornadus|Knock Off|p2a: Zapdos
|-damage|p2a: Zapdos|54/100
|-status|p1a: Tornadus|par|[from] ability: Static|[of] p2a: Zapdos
|-enditem|p2a: Zapdos|Heavy-Duty Boots|[from] move: Knock Off|[of] p1a: Tornadus
|
|upkeep
|turn|28
|
|t:|1661394996
|move|p2a: Zapdos|Volt Switch|p1a: Tornadus
|-supereffective|p1a: Tornadus
|-damage|p1a: Tornadus|0 fnt
|faint|p1a: Tornadus
|
|t:|1661394999
|switch|p2a: Urshifu|Urshifu-Rapid-Strike, F|43/100|[from]move: Volt Switch
|-damage|p2a: Urshifu|37/100|[from] Stealth Rock
|
|upkeep
|
|t:|1661395003
|switch|p1a: Melmetal|Melmetal|76/100
|-damage|p1a: Melmetal|70/100|[from] Stealth Rock
|turn|29
|
|t:|1661395013
|move|p2a: Urshifu|Close Combat|p1a: Melmetal
|-supereffective|p1a: Melmetal
|-damage|p1a: Melmetal|0 fnt
|-unboost|p2a: Urshifu|def|1
|-unboost|p2a: Urshifu|spd|1
|faint|p1a: Melmetal
|
|upkeep
|
|t:|1661395017
|switch|p1a: Blaziken|Blaziken, F|76/100
|-damage|p1a: Blaziken|63/100|[from] Stealth Rock
|turn|30
|
|t:|1661395019
|move|p2a: Urshifu|Close Combat|p1a: Blaziken
|-damage|p1a: Blaziken|0 fnt
|-unboost|p2a: Urshifu|def|1
|-unboost|p2a: Urshifu|spd|1
|faint|p1a: Blaziken
|
|win|paradise cove
|raw|LT94JE Lolcat's rating: 1737 &rarr; <strong>1726</strong><br />(-11 for losing)
|raw|paradise cove's rating: 1895 &rarr; <strong>1906</strong><br />(+11 for winning)
|l|☆paradise cove
|l|☆LT94JE Lolcat
|l| Isimei
||Ladder isn't responding, score probably updated but might not have (Request timeout).
|j| Spitfire arcanine
