|j|☆MetalBendZen
|j|☆misplayin
|t:|1667261719
|gametype|singles
|player|p1|MetalBendZen|benga|
|player|p2|misplayin|bugsy|
|teamsize|p1|6
|teamsize|p2|6
|gen|8
|tier|[Gen 8] OU
|rule|Sleep Clause Mod: Limit one foe put to sleep
|rule|Species Clause: Limit one of each Pokémon
|rule|OHKO Clause: OHKO moves are banned
|rule|Evasion Items Clause: Evasion items are banned
|rule|Evasion Moves Clause: Evasion moves are banned
|rule|Endless Battle Clause: Forcing endless battles is banned
|rule|HP Percentage Mod: HP is shown in percentages
|rule|Dynamax Clause: You cannot dynamax
|clearpoke
|poke|p1|Zeraora|
|poke|p1|Volcarona, M|
|poke|p1|Excadrill, M|
|poke|p1|Rillaboom, M|
|poke|p1|Primarina, F|
|poke|p1|Zapdos-Galar|
|poke|p2|Tapu Koko|
|poke|p2|Swampert, M|
|poke|p2|Ferrothorn, F|
|poke|p2|Corviknight, M|
|poke|p2|Urshifu-*, F|
|poke|p2|Nidoking, M|
|teampreview
|inactive|Battle timer is ON: inactive players will automatically lose when time's up. (requested by misplayin)
|inactive|MetalBendZen has 270 seconds left.
|inactive|misplayin has 270 seconds left.
|inactive|misplayin has 240 seconds left.
|j| CodenameUg
|
|t:|1667261784
|start
|switch|p1a: Rillaboom|Rillaboom, M|100/100
|switch|p2a: Urshifu|Urshifu-Rapid-Strike, F|100/100
|-fieldstart|move: Grassy Terrain|[from] ability: Grassy Surge|[of] p1a: Rillaboom
|turn|1
|
|t:|1667261807
|switch|p2a: Ferrothorn|Ferrothorn, F|100/100
|move|p1a: Rillaboom|Superpower|p2a: Ferrothorn
|-supereffective|p2a: Ferrothorn
|-damage|p2a: Ferrothorn|34/100
|-unboost|p1a: Rillaboom|atk|1
|-unboost|p1a: Rillaboom|def|1
|-damage|p1a: Rillaboom|88/100|[from] ability: Iron Barbs|[of] p2a: Ferrothorn
|-damage|p1a: Rillaboom|72/100|[from] item: Rocky Helmet|[of] p2a: Ferrothorn
|
|-heal|p1a: Rillaboom|78/100|[from] Grassy Terrain
|-heal|p2a: Ferrothorn|40/100|[from] Grassy Terrain
|upkeep
|turn|2
|
|t:|1667261833
|switch|p1a: Excadrill|Excadrill, M|100/100
|-ability|p1a: Excadrill|Mold Breaker
|switch|p2a: Corviknight|Corviknight, M|100/100
|
|upkeep
|turn|3
|
|t:|1667261843
|switch|p1a: Zeraora|Zeraora|100/100
|move|p2a: Corviknight|U-turn|p1a: Zeraora
|-crit|p1a: Zeraora
|-damage|p1a: Zeraora|72/100
|
|t:|1667261850
|switch|p2a: Nidoking|Nidoking, M|100/100|[from]move: U-turn
|
|-heal|p1a: Zeraora|78/100|[from] Grassy Terrain
|upkeep
|turn|4
|inactive|MetalBendZen has 270 seconds left.
|j| ops idk
|
|t:|1667261897
|switch|p1a: Primarina|Primarina, F|100/100
|move|p2a: Nidoking|Sludge Wave|p1a: Primarina
|-supereffective|p1a: Primarina
|-damage|p1a: Primarina|10/100
|
|-heal|p1a: Primarina|16/100|[from] Grassy Terrain
|-heal|p1a: Primarina|22/100|[from] item: Leftovers
|upkeep
|turn|5
|
|t:|1667261908
|switch|p1a: Excadrill|Excadrill, M|100/100
|-ability|p1a: Excadrill|Mold Breaker
|move|p2a: Nidoking|Earth Power|p1a: Excadrill
|-supereffective|p1a: Excadrill
|-damage|p1a: Excadrill|0 fnt
|faint|p1a: Excadrill
|
|-fieldend|move: Grassy Terrain
|upkeep
|inactive|MetalBendZen has 240 seconds left.
|l| CodenameUg
|
|t:|1667261926
|switch|p1a: Zapdos|Zapdos-Galar|100/100
|turn|6
|inactive|MetalBendZen has 240 seconds left.
|
|t:|1667261945
|switch|p2a: Ferrothorn|Ferrothorn, F|40/100
|move|p1a: Zapdos|Brave Bird|p2a: Ferrothorn
|-damage|p2a: Ferrothorn|4/100
|-damage|p1a: Zapdos|88/100|[from] ability: Iron Barbs|[of] p2a: Ferrothorn
|-damage|p1a: Zapdos|72/100|[from] item: Rocky Helmet|[of] p2a: Ferrothorn
|-damage|p1a: Zapdos|58/100|[from] Recoil
|
|upkeep
|turn|7
|
|t:|1667261948
|move|p1a: Zapdos|Brave Bird|p2a: Ferrothorn
|-damage|p2a: Ferrothorn|0 fnt
|-damage|p1a: Zapdos|46/100|[from] ability: Iron Barbs|[of] p2a: Ferrothorn
|-damage|p1a: Zapdos|29/100|[from] item: Rocky Helmet|[of] p2a: Ferrothorn
|faint|p2a: Ferrothorn
|-damage|p1a: Zapdos|28/100|[from] Recoil
|
|upkeep
|
|t:|1667261956
|switch|p2a: Tapu Koko|Tapu Koko, shiny|100/100
|-fieldstart|move: Electric Terrain|[from] ability: Electric Surge|[of] p2a: Tapu Koko
|turn|8
|
|t:|1667261960
|switch|p1a: Zeraora|Zeraora|78/100
|move|p2a: Tapu Koko|U-turn|p1a: Zeraora
|-damage|p1a: Zeraora|54/100
|j| CodenameUg
|
|t:|1667261964
|switch|p2a: Nidoking|Nidoking, M|100/100|[from]move: U-turn
|
|upkeep
|turn|9
|inactive|MetalBendZen has 270 seconds left.
|
|t:|1667261984
|move|p1a: Zeraora|Knock Off|p2a: Nidoking
|-damage|p2a: Nidoking|59/100
|-enditem|p2a: Nidoking|Life Orb|[from] move: Knock Off|[of] p1a: Zeraora
|move|p2a: Nidoking|Sludge Wave|p1a: Zeraora
|-damage|p1a: Zeraora|0 fnt
|faint|p1a: Zeraora
|
|upkeep
|inactive|MetalBendZen has 240 seconds left.
|
|t:|1667262010
|switch|p1a: Volcarona|Volcarona, M|100/100
|turn|10
|inactive|MetalBendZen has 240 seconds left.
|
|t:|1667262022
|switch|p2a: Swampert|Swampert, M|100/100
|move|p1a: Volcarona|Quiver Dance|p1a: Volcarona
|-boost|p1a: Volcarona|spa|1
|-boost|p1a: Volcarona|spd|1
|-boost|p1a: Volcarona|spe|1
|
|upkeep
|turn|11
|
|t:|1667262024
|move|p1a: Volcarona|Giga Drain|p2a: Swampert
|-supereffective|p2a: Swampert
|-damage|p2a: Swampert|0 fnt
|faint|p2a: Swampert
|
|upkeep
|
|t:|1667262026
|switch|p2a: Urshifu|Urshifu-Rapid-Strike, F|100/100
|turn|12
|
|t:|1667262032
|switch|p1a: Rillaboom|Rillaboom, M|78/100
|-fieldstart|move: Grassy Terrain|[from] ability: Grassy Surge|[of] p1a: Rillaboom
|move|p2a: Urshifu|Aqua Jet|p1a: Rillaboom
|-resisted|p1a: Rillaboom
|-damage|p1a: Rillaboom|59/100
|
|-heal|p1a: Rillaboom|66/100|[from] Grassy Terrain
|upkeep
|turn|13
|
|t:|1667262048
|switch|p2a: Corviknight|Corviknight, M|100/100
|move|p1a: Rillaboom|U-turn|p2a: Corviknight
|-resisted|p2a: Corviknight
|-damage|p2a: Corviknight|93/100
|
|t:|1667262051
|switch|p1a: Volcarona|Volcarona, M|100/100|[from]move: U-turn
|
|-heal|p2a: Corviknight|99/100|[from] item: Leftovers
|upkeep
|turn|14
|inactive|MetalBendZen has 240 seconds left.
|
|t:|1667262091
|switch|p2a: Urshifu|Urshifu-Rapid-Strike, F|100/100
|move|p1a: Volcarona|Fiery Dance|p2a: Urshifu
|-resisted|p2a: Urshifu
|-damage|p2a: Urshifu|66/100
|
|-heal|p2a: Urshifu|72/100|[from] Grassy Terrain
|upkeep
|turn|15
|inactive|MetalBendZen has 240 seconds left.
|
|t:|1667262102
|move|p2a: Urshifu|Aqua Jet|p1a: Volcarona
|-supereffective|p1a: Volcarona
|-damage|p1a: Volcarona|8/100
|move|p1a: Volcarona|Giga Drain|p2a: Urshifu
|-supereffective|p2a: Urshifu
|-damage|p2a: Urshifu|0 fnt
|-heal|p1a: Volcarona|47/100|[from] drain|[of] p2a: Urshifu
|faint|p2a: Urshifu
|
|-heal|p1a: Volcarona|54/100|[from] Grassy Terrain
|upkeep
|
|t:|1667262105
|switch|p2a: Tapu Koko|Tapu Koko, shiny|100/100
|-fieldstart|move: Electric Terrain|[from] ability: Electric Surge|[of] p2a: Tapu Koko
|turn|16
|c| CodenameUg|Holy shit
|inactive|MetalBendZen has 240 seconds left.
|c| CodenameUg|Comeback of the century this could be
|
|t:|1667262123
|switch|p1a: Primarina|Primarina, F|22/100
|move|p2a: Tapu Koko|Thunderbolt|p1a: Primarina
|-supereffective|p1a: Primarina
|-damage|p1a: Primarina|0 fnt
|faint|p1a: Primarina
|
|upkeep
|c| CodenameUg|Focus up zen!
|
|t:|1667262127
|switch|p1a: Rillaboom|Rillaboom, M|66/100
|-fieldstart|move: Grassy Terrain|[from] ability: Grassy Surge|[of] p1a: Rillaboom
|turn|17
|inactive|MetalBendZen has 240 seconds left.
|
|t:|1667262137
|switch|p2a: Nidoking|Nidoking, M|59/100
|move|p1a: Rillaboom|Knock Off|p2a: Nidoking
|-damage|p2a: Nidoking|12/100
|
|-heal|p2a: Nidoking|18/100|[from] Grassy Terrain
|-heal|p1a: Rillaboom|72/100|[from] Grassy Terrain
|upkeep
|turn|18
|inactive|MetalBendZen has 240 seconds left.
|inactive|MetalBendZen has 210 seconds left.
|
|t:|1667262184
|switch|p1a: Zapdos|Zapdos-Galar|28/100
|switch|p2a: Corviknight|Corviknight, M|99/100
|
|-heal|p2a: Corviknight|100/100|[from] item: Leftovers
|upkeep
|turn|19
|inactive|MetalBendZen has 210 seconds left.
|
|t:|1667262191
|switch|p2a: Nidoking|Nidoking, M|18/100
|move|p1a: Zapdos|Close Combat|p2a: Nidoking
|-resisted|p2a: Nidoking
|-damage|p2a: Nidoking|0 fnt
|-unboost|p1a: Zapdos|def|1
|-unboost|p1a: Zapdos|spd|1
|faint|p2a: Nidoking
|
|upkeep
|
|t:|1667262193
|switch|p2a: Tapu Koko|Tapu Koko, shiny|100/100
|-fieldstart|move: Electric Terrain|[from] ability: Electric Surge|[of] p2a: Tapu Koko
|turn|20
|
|t:|1667262195
|switch|p1a: Rillaboom|Rillaboom, M|72/100
|-fieldstart|move: Grassy Terrain|[from] ability: Grassy Surge|[of] p1a: Rillaboom
|move|p2a: Tapu Koko|Thunderbolt|p1a: Rillaboom
|-resisted|p1a: Rillaboom
|-damage|p1a: Rillaboom|45/100
|
|-heal|p1a: Rillaboom|52/100|[from] Grassy Terrain
|upkeep
|turn|21
|
|t:|1667262213
|switch|p2a: Corviknight|Corviknight, M|100/100
|move|p1a: Rillaboom|Grassy Glide|p2a: Corviknight
|-resisted|p2a: Corviknight
|-damage|p2a: Corviknight|88/100
|
|-heal|p1a: Rillaboom|58/100|[from] Grassy Terrain
|-heal|p2a: Corviknight|94/100|[from] item: Leftovers
|upkeep
|turn|22
|
|t:|1667262221
|switch|p1a: Zapdos|Zapdos-Galar|28/100
|move|p2a: Corviknight|Brave Bird|p1a: Zapdos
|-supereffective|p1a: Zapdos
|-damage|p1a: Zapdos|0 fnt
|faint|p1a: Zapdos
|-damage|p2a: Corviknight|87/100|[from] Recoil
|
|-heal|p2a: Corviknight|93/100|[from] item: Leftovers
|upkeep
|inactive|MetalBendZen has 210 seconds left.
|
|t:|1667262257
|switch|p1a: Volcarona|Volcarona, M|54/100
|turn|23
|
|t:|1667262264
|switch|p2a: Tapu Koko|Tapu Koko, shiny|100/100
|-fieldstart|move: Electric Terrain|[from] ability: Electric Surge|[of] p2a: Tapu Koko
|move|p1a: Volcarona|Fiery Dance|p2a: Tapu Koko
|-damage|p2a: Tapu Koko|30/100
|
|upkeep
|turn|24
|
|t:|1667262278
|move|p2a: Tapu Koko|U-turn|p1a: Volcarona
|-resisted|p1a: Volcarona
|-damage|p1a: Volcarona|40/100
|
|t:|1667262281
|switch|p2a: Corviknight|Corviknight, M|93/100|[from]move: U-turn
|move|p1a: Volcarona|Quiver Dance|p1a: Volcarona
|-boost|p1a: Volcarona|spa|1
|-boost|p1a: Volcarona|spd|1
|-boost|p1a: Volcarona|spe|1
|
|-heal|p2a: Corviknight|99/100|[from] item: Leftovers
|upkeep
|turn|25
|
|t:|1667262285
|move|p1a: Volcarona|Fiery Dance|p2a: Corviknight
|-supereffective|p2a: Corviknight
|-damage|p2a: Corviknight|0 fnt
|-boost|p1a: Volcarona|spa|1
|faint|p2a: Corviknight
|
|upkeep
|c|☆misplayin|fkkk
|
|t:|1667262289
|switch|p2a: Tapu Koko|Tapu Koko, shiny|30/100
|turn|26
|c|☆MetalBendZen|???
|
|t:|1667262292
|move|p2a: Tapu Koko|Thunderbolt|p1a: Volcarona
|-damage|p1a: Volcarona|3/100
|move|p1a: Volcarona|Fiery Dance|p2a: Tapu Koko
|-crit|p2a: Tapu Koko
|-damage|p2a: Tapu Koko|0 fnt
|faint|p2a: Tapu Koko
|
|win|MetalBendZen
|c|☆MetalBendZen|ggs
|c|☆misplayin|gg
