|j|☆beastyj157
|j|☆kerorek
|t:|1640334519
|gametype|singles
|player|p1|beastyj157|veteran|1542
|player|p2|kerorek|lass-gen4dp|1571
|teamsize|p1|6
|teamsize|p2|6
|gen|8
|tier|[Gen 8] OU
|rated|
|rule|Sleep Clause Mod: Limit one foe put to sleep
|rule|Species Clause: Limit one of each Pokémon
|rule|OHKO Clause: OHKO moves are banned
|rule|Evasion Moves Clause: Evasion moves are banned
|rule|Endless Battle Clause: Forcing endless battles is banned
|rule|HP Percentage Mod: HP is shown in percentages
|rule|Dynamax Clause: You cannot dynamax
|clearpoke
|poke|p1|Weavile, F|
|poke|p1|Dragapult, F|
|poke|p1|Landorus-Therian, M|
|poke|p1|Heatran, F|
|poke|p1|Ferrothorn, M|
|poke|p1|Zapdos|
|poke|p2|Obstagoon, F|
|poke|p2|Jellicent, M|
|poke|p2|Coalossal, F|
|poke|p2|Vikavolt, M|
|poke|p2|Avalugg, F|
|poke|p2|Dugtrio, M|
|teampreview
|inactive|Battle timer is ON: inactive players will automatically lose when time's up. (requested by beastyj157)
|j| The Umnavigator
|
|t:|1640334540
|start
|switch|p1a: Lando|Landorus-Therian, M|100/100
|switch|p2a: Obstagoon|Obstagoon, F|100/100
|-ability|p1a: Lando|Intimidate|boost
|-unboost|p2a: Obstagoon|atk|1
|-ability|p2a: Obstagoon|Defiant
|-boost|p2a: Obstagoon|atk|2
|turn|1
|
|t:|1640334547
|move|p2a: Obstagoon|Ice Punch|p1a: Lando
|-supereffective|p1a: Lando
|-damage|p1a: Lando|0 fnt
|faint|p1a: Lando
|
|upkeep
|j| KFresh11
|j| Noir Z
|inactive|beastyj157 has 120 seconds left.
|
|t:|1640334584
|switch|p1a: Dpult|Dragapult, F|100/100
|turn|2
|
|t:|1640334587
|move|p2a: Obstagoon|Ice Punch|p1a: Dpult
|-supereffective|p1a: Dpult
|-damage|p1a: Dpult|14/100
|move|p1a: Dpult|Draco Meteor|p2a: Obstagoon
|-damage|p2a: Obstagoon|0 fnt
|-unboost|p1a: Dpult|spa|2
|faint|p2a: Obstagoon
|
|upkeep
|
|t:|1640334592
|switch|p2a: Coalossal|Coalossal, F, shiny|100/100
|turn|3
|
|t:|1640334599
|switch|p1a: Tran|Heatran, F|100/100
|move|p2a: Coalossal|Stealth Rock|p1a: Tran
|-sidestart|p1: beastyj157|move: Stealth Rock
|
|upkeep
|turn|4
|l| KFresh11
|
|t:|1640334605
|switch|p2a: Jellicent|Jellicent, M|100/100
|move|p1a: Tran|Earth Power|p2a: Jellicent
|-damage|p2a: Jellicent|77/100
|
|upkeep
|turn|5
|
|t:|1640334612
|move|p2a: Jellicent|Water Spout|p1a: Tran
|-supereffective|p1a: Tran
|-damage|p1a: Tran|3/100
|move|p1a: Tran|Toxic|p2a: Jellicent
|-status|p2a: Jellicent|tox
|
|-heal|p1a: Tran|9/100|[from] item: Leftovers
|-damage|p2a: Jellicent|71/100 tox|[from] psn
|upkeep
|turn|6
|c|☆beastyj157|Jesus
|
|t:|1640334625
|move|p2a: Jellicent|Water Spout|p1a: Tran
|-supereffective|p1a: Tran
|-damage|p1a: Tran|0 fnt
|faint|p1a: Tran
|
|-damage|p2a: Jellicent|59/100 tox|[from] psn
|upkeep
|
|t:|1640334626
|switch|p1a: Ferro|Ferrothorn, M|100/100
|-damage|p1a: Ferro|94/100|[from] Stealth Rock
|turn|7
|
|t:|1640334647
|switch|p2a: Coalossal|Coalossal, F, shiny|100/100
|move|p1a: Ferro|Knock Off|p2a: Coalossal
|-damage|p2a: Coalossal|87/100
|-enditem|p2a: Coalossal|Heavy-Duty Boots|[from] move: Knock Off|[of] p1a: Ferro
|
|-heal|p1a: Ferro|100/100|[from] item: Leftovers
|upkeep
|turn|8
|j| Noob 0_o
|
|t:|1640334656
|switch|p1a: Zappy|Zapdos|100/100
|move|p2a: Coalossal|Heat Crash|p1a: Zappy
|-damage|p1a: Zappy|72/100
|-status|p2a: Coalossal|par|[from] ability: Static|[of] p1a: Zappy
|
|upkeep
|turn|9
|
|t:|1640334664
|move|p1a: Zappy|Discharge|p2a: Coalossal
|-damage|p2a: Coalossal|68/100 par
|move|p2a: Coalossal|Rock Blast|p1a: Zappy
|-supereffective|p1a: Zappy
|-damage|p1a: Zappy|61/100
|-supereffective|p1a: Zappy
|-crit|p1a: Zappy
|-damage|p1a: Zappy|42/100
|-supereffective|p1a: Zappy
|-damage|p1a: Zappy|31/100
|-hitcount|p1a: Zappy|3
|
|upkeep
|turn|10
|
|t:|1640334670
|switch|p2a: Dugtrio|Dugtrio, M|100/100
|move|p1a: Zappy|Roost|p1a: Zappy
|-heal|p1a: Zappy|81/100
|-singleturn|p1a: Zappy|move: Roost
|
|upkeep
|turn|11
|
|t:|1640334675
|move|p2a: Dugtrio|Stone Edge|p1a: Zappy
|-supereffective|p1a: Zappy
|-damage|p1a: Zappy|6/100
|move|p1a: Zappy|Hurricane|p2a: Dugtrio|[miss]
|-miss|p1a: Zappy|p2a: Dugtrio
|
|upkeep
|turn|12
|
|t:|1640334683
|switch|p1a: Ferro|Ferrothorn, M|100/100
|-damage|p1a: Ferro|94/100|[from] Stealth Rock
|move|p2a: Dugtrio|Stone Edge|p1a: Ferro
|-resisted|p1a: Ferro
|-damage|p1a: Ferro|79/100
|
|-heal|p1a: Ferro|86/100|[from] item: Leftovers
|upkeep
|turn|13
|
|t:|1640334687
|switch|p2a: Vikavolt|Vikavolt, M|100/100
|move|p1a: Ferro|Gyro Ball|p2a: Vikavolt
|-resisted|p2a: Vikavolt
|-damage|p2a: Vikavolt|92/100
|-damage|p1a: Ferro|69/100|[from] item: Rocky Helmet|[of] p2a: Vikavolt
|
|-heal|p1a: Ferro|75/100|[from] item: Leftovers
|upkeep
|turn|14
|
|t:|1640334692
|move|p2a: Vikavolt|Volt Switch|p1a: Ferro
|-resisted|p1a: Ferro
|-damage|p1a: Ferro|60/100
|
|t:|1640334695
|switch|p2a: Coalossal|Coalossal, F, shiny|68/100 par|[from]move: Volt Switch
|move|p1a: Ferro|Knock Off|p2a: Coalossal
|-damage|p2a: Coalossal|57/100 par
|
|-heal|p1a: Ferro|67/100|[from] item: Leftovers
|upkeep
|turn|15
|
|t:|1640334704
|switch|p1a: Zappy|Zapdos|6/100
|cant|p2a: Coalossal|par
|
|upkeep
|turn|16
|
|t:|1640334709
|switch|p2a: Dugtrio|Dugtrio, M|100/100
|move|p1a: Zappy|Roost|p1a: Zappy
|-heal|p1a: Zappy|56/100
|-singleturn|p1a: Zappy|move: Roost
|
|upkeep
|turn|17
|
|t:|1640334714
|switch|p1a: Ferro|Ferrothorn, M|67/100
|-damage|p1a: Ferro|60/100|[from] Stealth Rock
|move|p2a: Dugtrio|Earthquake|p1a: Ferro
|-damage|p1a: Ferro|19/100
|
|-heal|p1a: Ferro|25/100|[from] item: Leftovers
|upkeep
|turn|18
|
|t:|1640334716
|move|p2a: Dugtrio|Earthquake|p1a: Ferro
|-damage|p1a: Ferro|0 fnt
|faint|p1a: Ferro
|
|upkeep
|
|t:|1640334719
|switch|p1a: Dpult|Dragapult, F|14/100
|-damage|p1a: Dpult|2/100|[from] Stealth Rock
|turn|19
|j| DaiDaiwo♫
|
|t:|1640334734
|switch|p2a: Jellicent|Jellicent, M|59/100 tox
|move|p1a: Dpult|Shadow Ball|p2a: Jellicent
|-supereffective|p2a: Jellicent
|-damage|p2a: Jellicent|0 fnt
|faint|p2a: Jellicent
|
|upkeep
|
|t:|1640334750
|switch|p2a: Coalossal|Coalossal, F, shiny|57/100 par
|turn|20
|j| nemuns
|
|t:|1640334768
|move|p1a: Dpult|Shadow Ball|p2a: Coalossal
|-damage|p2a: Coalossal|25/100 par
|move|p2a: Coalossal|Heat Crash|p1a: Dpult
|-resisted|p1a: Dpult
|-damage|p1a: Dpult|0 fnt
|faint|p1a: Dpult
|
|upkeep
|
|t:|1640334784
|switch|p1a: Zappy|Zapdos|56/100
|turn|21
|
|t:|1640334789
|switch|p2a: Vikavolt|Vikavolt, M|92/100
|move|p1a: Zappy|Roost|p1a: Zappy
|-heal|p1a: Zappy|100/100
|-singleturn|p1a: Zappy|move: Roost
|
|upkeep
|turn|22
|
|t:|1640334798
|move|p1a: Zappy|Hurricane|p2a: Vikavolt
|-damage|p2a: Vikavolt|34/100
|move|p2a: Vikavolt|Thunderbolt|p1a: Zappy
|-damage|p1a: Zappy|62/100
|
|upkeep
|turn|23
|
|t:|1640334804
|move|p1a: Zappy|Hurricane|p2a: Vikavolt
|-damage|p2a: Vikavolt|0 fnt
|faint|p2a: Vikavolt
|
|upkeep
|
|t:|1640334807
|switch|p2a: Dugtrio|Dugtrio, M|100/100
|turn|24
|
|t:|1640334816
|move|p2a: Dugtrio|Stone Edge|p1a: Zappy
|-supereffective|p1a: Zappy
|-damage|p1a: Zappy|0 fnt
|faint|p1a: Zappy
|
|upkeep
|
|t:|1640334819
|switch|p1a: Calamity|Weavile, F|100/100
|-ability|p1a: Calamity|Pressure
|turn|25
|
|t:|1640334829
|move|p1a: Calamity|Triple Axel|p2a: Dugtrio
|-supereffective|p2a: Dugtrio
|-damage|p2a: Dugtrio|47/100
|-supereffective|p2a: Dugtrio
|-damage|p2a: Dugtrio|0 fnt
|faint|p2a: Dugtrio
|-hitcount|p2: Dugtrio|2
|
|upkeep
|
|t:|1640334832
|switch|p2a: Avalugg|Avalugg, F|100/100
|turn|26
|l| DaiDaiwo♫
|
|t:|1640334835
|move|p1a: Calamity|Swords Dance|p1a: Calamity
|-boost|p1a: Calamity|atk|2
|move|p2a: Avalugg|Body Press|p1a: Calamity
|-supereffective|p1a: Calamity
|-damage|p1a: Calamity|0 fnt
|faint|p1a: Calamity
|
|win|kerorek
|raw|beastyj157's rating: 1542 &rarr; <strong>1524</strong><br />(-18 for losing)
|raw|kerorek's rating: 1571 &rarr; <strong>1589</strong><br />(+18 for winning)
|c|☆beastyj157|Gg
|l| nemuns
|c|☆kerorek|gg
|l|☆beastyj157
|l| The Umnavigator
|l|☆kerorek
|l| Noir Z
