|j|☆groundt
|j|☆rhaegal77
|player|p1|groundt|winona-gen3|1606
|player|p2|rhaegal77|veteran|1641
|teamsize|p1|6
|teamsize|p2|6
|gametype|singles
|gen|8
|tier|[Gen 8] OU
|rated|
|rule|Sleep Clause Mod: Limit one foe put to sleep
|rule|Species Clause: Limit one of each Pokémon
|rule|OHKO Clause: OHKO moves are banned
|rule|Evasion Moves Clause: Evasion moves are banned
|rule|Endless Battle Clause: Forcing endless battles is banned
|rule|HP Percentage Mod: HP is shown in percentages
|clearpoke
|poke|p1|Reuniclus, M|
|poke|p1|Dracovish|
|poke|p1|Silvally-*|
|poke|p1|Dugtrio, F|
|poke|p1|Corviknight, F|
|poke|p1|Rotom-Wash|
|poke|p2|Clefable, M|
|poke|p2|Corviknight, M|
|poke|p2|Seismitoad, F|
|poke|p2|Hydreigon, M|
|poke|p2|Aegislash, M|
|poke|p2|Rotom-Heat|
|rule|Dynamax Clause: You cannot dynamax
|teampreview
|inactive|Battle timer is ON: inactive players will automatically lose when time's up. (requested by rhaegal77)
|
|start
|switch|p1a: Corviknight|Corviknight, F|100/100
|switch|p2a: Seismitoad|Seismitoad, F|100/100
|turn|1
|
|move|p2a: Seismitoad|Stealth Rock|p1a: Corviknight
|-sidestart|p1: groundt|move: Stealth Rock
|move|p1a: Corviknight|U-turn|p2a: Seismitoad
|-damage|p2a: Seismitoad|90/100
|
|switch|p1a: Rotom|Rotom-Wash|100/100|[from]move: U-turn
|-damage|p1a: Rotom|88/100|[from] Stealth Rock
|
|-heal|p1a: Rotom|94/100|[from] item: Leftovers
|-heal|p2a: Seismitoad|96/100|[from] item: Leftovers
|upkeep
|turn|2
|
|switch|p1a: Corviknight|Corviknight, F|100/100
|-damage|p1a: Corviknight|88/100|[from] Stealth Rock
|move|p2a: Seismitoad|Toxic|p1a: Corviknight
|-immune|p1a: Corviknight
|
|-heal|p2a: Seismitoad|100/100|[from] item: Leftovers
|-heal|p1a: Corviknight|94/100|[from] item: Leftovers
|upkeep
|turn|3
|
|move|p2a: Seismitoad|Scald|p1a: Corviknight
|-damage|p1a: Corviknight|77/100
|move|p1a: Corviknight|Defog|p2a: Seismitoad
|-unboost|p2a: Seismitoad|evasion|1
|-sideend|p1: groundt|Stealth Rock|[from] move: Defog|[of] p1a: Corviknight
|
|-heal|p1a: Corviknight|83/100|[from] item: Leftovers
|upkeep
|turn|4
|
|move|p2a: Seismitoad|Stealth Rock|p1a: Corviknight
|-sidestart|p1: groundt|move: Stealth Rock
|move|p1a: Corviknight|U-turn|p2a: Seismitoad
|-damage|p2a: Seismitoad|90/100
|
|switch|p1a: Rotom|Rotom-Wash|94/100|[from]move: U-turn
|-damage|p1a: Rotom|82/100|[from] Stealth Rock
|
|-heal|p1a: Rotom|88/100|[from] item: Leftovers
|-heal|p2a: Seismitoad|96/100|[from] item: Leftovers
|upkeep
|turn|5
|
|switch|p1a: Corviknight|Corviknight, F|83/100
|-damage|p1a: Corviknight|71/100|[from] Stealth Rock
|move|p2a: Seismitoad|Scald|p1a: Corviknight
|-damage|p1a: Corviknight|51/100
|
|-heal|p2a: Seismitoad|100/100|[from] item: Leftovers
|-heal|p1a: Corviknight|57/100|[from] item: Leftovers
|upkeep
|turn|6
|
|move|p2a: Seismitoad|Scald|p1a: Corviknight
|-damage|p1a: Corviknight|39/100
|move|p1a: Corviknight|Defog|p2a: Seismitoad
|-unboost|p2a: Seismitoad|evasion|1
|-sideend|p1: groundt|Stealth Rock|[from] move: Defog|[of] p1a: Corviknight
|
|-heal|p1a: Corviknight|45/100|[from] item: Leftovers
|upkeep
|turn|7
|
|move|p2a: Seismitoad|Scald|p1a: Corviknight
|-damage|p1a: Corviknight|25/100
|move|p1a: Corviknight|Roost|p1a: Corviknight
|-heal|p1a: Corviknight|75/100
|-singleturn|p1a: Corviknight|move: Roost
|
|-heal|p1a: Corviknight|82/100|[from] item: Leftovers
|upkeep
|turn|8
|
|switch|p1a: Rotom|Rotom-Wash|88/100
|move|p2a: Seismitoad|Stealth Rock|p1a: Rotom
|-sidestart|p1: groundt|move: Stealth Rock
|
|-heal|p1a: Rotom|94/100|[from] item: Leftovers
|upkeep
|turn|9
|
|move|p1a: Rotom|Substitute|p1a: Rotom
|-start|p1a: Rotom|Substitute
|-damage|p1a: Rotom|69/100
|move|p2a: Seismitoad|Scald|p1a: Rotom
|-resisted|p1a: Rotom
|-activate|p1a: Rotom|move: Substitute|[damage]
|
|-heal|p1a: Rotom|75/100|[from] item: Leftovers
|upkeep
|turn|10
|
|move|p2a: Seismitoad|Protect|p2a: Seismitoad
|-singleturn|p2a: Seismitoad|Protect
|move|p1a: Rotom|Nasty Plot|p1a: Rotom
|-boost|p1a: Rotom|spa|2
|
|-heal|p1a: Rotom|82/100|[from] item: Leftovers
|upkeep
|turn|11
|
|move|p1a: Rotom|Thunderbolt|p2a: Seismitoad
|-immune|p2a: Seismitoad
|move|p2a: Seismitoad|Scald|p1a: Rotom
|-resisted|p1a: Rotom
|-activate|p1a: Rotom|move: Substitute|[damage]
|
|-heal|p1a: Rotom|88/100|[from] item: Leftovers
|upkeep
|turn|12
|
|move|p1a: Rotom|Nasty Plot|p1a: Rotom
|-boost|p1a: Rotom|spa|2
|move|p2a: Seismitoad|Stealth Rock||[still]
|-fail|p2a: Seismitoad
|
|-heal|p1a: Rotom|94/100|[from] item: Leftovers
|upkeep
|turn|13
|
|move|p1a: Rotom|Nasty Plot|p1a: Rotom
|-boost|p1a: Rotom|spa|2
|move|p2a: Seismitoad|Stealth Rock||[still]
|-fail|p2a: Seismitoad
|
|-heal|p1a: Rotom|100/100|[from] item: Leftovers
|upkeep
|turn|14
|
|move|p2a: Seismitoad|Protect|p2a: Seismitoad
|-singleturn|p2a: Seismitoad|Protect
|move|p1a: Rotom|Thunderbolt|p2a: Seismitoad
|-activate|p2a: Seismitoad|move: Protect
|
|upkeep
|turn|15
|
|move|p1a: Rotom|Thunderbolt|p2a: Seismitoad
|-immune|p2a: Seismitoad
|move|p2a: Seismitoad|Toxic||[still]
|-fail|p2a: Seismitoad
|
|upkeep
|turn|16
|
|move|p1a: Rotom|Dark Pulse|p2a: Seismitoad
|-damage|p2a: Seismitoad|27/100
|move|p2a: Seismitoad|Toxic||[still]
|-fail|p2a: Seismitoad
|
|-heal|p2a: Seismitoad|33/100|[from] item: Leftovers
|upkeep
|turn|17
|
|move|p1a: Rotom|Thunderbolt|p2a: Seismitoad
|-immune|p2a: Seismitoad
|move|p2a: Seismitoad|Scald|p1a: Rotom
|-resisted|p1a: Rotom
|-end|p1a: Rotom|Substitute
|
|-heal|p2a: Seismitoad|39/100|[from] item: Leftovers
|upkeep
|turn|18
|
|switch|p2a: Hydreigon|Hydreigon, M|100/100
|move|p1a: Rotom|Substitute|p1a: Rotom
|-start|p1a: Rotom|Substitute
|-damage|p1a: Rotom|75/100
|
|-heal|p1a: Rotom|82/100|[from] item: Leftovers
|upkeep
|turn|19
|
|move|p2a: Hydreigon|Dark Pulse|p1a: Rotom
|-end|p1a: Rotom|Substitute
|move|p1a: Rotom|Thunderbolt|p2a: Hydreigon
|-resisted|p2a: Hydreigon
|-damage|p2a: Hydreigon|27/100
|
|-heal|p1a: Rotom|88/100|[from] item: Leftovers
|upkeep
|turn|20
|
|move|p2a: Hydreigon|Dark Pulse|p1a: Rotom
|-damage|p1a: Rotom|49/100
|move|p1a: Rotom|Thunderbolt|p2a: Hydreigon
|-resisted|p2a: Hydreigon
|-damage|p2a: Hydreigon|0 fnt
|faint|p2a: Hydreigon
|
|-heal|p1a: Rotom|55/100|[from] item: Leftovers
|upkeep
|
|switch|p2a: Aegislash|Aegislash, M|100/100
|turn|21
|
|move|p1a: Rotom|Dark Pulse|p2a: Aegislash
|-supereffective|p2a: Aegislash
|-damage|p2a: Aegislash|0 fnt
|faint|p2a: Aegislash
|
|-heal|p1a: Rotom|62/100|[from] item: Leftovers
|upkeep
|-message|rhaegal77 forfeited.
|
|win|groundt
|l|☆rhaegal77
|raw|groundt's rating: 1593 &rarr; <strong>1616</strong><br />(+23 for winning)
|raw|rhaegal77's rating: 1641 &rarr; <strong>1619</strong><br />(-22 for losing)
|j|☆rhaegal77
|player|p2|rhaegal77|veteran
|l|☆rhaegal77
|player|p2|
|player|p1|groundt|winona-gen3
