|j|☆GGeorgie
|j|☆LECH24
|t:|1658557851
|gametype|singles
|player|p1|GGeorgie|hiker-gen2|1797
|player|p2|LECH24|102|1757
|teamsize|p1|6
|teamsize|p2|6
|gen|8
|tier|[Gen 8] OU
|rated|
|rule|Sleep Clause Mod: Limit one foe put to sleep
|rule|Species Clause: Limit one of each Pokémon
|rule|OHKO Clause: OHKO moves are banned
|rule|Evasion Moves Clause: Evasion moves are banned
|rule|Endless Battle Clause: Forcing endless battles is banned
|rule|HP Percentage Mod: HP is shown in percentages
|rule|Dynamax Clause: You cannot dynamax
|clearpoke
|poke|p1|Rotom-Wash|
|poke|p1|Tyranitar, M|
|poke|p1|Excadrill, M|
|poke|p1|Tangrowth, F|
|poke|p1|Mew|
|poke|p1|Melmetal|
|poke|p2|Clefable, M|
|poke|p2|Seismitoad, M|
|poke|p2|Mamoswine, F|
|poke|p2|Mandibuzz, F|
|poke|p2|Melmetal|
|poke|p2|Volcarona, F|
|teampreview
|inactive|Battle timer is ON: inactive players will automatically lose when time's up. (requested by GGeorgie)
|
|t:|1658557860
|start
|switch|p1a: Rotom|Rotom-Wash|100/100
|switch|p2a: Seismitoad|Seismitoad, M|100/100
|turn|1
|j| WhenUSmellThatZaza
|
|t:|1658557864
|switch|p1a: Mew|Mew|100/100
|move|p2a: Seismitoad|Knock Off|p1a: Mew
|-supereffective|p1a: Mew
|-damage|p1a: Mew|66/100
|-enditem|p1a: Mew|Heavy-Duty Boots|[from] move: Knock Off|[of] p2a: Seismitoad
|
|upkeep
|turn|2
|
|t:|1658557869
|move|p1a: Mew|Spikes|p2a: Seismitoad
|-sidestart|p2: LECH24|Spikes
|move|p2a: Seismitoad|Stealth Rock|p1a: Mew
|-sidestart|p1: GGeorgie|move: Stealth Rock
|
|upkeep
|turn|3
|
|t:|1658557877
|move|p1a: Mew|Knock Off|p2a: Seismitoad
|-damage|p2a: Seismitoad|80/100
|-enditem|p2a: Seismitoad|Leftovers|[from] move: Knock Off|[of] p1a: Mew
|move|p2a: Seismitoad|Knock Off|p1a: Mew
|-supereffective|p1a: Mew
|-damage|p1a: Mew|43/100
|
|upkeep
|turn|4
|j| LordDarkSkin
|
|t:|1658557881
|move|p1a: Mew|Roost|p1a: Mew
|-heal|p1a: Mew|93/100
|-singleturn|p1a: Mew|move: Roost
|move|p2a: Seismitoad|Scald|p1a: Mew
|-damage|p1a: Mew|74/100
|
|upkeep
|turn|5
|j| wokhxrt
|
|t:|1658557900
|switch|p2a: Mandibuzz|Mandibuzz, F|100/100
|move|p1a: Mew|Spikes|p2a: Mandibuzz
|-sidestart|p2: LECH24|Spikes
|
|upkeep
|turn|6
|
|t:|1658557904
|move|p1a: Mew|Thunder Wave|p2a: Mandibuzz|[miss]
|-miss|p1a: Mew|p2a: Mandibuzz
|move|p2a: Mandibuzz|Foul Play|p1a: Mew
|-supereffective|p1a: Mew
|-damage|p1a: Mew|19/100
|
|upkeep
|turn|7
|
|t:|1658557911
|switch|p1a: Rotom|Rotom-Wash|100/100
|-damage|p1a: Rotom|88/100|[from] Stealth Rock
|move|p2a: Mandibuzz|Defog|p1a: Rotom
|-unboost|p1a: Rotom|evasion|1
|-sideend|p1: GGeorgie|Stealth Rock|[from] move: Defog|[of] p2a: Mandibuzz
|-sideend|p2: LECH24|Spikes|[from] move: Defog|[of] p2a: Mandibuzz
|
|upkeep
|turn|8
|
|t:|1658557916
|switch|p2a: Seismitoad|Seismitoad, M|80/100
|move|p1a: Rotom|Thunderbolt|p2a: Seismitoad
|-immune|p2a: Seismitoad
|
|upkeep
|turn|9
|
|t:|1658557920
|switch|p1a: Mew|Mew|19/100
|move|p2a: Seismitoad|Stealth Rock|p1a: Mew
|-sidestart|p1: GGeorgie|move: Stealth Rock
|
|upkeep
|turn|10
|j| Large_Rodent
|
|t:|1658557924
|move|p1a: Mew|Roost|p1a: Mew
|-heal|p1a: Mew|69/100
|-singleturn|p1a: Mew|move: Roost
|move|p2a: Seismitoad|Knock Off|p1a: Mew
|-supereffective|p1a: Mew
|-damage|p1a: Mew|44/100
|
|upkeep
|turn|11
|
|t:|1658557931
|switch|p2a: Mandibuzz|Mandibuzz, F|100/100
|move|p1a: Mew|Spikes|p2a: Mandibuzz
|-sidestart|p2: LECH24|Spikes
|
|upkeep
|turn|12
|
|t:|1658557934
|switch|p1a: Tangrowth|Tangrowth, F|100/100
|-damage|p1a: Tangrowth|88/100|[from] Stealth Rock
|move|p2a: Mandibuzz|Foul Play|p1a: Tangrowth
|-damage|p1a: Tangrowth|73/100
|-enditem|p1a: Tangrowth|Eject Button
|
|t:|1658557935
|switch|p1a: Rotom|Rotom-Wash|88/100
|-damage|p1a: Rotom|76/100|[from] Stealth Rock
|
|upkeep
|turn|13
|
|t:|1658557942
|move|p1a: Rotom|Thunderbolt|p2a: Mandibuzz
|-supereffective|p2a: Mandibuzz
|-damage|p2a: Mandibuzz|38/100
|move|p2a: Mandibuzz|Defog|p1a: Rotom
|-unboost|p1a: Rotom|evasion|1
|-sideend|p1: GGeorgie|Stealth Rock|[from] move: Defog|[of] p2a: Mandibuzz
|-sideend|p2: LECH24|Spikes|[from] move: Defog|[of] p2a: Mandibuzz
|
|upkeep
|turn|14
|
|t:|1658557946
|switch|p2a: Seismitoad|Seismitoad, M|80/100
|move|p1a: Rotom|Volt Switch|p2a: Seismitoad
|-immune|p2a: Seismitoad
|
|upkeep
|turn|15
|
|t:|1658557952
|switch|p2a: Mandibuzz|Mandibuzz, F|38/100
|move|p1a: Rotom|Thunderbolt|p2a: Mandibuzz
|-supereffective|p2a: Mandibuzz
|-damage|p2a: Mandibuzz|0 fnt
|faint|p2a: Mandibuzz
|
|upkeep
|
|t:|1658557960
|switch|p2a: Seismitoad|Seismitoad, M|80/100
|turn|16
|j| udm
|
|t:|1658557966
|switch|p1a: Mew|Mew|44/100
|move|p2a: Seismitoad|Stealth Rock|p1a: Mew
|-sidestart|p1: GGeorgie|move: Stealth Rock
|
|upkeep
|turn|17
|
|t:|1658557969
|switch|p2a: Mamoswine|Mamoswine, F|100/100
|move|p1a: Mew|Spikes|p2a: Mamoswine
|-sidestart|p2: LECH24|Spikes
|
|upkeep
|turn|18
|
|t:|1658557973
|switch|p1a: Rotom|Rotom-Wash|76/100
|-damage|p1a: Rotom|63/100|[from] Stealth Rock
|move|p2a: Mamoswine|Icicle Crash|p1a: Rotom
|-resisted|p1a: Rotom
|-damage|p1a: Rotom|10/100
|
|upkeep
|turn|19
|j| Nrkjr45
|
|t:|1658557982
|switch|p2a: Seismitoad|Seismitoad, M|80/100
|-damage|p2a: Seismitoad|67/100|[from] Spikes
|move|p1a: Rotom|Pain Split|p2a: Seismitoad
|-sethp|p2a: Seismitoad|37/100|[from] move: Pain Split|[silent]
|-sethp|p1a: Rotom|63/100|[from] move: Pain Split
|
|upkeep
|turn|20
|
|t:|1658557993
|switch|p1a: Tangrowth|Tangrowth, F|100/100
|-damage|p1a: Tangrowth|88/100|[from] Stealth Rock
|switch|p2a: Mamoswine|Mamoswine, F|100/100
|-damage|p2a: Mamoswine|88/100|[from] Spikes
|
|upkeep
|turn|21
|
|t:|1658558000
|switch|p1a: Melmetal|Melmetal|100/100
|-damage|p1a: Melmetal|94/100|[from] Stealth Rock
|move|p2a: Mamoswine|Earthquake|p1a: Melmetal
|-supereffective|p1a: Melmetal
|-damage|p1a: Melmetal|0 fnt
|faint|p1a: Melmetal
|
|upkeep
|
|t:|1658558009
|switch|p1a: Excadrill|Excadrill, M|100/100
|-damage|p1a: Excadrill|97/100|[from] Stealth Rock
|turn|22
|
|t:|1658558028
|switch|p2a: Seismitoad|Seismitoad, M|37/100
|-damage|p2a: Seismitoad|24/100|[from] Spikes
|move|p1a: Excadrill|Earthquake|p2a: Seismitoad
|-damage|p2a: Seismitoad|0 fnt
|faint|p2a: Seismitoad
|
|-heal|p1a: Excadrill|100/100|[from] item: Leftovers
|upkeep
|
|t:|1658558034
|switch|p2a: Volcarona|Volcarona, F|100/100
|turn|23
|
|t:|1658558042
|switch|p2a: Mamoswine|Mamoswine, F|88/100
|-damage|p2a: Mamoswine|76/100|[from] Spikes
|switch|p1a: Tyranitar|Tyranitar, M|100/100
|-damage|p1a: Tyranitar|88/100|[from] Stealth Rock
|-weather|Sandstorm|[from] ability: Sand Stream|[of] p1a: Tyranitar
|
|-weather|Sandstorm|[upkeep]
|upkeep
|turn|24
|
|t:|1658558047
|switch|p1a: Mew|Mew|44/100
|-damage|p1a: Mew|32/100|[from] Stealth Rock
|move|p2a: Mamoswine|Icicle Crash|p1a: Mew
|-damage|p1a: Mew|0 fnt
|faint|p1a: Mew
|
|-weather|Sandstorm|[upkeep]
|upkeep
|
|t:|1658558049
|switch|p1a: Excadrill|Excadrill, M|100/100
|-damage|p1a: Excadrill|97/100|[from] Stealth Rock
|turn|25
|
|t:|1658558057
|move|p1a: Excadrill|Earthquake|p2a: Mamoswine
|-damage|p2a: Mamoswine|5/100
|move|p2a: Mamoswine|Icicle Crash|p1a: Excadrill
|-damage|p1a: Excadrill|0 fnt
|faint|p1a: Excadrill
|
|-weather|Sandstorm|[upkeep]
|upkeep
|j| Subarashi Konosuba
|
|t:|1658558061
|switch|p1a: Rotom|Rotom-Wash|63/100
|-damage|p1a: Rotom|50/100|[from] Stealth Rock
|turn|26
|
|t:|1658558069
|move|p1a: Rotom|Hydro Pump|p2a: Mamoswine
|-supereffective|p2a: Mamoswine
|-crit|p2a: Mamoswine
|-damage|p2a: Mamoswine|0 fnt
|faint|p2a: Mamoswine
|
|-weather|Sandstorm|[upkeep]
|-damage|p1a: Rotom|44/100|[from] Sandstorm
|upkeep
|
|t:|1658558078
|switch|p2a: Clefable|Clefable, M|100/100
|turn|27
|j| Hwhehehsh
|
|t:|1658558090
|move|p1a: Rotom|Volt Switch|p2a: Clefable
|-damage|p2a: Clefable|71/100
|
|t:|1658558091
|switch|p1a: Tyranitar|Tyranitar, M|88/100|[from]move: Volt Switch
|-damage|p1a: Tyranitar|76/100|[from] Stealth Rock
|move|p2a: Clefable|Calm Mind|p2a: Clefable
|-boost|p2a: Clefable|spa|1
|-boost|p2a: Clefable|spd|1
|
|-weather|none
|upkeep
|turn|28
|
|t:|1658558097
|switch|p2a: Melmetal|Melmetal|100/100
|-damage|p2a: Melmetal|88/100|[from] Spikes
|move|p1a: Tyranitar|Stone Edge|p2a: Melmetal
|-resisted|p2a: Melmetal
|-damage|p2a: Melmetal|69/100
|
|upkeep
|turn|29
|
|t:|1658558102
|switch|p1a: Tangrowth|Tangrowth, F|100/100
|-damage|p1a: Tangrowth|88/100|[from] Stealth Rock
|move|p2a: Melmetal|Double Iron Bash|p1a: Tangrowth
|-damage|p1a: Tangrowth|65/100
|-damage|p1a: Tangrowth|45/100
|-hitcount|p1a: Tangrowth|2
|
|upkeep
|turn|30
|
|t:|1658558111
|move|p1a: Tangrowth|Sleep Powder|p2a: Melmetal|[miss]
|-miss|p1a: Tangrowth|p2a: Melmetal
|move|p2a: Melmetal|Double Iron Bash|p1a: Tangrowth
|-damage|p1a: Tangrowth|23/100
|-damage|p1a: Tangrowth|2/100
|-hitcount|p1a: Tangrowth|2
|
|upkeep
|turn|31
|j| pokeaimfan96
|
|t:|1658558120
|switch|p2a: Volcarona|Volcarona, F|100/100
|move|p1a: Tangrowth|Sleep Powder|p2a: Volcarona
|-status|p2a: Volcarona|slp|[from] move: Sleep Powder
|
|upkeep
|turn|32
|
|t:|1658558132
|switch|p2a: Clefable|Clefable, M|71/100
|switch|p1a: Tyranitar|Tyranitar, M|76/100
|-damage|p1a: Tyranitar|64/100|[from] Stealth Rock
|-weather|Sandstorm|[from] ability: Sand Stream|[of] p1a: Tyranitar
|
|-weather|Sandstorm|[upkeep]
|upkeep
|turn|33
|
|t:|1658558141
|move|p1a: Tyranitar|Stone Edge|p2a: Clefable
|-damage|p2a: Clefable|20/100
|move|p2a: Clefable|Moonblast|p1a: Tyranitar
|-supereffective|p1a: Tyranitar
|-damage|p1a: Tyranitar|8/100
|
|-weather|Sandstorm|[upkeep]
|upkeep
|turn|34
|inactive|LECH24 has 120 seconds left.
|
|t:|1658558173
|move|p1a: Tyranitar|Earthquake|p2a: Clefable
|-damage|p2a: Clefable|0 fnt
|faint|p2a: Clefable
|
|-weather|Sandstorm|[upkeep]
|upkeep
|
|t:|1658558176
|switch|p2a: Melmetal|Melmetal|69/100
|-damage|p2a: Melmetal|57/100|[from] Spikes
|turn|35
|
|t:|1658558187
|move|p1a: Tyranitar|Earthquake|p2a: Melmetal
|-supereffective|p2a: Melmetal
|-damage|p2a: Melmetal|10/100
|move|p2a: Melmetal|Double Iron Bash|p1a: Tyranitar
|-supereffective|p1a: Tyranitar
|-damage|p1a: Tyranitar|0 fnt
|faint|p1a: Tyranitar
|-hitcount|p1: Tyranitar|1
|
|-weather|Sandstorm|[upkeep]
|upkeep
|
|t:|1658558189
|switch|p1a: Rotom|Rotom-Wash|44/100
|-damage|p1a: Rotom|32/100|[from] Stealth Rock
|turn|36
|
|t:|1658558194
|move|p1a: Rotom|Thunderbolt|p2a: Melmetal
|-damage|p2a: Melmetal|0 fnt
|faint|p2a: Melmetal
|
|-weather|none
|upkeep
|
|t:|1658558196
|switch|p2a: Volcarona|Volcarona, F|100/100 slp
|turn|37
|
|t:|1658558208
|move|p1a: Rotom|Hydro Pump|p2a: Volcarona
|-supereffective|p2a: Volcarona
|-damage|p2a: Volcarona|12/100 slp
|cant|p2a: Volcarona|slp
|
|upkeep
|turn|38
|
|t:|1658558212
|move|p1a: Rotom|Thunderbolt|p2a: Volcarona
|-damage|p2a: Volcarona|0 fnt
|faint|p2a: Volcarona
|
|win|GGeorgie
|raw|GGeorgie's rating: 1797 &rarr; <strong>1815</strong><br />(+18 for winning)
|raw|LECH24's rating: 1757 &rarr; <strong>1739</strong><br />(-18 for losing)
|l| udm
|c|☆LECH24|Gg
|l| LordDarkSkin
|l| wokhxrt
