|j|☆Roman2112
|j|☆Corumba
|t:|1641666101
|gametype|singles
|player|p1|Roman2112|ethan|1781
|player|p2|Corumba|1|1898
|teamsize|p1|6
|teamsize|p2|6
|gen|8
|tier|[Gen 8] OU
|rated|
|rule|Sleep Clause Mod: Limit one foe put to sleep
|rule|Species Clause: Limit one of each Pokémon
|rule|OHKO Clause: OHKO moves are banned
|rule|Evasion Moves Clause: Evasion moves are banned
|rule|Endless Battle Clause: Forcing endless battles is banned
|rule|HP Percentage Mod: HP is shown in percentages
|rule|Dynamax Clause: You cannot dynamax
|clearpoke
|poke|p1|Landorus-Therian, M|
|poke|p1|Slowbro, M|
|poke|p1|Tapu Koko|
|poke|p1|Ferrothorn, M|
|poke|p1|Latios, M|
|poke|p1|Kartana|
|poke|p2|Dragapult, F|
|poke|p2|Dragonite, M|
|poke|p2|Celesteela|
|poke|p2|Melmetal|
|poke|p2|Mamoswine, F|
|poke|p2|Ferrothorn, M|
|teampreview
|j| hsh3184
|inactive|Battle timer is ON: inactive players will automatically lose when time's up. (requested by Roman2112)
|
|t:|1641666129
|start
|switch|p1a: Gollum|Ferrothorn, M|100/100
|switch|p2a: Mamoswine|Mamoswine, F|100/100
|turn|1
|
|t:|1641666133
|switch|p2a: Ferrothorn|Ferrothorn, M|100/100
|move|p1a: Gollum|Stealth Rock|p2a: Ferrothorn
|-sidestart|p2: Corumba|move: Stealth Rock
|
|upkeep
|turn|2
|
|t:|1641666135
|move|p2a: Ferrothorn|Spikes|p1a: Gollum
|-sidestart|p1: Roman2112|Spikes
|move|p1a: Gollum|Body Press|p2a: Ferrothorn
|-supereffective|p2a: Ferrothorn
|-damage|p2a: Ferrothorn|57/100
|-damage|p1a: Gollum|88/100|[from] ability: Iron Barbs|[of] p2a: Ferrothorn
|
|-heal|p2a: Ferrothorn|63/100|[from] item: Leftovers
|upkeep
|turn|3
|
|t:|1641666137
|switch|p1a: Smaug|Latios, M, shiny|100/100
|move|p2a: Ferrothorn|Thunder Wave|p1a: Smaug
|-status|p1a: Smaug|par
|
|-heal|p2a: Ferrothorn|69/100|[from] item: Leftovers
|upkeep
|turn|4
|
|t:|1641666148
|switch|p2a: Mamoswine|Mamoswine, F|100/100
|move|p1a: Smaug|Mystical Fire|p2a: Mamoswine
|-supereffective|p2a: Mamoswine
|-damage|p2a: Mamoswine|53/100
|-unboost|p2a: Mamoswine|spa|1
|-damage|p1a: Smaug|91/100 par|[from] item: Life Orb
|
|upkeep
|turn|5
|
|t:|1641666154
|switch|p1a: Gollum|Ferrothorn, M|88/100
|-damage|p1a: Gollum|76/100|[from] Spikes
|move|p2a: Mamoswine|Stealth Rock|p1a: Gollum
|-sidestart|p1: Roman2112|move: Stealth Rock
|
|upkeep
|turn|6
|
|t:|1641666159
|switch|p2a: Ferrothorn|Ferrothorn, M|69/100
|-damage|p2a: Ferrothorn|63/100|[from] Stealth Rock
|move|p1a: Gollum|Body Press|p2a: Ferrothorn
|-supereffective|p2a: Ferrothorn
|-damage|p2a: Ferrothorn|15/100
|-damage|p1a: Gollum|64/100|[from] ability: Iron Barbs|[of] p2a: Ferrothorn
|
|-heal|p2a: Ferrothorn|21/100|[from] item: Leftovers
|upkeep
|turn|7
|
|t:|1641666162
|move|p2a: Ferrothorn|Spikes|p1a: Gollum
|-sidestart|p1: Roman2112|Spikes
|move|p1a: Gollum|Body Press|p2a: Ferrothorn
|-supereffective|p2a: Ferrothorn
|-damage|p2a: Ferrothorn|0 fnt
|-damage|p1a: Gollum|51/100|[from] ability: Iron Barbs|[of] p2a: Ferrothorn
|faint|p2a: Ferrothorn
|
|upkeep
|
|t:|1641666166
|switch|p2a: Dragapult|Dragapult, F|100/100
|turn|8
|
|t:|1641666169
|move|p2a: Dragapult|Flamethrower|p1a: Gollum
|-supereffective|p1a: Gollum
|-damage|p1a: Gollum|0 fnt
|faint|p1a: Gollum
|
|upkeep
|
|t:|1641666186
|switch|p1a: Legolas|Tapu Koko, shiny|100/100
|-fieldstart|move: Electric Terrain|[from] ability: Electric Surge|[of] p1a: Legolas
|turn|9
|
|t:|1641666196
|switch|p2a: Melmetal|Melmetal|100/100
|-damage|p2a: Melmetal|94/100|[from] Stealth Rock
|move|p1a: Legolas|Volt Switch|p2a: Melmetal
|-damage|p2a: Melmetal|51/100
|
|t:|1641666204
|switch|p1a: Smaug|Latios, M, shiny|91/100 par|[from]move: Volt Switch
|-damage|p1a: Smaug|78/100 par|[from] Stealth Rock
|
|upkeep
|turn|10
|
|t:|1641666212
|switch|p2a: Dragapult|Dragapult, F|100/100
|move|p1a: Smaug|Mystical Fire|p2a: Dragapult
|-resisted|p2a: Dragapult
|-damage|p2a: Dragapult|75/100
|-damage|p1a: Smaug|68/100 par|[from] item: Life Orb
|
|upkeep
|turn|11
|
|t:|1641666222
|move|p2a: Dragapult|Dragon Darts|p1a: Smaug
|-supereffective|p1a: Smaug
|-damage|p1a: Smaug|0 fnt
|faint|p1a: Smaug
|
|upkeep
|
|t:|1641666226
|switch|p1a: Legolas|Tapu Koko, shiny|100/100
|turn|12
|
|t:|1641666243
|switch|p2a: Melmetal|Melmetal|51/100
|-damage|p2a: Melmetal|45/100|[from] Stealth Rock
|move|p1a: Legolas|Dazzling Gleam|p2a: Melmetal
|-resisted|p2a: Melmetal
|-damage|p2a: Melmetal|26/100
|
|upkeep
|turn|13
|
|t:|1641666247
|move|p1a: Legolas|Volt Switch|p2a: Melmetal
|-damage|p2a: Melmetal|0 fnt
|faint|p2a: Melmetal
|
|t:|1641666263
|switch|p1a: Gimli|Landorus-Therian, M, shiny|100/100|[from]move: Volt Switch
|-damage|p1a: Gimli|88/100|[from] Stealth Rock
|
|-fieldend|move: Electric Terrain
|upkeep
|
|t:|1641666268
|switch|p2a: Celesteela|Celesteela|100/100
|-damage|p2a: Celesteela|88/100|[from] Stealth Rock
|turn|14
|
|t:|1641666273
|move|p1a: Gimli|Stone Edge|p2a: Celesteela
|-damage|p2a: Celesteela|50/100
|move|p2a: Celesteela|Autotomize|p2a: Celesteela
|-boost|p2a: Celesteela|spe|2
|-start|p2a: Celesteela|Autotomize
|
|upkeep
|turn|15
|
|t:|1641666279
|move|p2a: Celesteela|Meteor Beam||[still]
|-prepare|p2a: Celesteela|Meteor Beam
|-boost|p2a: Celesteela|spa|1
|-enditem|p2a: Celesteela|Power Herb
|-anim|p2a: Celesteela|Meteor Beam|p1a: Gimli
|-damage|p1a: Gimli|47/100
|move|p1a: Gimli|Stone Edge|p2a: Celesteela|[miss]
|-miss|p1a: Gimli|p2a: Celesteela
|
|upkeep
|turn|16
|
|t:|1641666289
|move|p2a: Celesteela|Air Slash|p1a: Gimli
|-damage|p1a: Gimli|11/100
|move|p1a: Gimli|Stone Edge|p2a: Celesteela
|-damage|p2a: Celesteela|12/100
|
|upkeep
|turn|17
|
|t:|1641666298
|move|p2a: Celesteela|Air Slash|p1a: Gimli
|-damage|p1a: Gimli|0 fnt
|faint|p1a: Gimli
|-ability|p2a: Celesteela|Beast Boost|boost
|-boost|p2a: Celesteela|spa|1
|
|upkeep
|j|+iron☂water ♫
|
|t:|1641666327
|switch|p1a: Stich|Kartana|100/100
|-damage|p1a: Stich|94/100|[from] Stealth Rock
|-damage|p1a: Stich|78/100|[from] Spikes
|turn|18
|
|t:|1641666333
|move|p1a: Stich|Knock Off|p2a: Celesteela
|-damage|p2a: Celesteela|0 fnt
|faint|p2a: Celesteela
|-ability|p1a: Stich|Beast Boost|boost
|-boost|p1a: Stich|atk|1
|
|upkeep
|
|t:|1641666337
|switch|p2a: Dragonite|Dragonite, M|100/100
|turn|19
|
|t:|1641666344
|switch|p1a: Sam|Slowbro, M|100/100
|-damage|p1a: Sam|84/100|[from] Spikes
|-damage|p1a: Sam|71/100|[from] Stealth Rock
|move|p2a: Dragonite|Thunder Wave|p1a: Sam
|-status|p1a: Sam|par
|
|-heal|p1a: Sam|78/100 par|[from] item: Leftovers
|upkeep
|turn|20
|
|t:|1641666350
|move|p2a: Dragonite|Earthquake|p1a: Sam
|-damage|p1a: Sam|56/100 par
|move|p1a: Sam|Yawn|p2a: Dragonite
|-start|p2a: Dragonite|move: Yawn|[of] p1a: Sam
|
|-heal|p1a: Sam|62/100 par|[from] item: Leftovers
|upkeep
|turn|21
|
|t:|1641666359
|switch|p2a: Dragapult|Dragapult, F|75/100
|move|p1a: Sam|Teleport|p1a: Sam
|
|t:|1641666363
|switch|p1a: Stich|Kartana|78/100|[from]move: Teleport
|-damage|p1a: Stich|61/100|[from] Spikes
|-damage|p1a: Stich|55/100|[from] Stealth Rock
|
|upkeep
|turn|22
|
|t:|1641666366
|switch|p2a: Dragonite|Dragonite, M|100/100
|move|p1a: Stich|Knock Off|p2a: Dragonite
|-crit|p2a: Dragonite
|-damage|p2a: Dragonite|72/100
|-enditem|p2a: Dragonite|Heavy-Duty Boots|[from] move: Knock Off|[of] p1a: Stich
|
|upkeep
|turn|23
|j| GoldenTTRex1
|
|t:|1641666376
|switch|p1a: Sam|Slowbro, M|96/100 par
|-damage|p1a: Sam|83/100 par|[from] Stealth Rock
|-damage|p1a: Sam|67/100 par|[from] Spikes
|move|p2a: Dragonite|Roost|p2a: Dragonite
|-heal|p2a: Dragonite|100/100
|-singleturn|p2a: Dragonite|move: Roost
|
|-heal|p1a: Sam|73/100 par|[from] item: Leftovers
|upkeep
|turn|24
|
|t:|1641666383
|move|p2a: Dragonite|Earthquake|p1a: Sam
|-damage|p1a: Sam|52/100 par
|cant|p1a: Sam|par
|
|-heal|p1a: Sam|58/100 par|[from] item: Leftovers
|upkeep
|turn|25
|
|t:|1641666386
|switch|p2a: Dragapult|Dragapult, F|75/100
|move|p1a: Sam|Yawn|p2a: Dragapult
|-start|p2a: Dragapult|move: Yawn|[of] p1a: Sam
|
|-heal|p1a: Sam|64/100 par|[from] item: Leftovers
|upkeep
|turn|26
|
|t:|1641666392
|switch|p2a: Dragonite|Dragonite, M|100/100
|-damage|p2a: Dragonite|76/100|[from] Stealth Rock
|cant|p1a: Sam|par
|
|-heal|p1a: Sam|70/100 par|[from] item: Leftovers
|upkeep
|turn|27
|
|t:|1641666395
|move|p2a: Dragonite|Earthquake|p1a: Sam
|-damage|p1a: Sam|49/100 par
|cant|p1a: Sam|par
|
|-heal|p1a: Sam|55/100 par|[from] item: Leftovers
|upkeep
|turn|28
|
|t:|1641666400
|move|p2a: Dragonite|Roost|p2a: Dragonite
|-heal|p2a: Dragonite|100/100
|-singleturn|p2a: Dragonite|move: Roost
|move|p1a: Sam|Yawn|p2a: Dragonite
|-start|p2a: Dragonite|move: Yawn|[of] p1a: Sam
|
|-heal|p1a: Sam|61/100 par|[from] item: Leftovers
|upkeep
|turn|29
|
|t:|1641666403
|move|p2a: Dragonite|Earthquake|p1a: Sam
|-damage|p1a: Sam|40/100 par
|cant|p1a: Sam|par
|
|-heal|p1a: Sam|46/100 par|[from] item: Leftovers
|-end|p2a: Dragonite|move: Yawn|[silent]
|-status|p2a: Dragonite|slp
|upkeep
|turn|30
|
|t:|1641666410
|cant|p2a: Dragonite|slp
|move|p1a: Sam|Teleport|p1a: Sam
|j| jakalex64
|
|t:|1641666413
|switch|p1a: Legolas|Tapu Koko, shiny|100/100|[from]move: Teleport
|-fieldstart|move: Electric Terrain|[from] ability: Electric Surge|[of] p1a: Legolas
|
|upkeep
|turn|31
|
|t:|1641666423
|move|p1a: Legolas|Dazzling Gleam|p2a: Dragonite
|-supereffective|p2a: Dragonite
|-damage|p2a: Dragonite|70/100 slp
|cant|p2a: Dragonite|slp
|
|upkeep
|turn|32
|j| Rage.Spam.Quit.
|inactive|Roman2112 has 120 seconds left.
|
|t:|1641666467
|move|p1a: Legolas|Volt Switch|p2a: Dragonite
|-damage|p2a: Dragonite|39/100 slp
|
|t:|1641666470
|switch|p1a: Sam|Slowbro, M|79/100 par|[from]move: Volt Switch
|-damage|p1a: Sam|63/100 par|[from] Spikes
|-damage|p1a: Sam|50/100 par|[from] Stealth Rock
|-curestatus|p2a: Dragonite|slp|[msg]
|move|p2a: Dragonite|Earthquake|p1a: Sam
|-damage|p1a: Sam|31/100 par
|
|-heal|p1a: Sam|37/100 par|[from] item: Leftovers
|upkeep
|turn|33
|
|t:|1641666480
|move|p2a: Dragonite|Roost|p2a: Dragonite
|-heal|p2a: Dragonite|89/100
|-singleturn|p2a: Dragonite|move: Roost
|move|p1a: Sam|Yawn|p2a: Dragonite
|-activate|p2a: Dragonite|move: Electric Terrain
|
|-heal|p1a: Sam|43/100 par|[from] item: Leftovers
|upkeep
|turn|34
|
|t:|1641666483
|switch|p2a: Dragapult|Dragapult, F|75/100
|move|p1a: Sam|Yawn|p2a: Dragapult
|-activate|p2a: Dragapult|move: Electric Terrain
|
|-heal|p1a: Sam|49/100 par|[from] item: Leftovers
|-fieldend|move: Electric Terrain
|upkeep
|turn|35
|
|t:|1641666492
|move|p2a: Dragapult|Phantom Force||[still]
|-prepare|p2a: Dragapult|Phantom Force
|move|p1a: Sam|Scald|p2a: Dragapult|[miss]
|-miss|p1a: Sam|p2a: Dragapult
|
|-heal|p1a: Sam|55/100 par|[from] item: Leftovers
|upkeep
|turn|36
|
|t:|1641666499
|move|p2a: Dragapult|Phantom Force|p1a: Sam|[from]lockedmove
|-supereffective|p1a: Sam
|-damage|p1a: Sam|0 fnt
|faint|p1a: Sam
|
|upkeep
|
|t:|1641666522
|switch|p1a: Legolas|Tapu Koko, shiny|100/100
|-fieldstart|move: Electric Terrain|[from] ability: Electric Surge|[of] p1a: Legolas
|turn|37
|
|t:|1641666537
|move|p1a: Legolas|Dazzling Gleam|p2a: Dragapult
|-supereffective|p2a: Dragapult
|-damage|p2a: Dragapult|0 fnt
|faint|p2a: Dragapult
|
|upkeep
|
|t:|1641666540
|switch|p2a: Mamoswine|Mamoswine, F|53/100
|turn|38
|inactive|Roman2112 has 120 seconds left.
|
|t:|1641666578
|move|p1a: Legolas|Dazzling Gleam|p2a: Mamoswine
|-damage|p2a: Mamoswine|1/100
|move|p2a: Mamoswine|Earthquake|p1a: Legolas
|-supereffective|p1a: Legolas
|-damage|p1a: Legolas|0 fnt
|faint|p1a: Legolas
|
|upkeep
|l| hsh3184
|j| hsh3184
|
|t:|1641666588
|switch|p1a: Stich|Kartana|55/100
|-damage|p1a: Stich|38/100|[from] Spikes
|-damage|p1a: Stich|32/100|[from] Stealth Rock
|turn|39
|
|t:|1641666593
|move|p2a: Mamoswine|Ice Shard|p1a: Stich
|-damage|p1a: Stich|7/100
|move|p1a: Stich|Smart Strike|p2a: Mamoswine
|-supereffective|p2a: Mamoswine
|-damage|p2a: Mamoswine|0 fnt
|faint|p2a: Mamoswine
|-ability|p1a: Stich|Beast Boost|boost
|-boost|p1a: Stich|atk|1
|
|upkeep
|
|t:|1641666597
|switch|p2a: Dragonite|Dragonite, M|89/100
|-damage|p2a: Dragonite|64/100|[from] Stealth Rock
|turn|40
|
|t:|1641666602
|move|p1a: Stich|Smart Strike|p2a: Dragonite
|-damage|p2a: Dragonite|6/100
|move|p2a: Dragonite|Earthquake|p1a: Stich
|-damage|p1a: Stich|0 fnt
|faint|p1a: Stich
|
|win|Corumba
|raw|Roman2112's rating: 1781 &rarr; <strong>1767</strong><br />(-14 for losing)
|raw|Corumba's rating: 1898 &rarr; <strong>1912</strong><br />(+14 for winning)
|l| GoldenTTRex1
|l| Rage.Spam.Quit.
|c|☆Corumba|yikes
