|j|☆rocky012
|j|☆friedfreak
|t:|1615743579
|player|p1|rocky012|1|1691
|player|p2|friedfreak|101|1808
|teamsize|p1|6
|teamsize|p2|6
|gametype|singles
|gen|8
|tier|[Gen 8] OU
|rated|
|clearpoke
|poke|p1|Magnezone|
|poke|p1|Tapu Koko|
|poke|p1|Landorus-Therian, M|
|poke|p1|Toxapex, F|
|poke|p1|Kartana|
|poke|p1|Blissey, F|
|poke|p2|Clefable, M|
|poke|p2|Nidoking, M|
|poke|p2|Ferrothorn, F|
|poke|p2|Tapu Koko|
|poke|p2|Mandibuzz, F|
|poke|p2|Urshifu-*, M|
|rule|Sleep Clause Mod: Limit one foe put to sleep
|rule|Species Clause: Limit one of each Pokémon
|rule|OHKO Clause: OHKO moves are banned
|rule|Evasion Moves Clause: Evasion moves are banned
|rule|Endless Battle Clause: Forcing endless battles is banned
|rule|HP Percentage Mod: HP is shown in percentages
|rule|Dynamax Clause: You cannot dynamax
|teampreview
|inactive|Battle timer is ON: inactive players will automatically lose when time's up. (requested by rocky012)
|
|t:|1615743605
|start
|switch|p1a: Tapu Koko|Tapu Koko|100/100
|switch|p2a: Tapu Koko|Tapu Koko|100/100
|-fieldstart|move: Electric Terrain|[from] ability: Electric Surge|[of] p1a: Tapu Koko
|turn|1
|
|t:|1615743614
|move|p2a: Tapu Koko|U-turn|p1a: Tapu Koko
|-resisted|p1a: Tapu Koko
|-damage|p1a: Tapu Koko|89/100
|j| Gary Oak Clone
|
|t:|1615743629
|switch|p2a: Nidoking|Nidoking, M|100/100|[from]move: U-turn
|move|p1a: Tapu Koko|U-turn|p2a: Nidoking
|-resisted|p2a: Nidoking
|-damage|p2a: Nidoking|89/100
|
|t:|1615743635
|switch|p1a: Blissey|Blissey, F|100/100|[from]move: U-turn
|
|upkeep
|turn|2
|j| OU make me yawn
|
|t:|1615743640
|move|p2a: Nidoking|Stealth Rock|p1a: Blissey
|-sidestart|p1: rocky012|move: Stealth Rock
|move|p1a: Blissey|Stealth Rock|p2a: Nidoking
|-sidestart|p2: friedfreak|move: Stealth Rock
|
|upkeep
|turn|3
|
|t:|1615743648
|move|p2a: Nidoking|Sludge Wave|p1a: Blissey
|-damage|p1a: Blissey|76/100
|move|p1a: Blissey|Teleport|p1a: Blissey
|
|t:|1615743661
|switch|p1a: Tapu Koko|Tapu Koko|89/100|[from]move: Teleport
|
|upkeep
|turn|4
|
|t:|1615743671
|move|p1a: Tapu Koko|U-turn|p2a: Nidoking
|-resisted|p2a: Nidoking
|-damage|p2a: Nidoking|77/100
|
|t:|1615743675
|switch|p1a: Blissey|Blissey, F|76/100|[from]move: U-turn
|move|p2a: Nidoking|Flamethrower|p1a: Blissey
|-damage|p1a: Blissey|61/100
|
|upkeep
|turn|5
|
|t:|1615743695
|switch|p2a: Urshifu|Urshifu-Rapid-Strike, M|100/100
|-damage|p2a: Urshifu|94/100|[from] Stealth Rock
|move|p1a: Blissey|Soft-Boiled|p1a: Blissey
|-heal|p1a: Blissey|100/100
|
|-fieldend|move: Electric Terrain
|upkeep
|turn|6
|
|t:|1615743702
|switch|p1a: Toxapex|Toxapex, F|100/100
|-damage|p1a: Toxapex|88/100|[from] Stealth Rock
|move|p2a: Urshifu|U-turn|p1a: Toxapex
|-resisted|p1a: Toxapex
|-damage|p1a: Toxapex|77/100
|-damage|p2a: Urshifu|78/100|[from] item: Rocky Helmet|[of] p1a: Toxapex
|l| OU make me yawn
|
|t:|1615743717
|switch|p2a: Clefable|Clefable, M|100/100|[from]move: U-turn
|
|upkeep
|turn|7
|
|t:|1615743727
|move|p2a: Clefable|Knock Off|p1a: Toxapex
|-damage|p1a: Toxapex|68/100
|-enditem|p1a: Toxapex|Rocky Helmet|[from] move: Knock Off|[of] p2a: Clefable
|move|p1a: Toxapex|Knock Off|p2a: Clefable
|-resisted|p2a: Clefable
|-damage|p2a: Clefable|95/100
|-enditem|p2a: Clefable|Leftovers|[from] move: Knock Off|[of] p1a: Toxapex
|
|upkeep
|turn|8
|j| vogror
|
|t:|1615743752
|switch|p1a: Tapu Koko|Tapu Koko|89/100
|-fieldstart|move: Electric Terrain|[from] ability: Electric Surge|[of] p1a: Tapu Koko
|move|p2a: Clefable|Moonblast|p1a: Tapu Koko
|-damage|p1a: Tapu Koko|43/100
|
|upkeep
|turn|9
|
|t:|1615743761
|move|p1a: Tapu Koko|Roost|p1a: Tapu Koko
|-heal|p1a: Tapu Koko|93/100
|-singleturn|p1a: Tapu Koko|move: Roost
|move|p2a: Clefable|Moonblast|p1a: Tapu Koko
|-damage|p1a: Tapu Koko|44/100
|-unboost|p1a: Tapu Koko|spa|1
|
|upkeep
|turn|10
|
|t:|1615743770
|move|p1a: Tapu Koko|U-turn|p2a: Clefable
|-resisted|p2a: Clefable
|-damage|p2a: Clefable|89/100
|
|t:|1615743781
|switch|p1a: Magnezone|Magnezone|100/100|[from]move: U-turn
|-damage|p1a: Magnezone|94/100|[from] Stealth Rock
|move|p2a: Clefable|Moonblast|p1a: Magnezone
|-resisted|p1a: Magnezone
|-damage|p1a: Magnezone|73/100
|
|-heal|p1a: Magnezone|79/100|[from] item: Leftovers
|upkeep
|turn|11
|
|t:|1615743796
|switch|p2a: Nidoking|Nidoking, M|77/100
|-damage|p2a: Nidoking|71/100|[from] Stealth Rock
|move|p1a: Magnezone|Substitute|p1a: Magnezone
|-start|p1a: Magnezone|Substitute
|-damage|p1a: Magnezone|54/100
|
|-heal|p1a: Magnezone|60/100|[from] item: Leftovers
|upkeep
|turn|12
|
|t:|1615743806
|move|p2a: Nidoking|Earth Power|p1a: Magnezone
|-supereffective|p1a: Magnezone
|-end|p1a: Magnezone|Substitute
|move|p1a: Magnezone|Body Press|p2a: Nidoking
|-resisted|p2a: Nidoking
|-damage|p2a: Nidoking|53/100
|
|-heal|p1a: Magnezone|66/100|[from] item: Leftovers
|-fieldend|move: Electric Terrain
|upkeep
|turn|13
|j| ferblade
|
|t:|1615743815
|switch|p1a: Blissey|Blissey, F|100/100
|move|p2a: Nidoking|Flamethrower|p1a: Blissey
|-damage|p1a: Blissey|86/100
|
|upkeep
|turn|14
|
|t:|1615743824
|switch|p2a: Ferrothorn|Ferrothorn, F|100/100
|-damage|p2a: Ferrothorn|95/100|[from] Stealth Rock
|move|p1a: Blissey|Seismic Toss|p2a: Ferrothorn
|-damage|p2a: Ferrothorn|66/100
|-damage|p1a: Blissey|73/100|[from] ability: Iron Barbs|[of] p2a: Ferrothorn
|
|-heal|p2a: Ferrothorn|72/100|[from] item: Leftovers
|upkeep
|turn|15
|
|t:|1615743834
|move|p2a: Ferrothorn|Knock Off|p1a: Blissey
|-damage|p1a: Blissey|55/100
|-enditem|p1a: Blissey|Heavy-Duty Boots|[from] move: Knock Off|[of] p2a: Ferrothorn
|move|p1a: Blissey|Teleport|p1a: Blissey
|
|t:|1615743839
|switch|p1a: Magnezone|Magnezone|66/100|[from]move: Teleport
|-damage|p1a: Magnezone|60/100|[from] Stealth Rock
|
|-heal|p1a: Magnezone|66/100|[from] item: Leftovers
|-heal|p2a: Ferrothorn|78/100|[from] item: Leftovers
|upkeep
|turn|16
|l| ferblade
|
|t:|1615743847
|move|p1a: Magnezone|Substitute|p1a: Magnezone
|-start|p1a: Magnezone|Substitute
|-damage|p1a: Magnezone|41/100
|move|p2a: Ferrothorn|Body Press|p1a: Magnezone
|-supereffective|p1a: Magnezone
|-end|p1a: Magnezone|Substitute
|
|-heal|p1a: Magnezone|47/100|[from] item: Leftovers
|-heal|p2a: Ferrothorn|84/100|[from] item: Leftovers
|upkeep
|turn|17
|j| ChimeWizard
|
|t:|1615743861
|move|p1a: Magnezone|Iron Defense|p1a: Magnezone
|-boost|p1a: Magnezone|def|2
|move|p2a: Ferrothorn|Body Press|p1a: Magnezone
|-supereffective|p1a: Magnezone
|-damage|p1a: Magnezone|24/100
|
|-heal|p1a: Magnezone|30/100|[from] item: Leftovers
|-heal|p2a: Ferrothorn|90/100|[from] item: Leftovers
|upkeep
|turn|18
|
|t:|1615743884
|move|p1a: Magnezone|Iron Defense|p1a: Magnezone
|-boost|p1a: Magnezone|def|2
|move|p2a: Ferrothorn|Spikes|p1a: Magnezone
|-sidestart|p1: rocky012|Spikes
|
|-heal|p1a: Magnezone|36/100|[from] item: Leftovers
|-heal|p2a: Ferrothorn|96/100|[from] item: Leftovers
|upkeep
|turn|19
|
|t:|1615743892
|move|p1a: Magnezone|Substitute|p1a: Magnezone
|-start|p1a: Magnezone|Substitute
|-damage|p1a: Magnezone|11/100
|move|p2a: Ferrothorn|Spikes|p1a: Magnezone
|-sidestart|p1: rocky012|Spikes
|
|-heal|p1a: Magnezone|17/100|[from] item: Leftovers
|-heal|p2a: Ferrothorn|100/100|[from] item: Leftovers
|upkeep
|turn|20
|
|t:|1615743900
|move|p1a: Magnezone|Iron Defense|p1a: Magnezone
|-boost|p1a: Magnezone|def|2
|move|p2a: Ferrothorn|Spikes|p1a: Magnezone
|-sidestart|p1: rocky012|Spikes
|
|-heal|p1a: Magnezone|23/100|[from] item: Leftovers
|upkeep
|turn|21
|
|t:|1615743909
|move|p1a: Magnezone|Body Press|p2a: Ferrothorn
|-supereffective|p2a: Ferrothorn
|-damage|p2a: Ferrothorn|0 fnt
|-damage|p1a: Magnezone|11/100|[from] ability: Iron Barbs|[of] p2a: Ferrothorn
|faint|p2a: Ferrothorn
|
|-heal|p1a: Magnezone|17/100|[from] item: Leftovers
|upkeep
|
|t:|1615743914
|switch|p2a: Urshifu|Urshifu-Rapid-Strike, M|78/100
|-damage|p2a: Urshifu|72/100|[from] Stealth Rock
|turn|22
|
|t:|1615743920
|move|p2a: Urshifu|Surging Strikes|p1a: Magnezone
|-crit|p1a: Magnezone
|-activate|p1a: Magnezone|move: Substitute|[damage]
|-crit|p1a: Magnezone
|-end|p1a: Magnezone|Substitute
|-crit|p1a: Magnezone
|-damage|p1a: Magnezone|0 fnt
|-hitcount|p1a: Magnezone|3
|faint|p1a: Magnezone
|
|upkeep
|
|t:|1615743930
|switch|p1a: Tapu Koko|Tapu Koko|44/100
|-fieldstart|move: Electric Terrain|[from] ability: Electric Surge|[of] p1a: Tapu Koko
|turn|23
|
|t:|1615743952
|switch|p2a: Nidoking|Nidoking, M|53/100
|-damage|p2a: Nidoking|47/100|[from] Stealth Rock
|move|p1a: Tapu Koko|U-turn|p2a: Nidoking
|-resisted|p2a: Nidoking
|-damage|p2a: Nidoking|35/100
|
|t:|1615743959
|switch|p1a: Landorus|Landorus-Therian, M|100/100|[from]move: U-turn
|-damage|p1a: Landorus|88/100|[from] Stealth Rock
|-ability|p1a: Landorus|Intimidate|boost
|-unboost|p2a: Nidoking|atk|1
|
|-heal|p1a: Landorus|94/100|[from] item: Leftovers
|upkeep
|turn|24
|
|t:|1615743970
|move|p2a: Nidoking|Flamethrower|p1a: Landorus
|-damage|p1a: Landorus|55/100
|move|p1a: Landorus|Defog|p2a: Nidoking
|-unboost|p2a: Nidoking|evasion|1
|-sideend|p2: friedfreak|Stealth Rock|[from] move: Defog|[of] p1a: Landorus
|-sideend|p1: rocky012|Spikes|[from] move: Defog|[of] p1a: Landorus
|-sideend|p1: rocky012|Stealth Rock|[from] move: Defog|[of] p1a: Landorus
|-fieldend|move: Electric Terrain
|
|-heal|p1a: Landorus|61/100|[from] item: Leftovers
|upkeep
|turn|25
|inactive|friedfreak has 120 seconds left.
|
|t:|1615744000
|switch|p2a: Mandibuzz|Mandibuzz, F|100/100
|move|p1a: Landorus|Earthquake|p2a: Mandibuzz
|-immune|p2a: Mandibuzz
|
|-heal|p1a: Landorus|67/100|[from] item: Leftovers
|upkeep
|turn|26
|inactive|friedfreak has 120 seconds left.
|
|t:|1615744010
|move|p1a: Landorus|Toxic|p2a: Mandibuzz
|-status|p2a: Mandibuzz|tox
|move|p2a: Mandibuzz|Toxic|p1a: Landorus
|-status|p1a: Landorus|tox
|
|-heal|p1a: Landorus|73/100 tox|[from] item: Leftovers
|-damage|p1a: Landorus|67/100 tox|[from] psn
|-damage|p2a: Mandibuzz|94/100 tox|[from] psn
|upkeep
|turn|27
|
|t:|1615744020
|move|p1a: Landorus|U-turn|p2a: Mandibuzz
|-damage|p2a: Mandibuzz|76/100 tox
|
|t:|1615744023
|switch|p1a: Blissey|Blissey, F|55/100|[from]move: U-turn
|move|p2a: Mandibuzz|Knock Off|p1a: Blissey
|-damage|p1a: Blissey|40/100
|
|-damage|p2a: Mandibuzz|64/100 tox|[from] psn
|upkeep
|turn|28
|j| Danuine
|
|t:|1615744031
|switch|p2a: Nidoking|Nidoking, M|35/100
|move|p1a: Blissey|Soft-Boiled|p1a: Blissey
|-heal|p1a: Blissey|90/100
|
|upkeep
|turn|29
|
|t:|1615744042
|move|p2a: Nidoking|Stealth Rock|p1a: Blissey
|-sidestart|p1: rocky012|move: Stealth Rock
|move|p1a: Blissey|Stealth Rock|p2a: Nidoking
|-sidestart|p2: friedfreak|move: Stealth Rock
|
|upkeep
|turn|30
|inactive|friedfreak has 120 seconds left.
|
|t:|1615744070
|switch|p2a: Clefable|Clefable, M|89/100
|move|p1a: Blissey|Seismic Toss|p2a: Clefable
|-damage|p2a: Clefable|63/100
|
|upkeep
|turn|31
|
|t:|1615744081
|move|p2a: Clefable|Soft-Boiled|p2a: Clefable
|-heal|p2a: Clefable|100/100
|move|p1a: Blissey|Seismic Toss|p2a: Clefable
|-damage|p2a: Clefable|75/100
|
|upkeep
|turn|32
|
|t:|1615744088
|move|p2a: Clefable|Moonblast|p1a: Blissey
|-damage|p1a: Blissey|79/100
|move|p1a: Blissey|Seismic Toss|p2a: Clefable
|-damage|p2a: Clefable|50/100
|
|upkeep
|turn|33
|
|t:|1615744097
|move|p2a: Clefable|Soft-Boiled|p2a: Clefable
|-heal|p2a: Clefable|99/100
|move|p1a: Blissey|Seismic Toss|p2a: Clefable
|-damage|p2a: Clefable|74/100
|
|upkeep
|turn|34
|l| ChimeWizard
|
|t:|1615744108
|move|p2a: Clefable|Wish|p2a: Clefable
|move|p1a: Blissey|Seismic Toss|p2a: Clefable
|-damage|p2a: Clefable|49/100
|
|upkeep
|turn|35
|
|t:|1615744116
|switch|p2a: Urshifu|Urshifu-Rapid-Strike, M|72/100
|-damage|p2a: Urshifu|66/100|[from] Stealth Rock
|move|p1a: Blissey|Seismic Toss|p2a: Urshifu
|-damage|p2a: Urshifu|36/100
|
|-heal|p2a: Urshifu|94/100|[from] move: Wish|[wisher] Clefable
|upkeep
|turn|36
|
|t:|1615744141
|switch|p1a: Toxapex|Toxapex, F|100/100
|-damage|p1a: Toxapex|88/100|[from] Stealth Rock
|move|p2a: Urshifu|Close Combat|p1a: Toxapex
|-resisted|p1a: Toxapex
|-damage|p1a: Toxapex|59/100
|-unboost|p2a: Urshifu|def|1
|-unboost|p2a: Urshifu|spd|1
|
|upkeep
|turn|37
|inactive|friedfreak has 120 seconds left.
|
|t:|1615744162
|switch|p2a: Clefable|Clefable, M|49/100
|move|p1a: Toxapex|Scald|p2a: Clefable
|-damage|p2a: Clefable|34/100
|
|upkeep
|turn|38
|
|t:|1615744170
|switch|p1a: Kartana|Kartana|100/100
|move|p2a: Clefable|Soft-Boiled|p2a: Clefable
|-heal|p2a: Clefable|84/100
|
|upkeep
|turn|39
|
|t:|1615744180
|move|p1a: Kartana|Smart Strike|p2a: Clefable
|-supereffective|p2a: Clefable
|-damage|p2a: Clefable|25/100
|move|p2a: Clefable|Moonblast|p1a: Kartana
|-resisted|p1a: Kartana
|-damage|p1a: Kartana|58/100
|
|upkeep
|turn|40
|j| ChimeWizard
|
|t:|1615744192
|switch|p2a: Mandibuzz|Mandibuzz, F|64/100 tox
|move|p1a: Kartana|Smart Strike|p2a: Mandibuzz
|-damage|p2a: Mandibuzz|35/100 tox
|
|-damage|p2a: Mandibuzz|29/100 tox|[from] psn
|upkeep
|turn|41
|
|t:|1615744200
|move|p1a: Kartana|Smart Strike|p2a: Mandibuzz
|-damage|p2a: Mandibuzz|3/100 tox
|move|p2a: Mandibuzz|Knock Off|p1a: Kartana
|-damage|p1a: Kartana|37/100
|-enditem|p1a: Kartana|Heavy-Duty Boots|[from] move: Knock Off|[of] p2a: Mandibuzz
|
|-damage|p2a: Mandibuzz|0 fnt|[from] psn
|faint|p2a: Mandibuzz
|upkeep
|
|t:|1615744206
|switch|p2a: Tapu Koko|Tapu Koko|100/100
|-fieldstart|move: Electric Terrain|[from] ability: Electric Surge|[of] p2a: Tapu Koko
|turn|42
|
|t:|1615744222
|switch|p1a: Blissey|Blissey, F|79/100
|-damage|p1a: Blissey|67/100|[from] Stealth Rock
|move|p2a: Tapu Koko|Dazzling Gleam|p1a: Blissey
|-crit|p1a: Blissey
|-damage|p1a: Blissey|49/100
|
|upkeep
|turn|43
|j| Ghhbvcfg
|
|t:|1615744232
|move|p2a: Tapu Koko|Thunderbolt|p1a: Blissey
|-damage|p1a: Blissey|30/100
|move|p1a: Blissey|Soft-Boiled|p1a: Blissey
|-heal|p1a: Blissey|80/100
|
|upkeep
|turn|44
|
|t:|1615744242
|move|p2a: Tapu Koko|Thunderbolt|p1a: Blissey
|-damage|p1a: Blissey|60/100
|move|p1a: Blissey|Seismic Toss|p2a: Tapu Koko
|-damage|p2a: Tapu Koko|65/100
|
|upkeep
|turn|45
|inactive|friedfreak has 120 seconds left.
|
|t:|1615744268
|move|p2a: Tapu Koko|Thunderbolt|p1a: Blissey
|-damage|p1a: Blissey|42/100
|move|p1a: Blissey|Seismic Toss|p2a: Tapu Koko
|-damage|p2a: Tapu Koko|29/100
|
|upkeep
|turn|46
|inactive|friedfreak has 120 seconds left.
|
|t:|1615744278
|move|p2a: Tapu Koko|U-turn|p1a: Blissey
|-damage|p1a: Blissey|28/100
|
|t:|1615744281
|switch|p2a: Urshifu|Urshifu-Rapid-Strike, M|94/100|[from]move: U-turn
|-damage|p2a: Urshifu|88/100|[from] Stealth Rock
|move|p1a: Blissey|Soft-Boiled|p1a: Blissey
|-heal|p1a: Blissey|78/100
|
|-fieldend|move: Electric Terrain
|upkeep
|turn|47
|j| Pigglesworth
|inactive|friedfreak has 120 seconds left.
|
|t:|1615744306
|switch|p1a: Toxapex|Toxapex, F|92/100
|-damage|p1a: Toxapex|80/100|[from] Stealth Rock
|move|p2a: Urshifu|Surging Strikes|p1a: Toxapex
|-resisted|p1a: Toxapex
|-crit|p1a: Toxapex
|-damage|p1a: Toxapex|71/100
|-resisted|p1a: Toxapex
|-crit|p1a: Toxapex
|-damage|p1a: Toxapex|63/100
|-resisted|p1a: Toxapex
|-crit|p1a: Toxapex
|-damage|p1a: Toxapex|53/100
|-hitcount|p1a: Toxapex|3
|
|upkeep
|turn|48
|inactive|friedfreak has 120 seconds left.
|
|t:|1615744321
|switch|p2a: Clefable|Clefable, M|25/100
|move|p1a: Toxapex|Scald|p2a: Clefable
|-damage|p2a: Clefable|12/100
|-status|p2a: Clefable|brn
|
|upkeep
|turn|49
|
|t:|1615744344
|switch|p1a: Blissey|Blissey, F|78/100
|-damage|p1a: Blissey|66/100|[from] Stealth Rock
|move|p2a: Clefable|Soft-Boiled|p2a: Clefable
|-heal|p2a: Clefable|62/100 brn
|
|upkeep
|turn|50
|inactive|friedfreak has 120 seconds left.
|
|t:|1615744367
|move|p2a: Clefable|Moonblast|p1a: Blissey
|-crit|p1a: Blissey
|-damage|p1a: Blissey|49/100
|-unboost|p1a: Blissey|spa|1
|move|p1a: Blissey|Seismic Toss|p2a: Clefable
|-damage|p2a: Clefable|37/100 brn
|
|upkeep
|turn|51
|
|t:|1615744385
|move|p2a: Clefable|Moonblast|p1a: Blissey
|-damage|p1a: Blissey|36/100
|move|p1a: Blissey|Soft-Boiled|p1a: Blissey
|-heal|p1a: Blissey|86/100
|
|upkeep
|turn|52
|
|t:|1615744392
|move|p2a: Clefable|Soft-Boiled|p2a: Clefable
|-heal|p2a: Clefable|87/100 brn
|move|p1a: Blissey|Seismic Toss|p2a: Clefable
|-damage|p2a: Clefable|62/100 brn
|
|upkeep
|turn|53
|
|t:|1615744398
|move|p2a: Clefable|Wish|p2a: Clefable
|move|p1a: Blissey|Seismic Toss|p2a: Clefable
|-damage|p2a: Clefable|36/100 brn
|
|upkeep
|turn|54
|
|t:|1615744412
|move|p2a: Clefable|Moonblast|p1a: Blissey
|-damage|p1a: Blissey|75/100
|move|p1a: Blissey|Teleport|p1a: Blissey
|
|t:|1615744416
|switch|p1a: Toxapex|Toxapex, F|87/100|[from]move: Teleport
|-damage|p1a: Toxapex|74/100|[from] Stealth Rock
|
|-heal|p2a: Clefable|86/100 brn|[from] move: Wish|[wisher] Clefable
|upkeep
|turn|55
|inactive|friedfreak has 120 seconds left.
|
|t:|1615744436
|move|p2a: Clefable|Moonblast|p1a: Toxapex
|-resisted|p1a: Toxapex
|-damage|p1a: Toxapex|63/100
|move|p1a: Toxapex|Scald|p2a: Clefable
|-damage|p2a: Clefable|71/100 brn
|
|upkeep
|turn|56
|l| ChimeWizard
|inactive|friedfreak has 120 seconds left.
|
|t:|1615744443
|move|p2a: Clefable|Moonblast|p1a: Toxapex
|-resisted|p1a: Toxapex
|-damage|p1a: Toxapex|50/100
|move|p1a: Toxapex|Haze|p1a: Toxapex
|-clearallboost
|
|upkeep
|turn|57
|inactive|friedfreak has 120 seconds left.
|
|t:|1615744457
|switch|p1a: Blissey|Blissey, F|75/100
|-damage|p1a: Blissey|62/100|[from] Stealth Rock
|move|p2a: Clefable|Moonblast|p1a: Blissey
|-damage|p1a: Blissey|50/100
|
|upkeep
|turn|58
|inactive|friedfreak has 120 seconds left.
|
|t:|1615744473
|switch|p2a: Tapu Koko|Tapu Koko|29/100
|-fieldstart|move: Electric Terrain|[from] ability: Electric Surge|[of] p2a: Tapu Koko
|move|p1a: Blissey|Soft-Boiled|p1a: Blissey
|-heal|p1a: Blissey|99/100
|
|upkeep
|turn|59
|inactive|friedfreak has 120 seconds left.
|
|t:|1615744480
|move|p2a: Tapu Koko|Roost|p2a: Tapu Koko
|-heal|p2a: Tapu Koko|80/100
|-singleturn|p2a: Tapu Koko|move: Roost
|move|p1a: Blissey|Seismic Toss|p2a: Tapu Koko
|-damage|p2a: Tapu Koko|44/100
|
|upkeep
|turn|60
|
|t:|1615744489
|move|p2a: Tapu Koko|Roost|p2a: Tapu Koko
|-heal|p2a: Tapu Koko|94/100
|-singleturn|p2a: Tapu Koko|move: Roost
|move|p1a: Blissey|Teleport|p1a: Blissey
|inactive|rocky012 has 120 seconds left.
|
|t:|1615744525
|switch|p1a: Landorus|Landorus-Therian, M|67/100 tox|[from]move: Teleport
|-damage|p1a: Landorus|55/100 tox|[from] Stealth Rock
|-ability|p1a: Landorus|Intimidate|boost
|-unboost|p2a: Tapu Koko|atk|1
|
|-heal|p1a: Landorus|61/100 tox|[from] item: Leftovers
|-damage|p1a: Landorus|55/100 tox|[from] psn
|upkeep
|turn|61
|inactive|rocky012 has 120 seconds left.
|inactive|friedfreak has 120 seconds left.
|
|t:|1615744562
|move|p2a: Tapu Koko|U-turn|p1a: Landorus
|-resisted|p1a: Landorus
|-damage|p1a: Landorus|50/100 tox
|
|t:|1615744573
|switch|p2a: Clefable|Clefable, M|71/100 brn|[from]move: U-turn
|move|p1a: Landorus|Earthquake|p2a: Clefable
|-damage|p2a: Clefable|35/100 brn
|
|-heal|p1a: Landorus|56/100 tox|[from] item: Leftovers
|-damage|p1a: Landorus|44/100 tox|[from] psn
|upkeep
|turn|62
|
|t:|1615744588
|switch|p2a: Nidoking|Nidoking, M|35/100
|-damage|p2a: Nidoking|30/100|[from] Stealth Rock
|move|p1a: Landorus|Earthquake|p2a: Nidoking
|-supereffective|p2a: Nidoking
|-damage|p2a: Nidoking|0 fnt
|faint|p2a: Nidoking
|
|-heal|p1a: Landorus|50/100 tox|[from] item: Leftovers
|-damage|p1a: Landorus|32/100 tox|[from] psn
|-fieldend|move: Electric Terrain
|upkeep
|
|t:|1615744602
|switch|p2a: Urshifu|Urshifu-Rapid-Strike, M|88/100
|-damage|p2a: Urshifu|82/100|[from] Stealth Rock
|turn|63
|
|t:|1615744612
|move|p2a: Urshifu|Surging Strikes|p1a: Landorus
|-supereffective|p1a: Landorus
|-crit|p1a: Landorus
|-damage|p1a: Landorus|0 fnt
|-hitcount|p1a: Landorus|1
|faint|p1a: Landorus
|
|upkeep
|
|t:|1615744634
|switch|p1a: Kartana|Kartana|37/100
|-damage|p1a: Kartana|31/100|[from] Stealth Rock
|turn|64
|
|t:|1615744648
|switch|p2a: Tapu Koko|Tapu Koko|94/100
|-fieldstart|move: Electric Terrain|[from] ability: Electric Surge|[of] p2a: Tapu Koko
|move|p1a: Kartana|Leaf Blade|p2a: Tapu Koko
|-damage|p2a: Tapu Koko|28/100
|
|upkeep
|turn|65
|
|t:|1615744662
|switch|p1a: Blissey|Blissey, F|99/100
|-damage|p1a: Blissey|87/100|[from] Stealth Rock
|move|p2a: Tapu Koko|Thunderbolt|p1a: Blissey
|-damage|p1a: Blissey|70/100
|-status|p1a: Blissey|par
|
|upkeep
|turn|66
|
|t:|1615744674
|move|p2a: Tapu Koko|Roost|p2a: Tapu Koko
|-heal|p2a: Tapu Koko|78/100
|-singleturn|p2a: Tapu Koko|move: Roost
|move|p1a: Blissey|Seismic Toss|p2a: Tapu Koko
|-damage|p2a: Tapu Koko|42/100
|
|upkeep
|turn|67
|j| MatisXYZ
|
|t:|1615744680
|move|p2a: Tapu Koko|Roost|p2a: Tapu Koko
|-heal|p2a: Tapu Koko|92/100
|-singleturn|p2a: Tapu Koko|move: Roost
|cant|p1a: Blissey|par
|
|upkeep
|turn|68
|inactive|friedfreak has 120 seconds left.
|
|t:|1615744694
|move|p2a: Tapu Koko|U-turn|p1a: Blissey
|-damage|p1a: Blissey|54/100 par
|
|t:|1615744696
|switch|p2a: Urshifu|Urshifu-Rapid-Strike, M|82/100|[from]move: U-turn
|-damage|p2a: Urshifu|76/100|[from] Stealth Rock
|move|p1a: Blissey|Teleport|p1a: Blissey
|l| MatisXYZ
|inactive|rocky012 has 120 seconds left.
|
|t:|1615744727
|switch|p1a: Kartana|Kartana|31/100|[from]move: Teleport
|-damage|p1a: Kartana|25/100|[from] Stealth Rock
|
|-fieldend|move: Electric Terrain
|upkeep
|turn|69
|inactive|rocky012 has 120 seconds left.
|
|t:|1615744741
|switch|p2a: Tapu Koko|Tapu Koko|92/100
|-fieldstart|move: Electric Terrain|[from] ability: Electric Surge|[of] p2a: Tapu Koko
|move|p1a: Kartana|Leaf Blade|p2a: Tapu Koko
|-damage|p2a: Tapu Koko|29/100
|
|upkeep
|turn|70
|inactive|rocky012 has 120 seconds left.
|
|t:|1615744751
|switch|p1a: Blissey|Blissey, F|54/100
|-damage|p1a: Blissey|42/100|[from] Stealth Rock
|move|p2a: Tapu Koko|Thunderbolt|p1a: Blissey
|-damage|p1a: Blissey|24/100
|
|upkeep
|turn|71
|l| Danuine
|
|t:|1615744770
|move|p2a: Tapu Koko|Roost|p2a: Tapu Koko
|-heal|p2a: Tapu Koko|80/100
|-singleturn|p2a: Tapu Koko|move: Roost
|move|p1a: Blissey|Soft-Boiled|p1a: Blissey
|-heal|p1a: Blissey|74/100
|
|upkeep
|turn|72
|
|t:|1615744782
|move|p2a: Tapu Koko|Thunderbolt|p1a: Blissey
|-damage|p1a: Blissey|57/100
|move|p1a: Blissey|Teleport|p1a: Blissey
|inactive|rocky012 has 120 seconds left.
|
|t:|1615744797
|switch|p1a: Tapu Koko|Tapu Koko|44/100|[from]move: Teleport
|
|upkeep
|turn|73
|inactive|rocky012 has 120 seconds left.
|
|t:|1615744803
|switch|p1a: Blissey|Blissey, F|57/100
|-damage|p1a: Blissey|45/100|[from] Stealth Rock
|move|p2a: Tapu Koko|Dazzling Gleam|p1a: Blissey
|-damage|p1a: Blissey|31/100
|
|-fieldend|move: Electric Terrain
|upkeep
|turn|74
|l| vogror
|j| Storm Jack
|l| Storm Jack
|
|t:|1615744813
|move|p2a: Tapu Koko|U-turn|p1a: Blissey
|-crit|p1a: Blissey
|-damage|p1a: Blissey|8/100
|
|t:|1615744816
|switch|p2a: Urshifu|Urshifu-Rapid-Strike, M|76/100|[from]move: U-turn
|-damage|p2a: Urshifu|69/100|[from] Stealth Rock
|move|p1a: Blissey|Soft-Boiled|p1a: Blissey
|-heal|p1a: Blissey|58/100
|
|upkeep
|turn|75
|
|t:|1615744837
|switch|p1a: Toxapex|Toxapex, F|83/100
|-damage|p1a: Toxapex|71/100|[from] Stealth Rock
|move|p2a: Urshifu|Surging Strikes|p1a: Toxapex
|-resisted|p1a: Toxapex
|-crit|p1a: Toxapex
|-damage|p1a: Toxapex|62/100
|-resisted|p1a: Toxapex
|-crit|p1a: Toxapex
|-damage|p1a: Toxapex|53/100
|-resisted|p1a: Toxapex
|-crit|p1a: Toxapex
|-damage|p1a: Toxapex|44/100
|-hitcount|p1a: Toxapex|3
|
|upkeep
|turn|76
|j| rubberducky3201
|
|t:|1615744855
|move|p2a: Urshifu|Surging Strikes|p1a: Toxapex
|-resisted|p1a: Toxapex
|-crit|p1a: Toxapex
|-damage|p1a: Toxapex|35/100
|-resisted|p1a: Toxapex
|-crit|p1a: Toxapex
|-damage|p1a: Toxapex|27/100
|-resisted|p1a: Toxapex
|-crit|p1a: Toxapex
|-damage|p1a: Toxapex|18/100
|-hitcount|p1a: Toxapex|3
|move|p1a: Toxapex|Recover|p1a: Toxapex
|-heal|p1a: Toxapex|68/100
|
|upkeep
|turn|77
|
|t:|1615744876
|switch|p2a: Tapu Koko|Tapu Koko|80/100
|-fieldstart|move: Electric Terrain|[from] ability: Electric Surge|[of] p2a: Tapu Koko
|move|p1a: Toxapex|Scald|p2a: Tapu Koko
|-damage|p2a: Tapu Koko|58/100
|
|upkeep
|turn|78
|
|t:|1615744889
|switch|p1a: Blissey|Blissey, F|58/100
|-damage|p1a: Blissey|46/100|[from] Stealth Rock
|move|p2a: Tapu Koko|Thunderbolt|p1a: Blissey
|-damage|p1a: Blissey|28/100
|
|upkeep
|turn|79
|inactive|friedfreak has 120 seconds left.
|
|t:|1615744899
|move|p2a: Tapu Koko|Thunderbolt|p1a: Blissey
|-damage|p1a: Blissey|9/100
|move|p1a: Blissey|Soft-Boiled|p1a: Blissey
|-heal|p1a: Blissey|60/100
|
|upkeep
|turn|80
|inactive|friedfreak has 120 seconds left.
|
|t:|1615744912
|move|p2a: Tapu Koko|Thunderbolt|p1a: Blissey
|-damage|p1a: Blissey|41/100
|move|p1a: Blissey|Seismic Toss|p2a: Tapu Koko
|-damage|p2a: Tapu Koko|22/100
|
|upkeep
|turn|81
|
|t:|1615744918
|move|p2a: Tapu Koko|Roost|p2a: Tapu Koko
|-heal|p2a: Tapu Koko|72/100
|-singleturn|p2a: Tapu Koko|move: Roost
|move|p1a: Blissey|Seismic Toss|p2a: Tapu Koko
|-damage|p2a: Tapu Koko|37/100
|
|-fieldend|move: Electric Terrain
|upkeep
|turn|82
|inactive|rocky012 has 120 seconds left.
|
|t:|1615744929
|move|p2a: Tapu Koko|Roost|p2a: Tapu Koko
|-heal|p2a: Tapu Koko|87/100
|-singleturn|p2a: Tapu Koko|move: Roost
|move|p1a: Blissey|Soft-Boiled|p1a: Blissey
|-heal|p1a: Blissey|91/100
|
|upkeep
|turn|83
|inactive|rocky012 has 120 seconds left.
|inactive|friedfreak has 120 seconds left.
|l| Gary Oak Clone
|
|t:|1615744937
|move|p2a: Tapu Koko|U-turn|p1a: Blissey
|-damage|p1a: Blissey|77/100
|inactive|friedfreak has 120 seconds left.
|j| AverageJoe326
|
|t:|1615744945
|switch|p2a: Clefable|Clefable, M|35/100 brn|[from]move: U-turn
|move|p1a: Blissey|Seismic Toss|p2a: Clefable
|-damage|p2a: Clefable|10/100 brn
|
|upkeep
|turn|84
|inactive|friedfreak has 120 seconds left.
|inactive|rocky012 has 120 seconds left.
|
|t:|1615744961
|move|p2a: Clefable|Soft-Boiled|p2a: Clefable
|-heal|p2a: Clefable|60/100 brn
|move|p1a: Blissey|Teleport|p1a: Blissey
|
|t:|1615744966
|switch|p1a: Kartana|Kartana|25/100|[from]move: Teleport
|-damage|p1a: Kartana|19/100|[from] Stealth Rock
|
|upkeep
|turn|85
|l| rubberducky3201
|
|t:|1615744977
|switch|p2a: Tapu Koko|Tapu Koko|87/100
|-fieldstart|move: Electric Terrain|[from] ability: Electric Surge|[of] p2a: Tapu Koko
|move|p1a: Kartana|Smart Strike|p2a: Tapu Koko
|-damage|p2a: Tapu Koko|37/100
|
|upkeep
|turn|86
|inactive|rocky012 has 120 seconds left.
|
|t:|1615744988
|switch|p1a: Blissey|Blissey, F|77/100
|-damage|p1a: Blissey|64/100|[from] Stealth Rock
|move|p2a: Tapu Koko|Thunderbolt|p1a: Blissey
|-damage|p1a: Blissey|47/100
|
|upkeep
|turn|87
|inactive|rocky012 has 120 seconds left.
|
|t:|1615745006
|move|p2a: Tapu Koko|Thunderbolt|p1a: Blissey
|-damage|p1a: Blissey|29/100
|move|p1a: Blissey|Seismic Toss|p2a: Tapu Koko
|-damage|p2a: Tapu Koko|1/100
|
|upkeep
|turn|88
|inactive|rocky012 has 120 seconds left.
|
|t:|1615745013
|move|p2a: Tapu Koko|Roost|p2a: Tapu Koko
|-heal|p2a: Tapu Koko|51/100
|-singleturn|p2a: Tapu Koko|move: Roost
|move|p1a: Blissey|Soft-Boiled|p1a: Blissey
|-heal|p1a: Blissey|79/100
|
|upkeep
|turn|89
|inactive|rocky012 has 120 seconds left.
|
|t:|1615745025
|move|p2a: Tapu Koko|Thunderbolt|p1a: Blissey
|-damage|p1a: Blissey|61/100
|move|p1a: Blissey|Seismic Toss|p2a: Tapu Koko
|-damage|p2a: Tapu Koko|16/100
|
|-fieldend|move: Electric Terrain
|upkeep
|turn|90
|inactive|rocky012 has 120 seconds left.
|
|t:|1615745031
|move|p2a: Tapu Koko|Roost|p2a: Tapu Koko
|-heal|p2a: Tapu Koko|66/100
|-singleturn|p2a: Tapu Koko|move: Roost
|move|p1a: Blissey|Seismic Toss|p2a: Tapu Koko
|-damage|p2a: Tapu Koko|30/100
|
|upkeep
|turn|91
|inactive|rocky012 has 120 seconds left.
|
|t:|1615745039
|move|p2a: Tapu Koko|Roost|p2a: Tapu Koko
|-heal|p2a: Tapu Koko|81/100
|-singleturn|p2a: Tapu Koko|move: Roost
|move|p1a: Blissey|Seismic Toss|p2a: Tapu Koko
|-damage|p2a: Tapu Koko|45/100
|
|upkeep
|turn|92
|inactive|rocky012 has 120 seconds left.
|
|t:|1615745045
|move|p2a: Tapu Koko|Roost|p2a: Tapu Koko
|-heal|p2a: Tapu Koko|95/100
|-singleturn|p2a: Tapu Koko|move: Roost
|move|p1a: Blissey|Seismic Toss|p2a: Tapu Koko
|-damage|p2a: Tapu Koko|60/100
|
|upkeep
|turn|93
|inactive|rocky012 has 120 seconds left.
|
|t:|1615745060
|move|p2a: Tapu Koko|U-turn|p1a: Blissey
|-damage|p1a: Blissey|47/100
|
|t:|1615745063
|switch|p2a: Urshifu|Urshifu-Rapid-Strike, M|69/100|[from]move: U-turn
|-damage|p2a: Urshifu|63/100|[from] Stealth Rock
|move|p1a: Blissey|Seismic Toss|p2a: Urshifu
|-damage|p2a: Urshifu|34/100
|
|upkeep
|turn|94
|
|t:|1615745074
|switch|p1a: Toxapex|Toxapex, F|100/100
|-damage|p1a: Toxapex|88/100|[from] Stealth Rock
|move|p2a: Urshifu|Close Combat|p1a: Toxapex
|-resisted|p1a: Toxapex
|-damage|p1a: Toxapex|59/100
|-unboost|p2a: Urshifu|def|1
|-unboost|p2a: Urshifu|spd|1
|
|upkeep
|turn|95
|inactive|rocky012 has 120 seconds left.
|inactive|friedfreak has 90 seconds left.
|
|t:|1615745102
|switch|p2a: Clefable|Clefable, M|60/100 brn
|move|p1a: Toxapex|Scald|p2a: Clefable
|-damage|p2a: Clefable|46/100 brn
|
|upkeep
|turn|96
|inactive|rocky012 has 120 seconds left.
|
|t:|1615745116
|move|p2a: Clefable|Soft-Boiled|p2a: Clefable
|-heal|p2a: Clefable|96/100 brn
|move|p1a: Toxapex|Haze|p1a: Toxapex
|-clearallboost
|
|upkeep
|turn|97
|
|t:|1615745123
|move|p2a: Clefable|Wish|p2a: Clefable
|move|p1a: Toxapex|Haze|p1a: Toxapex
|-clearallboost
|
|upkeep
|turn|98
|
|t:|1615745133
|switch|p2a: Tapu Koko|Tapu Koko|60/100
|-fieldstart|move: Electric Terrain|[from] ability: Electric Surge|[of] p2a: Tapu Koko
|move|p1a: Toxapex|Scald|p2a: Tapu Koko
|-damage|p2a: Tapu Koko|38/100
|
|-heal|p2a: Tapu Koko|100/100|[from] move: Wish|[wisher] Clefable
|upkeep
|turn|99
|inactive|rocky012 has 120 seconds left.
|
|t:|1615745143
|switch|p1a: Blissey|Blissey, F|47/100
|-damage|p1a: Blissey|34/100|[from] Stealth Rock
|move|p2a: Tapu Koko|Thunderbolt|p1a: Blissey
|-damage|p1a: Blissey|16/100
|
|upkeep
|turn|100
|inactive|rocky012 has 120 seconds left.
|c|☆rocky012|do you know burn ?
|
|t:|1615745162
|move|p2a: Tapu Koko|Thunderbolt|p1a: Blissey
|-damage|p1a: Blissey|0 fnt
|faint|p1a: Blissey
|
|upkeep
|
|t:|1615745167
|switch|p1a: Tapu Koko|Tapu Koko|44/100
|turn|101
|
|t:|1615745172
|move|p1a: Tapu Koko|Dazzling Gleam|p2a: Tapu Koko
|-damage|p2a: Tapu Koko|49/100
|move|p2a: Tapu Koko|Dazzling Gleam|p1a: Tapu Koko
|-damage|p1a: Tapu Koko|0 fnt
|faint|p1a: Tapu Koko
|
|upkeep
|-message|rocky012 forfeited.
|
|win|friedfreak
|l|☆rocky012
|raw|rocky012's rating: 1698 &rarr; <strong>1687</strong><br />(-11 for losing)
|raw|friedfreak's rating: 1802 &rarr; <strong>1813</strong><br />(+11 for winning)
|l| Ghhbvcfg
||Ladder (probably) updated, but score could not be retrieved (Request timeout).
