|j|☆antarctozolt
|j|☆Skyhightower
|inactive|Battle timer is ON: inactive players will automatically lose when time's up.
|t:|1663986770
|gametype|singles
|player|p1|antarctozolt|skier|
|player|p2|Skyhightower|102|
|teamsize|p1|6
|teamsize|p2|6
|gen|8
|tier|[Gen 8] OU
|rated|Tournament battle
|rule|Sleep Clause Mod: Limit one foe put to sleep
|rule|Species Clause: Limit one of each Pokémon
|rule|OHKO Clause: OHKO moves are banned
|rule|Evasion Items Clause: Evasion items are banned
|rule|Evasion Moves Clause: Evasion moves are banned
|rule|Endless Battle Clause: Forcing endless battles is banned
|rule|HP Percentage Mod: HP is shown in percentages
|rule|Dynamax Clause: You cannot dynamax
|clearpoke
|poke|p1|Crawdaunt, M|
|poke|p1|Galvantula, M|
|poke|p1|Pelipper, F|
|poke|p1|Landorus-Therian, M|
|poke|p1|Kartana|
|poke|p1|Barraskewda, M|
|poke|p2|Dragapult, M|
|poke|p2|Melmetal|
|poke|p2|Landorus-Therian, M|
|poke|p2|Kartana|
|poke|p2|Toxapex, F|
|poke|p2|Hydreigon, M|
|teampreview
|inactive|antarctozolt also wants the timer to be on.
|j| maxopboy
|c| maxopboy|Who still use rain teams
|inactive|antarctozolt has 120 seconds left.
|
|t:|1663986809
|start
|switch|p1a: SILKY & SEXY|Galvantula, M, shiny|100/100
|switch|p2a: Hydreigon|Hydreigon, M|100/100
|turn|1
|
|t:|1663986837
|switch|p2a: Landorus|Landorus-Therian, M|100/100
|-ability|p2a: Landorus|Intimidate|boost
|-unboost|p1a: SILKY & SEXY|atk|1
|move|p1a: SILKY & SEXY|Toxic|p2a: Landorus
|-status|p2a: Landorus|tox
|
|-damage|p2a: Landorus|94/100 tox|[from] psn
|upkeep
|turn|2
|l| maxopboy
|
|t:|1663986841
|move|p1a: SILKY & SEXY|Sticky Web|p2a: Landorus
|-sidestart|p2: Skyhightower|move: Sticky Web
|move|p2a: Landorus|Stealth Rock|p1a: SILKY & SEXY
|-sidestart|p1: antarctozolt|move: Stealth Rock
|
|-heal|p2a: Landorus|100/100 tox|[from] item: Leftovers
|-damage|p2a: Landorus|88/100 tox|[from] psn
|upkeep
|turn|3
|
|t:|1663986852
|switch|p1a: SEXY MUSTACHE|Landorus-Therian, M, shiny|100/100
|-damage|p1a: SEXY MUSTACHE|88/100|[from] Stealth Rock
|-ability|p1a: SEXY MUSTACHE|Intimidate|boost
|-unboost|p2a: Landorus|atk|1
|move|p2a: Landorus|Earthquake|p1a: SEXY MUSTACHE
|-immune|p1a: SEXY MUSTACHE
|
|-heal|p2a: Landorus|94/100 tox|[from] item: Leftovers
|-damage|p2a: Landorus|76/100 tox|[from] psn
|upkeep
|turn|4
|j| maxopboy
|l| maxopboy
|j| Meritone
|
|t:|1663986874
|move|p1a: SEXY MUSTACHE|Stealth Rock|p2a: Landorus
|-sidestart|p2: Skyhightower|move: Stealth Rock
|move|p2a: Landorus|Toxic|p1a: SEXY MUSTACHE
|-status|p1a: SEXY MUSTACHE|tox
|
|-heal|p2a: Landorus|82/100 tox|[from] item: Leftovers
|-damage|p1a: SEXY MUSTACHE|82/100 tox|[from] psn
|-damage|p2a: Landorus|58/100 tox|[from] psn
|upkeep
|turn|5
|c|☆Skyhightower|i could have u-turned
|c|☆antarctozolt|you shoulda clicked it then
|inactive|antarctozolt has 120 seconds left.
|
|t:|1663986895
|move|p1a: SEXY MUSTACHE|Knock Off|p2a: Landorus
|-damage|p2a: Landorus|22/100 tox
|-enditem|p2a: Landorus|Leftovers|[from] move: Knock Off|[of] p1a: SEXY MUSTACHE
|move|p2a: Landorus|U-turn|p1a: SEXY MUSTACHE
|-resisted|p1a: SEXY MUSTACHE
|-damage|p1a: SEXY MUSTACHE|74/100 tox
|j| Fallen Vortex
|
|t:|1663986899
|switch|p2a: Hydreigon|Hydreigon, M|100/100|[from]move: U-turn
|-damage|p2a: Hydreigon|88/100|[from] Stealth Rock
|
|-damage|p1a: SEXY MUSTACHE|62/100 tox|[from] psn
|upkeep
|turn|6
|
|t:|1663986912
|move|p2a: Hydreigon|Dark Pulse|p1a: SEXY MUSTACHE
|-damage|p1a: SEXY MUSTACHE|0 fnt
|faint|p1a: SEXY MUSTACHE
|-damage|p2a: Hydreigon|78/100|[from] item: Life Orb
|
|upkeep
|
|t:|1663986917
|switch|p1a: ILIKETOCUTMYSELF|Kartana, shiny|100/100
|-damage|p1a: ILIKETOCUTMYSELF|94/100|[from] Stealth Rock
|turn|7
|
|t:|1663986922
|switch|p2a: Toxapex|Toxapex, F|100/100
|-activate|p2a: Toxapex|move: Sticky Web
|-unboost|p2a: Toxapex|spe|1
|-damage|p2a: Toxapex|88/100|[from] Stealth Rock
|move|p1a: ILIKETOCUTMYSELF|Sacred Sword|p2a: Toxapex
|-resisted|p2a: Toxapex
|-damage|p2a: Toxapex|76/100
|
|upkeep
|turn|8
|j| MasterDylanBowDown
|
|t:|1663986938
|switch|p1a: SILKY & SEXY|Galvantula, M, shiny|100/100
|-damage|p1a: SILKY & SEXY|76/100|[from] Stealth Rock
|move|p2a: Toxapex|Toxic Spikes|p1a: SILKY & SEXY
|-sidestart|p1: antarctozolt|move: Toxic Spikes
|
|upkeep
|turn|9
|c| Fallen Vortex|Antarctozolt got some funny names
|
|t:|1663986948
|switch|p2a: Landorus|Landorus-Therian, M|22/100 tox
|-damage|p2a: Landorus|9/100 tox|[from] Stealth Rock
|-ability|p2a: Landorus|Intimidate|boost
|-unboost|p1a: SILKY & SEXY|atk|1
|move|p1a: SILKY & SEXY|Rain Dance|p1a: SILKY & SEXY
|-weather|RainDance
|
|-weather|RainDance|[upkeep]
|-damage|p2a: Landorus|3/100 tox|[from] psn
|upkeep
|turn|10
|
|t:|1663986964
|switch|p1a: SUBWAY EAT FRESH|Pelipper, F, shiny|100/100
|-damage|p1a: SUBWAY EAT FRESH|76/100|[from] Stealth Rock
|move|p2a: Landorus|Earthquake|p1a: SUBWAY EAT FRESH
|-immune|p1a: SUBWAY EAT FRESH
|
|-weather|RainDance|[upkeep]
|-damage|p2a: Landorus|0 fnt|[from] psn
|faint|p2a: Landorus
|upkeep
|
|t:|1663986973
|switch|p2a: Hydreigon|Hydreigon, M|78/100
|-damage|p2a: Hydreigon|66/100|[from] Stealth Rock
|turn|11
|
|t:|1663986978
|move|p2a: Hydreigon|Dark Pulse|p1a: SUBWAY EAT FRESH
|-crit|p1a: SUBWAY EAT FRESH
|-damage|p1a: SUBWAY EAT FRESH|0 fnt
|faint|p1a: SUBWAY EAT FRESH
|-damage|p2a: Hydreigon|56/100|[from] item: Life Orb
|
|-weather|RainDance|[upkeep]
|upkeep
|
|t:|1663986986
|switch|p1a: ILIKETOCUTMYSELF|Kartana, shiny|94/100
|-damage|p1a: ILIKETOCUTMYSELF|88/100|[from] Stealth Rock
|turn|12
|c| MasterDylanBowDown|Wow
|
|t:|1663986992
|switch|p2a: Toxapex|Toxapex, F|100/100
|-activate|p2a: Toxapex|move: Sticky Web
|-unboost|p2a: Toxapex|spe|1
|-damage|p2a: Toxapex|88/100|[from] Stealth Rock
|move|p1a: ILIKETOCUTMYSELF|Sacred Sword|p2a: Toxapex
|-resisted|p2a: Toxapex
|-damage|p2a: Toxapex|76/100
|
|-weather|RainDance|[upkeep]
|upkeep
|turn|13
|
|t:|1663987001
|switch|p1a: SILKY & SEXY|Galvantula, M, shiny|76/100
|-damage|p1a: SILKY & SEXY|51/100|[from] Stealth Rock
|-status|p1a: SILKY & SEXY|psn
|move|p2a: Toxapex|Scald|p1a: SILKY & SEXY
|-damage|p1a: SILKY & SEXY|7/100 psn
|
|-weather|none
|-damage|p1a: SILKY & SEXY|0 fnt|[from] psn
|faint|p1a: SILKY & SEXY
|upkeep
|
|t:|1663987004
|switch|p1a: SHE HAS CRABS!|Crawdaunt, M, shiny|100/100
|-damage|p1a: SHE HAS CRABS!|88/100|[from] Stealth Rock
|-status|p1a: SHE HAS CRABS!|psn
|turn|14
|
|t:|1663987018
|switch|p2a: Hydreigon|Hydreigon, M|56/100
|-damage|p2a: Hydreigon|44/100|[from] Stealth Rock
|move|p1a: SHE HAS CRABS!|Dragon Dance|p1a: SHE HAS CRABS!
|-boost|p1a: SHE HAS CRABS!|atk|1
|-boost|p1a: SHE HAS CRABS!|spe|1
|
|-damage|p1a: SHE HAS CRABS!|76/100 psn|[from] psn
|upkeep
|turn|15
|c|☆Skyhightower|lmao
|c|☆Skyhightower|nice
|c| MasterDylanBowDown|oo
|c| MasterDylanBowDown|reverse sweep?
|c| Fallen Vortex|Webs crawdaunt seem solid
|inactive|Skyhightower has 120 seconds left.
|
|t:|1663987065
|move|p1a: SHE HAS CRABS!|Knock Off|p2a: Hydreigon
|-resisted|p2a: Hydreigon
|-damage|p2a: Hydreigon|0 fnt
|-enditem|p2a: Hydreigon|Life Orb|[from] move: Knock Off|[of] p1a: SHE HAS CRABS!
|faint|p2a: Hydreigon
|-damage|p1a: SHE HAS CRABS!|66/100 psn|[from] item: Life Orb
|
|-damage|p1a: SHE HAS CRABS!|54/100 psn|[from] psn
|upkeep
|c|☆Skyhightower|the funny thing is
|c|☆Skyhightower|i still outspeed this
|
|t:|1663987084
|switch|p2a: Kartana|Kartana|100/100
|-activate|p2a: Kartana|move: Sticky Web
|-unboost|p2a: Kartana|spe|1
|-damage|p2a: Kartana|94/100|[from] Stealth Rock
|turn|16
|c| MasterDylanBowDown|Hope drag is scarf
|c| Fallen Vortex|Kart is
|c|☆Skyhightower|kartana outspeeds
|inactive|Skyhightower has 90 seconds left.
|c| MasterDylanBowDown|oo
|
|t:|1663987100
|move|p2a: Kartana|Sacred Sword|p1a: SHE HAS CRABS!
|-supereffective|p1a: SHE HAS CRABS!
|-damage|p1a: SHE HAS CRABS!|0 fnt
|faint|p1a: SHE HAS CRABS!
|-ability|p2a: Kartana|Beast Boost|boost
|-boost|p2a: Kartana|atk|1
|
|upkeep
|
|t:|1663987102
|switch|p1a: SMELLS LIKE FISH!|Barraskewda, M|100/100
|-damage|p1a: SMELLS LIKE FISH!|88/100|[from] Stealth Rock
|-status|p1a: SMELLS LIKE FISH!|psn
|turn|17
|
|t:|1663987114
|switch|p2a: Toxapex|Toxapex, F|100/100
|-activate|p2a: Toxapex|move: Sticky Web
|-unboost|p2a: Toxapex|spe|1
|-damage|p2a: Toxapex|88/100|[from] Stealth Rock
|move|p1a: SMELLS LIKE FISH!|Liquidation|p2a: Toxapex
|-resisted|p2a: Toxapex
|-damage|p2a: Toxapex|66/100
|-damage|p1a: SMELLS LIKE FISH!|72/100 psn|[from] item: Rocky Helmet|[of] p2a: Toxapex
|
|-damage|p1a: SMELLS LIKE FISH!|60/100 psn|[from] psn
|upkeep
|turn|18
|c| Fallen Vortex|unfortunate, rip
|
|t:|1663987121
|move|p1a: SMELLS LIKE FISH!|Liquidation|p2a: Toxapex
|-resisted|p2a: Toxapex
|-crit|p2a: Toxapex
|-damage|p2a: Toxapex|34/100
|-damage|p1a: SMELLS LIKE FISH!|43/100 psn|[from] item: Rocky Helmet|[of] p2a: Toxapex
|move|p2a: Toxapex|Recover|p2a: Toxapex
|-heal|p2a: Toxapex|84/100
|
|-damage|p1a: SMELLS LIKE FISH!|31/100 psn|[from] psn
|upkeep
|turn|19
|
|t:|1663987126
|move|p1a: SMELLS LIKE FISH!|Liquidation|p2a: Toxapex
|-resisted|p2a: Toxapex
|-damage|p2a: Toxapex|64/100
|-damage|p1a: SMELLS LIKE FISH!|15/100 psn|[from] item: Rocky Helmet|[of] p2a: Toxapex
|move|p2a: Toxapex|Recover|p2a: Toxapex
|-heal|p2a: Toxapex|100/100
|
|-damage|p1a: SMELLS LIKE FISH!|3/100 psn|[from] psn
|upkeep
|turn|20
|c| MasterDylanBowDown|Wow
|c| MasterDylanBowDown|gg
|
|t:|1663987135
|move|p1a: SMELLS LIKE FISH!|Liquidation|p2a: Toxapex
|-resisted|p2a: Toxapex
|-crit|p2a: Toxapex
|-damage|p2a: Toxapex|71/100
|-damage|p1a: SMELLS LIKE FISH!|0 fnt|[from] item: Rocky Helmet|[of] p2a: Toxapex
|faint|p1a: SMELLS LIKE FISH!
|move|p2a: Toxapex|Recover|p2a: Toxapex
|-heal|p2a: Toxapex|100/100
|
|upkeep
|
|t:|1663987137
|switch|p1a: ILIKETOCUTMYSELF|Kartana, shiny|88/100
|-damage|p1a: ILIKETOCUTMYSELF|82/100|[from] Stealth Rock
|turn|21
|
|t:|1663987141
|move|p1a: ILIKETOCUTMYSELF|Swords Dance|p1a: ILIKETOCUTMYSELF
|-boost|p1a: ILIKETOCUTMYSELF|atk|2
|move|p2a: Toxapex|Scald|p1a: ILIKETOCUTMYSELF
|-resisted|p1a: ILIKETOCUTMYSELF
|-damage|p1a: ILIKETOCUTMYSELF|55/100
|-status|p1a: ILIKETOCUTMYSELF|brn
|
|-damage|p1a: ILIKETOCUTMYSELF|49/100 brn|[from] brn
|upkeep
|turn|22
|c| MasterDylanBowDown|Tower can I get the team?
|c|☆Skyhightower|gg
|c|☆antarctozolt|i won
|c|☆antarctozolt|smg
|c| MasterDylanBowDown|if you don’t mind
|-message|antarctozolt forfeited.
|
|win|Skyhightower
|n|☆antarctozolt|antarctozolt
|n|☆Skyhightower|skyhightower
|n| Meritone|meritone
|n| Fallen Vortex|fallenvortex
|n| MasterDylanBowDown|masterdylanbowdown
|c|☆Skyhightower|yeah you can
|c| Fallen Vortex|Skyhigh your double steel and dragon core is honestly dope
|l|☆antarctozolt
|c| MasterDylanBowDown|Thabks
