|j|☆tytyui
|j|☆cump2
|t:|1626358944
|gametype|singles
|player|p1|tytyui|shelly|1523
|player|p2|cump2|volkner|1509
|teamsize|p1|6
|teamsize|p2|6
|gen|8
|tier|[Gen 8] OU
|rated|
|rule|Sleep Clause Mod: Limit one foe put to sleep
|rule|Species Clause: Limit one of each Pokémon
|rule|OHKO Clause: OHKO moves are banned
|rule|Evasion Moves Clause: Evasion moves are banned
|rule|Endless Battle Clause: Forcing endless battles is banned
|rule|HP Percentage Mod: HP is shown in percentages
|rule|Dynamax Clause: You cannot dynamax
|clearpoke
|poke|p1|Mamoswine, F|
|poke|p1|Zapdos|
|poke|p1|Absol, M|
|poke|p1|Heatran, F|
|poke|p1|Tapu Lele|
|poke|p1|Tapu Fini|
|poke|p2|Mew|
|poke|p2|Urshifu-*, M|
|poke|p2|Dragapult, F|
|poke|p2|Kartana|
|poke|p2|Volcarona, F|
|poke|p2|Landorus-Therian, M|
|teampreview
|
|t:|1626358952
|start
|switch|p1a: Absol|Absol, M|100/100
|switch|p2a: Mew|Mew, shiny|100/100
|turn|1
|
|t:|1626358956
|move|p2a: Mew|Stealth Rock|p1a: Absol
|-sidestart|p1: tytyui|move: Stealth Rock
|move|p1a: Absol|Knock Off|p2a: Mew
|-supereffective|p2a: Mew
|-damage|p2a: Mew|0 fnt
|-enditem|p2a: Mew|Red Card|[from] move: Knock Off|[of] p1a: Absol
|faint|p2a: Mew
|-damage|p1a: Absol|91/100|[from] item: Life Orb
|
|upkeep
|
|t:|1626358963
|switch|p2a: Urshifu|Urshifu-Rapid-Strike, M|100/100
|turn|2
|
|t:|1626358970
|switch|p2a: Dragapult|Dragapult, F|100/100
|switch|p1a: Zapdos|Zapdos|100/100
|
|upkeep
|turn|3
|c|☆tytyui|drop a draco
|
|t:|1626358983
|move|p2a: Dragapult|Shadow Ball|p1a: Zapdos
|-damage|p1a: Zapdos|51/100
|move|p1a: Zapdos|Defog|p2a: Dragapult
|-unboost|p2a: Dragapult|evasion|1
|-sideend|p1: tytyui|Stealth Rock|[from] move: Defog|[of] p1a: Zapdos
|
|upkeep
|turn|4
|
|t:|1626358993
|switch|p1a: Tapu Fini|Tapu Fini|100/100
|-fieldstart|move: Misty Terrain|[from] ability: Misty Surge|[of] p1a: Tapu Fini
|move|p2a: Dragapult|Shadow Ball|p1a: Tapu Fini
|-damage|p1a: Tapu Fini|60/100
|
|-heal|p1a: Tapu Fini|66/100|[from] item: Leftovers
|upkeep
|turn|5
|
|t:|1626358997
|switch|p2a: Kartana|Kartana, shiny|100/100
|move|p1a: Tapu Fini|Draining Kiss|p2a: Kartana
|-resisted|p2a: Kartana
|-damage|p2a: Kartana|74/100
|-heal|p1a: Tapu Fini|81/100|[from] drain|[of] p2a: Kartana
|
|-heal|p1a: Tapu Fini|87/100|[from] item: Leftovers
|upkeep
|turn|6
|
|t:|1626359010
|switch|p1a: Heatran|Heatran, F|100/100
|move|p2a: Kartana|Knock Off|p1a: Heatran
|-damage|p1a: Heatran|65/100
|-enditem|p1a: Heatran|Leftovers|[from] move: Knock Off|[of] p2a: Kartana
|
|upkeep
|turn|7
|
|t:|1626359022
|move|p2a: Kartana|Sacred Sword|p1a: Heatran
|-supereffective|p1a: Heatran
|-damage|p1a: Heatran|0 fnt
|faint|p1a: Heatran
|-ability|p2a: Kartana|Beast Boost|boost
|-boost|p2a: Kartana|atk|1
|
|upkeep
|
|t:|1626359027
|switch|p1a: Tapu Lele|Tapu Lele|100/100
|-fieldstart|move: Psychic Terrain|[from] ability: Psychic Surge|[of] p1a: Tapu Lele
|turn|8
|
|t:|1626359037
|switch|p2a: Dragapult|Dragapult, F|100/100
|move|p1a: Tapu Lele|Psychic|p2a: Dragapult
|-damage|p2a: Dragapult|13/100
|
|upkeep
|turn|9
|
|t:|1626359050
|move|p1a: Tapu Lele|Psychic|p2a: Dragapult
|-damage|p2a: Dragapult|0 fnt
|faint|p2a: Dragapult
|
|upkeep
|
|t:|1626359056
|switch|p2a: Volcarona|Volcarona, F|100/100
|turn|10
|
|t:|1626359063
|move|p1a: Tapu Lele|Psychic|p2a: Volcarona
|-damage|p2a: Volcarona|31/100
|move|p2a: Volcarona|Quiver Dance|p2a: Volcarona
|-boost|p2a: Volcarona|spa|1
|-boost|p2a: Volcarona|spd|1
|-boost|p2a: Volcarona|spe|1
|
|upkeep
|turn|11
|
|t:|1626359070
|move|p2a: Volcarona|Flamethrower|p1a: Tapu Lele
|-damage|p1a: Tapu Lele|26/100
|move|p1a: Tapu Lele|Psychic|p2a: Volcarona
|-damage|p2a: Volcarona|0 fnt
|faint|p2a: Volcarona
|
|upkeep
|
|t:|1626359078
|switch|p2a: Landorus|Landorus-Therian, M|100/100
|-ability|p2a: Landorus|Intimidate|boost
|-unboost|p1a: Tapu Lele|atk|1
|turn|12
|
|t:|1626359087
|switch|p1a: Zapdos|Zapdos|51/100
|move|p2a: Landorus|Knock Off|p1a: Zapdos
|-damage|p1a: Zapdos|24/100
|-status|p2a: Landorus|par|[from] ability: Static|[of] p1a: Zapdos
|-enditem|p1a: Zapdos|Heavy-Duty Boots|[from] move: Knock Off|[of] p2a: Landorus
|
|-fieldend|move: Psychic Terrain
|upkeep
|turn|13
|-message|cump2 forfeited.
|
|win|tytyui
|raw|tytyui's rating: 1523 &rarr; <strong>1542</strong><br />(+19 for winning)
|raw|cump2's rating: 1509 &rarr; <strong>1490</strong><br />(-19 for losing)
|l|☆cump2
||Ladder isn't responding, score probably updated but might not have (Request timeout).
