|j|☆Melophetamine
|j|☆drop a baby
|inactive|Battle timer is ON: inactive players will automatically lose when time's up.
|t:|1665541928
|gametype|singles
|player|p1|Melophetamine|gambler|
|player|p2|drop a baby|chase|
|teamsize|p1|6
|teamsize|p2|6
|gen|8
|tier|[Gen 8] OU
|rated|Tournament battle
|rule|Sleep Clause Mod: Limit one foe put to sleep
|rule|Species Clause: Limit one of each Pokémon
|rule|OHKO Clause: OHKO moves are banned
|rule|Evasion Items Clause: Evasion items are banned
|rule|Evasion Moves Clause: Evasion moves are banned
|rule|Endless Battle Clause: Forcing endless battles is banned
|rule|HP Percentage Mod: HP is shown in percentages
|rule|Dynamax Clause: You cannot dynamax
|clearpoke
|poke|p1|Bisharp, F|
|poke|p1|Zapdos-Galar|
|poke|p1|Dragapult, F|
|poke|p1|Ferrothorn, F|
|poke|p1|Heatran, M|
|poke|p1|Landorus-Therian, M|
|poke|p2|Weavile, M|
|poke|p2|Blaziken, M|
|poke|p2|Rillaboom, M|
|poke|p2|Nihilego|
|poke|p2|Dragapult, M|
|poke|p2|Aegislash, M|
|teampreview
|j| Fryderyk Nietzky
|j| VoxSomniator
|j| Meritone
|j| Begin Testing
|c|☆Melophetamine|hi there
|c|☆drop a baby|glhf mate
|j| Rosaism@!
|c|☆Melophetamine|u2 mate !
|j| soosig
|inactive|Melophetamine has 120 seconds left.
|
|t:|1665541960
|start
|switch|p1a: Sweps|Bisharp, F|100/100
|switch|p2a: Nihilego|Nihilego|100/100
|turn|1
|c| VoxSomniator|🎵 it's the final countdown
|j| ihaterbats
|
|t:|1665541978
|move|p2a: Nihilego|Stealth Rock|p1a: Sweps
|-sidestart|p1: Melophetamine|move: Stealth Rock
|move|p1a: Sweps|Knock Off|p2a: Nihilego
|-damage|p2a: Nihilego|0 fnt
|-enditem|p2a: Nihilego|Power Herb|[from] move: Knock Off|[of] p1a: Sweps
|faint|p2a: Nihilego
|
|upkeep
|
|t:|1665541982
|switch|p2a: Destroyer|Blaziken, M, shiny|100/100
|turn|2
|c| Begin Testing|youch
|
|t:|1665541991
|switch|p1a: Oxygen|Landorus-Therian, M|100/100
|-damage|p1a: Oxygen|88/100|[from] Stealth Rock
|-ability|p1a: Oxygen|Intimidate|boost
|-unboost|p2a: Destroyer|atk|1
|move|p2a: Destroyer|Close Combat|p1a: Oxygen
|-resisted|p1a: Oxygen
|-crit|p1a: Oxygen
|-damage|p1a: Oxygen|41/100
|-unboost|p2a: Destroyer|def|1
|-unboost|p2a: Destroyer|spd|1
|-damage|p2a: Destroyer|91/100|[from] item: Life Orb
|
|-heal|p1a: Oxygen|47/100|[from] item: Leftovers
|-ability|p2a: Destroyer|Speed Boost|boost
|-boost|p2a: Destroyer|spe|1
|upkeep
|turn|3
|
|t:|1665541998
|move|p2a: Destroyer|Protect|p2a: Destroyer
|-singleturn|p2a: Destroyer|Protect
|move|p1a: Oxygen|Earthquake|p2a: Destroyer
|-activate|p2a: Destroyer|move: Protect
|
|-heal|p1a: Oxygen|53/100|[from] item: Leftovers
|-ability|p2a: Destroyer|Speed Boost|boost
|-boost|p2a: Destroyer|spe|1
|upkeep
|turn|4
|
|t:|1665542003
|move|p2a: Destroyer|Flare Blitz|p1a: Oxygen
|-damage|p1a: Oxygen|9/100
|-damage|p2a: Destroyer|72/100|[from] Recoil
|-damage|p2a: Destroyer|62/100|[from] item: Life Orb
|move|p1a: Oxygen|Earthquake|p2a: Destroyer
|-supereffective|p2a: Destroyer
|-damage|p2a: Destroyer|0 fnt
|faint|p2a: Destroyer
|
|-heal|p1a: Oxygen|15/100|[from] item: Leftovers
|upkeep
|
|t:|1665542012
|switch|p2a: Bandit|Weavile, M, shiny|100/100
|-ability|p2a: Bandit|Pressure
|turn|5
|
|t:|1665542016
|move|p2a: Bandit|Knock Off|p1a: Oxygen
|-damage|p1a: Oxygen|0 fnt
|-enditem|p1a: Oxygen|Leftovers|[from] move: Knock Off|[of] p2a: Bandit
|faint|p1a: Oxygen
|-damage|p2a: Bandit|91/100|[from] item: Life Orb
|
|upkeep
|
|t:|1665542022
|switch|p1a: Sedka|Heatran, M|100/100
|-damage|p1a: Sedka|88/100|[from] Stealth Rock
|turn|6
|
|t:|1665542036
|move|p2a: Bandit|Knock Off|p1a: Sedka
|-damage|p1a: Sedka|31/100
|-enditem|p1a: Sedka|Leftovers|[from] move: Knock Off|[of] p2a: Bandit
|-damage|p2a: Bandit|81/100|[from] item: Life Orb
|move|p1a: Sedka|Magma Storm|p2a: Bandit|[miss]
|-miss|p1a: Sedka|p2a: Bandit
|
|upkeep
|turn|7
|
|t:|1665542043
|move|p2a: Bandit|Knock Off|p1a: Sedka
|-damage|p1a: Sedka|0 fnt
|faint|p1a: Sedka
|-damage|p2a: Bandit|71/100|[from] item: Life Orb
|
|upkeep
|c|☆drop a baby|sorry for the miss
|j| 3ch09
|c| ihaterbats|rip
|c|☆Melophetamine|all good
|
|t:|1665542068
|switch|p1a: Groogy|Ferrothorn, F|100/100
|-damage|p1a: Groogy|94/100|[from] Stealth Rock
|turn|8
|
|t:|1665542072
|switch|p2a: Aegislash|Aegislash, M|100/100
|move|p1a: Groogy|Gyro Ball|p2a: Aegislash
|-resisted|p2a: Aegislash
|-damage|p2a: Aegislash|89/100
|
|upkeep
|turn|9
|
|t:|1665542078
|move|p2a: Aegislash|Swords Dance|p2a: Aegislash
|-boost|p2a: Aegislash|atk|2
|move|p1a: Groogy|Stealth Rock|p2a: Aegislash
|-sidestart|p2: drop a baby|move: Stealth Rock
|
|upkeep
|turn|10
|
|t:|1665542082
|-formechange|p2a: Aegislash|Aegislash-Blade||[from] ability: Stance Change
|move|p2a: Aegislash|Close Combat|p1a: Groogy
|-supereffective|p1a: Groogy
|-damage|p1a: Groogy|0 fnt
|-unboost|p2a: Aegislash|def|1
|-unboost|p2a: Aegislash|spd|1
|-damage|p2a: Aegislash|77/100|[from] ability: Iron Barbs|[of] p1a: Groogy
|-damage|p2a: Aegislash|60/100|[from] item: Rocky Helmet|[of] p1a: Groogy
|faint|p1a: Groogy
|
|upkeep
|
|t:|1665542093
|switch|p1a: Sweps|Bisharp, F|100/100
|-damage|p1a: Sweps|95/100|[from] Stealth Rock
|turn|11
|
|t:|1665542096
|move|p1a: Sweps|Sucker Punch|p2a: Aegislash
|-supereffective|p2a: Aegislash
|-damage|p2a: Aegislash|0 fnt
|faint|p2a: Aegislash
|
|upkeep
|
|t:|1665542098
|switch|p2a: Kong|Rillaboom, M, shiny|100/100
|-damage|p2a: Kong|88/100|[from] Stealth Rock
|-fieldstart|move: Grassy Terrain|[from] ability: Grassy Surge|[of] p2a: Kong
|turn|12
|inactive|Melophetamine has 120 seconds left.
|j| orangesmode
|j| IEATCANNDYHEHEXD
|l| orangesmode
|
|t:|1665542138
|switch|p1a: Pheonise|Zapdos-Galar|100/100
|-damage|p1a: Pheonise|88/100|[from] Stealth Rock
|move|p2a: Kong|Superpower|p1a: Pheonise
|-resisted|p1a: Pheonise
|-damage|p1a: Pheonise|55/100
|-unboost|p2a: Kong|atk|1
|-unboost|p2a: Kong|def|1
|-damage|p2a: Kong|78/100|[from] item: Life Orb
|
|-heal|p2a: Kong|84/100|[from] Grassy Terrain
|upkeep
|turn|13
|c| IEATCANNDYHEHEXD|woah
|c| IEATCANNDYHEHEXD|dropping babies is not nice
|c| Begin Testing|fr
|
|t:|1665542167
|switch|p2a: Leviathan|Dragapult, M, shiny|100/100
|-damage|p2a: Leviathan|88/100|[from] Stealth Rock
|move|p1a: Pheonise|Brave Bird|p2a: Leviathan
|-damage|p2a: Leviathan|0 fnt
|faint|p2a: Leviathan
|-damage|p1a: Pheonise|27/100|[from] Recoil
|
|upkeep
|
|t:|1665542170
|switch|p2a: Bandit|Weavile, M, shiny|71/100
|-damage|p2a: Bandit|46/100|[from] Stealth Rock
|-ability|p2a: Bandit|Pressure
|turn|14
|
|t:|1665542176
|move|p2a: Bandit|Ice Shard|p1a: Pheonise
|-supereffective|p1a: Pheonise
|-damage|p1a: Pheonise|0 fnt
|faint|p1a: Pheonise
|-damage|p2a: Bandit|36/100|[from] item: Life Orb
|
|-heal|p2a: Bandit|42/100|[from] Grassy Terrain
|upkeep
|
|t:|1665542181
|switch|p1a: Sweps|Bisharp, F|95/100
|-damage|p1a: Sweps|89/100|[from] Stealth Rock
|turn|15
|c| VoxSomniator|Leviathan is a cool name for a dragapult
|
|t:|1665542185
|move|p2a: Bandit|Triple Axel|p1a: Sweps
|-resisted|p1a: Sweps
|-damage|p1a: Sweps|79/100
|-hitcount|p1a: Sweps|1
|-damage|p2a: Bandit|32/100|[from] item: Life Orb
|move|p1a: Sweps|Iron Head|p2a: Bandit
|-supereffective|p2a: Bandit
|-damage|p2a: Bandit|0 fnt
|faint|p2a: Bandit
|
|-heal|p1a: Sweps|85/100|[from] Grassy Terrain
|upkeep
|j| John Icing
|
|t:|1665542199
|switch|p2a: Kong|Rillaboom, M, shiny|84/100
|-damage|p2a: Kong|72/100|[from] Stealth Rock
|turn|16
|c|☆drop a baby|thanks
|c| IEATCANNDYHEHEXD|GG
|c|☆drop a baby|gg
|c|☆drop a baby|wp
|
|t:|1665542222
|move|p2a: Kong|Superpower|p1a: Sweps
|-supereffective|p1a: Sweps
|-damage|p1a: Sweps|0 fnt
|-unboost|p2a: Kong|atk|1
|-unboost|p2a: Kong|def|1
|faint|p1a: Sweps
|-damage|p2a: Kong|62/100|[from] item: Life Orb
|
|-heal|p2a: Kong|68/100|[from] Grassy Terrain
|-fieldend|move: Grassy Terrain
|upkeep
|c| Begin Testing|the baby has been dropped, gg
|
|t:|1665542232
|switch|p1a: Lotus|Dragapult, F|100/100
|-damage|p1a: Lotus|88/100|[from] Stealth Rock
|turn|17
|c|☆Melophetamine|ggs
|c|☆Melophetamine|finally i win one
|c|☆drop a baby|haha, finally
|c|☆Melophetamine|holy shit
|
|t:|1665542245
|move|p1a: Lotus|Flamethrower|p2a: Kong
|-supereffective|p2a: Kong
|-damage|p2a: Kong|0 fnt
|faint|p2a: Kong
|
|win|Melophetamine
|n|☆Melophetamine|melophetamine
|n|☆drop a baby|dropababy
|n| Fryderyk Nietzky|fryderyknietzky
|n| VoxSomniator|voxsomniator
|n| Meritone|meritone
|n| Begin Testing|begintesting
|n| Rosaism@!|rosaism
|n| soosig|soosig
|n| ihaterbats|ihaterbats
|n| 3ch09|3ch09
|n| IEATCANNDYHEHEXD|ieatcanndyhehexd
|n| John Icing|johnicing
|c| VoxSomniator|congrats
|c|☆Melophetamine|<3
|l| John Icing
|c|☆Melophetamine|thanks a lot
|c|☆Melophetamine|great games
|l| IEATCANNDYHEHEXD
|l| Begin Testing
|l|☆drop a baby
|l| Meritone
|c| Fryderyk Nietzky|feels a little better to have lost to the eventual winner of the tournament lol
|l| soosig
|l| Fryderyk Nietzky
|l| VoxSomniator
|j| Chillrends
|j| Kyurem
|l| Kyurem
|l| Rosaism
|j| ownerfloor
|l| ownerfloor
