|j|☆Naruwuto
|j|☆cold.exe
|player|p1|Naruwuto|battlegirl-gen4|1381
|player|p2|cold.exe|flannery|1331
|teamsize|p1|6
|teamsize|p2|6
|gametype|singles
|gen|8
|tier|[Gen 8] OU
|rated|
|clearpoke
|poke|p1|Chansey, F|
|poke|p1|Quagsire, F|
|poke|p1|Toxapex, F|
|poke|p1|Mandibuzz, F|
|poke|p1|Reuniclus, F|
|poke|p1|Clefable, F|
|poke|p2|Diggersby, F|
|poke|p2|Azumarill, F|
|poke|p2|Mandibuzz, F|
|poke|p2|Rotom-Heat|
|poke|p2|Rillaboom, M|
|poke|p2|Cinderace, M|
|rule|Sleep Clause Mod: Limit one foe put to sleep
|rule|Species Clause: Limit one of each Pokémon
|rule|OHKO Clause: OHKO moves are banned
|rule|Evasion Moves Clause: Evasion moves are banned
|rule|Endless Battle Clause: Forcing endless battles is banned
|rule|HP Percentage Mod: HP is shown in percentages
|rule|Dynamax Clause: You cannot dynamax
|teampreview
|
|start
|switch|p1a: Toxapex|Toxapex, F|100/100
|switch|p2a: Bruh|Cinderace, M|100/100
|turn|1
|
|move|p2a: Bruh|Electro Ball|p1a: Toxapex
|-start|p2a: Bruh|typechange|Electric|[from] ability: Libero
|-supereffective|p1a: Toxapex
|-damage|p1a: Toxapex|8/100
|-damage|p2a: Bruh|91/100|[from] item: Life Orb
|move|p1a: Toxapex|Toxic Spikes|p2a: Bruh
|-sidestart|p2: cold.exe|move: Toxic Spikes
|
|-heal|p1a: Toxapex|14/100|[from] item: Black Sludge
|upkeep
|turn|2
|
|switch|p2a: Diggersby|Diggersby, F|100/100
|-status|p2a: Diggersby|psn
|switch|p1a: Quagsire|Quagsire, F|100/100
|
|-damage|p2a: Diggersby|88/100 psn|[from] psn
|upkeep
|turn|3
|
|move|p2a: Diggersby|Body Slam|p1a: Quagsire
|-damage|p1a: Quagsire|42/100
|-status|p1a: Quagsire|par
|move|p1a: Quagsire|Scald|p2a: Diggersby
|-supereffective|p2a: Diggersby
|-damage|p2a: Diggersby|36/100 psn
|
|-heal|p1a: Quagsire|48/100 par|[from] item: Leftovers
|-damage|p2a: Diggersby|24/100 psn|[from] psn
|upkeep
|turn|4
|
|switch|p1a: Clefable|Clefable, F|100/100
|move|p2a: Diggersby|Body Slam|p1a: Clefable
|-damage|p1a: Clefable|36/100
|
|-damage|p2a: Diggersby|11/100 psn|[from] psn
|upkeep
|turn|5
|inactive|Battle timer is ON: inactive players will automatically lose when time's up. (requested by Naruwuto)
|
|switch|p1a: Toxapex|Toxapex, F|48/100
|move|p2a: Diggersby|Body Slam|p1a: Toxapex
|-damage|p1a: Toxapex|0 fnt
|faint|p1a: Toxapex
|
|-damage|p2a: Diggersby|0 fnt|[from] psn
|faint|p2a: Diggersby
|upkeep
|
|switch|p2a: Mandibuzz|Mandibuzz, F|100/100
|switch|p1a: Chansey|Chansey, F|100/100
|turn|6
|
|move|p2a: Mandibuzz|Defog|p1a: Chansey
|-unboost|p1a: Chansey|evasion|1
|-sideend|p2: cold.exe|Toxic Spikes|[from] move: Defog|[of] p2a: Mandibuzz
|move|p1a: Chansey|Thunder Wave|p2a: Mandibuzz
|-status|p2a: Mandibuzz|par
|
|upkeep
|turn|7
|inactive|Naruwuto has 120 seconds left.
|
|switch|p1a: Clefable|Clefable, F|36/100
|move|p2a: Mandibuzz|U-turn|p1a: Clefable
|-resisted|p1a: Clefable
|-damage|p1a: Clefable|32/100
|
|switch|p2a: Azumarill|Azumarill, F|100/100|[from]move: U-turn
|
|upkeep
|turn|8
|
|move|p2a: Azumarill|Liquidation|p1a: Clefable
|-damage|p1a: Clefable|0 fnt
|faint|p1a: Clefable
|
|upkeep
|
|switch|p1a: Quagsire|Quagsire, F|48/100 par
|turn|9
|
|move|p2a: Azumarill|Liquidation|p1a: Quagsire
|-damage|p1a: Quagsire|0 fnt
|faint|p1a: Quagsire
|
|upkeep
|
|switch|p1a: Reuniclus|Reuniclus, F|100/100
|turn|10
|
|move|p2a: Azumarill|Liquidation|p1a: Reuniclus
|-damage|p1a: Reuniclus|45/100
|move|p1a: Reuniclus|Focus Blast|p2a: Azumarill|[miss]
|-miss|p1a: Reuniclus|p2a: Azumarill
|
|upkeep
|turn|11
|
|switch|p1a: Mandibuzz|Mandibuzz, F|100/100
|move|p2a: Azumarill|Liquidation|p1a: Mandibuzz
|-damage|p1a: Mandibuzz|39/100
|
|upkeep
|turn|12
|
|switch|p1a: Chansey|Chansey, F|100/100
|move|p2a: Azumarill|Liquidation|p1a: Chansey
|-damage|p1a: Chansey|50/100
|
|upkeep
|turn|13
|
|move|p2a: Azumarill|Liquidation|p1a: Chansey
|-damage|p1a: Chansey|2/100
|-unboost|p1a: Chansey|def|1
|move|p1a: Chansey|Soft-Boiled|p1a: Chansey
|-heal|p1a: Chansey|52/100
|
|upkeep
|turn|14
|
|switch|p1a: Reuniclus|Reuniclus, F|45/100
|move|p2a: Azumarill|Liquidation|p1a: Reuniclus
|-damage|p1a: Reuniclus|0 fnt
|faint|p1a: Reuniclus
|
|upkeep
|
|switch|p1a: Chansey|Chansey, F|52/100
|turn|15
|
|move|p2a: Azumarill|Liquidation|p1a: Chansey
|-crit|p1a: Chansey
|-damage|p1a: Chansey|0 fnt
|faint|p1a: Chansey
|
|upkeep
|
|switch|p1a: Mandibuzz|Mandibuzz, F|39/100
|turn|16
|
|move|p2a: Azumarill|Liquidation|p1a: Mandibuzz
|-crit|p1a: Mandibuzz
|-damage|p1a: Mandibuzz|0 fnt
|faint|p1a: Mandibuzz
|
|win|cold.exe
|raw|Naruwuto's rating: 1381 &rarr; <strong>1358</strong><br />(-23 for losing)
|raw|cold.exe's rating: 1331 &rarr; <strong>1354</strong><br />(+23 for winning)
