|j|☆Steve Omelette
|j|☆ian_yo
|t:|1658486787
|gametype|singles
|player|p1|Steve Omelette|266|1886
|player|p2|ian_yo|skier|1866
|teamsize|p1|6
|teamsize|p2|6
|gen|8
|tier|[Gen 8] OU
|rated|
|rule|Sleep Clause Mod: Limit one foe put to sleep
|rule|Species Clause: Limit one of each Pokémon
|rule|OHKO Clause: OHKO moves are banned
|rule|Evasion Moves Clause: Evasion moves are banned
|rule|Endless Battle Clause: Forcing endless battles is banned
|rule|HP Percentage Mod: HP is shown in percentages
|rule|Dynamax Clause: You cannot dynamax
|clearpoke
|poke|p1|Ferrothorn, F|
|poke|p1|Rotom-Wash|
|poke|p1|Tyranitar, F|
|poke|p1|Excadrill, M|
|poke|p1|Clefable, M|
|poke|p1|Dragapult, F|
|poke|p2|Mew|
|poke|p2|Sharpedo, M|
|poke|p2|Garchomp, M|
|poke|p2|Moltres-Galar|
|poke|p2|Blaziken, M|
|poke|p2|Kartana|
|teampreview
|inactive|Battle timer is ON: inactive players will automatically lose when time's up. (requested by ian_yo)
|j| Ran Kob
|l| Ran Kob
|j| Ran Kob
|
|t:|1658486815
|start
|switch|p1a: Tyranitar|Tyranitar, F|100/100
|switch|p2a: Mew|Mew|100/100
|-weather|Sandstorm|[from] ability: Sand Stream|[of] p1a: Tyranitar
|turn|1
|
|t:|1658486819
|move|p2a: Mew|Stealth Rock|p1a: Tyranitar
|-sidestart|p1: Steve Omelette|move: Stealth Rock
|move|p1a: Tyranitar|Crunch|p2a: Mew
|-supereffective|p2a: Mew
|-enditem|p2a: Mew|Colbur Berry|[eat]
|-enditem|p2a: Mew|Colbur Berry|[weaken]
|-damage|p2a: Mew|43/100
|
|-weather|Sandstorm|[upkeep]
|-damage|p2a: Mew|37/100|[from] Sandstorm
|upkeep
|turn|2
|
|t:|1658486823
|move|p2a: Mew|Spikes|p1a: Tyranitar
|-sidestart|p1: Steve Omelette|Spikes
|move|p1a: Tyranitar|Crunch|p2a: Mew
|-supereffective|p2a: Mew
|-damage|p2a: Mew|0 fnt
|faint|p2a: Mew
|
|-weather|Sandstorm|[upkeep]
|upkeep
|
|t:|1658486825
|switch|p2a: Blaziken|Blaziken, M|100/100
|turn|3
|
|t:|1658486830
|move|p2a: Blaziken|Swords Dance|p2a: Blaziken
|-boost|p2a: Blaziken|atk|2
|move|p1a: Tyranitar|Crunch|p2a: Blaziken
|-resisted|p2a: Blaziken
|-damage|p2a: Blaziken|54/100
|
|-weather|Sandstorm|[upkeep]
|-damage|p2a: Blaziken|48/100|[from] Sandstorm
|-heal|p2a: Blaziken|54/100|[from] item: Leftovers
|-ability|p2a: Blaziken|Speed Boost|boost
|-boost|p2a: Blaziken|spe|1
|upkeep
|turn|4
|j| VN Star
|
|t:|1658486841
|switch|p1a: Clefable|Clefable, M|100/100
|move|p2a: Blaziken|Close Combat|p1a: Clefable
|-resisted|p1a: Clefable
|-damage|p1a: Clefable|49/100
|-unboost|p2a: Blaziken|def|1
|-unboost|p2a: Blaziken|spd|1
|-damage|p2a: Blaziken|37/100|[from] item: Rocky Helmet|[of] p1a: Clefable
|
|-weather|Sandstorm|[upkeep]
|-damage|p2a: Blaziken|31/100|[from] Sandstorm
|-heal|p2a: Blaziken|37/100|[from] item: Leftovers
|-ability|p2a: Blaziken|Speed Boost|boost
|-boost|p2a: Blaziken|spe|1
|upkeep
|turn|5
|
|t:|1658486849
|move|p2a: Blaziken|Flare Blitz|p1a: Clefable
|-damage|p1a: Clefable|0 fnt
|-damage|p2a: Blaziken|21/100|[from] item: Rocky Helmet|[of] p1a: Clefable
|faint|p1a: Clefable
|-damage|p2a: Blaziken|1/100|[from] Recoil
|
|-weather|none
|-heal|p2a: Blaziken|7/100|[from] item: Leftovers
|-ability|p2a: Blaziken|Speed Boost|boost
|-boost|p2a: Blaziken|spe|1
|upkeep
|
|t:|1658486852
|switch|p1a: Tyranitar|Tyranitar, F|100/100
|-damage|p1a: Tyranitar|88/100|[from] Stealth Rock
|-damage|p1a: Tyranitar|76/100|[from] Spikes
|-weather|Sandstorm|[from] ability: Sand Stream|[of] p1a: Tyranitar
|turn|6
|
|t:|1658486856
|switch|p1a: Ferrothorn|Ferrothorn, F|100/100
|-damage|p1a: Ferrothorn|95/100|[from] Stealth Rock
|-damage|p1a: Ferrothorn|82/100|[from] Spikes
|move|p2a: Blaziken|Flare Blitz|p1a: Ferrothorn
|-supereffective|p1a: Ferrothorn
|-damage|p1a: Ferrothorn|0 fnt
|-damage|p2a: Blaziken|0 fnt|[from] ability: Iron Barbs|[of] p1a: Ferrothorn
|faint|p1a: Ferrothorn
|faint|p2a: Blaziken
|
|-weather|Sandstorm|[upkeep]
|upkeep
|
|t:|1658486866
|switch|p2a: Kartana|Kartana|100/100
|switch|p1a: Dragapult|Dragapult, F|100/100
|-damage|p1a: Dragapult|88/100|[from] Stealth Rock
|-damage|p1a: Dragapult|76/100|[from] Spikes
|turn|7
|
|t:|1658486869
|move|p2a: Kartana|Knock Off|p1a: Dragapult
|-supereffective|p1a: Dragapult
|-damage|p1a: Dragapult|0 fnt
|-enditem|p1a: Dragapult|Choice Specs|[from] move: Knock Off|[of] p2a: Kartana
|faint|p1a: Dragapult
|-ability|p2a: Kartana|Beast Boost|boost
|-boost|p2a: Kartana|atk|1
|
|-weather|Sandstorm|[upkeep]
|upkeep
|-message|Steve Omelette forfeited.
|
|win|ian_yo
|raw|Steve Omelette's rating: 1886 &rarr; <strong>1865</strong><br />(-21 for losing)
|raw|ian_yo's rating: 1866 &rarr; <strong>1887</strong><br />(+21 for winning)
|l|☆Steve Omelette
|l|☆ian_yo
|l| Ran Kob
|j|☆ian_yo
|player|p2|ian_yo|skier
