|j|☆samohi0
|j|☆minimax_ai
|t:|1665350325
|gametype|singles
|player|p1|samohi0|266|1563
|player|p2|minimax_ai|lusamine-nihilego|1555
|teamsize|p1|6
|teamsize|p2|6
|gen|8
|tier|[Gen 8] OU
|rated|
|rule|Sleep Clause Mod: Limit one foe put to sleep
|rule|Species Clause: Limit one of each Pokémon
|rule|OHKO Clause: OHKO moves are banned
|rule|Evasion Items Clause: Evasion items are banned
|rule|Evasion Moves Clause: Evasion moves are banned
|rule|Endless Battle Clause: Forcing endless battles is banned
|rule|HP Percentage Mod: HP is shown in percentages
|rule|Dynamax Clause: You cannot dynamax
|clearpoke
|poke|p1|Rillaboom, M|
|poke|p1|Dragonite, F|
|poke|p1|Weavile, F|
|poke|p1|Heatran, M|
|poke|p1|Nidoking, M|
|poke|p1|Crawdaunt, M|
|poke|p2|Rotom-Wash|
|poke|p2|Weavile, F|
|poke|p2|Landorus-Therian, M|
|poke|p2|Heatran, M|
|poke|p2|Tangrowth, M|
|poke|p2|Melmetal|
|teampreview
|
|t:|1665350328
|start
|switch|p1a: Nidoking|Nidoking, M|100/100
|switch|p2a: Melmetal|Melmetal|100/100
|turn|1
|c|☆minimax_ai|hf
|inactive|Battle timer is ON: inactive players will automatically lose when time's up. (requested by minimax_ai)
|
|t:|1665350330
|move|p1a: Nidoking|Earth Power|p2a: Melmetal
|-supereffective|p2a: Melmetal
|-damage|p2a: Melmetal|33/100
|move|p2a: Melmetal|Double Iron Bash|p1a: Nidoking
|-damage|p1a: Nidoking|41/100
|-damage|p1a: Nidoking|0 fnt
|faint|p1a: Nidoking
|-hitcount|p1: Nidoking|2
|
|upkeep
|j| Kyurem
|
|t:|1665350333
|switch|p1a: Heatran|Heatran, M|100/100
|-item|p1a: Heatran|Air Balloon
|turn|2
|
|t:|1665350334
|switch|p2a: rotomwash|Rotom-Wash|100/100
|move|p1a: Heatran|Magma Storm|p2a: rotomwash
|-resisted|p2a: rotomwash
|-damage|p2a: rotomwash|79/100
|-activate|p2a: rotomwash|move: Magma Storm|[of] p1a: Heatran
|
|-heal|p2a: rotomwash|85/100|[from] item: Leftovers
|-damage|p2a: rotomwash|73/100|[from] move: Magma Storm|[partiallytrapped]
|upkeep
|turn|3
|
|t:|1665350338
|move|p2a: rotomwash|Pain Split|p1a: Heatran
|-sethp|p1a: Heatran|82/100|[from] move: Pain Split|[silent]
|-sethp|p2a: rotomwash|94/100|[from] move: Pain Split
|move|p1a: Heatran|Stealth Rock|p2a: rotomwash
|-sidestart|p2: minimax_ai|move: Stealth Rock
|
|-heal|p2a: rotomwash|100/100|[from] item: Leftovers
|-damage|p2a: rotomwash|88/100|[from] move: Magma Storm|[partiallytrapped]
|upkeep
|turn|4
|
|t:|1665350340
|switch|p1a: Rillaboom|Rillaboom, M|100/100
|-fieldstart|move: Grassy Terrain|[from] ability: Grassy Surge|[of] p1a: Rillaboom
|move|p2a: rotomwash|Thunderbolt|p1a: Rillaboom
|-resisted|p1a: Rillaboom
|-damage|p1a: Rillaboom|81/100
|
|-heal|p2a: rotomwash|94/100|[from] item: Leftovers
|-heal|p1a: Rillaboom|87/100|[from] Grassy Terrain
|-end|p2a: rotomwash|Magma Storm|[partiallytrapped]|[silent]
|upkeep
|turn|5
|
|t:|1665350349
|switch|p2a: Tangrowth|Tangrowth, M|100/100
|-damage|p2a: Tangrowth|88/100|[from] Stealth Rock
|switch|p1a: Heatran|Heatran, M|82/100
|-item|p1a: Heatran|Air Balloon
|
|-heal|p2a: Tangrowth|94/100|[from] Grassy Terrain
|upkeep
|turn|6
|
|t:|1665350352
|switch|p2a: landorustherian|Landorus-Therian, M|100/100
|-damage|p2a: landorustherian|88/100|[from] Stealth Rock
|-ability|p2a: landorustherian|Intimidate|boost
|-unboost|p1a: Heatran|atk|1
|move|p1a: Heatran|Toxic|p2a: landorustherian
|-status|p2a: landorustherian|tox
|
|-heal|p2a: landorustherian|94/100 tox|[from] item: Leftovers
|-damage|p2a: landorustherian|88/100 tox|[from] psn
|upkeep
|turn|7
|
|t:|1665350355
|move|p1a: Heatran|Magma Storm|p2a: landorustherian
|-damage|p2a: landorustherian|55/100 tox
|-activate|p2a: landorustherian|move: Magma Storm|[of] p1a: Heatran
|move|p2a: landorustherian|U-turn|p1a: Heatran
|-resisted|p1a: Heatran
|-damage|p1a: Heatran|78/100
|-enditem|p1a: Heatran|Air Balloon
|
|t:|1665350355
|switch|p2a: Heatran|Heatran, M|100/100|[from]move: U-turn
|-damage|p2a: Heatran|88/100|[from] Stealth Rock
|-item|p2a: Heatran|Air Balloon
|
|-heal|p1a: Heatran|84/100|[from] Grassy Terrain
|upkeep
|turn|8
|
|t:|1665350362
|switch|p1a: Crawdaunt|Crawdaunt, M|100/100
|move|p2a: Heatran|Magma Storm|p1a: Crawdaunt
|-resisted|p1a: Crawdaunt
|-damage|p1a: Crawdaunt|45/100
|-activate|p1a: Crawdaunt|move: Magma Storm|[of] p2a: Heatran
|
|-heal|p1a: Crawdaunt|51/100|[from] Grassy Terrain
|-damage|p1a: Crawdaunt|39/100|[from] move: Magma Storm|[partiallytrapped]
|-fieldend|move: Grassy Terrain
|upkeep
|turn|9
|
|t:|1665350366
|switch|p2a: landorustherian|Landorus-Therian, M|55/100 tox
|-damage|p2a: landorustherian|42/100 tox|[from] Stealth Rock
|-ability|p2a: landorustherian|Intimidate|boost
|-unboost|p1a: Crawdaunt|atk|1
|move|p1a: Crawdaunt|Aqua Jet|p2a: landorustherian
|-supereffective|p2a: landorustherian
|-damage|p2a: landorustherian|5/100 tox
|
|-heal|p2a: landorustherian|11/100 tox|[from] item: Leftovers
|-damage|p2a: landorustherian|5/100 tox|[from] psn
|-end|p1a: Crawdaunt|Magma Storm|[partiallytrapped]|[silent]
|upkeep
|turn|10
|
|t:|1665350369
|move|p1a: Crawdaunt|Aqua Jet|p2a: landorustherian
|-supereffective|p2a: landorustherian
|-damage|p2a: landorustherian|0 fnt
|faint|p2a: landorustherian
|
|upkeep
|
|t:|1665350369
|switch|p2a: Melmetal|Melmetal|33/100
|-damage|p2a: Melmetal|27/100|[from] Stealth Rock
|turn|11
|
|t:|1665350372
|move|p1a: Crawdaunt|Knock Off|p2a: Melmetal
|-damage|p2a: Melmetal|0 fnt
|-enditem|p2a: Melmetal|Assault Vest|[from] move: Knock Off|[of] p1a: Crawdaunt
|faint|p2a: Melmetal
|
|upkeep
|
|t:|1665350372
|switch|p2a: Weavile|Weavile, F|100/100
|-damage|p2a: Weavile|76/100|[from] Stealth Rock
|-ability|p2a: Weavile|Pressure
|turn|12
|
|t:|1665350375
|move|p1a: Crawdaunt|Aqua Jet|p2a: Weavile
|-damage|p2a: Weavile|44/100
|move|p2a: Weavile|Knock Off|p1a: Crawdaunt
|-resisted|p1a: Crawdaunt
|-damage|p1a: Crawdaunt|0 fnt
|-enditem|p1a: Crawdaunt|Black Glasses|[from] move: Knock Off|[of] p2a: Weavile
|faint|p1a: Crawdaunt
|
|upkeep
|
|t:|1665350396
|switch|p1a: Rillaboom|Rillaboom, M|87/100
|-fieldstart|move: Grassy Terrain|[from] ability: Grassy Surge|[of] p1a: Rillaboom
|turn|13
|
|t:|1665350397
|switch|p2a: Tangrowth|Tangrowth, M|100/100
|-damage|p2a: Tangrowth|88/100|[from] Stealth Rock
|move|p1a: Rillaboom|Superpower|p2a: Tangrowth
|-damage|p2a: Tangrowth|58/100
|-unboost|p1a: Rillaboom|atk|1
|-unboost|p1a: Rillaboom|def|1
|-damage|p1a: Rillaboom|71/100|[from] item: Rocky Helmet|[of] p2a: Tangrowth
|-damage|p1a: Rillaboom|61/100|[from] item: Life Orb
|
|-heal|p1a: Rillaboom|67/100|[from] Grassy Terrain
|-heal|p2a: Tangrowth|64/100|[from] Grassy Terrain
|upkeep
|turn|14
|
|t:|1665350400
|switch|p1a: Heatran|Heatran, M|84/100
|move|p2a: Tangrowth|Sleep Powder|p1a: Heatran
|-status|p1a: Heatran|slp|[from] move: Sleep Powder
|
|-heal|p1a: Heatran|90/100 slp|[from] Grassy Terrain
|-heal|p2a: Tangrowth|70/100|[from] Grassy Terrain
|upkeep
|turn|15
|
|t:|1665350405
|switch|p1a: Dragonite|Dragonite, F|100/100
|switch|p2a: rotomwash|Rotom-Wash|94/100
|-damage|p2a: rotomwash|82/100|[from] Stealth Rock
|
|-heal|p2a: rotomwash|88/100|[from] item: Leftovers
|upkeep
|turn|16
|
|t:|1665350409
|switch|p1a: Rillaboom|Rillaboom, M|67/100
|move|p2a: rotomwash|Thunderbolt|p1a: Rillaboom
|-resisted|p1a: Rillaboom
|-damage|p1a: Rillaboom|48/100
|
|-heal|p2a: rotomwash|94/100|[from] item: Leftovers
|-heal|p1a: Rillaboom|55/100|[from] Grassy Terrain
|upkeep
|turn|17
|
|t:|1665350414
|switch|p2a: Tangrowth|Tangrowth, M|100/100
|-damage|p2a: Tangrowth|88/100|[from] Stealth Rock
|switch|p1a: Heatran|Heatran, M|90/100 slp
|
|-heal|p1a: Heatran|96/100 slp|[from] Grassy Terrain
|-heal|p2a: Tangrowth|94/100|[from] Grassy Terrain
|-fieldend|move: Grassy Terrain
|upkeep
|turn|18
|
|t:|1665350415
|switch|p2a: rotomwash|Rotom-Wash|94/100
|-damage|p2a: rotomwash|82/100|[from] Stealth Rock
|cant|p1a: Heatran|slp
|
|-heal|p2a: rotomwash|88/100|[from] item: Leftovers
|upkeep
|turn|19
|
|t:|1665350418
|move|p2a: rotomwash|Thunderbolt|p1a: Heatran
|-damage|p1a: Heatran|65/100 slp
|cant|p1a: Heatran|slp
|
|-heal|p2a: rotomwash|94/100|[from] item: Leftovers
|upkeep
|turn|20
|
|t:|1665350420
|move|p2a: rotomwash|Thunderbolt|p1a: Heatran
|-damage|p1a: Heatran|30/100 slp
|-curestatus|p1a: Heatran|slp|[msg]
|move|p1a: Heatran|Toxic|p2a: rotomwash
|-status|p2a: rotomwash|tox
|
|-heal|p2a: rotomwash|100/100 tox|[from] item: Leftovers
|-damage|p2a: rotomwash|94/100 tox|[from] psn
|upkeep
|turn|21
|
|t:|1665350425
|switch|p1a: Rillaboom|Rillaboom, M|55/100
|-fieldstart|move: Grassy Terrain|[from] ability: Grassy Surge|[of] p1a: Rillaboom
|move|p2a: rotomwash|Thunderbolt|p1a: Rillaboom
|-resisted|p1a: Rillaboom
|-damage|p1a: Rillaboom|34/100
|
|-heal|p2a: rotomwash|100/100 tox|[from] item: Leftovers
|-heal|p1a: Rillaboom|40/100|[from] Grassy Terrain
|-damage|p2a: rotomwash|88/100 tox|[from] psn
|upkeep
|turn|22
|
|t:|1665350427
|switch|p2a: Tangrowth|Tangrowth, M|100/100
|-damage|p2a: Tangrowth|88/100|[from] Stealth Rock
|switch|p1a: Heatran|Heatran, M|30/100
|
|-heal|p1a: Heatran|36/100|[from] Grassy Terrain
|-heal|p2a: Tangrowth|94/100|[from] Grassy Terrain
|upkeep
|turn|23
|
|t:|1665350428
|switch|p2a: rotomwash|Rotom-Wash|88/100 tox
|-damage|p2a: rotomwash|75/100 tox|[from] Stealth Rock
|move|p1a: Heatran|Stealth Rock||[still]
|-fail|p1a: Heatran
|
|-heal|p2a: rotomwash|82/100 tox|[from] item: Leftovers
|-heal|p1a: Heatran|42/100|[from] Grassy Terrain
|-damage|p2a: rotomwash|75/100 tox|[from] psn
|upkeep
|turn|24
|
|t:|1665350430
|switch|p1a: Rillaboom|Rillaboom, M|40/100
|move|p2a: rotomwash|Thunderbolt|p1a: Rillaboom
|-resisted|p1a: Rillaboom
|-damage|p1a: Rillaboom|19/100
|
|-heal|p2a: rotomwash|82/100 tox|[from] item: Leftovers
|-heal|p1a: Rillaboom|25/100|[from] Grassy Terrain
|-damage|p2a: rotomwash|69/100 tox|[from] psn
|upkeep
|turn|25
|
|t:|1665350432
|switch|p2a: Tangrowth|Tangrowth, M|100/100
|-damage|p2a: Tangrowth|88/100|[from] Stealth Rock
|move|p1a: Rillaboom|Grassy Glide|p2a: Tangrowth
|-resisted|p2a: Tangrowth
|-damage|p2a: Tangrowth|71/100
|-damage|p1a: Rillaboom|9/100|[from] item: Rocky Helmet|[of] p2a: Tangrowth
|-damage|p1a: Rillaboom|0 fnt|[from] item: Life Orb
|faint|p1a: Rillaboom
|
|-heal|p2a: Tangrowth|77/100|[from] Grassy Terrain
|-fieldend|move: Grassy Terrain
|upkeep
|
|t:|1665350434
|switch|p1a: Heatran|Heatran, M|42/100
|turn|26
|
|t:|1665350435
|switch|p2a: rotomwash|Rotom-Wash|69/100 tox
|-damage|p2a: rotomwash|57/100 tox|[from] Stealth Rock
|move|p1a: Heatran|Magma Storm|p2a: rotomwash
|-resisted|p2a: rotomwash
|-damage|p2a: rotomwash|33/100 tox
|-activate|p2a: rotomwash|move: Magma Storm|[of] p1a: Heatran
|
|-heal|p2a: rotomwash|40/100 tox|[from] item: Leftovers
|-damage|p2a: rotomwash|33/100 tox|[from] psn
|-damage|p2a: rotomwash|21/100 tox|[from] move: Magma Storm|[partiallytrapped]
|upkeep
|turn|27
|
|t:|1665350439
|move|p2a: rotomwash|Pain Split|p1a: Heatran
|-sethp|p1a: Heatran|30/100|[from] move: Pain Split|[silent]
|-sethp|p2a: rotomwash|34/100 tox|[from] move: Pain Split
|move|p1a: Heatran|Magma Storm|p2a: rotomwash
|-resisted|p2a: rotomwash
|-damage|p2a: rotomwash|12/100 tox
|
|-heal|p2a: rotomwash|18/100 tox|[from] item: Leftovers
|-damage|p2a: rotomwash|5/100 tox|[from] psn
|-damage|p2a: rotomwash|0 fnt|[from] move: Magma Storm|[partiallytrapped]
|faint|p2a: rotomwash
|upkeep
|
|t:|1665350439
|switch|p2a: Weavile|Weavile, F|44/100
|-damage|p2a: Weavile|19/100|[from] Stealth Rock
|-ability|p2a: Weavile|Pressure
|turn|28
|
|t:|1665350441
|move|p2a: Weavile|Low Kick|p1a: Heatran
|-supereffective|p1a: Heatran
|-damage|p1a: Heatran|0 fnt
|faint|p1a: Heatran
|
|upkeep
|
|t:|1665350445
|switch|p1a: Dragonite|Dragonite, F|100/100
|turn|29
|
|t:|1665350446
|switch|p2a: Heatran|Heatran, M|88/100
|-damage|p2a: Heatran|76/100|[from] Stealth Rock
|-item|p2a: Heatran|Air Balloon
|move|p1a: Dragonite|Dragon Dance|p1a: Dragonite
|-boost|p1a: Dragonite|atk|1
|-boost|p1a: Dragonite|spe|1
|
|upkeep
|turn|30
|
|t:|1665350450
|move|p1a: Dragonite|Ice Punch|p2a: Heatran
|-resisted|p2a: Heatran
|-damage|p2a: Heatran|65/100
|-enditem|p2a: Heatran|Air Balloon
|move|p2a: Heatran|Magma Storm|p1a: Dragonite|[miss]
|-miss|p2a: Heatran|p1a: Dragonite
|
|upkeep
|turn|31
|
|t:|1665350453
|switch|p2a: Tangrowth|Tangrowth, M|100/100
|-damage|p2a: Tangrowth|88/100|[from] Stealth Rock
|move|p1a: Dragonite|Earthquake|p2a: Tangrowth
|-resisted|p2a: Tangrowth
|-damage|p2a: Tangrowth|75/100
|
|upkeep
|turn|32
|
|t:|1665350458
|move|p1a: Dragonite|Dual Wingbeat|p2a: Tangrowth
|-supereffective|p2a: Tangrowth
|-damage|p2a: Tangrowth|39/100
|-damage|p1a: Dragonite|84/100|[from] item: Rocky Helmet|[of] p2a: Tangrowth
|-supereffective|p2a: Tangrowth
|-damage|p2a: Tangrowth|2/100
|-damage|p1a: Dragonite|68/100|[from] item: Rocky Helmet|[of] p2a: Tangrowth
|-hitcount|p2a: Tangrowth|2
|move|p2a: Tangrowth|Sleep Powder|p1a: Dragonite|[miss]
|-miss|p2a: Tangrowth|p1a: Dragonite
|
|upkeep
|turn|33
|
|t:|1665350465
|move|p1a: Dragonite|Ice Punch|p2a: Tangrowth
|-supereffective|p2a: Tangrowth
|-damage|p2a: Tangrowth|0 fnt
|-damage|p1a: Dragonite|51/100|[from] item: Rocky Helmet|[of] p2a: Tangrowth
|faint|p2a: Tangrowth
|
|upkeep
|
|t:|1665350465
|switch|p2a: Weavile|Weavile, F|19/100
|-damage|p2a: Weavile|0 fnt|[from] Stealth Rock
|faint|p2a: Weavile
|
|t:|1665350466
|switch|p2a: Heatran|Heatran, M|65/100
|-damage|p2a: Heatran|53/100|[from] Stealth Rock
|turn|34
|
|t:|1665350468
|move|p1a: Dragonite|Earthquake|p2a: Heatran
|-supereffective|p2a: Heatran
|-crit|p2a: Heatran
|-damage|p2a: Heatran|0 fnt
|faint|p2a: Heatran
|
|win|samohi0
|raw|samohi0's rating: 1563 &rarr; <strong>1583</strong><br />(+20 for winning)
|raw|minimax_ai's rating: 1555 &rarr; <strong>1535</strong><br />(-20 for losing)
|c|☆minimax_ai|gg
