|j|☆Steez Ibanez
|j|☆Lost Temple
|t:|1667277847
|gametype|singles
|player|p1|Steez Ibanez|acetrainer-gen7|1712
|player|p2|Lost Temple|brock-gen1rb|1724
|teamsize|p1|6
|teamsize|p2|6
|gen|8
|tier|[Gen 8] OU
|rated|
|rule|Sleep Clause Mod: Limit one foe put to sleep
|rule|Species Clause: Limit one of each Pokémon
|rule|OHKO Clause: OHKO moves are banned
|rule|Evasion Items Clause: Evasion items are banned
|rule|Evasion Moves Clause: Evasion moves are banned
|rule|Endless Battle Clause: Forcing endless battles is banned
|rule|HP Percentage Mod: HP is shown in percentages
|rule|Dynamax Clause: You cannot dynamax
|clearpoke
|poke|p1|Gengar, M|
|poke|p1|Heatran, M|
|poke|p1|Garchomp, M|
|poke|p1|Zapdos|
|poke|p1|Tapu Fini|
|poke|p1|Ferrothorn, M|
|poke|p2|Weavile, M|
|poke|p2|Dragapult, M|
|poke|p2|Melmetal|
|poke|p2|Volcanion|
|poke|p2|Kartana|
|poke|p2|Landorus-Therian, M|
|teampreview
|
|t:|1667277856
|start
|switch|p1a: Joe Chill|Gengar, M|100/100
|switch|p2a: Landorus|Landorus-Therian, M|100/100
|-ability|p2a: Landorus|Intimidate|boost
|-unboost|p1a: Joe Chill|atk|1
|turn|1
|j| The Rum Tum Tugger
|
|t:|1667277864
|move|p1a: Joe Chill|Trick|p2a: Landorus
|-activate|p1a: Joe Chill|move: Trick|[of] p2a: Landorus
|-item|p2a: Landorus|Choice Scarf|[from] move: Trick
|-item|p1a: Joe Chill|Leftovers|[from] move: Trick
|move|p2a: Landorus|Earthquake|p1a: Joe Chill
|-supereffective|p1a: Joe Chill
|-damage|p1a: Joe Chill|0 fnt
|-start|p2a: Landorus|Disable|Earthquake|[from] ability: Cursed Body|[of] p1a: Joe Chill
|faint|p1a: Joe Chill
|
|upkeep
|inactive|Battle timer is ON: inactive players will automatically lose when time's up. (requested by Lost Temple)
|
|t:|1667277872
|switch|p1a: Hephaestus|Heatran, M|100/100
|-item|p1a: Hephaestus|Air Balloon
|turn|2
|
|t:|1667277878
|switch|p2a: Dragapult|Dragapult, M|100/100
|move|p1a: Hephaestus|Stealth Rock|p2a: Dragapult
|-sidestart|p2: Lost Temple|move: Stealth Rock
|
|upkeep
|turn|3
|
|t:|1667277881
|switch|p1a: Abomination|Ferrothorn, M|100/100
|move|p2a: Dragapult|Shadow Ball|p1a: Abomination
|-damage|p1a: Abomination|51/100
|
|upkeep
|turn|4
|
|t:|1667277895
|switch|p2a: Volcanion|Volcanion|100/100
|move|p1a: Abomination|Knock Off|p2a: Volcanion
|-damage|p2a: Volcanion|81/100
|-enditem|p2a: Volcanion|Heavy-Duty Boots|[from] move: Knock Off|[of] p1a: Abomination
|
|upkeep
|turn|5
|
|t:|1667277901
|switch|p1a: Samehada|Garchomp, M|100/100
|move|p2a: Volcanion|Steam Eruption|p1a: Samehada
|-damage|p1a: Samehada|34/100
|-status|p1a: Samehada|brn
|
|-heal|p1a: Samehada|40/100 brn|[from] item: Leftovers
|-damage|p1a: Samehada|34/100 brn|[from] brn
|upkeep
|turn|6
|
|t:|1667277904
|switch|p2a: Landorus|Landorus-Therian, M|100/100
|-damage|p2a: Landorus|88/100|[from] Stealth Rock
|-ability|p2a: Landorus|Intimidate|boost
|-unboost|p1a: Samehada|atk|1
|move|p1a: Samehada|Earthquake|p2a: Landorus
|-immune|p2a: Landorus
|
|-heal|p1a: Samehada|40/100 brn|[from] item: Leftovers
|-damage|p1a: Samehada|34/100 brn|[from] brn
|upkeep
|turn|7
|
|t:|1667277909
|move|p1a: Samehada|Swords Dance|p1a: Samehada
|-boost|p1a: Samehada|atk|2
|move|p2a: Landorus|Defog|p1a: Samehada
|-unboost|p1a: Samehada|evasion|1
|-sideend|p2: Lost Temple|Stealth Rock|[from] move: Defog|[of] p2a: Landorus
|
|-heal|p1a: Samehada|40/100 brn|[from] item: Leftovers
|-damage|p1a: Samehada|34/100 brn|[from] brn
|upkeep
|turn|8
|
|t:|1667277916
|switch|p2a: Volcanion|Volcanion|81/100
|move|p1a: Samehada|Earthquake|p2a: Volcanion
|-supereffective|p2a: Volcanion
|-damage|p2a: Volcanion|1/100
|
|-heal|p1a: Samehada|40/100 brn|[from] item: Leftovers
|-damage|p1a: Samehada|34/100 brn|[from] brn
|upkeep
|turn|9
|
|t:|1667277919
|switch|p2a: Landorus|Landorus-Therian, M|88/100
|-ability|p2a: Landorus|Intimidate|boost
|-unboost|p1a: Samehada|atk|1
|move|p1a: Samehada|Scale Shot|p2a: Landorus
|-damage|p2a: Landorus|81/100
|-damage|p2a: Landorus|75/100
|-damage|p2a: Landorus|68/100
|-hitcount|p2a: Landorus|3
|-unboost|p1a: Samehada|def|1
|-boost|p1a: Samehada|spe|1
|
|-heal|p1a: Samehada|40/100 brn|[from] item: Leftovers
|-damage|p1a: Samehada|34/100 brn|[from] brn
|upkeep
|turn|10
|
|t:|1667277923
|switch|p1a: Hephaestus|Heatran, M|100/100
|-item|p1a: Hephaestus|Air Balloon
|move|p2a: Landorus|U-turn|p1a: Hephaestus
|-resisted|p1a: Hephaestus
|-damage|p1a: Hephaestus|95/100
|-enditem|p1a: Hephaestus|Air Balloon
|
|t:|1667277931
|switch|p2a: Dragapult|Dragapult, M|100/100|[from]move: U-turn
|
|upkeep
|turn|11
|
|t:|1667277938
|move|p2a: Dragapult|Shadow Ball|p1a: Hephaestus
|-damage|p1a: Hephaestus|37/100
|move|p1a: Hephaestus|Stealth Rock|p2a: Dragapult
|-sidestart|p2: Lost Temple|move: Stealth Rock
|
|upkeep
|turn|12
|
|t:|1667277940
|switch|p1a: Samehada|Garchomp, M|34/100 brn
|move|p2a: Dragapult|Shadow Ball|p1a: Samehada
|-damage|p1a: Samehada|0 fnt
|faint|p1a: Samehada
|
|upkeep
|
|t:|1667277946
|switch|p1a: Watcher|Tapu Fini|100/100
|-fieldstart|move: Misty Terrain|[from] ability: Misty Surge|[of] p1a: Watcher
|turn|13
|
|t:|1667277951
|switch|p2a: Volcanion|Volcanion|1/100
|-damage|p2a: Volcanion|0 fnt|[from] Stealth Rock
|faint|p2a: Volcanion
|move|p1a: Watcher|Calm Mind|p1a: Watcher
|-boost|p1a: Watcher|spa|1
|-boost|p1a: Watcher|spd|1
|
|upkeep
|
|t:|1667277956
|switch|p2a: Melmetal|Melmetal|100/100
|-damage|p2a: Melmetal|94/100|[from] Stealth Rock
|turn|14
|
|t:|1667277959
|switch|p1a: Abomination|Ferrothorn, M|51/100
|move|p2a: Melmetal|Double Iron Bash|p1a: Abomination
|-resisted|p1a: Abomination
|-damage|p1a: Abomination|31/100
|-damage|p2a: Melmetal|82/100|[from] ability: Iron Barbs|[of] p1a: Abomination
|-damage|p2a: Melmetal|65/100|[from] item: Rocky Helmet|[of] p1a: Abomination
|-resisted|p1a: Abomination
|-damage|p1a: Abomination|11/100
|-damage|p2a: Melmetal|53/100|[from] ability: Iron Barbs|[of] p1a: Abomination
|-damage|p2a: Melmetal|37/100|[from] item: Rocky Helmet|[of] p1a: Abomination
|-hitcount|p1a: Abomination|2
|
|upkeep
|turn|15
|
|t:|1667277965
|move|p2a: Melmetal|Double Iron Bash|p1a: Abomination
|-resisted|p1a: Abomination
|-damage|p1a: Abomination|0 fnt
|-damage|p2a: Melmetal|24/100|[from] ability: Iron Barbs|[of] p1a: Abomination
|-damage|p2a: Melmetal|8/100|[from] item: Rocky Helmet|[of] p1a: Abomination
|faint|p1a: Abomination
|-hitcount|p1: Abomination|1
|
|upkeep
|
|t:|1667277968
|switch|p1a: Watcher|Tapu Fini|100/100
|turn|16
|
|t:|1667277969
|move|p1a: Watcher|Surf|p2a: Melmetal
|-damage|p2a: Melmetal|0 fnt
|faint|p2a: Melmetal
|
|upkeep
|
|t:|1667277972
|switch|p2a: Kartana|Kartana, shiny|100/100
|-damage|p2a: Kartana|94/100|[from] Stealth Rock
|turn|17
|
|t:|1667277977
|switch|p2a: Weavile|Weavile, M|100/100
|-damage|p2a: Weavile|76/100|[from] Stealth Rock
|-ability|p2a: Weavile|Pressure
|switch|p1a: Bolt|Zapdos|100/100
|
|-fieldend|Misty Terrain
|upkeep
|turn|18
|
|t:|1667277982
|switch|p1a: Hephaestus|Heatran, M|37/100
|move|p2a: Weavile|Knock Off|p1a: Hephaestus
|-damage|p1a: Hephaestus|0 fnt
|faint|p1a: Hephaestus
|
|upkeep
|
|t:|1667277987
|switch|p1a: Watcher|Tapu Fini|100/100
|-fieldstart|move: Misty Terrain|[from] ability: Misty Surge|[of] p1a: Watcher
|turn|19
|
|t:|1667277994
|move|p2a: Weavile|Knock Off|p1a: Watcher
|-resisted|p1a: Watcher
|-damage|p1a: Watcher|73/100
|-enditem|p1a: Watcher|Leftovers|[from] move: Knock Off|[of] p2a: Weavile
|move|p1a: Watcher|Surf|p2a: Weavile
|-damage|p2a: Weavile|35/100
|
|upkeep
|turn|20
|
|t:|1667278000
|move|p2a: Weavile|Knock Off|p1a: Watcher
|-resisted|p1a: Watcher
|-damage|p1a: Watcher|56/100
|move|p1a: Watcher|Draining Kiss|p2a: Weavile
|-supereffective|p2a: Weavile
|-damage|p2a: Weavile|0 fnt
|-heal|p1a: Watcher|77/100|[from] drain|[of] p2a: Weavile
|faint|p2a: Weavile
|
|upkeep
|
|t:|1667278006
|switch|p2a: Kartana|Kartana, shiny|94/100
|-damage|p2a: Kartana|88/100|[from] Stealth Rock
|turn|21
|
|t:|1667278011
|switch|p1a: Bolt|Zapdos|100/100
|move|p2a: Kartana|Leaf Blade|p1a: Bolt
|-resisted|p1a: Bolt
|-crit|p1a: Bolt
|-damage|p1a: Bolt|67/100
|
|upkeep
|turn|22
|
|t:|1667278015
|switch|p2a: Landorus|Landorus-Therian, M|68/100
|-damage|p2a: Landorus|56/100|[from] Stealth Rock
|-ability|p2a: Landorus|Intimidate|boost
|-unboost|p1a: Bolt|atk|1
|move|p1a: Bolt|Roost|p1a: Bolt
|-heal|p1a: Bolt|100/100
|-singleturn|p1a: Bolt|move: Roost
|
|upkeep
|turn|23
|j| moonr1se5
|
|t:|1667278021
|switch|p1a: Watcher|Tapu Fini|77/100
|move|p2a: Landorus|Earthquake|p1a: Watcher
|-damage|p1a: Watcher|45/100
|
|-fieldend|Misty Terrain
|upkeep
|turn|24
|
|t:|1667278028
|switch|p1a: Bolt|Zapdos|100/100
|move|p2a: Landorus|Earthquake|p1a: Bolt
|-immune|p1a: Bolt
|
|upkeep
|turn|25
|
|t:|1667278031
|move|p2a: Landorus|Earthquake|p1a: Bolt
|-immune|p1a: Bolt
|move|p1a: Bolt|Volt Switch|p2a: Landorus
|-immune|p2a: Landorus
|
|upkeep
|turn|26
|
|t:|1667278033
|move|p2a: Landorus|Earthquake|p1a: Bolt
|-immune|p1a: Bolt
|move|p1a: Bolt|Toxic|p2a: Landorus
|-status|p2a: Landorus|tox
|
|-damage|p2a: Landorus|50/100 tox|[from] psn
|upkeep
|turn|27
|
|t:|1667278038
|move|p2a: Landorus|Earthquake|p1a: Bolt
|-immune|p1a: Bolt
|move|p1a: Bolt|Volt Switch|p2a: Landorus
|-immune|p2a: Landorus
|
|-damage|p2a: Landorus|38/100 tox|[from] psn
|upkeep
|turn|28
|
|t:|1667278041
|move|p2a: Landorus|Earthquake|p1a: Bolt
|-immune|p1a: Bolt
|move|p1a: Bolt|Volt Switch|p2a: Landorus
|-immune|p2a: Landorus
|
|-damage|p2a: Landorus|20/100 tox|[from] psn
|upkeep
|turn|29
|
|t:|1667278045
|move|p2a: Landorus|Earthquake|p1a: Bolt
|-immune|p1a: Bolt
|move|p1a: Bolt|Volt Switch|p2a: Landorus
|-immune|p2a: Landorus
|
|-damage|p2a: Landorus|0 fnt|[from] psn
|faint|p2a: Landorus
|upkeep
|
|t:|1667278047
|switch|p2a: Dragapult|Dragapult, M|100/100
|-damage|p2a: Dragapult|88/100|[from] Stealth Rock
|turn|30
|
|t:|1667278049
|switch|p1a: Watcher|Tapu Fini|45/100
|-fieldstart|move: Misty Terrain|[from] ability: Misty Surge|[of] p1a: Watcher
|move|p2a: Dragapult|Shadow Ball|p1a: Watcher
|-damage|p1a: Watcher|0 fnt
|faint|p1a: Watcher
|
|upkeep
|
|t:|1667278052
|switch|p1a: Bolt|Zapdos|100/100
|turn|31
|-message|Steez Ibanez forfeited.
|
|win|Lost Temple
|raw|Steez Ibanez's rating: 1734 &rarr; <strong>1713</strong><br />(-21 for losing)
|raw|Lost Temple's rating: 1724 &rarr; <strong>1745</strong><br />(+21 for winning)
|l|☆Steez Ibanez
