|j|☆RggV_YT
|j|☆knexhawk2
|t:|1665335868
|gametype|singles
|player|p1|RggV_YT|scientist-gen4|1892
|player|p2|knexhawk2|acetrainer-gen4dp|1972
|teamsize|p1|6
|teamsize|p2|6
|gen|8
|tier|[Gen 8] OU
|rated|
|rule|Sleep Clause Mod: Limit one foe put to sleep
|rule|Species Clause: Limit one of each Pokémon
|rule|OHKO Clause: OHKO moves are banned
|rule|Evasion Items Clause: Evasion items are banned
|rule|Evasion Moves Clause: Evasion moves are banned
|rule|Endless Battle Clause: Forcing endless battles is banned
|rule|HP Percentage Mod: HP is shown in percentages
|rule|Dynamax Clause: You cannot dynamax
|clearpoke
|poke|p1|Dragapult, M|
|poke|p1|Rotom-Wash|
|poke|p1|Landorus-Therian, M|
|poke|p1|Melmetal|
|poke|p1|Weavile, M|
|poke|p1|Kartana|
|poke|p2|Xurkitree|
|poke|p2|Slowbro, F|
|poke|p2|Rillaboom, F|
|poke|p2|Melmetal|
|poke|p2|Tornadus-Therian, M|
|poke|p2|Landorus-Therian, M|
|teampreview
|inactive|Battle timer is ON: inactive players will automatically lose when time's up. (requested by RggV_YT)
|
|t:|1665335882
|start
|switch|p1a: Phantom|Rotom-Wash, shiny|100/100
|switch|p2a: Tornadus|Tornadus-Therian, M|100/100
|turn|1
|
|t:|1665335886
|move|p2a: Tornadus|Knock Off|p1a: Phantom
|-damage|p1a: Phantom|70/100
|-enditem|p1a: Phantom|Leftovers|[from] move: Knock Off|[of] p2a: Tornadus
|move|p1a: Phantom|Nasty Plot|p1a: Phantom
|-boost|p1a: Phantom|spa|2
|
|upkeep
|turn|2
|
|t:|1665335890
|move|p2a: Tornadus|U-turn|p1a: Phantom
|-damage|p1a: Phantom|49/100
|
|t:|1665335891
|switch|p2a: Rillaboom|Rillaboom, F|100/100|[from]move: U-turn
|-fieldstart|move: Grassy Terrain|[from] ability: Grassy Surge|[of] p2a: Rillaboom
|move|p1a: Phantom|Volt Switch|p2a: Rillaboom
|-resisted|p2a: Rillaboom
|-damage|p2a: Rillaboom|55/100
|
|t:|1665335896
|switch|p1a: Leviathan|Dragapult, M, shiny|100/100|[from]move: Volt Switch
|
|-heal|p2a: Rillaboom|61/100|[from] Grassy Terrain
|upkeep
|turn|3
|
|t:|1665335908
|switch|p2a: Tornadus|Tornadus-Therian, M|100/100
|move|p1a: Leviathan|Shadow Ball|p2a: Tornadus
|-damage|p2a: Tornadus|64/100
|
|upkeep
|turn|4
|
|t:|1665335914
|switch|p1a: Enten|Landorus-Therian, M, shiny|100/100
|-ability|p1a: Enten|Intimidate|boost
|-unboost|p2a: Tornadus|atk|1
|move|p2a: Tornadus|U-turn|p1a: Enten
|-resisted|p1a: Enten
|-damage|p1a: Enten|96/100
|
|t:|1665335917
|switch|p2a: Slowbro|Slowbro, F|100/100|[from]move: U-turn
|
|-heal|p1a: Enten|100/100|[from] item: Leftovers
|upkeep
|turn|5
|
|t:|1665335921
|move|p1a: Enten|Stealth Rock|p2a: Slowbro
|-sidestart|p2: knexhawk2|move: Stealth Rock
|move|p2a: Slowbro|Scald|p1a: Enten
|-supereffective|p1a: Enten
|-damage|p1a: Enten|53/100
|-status|p1a: Enten|brn
|
|-heal|p1a: Enten|59/100 brn|[from] item: Leftovers
|-damage|p1a: Enten|53/100 brn|[from] brn
|upkeep
|turn|6
|
|t:|1665335927
|switch|p1a: Leviathan|Dragapult, M, shiny|100/100
|move|p2a: Slowbro|Teleport|p2a: Slowbro
|
|t:|1665335928
|switch|p2a: Tornadus|Tornadus-Therian, M|97/100|[from]move: Teleport
|-damage|p2a: Tornadus|72/100|[from] Stealth Rock
|
|-fieldend|move: Grassy Terrain
|upkeep
|turn|7
|
|t:|1665335935
|switch|p1a: Enten|Landorus-Therian, M, shiny|53/100 brn
|-ability|p1a: Enten|Intimidate|boost
|-unboost|p2a: Tornadus|atk|1
|move|p2a: Tornadus|Icy Wind|p1a: Enten
|-supereffective|p1a: Enten
|-damage|p1a: Enten|11/100 brn
|-unboost|p1a: Enten|spe|1
|
|-heal|p1a: Enten|17/100 brn|[from] item: Leftovers
|-damage|p1a: Enten|11/100 brn|[from] brn
|upkeep
|turn|8
|
|t:|1665335939
|move|p2a: Tornadus|U-turn|p1a: Enten
|-resisted|p1a: Enten
|-damage|p1a: Enten|6/100 brn
|
|t:|1665335940
|switch|p2a: Landorus|Landorus-Therian, M|100/100|[from]move: U-turn
|-damage|p2a: Landorus|88/100|[from] Stealth Rock
|-ability|p2a: Landorus|Intimidate|boost
|-unboost|p1a: Enten|atk|1
|move|p1a: Enten|U-turn|p2a: Landorus
|-resisted|p2a: Landorus
|-damage|p2a: Landorus|85/100
|
|t:|1665335955
|switch|p1a: Phantom|Rotom-Wash, shiny|49/100|[from]move: U-turn
|
|-heal|p2a: Landorus|91/100|[from] item: Leftovers
|upkeep
|turn|9
|
|t:|1665335962
|move|p1a: Phantom|Hydro Pump|p2a: Landorus
|-supereffective|p2a: Landorus
|-damage|p2a: Landorus|19/100
|move|p2a: Landorus|Defog|p1a: Phantom
|-unboost|p1a: Phantom|evasion|1
|-sideend|p2: knexhawk2|Stealth Rock|[from] move: Defog|[of] p2a: Landorus
|
|-heal|p2a: Landorus|25/100|[from] item: Leftovers
|upkeep
|turn|10
|
|t:|1665335970
|switch|p2a: Rillaboom|Rillaboom, F|61/100
|-fieldstart|move: Grassy Terrain|[from] ability: Grassy Surge|[of] p2a: Rillaboom
|move|p1a: Phantom|Hydro Pump|p2a: Rillaboom
|-resisted|p2a: Rillaboom
|-damage|p2a: Rillaboom|27/100
|
|-heal|p2a: Rillaboom|34/100|[from] Grassy Terrain
|upkeep
|turn|11
|
|t:|1665335978
|move|p1a: Phantom|Volt Switch|p2a: Rillaboom
|-resisted|p2a: Rillaboom
|-damage|p2a: Rillaboom|13/100
|
|t:|1665335995
|switch|p1a: Bandit|Weavile, M, shiny|100/100|[from]move: Volt Switch
|-ability|p1a: Bandit|Pressure
|move|p2a: Rillaboom|U-turn|p1a: Bandit
|-supereffective|p1a: Bandit
|-damage|p1a: Bandit|0 fnt
|faint|p1a: Bandit
|
|t:|1665336002
|switch|p2a: Landorus|Landorus-Therian, M|25/100|[from]move: U-turn
|
|-heal|p2a: Landorus|31/100|[from] item: Leftovers
|upkeep
|
|t:|1665336011
|switch|p1a: Deathstroke|Kartana, shiny|100/100
|turn|12
|j| Vmaurox
|
|t:|1665336026
|switch|p2a: Tornadus|Tornadus-Therian, M|100/100
|move|p1a: Deathstroke|Knock Off|p2a: Tornadus
|-damage|p2a: Tornadus|42/100
|-enditem|p2a: Tornadus|Assault Vest|[from] move: Knock Off|[of] p1a: Deathstroke
|
|upkeep
|turn|13
|
|t:|1665336036
|switch|p1a: Phantom|Rotom-Wash, shiny|49/100
|switch|p2a: Landorus|Landorus-Therian, M|31/100
|-ability|p2a: Landorus|Intimidate|boost
|-unboost|p1a: Phantom|atk|1
|
|-heal|p2a: Landorus|37/100|[from] item: Leftovers
|upkeep
|turn|14
|
|t:|1665336041
|move|p1a: Phantom|Hydro Pump|p2a: Landorus
|-supereffective|p2a: Landorus
|-damage|p2a: Landorus|0 fnt
|faint|p2a: Landorus
|
|-fieldend|move: Grassy Terrain
|upkeep
|
|t:|1665336042
|switch|p2a: christmas lights|Xurkitree, shiny|100/100
|turn|15
|
|t:|1665336047
|switch|p1a: Enten|Landorus-Therian, M, shiny|6/100 brn
|-ability|p1a: Enten|Intimidate|boost
|-unboost|p2a: christmas lights|atk|1
|move|p2a: christmas lights|Energy Ball|p1a: Enten
|-damage|p1a: Enten|0 fnt
|faint|p1a: Enten
|-ability|p2a: christmas lights|Beast Boost|boost
|-boost|p2a: christmas lights|spa|1
|
|upkeep
|
|t:|1665336061
|switch|p1a: Leviathan|Dragapult, M, shiny|100/100
|turn|16
|
|t:|1665336074
|move|p1a: Leviathan|Draco Meteor|p2a: christmas lights
|-damage|p2a: christmas lights|0 fnt
|-unboost|p1a: Leviathan|spa|2
|faint|p2a: christmas lights
|
|upkeep
|j| jackuzzler
|
|t:|1665336077
|switch|p2a: Melmetal|Melmetal|100/100
|turn|17
|
|t:|1665336085
|switch|p1a: Phantom|Rotom-Wash, shiny|49/100
|switch|p2a: Rillaboom|Rillaboom, F|13/100
|-fieldstart|move: Grassy Terrain|[from] ability: Grassy Surge|[of] p2a: Rillaboom
|
|-heal|p2a: Rillaboom|19/100|[from] Grassy Terrain
|upkeep
|turn|18
|
|t:|1665336102
|move|p2a: Rillaboom|Grassy Glide|p1a: Phantom
|-supereffective|p1a: Phantom
|-damage|p1a: Phantom|0 fnt
|faint|p1a: Phantom
|
|-heal|p2a: Rillaboom|25/100|[from] Grassy Terrain
|upkeep
|
|t:|1665336111
|switch|p1a: Leviathan|Dragapult, M, shiny|100/100
|turn|19
|
|t:|1665336119
|switch|p2a: Melmetal|Melmetal|100/100
|move|p1a: Leviathan|Shadow Ball|p2a: Melmetal
|-damage|p2a: Melmetal|57/100
|
|-heal|p2a: Melmetal|63/100|[from] Grassy Terrain
|-heal|p2a: Melmetal|69/100|[from] item: Leftovers
|upkeep
|turn|20
|
|t:|1665336133
|switch|p1a: Fate|Melmetal, shiny|100/100
|move|p2a: Melmetal|Double Iron Bash|p1a: Fate
|-resisted|p1a: Fate
|-damage|p1a: Fate|91/100
|-resisted|p1a: Fate
|-crit|p1a: Fate
|-damage|p1a: Fate|77/100
|-hitcount|p1a: Fate|2
|
|-heal|p1a: Fate|83/100|[from] Grassy Terrain
|-heal|p2a: Melmetal|76/100|[from] Grassy Terrain
|-heal|p2a: Melmetal|82/100|[from] item: Leftovers
|upkeep
|turn|21
|
|t:|1665336137
|move|p2a: Melmetal|Protect|p2a: Melmetal
|-singleturn|p2a: Melmetal|Protect
|move|p1a: Fate|Thunder Punch|p2a: Melmetal
|-activate|p2a: Melmetal|move: Protect
|
|-heal|p1a: Fate|89/100|[from] Grassy Terrain
|-heal|p2a: Melmetal|88/100|[from] Grassy Terrain
|-heal|p2a: Melmetal|94/100|[from] item: Leftovers
|-fieldend|move: Grassy Terrain
|upkeep
|turn|22
|
|t:|1665336139
|switch|p2a: Slowbro|Slowbro, F|100/100
|move|p1a: Fate|Thunder Punch|p2a: Slowbro
|-supereffective|p2a: Slowbro
|-damage|p2a: Slowbro|36/100
|-damage|p1a: Fate|73/100|[from] item: Rocky Helmet|[of] p2a: Slowbro
|
|upkeep
|turn|23
|
|t:|1665336142
|switch|p2a: Melmetal|Melmetal|94/100
|move|p1a: Fate|Thunder Punch|p2a: Melmetal
|-damage|p2a: Melmetal|68/100
|
|-heal|p2a: Melmetal|74/100|[from] item: Leftovers
|upkeep
|turn|24
|l| jackuzzler
|
|t:|1665336146
|move|p2a: Melmetal|Protect|p2a: Melmetal
|-singleturn|p2a: Melmetal|Protect
|move|p1a: Fate|Thunder Punch|p2a: Melmetal
|-activate|p2a: Melmetal|move: Protect
|
|-heal|p2a: Melmetal|80/100|[from] item: Leftovers
|upkeep
|turn|25
|
|t:|1665336150
|move|p1a: Fate|Thunder Punch|p2a: Melmetal
|-damage|p2a: Melmetal|51/100
|-status|p2a: Melmetal|par
|move|p2a: Melmetal|Superpower|p1a: Fate
|-supereffective|p1a: Fate
|-damage|p1a: Fate|30/100
|-unboost|p2a: Melmetal|atk|1
|-unboost|p2a: Melmetal|def|1
|
|-heal|p2a: Melmetal|57/100 par|[from] item: Leftovers
|upkeep
|turn|26
|
|t:|1665336154
|move|p2a: Melmetal|Protect|p2a: Melmetal
|-singleturn|p2a: Melmetal|Protect
|move|p1a: Fate|Thunder Punch|p2a: Melmetal
|-activate|p2a: Melmetal|move: Protect
|
|-heal|p2a: Melmetal|63/100 par|[from] item: Leftovers
|upkeep
|turn|27
|
|t:|1665336159
|switch|p2a: Slowbro|Slowbro, F|69/100
|move|p1a: Fate|Thunder Punch|p2a: Slowbro
|-supereffective|p2a: Slowbro
|-damage|p2a: Slowbro|0 fnt
|-damage|p1a: Fate|14/100|[from] item: Rocky Helmet|[of] p2a: Slowbro
|faint|p2a: Slowbro
|
|upkeep
|j| sada is dafa
|
|t:|1665336167
|switch|p2a: Rillaboom|Rillaboom, F|25/100
|-fieldstart|move: Grassy Terrain|[from] ability: Grassy Surge|[of] p2a: Rillaboom
|turn|28
|
|t:|1665336175
|move|p2a: Rillaboom|Superpower|p1a: Fate
|-supereffective|p1a: Fate
|-damage|p1a: Fate|0 fnt
|-unboost|p2a: Rillaboom|atk|1
|-unboost|p2a: Rillaboom|def|1
|faint|p1a: Fate
|
|-heal|p2a: Rillaboom|31/100|[from] Grassy Terrain
|upkeep
|
|t:|1665336179
|switch|p1a: Leviathan|Dragapult, M, shiny|100/100
|turn|29
|
|t:|1665336190
|move|p1a: Leviathan|Shadow Ball|p2a: Rillaboom
|-damage|p2a: Rillaboom|0 fnt
|faint|p2a: Rillaboom
|
|upkeep
|
|t:|1665336191
|switch|p2a: Tornadus|Tornadus-Therian, M|75/100
|turn|30
|j| Rajnified
|
|t:|1665336202
|move|p1a: Leviathan|Shadow Ball|p2a: Tornadus
|-damage|p2a: Tornadus|26/100
|-unboost|p2a: Tornadus|spd|1
|move|p2a: Tornadus|Icy Wind|p1a: Leviathan
|-supereffective|p1a: Leviathan
|-damage|p1a: Leviathan|61/100
|-unboost|p1a: Leviathan|spe|1
|
|-heal|p1a: Leviathan|67/100|[from] Grassy Terrain
|upkeep
|turn|31
|
|t:|1665336206
|move|p2a: Tornadus|Knock Off|p1a: Leviathan
|-supereffective|p1a: Leviathan
|-damage|p1a: Leviathan|9/100
|-enditem|p1a: Leviathan|Choice Specs|[from] move: Knock Off|[of] p2a: Tornadus
|move|p1a: Leviathan|Shadow Ball|p2a: Tornadus
|-damage|p2a: Tornadus|0 fnt
|faint|p2a: Tornadus
|
|-heal|p1a: Leviathan|15/100|[from] Grassy Terrain
|upkeep
|
|t:|1665336208
|switch|p2a: Melmetal|Melmetal|63/100 par
|turn|32
|
|t:|1665336211
|move|p1a: Leviathan|Flamethrower|p2a: Melmetal
|-supereffective|p2a: Melmetal
|-damage|p2a: Melmetal|24/100 par
|move|p2a: Melmetal|Double Iron Bash|p1a: Leviathan
|-damage|p1a: Leviathan|0 fnt
|faint|p1a: Leviathan
|-hitcount|p1: Leviathan|1
|
|-heal|p2a: Melmetal|30/100 par|[from] Grassy Terrain
|-heal|p2a: Melmetal|36/100 par|[from] item: Leftovers
|-fieldend|move: Grassy Terrain
|upkeep
|
|t:|1665336214
|switch|p1a: Deathstroke|Kartana, shiny|100/100
|turn|33
|
|t:|1665336215
|cant|p2a: Melmetal|par
|move|p1a: Deathstroke|Sacred Sword|p2a: Melmetal
|-supereffective|p2a: Melmetal
|-damage|p2a: Melmetal|0 fnt
|faint|p2a: Melmetal
|
|win|RggV_YT
|raw|RggV_YT's rating: 1892 &rarr; <strong>1917</strong><br />(+25 for winning)
|raw|knexhawk2's rating: 1972 &rarr; <strong>1947</strong><br />(-25 for losing)
|c|☆knexhawk2|gg
|l|☆knexhawk2
|c|☆RggV_YT|Gg
|l|☆RggV_YT
|j| jackuzzler
|l| sada is dafa
|l| jackuzzler
||Ladder isn't responding, score probably updated but might not have (Request timeout).
|l| Vmaurox
|l| Rajnified
