|j|☆OUTU Alkagen
|j|☆user1_ou
|t:|1595846155
|player|p1|OUTU Alkagen|lucas-gen4pt|1737
|player|p2|user1_ou|eusine|1786
|teamsize|p1|6
|teamsize|p2|6
|gametype|singles
|gen|8
|tier|[Gen 8] OU
|rated|
|html|<div class="broadcast-blue"><strong>OU is currently suspecting Magearna! For information on how to participate check out the <a href="https://www.smogon.com/forums/threads/3667669/">suspect thread</a>.</strong></div>
|clearpoke
|poke|p1|Excadrill, M|
|poke|p1|Alakazam, F|
|poke|p1|Indeedee, M|
|poke|p1|Toxapex, F|
|poke|p1|Hippowdon, M|
|poke|p1|Mandibuzz, F|
|poke|p2|Clefable, F|
|poke|p2|Ferrothorn, F|
|poke|p2|Excadrill, F|
|poke|p2|Blissey, F|
|poke|p2|Dragapult, F|
|poke|p2|Hippowdon, F|
|rule|Sleep Clause Mod: Limit one foe put to sleep
|rule|Species Clause: Limit one of each Pokémon
|rule|OHKO Clause: OHKO moves are banned
|rule|Evasion Moves Clause: Evasion moves are banned
|rule|Endless Battle Clause: Forcing endless battles is banned
|rule|HP Percentage Mod: HP is shown in percentages
|rule|Dynamax Clause: You cannot dynamax
|teampreview
|
|t:|1595846168
|start
|switch|p1a: Indeedee|Indeedee, M|100/100
|switch|p2a: Dragapult|Dragapult, F|100/100
|-fieldstart|move: Psychic Terrain|[from] ability: Psychic Surge|[of] p1a: Indeedee
|turn|1
|
|t:|1595846176
|switch|p2a: Excadrill|Excadrill, F|100/100
|-ability|p2a: Excadrill|Mold Breaker
|switch|p1a: Toxapex|Toxapex, F|100/100
|
|upkeep
|turn|2
|
|t:|1595846193
|move|p2a: Excadrill|Earthquake|p1a: Toxapex
|-supereffective|p1a: Toxapex
|-damage|p1a: Toxapex|33/100
|move|p1a: Toxapex|Scald|p2a: Excadrill
|-supereffective|p2a: Excadrill
|-damage|p2a: Excadrill|67/100
|-status|p2a: Excadrill|brn
|
|-heal|p2a: Excadrill|73/100 brn|[from] item: Leftovers
|-heal|p1a: Toxapex|39/100|[from] item: Black Sludge
|-damage|p2a: Excadrill|67/100 brn|[from] brn
|upkeep
|turn|3
|
|t:|1595846200
|switch|p2a: Ferrothorn|Ferrothorn, F|100/100
|switch|p1a: Mandibuzz|Mandibuzz, F|100/100
|
|upkeep
|turn|4
|
|t:|1595846230
|switch|p1a: Toxapex|Toxapex, F|72/100
|move|p2a: Ferrothorn|Thunder Wave|p1a: Toxapex
|-status|p1a: Toxapex|par
|
|-heal|p1a: Toxapex|78/100 par|[from] item: Black Sludge
|upkeep
|turn|5
|
|t:|1595846239
|move|p2a: Ferrothorn|Knock Off|p1a: Toxapex
|-damage|p1a: Toxapex|65/100 par
|-enditem|p1a: Toxapex|Black Sludge|[from] move: Knock Off|[of] p2a: Ferrothorn
|cant|p1a: Toxapex|par
|
|upkeep
|turn|6
|
|t:|1595846246
|move|p2a: Ferrothorn|Spikes|p1a: Toxapex
|-sidestart|p1: OUTU Alkagen|Spikes
|move|p1a: Toxapex|Scald|p2a: Ferrothorn
|-resisted|p2a: Ferrothorn
|-damage|p2a: Ferrothorn|93/100
|
|-heal|p2a: Ferrothorn|99/100|[from] item: Leftovers
|upkeep
|turn|7
|
|t:|1595846251
|move|p2a: Ferrothorn|Spikes|p1a: Toxapex
|-sidestart|p1: OUTU Alkagen|Spikes
|move|p1a: Toxapex|Scald|p2a: Ferrothorn
|-resisted|p2a: Ferrothorn
|-damage|p2a: Ferrothorn|92/100
|-status|p2a: Ferrothorn|brn
|
|-heal|p2a: Ferrothorn|98/100 brn|[from] item: Leftovers
|-damage|p2a: Ferrothorn|92/100 brn|[from] brn
|upkeep
|turn|8
|
|t:|1595846270
|switch|p1a: Mandibuzz|Mandibuzz, F|100/100
|move|p2a: Ferrothorn|Knock Off|p1a: Mandibuzz
|-resisted|p1a: Mandibuzz
|-damage|p1a: Mandibuzz|97/100
|-enditem|p1a: Mandibuzz|Heavy-Duty Boots|[from] move: Knock Off|[of] p2a: Ferrothorn
|
|-heal|p2a: Ferrothorn|98/100 brn|[from] item: Leftovers
|-damage|p2a: Ferrothorn|92/100 brn|[from] brn
|-fieldend|move: Psychic Terrain
|upkeep
|turn|9
|
|t:|1595846274
|move|p1a: Mandibuzz|Defog|p2a: Ferrothorn
|-unboost|p2a: Ferrothorn|evasion|1
|-sideend|p1: OUTU Alkagen|Spikes|[from] move: Defog|[of] p1a: Mandibuzz
|move|p2a: Ferrothorn|Thunder Wave|p1a: Mandibuzz
|-status|p1a: Mandibuzz|par
|
|-heal|p2a: Ferrothorn|98/100 brn|[from] item: Leftovers
|-damage|p2a: Ferrothorn|92/100 brn|[from] brn
|upkeep
|turn|10
|
|t:|1595846277
|switch|p1a: Indeedee|Indeedee, M|100/100
|-fieldstart|move: Psychic Terrain|[from] ability: Psychic Surge|[of] p1a: Indeedee
|move|p2a: Ferrothorn|Spikes|p1a: Indeedee
|-sidestart|p1: OUTU Alkagen|Spikes
|
|-heal|p2a: Ferrothorn|98/100 brn|[from] item: Leftovers
|-damage|p2a: Ferrothorn|92/100 brn|[from] brn
|upkeep
|turn|11
|
|t:|1595846279
|switch|p2a: Blissey|Blissey, F|100/100
|move|p1a: Indeedee|Mystical Fire|p2a: Blissey
|-damage|p2a: Blissey|92/100
|-unboost|p2a: Blissey|spa|1
|
|upkeep
|turn|12
|
|t:|1595846282
|switch|p1a: Mandibuzz|Mandibuzz, F|97/100 par
|move|p2a: Blissey|Teleport|p2a: Blissey
|
|t:|1595846284
|switch|p2a: Clefable|Clefable, F|100/100|[from]move: Teleport
|
|upkeep
|turn|13
|
|t:|1595846290
|move|p2a: Clefable|Moonblast|p1a: Mandibuzz
|-supereffective|p1a: Mandibuzz
|-crit|p1a: Mandibuzz
|-damage|p1a: Mandibuzz|12/100 par
|-unboost|p1a: Mandibuzz|spa|1
|cant|p1a: Mandibuzz|par
|
|upkeep
|turn|14
|
|t:|1595846303
|switch|p1a: Excadrill|Excadrill, M|100/100
|-damage|p1a: Excadrill|88/100|[from] Spikes
|move|p2a: Clefable|Moonblast|p1a: Excadrill
|-resisted|p1a: Excadrill
|-damage|p1a: Excadrill|67/100
|
|-heal|p1a: Excadrill|73/100|[from] item: Leftovers
|upkeep
|turn|15
|
|t:|1595846310
|switch|p1a: Alakazam|Alakazam, F, shiny|100/100
|switch|p2a: Hippowdon|Hippowdon, F|100/100
|-weather|Sandstorm|[from] ability: Sand Stream|[of] p2a: Hippowdon
|
|-weather|Sandstorm|[upkeep]
|upkeep
|turn|16
|j| Rem!x
|
|t:|1595846318
|switch|p2a: Blissey|Blissey, F|92/100
|move|p1a: Alakazam|Nasty Plot|p1a: Alakazam
|-boost|p1a: Alakazam|spa|2
|
|-weather|Sandstorm|[upkeep]
|-damage|p2a: Blissey|86/100|[from] Sandstorm
|upkeep
|turn|17
|
|t:|1595846321
|move|p1a: Alakazam|Expanding Force|p2a: Blissey
|-damage|p2a: Blissey|1/100
|move|p2a: Blissey|Teleport|p2a: Blissey
|
|t:|1595846323
|switch|p2a: Dragapult|Dragapult, F|100/100|[from]move: Teleport
|
|-weather|Sandstorm|[upkeep]
|-damage|p2a: Dragapult|95/100|[from] Sandstorm
|-fieldend|move: Psychic Terrain
|upkeep
|turn|18
|
|t:|1595846327
|switch|p1a: Toxapex|Toxapex, F|98/100 par
|-damage|p1a: Toxapex|86/100 par|[from] Spikes
|move|p2a: Dragapult|Dragon Darts|p1a: Toxapex
|-damage|p1a: Toxapex|68/100 par
|-anim|p2a: Dragapult|Dragon Darts|p1a: Toxapex
|-damage|p1a: Toxapex|51/100 par
|
|-weather|Sandstorm|[upkeep]
|-damage|p2a: Dragapult|89/100|[from] Sandstorm
|-damage|p1a: Toxapex|45/100 par|[from] Sandstorm
|upkeep
|turn|19
|
|t:|1595846334
|move|p2a: Dragapult|Hex|p1a: Toxapex
|-damage|p1a: Toxapex|4/100 par
|move|p1a: Toxapex|Toxic|p2a: Dragapult
|-status|p2a: Dragapult|tox
|
|-weather|none
|-damage|p2a: Dragapult|83/100 tox|[from] psn
|upkeep
|turn|20
|
|t:|1595846352
|switch|p1a: Hippowdon|Hippowdon, M|100/100
|-damage|p1a: Hippowdon|88/100|[from] Spikes
|-weather|Sandstorm|[from] ability: Sand Stream|[of] p1a: Hippowdon
|move|p2a: Dragapult|U-turn|p1a: Hippowdon
|-damage|p1a: Hippowdon|75/100
|
|t:|1595846357
|switch|p2a: Hippowdon|Hippowdon, F|100/100|[from]move: U-turn
|
|-weather|Sandstorm|[upkeep]
|upkeep
|turn|21
|
|t:|1595846364
|switch|p1a: Mandibuzz|Mandibuzz, F|12/100 par
|move|p2a: Hippowdon|Stealth Rock|p1a: Mandibuzz
|-sidestart|p1: OUTU Alkagen|move: Stealth Rock
|
|-weather|Sandstorm|[upkeep]
|upkeep
|turn|22
|
|t:|1595846381
|switch|p2a: Clefable|Clefable, F|100/100
|move|p1a: Mandibuzz|Defog|p2a: Clefable
|-unboost|p2a: Clefable|evasion|1
|-sideend|p1: OUTU Alkagen|Spikes|[from] move: Defog|[of] p1a: Mandibuzz
|-sideend|p1: OUTU Alkagen|Stealth Rock|[from] move: Defog|[of] p1a: Mandibuzz
|
|-weather|Sandstorm|[upkeep]
|-damage|p2a: Clefable|94/100|[from] Sandstorm
|-heal|p2a: Clefable|100/100|[from] item: Leftovers
|upkeep
|turn|23
|
|t:|1595846390
|switch|p2a: Hippowdon|Hippowdon, F|100/100
|switch|p1a: Toxapex|Toxapex, F|38/100 par
|
|-weather|Sandstorm|[upkeep]
|-damage|p1a: Toxapex|31/100 par|[from] Sandstorm
|upkeep
|turn|24
|
|t:|1595846396
|switch|p2a: Blissey|Blissey, F|1/100
|switch|p1a: Mandibuzz|Mandibuzz, F|12/100 par
|
|-weather|Sandstorm|[upkeep]
|-damage|p2a: Blissey|0 fnt|[from] Sandstorm
|faint|p2a: Blissey
|upkeep
|
|t:|1595846402
|switch|p2a: Dragapult|Dragapult, F|83/100 tox
|turn|25
|j| Therealpkmnmaster
|
|t:|1595846412
|move|p2a: Dragapult|U-turn|p1a: Mandibuzz
|-damage|p1a: Mandibuzz|0 fnt
|faint|p1a: Mandibuzz
|
|t:|1595846431
|switch|p2a: Hippowdon|Hippowdon, F|100/100|[from]move: U-turn
|
|-weather|Sandstorm|[upkeep]
|upkeep
|
|t:|1595846443
|switch|p1a: Indeedee|Indeedee, M|100/100
|-fieldstart|move: Psychic Terrain|[from] ability: Psychic Surge|[of] p1a: Indeedee
|turn|26
|
|t:|1595846446
|switch|p2a: Ferrothorn|Ferrothorn, F|92/100 brn
|move|p1a: Indeedee|Expanding Force|p2a: Ferrothorn
|-resisted|p2a: Ferrothorn
|-damage|p2a: Ferrothorn|61/100 brn
|
|-weather|Sandstorm|[upkeep]
|-damage|p1a: Indeedee|94/100|[from] Sandstorm
|-heal|p2a: Ferrothorn|67/100 brn|[from] item: Leftovers
|-damage|p2a: Ferrothorn|61/100 brn|[from] brn
|upkeep
|turn|27
|
|t:|1595846450
|move|p1a: Indeedee|Mystical Fire|p2a: Ferrothorn
|-supereffective|p2a: Ferrothorn
|-damage|p2a: Ferrothorn|0 fnt
|faint|p2a: Ferrothorn
|
|-weather|none
|upkeep
|
|t:|1595846455
|switch|p2a: Clefable|Clefable, F|100/100
|turn|28
|
|t:|1595846459
|move|p1a: Indeedee|Expanding Force|p2a: Clefable
|-damage|p2a: Clefable|38/100
|move|p2a: Clefable|Calm Mind|p2a: Clefable
|-boost|p2a: Clefable|spa|1
|-boost|p2a: Clefable|spd|1
|
|-heal|p2a: Clefable|44/100|[from] item: Leftovers
|upkeep
|turn|29
|
|t:|1595846466
|move|p2a: Clefable|Protect|p2a: Clefable
|-singleturn|p2a: Clefable|Protect
|move|p1a: Indeedee|Calm Mind|p1a: Indeedee
|-boost|p1a: Indeedee|spa|1
|-boost|p1a: Indeedee|spd|1
|
|-heal|p2a: Clefable|50/100|[from] item: Leftovers
|upkeep
|turn|30
|
|t:|1595846468
|move|p1a: Indeedee|Expanding Force|p2a: Clefable
|-damage|p2a: Clefable|8/100
|move|p2a: Clefable|Wish|p2a: Clefable
|
|-heal|p2a: Clefable|14/100|[from] item: Leftovers
|upkeep
|turn|31
|
|t:|1595846471
|switch|p1a: Excadrill|Excadrill, M|73/100
|move|p2a: Clefable|Protect||[still]
|-fail|p2a: Clefable
|
|-heal|p2a: Clefable|64/100|[from] move: Wish|[wisher] Clefable
|-heal|p1a: Excadrill|79/100|[from] item: Leftovers
|-heal|p2a: Clefable|70/100|[from] item: Leftovers
|upkeep
|turn|32
|
|t:|1595846486
|switch|p1a: Alakazam|Alakazam, F, shiny|100/100
|switch|p2a: Hippowdon|Hippowdon, F|100/100
|-weather|Sandstorm|[from] ability: Sand Stream|[of] p2a: Hippowdon
|
|-weather|Sandstorm|[upkeep]
|upkeep
|turn|33
|
|t:|1595846492
|switch|p2a: Excadrill|Excadrill, F|67/100 brn
|-ability|p2a: Excadrill|Mold Breaker
|move|p1a: Alakazam|Expanding Force|p2a: Excadrill
|-resisted|p2a: Excadrill
|-damage|p2a: Excadrill|17/100 brn
|
|-weather|Sandstorm|[upkeep]
|-heal|p2a: Excadrill|23/100 brn|[from] item: Leftovers
|-damage|p2a: Excadrill|17/100 brn|[from] brn
|-fieldend|move: Psychic Terrain
|upkeep
|turn|34
|
|t:|1595846503
|move|p1a: Alakazam|Expanding Force|p2a: Excadrill
|-resisted|p2a: Excadrill
|-damage|p2a: Excadrill|0 fnt
|faint|p2a: Excadrill
|
|-weather|Sandstorm|[upkeep]
|upkeep
|
|t:|1595846516
|switch|p2a: Dragapult|Dragapult, F|83/100 tox
|turn|35
|
|t:|1595846522
|switch|p1a: Hippowdon|Hippowdon, M|75/100
|move|p2a: Dragapult|U-turn|p1a: Hippowdon
|-damage|p1a: Hippowdon|63/100
|
|t:|1595846528
|switch|p2a: Hippowdon|Hippowdon, F|100/100|[from]move: U-turn
|
|-weather|Sandstorm|[upkeep]
|upkeep
|turn|36
|
|t:|1595846538
|move|p2a: Hippowdon|Toxic|p1a: Hippowdon
|-status|p1a: Hippowdon|tox
|move|p1a: Hippowdon|Earthquake|p2a: Hippowdon
|-damage|p2a: Hippowdon|82/100
|
|-weather|none
|-damage|p1a: Hippowdon|57/100 tox|[from] psn
|upkeep
|turn|37
|
|t:|1595846543
|switch|p1a: Indeedee|Indeedee, M|94/100
|-fieldstart|move: Psychic Terrain|[from] ability: Psychic Surge|[of] p1a: Indeedee
|move|p2a: Hippowdon|Stealth Rock|p1a: Indeedee
|-sidestart|p1: OUTU Alkagen|move: Stealth Rock
|
|upkeep
|turn|38
|
|t:|1595846548
|move|p1a: Indeedee|Expanding Force|p2a: Hippowdon
|-damage|p2a: Hippowdon|4/100
|move|p2a: Hippowdon|Earthquake|p1a: Indeedee
|-damage|p1a: Indeedee|14/100
|
|upkeep
|turn|39
|
|t:|1595846552
|move|p1a: Indeedee|Expanding Force|p2a: Hippowdon
|-damage|p2a: Hippowdon|0 fnt
|faint|p2a: Hippowdon
|
|upkeep
|-message|user1_ou forfeited.
|
|win|OUTU Alkagen
|l|☆user1_ou
|l| Rem!x
||Ladder (probably) updated, but score could not be retrieved (Request timeout).
