|j|☆superstar64
|j|☆Run For Me Plz
|t:|1652912254
|gametype|singles
|player|p1|superstar64|scientist-gen4dp|1713
|player|p2|Run For Me Plz|pokemaniac-gen3|1615
|teamsize|p1|6
|teamsize|p2|6
|gen|8
|tier|[Gen 8] OU
|rated|
|rule|Sleep Clause Mod: Limit one foe put to sleep
|rule|Species Clause: Limit one of each Pokémon
|rule|OHKO Clause: OHKO moves are banned
|rule|Evasion Moves Clause: Evasion moves are banned
|rule|Endless Battle Clause: Forcing endless battles is banned
|rule|HP Percentage Mod: HP is shown in percentages
|rule|Dynamax Clause: You cannot dynamax
|clearpoke
|poke|p1|Keldeo-Resolute|
|poke|p1|Dragapult, M|
|poke|p1|Blaziken, F|
|poke|p1|Landorus-Therian, M|
|poke|p1|Clefable, F|
|poke|p1|Scizor, M|
|poke|p2|Mew|
|poke|p2|Blissey, F|
|poke|p2|Hippowdon, F|
|poke|p2|Corviknight, F|
|poke|p2|Buzzwole|
|poke|p2|Toxapex, M|
|teampreview
|inactive|Battle timer is ON: inactive players will automatically lose when time's up. (requested by Run For Me Plz)
|
|t:|1652912262
|start
|switch|p1a: Dragapult|Dragapult, M|100/100
|switch|p2a: Hippowdon|Hippowdon, F, shiny|100/100
|-weather|Sandstorm|[from] ability: Sand Stream|[of] p2a: Hippowdon
|turn|1
|j| yiffloatzel
|
|t:|1652912270
|switch|p1a: Keldeo|Keldeo-Resolute|100/100
|move|p2a: Hippowdon|Stealth Rock|p1a: Keldeo
|-sidestart|p1: superstar64|move: Stealth Rock
|
|-weather|Sandstorm|[upkeep]
|-damage|p1a: Keldeo|94/100|[from] Sandstorm
|upkeep
|turn|2
|
|t:|1652912274
|switch|p2a: Toxapex|Toxapex, M, shiny|100/100
|move|p1a: Keldeo|Hydro Pump|p2a: Toxapex|[miss]
|-miss|p1a: Keldeo|p2a: Toxapex
|
|-weather|Sandstorm|[upkeep]
|-damage|p1a: Keldeo|88/100|[from] Sandstorm
|-damage|p2a: Toxapex|94/100|[from] Sandstorm
|-heal|p2a: Toxapex|100/100|[from] item: Black Sludge
|upkeep
|turn|3
|
|t:|1652912279
|switch|p1a: Clefable|Clefable, F|100/100
|move|p2a: Toxapex|Scald|p1a: Clefable
|-damage|p1a: Clefable|91/100
|-status|p1a: Clefable|brn
|
|-weather|Sandstorm|[upkeep]
|-damage|p2a: Toxapex|94/100|[from] Sandstorm
|-heal|p1a: Clefable|97/100 brn|[from] item: Leftovers
|-heal|p2a: Toxapex|100/100|[from] item: Black Sludge
|upkeep
|turn|4
|
|t:|1652912281
|move|p2a: Toxapex|Poison Jab|p1a: Clefable
|-supereffective|p1a: Clefable
|-damage|p1a: Clefable|59/100 brn
|move|p1a: Clefable|Teleport|p1a: Clefable
|
|t:|1652912284
|switch|p1a: Landorus|Landorus-Therian, M|100/100|[from]move: Teleport
|-damage|p1a: Landorus|88/100|[from] Stealth Rock
|-ability|p1a: Landorus|Intimidate|boost
|-unboost|p2a: Toxapex|atk|1
|
|-weather|Sandstorm|[upkeep]
|-damage|p2a: Toxapex|94/100|[from] Sandstorm
|-heal|p2a: Toxapex|100/100|[from] item: Black Sludge
|upkeep
|turn|5
|
|t:|1652912287
|move|p1a: Landorus|Earthquake|p2a: Toxapex
|-supereffective|p2a: Toxapex
|-damage|p2a: Toxapex|27/100
|move|p2a: Toxapex|Scald|p1a: Landorus
|-supereffective|p1a: Landorus
|-damage|p1a: Landorus|55/100
|
|-weather|none
|-heal|p2a: Toxapex|34/100|[from] item: Black Sludge
|upkeep
|turn|6
|
|t:|1652912295
|switch|p2a: Corviknight|Corviknight, F, shiny|100/100
|-ability|p2a: Corviknight|Pressure
|move|p1a: Landorus|Stealth Rock|p2a: Corviknight
|-sidestart|p2: Run For Me Plz|move: Stealth Rock
|
|upkeep
|turn|7
|
|t:|1652912300
|move|p1a: Landorus|U-turn|p2a: Corviknight
|-resisted|p2a: Corviknight
|-damage|p2a: Corviknight|96/100
|
|t:|1652912308
|switch|p1a: Scizor|Scizor, M|100/100|[from]move: U-turn
|-damage|p1a: Scizor|88/100|[from] Stealth Rock
|move|p2a: Corviknight|U-turn|p1a: Scizor
|-resisted|p1a: Scizor
|-damage|p1a: Scizor|81/100
|j|+MrMagicbuzz
|
|t:|1652912318
|switch|p2a: Buzzwole|Buzzwole, shiny|100/100|[from]move: U-turn
|
|upkeep
|turn|8
|j| 8th Hokage Killua
|
|t:|1652912323
|switch|p1a: Landorus|Landorus-Therian, M|55/100
|-damage|p1a: Landorus|42/100|[from] Stealth Rock
|-ability|p1a: Landorus|Intimidate|boost
|-unboost|p2a: Buzzwole|atk|1
|move|p2a: Buzzwole|Earthquake|p1a: Landorus
|-immune|p1a: Landorus
|
|upkeep
|turn|9
|
|t:|1652912326
|move|p1a: Landorus|Psychic|p2a: Buzzwole
|-supereffective|p2a: Buzzwole
|-damage|p2a: Buzzwole|44/100
|move|p2a: Buzzwole|Ice Punch|p1a: Landorus
|-supereffective|p1a: Landorus
|-damage|p1a: Landorus|0 fnt
|-damage|p2a: Buzzwole|27/100|[from] item: Rocky Helmet|[of] p1a: Landorus
|faint|p1a: Landorus
|-ability|p2a: Buzzwole|Beast Boost|boost
|-boost|p2a: Buzzwole|def|1
|
|upkeep
|
|t:|1652912332
|switch|p1a: Dragapult|Dragapult, M|100/100
|-damage|p1a: Dragapult|88/100|[from] Stealth Rock
|turn|10
|
|t:|1652912336
|switch|p2a: Blissey|Blissey, F|100/100
|move|p1a: Dragapult|Shadow Ball|p2a: Blissey
|-immune|p2a: Blissey
|
|upkeep
|turn|11
|
|t:|1652912340
|switch|p1a: Scizor|Scizor, M|81/100
|-damage|p1a: Scizor|68/100|[from] Stealth Rock
|move|p2a: Blissey|Seismic Toss|p1a: Scizor
|-damage|p1a: Scizor|39/100
|
|upkeep
|turn|12
|
|t:|1652912344
|switch|p2a: Corviknight|Corviknight, F, shiny|96/100
|-damage|p2a: Corviknight|84/100|[from] Stealth Rock
|-ability|p2a: Corviknight|Pressure
|move|p1a: Scizor|Roost|p1a: Scizor
|-heal|p1a: Scizor|89/100
|-singleturn|p1a: Scizor|move: Roost
|
|-heal|p2a: Corviknight|90/100|[from] item: Leftovers
|upkeep
|turn|13
|
|t:|1652912346
|move|p2a: Corviknight|U-turn|p1a: Scizor
|-resisted|p1a: Scizor
|-damage|p1a: Scizor|82/100
|
|t:|1652912350
|switch|p2a: Buzzwole|Buzzwole, shiny|27/100|[from]move: U-turn
|move|p1a: Scizor|Swords Dance|p1a: Scizor
|-boost|p1a: Scizor|atk|2
|
|upkeep
|turn|14
|
|t:|1652912352
|move|p1a: Scizor|Bullet Punch|p2a: Buzzwole
|-damage|p2a: Buzzwole|0 fnt
|faint|p2a: Buzzwole
|
|upkeep
|
|t:|1652912361
|switch|p2a: Toxapex|Toxapex, M, shiny|67/100
|-damage|p2a: Toxapex|54/100|[from] Stealth Rock
|turn|15
|
|t:|1652912363
|switch|p2a: Corviknight|Corviknight, F, shiny|90/100
|-damage|p2a: Corviknight|77/100|[from] Stealth Rock
|-ability|p2a: Corviknight|Pressure
|move|p1a: Scizor|Knock Off|p2a: Corviknight
|-damage|p2a: Corviknight|15/100
|-enditem|p2a: Corviknight|Leftovers|[from] move: Knock Off|[of] p1a: Scizor
|
|upkeep
|turn|16
|
|t:|1652912367
|move|p2a: Corviknight|Brave Bird|p1a: Scizor
|-damage|p1a: Scizor|47/100
|-damage|p2a: Corviknight|5/100|[from] Recoil
|move|p1a: Scizor|Swords Dance|p1a: Scizor
|-boost|p1a: Scizor|atk|2
|
|upkeep
|turn|17
|
|t:|1652912369
|move|p2a: Corviknight|Brave Bird|p1a: Scizor
|-damage|p1a: Scizor|8/100
|-damage|p2a: Corviknight|0 fnt|[from] Recoil
|faint|p2a: Corviknight
|move|p1a: Scizor|Roost|p1a: Scizor
|-heal|p1a: Scizor|58/100
|-singleturn|p1a: Scizor|move: Roost
|
|upkeep
|
|t:|1652912371
|switch|p2a: Toxapex|Toxapex, M, shiny|88/100
|-damage|p2a: Toxapex|75/100|[from] Stealth Rock
|turn|18
|
|t:|1652912374
|move|p1a: Scizor|Knock Off|p2a: Toxapex
|-damage|p2a: Toxapex|0 fnt
|-enditem|p2a: Toxapex|Black Sludge|[from] move: Knock Off|[of] p1a: Scizor
|faint|p2a: Toxapex
|
|upkeep
|-message|Run For Me Plz forfeited.
|
|win|superstar64
|raw|superstar64's rating: 1713 &rarr; <strong>1728</strong><br />(+15 for winning)
|raw|Run For Me Plz's rating: 1615 &rarr; <strong>1600</strong><br />(-15 for losing)
|l|☆Run For Me Plz
|l|☆superstar64
||Ladder isn't responding, score probably updated but might not have (Request timeout).
|l|+MrMagicbuzz
