|j|☆UHX but cooler
|j|☆ferromolybdenum
|player|p1|UHX but cooler|officeworker|1477
|player|p2|ferromolybdenum|lucas|1526
|teamsize|p1|6
|teamsize|p2|6
|gametype|singles
|gen|8
|tier|[Gen 8] OU
|rated|
|html|<div class="broadcast-red"><strong>OU is currently suspecting Arena Trap! For information on how to participate check out the <a href="https://www.smogon.com/forums/threads/3661134/">suspect thread</a>.</strong></div>
|clearpoke
|poke|p1|Bronzong|
|poke|p1|Clefable, M|
|poke|p1|Mew|
|poke|p1|Zeraora|
|poke|p1|Hippowdon, M|
|poke|p1|Gastrodon, M|
|poke|p2|Dracovish|
|poke|p2|Seismitoad, M|
|poke|p2|Clefable, M|
|poke|p2|Corviknight, M|
|poke|p2|Dragapult, M|
|poke|p2|Rotom-Heat|
|rule|Sleep Clause Mod: Limit one foe put to sleep
|rule|Species Clause: Limit one of each Pokémon
|rule|OHKO Clause: OHKO moves are banned
|rule|Evasion Moves Clause: Evasion moves are banned
|rule|Endless Battle Clause: Forcing endless battles is banned
|rule|HP Percentage Mod: HP is shown in percentages
|rule|Dynamax Clause: You cannot dynamax
|teampreview
|
|start
|switch|p1a: Clefable|Clefable, M|100/100
|switch|p2a: Dracovish|Dracovish|100/100
|turn|1
|
|switch|p1a: Gastrodon|Gastrodon, M|100/100
|move|p2a: Dracovish|Fishious Rend|p1a: Gastrodon
|-ability|p1a: Gastrodon|Storm Drain|boost
|-boost|p1a: Gastrodon|spa|1
|
|upkeep
|turn|2
|
|switch|p2a: Clefable|Clefable, M|100/100
|move|p1a: Gastrodon|Earth Power|p2a: Clefable
|-damage|p2a: Clefable|70/100
|-unboost|p2a: Clefable|spd|1
|
|-heal|p2a: Clefable|76/100|[from] item: Leftovers
|upkeep
|turn|3
|
|switch|p1a: Bronzong|Bronzong|100/100
|move|p2a: Clefable|Wish|p2a: Clefable
|
|-heal|p2a: Clefable|82/100|[from] item: Leftovers
|upkeep
|turn|4
|
|switch|p2a: Rotom|Rotom-Heat|100/100
|move|p1a: Bronzong|Trick|p2a: Rotom
|-activate|p1a: Bronzong|move: Trick|[of] p2a: Rotom
|-item|p2a: Rotom|Choice Band|[from] move: Trick
|-item|p1a: Bronzong|Heavy-Duty Boots|[from] move: Trick
|
|upkeep
|turn|5
|
|switch|p1a: Gastrodon|Gastrodon, M|100/100
|move|p2a: Rotom|Overheat|p1a: Gastrodon
|-resisted|p1a: Gastrodon
|-damage|p1a: Gastrodon|85/100
|-unboost|p2a: Rotom|spa|2
|
|-heal|p1a: Gastrodon|92/100|[from] item: Leftovers
|upkeep
|turn|6
|
|switch|p2a: Clefable|Clefable, M|82/100
|switch|p1a: Clefable|Clefable, M|100/100
|
|-heal|p2a: Clefable|88/100|[from] item: Leftovers
|upkeep
|turn|7
|
|move|p1a: Clefable|Trick|p2a: Clefable
|-activate|p1a: Clefable|move: Trick|[of] p2a: Clefable
|-item|p2a: Clefable|Choice Scarf|[from] move: Trick
|-item|p1a: Clefable|Leftovers|[from] move: Trick
|move|p2a: Clefable|Moonblast|p1a: Clefable
|-damage|p1a: Clefable|74/100
|-unboost|p1a: Clefable|spa|1
|
|-heal|p1a: Clefable|80/100|[from] item: Leftovers
|upkeep
|turn|8
|inactive|Battle timer is ON: inactive players will automatically lose when time's up. (requested by UHX but cooler)
|
|switch|p2a: Corviknight|Corviknight, M|100/100
|-ability|p2a: Corviknight|Pressure
|move|p1a: Clefable|Wish|p1a: Clefable
|
|-heal|p1a: Clefable|86/100|[from] item: Leftovers
|upkeep
|turn|9
|
|switch|p1a: Bronzong|Bronzong|100/100
|move|p2a: Corviknight|U-turn|p1a: Bronzong
|-damage|p1a: Bronzong|91/100
|
|switch|p2a: Dracovish|Dracovish|100/100|[from]move: U-turn
|
|-heal|p1a: Bronzong|100/100|[from] move: Wish|[wisher] Clefable
|upkeep
|turn|10
|
|move|p2a: Dracovish|Outrage|p1a: Bronzong
|-resisted|p1a: Bronzong
|-damage|p1a: Bronzong|70/100
|move|p1a: Bronzong|Stealth Rock|p2a: Dracovish
|-sidestart|p2: ferromolybdenum|move: Stealth Rock
|
|upkeep
|turn|11
|
|switch|p1a: Clefable|Clefable, M|86/100
|move|p2a: Dracovish|Outrage|p1a: Clefable|[from]lockedmove
|-immune|p1a: Clefable
|-start|p2a: Dracovish|confusion|[fatigue]
|
|-heal|p1a: Clefable|92/100|[from] item: Leftovers
|upkeep
|turn|12
|
|switch|p2a: Corviknight|Corviknight, M|100/100
|-damage|p2a: Corviknight|88/100|[from] Stealth Rock
|-ability|p2a: Corviknight|Pressure
|switch|p1a: Zeraora|Zeraora|100/100
|
|-heal|p2a: Corviknight|94/100|[from] item: Leftovers
|upkeep
|turn|13
|
|switch|p2a: Seismitoad|Seismitoad, M|100/100
|-damage|p2a: Seismitoad|94/100|[from] Stealth Rock
|move|p1a: Zeraora|Knock Off|p2a: Seismitoad
|-damage|p2a: Seismitoad|72/100
|-enditem|p2a: Seismitoad|Leftovers|[from] move: Knock Off|[of] p1a: Zeraora
|
|upkeep
|turn|14
|
|switch|p1a: Mew|Mew|100/100
|move|p2a: Seismitoad|Toxic|p1a: Mew
|-status|p1a: Mew|tox
|-activate|p1a: Mew|ability: Synchronize
|-status|p2a: Seismitoad|tox
|
|-damage|p1a: Mew|94/100 tox|[from] psn
|-damage|p2a: Seismitoad|66/100 tox|[from] psn
|upkeep
|turn|15
|
|switch|p1a: Clefable|Clefable, M|92/100
|move|p2a: Seismitoad|Stealth Rock|p1a: Clefable
|-sidestart|p1: UHX but cooler|move: Stealth Rock
|
|-heal|p1a: Clefable|98/100|[from] item: Leftovers
|-damage|p2a: Seismitoad|54/100 tox|[from] psn
|upkeep
|turn|16
|
|switch|p2a: Corviknight|Corviknight, M|94/100
|-damage|p2a: Corviknight|82/100|[from] Stealth Rock
|-ability|p2a: Corviknight|Pressure
|move|p1a: Clefable|Moonblast|p2a: Corviknight
|-resisted|p2a: Corviknight
|-damage|p2a: Corviknight|63/100
|
|-heal|p2a: Corviknight|70/100|[from] item: Leftovers
|-heal|p1a: Clefable|100/100|[from] item: Leftovers
|upkeep
|turn|17
|
|switch|p1a: Mew|Mew|94/100 tox
|move|p2a: Corviknight|U-turn|p1a: Mew
|-supereffective|p1a: Mew
|-damage|p1a: Mew|72/100 tox
|
|switch|p2a: Dragapult|Dragapult, M|100/100|[from]move: U-turn
|-damage|p2a: Dragapult|88/100|[from] Stealth Rock
|
|-damage|p1a: Mew|66/100 tox|[from] psn
|upkeep
|turn|18
|
|switch|p1a: Gastrodon|Gastrodon, M|92/100
|-damage|p1a: Gastrodon|85/100|[from] Stealth Rock
|move|p2a: Dragapult|U-turn|p1a: Gastrodon
|-damage|p1a: Gastrodon|68/100
|
|switch|p2a: Dracovish|Dracovish|100/100|[from]move: U-turn
|-damage|p2a: Dracovish|88/100|[from] Stealth Rock
|
|-heal|p1a: Gastrodon|74/100|[from] item: Leftovers
|upkeep
|turn|19
|
|move|p2a: Dracovish|Outrage|p1a: Gastrodon
|-damage|p1a: Gastrodon|0 fnt
|faint|p1a: Gastrodon
|
|upkeep
|
|switch|p1a: Clefable|Clefable, M|100/100
|turn|20
|
|move|p2a: Dracovish|Outrage|p1a: Clefable|[from]lockedmove
|-immune|p1a: Clefable
|-start|p2a: Dracovish|confusion|[fatigue]
|move|p1a: Clefable|Moonblast|p2a: Dracovish
|-supereffective|p2a: Dracovish
|-damage|p2a: Dracovish|0 fnt
|faint|p2a: Dracovish
|
|upkeep
|
|switch|p2a: Corviknight|Corviknight, M|70/100
|-damage|p2a: Corviknight|57/100|[from] Stealth Rock
|-ability|p2a: Corviknight|Pressure
|turn|21
|
|move|p2a: Corviknight|Roost|p2a: Corviknight
|-heal|p2a: Corviknight|100/100
|-singleturn|p2a: Corviknight|move: Roost
|move|p1a: Clefable|Wish|p1a: Clefable
|
|upkeep
|turn|22
|
|switch|p1a: Zeraora|Zeraora|100/100
|-damage|p1a: Zeraora|88/100|[from] Stealth Rock
|move|p2a: Corviknight|U-turn|p1a: Zeraora
|-damage|p1a: Zeraora|67/100
|
|switch|p2a: Rotom|Rotom-Heat|100/100|[from]move: U-turn
|-damage|p2a: Rotom|76/100|[from] Stealth Rock
|
|-heal|p1a: Zeraora|100/100|[from] move: Wish|[wisher] Clefable
|upkeep
|turn|23
|
|switch|p1a: Clefable|Clefable, M|100/100
|move|p2a: Rotom|Overheat|p1a: Clefable
|-damage|p1a: Clefable|61/100
|-unboost|p2a: Rotom|spa|2
|
|-heal|p1a: Clefable|68/100|[from] item: Leftovers
|upkeep
|turn|24
|
|switch|p2a: Clefable|Clefable, M|88/100
|move|p1a: Clefable|Wish|p1a: Clefable
|
|-heal|p1a: Clefable|74/100|[from] item: Leftovers
|upkeep
|turn|25
|
|move|p1a: Clefable|Protect|p1a: Clefable
|-singleturn|p1a: Clefable|Protect
|move|p2a: Clefable|Wish|p2a: Clefable
|
|-heal|p1a: Clefable|100/100|[from] move: Wish|[wisher] Clefable
|upkeep
|turn|26
|
|switch|p2a: Seismitoad|Seismitoad, M|54/100 tox
|-damage|p2a: Seismitoad|48/100 tox|[from] Stealth Rock
|move|p1a: Clefable|Wish|p1a: Clefable
|
|-heal|p2a: Seismitoad|96/100 tox|[from] move: Wish|[wisher] Clefable
|-damage|p2a: Seismitoad|90/100 tox|[from] psn
|upkeep
|turn|27
|
|move|p2a: Seismitoad|Earth Power|p1a: Clefable
|-damage|p1a: Clefable|78/100
|move|p1a: Clefable|Moonblast|p2a: Seismitoad
|-damage|p2a: Seismitoad|44/100 tox
|-unboost|p2a: Seismitoad|spa|1
|
|-heal|p1a: Clefable|100/100|[from] move: Wish|[wisher] Clefable
|-damage|p2a: Seismitoad|32/100 tox|[from] psn
|upkeep
|turn|28
|-message|ferromolybdenum forfeited.
|
|win|UHX but cooler
|l|☆ferromolybdenum
|raw|UHX but cooler's rating: 1477 &rarr; <strong>1498</strong><br />(+21 for winning)
|raw|ferromolybdenum's rating: 1496 &rarr; <strong>1475</strong><br />(-21 for losing)
