|html|<div class="broadcast-blue"><strong>[Gen 8] OU is currently suspecting Melmetal! For information on how to participate check out the <a href="https://www.smogon.com/forums/threads/np-ss-ou-suspect-process-round-12-monster-mash.3709234/">suspect thread</a>.</strong></div>
|j|☆quixana
|j|☆Steez Ibanez
|t:|1665820354
|gametype|singles
|player|p1|quixana|ethan-pokeathlon|1823
|player|p2|Steez Ibanez|acetrainer-gen7|1674
|teamsize|p1|6
|teamsize|p2|6
|gen|8
|tier|[Gen 8] OU
|rated|
|rule|Sleep Clause Mod: Limit one foe put to sleep
|rule|Species Clause: Limit one of each Pokémon
|rule|OHKO Clause: OHKO moves are banned
|rule|Evasion Items Clause: Evasion items are banned
|rule|Evasion Moves Clause: Evasion moves are banned
|rule|Endless Battle Clause: Forcing endless battles is banned
|rule|HP Percentage Mod: HP is shown in percentages
|rule|Dynamax Clause: You cannot dynamax
|clearpoke
|poke|p1|Dragapult, M|
|poke|p1|Rotom-Wash|
|poke|p1|Landorus-Therian, M|
|poke|p1|Melmetal|
|poke|p1|Weavile, M|
|poke|p1|Kartana|
|poke|p2|Tapu Fini|
|poke|p2|Garchomp, M|
|poke|p2|Ferrothorn, M|
|poke|p2|Landorus-Therian, M|
|poke|p2|Zapdos|
|poke|p2|Heatran, M|
|teampreview
|
|t:|1665820368
|start
|switch|p1a: Phantom|Rotom-Wash, shiny|100/100
|switch|p2a: Simba|Landorus-Therian, M|100/100
|-ability|p2a: Simba|Intimidate|boost
|-unboost|p1a: Phantom|atk|1
|turn|1
|
|t:|1665820378
|move|p2a: Simba|U-turn|p1a: Phantom
|-damage|p1a: Phantom|68/100
|
|t:|1665820390
|switch|p2a: Abomination|Ferrothorn, M|100/100|[from]move: U-turn
|move|p1a: Phantom|Hydro Pump|p2a: Abomination
|-resisted|p2a: Abomination
|-damage|p2a: Abomination|81/100
|
|-heal|p1a: Phantom|74/100|[from] item: Leftovers
|upkeep
|turn|2
|inactive|Battle timer is ON: inactive players will automatically lose when time's up. (requested by Steez Ibanez)
|
|t:|1665820428
|move|p1a: Phantom|Volt Switch|p2a: Abomination
|-resisted|p2a: Abomination
|-damage|p2a: Abomination|68/100
|
|t:|1665820435
|switch|p1a: Fate|Melmetal, shiny|100/100|[from]move: Volt Switch
|move|p2a: Abomination|Knock Off|p1a: Fate
|-damage|p1a: Fate|89/100
|-enditem|p1a: Fate|Choice Band|[from] move: Knock Off|[of] p2a: Abomination
|
|upkeep
|turn|3
|inactive|Steez Ibanez has 120 seconds left.
|
|t:|1665820466
|move|p1a: Fate|Superpower|p2a: Abomination
|-supereffective|p2a: Abomination
|-damage|p2a: Abomination|6/100
|-unboost|p1a: Fate|atk|1
|-unboost|p1a: Fate|def|1
|-damage|p1a: Fate|77/100|[from] ability: Iron Barbs|[of] p2a: Abomination
|-damage|p1a: Fate|60/100|[from] item: Rocky Helmet|[of] p2a: Abomination
|move|p2a: Abomination|Leech Seed|p1a: Fate
|-start|p1a: Fate|move: Leech Seed
|
|-damage|p1a: Fate|48/100|[from] Leech Seed|[of] p2a: Abomination
|-heal|p2a: Abomination|22/100|[silent]
|upkeep
|turn|4
|
|t:|1665820484
|switch|p2a: Samehada|Garchomp, M|100/100
|move|p1a: Fate|Superpower|p2a: Samehada
|-crit|p2a: Samehada
|-damage|p2a: Samehada|21/100
|-unboost|p1a: Fate|atk|1
|-unboost|p1a: Fate|def|1
|-damage|p1a: Fate|35/100|[from] ability: Rough Skin|[of] p2a: Samehada
|
|-heal|p2a: Samehada|27/100|[from] item: Leftovers
|-damage|p1a: Fate|23/100|[from] Leech Seed|[of] p2a: Samehada
|-heal|p2a: Samehada|43/100|[silent]
|upkeep
|turn|5
|inactive|Steez Ibanez has 120 seconds left.
|
|t:|1665820521
|switch|p1a: Enten|Landorus-Therian, M, shiny|100/100
|-ability|p1a: Enten|Intimidate|boost
|-unboost|p2a: Samehada|atk|1
|move|p2a: Samehada|Swords Dance|p2a: Samehada
|-boost|p2a: Samehada|atk|2
|
|-heal|p2a: Samehada|49/100|[from] item: Leftovers
|upkeep
|turn|6
|
|t:|1665820535
|move|p2a: Samehada|Scale Shot|p1a: Enten|[miss]
|-miss|p2a: Samehada|p1a: Enten
|move|p1a: Enten|U-turn|p2a: Samehada
|-damage|p2a: Samehada|26/100
|-damage|p1a: Enten|88/100|[from] ability: Rough Skin|[of] p2a: Samehada
|
|t:|1665820541
|switch|p1a: Bandit|Weavile, M, shiny|100/100|[from]move: U-turn
|-ability|p1a: Bandit|Pressure
|
|-heal|p2a: Samehada|32/100|[from] item: Leftovers
|upkeep
|turn|7
|j| Ran Kob
|inactive|Steez Ibanez has 120 seconds left.
|j| zhuzi
|l| Ran Kob
|
|t:|1665820565
|switch|p2a: Abomination|Ferrothorn, M|22/100
|move|p1a: Bandit|Knock Off|p2a: Abomination
|-damage|p2a: Abomination|0 fnt
|-damage|p1a: Bandit|88/100|[from] ability: Iron Barbs|[of] p2a: Abomination
|-damage|p1a: Bandit|72/100|[from] item: Rocky Helmet|[of] p2a: Abomination
|-enditem|p2a: Abomination|Rocky Helmet|[from] move: Knock Off|[of] p1a: Bandit
|faint|p2a: Abomination
|
|upkeep
|
|t:|1665820567
|switch|p2a: Hephaestus|Heatran, M|100/100
|-item|p2a: Hephaestus|Air Balloon
|turn|8
|l| zhuzi
|
|t:|1665820576
|switch|p1a: Phantom|Rotom-Wash, shiny|74/100
|move|p2a: Hephaestus|Magma Storm|p1a: Phantom
|-resisted|p1a: Phantom
|-damage|p1a: Phantom|36/100
|-activate|p1a: Phantom|move: Magma Storm|[of] p2a: Hephaestus
|
|-heal|p1a: Phantom|42/100|[from] item: Leftovers
|-damage|p1a: Phantom|30/100|[from] move: Magma Storm|[partiallytrapped]
|upkeep
|turn|9
|inactive|Steez Ibanez has 120 seconds left.
|
|t:|1665820599
|move|p1a: Phantom|Hydro Pump|p2a: Hephaestus
|-supereffective|p2a: Hephaestus
|-damage|p2a: Hephaestus|0 fnt
|-enditem|p2a: Hephaestus|Air Balloon
|faint|p2a: Hephaestus
|
|-heal|p1a: Phantom|36/100|[from] item: Leftovers
|-end|p1a: Phantom|Magma Storm|[partiallytrapped]|[silent]
|upkeep
|inactive|Steez Ibanez has 120 seconds left.
|j| wthappened
|
|t:|1665820613
|switch|p2a: Samehada|Garchomp, M|32/100
|turn|10
|
|t:|1665820623
|switch|p1a: Enten|Landorus-Therian, M, shiny|88/100
|-ability|p1a: Enten|Intimidate|boost
|-unboost|p2a: Samehada|atk|1
|move|p2a: Samehada|Scale Shot|p1a: Enten
|-damage|p1a: Enten|81/100
|-damage|p1a: Enten|73/100
|-hitcount|p1a: Enten|2
|-unboost|p2a: Samehada|def|1
|-boost|p2a: Samehada|spe|1
|
|-heal|p2a: Samehada|39/100|[from] item: Leftovers
|-heal|p1a: Enten|80/100|[from] item: Leftovers
|upkeep
|turn|11
|
|t:|1665820632
|switch|p2a: Simba|Landorus-Therian, M|100/100
|-ability|p2a: Simba|Intimidate|boost
|-unboost|p1a: Enten|atk|1
|move|p1a: Enten|U-turn|p2a: Simba
|-resisted|p2a: Simba
|-damage|p2a: Simba|92/100
|
|t:|1665820640
|switch|p1a: Bandit|Weavile, M, shiny|72/100|[from]move: U-turn
|-ability|p1a: Bandit|Pressure
|
|upkeep
|turn|12
|
|t:|1665820655
|move|p1a: Bandit|Ice Shard|p2a: Simba
|-supereffective|p2a: Simba
|-damage|p2a: Simba|0 fnt
|faint|p2a: Simba
|
|upkeep
|
|t:|1665820662
|switch|p2a: Watcher|Tapu Fini|100/100
|-fieldstart|move: Misty Terrain|[from] ability: Misty Surge|[of] p2a: Watcher
|turn|13
|
|t:|1665820672
|switch|p1a: Phantom|Rotom-Wash, shiny|36/100
|move|p2a: Watcher|Calm Mind|p2a: Watcher
|-boost|p2a: Watcher|spa|1
|-boost|p2a: Watcher|spd|1
|
|-heal|p1a: Phantom|42/100|[from] item: Leftovers
|upkeep
|turn|14
|
|t:|1665820688
|move|p1a: Phantom|Volt Switch|p2a: Watcher
|-supereffective|p2a: Watcher
|-damage|p2a: Watcher|69/100
|
|t:|1665820693
|switch|p1a: Fate|Melmetal, shiny|23/100|[from]move: Volt Switch
|move|p2a: Watcher|Surf|p1a: Fate
|-crit|p1a: Fate
|-damage|p1a: Fate|0 fnt
|faint|p1a: Fate
|
|-heal|p2a: Watcher|75/100|[from] item: Leftovers
|upkeep
|
|t:|1665820705
|switch|p1a: Deathstroke|Kartana, shiny|100/100
|turn|15
|
|t:|1665820718
|switch|p2a: Bolt|Zapdos|100/100
|move|p1a: Deathstroke|Leaf Blade|p2a: Bolt
|-resisted|p2a: Bolt
|-damage|p2a: Bolt|78/100
|
|upkeep
|turn|16
|
|t:|1665820723
|switch|p1a: Enten|Landorus-Therian, M, shiny|80/100
|-ability|p1a: Enten|Intimidate|boost
|-unboost|p2a: Bolt|atk|1
|move|p2a: Bolt|Heat Wave|p1a: Enten
|-crit|p1a: Enten
|-damage|p1a: Enten|48/100
|
|-heal|p1a: Enten|54/100|[from] item: Leftovers
|upkeep
|turn|17
|
|t:|1665820731
|switch|p2a: Samehada|Garchomp, M|39/100
|move|p1a: Enten|U-turn|p2a: Samehada
|-damage|p2a: Samehada|17/100
|-damage|p1a: Enten|41/100|[from] ability: Rough Skin|[of] p2a: Samehada
|
|t:|1665820736
|switch|p1a: Bandit|Weavile, M, shiny|72/100|[from]move: U-turn
|-ability|p1a: Bandit|Pressure
|
|-heal|p2a: Samehada|23/100|[from] item: Leftovers
|-fieldend|Misty Terrain
|upkeep
|turn|18
|
|t:|1665820756
|move|p1a: Bandit|Knock Off|p2a: Samehada
|-damage|p2a: Samehada|0 fnt
|-damage|p1a: Bandit|59/100|[from] ability: Rough Skin|[of] p2a: Samehada
|-enditem|p2a: Samehada|Leftovers|[from] move: Knock Off|[of] p1a: Bandit
|faint|p2a: Samehada
|
|upkeep
|
|t:|1665820758
|switch|p2a: Watcher|Tapu Fini|75/100
|-fieldstart|move: Misty Terrain|[from] ability: Misty Surge|[of] p2a: Watcher
|turn|19
|
|t:|1665820788
|switch|p1a: Phantom|Rotom-Wash, shiny|42/100
|move|p2a: Watcher|Calm Mind|p2a: Watcher
|-boost|p2a: Watcher|spa|1
|-boost|p2a: Watcher|spd|1
|
|-heal|p1a: Phantom|49/100|[from] item: Leftovers
|-heal|p2a: Watcher|81/100|[from] item: Leftovers
|upkeep
|turn|20
|
|t:|1665820797
|move|p1a: Phantom|Pain Split|p2a: Watcher
|-sethp|p2a: Watcher|58/100|[from] move: Pain Split|[silent]
|-sethp|p1a: Phantom|82/100|[from] move: Pain Split
|move|p2a: Watcher|Surf|p1a: Phantom
|-resisted|p1a: Phantom
|-damage|p1a: Phantom|53/100
|
|-heal|p1a: Phantom|59/100|[from] item: Leftovers
|-heal|p2a: Watcher|64/100|[from] item: Leftovers
|upkeep
|turn|21
|j| highstakescapital
|
|t:|1665820811
|move|p1a: Phantom|Volt Switch|p2a: Watcher
|-supereffective|p2a: Watcher
|-damage|p2a: Watcher|32/100
|
|t:|1665820816
|switch|p1a: Enten|Landorus-Therian, M, shiny|41/100|[from]move: Volt Switch
|-ability|p1a: Enten|Intimidate|boost
|-unboost|p2a: Watcher|atk|1
|move|p2a: Watcher|Draining Kiss|p1a: Enten
|-damage|p1a: Enten|22/100
|-heal|p2a: Watcher|48/100|[from] drain|[of] p1a: Enten
|
|-heal|p2a: Watcher|54/100|[from] item: Leftovers
|-heal|p1a: Enten|28/100|[from] item: Leftovers
|upkeep
|turn|22
|
|t:|1665820832
|move|p2a: Watcher|Surf|p1a: Enten
|-supereffective|p1a: Enten
|-damage|p1a: Enten|0 fnt
|faint|p1a: Enten
|
|-heal|p2a: Watcher|60/100|[from] item: Leftovers
|upkeep
|
|t:|1665820834
|switch|p1a: Deathstroke|Kartana, shiny|100/100
|turn|23
|
|t:|1665820842
|move|p1a: Deathstroke|Leaf Blade|p2a: Watcher
|-supereffective|p2a: Watcher
|-damage|p2a: Watcher|0 fnt
|faint|p2a: Watcher
|-ability|p1a: Deathstroke|Beast Boost|boost
|-boost|p1a: Deathstroke|atk|1
|
|-fieldend|Misty Terrain
|upkeep
|-message|Steez Ibanez forfeited.
|
|win|quixana
|raw|quixana's rating: 1823 &rarr; <strong>1835</strong><br />(+12 for winning)
|raw|Steez Ibanez's rating: 1671 &rarr; <strong>1659</strong><br />(-12 for losing)
|l|☆Steez Ibanez
|c|☆quixana|gg
