|j|☆Run For Me Plz
|j|☆Swagataka
|t:|1646588788
|gametype|singles
|player|p1|Run For Me Plz|grimsley-gen7|1700
|player|p2|Swagataka|roark|1858
|teamsize|p1|6
|teamsize|p2|6
|gen|8
|tier|[Gen 8] OU
|rated|
|rule|Sleep Clause Mod: Limit one foe put to sleep
|rule|Species Clause: Limit one of each Pokémon
|rule|OHKO Clause: OHKO moves are banned
|rule|Evasion Moves Clause: Evasion moves are banned
|rule|Endless Battle Clause: Forcing endless battles is banned
|rule|HP Percentage Mod: HP is shown in percentages
|rule|Dynamax Clause: You cannot dynamax
|clearpoke
|poke|p1|Blacephalon|
|poke|p1|Landorus-Therian, M|
|poke|p1|Blissey, F|
|poke|p1|Corviknight, M|
|poke|p1|Buzzwole|
|poke|p1|Umbreon, F|
|poke|p2|Cloyster, M|
|poke|p2|Polteageist|
|poke|p2|Crawdaunt, M|
|poke|p2|Indeedee, M|
|poke|p2|Regieleki|
|poke|p2|Klefki, F|
|teampreview
|inactive|Battle timer is ON: inactive players will automatically lose when time's up. (requested by Run For Me Plz)
|
|t:|1646588796
|start
|switch|p1a: Landorus|Landorus-Therian, M|100/100
|switch|p2a: Pearl Jam|Cloyster, M, shiny|100/100
|-ability|p1a: Landorus|Intimidate|boost
|-unboost|p2a: Pearl Jam|atk|1
|turn|1
|j| Buko2k
|j| Zipis
|
|t:|1646588801
|switch|p1a: Corviknight|Corviknight, M, shiny|100/100
|-ability|p1a: Corviknight|Pressure
|move|p2a: Pearl Jam|Icicle Spear|p1a: Corviknight
|-damage|p1a: Corviknight|94/100
|-crit|p1a: Corviknight
|-damage|p1a: Corviknight|79/100
|-damage|p1a: Corviknight|73/100
|-damage|p1a: Corviknight|66/100
|-damage|p1a: Corviknight|60/100
|-hitcount|p1a: Corviknight|5
|
|-heal|p1a: Corviknight|66/100|[from] item: Leftovers
|upkeep
|turn|2
|
|t:|1646588803
|switch|p2a: The Doors|Klefki, F|100/100
|move|p1a: Corviknight|Roost|p1a: Corviknight
|-heal|p1a: Corviknight|100/100
|-singleturn|p1a: Corviknight|move: Roost
|
|upkeep
|turn|3
|
|t:|1646588806
|move|p2a: The Doors|Fairy Lock|p2a: The Doors
|-fieldactivate|move: Fairy Lock
|move|p1a: Corviknight|U-turn|p2a: The Doors
|-resisted|p2a: The Doors
|-damage|p2a: The Doors|98/100
|-enditem|p2a: The Doors|Eject Button
|
|t:|1646588808
|switch|p2a: Chili Peppers|Regieleki|100/100
|
|upkeep
|turn|4
|
|t:|1646588813
|move|p2a: Chili Peppers|Volt Switch|p1a: Corviknight
|-supereffective|p1a: Corviknight
|-damage|p1a: Corviknight|0 fnt
|faint|p1a: Corviknight
|
|t:|1646588816
|switch|p2a: The Doors|Klefki, F|98/100|[from]move: Volt Switch
|
|upkeep
|
|t:|1646588821
|switch|p1a: Blacephalon|Blacephalon, shiny|100/100
|turn|5
|
|t:|1646588824
|move|p2a: The Doors|Thunder Wave|p1a: Blacephalon
|-status|p1a: Blacephalon|par
|move|p1a: Blacephalon|Substitute|p1a: Blacephalon
|-start|p1a: Blacephalon|Substitute
|-damage|p1a: Blacephalon|76/100 par
|
|-heal|p1a: Blacephalon|82/100 par|[from] item: Leftovers
|upkeep
|turn|6
|
|t:|1646588829
|switch|p2a: Talking Heads|Indeedee, M|100/100
|-fieldstart|move: Psychic Terrain|[from] ability: Psychic Surge|[of] p2a: Talking Heads
|move|p1a: Blacephalon|Flamethrower|p2a: Talking Heads
|-damage|p2a: Talking Heads|26/100
|
|-heal|p1a: Blacephalon|88/100 par|[from] item: Leftovers
|upkeep
|turn|7
|
|t:|1646588835
|move|p2a: Talking Heads|Psyshock|p1a: Blacephalon
|-end|p1a: Blacephalon|Substitute
|move|p1a: Blacephalon|Flamethrower|p2a: Talking Heads
|-damage|p2a: Talking Heads|0 fnt
|faint|p2a: Talking Heads
|-ability|p1a: Blacephalon|Beast Boost|boost
|-boost|p1a: Blacephalon|spa|1
|
|-heal|p1a: Blacephalon|94/100 par|[from] item: Leftovers
|upkeep
|
|t:|1646588844
|switch|p2a: King Crimson|Crawdaunt, M|100/100
|turn|8
|
|t:|1646588848
|switch|p1a: Buzzwole|Buzzwole|100/100
|move|p2a: King Crimson|Knock Off|p1a: Buzzwole
|-resisted|p1a: Buzzwole
|-damage|p1a: Buzzwole|78/100
|-enditem|p1a: Buzzwole|Heavy-Duty Boots|[from] move: Knock Off|[of] p2a: King Crimson
|-damage|p2a: King Crimson|91/100|[from] item: Life Orb
|
|upkeep
|turn|9
|
|t:|1646588852
|switch|p2a: The Doors|Klefki, F|98/100
|move|p1a: Buzzwole|Roost|p1a: Buzzwole
|-heal|p1a: Buzzwole|100/100
|-singleturn|p1a: Buzzwole|move: Roost
|
|upkeep
|turn|10
|
|t:|1646588856
|switch|p1a: Blissey|Blissey, F, shiny|100/100
|move|p2a: The Doors|Spikes|p1a: Blissey
|-sidestart|p1: Run For Me Plz|Spikes
|
|upkeep
|turn|11
|
|t:|1646588858
|move|p2a: The Doors|Spikes|p1a: Blissey
|-sidestart|p1: Run For Me Plz|Spikes
|move|p1a: Blissey|Stealth Rock|p2a: The Doors
|-sidestart|p2: Swagataka|move: Stealth Rock
|
|upkeep
|turn|12
|
|t:|1646588860
|move|p2a: The Doors|Spikes|p1a: Blissey
|-sidestart|p1: Run For Me Plz|Spikes
|move|p1a: Blissey|Seismic Toss|p2a: The Doors
|-damage|p2a: The Doors|67/100
|
|upkeep
|turn|13
|
|t:|1646588865
|switch|p2a: Chili Peppers|Regieleki|100/100
|-damage|p2a: Chili Peppers|88/100|[from] Stealth Rock
|switch|p1a: Landorus|Landorus-Therian, M|100/100
|-ability|p1a: Landorus|Intimidate|boost
|-unboost|p2a: Chili Peppers|atk|1
|
|-fieldend|move: Psychic Terrain
|upkeep
|turn|14
|
|t:|1646588872
|switch|p2a: The Doors|Klefki, F|67/100
|-damage|p2a: The Doors|61/100|[from] Stealth Rock
|move|p1a: Landorus|Defog|p2a: The Doors
|-unboost|p2a: The Doors|evasion|1
|-sideend|p2: Swagataka|Stealth Rock|[from] move: Defog|[of] p1a: Landorus
|-sideend|p1: Run For Me Plz|Spikes|[from] move: Defog|[of] p1a: Landorus
|
|upkeep
|turn|15
|
|t:|1646588875
|move|p2a: The Doors|Fairy Lock|p2a: The Doors
|-fieldactivate|move: Fairy Lock
|move|p1a: Landorus|Earthquake|p2a: The Doors
|-supereffective|p2a: The Doors
|-damage|p2a: The Doors|0 fnt
|faint|p2a: The Doors
|
|upkeep
|
|t:|1646588878
|switch|p2a: Pearl Jam|Cloyster, M, shiny|100/100
|turn|16
|
|t:|1646588881
|move|p2a: Pearl Jam|Icicle Spear|p1a: Landorus
|-supereffective|p1a: Landorus
|-damage|p1a: Landorus|57/100
|-supereffective|p1a: Landorus
|-damage|p1a: Landorus|11/100
|-supereffective|p1a: Landorus
|-damage|p1a: Landorus|0 fnt
|faint|p1a: Landorus
|-hitcount|p1: Landorus|3
|
|upkeep
|
|t:|1646588884
|switch|p1a: Buzzwole|Buzzwole|100/100
|turn|17
|
|t:|1646588889
|move|p2a: Pearl Jam|Shell Smash|p2a: Pearl Jam
|-unboost|p2a: Pearl Jam|def|1
|-unboost|p2a: Pearl Jam|spd|1
|-boost|p2a: Pearl Jam|atk|2
|-boost|p2a: Pearl Jam|spa|2
|-boost|p2a: Pearl Jam|spe|2
|move|p1a: Buzzwole|Ice Punch|p2a: Pearl Jam
|-resisted|p2a: Pearl Jam
|-damage|p2a: Pearl Jam|93/100
|
|upkeep
|turn|18
|
|t:|1646588891
|move|p2a: Pearl Jam|Icicle Spear|p1a: Buzzwole
|-damage|p1a: Buzzwole|89/100
|-damage|p1a: Buzzwole|77/100
|-damage|p1a: Buzzwole|66/100
|-damage|p1a: Buzzwole|55/100
|-damage|p1a: Buzzwole|44/100
|-hitcount|p1a: Buzzwole|5
|move|p1a: Buzzwole|Drain Punch|p2a: Pearl Jam
|-supereffective|p2a: Pearl Jam
|-damage|p2a: Pearl Jam|0 fnt
|-heal|p1a: Buzzwole|71/100|[from] drain|[of] p2a: Pearl Jam
|faint|p2a: Pearl Jam
|-ability|p1a: Buzzwole|Beast Boost|boost
|-boost|p1a: Buzzwole|def|1
|
|upkeep
|
|t:|1646588894
|switch|p2a: Chili Peppers|Regieleki|88/100
|turn|19
|
|t:|1646588896
|switch|p1a: Blissey|Blissey, F, shiny|100/100
|move|p2a: Chili Peppers|Electro Ball|p1a: Blissey
|-damage|p1a: Blissey|51/100
|
|upkeep
|turn|20
|
|t:|1646588899
|move|p2a: Chili Peppers|Electro Ball|p1a: Blissey
|-damage|p1a: Blissey|2/100
|move|p1a: Blissey|Soft-Boiled|p1a: Blissey
|-heal|p1a: Blissey|52/100
|
|upkeep
|turn|21
|
|t:|1646588905
|move|p2a: Chili Peppers|Electro Ball|p1a: Blissey
|-damage|p1a: Blissey|6/100
|move|p1a: Blissey|Toxic|p2a: Chili Peppers|[miss]
|-miss|p1a: Blissey|p2a: Chili Peppers
|
|upkeep
|turn|22
|j| pixieflower
|c|☆Run For Me Plz|ofc
|
|t:|1646588916
|move|p2a: Chili Peppers|Electro Ball|p1a: Blissey
|-damage|p1a: Blissey|0 fnt
|faint|p1a: Blissey
|
|upkeep
|
|t:|1646588917
|switch|p1a: Umbreon|Umbreon, F, shiny|100/100
|turn|23
|
|t:|1646588921
|move|p2a: Chili Peppers|Electro Ball|p1a: Umbreon
|-damage|p1a: Umbreon|18/100
|move|p1a: Umbreon|Wish|p1a: Umbreon
|
|-heal|p1a: Umbreon|24/100|[from] item: Leftovers
|upkeep
|turn|24
|
|t:|1646588924
|move|p1a: Umbreon|Protect|p1a: Umbreon
|-singleturn|p1a: Umbreon|Protect
|move|p2a: Chili Peppers|Electro Ball|p1a: Umbreon
|-activate|p1a: Umbreon|move: Protect
|
|-heal|p1a: Umbreon|74/100|[from] move: Wish|[wisher] Umbreon
|-heal|p1a: Umbreon|80/100|[from] item: Leftovers
|upkeep
|turn|25
|
|t:|1646588928
|move|p2a: Chili Peppers|Electro Ball|p1a: Umbreon
|-damage|p1a: Umbreon|0 fnt
|faint|p1a: Umbreon
|
|upkeep
|j| tastemylosshelp
|c|☆Swagataka|that didnt change the outcome of this match
|
|t:|1646588937
|switch|p1a: Blacephalon|Blacephalon, shiny|94/100 par
|turn|26
|
|t:|1646588940
|move|p2a: Chili Peppers|Electro Ball|p1a: Blacephalon
|-damage|p1a: Blacephalon|0 fnt
|faint|p1a: Blacephalon
|
|upkeep
|j| Grimmisnarl
|j| Zeratosk
|-message|Run For Me Plz forfeited.
|
|win|Swagataka
|raw|Run For Me Plz's rating: 1700 &rarr; <strong>1689</strong><br />(-11 for losing)
|raw|Swagataka's rating: 1858 &rarr; <strong>1869</strong><br />(+11 for winning)
|l|☆Run For Me Plz
|l| pixieflower
|l| tastemylosshelp
||Ladder isn't responding, score probably updated but might not have (Request timeout).
|l|☆Swagataka
|l| Grimmisnarl
|l| Buko2k
|j| Grimmisnarl
