|j|☆minimax_ai
|j|☆samohi0
|t:|1662690287
|gametype|singles
|player|p1|minimax_ai|lusamine-nihilego|1572
|player|p2|samohi0|266|1606
|teamsize|p1|6
|teamsize|p2|6
|gen|8
|tier|[Gen 8] OU
|rated|
|rule|Sleep Clause Mod: Limit one foe put to sleep
|rule|Species Clause: Limit one of each Pokémon
|rule|OHKO Clause: OHKO moves are banned
|rule|Evasion Items Clause: Evasion items are banned
|rule|Evasion Moves Clause: Evasion moves are banned
|rule|Endless Battle Clause: Forcing endless battles is banned
|rule|HP Percentage Mod: HP is shown in percentages
|rule|Dynamax Clause: You cannot dynamax
|clearpoke
|poke|p1|Rotom-Wash|
|poke|p1|Weavile, M|
|poke|p1|Landorus-Therian, M|
|poke|p1|Heatran, M|
|poke|p1|Tangrowth, M|
|poke|p1|Melmetal|
|poke|p2|Obstagoon, F|
|poke|p2|Landorus-Therian, M|
|poke|p2|Ferrothorn, F|
|poke|p2|Zapdos|
|poke|p2|Slowking, M|
|poke|p2|Mienshao, M|
|teampreview
|c|☆minimax_ai|hf
|inactive|Battle timer is ON: inactive players will automatically lose when time's up. (requested by minimax_ai)
|
|t:|1662690302
|start
|switch|p1a: Weavile|Weavile, M|100/100
|switch|p2a: Obstagoon|Obstagoon, F|100/100
|-ability|p1a: Weavile|Pressure
|turn|1
|
|t:|1662690324
|switch|p2a: Ferrothorn|Ferrothorn, F|100/100
|move|p1a: Weavile|Low Kick|p2a: Ferrothorn
|-supereffective|p2a: Ferrothorn
|-damage|p2a: Ferrothorn|48/100
|-damage|p1a: Weavile|88/100|[from] ability: Iron Barbs|[of] p2a: Ferrothorn
|
|-heal|p2a: Ferrothorn|54/100|[from] item: Leftovers
|upkeep
|turn|2
|
|t:|1662690328
|move|p1a: Weavile|Low Kick|p2a: Ferrothorn
|-supereffective|p2a: Ferrothorn
|-damage|p2a: Ferrothorn|0 fnt
|-damage|p1a: Weavile|76/100|[from] ability: Iron Barbs|[of] p2a: Ferrothorn
|faint|p2a: Ferrothorn
|
|upkeep
|
|t:|1662690331
|switch|p2a: Zapdos|Zapdos|100/100
|turn|3
|
|t:|1662690333
|switch|p1a: Melmetal|Melmetal|100/100
|move|p2a: Zapdos|Hurricane|p1a: Melmetal
|-resisted|p1a: Melmetal
|-damage|p1a: Melmetal|89/100
|-start|p1a: Melmetal|confusion
|
|upkeep
|turn|4
|
|t:|1662690336
|move|p2a: Zapdos|Volt Switch|p1a: Melmetal
|-damage|p1a: Melmetal|73/100
|
|t:|1662690341
|switch|p2a: Landorus|Landorus-Therian, M|100/100|[from]move: Volt Switch
|-ability|p2a: Landorus|Intimidate|boost
|-unboost|p1a: Melmetal|atk|1
|-activate|p1a: Melmetal|confusion
|move|p1a: Melmetal|Double Iron Bash|p2a: Landorus
|-damage|p2a: Landorus|72/100
|-damage|p2a: Landorus|46/100
|-hitcount|p2a: Landorus|2
|
|-heal|p2a: Landorus|52/100|[from] item: Leftovers
|upkeep
|turn|5
|
|t:|1662690344
|move|p2a: Landorus|Earthquake|p1a: Melmetal
|-supereffective|p1a: Melmetal
|-damage|p1a: Melmetal|19/100
|-activate|p1a: Melmetal|confusion
|move|p1a: Melmetal|Ice Punch|p2a: Landorus
|-supereffective|p2a: Landorus
|-damage|p2a: Landorus|0 fnt
|faint|p2a: Landorus
|
|upkeep
|
|t:|1662690348
|switch|p2a: Obstagoon|Obstagoon, F|100/100
|turn|6
|
|t:|1662690350
|switch|p1a: Tangrowth|Tangrowth, M|100/100
|move|p2a: Obstagoon|Knock Off|p1a: Tangrowth
|-damage|p1a: Tangrowth|78/100
|-damage|p2a: Obstagoon|84/100|[from] item: Rocky Helmet|[of] p1a: Tangrowth
|-enditem|p1a: Tangrowth|Rocky Helmet|[from] move: Knock Off|[of] p2a: Obstagoon
|
|-status|p2a: Obstagoon|brn|[from] item: Flame Orb
|upkeep
|turn|7
|
|t:|1662690353
|move|p2a: Obstagoon|Bulk Up|p2a: Obstagoon
|-boost|p2a: Obstagoon|atk|1
|-boost|p2a: Obstagoon|def|1
|move|p1a: Tangrowth|Focus Blast|p2a: Obstagoon
|-supereffective|p2a: Obstagoon
|-damage|p2a: Obstagoon|0 fnt
|faint|p2a: Obstagoon
|
|upkeep
|
|t:|1662690358
|switch|p2a: Zapdos|Zapdos|100/100
|turn|8
|
|t:|1662690359
|switch|p1a: Weavile|Weavile, M|76/100
|-ability|p1a: Weavile|Pressure
|move|p2a: Zapdos|Hurricane|p1a: Weavile
|-damage|p1a: Weavile|14/100
|
|upkeep
|turn|9
|
|t:|1662690361
|switch|p1a: landorustherian|Landorus-Therian, M|100/100
|-ability|p1a: landorustherian|Intimidate|boost
|-unboost|p2a: Zapdos|atk|1
|move|p2a: Zapdos|Volt Switch|p1a: landorustherian
|-immune|p1a: landorustherian
|
|upkeep
|turn|10
|
|t:|1662690363
|move|p2a: Zapdos|Hurricane|p1a: landorustherian
|-damage|p1a: landorustherian|64/100
|move|p1a: landorustherian|Toxic|p2a: Zapdos
|-status|p2a: Zapdos|tox
|
|-heal|p1a: landorustherian|70/100|[from] item: Leftovers
|-damage|p2a: Zapdos|94/100 tox|[from] psn
|upkeep
|turn|11
|
|t:|1662690366
|move|p2a: Zapdos|Hurricane|p1a: landorustherian
|-damage|p1a: landorustherian|38/100
|move|p1a: landorustherian|Earthquake|p2a: Zapdos
|-immune|p2a: Zapdos
|
|-heal|p1a: landorustherian|44/100|[from] item: Leftovers
|-damage|p2a: Zapdos|82/100 tox|[from] psn
|upkeep
|turn|12
|
|t:|1662690370
|move|p2a: Zapdos|Hurricane|p1a: landorustherian
|-damage|p1a: landorustherian|8/100
|-start|p1a: landorustherian|confusion
|-activate|p1a: landorustherian|confusion
|move|p1a: landorustherian|Earthquake|p2a: Zapdos
|-immune|p2a: Zapdos
|
|-heal|p1a: landorustherian|14/100|[from] item: Leftovers
|-damage|p2a: Zapdos|64/100 tox|[from] psn
|upkeep
|turn|13
|
|t:|1662690373
|switch|p1a: rotomwash|Rotom-Wash|100/100
|move|p2a: Zapdos|Defog|p1a: rotomwash
|-unboost|p1a: rotomwash|evasion|1
|
|-damage|p2a: Zapdos|40/100 tox|[from] psn
|upkeep
|turn|14
|
|t:|1662690374
|move|p1a: rotomwash|Hydro Pump|p2a: Zapdos
|-damage|p2a: Zapdos|0 fnt
|faint|p2a: Zapdos
|
|upkeep
|
|t:|1662690377
|switch|p2a: Mienshao|Mienshao, M|100/100
|turn|15
|
|t:|1662690378
|switch|p1a: Tangrowth|Tangrowth, M|100/100
|move|p2a: Mienshao|Fake Out|p1a: Tangrowth
|-damage|p1a: Tangrowth|91/100
|-damage|p2a: Mienshao|91/100|[from] item: Life Orb
|
|upkeep
|turn|16
|
|t:|1662690380
|move|p2a: Mienshao|U-turn|p1a: Tangrowth
|-supereffective|p1a: Tangrowth
|-damage|p1a: Tangrowth|58/100
|-damage|p2a: Mienshao|81/100|[from] item: Life Orb
|
|t:|1662690384
|switch|p2a: Slowking|Slowking, M|100/100|[from]move: U-turn
|move|p1a: Tangrowth|Sleep Powder|p2a: Slowking
|-status|p2a: Slowking|slp|[from] move: Sleep Powder
|
|upkeep
|turn|17
|
|t:|1662690385
|move|p1a: Tangrowth|Giga Drain|p2a: Slowking
|-supereffective|p2a: Slowking
|-damage|p2a: Slowking|68/100 slp
|-heal|p1a: Tangrowth|74/100|[from] drain|[of] p2a: Slowking
|cant|p2a: Slowking|slp
|
|upkeep
|turn|18
|
|t:|1662690387
|move|p1a: Tangrowth|Giga Drain|p2a: Slowking
|-supereffective|p2a: Slowking
|-damage|p2a: Slowking|31/100 slp
|-heal|p1a: Tangrowth|92/100|[from] drain|[of] p2a: Slowking
|cant|p2a: Slowking|slp
|
|upkeep
|turn|19
|
|t:|1662690388
|move|p1a: Tangrowth|Giga Drain|p2a: Slowking
|-supereffective|p2a: Slowking
|-damage|p2a: Slowking|0 fnt
|-heal|p1a: Tangrowth|100/100|[from] drain|[of] p2a: Slowking
|faint|p2a: Slowking
|
|upkeep
|-message|samohi0 forfeited.
|
|win|minimax_ai
|raw|minimax_ai's rating: 1572 &rarr; <strong>1594</strong><br />(+22 for winning)
|raw|samohi0's rating: 1606 &rarr; <strong>1584</strong><br />(-22 for losing)
|c|☆minimax_ai|gg
|l|☆samohi0
