|raw|<div class="broadcast-blue"><strong>This battle is required to be public due to a player having a name starting with 'lt93oq'.</div>
|j|☆LT93OQ YungBeef
|j|☆Mimikyu Stardust
|t:|1660736295
|gametype|singles
|player|p1|LT93OQ YungBeef|170|1622
|player|p2|Mimikyu Stardust|#wcop2022asia|1805
|teamsize|p1|6
|teamsize|p2|6
|gen|8
|tier|[Gen 8] OU
|rated|
|rule|Sleep Clause Mod: Limit one foe put to sleep
|rule|Species Clause: Limit one of each Pokémon
|rule|OHKO Clause: OHKO moves are banned
|rule|Evasion Items Clause: Evasion items are banned
|rule|Evasion Moves Clause: Evasion moves are banned
|rule|Endless Battle Clause: Forcing endless battles is banned
|rule|HP Percentage Mod: HP is shown in percentages
|rule|Dynamax Clause: You cannot dynamax
|clearpoke
|poke|p1|Shuckle, F|
|poke|p1|Darmanitan, M|
|poke|p1|Tapu Lele|
|poke|p1|Garchomp, F|
|poke|p1|Moltres-Galar|
|poke|p1|Buzzwole|
|poke|p2|Mew|
|poke|p2|Zeraora|
|poke|p2|Kartana|
|poke|p2|Blacephalon|
|poke|p2|Tapu Bulu|
|poke|p2|Weavile, F|
|teampreview
|
|t:|1660736309
|start
|switch|p1a: Shuckle|Shuckle, F|100/100
|switch|p2a: Weavile|Weavile, F|100/100
|-ability|p2a: Weavile|Pressure
|turn|1
|
|t:|1660736330
|move|p2a: Weavile|Swords Dance|p2a: Weavile
|-boost|p2a: Weavile|atk|2
|move|p1a: Shuckle|Sticky Web|p2a: Weavile
|-sidestart|p2: Mimikyu Stardust|move: Sticky Web
|
|upkeep
|turn|2
|
|t:|1660736347
|move|p2a: Weavile|Triple Axel|p1a: Shuckle
|-damage|p1a: Shuckle|85/100
|-damage|p1a: Shuckle|57/100
|-damage|p1a: Shuckle|14/100
|-hitcount|p1a: Shuckle|3
|-damage|p2a: Weavile|91/100|[from] item: Life Orb
|move|p1a: Shuckle|Encore|p2a: Weavile
|-start|p2a: Weavile|Encore
|
|upkeep
|turn|3
|
|t:|1660736358
|move|p2a: Weavile|Triple Axel|p1a: Shuckle
|-damage|p1a: Shuckle|0 fnt
|faint|p1a: Shuckle
|-hitcount|p1: Shuckle|1
|-damage|p2a: Weavile|81/100|[from] item: Life Orb
|
|upkeep
|
|t:|1660736363
|switch|p1a: Buzzwole|Buzzwole|100/100
|turn|4
|
|t:|1660736370
|move|p2a: Weavile|Triple Axel|p1a: Buzzwole
|-damage|p1a: Buzzwole|81/100
|-damage|p1a: Buzzwole|46/100
|-damage|p1a: Buzzwole|0 fnt
|faint|p1a: Buzzwole
|-hitcount|p1: Buzzwole|3
|-damage|p2a: Weavile|71/100|[from] item: Life Orb
|
|upkeep
|
|t:|1660736376
|switch|p1a: bazinga|Darmanitan, M|100/100
|turn|5
|
|t:|1660736378
|move|p2a: Weavile|Triple Axel|p1a: bazinga|[miss]
|-miss|p2a: Weavile|p1a: bazinga
|move|p1a: bazinga|Fire Punch|p2a: Weavile
|-supereffective|p2a: Weavile
|-damage|p2a: Weavile|0 fnt
|faint|p2a: Weavile
|
|upkeep
|
|t:|1660736389
|switch|p2a: Blacephalon|Blacephalon|100/100
|-activate|p2a: Blacephalon|move: Sticky Web
|-unboost|p2a: Blacephalon|spe|1
|turn|6
|c|☆Mimikyu Stardust|mon sucks
|c|☆LT93OQ YungBeef|it would have been lucky if you hitted every axel
|j| LZZY__ARES
|c|☆Mimikyu Stardust|nah after that im spamming knock
|c|☆Mimikyu Stardust|not clicking axel
|
|t:|1660736451
|move|p1a: bazinga|Earthquake|p2a: Blacephalon
|-supereffective|p2a: Blacephalon
|-damage|p2a: Blacephalon|0 fnt
|faint|p2a: Blacephalon
|
|upkeep
|
|t:|1660736468
|switch|p2a: Kartana|Kartana|100/100
|-activate|p2a: Kartana|move: Sticky Web
|-unboost|p2a: Kartana|spe|1
|turn|7
|c|☆LT93OQ YungBeef|yea
|c|☆LT93OQ YungBeef|spamming knock on my goltres
|
|t:|1660736482
|move|p2a: Kartana|Knock Off|p1a: bazinga
|-damage|p1a: bazinga|36/100
|-enditem|p1a: bazinga|Salac Berry|[from] move: Knock Off|[of] p2a: Kartana
|move|p1a: bazinga|Fire Punch|p2a: Kartana
|-supereffective|p2a: Kartana
|-damage|p2a: Kartana|0 fnt
|faint|p2a: Kartana
|
|upkeep
|j| Ad.... 067 ツ
|c|☆Mimikyu Stardust|ice shard is a move
|-message|Mimikyu Stardust forfeited.
|
|win|LT93OQ YungBeef
|raw|LT93OQ YungBeef's rating: 1644 &rarr; <strong>1673</strong><br />(+29 for winning)
|raw|Mimikyu Stardust's rating: 1805 &rarr; <strong>1776</strong><br />(-29 for losing)
|l|☆Mimikyu Stardust
|c|☆LT93OQ YungBeef|wtf mimikyus stardus when not in call with stormzone?!?"?·?!"?
