|j|☆friedfreak
|j|☆Djpablix
|t:|1664338347
|gametype|singles
|player|p1|friedfreak|2|1746
|player|p2|Djpablix|hilbert|1803
|teamsize|p1|6
|teamsize|p2|6
|gen|8
|tier|[Gen 8] OU
|rated|
|rule|Sleep Clause Mod: Limit one foe put to sleep
|rule|Species Clause: Limit one of each Pokémon
|rule|OHKO Clause: OHKO moves are banned
|rule|Evasion Items Clause: Evasion items are banned
|rule|Evasion Moves Clause: Evasion moves are banned
|rule|Endless Battle Clause: Forcing endless battles is banned
|rule|HP Percentage Mod: HP is shown in percentages
|rule|Dynamax Clause: You cannot dynamax
|clearpoke
|poke|p1|Heatran, F|
|poke|p1|Mamoswine, F|
|poke|p1|Kartana|
|poke|p1|Corviknight, M|
|poke|p1|Tapu Koko|
|poke|p1|Slowbro, M|
|poke|p2|Gengar, M|
|poke|p2|Dragapult, F|
|poke|p2|Blaziken, M|
|poke|p2|Landorus-Therian, M|
|poke|p2|Kartana|
|poke|p2|Latias, F|
|teampreview
|inactive|Battle timer is ON: inactive players will automatically lose when time's up. (requested by friedfreak)
|j| painkilllr
|j| jly8
|l| painkilllr
|j| smile.dkc
|
|t:|1664338371
|start
|switch|p1a: Mamoswine|Mamoswine, F|100/100
|switch|p2a: Gengar|Gengar, M|100/100
|turn|1
|j| Chiefsss
|
|t:|1664338380
|move|p2a: Gengar|Trick|p1a: Mamoswine
|-activate|p2a: Gengar|move: Trick|[of] p1a: Mamoswine
|-item|p1a: Mamoswine|Choice Scarf|[from] move: Trick
|-item|p2a: Gengar|Leftovers|[from] move: Trick
|move|p1a: Mamoswine|Earthquake|p2a: Gengar
|-supereffective|p2a: Gengar
|-damage|p2a: Gengar|0 fnt
|faint|p2a: Gengar
|
|upkeep
|l| Chiefsss
|
|t:|1664338386
|switch|p2a: Landorus|Landorus-Therian, M|100/100
|-ability|p2a: Landorus|Intimidate|boost
|-unboost|p1a: Mamoswine|atk|1
|turn|2
|
|t:|1664338394
|switch|p1a: Corviknight|Corviknight, M|100/100
|-ability|p1a: Corviknight|Pressure
|move|p2a: Landorus|Rock Polish|p2a: Landorus
|-boost|p2a: Landorus|spe|2
|
|upkeep
|turn|3
|
|t:|1664338400
|move|p2a: Landorus|Swords Dance|p2a: Landorus
|-boost|p2a: Landorus|atk|2
|move|p1a: Corviknight|U-turn|p2a: Landorus
|-resisted|p2a: Landorus
|-damage|p2a: Landorus|91/100
|
|t:|1664338401
|switch|p1a: Mamoswine|Mamoswine, F|100/100|[from]move: U-turn
|
|upkeep
|turn|4
|
|t:|1664338404
|move|p1a: Mamoswine|Ice Shard|p2a: Landorus
|-supereffective|p2a: Landorus
|-enditem|p2a: Landorus|Yache Berry|[eat]
|-enditem|p2a: Landorus|Yache Berry|[weaken]
|-damage|p2a: Landorus|39/100
|move|p2a: Landorus|Earthquake|p1a: Mamoswine
|-damage|p1a: Mamoswine|0 fnt
|faint|p1a: Mamoswine
|
|upkeep
|
|t:|1664338410
|switch|p1a: Slowbro|Slowbro, M|100/100
|turn|5
|
|t:|1664338413
|move|p2a: Landorus|Earthquake|p1a: Slowbro
|-damage|p1a: Slowbro|29/100
|move|p1a: Slowbro|Scald|p2a: Landorus
|-supereffective|p2a: Landorus
|-damage|p2a: Landorus|0 fnt
|faint|p2a: Landorus
|
|upkeep
|
|t:|1664338419
|switch|p2a: Latias|Latias, F|100/100
|turn|6
|
|t:|1664338424
|switch|p1a: Heatran|Heatran, F|100/100
|move|p2a: Latias|Agility|p2a: Latias
|-boost|p2a: Latias|spe|2
|
|upkeep
|turn|7
|
|t:|1664338426
|move|p2a: Latias|Calm Mind|p2a: Latias
|-boost|p2a: Latias|spa|1
|-boost|p2a: Latias|spd|1
|move|p1a: Heatran|Toxic|p2a: Latias
|-status|p2a: Latias|tox
|
|-damage|p2a: Latias|95/100 tox|[from] psn
|upkeep
|turn|8
|
|t:|1664338434
|move|p2a: Latias|Calm Mind|p2a: Latias
|-boost|p2a: Latias|spa|1
|-boost|p2a: Latias|spd|1
|move|p1a: Heatran|Magma Storm|p2a: Latias
|-resisted|p2a: Latias
|-damage|p2a: Latias|86/100 tox
|-activate|p2a: Latias|move: Magma Storm|[of] p1a: Heatran
|
|-damage|p2a: Latias|74/100 tox|[from] psn
|-damage|p2a: Latias|62/100 tox|[from] move: Magma Storm|[partiallytrapped]
|upkeep
|turn|9
|
|t:|1664338437
|move|p2a: Latias|Aura Sphere|p1a: Heatran
|-supereffective|p1a: Heatran
|-damage|p1a: Heatran|33/100
|move|p1a: Heatran|Stealth Rock|p2a: Latias
|-sidestart|p2: Djpablix|move: Stealth Rock
|
|-heal|p1a: Heatran|40/100|[from] item: Leftovers
|-damage|p2a: Latias|44/100 tox|[from] psn
|-damage|p2a: Latias|31/100 tox|[from] move: Magma Storm|[partiallytrapped]
|upkeep
|turn|10
|
|t:|1664338461
|move|p2a: Latias|Stored Power|p1a: Heatran
|-resisted|p1a: Heatran
|-damage|p1a: Heatran|0 fnt
|faint|p1a: Heatran
|
|-damage|p2a: Latias|7/100 tox|[from] psn
|-end|p2a: Latias|Magma Storm|[partiallytrapped]|[silent]
|upkeep
|inactive|friedfreak has 120 seconds left.
|
|t:|1664338482
|switch|p1a: Slowbro|Slowbro, M|62/100
|turn|11
|inactive|friedfreak has 120 seconds left.
|
|t:|1664338504
|switch|p1a: Corviknight|Corviknight, M|100/100
|-ability|p1a: Corviknight|Pressure
|move|p2a: Latias|Stored Power|p1a: Corviknight
|-resisted|p1a: Corviknight
|-damage|p1a: Corviknight|33/100
|
|-damage|p2a: Latias|0 fnt|[from] psn
|faint|p2a: Latias
|upkeep
|
|t:|1664338514
|switch|p2a: Blaziken|Blaziken, M|100/100
|-damage|p2a: Blaziken|88/100|[from] Stealth Rock
|turn|12
|
|t:|1664338526
|move|p2a: Blaziken|Swords Dance|p2a: Blaziken
|-boost|p2a: Blaziken|atk|2
|move|p1a: Corviknight|U-turn|p2a: Blaziken
|-resisted|p2a: Blaziken
|-damage|p2a: Blaziken|83/100
|
|t:|1664338528
|switch|p1a: Slowbro|Slowbro, M|95/100|[from]move: U-turn
|
|-heal|p2a: Blaziken|89/100|[from] item: Leftovers
|-ability|p2a: Blaziken|Speed Boost|boost
|-boost|p2a: Blaziken|spe|1
|upkeep
|turn|13
|
|t:|1664338536
|move|p2a: Blaziken|Knock Off|p1a: Slowbro
|-supereffective|p1a: Slowbro
|-damage|p1a: Slowbro|7/100
|-enditem|p1a: Slowbro|Heavy-Duty Boots|[from] move: Knock Off|[of] p2a: Blaziken
|move|p1a: Slowbro|Future Sight|p2a: Blaziken
|-start|p1a: Slowbro|move: Future Sight
|
|-heal|p2a: Blaziken|96/100|[from] item: Leftovers
|-ability|p2a: Blaziken|Speed Boost|boost
|-boost|p2a: Blaziken|spe|1
|upkeep
|turn|14
|inactive|friedfreak has 120 seconds left.
|
|t:|1664338552
|move|p2a: Blaziken|Flare Blitz|p1a: Slowbro
|-resisted|p1a: Slowbro
|-damage|p1a: Slowbro|0 fnt
|faint|p1a: Slowbro
|-damage|p2a: Blaziken|93/100|[from] Recoil
|
|-heal|p2a: Blaziken|99/100|[from] item: Leftovers
|-ability|p2a: Blaziken|Speed Boost|boost
|-boost|p2a: Blaziken|spe|1
|upkeep
|inactive|friedfreak has 120 seconds left.
|
|t:|1664338557
|switch|p1a: Corviknight|Corviknight, M|33/100
|-ability|p1a: Corviknight|Pressure
|turn|15
|
|t:|1664338563
|move|p2a: Blaziken|Flare Blitz|p1a: Corviknight
|-supereffective|p1a: Corviknight
|-damage|p1a: Corviknight|0 fnt
|-damage|p2a: Blaziken|83/100|[from] item: Rocky Helmet|[of] p1a: Corviknight
|faint|p1a: Corviknight
|-damage|p2a: Blaziken|70/100|[from] Recoil
|
|-end|p2a: Blaziken|move: Future Sight
|-supereffective|p2a: Blaziken
|-damage|p2a: Blaziken|0 fnt
|faint|p2a: Blaziken
|upkeep
|
|t:|1664338571
|switch|p2a: Kartana|Kartana|100/100
|switch|p1a: Tapu Koko|Tapu Koko|100/100
|-fieldstart|move: Electric Terrain|[from] ability: Electric Surge|[of] p1a: Tapu Koko
|-damage|p2a: Kartana|94/100|[from] Stealth Rock
|turn|16
|-activate|p2a: Kartana|item: Quick Claw
|
|t:|1664338576
|move|p2a: Kartana|Leaf Blade|p1a: Tapu Koko
|-damage|p1a: Tapu Koko|41/100
|move|p1a: Tapu Koko|U-turn|p2a: Kartana
|-damage|p2a: Kartana|81/100
|
|t:|1664338581
|switch|p1a: Kartana|Kartana|100/100|[from]move: U-turn
|
|upkeep
|turn|17
|
|t:|1664338586
|move|p1a: Kartana|Sacred Sword|p2a: Kartana
|-supereffective|p2a: Kartana
|-damage|p2a: Kartana|10/100
|move|p2a: Kartana|Swords Dance|p2a: Kartana
|-boost|p2a: Kartana|atk|2
|
|upkeep
|turn|18
|-activate|p2a: Kartana|item: Quick Claw
|
|t:|1664338592
|move|p2a: Kartana|Sacred Sword|p1a: Kartana
|-supereffective|p1a: Kartana
|-damage|p1a: Kartana|0 fnt
|faint|p1a: Kartana
|-ability|p2a: Kartana|Beast Boost|boost
|-boost|p2a: Kartana|spe|1
|
|upkeep
|
|t:|1664338594
|switch|p1a: Tapu Koko|Tapu Koko|41/100
|turn|19
|-message|friedfreak forfeited.
|
|win|Djpablix
|raw|friedfreak's rating: 1746 &rarr; <strong>1729</strong><br />(-17 for losing)
|raw|Djpablix's rating: 1803 &rarr; <strong>1820</strong><br />(+17 for winning)
|l|☆friedfreak
|l|☆Djpablix
||Ladder isn't responding, score probably updated but might not have (Request timeout).
|l| jly8
