|j|☆THE LOVE PILLAR
|j|☆DyrantsRegards
|t:|1663624734
|gametype|singles
|player|p1|THE LOVE PILLAR|lucas|
|player|p2|DyrantsRegards|shauntal|
|teamsize|p1|6
|teamsize|p2|6
|gen|8
|tier|[Gen 8] OU
|rule|Sleep Clause Mod: Limit one foe put to sleep
|rule|Species Clause: Limit one of each Pokémon
|rule|OHKO Clause: OHKO moves are banned
|rule|Evasion Items Clause: Evasion items are banned
|rule|Evasion Moves Clause: Evasion moves are banned
|rule|Endless Battle Clause: Forcing endless battles is banned
|rule|HP Percentage Mod: HP is shown in percentages
|rule|Dynamax Clause: You cannot dynamax
|clearpoke
|poke|p1|Mamoswine, M|
|poke|p1|Urshifu-*, F|
|poke|p1|Kartana|
|poke|p1|Dragonite, M|
|poke|p1|Heatran, F|
|poke|p1|Moltres-Galar|
|poke|p2|Excadrill, F|
|poke|p2|Magnezone|
|poke|p2|Tyranitar, F|
|poke|p2|Tornadus-Therian, M|
|poke|p2|Slowbro, M|
|poke|p2|Rillaboom, F|
|teampreview
|inactive|Battle timer is ON: inactive players will automatically lose when time's up. (requested by DyrantsRegards)
|c|☆THE LOVE PILLAR|Hf
|c|☆DyrantsRegards|U2
|inactive|DyrantsRegards has 270 seconds left.
|l|☆THE LOVE PILLAR
|inactive|THE LOVE PILLAR disconnected and has 300 seconds to reconnect!
|player|p1|
|
|t:|1663624770
|start
|switch|p1a: Heatran|Heatran, F|100/100
|switch|p2a: Slowbro|Slowbro, M|100/100
|turn|1
|j|☆THE LOVE PILLAR
|inactive|THE LOVE PILLAR reconnected and has 300 seconds left.
|player|p1|THE LOVE PILLAR|lucas
|
|t:|1663624780
|move|p1a: Heatran|Toxic|p2a: Slowbro
|-status|p2a: Slowbro|tox
|move|p2a: Slowbro|Scald|p1a: Heatran
|-supereffective|p1a: Heatran
|-damage|p1a: Heatran|65/100
|
|-heal|p1a: Heatran|71/100|[from] item: Leftovers
|-damage|p2a: Slowbro|94/100 tox|[from] psn
|upkeep
|turn|2
|
|t:|1663624784
|move|p1a: Heatran|Stealth Rock|p2a: Slowbro
|-sidestart|p2: DyrantsRegards|move: Stealth Rock
|move|p2a: Slowbro|Scald|p1a: Heatran
|-supereffective|p1a: Heatran
|-damage|p1a: Heatran|39/100
|
|-heal|p1a: Heatran|46/100|[from] item: Leftovers
|-damage|p2a: Slowbro|82/100 tox|[from] psn
|upkeep
|turn|3
|
|t:|1663624789
|move|p1a: Heatran|Magma Storm|p2a: Slowbro
|-resisted|p2a: Slowbro
|-damage|p2a: Slowbro|67/100 tox
|-activate|p2a: Slowbro|move: Magma Storm|[of] p1a: Heatran
|move|p2a: Slowbro|Teleport|p2a: Slowbro
|
|t:|1663624802
|switch|p2a: Excadrill|Excadrill, F|100/100|[from]move: Teleport
|-damage|p2a: Excadrill|97/100|[from] Stealth Rock
|
|-heal|p1a: Heatran|52/100|[from] item: Leftovers
|upkeep
|turn|4
|
|t:|1663624809
|switch|p1a: Dragonite|Dragonite, M|100/100
|move|p2a: Excadrill|Rapid Spin|p1a: Dragonite
|-damage|p1a: Dragonite|84/100
|-boost|p2a: Excadrill|spe|1
|-sideend|p2: DyrantsRegards|Stealth Rock|[from] move: Rapid Spin|[of] p2a: Excadrill
|
|upkeep
|turn|5
|
|t:|1663624816
|switch|p2a: Tornadus|Tornadus-Therian, M|100/100
|switch|p1a: Heatran|Heatran, F|52/100
|
|-heal|p1a: Heatran|58/100|[from] item: Leftovers
|upkeep
|turn|6
|
|t:|1663624818
|move|p2a: Tornadus|Knock Off|p1a: Heatran
|-damage|p1a: Heatran|42/100
|-enditem|p1a: Heatran|Leftovers|[from] move: Knock Off|[of] p2a: Tornadus
|move|p1a: Heatran|Magma Storm|p2a: Tornadus|[miss]
|-miss|p1a: Heatran|p2a: Tornadus
|
|upkeep
|turn|7
|
|t:|1663624821
|move|p2a: Tornadus|U-turn|p1a: Heatran
|-resisted|p1a: Heatran
|-damage|p1a: Heatran|39/100
|
|t:|1663624822
|switch|p2a: Slowbro|Slowbro, M|99/100 tox|[from]move: U-turn
|move|p1a: Heatran|Stealth Rock|p2a: Slowbro
|-sidestart|p2: DyrantsRegards|move: Stealth Rock
|
|-damage|p2a: Slowbro|94/100 tox|[from] psn
|upkeep
|turn|8
|
|t:|1663624826
|switch|p1a: Moltres|Moltres-Galar|100/100
|move|p2a: Slowbro|Future Sight|p1a: Moltres
|-start|p2a: Slowbro|move: Future Sight
|
|-damage|p2a: Slowbro|82/100 tox|[from] psn
|upkeep
|turn|9
|
|t:|1663624830
|switch|p1a: Urshifu|Urshifu-Rapid-Strike, F|100/100
|move|p2a: Slowbro|Teleport|p2a: Slowbro
|
|t:|1663624832
|switch|p2a: Tornadus|Tornadus-Therian, M|100/100|[from]move: Teleport
|
|upkeep
|turn|10
|
|t:|1663624835
|switch|p1a: Heatran|Heatran, F|39/100
|move|p2a: Tornadus|Defog|p1a: Heatran
|-unboost|p1a: Heatran|evasion|1
|-sideend|p2: DyrantsRegards|Stealth Rock|[from] move: Defog|[of] p2a: Tornadus
|
|-end|p1a: Heatran|move: Future Sight
|-resisted|p1a: Heatran
|-damage|p1a: Heatran|26/100
|upkeep
|turn|11
|
|t:|1663624839
|move|p2a: Tornadus|Hurricane|p1a: Heatran
|-resisted|p1a: Heatran
|-damage|p1a: Heatran|13/100
|move|p1a: Heatran|Stealth Rock|p2a: Tornadus
|-sidestart|p2: DyrantsRegards|move: Stealth Rock
|
|upkeep
|turn|12
|
|t:|1663624842
|move|p2a: Tornadus|Defog|p1a: Heatran
|-unboost|p1a: Heatran|evasion|1
|-sideend|p2: DyrantsRegards|Stealth Rock|[from] move: Defog|[of] p2a: Tornadus
|move|p1a: Heatran|Toxic|p2a: Tornadus
|-status|p2a: Tornadus|tox
|
|-damage|p2a: Tornadus|94/100 tox|[from] psn
|upkeep
|turn|13
|
|t:|1663624845
|move|p2a: Tornadus|Hurricane|p1a: Heatran
|-resisted|p1a: Heatran
|-damage|p1a: Heatran|1/100
|-start|p1a: Heatran|confusion
|-activate|p1a: Heatran|confusion
|move|p1a: Heatran|Stealth Rock|p2a: Tornadus
|-sidestart|p2: DyrantsRegards|move: Stealth Rock
|
|-damage|p2a: Tornadus|82/100 tox|[from] psn
|upkeep
|turn|14
|
|t:|1663624847
|move|p2a: Tornadus|Defog|p1a: Heatran
|-unboost|p1a: Heatran|evasion|1
|-sideend|p2: DyrantsRegards|Stealth Rock|[from] move: Defog|[of] p2a: Tornadus
|-end|p1a: Heatran|confusion
|move|p1a: Heatran|Stealth Rock|p2a: Tornadus
|-sidestart|p2: DyrantsRegards|move: Stealth Rock
|
|-damage|p2a: Tornadus|64/100 tox|[from] psn
|upkeep
|turn|15
|
|t:|1663624852
|move|p2a: Tornadus|U-turn|p1a: Heatran
|-resisted|p1a: Heatran
|-damage|p1a: Heatran|0 fnt
|faint|p1a: Heatran
|
|t:|1663624857
|switch|p2a: Slowbro|Slowbro, M|100/100 tox|[from]move: U-turn
|
|-damage|p2a: Slowbro|94/100 tox|[from] psn
|upkeep
|
|t:|1663624863
|switch|p1a: Moltres|Moltres-Galar|100/100
|turn|16
|
|t:|1663624865
|switch|p2a: Tyranitar|Tyranitar, F|100/100
|-damage|p2a: Tyranitar|88/100|[from] Stealth Rock
|-weather|Sandstorm|[from] ability: Sand Stream|[of] p2a: Tyranitar
|move|p1a: Moltres|Fiery Wrath|p2a: Tyranitar
|-resisted|p2a: Tyranitar
|-damage|p2a: Tyranitar|79/100
|
|-weather|Sandstorm|[upkeep]
|-damage|p1a: Moltres|94/100|[from] Sandstorm
|-heal|p2a: Tyranitar|85/100|[from] item: Leftovers
|upkeep
|turn|17
|
|t:|1663624868
|switch|p1a: Urshifu|Urshifu-Rapid-Strike, F|100/100
|move|p2a: Tyranitar|Stealth Rock|p1a: Urshifu
|-sidestart|p1: THE LOVE PILLAR|move: Stealth Rock
|
|-weather|Sandstorm|[upkeep]
|-damage|p1a: Urshifu|94/100|[from] Sandstorm
|-heal|p2a: Tyranitar|91/100|[from] item: Leftovers
|upkeep
|turn|18
|
|t:|1663624874
|switch|p2a: Tornadus|Tornadus-Therian, M|97/100 tox
|move|p1a: Urshifu|Surging Strikes|p2a: Tornadus
|-crit|p2a: Tornadus
|-damage|p2a: Tornadus|77/100 tox
|-crit|p2a: Tornadus
|-damage|p2a: Tornadus|55/100 tox
|-crit|p2a: Tornadus
|-damage|p2a: Tornadus|34/100 tox
|-hitcount|p2a: Tornadus|3
|
|-weather|Sandstorm|[upkeep]
|-damage|p2a: Tornadus|28/100 tox|[from] Sandstorm
|-damage|p1a: Urshifu|88/100|[from] Sandstorm
|-damage|p2a: Tornadus|22/100 tox|[from] psn
|upkeep
|turn|19
|
|t:|1663624881
|switch|p2a: Slowbro|Slowbro, M|100/100 tox
|move|p1a: Urshifu|U-turn|p2a: Slowbro
|-supereffective|p2a: Slowbro
|-damage|p2a: Slowbro|54/100 tox
|
|t:|1663624886
|switch|p1a: Moltres|Moltres-Galar|94/100|[from]move: U-turn
|
|-weather|Sandstorm|[upkeep]
|-damage|p1a: Moltres|88/100|[from] Sandstorm
|-damage|p2a: Slowbro|48/100 tox|[from] Sandstorm
|-damage|p2a: Slowbro|42/100 tox|[from] psn
|upkeep
|turn|20
|
|t:|1663624892
|switch|p2a: Excadrill|Excadrill, F|97/100
|-damage|p2a: Excadrill|94/100|[from] Stealth Rock
|move|p1a: Moltres|Fiery Wrath|p2a: Excadrill
|-damage|p2a: Excadrill|41/100
|
|-weather|none
|upkeep
|turn|21
|
|t:|1663624896
|move|p2a: Excadrill|Rock Slide|p1a: Moltres
|-supereffective|p1a: Moltres
|-damage|p1a: Moltres|0 fnt
|faint|p1a: Moltres
|
|upkeep
|
|t:|1663624899
|switch|p1a: Mamoswine|Mamoswine, M|100/100
|-damage|p1a: Mamoswine|88/100|[from] Stealth Rock
|turn|22
|
|t:|1663624909
|switch|p2a: Rillaboom|Rillaboom, F|100/100
|-damage|p2a: Rillaboom|88/100|[from] Stealth Rock
|-fieldstart|move: Grassy Terrain|[from] ability: Grassy Surge|[of] p2a: Rillaboom
|move|p1a: Mamoswine|Substitute|p1a: Mamoswine
|-start|p1a: Mamoswine|Substitute
|-damage|p1a: Mamoswine|63/100
|
|-heal|p2a: Rillaboom|94/100|[from] Grassy Terrain
|-heal|p1a: Mamoswine|69/100|[from] Grassy Terrain
|upkeep
|turn|23
|
|t:|1663624912
|switch|p2a: Slowbro|Slowbro, M|75/100 tox
|move|p1a: Mamoswine|Earthquake|p2a: Slowbro
|-damage|p2a: Slowbro|53/100 tox
|
|-heal|p1a: Mamoswine|75/100|[from] Grassy Terrain
|-heal|p2a: Slowbro|59/100 tox|[from] Grassy Terrain
|-damage|p2a: Slowbro|53/100 tox|[from] psn
|upkeep
|turn|24
|
|t:|1663624916
|move|p1a: Mamoswine|Earthquake|p2a: Slowbro
|-damage|p2a: Slowbro|24/100 tox
|move|p2a: Slowbro|Slack Off|p2a: Slowbro
|-heal|p2a: Slowbro|74/100 tox
|
|-heal|p1a: Mamoswine|81/100|[from] Grassy Terrain
|-heal|p2a: Slowbro|80/100 tox|[from] Grassy Terrain
|-damage|p2a: Slowbro|68/100 tox|[from] psn
|upkeep
|turn|25
|
|t:|1663624919
|move|p1a: Mamoswine|Earthquake|p2a: Slowbro
|-damage|p2a: Slowbro|34/100 tox
|move|p2a: Slowbro|Slack Off|p2a: Slowbro
|-heal|p2a: Slowbro|84/100 tox
|
|-heal|p1a: Mamoswine|87/100|[from] Grassy Terrain
|-heal|p2a: Slowbro|90/100 tox|[from] Grassy Terrain
|-damage|p2a: Slowbro|72/100 tox|[from] psn
|upkeep
|turn|26
|c|☆DyrantsRegards|O shit
|c|☆DyrantsRegards|I just realized what item is
|c|☆DyrantsRegards|this is brazy
|
|t:|1663624931
|move|p1a: Mamoswine|Earthquake|p2a: Slowbro
|-damage|p2a: Slowbro|34/100 tox
|move|p2a: Slowbro|Teleport|p2a: Slowbro
|
|t:|1663624936
|switch|p2a: Magnezone|Magnezone|100/100|[from]move: Teleport
|-damage|p2a: Magnezone|95/100|[from] Stealth Rock
|-item|p2a: Magnezone|Air Balloon
|
|-heal|p1a: Mamoswine|94/100|[from] Grassy Terrain
|-fieldend|move: Grassy Terrain
|upkeep
|turn|27
|
|t:|1663624941
|switch|p2a: Slowbro|Slowbro, M|67/100 tox
|move|p1a: Mamoswine|Icicle Crash|p2a: Slowbro
|-resisted|p2a: Slowbro
|-damage|p2a: Slowbro|48/100 tox
|
|-damage|p2a: Slowbro|42/100 tox|[from] psn
|upkeep
|turn|28
|
|t:|1663624943
|switch|p2a: Rillaboom|Rillaboom, F|94/100
|-damage|p2a: Rillaboom|82/100|[from] Stealth Rock
|-fieldstart|move: Grassy Terrain|[from] ability: Grassy Surge|[of] p2a: Rillaboom
|move|p1a: Mamoswine|Earthquake|p2a: Rillaboom
|-resisted|p2a: Rillaboom
|-damage|p2a: Rillaboom|67/100
|
|-heal|p2a: Rillaboom|73/100|[from] Grassy Terrain
|-heal|p1a: Mamoswine|99/100|[from] Grassy Terrain
|upkeep
|turn|29
|
|t:|1663624949
|move|p2a: Rillaboom|Grassy Glide|p1a: Mamoswine
|-supereffective|p1a: Mamoswine
|-crit|p1a: Mamoswine
|-end|p1a: Mamoswine|Substitute
|-damage|p2a: Rillaboom|63/100|[from] item: Life Orb
|move|p1a: Mamoswine|Earthquake|p2a: Rillaboom
|-resisted|p2a: Rillaboom
|-damage|p2a: Rillaboom|44/100
|
|-heal|p2a: Rillaboom|50/100|[from] Grassy Terrain
|-heal|p1a: Mamoswine|100/100|[from] Grassy Terrain
|upkeep
|turn|30
|
|t:|1663624955
|switch|p1a: Dragonite|Dragonite, M|84/100
|move|p2a: Rillaboom|Knock Off|p1a: Dragonite
|-damage|p1a: Dragonite|38/100
|-enditem|p1a: Dragonite|Heavy-Duty Boots|[from] move: Knock Off|[of] p2a: Rillaboom
|-damage|p2a: Rillaboom|40/100|[from] item: Life Orb
|
|-heal|p2a: Rillaboom|46/100|[from] Grassy Terrain
|upkeep
|turn|31
|
|t:|1663624958
|switch|p2a: Excadrill|Excadrill, F|41/100
|-damage|p2a: Excadrill|38/100|[from] Stealth Rock
|move|p1a: Dragonite|Roost|p1a: Dragonite
|-heal|p1a: Dragonite|88/100
|-singleturn|p1a: Dragonite|move: Roost
|
|-heal|p2a: Excadrill|44/100|[from] Grassy Terrain
|-heal|p1a: Dragonite|95/100|[from] Grassy Terrain
|upkeep
|turn|32
|
|t:|1663624963
|switch|p1a: Urshifu|Urshifu-Rapid-Strike, F|88/100
|-damage|p1a: Urshifu|82/100|[from] Stealth Rock
|move|p2a: Excadrill|Rapid Spin|p1a: Urshifu
|-damage|p1a: Urshifu|55/100
|-boost|p2a: Excadrill|spe|1
|-sideend|p2: DyrantsRegards|Stealth Rock|[from] move: Rapid Spin|[of] p2a: Excadrill
|
|-heal|p2a: Excadrill|50/100|[from] Grassy Terrain
|-heal|p1a: Urshifu|61/100|[from] Grassy Terrain
|-fieldend|move: Grassy Terrain
|upkeep
|turn|33
|
|t:|1663624974
|switch|p2a: Rillaboom|Rillaboom, F|46/100
|-fieldstart|move: Grassy Terrain|[from] ability: Grassy Surge|[of] p2a: Rillaboom
|move|p1a: Urshifu|U-turn|p2a: Rillaboom
|-supereffective|p2a: Rillaboom
|-damage|p2a: Rillaboom|0 fnt
|faint|p2a: Rillaboom
|
|t:|1663624981
|switch|p1a: Mamoswine|Mamoswine, M|100/100|[from]move: U-turn
|-damage|p1a: Mamoswine|88/100|[from] Stealth Rock
|
|-heal|p1a: Mamoswine|94/100|[from] Grassy Terrain
|upkeep
|
|t:|1663624983
|switch|p2a: Excadrill|Excadrill, F|50/100
|turn|34
|
|t:|1663624986
|switch|p1a: Urshifu|Urshifu-Rapid-Strike, F|61/100
|-damage|p1a: Urshifu|55/100|[from] Stealth Rock
|move|p2a: Excadrill|Iron Head|p1a: Urshifu
|-resisted|p1a: Urshifu
|-damage|p1a: Urshifu|18/100
|
|-heal|p1a: Urshifu|24/100|[from] Grassy Terrain
|-heal|p2a: Excadrill|56/100|[from] Grassy Terrain
|upkeep
|turn|35
|
|t:|1663624992
|switch|p2a: Slowbro|Slowbro, M|76/100 tox
|move|p1a: Urshifu|U-turn|p2a: Slowbro
|-supereffective|p2a: Slowbro
|-damage|p2a: Slowbro|30/100 tox
|
|t:|1663624999
|switch|p1a: Dragonite|Dragonite, M|95/100|[from]move: U-turn
|-damage|p1a: Dragonite|70/100|[from] Stealth Rock
|
|-heal|p2a: Slowbro|36/100 tox|[from] Grassy Terrain
|-damage|p2a: Slowbro|30/100 tox|[from] psn
|upkeep
|turn|36
|
|t:|1663625003
|switch|p2a: Tyranitar|Tyranitar, F|91/100
|-weather|Sandstorm|[from] ability: Sand Stream|[of] p2a: Tyranitar
|move|p1a: Dragonite|Roost|p1a: Dragonite
|-heal|p1a: Dragonite|100/100
|-singleturn|p1a: Dragonite|move: Roost
|
|-weather|Sandstorm|[upkeep]
|-damage|p1a: Dragonite|94/100|[from] Sandstorm
|-heal|p1a: Dragonite|100/100|[from] Grassy Terrain
|-heal|p2a: Tyranitar|97/100|[from] Grassy Terrain
|-heal|p2a: Tyranitar|100/100|[from] item: Leftovers
|upkeep
|turn|37
|
|t:|1663625008
|switch|p1a: Mamoswine|Mamoswine, M|94/100
|-damage|p1a: Mamoswine|82/100|[from] Stealth Rock
|move|p2a: Tyranitar|Rock Blast|p1a: Mamoswine
|-damage|p1a: Mamoswine|69/100
|-damage|p1a: Mamoswine|56/100
|-damage|p1a: Mamoswine|44/100
|-hitcount|p1a: Mamoswine|3
|
|-weather|Sandstorm|[upkeep]
|-heal|p1a: Mamoswine|50/100|[from] Grassy Terrain
|-fieldend|move: Grassy Terrain
|upkeep
|turn|38
|
|t:|1663625015
|switch|p2a: Slowbro|Slowbro, M|63/100 tox
|move|p1a: Mamoswine|Earthquake|p2a: Slowbro
|-damage|p2a: Slowbro|17/100 tox
|
|-weather|Sandstorm|[upkeep]
|-damage|p2a: Slowbro|10/100 tox|[from] Sandstorm
|-damage|p2a: Slowbro|4/100 tox|[from] psn
|upkeep
|turn|39
|
|t:|1663625022
|move|p1a: Mamoswine|Icicle Crash|p2a: Slowbro
|-resisted|p2a: Slowbro
|-crit|p2a: Slowbro
|-damage|p2a: Slowbro|0 fnt
|faint|p2a: Slowbro
|
|-weather|Sandstorm|[upkeep]
|upkeep
|
|t:|1663625023
|switch|p2a: Excadrill|Excadrill, F|56/100
|turn|40
|
|t:|1663625028
|move|p1a: Mamoswine|Ice Shard|p2a: Excadrill
|-damage|p2a: Excadrill|25/100
|move|p2a: Excadrill|High Horsepower|p1a: Mamoswine
|-damage|p1a: Mamoswine|0 fnt
|faint|p1a: Mamoswine
|
|-weather|none
|upkeep
|
|t:|1663625032
|switch|p1a: Urshifu|Urshifu-Rapid-Strike, F|24/100
|-damage|p1a: Urshifu|18/100|[from] Stealth Rock
|turn|41
|
|t:|1663625051
|switch|p2a: Tyranitar|Tyranitar, F|100/100
|-weather|Sandstorm|[from] ability: Sand Stream|[of] p2a: Tyranitar
|move|p1a: Urshifu|Surging Strikes|p2a: Tyranitar
|-supereffective|p2a: Tyranitar
|-crit|p2a: Tyranitar
|-damage|p2a: Tyranitar|70/100
|-supereffective|p2a: Tyranitar
|-crit|p2a: Tyranitar
|-damage|p2a: Tyranitar|36/100
|-supereffective|p2a: Tyranitar
|-crit|p2a: Tyranitar
|-damage|p2a: Tyranitar|1/100
|-hitcount|p2a: Tyranitar|3
|
|-weather|Sandstorm|[upkeep]
|-damage|p1a: Urshifu|11/100|[from] Sandstorm
|-heal|p2a: Tyranitar|8/100|[from] item: Leftovers
|upkeep
|turn|42
|
|t:|1663625066
|move|p1a: Urshifu|Surging Strikes|p2a: Tyranitar
|-supereffective|p2a: Tyranitar
|-crit|p2a: Tyranitar
|-damage|p2a: Tyranitar|0 fnt
|faint|p2a: Tyranitar
|-hitcount|p2: Tyranitar|1
|
|-weather|Sandstorm|[upkeep]
|-damage|p1a: Urshifu|5/100|[from] Sandstorm
|upkeep
|
|t:|1663625070
|switch|p2a: Tornadus|Tornadus-Therian, M|55/100 tox
|turn|43
|
|t:|1663625075
|move|p1a: Urshifu|Aqua Jet|p2a: Tornadus
|-damage|p2a: Tornadus|32/100 tox
|move|p2a: Tornadus|U-turn|p1a: Urshifu
|-resisted|p1a: Urshifu
|-damage|p1a: Urshifu|0 fnt
|faint|p1a: Urshifu
|
|t:|1663625081
|switch|p2a: Magnezone|Magnezone|95/100|[from]move: U-turn
|-item|p2a: Magnezone|Air Balloon
|
|-weather|Sandstorm|[upkeep]
|upkeep
|
|t:|1663625084
|switch|p1a: Kartana|Kartana|100/100
|-damage|p1a: Kartana|94/100|[from] Stealth Rock
|turn|44
|
|t:|1663625088
|switch|p2a: Tornadus|Tornadus-Therian, M|66/100 tox
|move|p1a: Kartana|Sacred Sword|p2a: Tornadus
|-resisted|p2a: Tornadus
|-damage|p2a: Tornadus|45/100 tox
|
|-weather|Sandstorm|[upkeep]
|-damage|p2a: Tornadus|39/100 tox|[from] Sandstorm
|-damage|p2a: Tornadus|33/100 tox|[from] psn
|upkeep
|turn|45
|
|t:|1663625092
|move|p1a: Kartana|Sacred Sword|p2a: Tornadus
|-resisted|p2a: Tornadus
|-damage|p2a: Tornadus|14/100 tox
|move|p2a: Tornadus|Hurricane|p1a: Kartana
|-crit|p1a: Kartana
|-damage|p1a: Kartana|0 fnt
|faint|p1a: Kartana
|
|-weather|none
|-damage|p2a: Tornadus|2/100 tox|[from] psn
|upkeep
|
|t:|1663625096
|switch|p1a: Dragonite|Dragonite, M|100/100
|-damage|p1a: Dragonite|76/100|[from] Stealth Rock
|turn|46
|c|☆THE LOVE PILLAR|That roll saved
|c|☆THE LOVE PILLAR|my ass
|c|☆DyrantsRegards|Lmao
|c|☆DyrantsRegards|which one
|c|☆THE LOVE PILLAR|21/19
|c|☆DyrantsRegards|ohhh
|c|☆DyrantsRegards|i can still win for sure though
|
|t:|1663625121
|move|p2a: Tornadus|U-turn|p1a: Dragonite
|-resisted|p1a: Dragonite
|-damage|p1a: Dragonite|67/100
|c|☆DyrantsRegards|zone got toxic
|
|t:|1663625123
|switch|p2a: Magnezone|Magnezone|95/100|[from]move: U-turn
|-item|p2a: Magnezone|Air Balloon
|move|p1a: Dragonite|Dragon Dance|p1a: Dragonite
|-boost|p1a: Dragonite|atk|1
|-boost|p1a: Dragonite|spe|1
|
|upkeep
|turn|47
|c|☆DyrantsRegards|and im gonna get them
|c|☆DyrantsRegards|all right
|
|t:|1663625131
|move|p1a: Dragonite|Dual Wingbeat|p2a: Magnezone
|-resisted|p2a: Magnezone
|-damage|p2a: Magnezone|89/100
|-enditem|p2a: Magnezone|Air Balloon
|-resisted|p2a: Magnezone
|-damage|p2a: Magnezone|82/100
|-hitcount|p2a: Magnezone|2
|move|p2a: Magnezone|Toxic|p1a: Dragonite
|-status|p1a: Dragonite|tox
|
|-damage|p1a: Dragonite|61/100 tox|[from] psn
|upkeep
|turn|48
|
|t:|1663625136
|move|p1a: Dragonite|Dual Wingbeat|p2a: Magnezone
|-resisted|p2a: Magnezone
|-damage|p2a: Magnezone|76/100
|-resisted|p2a: Magnezone
|-damage|p2a: Magnezone|70/100
|-hitcount|p2a: Magnezone|2
|move|p2a: Magnezone|Thunderbolt|p1a: Dragonite
|-damage|p1a: Dragonite|15/100 tox
|
|-damage|p1a: Dragonite|3/100 tox|[from] psn
|upkeep
|turn|49
|c|☆THE LOVE PILLAR|Sigh
|c|☆THE LOVE PILLAR|GGS
|c|☆DyrantsRegards|GGs
|c|☆THE LOVE PILLAR|Ty
|c|☆DyrantsRegards|Np
|c|☆THE LOVE PILLAR|i liked first team
|c|☆DyrantsRegards|Which is first
|c|☆THE LOVE PILLAR|Zapdos hippo
|c|☆DyrantsRegards|Yes
|inactive|THE LOVE PILLAR has 270 seconds left.
|c|☆DyrantsRegards|Thats prob my stronger one
|c|☆DyrantsRegards|Patient team
|c|☆THE LOVE PILLAR|And umbreon one too
|c|☆DyrantsRegards|Yeah umbreon one is nice one
|c|☆DyrantsRegards|but pex no haze means
|c|☆DyrantsRegards|lose to cm
|c|☆DyrantsRegards|We can talk on discord
|c|☆DyrantsRegards|ggz
|inactive|THE LOVE PILLAR has 240 seconds left.
|c|☆THE LOVE PILLAR|Im gonna play this It just makes me
|c|☆DyrantsRegards|i saved replays if u need to rewatch
|c|☆THE LOVE PILLAR|Position my self to outplay or get outplayed
|c|☆THE LOVE PILLAR|which is great
|c|☆DyrantsRegards|Yeah
|c|☆DyrantsRegards|You have good mons to bait
|c|☆THE LOVE PILLAR|and nah is ok ggs bro see u later
|inactive|THE LOVE PILLAR has 210 seconds left.
|c|☆DyrantsRegards|I like cb shifu more
|c|☆DyrantsRegards|Too much weak on the team
|c|☆DyrantsRegards|need a super strong one
|c|☆THE LOVE PILLAR|Il
|c|☆THE LOVE PILLAR|ik
|c|☆THE LOVE PILLAR|I will try it
|c|☆DyrantsRegards|Yeah go for it
|c|☆THE LOVE PILLAR|Ggs
|c|☆DyrantsRegards|the mamos sick tho
|c|☆DyrantsRegards|Ggs
|-message|THE LOVE PILLAR forfeited.
|
|win|DyrantsRegards
|l|☆THE LOVE PILLAR
