|j|☆Gotham Paladin
|j|☆SAINE ZASSON
|inactive|Battle timer is ON: inactive players will automatically lose when time's up.
|t:|1665199132
|gametype|singles
|player|p1|Gotham Paladin|oak-gen1rb|
|player|p2|SAINE ZASSON|ethan-masters|
|teamsize|p1|6
|teamsize|p2|6
|gen|8
|tier|[Gen 8] OU
|rated|Tournament battle
|rule|Sleep Clause Mod: Limit one foe put to sleep
|rule|Species Clause: Limit one of each Pokémon
|rule|OHKO Clause: OHKO moves are banned
|rule|Evasion Items Clause: Evasion items are banned
|rule|Evasion Moves Clause: Evasion moves are banned
|rule|Endless Battle Clause: Forcing endless battles is banned
|rule|HP Percentage Mod: HP is shown in percentages
|rule|Dynamax Clause: You cannot dynamax
|clearpoke
|poke|p1|Rillaboom, M|
|poke|p1|Zapdos|
|poke|p1|Melmetal|
|poke|p1|Landorus-Therian, M|
|poke|p1|Tapu Fini|
|poke|p1|Tapu Lele|
|poke|p2|Rillaboom, M|
|poke|p2|Tornadus-Therian, M|
|poke|p2|Blaziken, F|
|poke|p2|Melmetal|
|poke|p2|Garchomp, F|
|poke|p2|Slowbro, F|
|teampreview
|
|t:|1665199138
|start
|switch|p1a: Tapu Fini|Tapu Fini|100/100
|switch|p2a: Tornadus|Tornadus-Therian, M|100/100
|turn|1
|j|@Sww-Suwa
|j| freerobuxman
|
|t:|1665199144
|move|p2a: Tornadus|Knock Off|p1a: Tapu Fini
|-resisted|p1a: Tapu Fini
|-damage|p1a: Tapu Fini|91/100
|-enditem|p1a: Tapu Fini|Leftovers|[from] move: Knock Off|[of] p2a: Tornadus
|move|p1a: Tapu Fini|Scald|p2a: Tornadus
|-damage|p2a: Tornadus|64/100
|
|upkeep
|turn|2
|j| NoTollsNoRolls
|
|t:|1665199150
|move|p2a: Tornadus|U-turn|p1a: Tapu Fini
|-resisted|p1a: Tapu Fini
|-damage|p1a: Tapu Fini|85/100
|
|t:|1665199153
|switch|p2a: Slowbro|Slowbro, F|100/100|[from]move: U-turn
|move|p1a: Tapu Fini|Scald|p2a: Slowbro
|-resisted|p2a: Slowbro
|-damage|p2a: Slowbro|82/100
|
|upkeep
|turn|3
|
|t:|1665199155
|move|p1a: Tapu Fini|Moonblast|p2a: Slowbro
|-damage|p2a: Slowbro|33/100
|move|p2a: Slowbro|Toxic|p1a: Tapu Fini
|-status|p1a: Tapu Fini|tox
|
|-damage|p1a: Tapu Fini|79/100 tox|[from] psn
|upkeep
|turn|4
|
|t:|1665199160
|switch|p2a: Tornadus|Tornadus-Therian, M|97/100
|move|p1a: Tapu Fini|Scald|p2a: Tornadus
|-damage|p2a: Tornadus|62/100
|-status|p2a: Tornadus|brn
|
|-damage|p1a: Tapu Fini|67/100 tox|[from] psn
|-damage|p2a: Tornadus|56/100 brn|[from] brn
|upkeep
|turn|5
|
|t:|1665199167
|move|p2a: Tornadus|U-turn|p1a: Tapu Fini
|-resisted|p1a: Tapu Fini
|-damage|p1a: Tapu Fini|64/100 tox
|
|t:|1665199172
|switch|p2a: Melmetal|Melmetal|100/100|[from]move: U-turn
|move|p1a: Tapu Fini|Moonblast|p2a: Melmetal
|-resisted|p2a: Melmetal
|-damage|p2a: Melmetal|83/100
|
|-heal|p2a: Melmetal|89/100|[from] item: Leftovers
|-damage|p1a: Tapu Fini|45/100 tox|[from] psn
|upkeep
|turn|6
|
|t:|1665199179
|switch|p1a: Zapdos|Zapdos|100/100
|switch|p2a: Tornadus|Tornadus-Therian, M|89/100 brn
|
|-damage|p2a: Tornadus|83/100 brn|[from] brn
|upkeep
|turn|7
|j| thornyferrothorn
|
|t:|1665199183
|move|p2a: Tornadus|U-turn|p1a: Zapdos
|-resisted|p1a: Zapdos
|-damage|p1a: Zapdos|96/100
|
|t:|1665199184
|switch|p2a: Garchomp|Garchomp, F|100/100|[from]move: U-turn
|move|p1a: Zapdos|Hurricane|p2a: Garchomp
|-crit|p2a: Garchomp
|-damage|p2a: Garchomp|44/100
|
|-heal|p2a: Garchomp|50/100|[from] item: Leftovers
|upkeep
|turn|8
|
|t:|1665199192
|move|p1a: Zapdos|Hurricane|p2a: Garchomp
|-damage|p2a: Garchomp|17/100
|move|p2a: Garchomp|Toxic|p1a: Zapdos
|-status|p1a: Zapdos|tox
|
|-heal|p2a: Garchomp|23/100|[from] item: Leftovers
|-damage|p1a: Zapdos|90/100 tox|[from] psn
|upkeep
|turn|9
|
|t:|1665199195
|move|p2a: Garchomp|Protect|p2a: Garchomp
|-singleturn|p2a: Garchomp|Protect
|move|p1a: Zapdos|Hurricane|p2a: Garchomp
|-activate|p2a: Garchomp|move: Protect
|
|-heal|p2a: Garchomp|29/100|[from] item: Leftovers
|-damage|p1a: Zapdos|77/100 tox|[from] psn
|upkeep
|turn|10
|j| danfuz01
|
|t:|1665199201
|switch|p2a: Tornadus|Tornadus-Therian, M|100/100 brn
|move|p1a: Zapdos|Hurricane|p2a: Tornadus|[miss]
|-miss|p1a: Zapdos|p2a: Tornadus
|
|-damage|p1a: Zapdos|59/100 tox|[from] psn
|-damage|p2a: Tornadus|94/100 brn|[from] brn
|upkeep
|turn|11
|j| stunnagirl
|
|t:|1665199207
|switch|p1a: Landorus|Landorus-Therian, M|100/100
|-ability|p1a: Landorus|Intimidate|boost
|-unboost|p2a: Tornadus|atk|1
|move|p2a: Tornadus|U-turn|p1a: Landorus
|-resisted|p1a: Landorus
|-damage|p1a: Landorus|98/100
|
|t:|1665199211
|switch|p2a: Slowbro|Slowbro, F|66/100|[from]move: U-turn
|
|-heal|p1a: Landorus|100/100|[from] item: Leftovers
|upkeep
|turn|12
|
|t:|1665199214
|move|p1a: Landorus|Stealth Rock|p2a: Slowbro
|-sidestart|p2: SAINE ZASSON|move: Stealth Rock
|move|p2a: Slowbro|Scald|p1a: Landorus
|-supereffective|p1a: Landorus
|-damage|p1a: Landorus|58/100
|
|-heal|p1a: Landorus|64/100|[from] item: Leftovers
|upkeep
|turn|13
|j| MajorPloke
|j| Kinda ass tbh
|
|t:|1665199222
|switch|p1a: Zapdos|Zapdos|59/100 tox
|move|p2a: Slowbro|Scald|p1a: Zapdos
|-damage|p1a: Zapdos|27/100 tox
|
|-damage|p1a: Zapdos|20/100 tox|[from] psn
|upkeep
|turn|14
|
|t:|1665199226
|switch|p2a: Garchomp|Garchomp, F|29/100
|-damage|p2a: Garchomp|23/100|[from] Stealth Rock
|move|p1a: Zapdos|Roost|p1a: Zapdos
|-heal|p1a: Zapdos|70/100 tox
|-singleturn|p1a: Zapdos|move: Roost
|
|-heal|p2a: Garchomp|29/100|[from] item: Leftovers
|-damage|p1a: Zapdos|58/100 tox|[from] psn
|upkeep
|turn|15
|
|t:|1665199236
|move|p2a: Garchomp|Protect|p2a: Garchomp
|-singleturn|p2a: Garchomp|Protect
|move|p1a: Zapdos|Roost|p1a: Zapdos
|-heal|p1a: Zapdos|100/100 tox
|-singleturn|p1a: Zapdos|move: Roost
|
|-heal|p2a: Garchomp|35/100|[from] item: Leftovers
|-damage|p1a: Zapdos|82/100 tox|[from] psn
|upkeep
|turn|16
|
|t:|1665199239
|move|p1a: Zapdos|Hurricane|p2a: Garchomp
|-crit|p2a: Garchomp
|-damage|p2a: Garchomp|0 fnt
|faint|p2a: Garchomp
|
|-damage|p1a: Zapdos|57/100 tox|[from] psn
|upkeep
|
|t:|1665199252
|switch|p2a: Tornadus|Tornadus-Therian, M|100/100 brn
|turn|17
|
|t:|1665199255
|switch|p1a: Landorus|Landorus-Therian, M|64/100
|-ability|p1a: Landorus|Intimidate|boost
|-unboost|p2a: Tornadus|atk|1
|move|p2a: Tornadus|Defog|p1a: Landorus
|-unboost|p1a: Landorus|evasion|1
|-sideend|p2: SAINE ZASSON|Stealth Rock|[from] move: Defog|[of] p2a: Tornadus
|
|-heal|p1a: Landorus|70/100|[from] item: Leftovers
|-damage|p2a: Tornadus|94/100 brn|[from] brn
|upkeep
|turn|18
|
|t:|1665199258
|move|p2a: Tornadus|Knock Off|p1a: Landorus
|-damage|p1a: Landorus|64/100
|-enditem|p1a: Landorus|Leftovers|[from] move: Knock Off|[of] p2a: Tornadus
|move|p1a: Landorus|Stealth Rock|p2a: Tornadus
|-sidestart|p2: SAINE ZASSON|move: Stealth Rock
|
|-damage|p2a: Tornadus|88/100 brn|[from] brn
|upkeep
|turn|19
|l| stunnagirl
|
|t:|1665199262
|move|p2a: Tornadus|Heat Wave|p1a: Landorus
|-damage|p1a: Landorus|45/100
|-status|p1a: Landorus|brn
|move|p1a: Landorus|Stone Edge|p2a: Tornadus|[miss]
|-miss|p1a: Landorus|p2a: Tornadus
|
|-damage|p2a: Tornadus|82/100 brn|[from] brn
|-damage|p1a: Landorus|39/100 brn|[from] brn
|upkeep
|turn|20
|
|t:|1665199267
|move|p2a: Tornadus|Defog|p1a: Landorus
|-unboost|p1a: Landorus|evasion|1
|-sideend|p2: SAINE ZASSON|Stealth Rock|[from] move: Defog|[of] p2a: Tornadus
|move|p1a: Landorus|Stealth Rock|p2a: Tornadus
|-sidestart|p2: SAINE ZASSON|move: Stealth Rock
|
|-damage|p2a: Tornadus|76/100 brn|[from] brn
|-damage|p1a: Landorus|33/100 brn|[from] brn
|upkeep
|turn|21
|
|t:|1665199271
|move|p2a: Tornadus|Heat Wave|p1a: Landorus
|-damage|p1a: Landorus|16/100 brn
|move|p1a: Landorus|Stone Edge|p2a: Tornadus
|-supereffective|p2a: Tornadus
|-crit|p2a: Tornadus
|-damage|p2a: Tornadus|28/100 brn
|
|-damage|p2a: Tornadus|22/100 brn|[from] brn
|-damage|p1a: Landorus|10/100 brn|[from] brn
|upkeep
|turn|22
|
|t:|1665199290
|switch|p2a: Rillaboom|Rillaboom, M|100/100
|-damage|p2a: Rillaboom|88/100|[from] Stealth Rock
|-fieldstart|move: Grassy Terrain|[from] ability: Grassy Surge|[of] p2a: Rillaboom
|move|p1a: Landorus|Stone Edge|p2a: Rillaboom
|-damage|p2a: Rillaboom|73/100
|
|-heal|p2a: Rillaboom|80/100|[from] Grassy Terrain
|-heal|p2a: Rillaboom|86/100|[from] item: Leftovers
|-damage|p1a: Landorus|4/100 brn|[from] brn
|upkeep
|turn|23
|j| stunnagirl
|
|t:|1665199295
|switch|p1a: Melmetal|Melmetal|100/100
|move|p2a: Rillaboom|Grassy Glide|p1a: Melmetal
|-resisted|p1a: Melmetal
|-damage|p1a: Melmetal|87/100
|
|-heal|p2a: Rillaboom|92/100|[from] Grassy Terrain
|-heal|p2a: Rillaboom|98/100|[from] item: Leftovers
|-heal|p1a: Melmetal|93/100|[from] Grassy Terrain
|-heal|p1a: Melmetal|99/100|[from] item: Leftovers
|upkeep
|turn|24
|
|t:|1665199300
|switch|p2a: Slowbro|Slowbro, F|99/100
|-damage|p2a: Slowbro|87/100|[from] Stealth Rock
|move|p1a: Melmetal|Toxic|p2a: Slowbro
|-status|p2a: Slowbro|tox
|
|-heal|p1a: Melmetal|100/100|[from] Grassy Terrain
|-heal|p2a: Slowbro|93/100 tox|[from] Grassy Terrain
|-damage|p2a: Slowbro|87/100 tox|[from] psn
|upkeep
|turn|25
|
|t:|1665199306
|switch|p1a: Tapu Fini|Tapu Fini|45/100 tox
|move|p2a: Slowbro|Future Sight|p1a: Tapu Fini
|-start|p2a: Slowbro|move: Future Sight
|
|-heal|p1a: Tapu Fini|51/100 tox|[from] Grassy Terrain
|-heal|p2a: Slowbro|93/100 tox|[from] Grassy Terrain
|-damage|p1a: Tapu Fini|45/100 tox|[from] psn
|-damage|p2a: Slowbro|81/100 tox|[from] psn
|upkeep
|turn|26
|
|t:|1665199309
|move|p1a: Tapu Fini|Rest|p1a: Tapu Fini
|-status|p1a: Tapu Fini|slp|[from] move: Rest
|-heal|p1a: Tapu Fini|100/100 slp|[silent]
|move|p2a: Slowbro|Teleport|p2a: Slowbro
|
|t:|1665199313
|switch|p2a: Blaziken|Blaziken, F|100/100|[from]move: Teleport
|-damage|p2a: Blaziken|88/100|[from] Stealth Rock
|
|-heal|p2a: Blaziken|94/100|[from] Grassy Terrain
|-heal|p2a: Blaziken|100/100|[from] item: Leftovers
|-fieldend|move: Grassy Terrain
|upkeep
|turn|27
|
|t:|1665199315
|move|p2a: Blaziken|Swords Dance|p2a: Blaziken
|-boost|p2a: Blaziken|atk|2
|cant|p1a: Tapu Fini|slp
|move|p1a: Tapu Fini|Sleep Talk|p1a: Tapu Fini
|move|p1a: Tapu Fini|Rest||[from]move: Sleep Talk|[still]
|-fail|p1a: Tapu Fini
|
|-end|p1a: Tapu Fini|move: Future Sight
|-damage|p1a: Tapu Fini|67/100 slp
|-ability|p2a: Blaziken|Speed Boost|boost
|-boost|p2a: Blaziken|spe|1
|upkeep
|turn|28
|c| Kinda ass tbh|Rest fini
|
|t:|1665199324
|move|p2a: Blaziken|Flare Blitz|p1a: Tapu Fini
|-resisted|p1a: Tapu Fini
|-damage|p1a: Tapu Fini|15/100 slp
|-damage|p2a: Blaziken|83/100|[from] Recoil
|cant|p1a: Tapu Fini|slp
|move|p1a: Tapu Fini|Sleep Talk|p1a: Tapu Fini
|move|p1a: Tapu Fini|Scald|p2a: Blaziken|[from]move: Sleep Talk
|-supereffective|p2a: Blaziken
|-damage|p2a: Blaziken|0 fnt
|faint|p2a: Blaziken
|
|upkeep
|c| Kinda ass tbh|is insane
|
|t:|1665199335
|switch|p2a: Rillaboom|Rillaboom, M|98/100
|-damage|p2a: Rillaboom|86/100|[from] Stealth Rock
|-fieldstart|move: Grassy Terrain|[from] ability: Grassy Surge|[of] p2a: Rillaboom
|turn|29
|
|t:|1665199341
|switch|p1a: Landorus|Landorus-Therian, M|4/100 brn
|-ability|p1a: Landorus|Intimidate|boost
|-unboost|p2a: Rillaboom|atk|1
|move|p2a: Rillaboom|Knock Off|p1a: Landorus
|-crit|p1a: Landorus
|-damage|p1a: Landorus|0 fnt
|faint|p1a: Landorus
|
|-heal|p2a: Rillaboom|92/100|[from] Grassy Terrain
|-heal|p2a: Rillaboom|98/100|[from] item: Leftovers
|upkeep
|
|t:|1665199352
|switch|p1a: Zapdos|Zapdos|57/100 tox
|turn|30
|
|t:|1665199356
|switch|p2a: Melmetal|Melmetal|89/100
|-damage|p2a: Melmetal|83/100|[from] Stealth Rock
|move|p1a: Zapdos|Discharge|p2a: Melmetal
|-damage|p2a: Melmetal|49/100
|-status|p2a: Melmetal|par
|
|-heal|p2a: Melmetal|55/100 par|[from] Grassy Terrain
|-heal|p2a: Melmetal|61/100 par|[from] item: Leftovers
|-damage|p1a: Zapdos|51/100 tox|[from] psn
|upkeep
|turn|31
|
|t:|1665199363
|move|p1a: Zapdos|Heat Wave|p2a: Melmetal|[miss]
|-miss|p1a: Zapdos|p2a: Melmetal
|move|p2a: Melmetal|Double Iron Bash|p1a: Zapdos
|-resisted|p1a: Zapdos
|-damage|p1a: Zapdos|26/100 tox
|-resisted|p1a: Zapdos
|-damage|p1a: Zapdos|0 fnt
|faint|p1a: Zapdos
|-hitcount|p1: Zapdos|2
|
|-heal|p2a: Melmetal|68/100 par|[from] Grassy Terrain
|-heal|p2a: Melmetal|74/100 par|[from] item: Leftovers
|upkeep
|
|t:|1665199374
|switch|p1a: Tapu Fini|Tapu Fini|15/100 slp
|turn|32
|
|t:|1665199381
|-curestatus|p1a: Tapu Fini|slp|[msg]
|move|p1a: Tapu Fini|Rest|p1a: Tapu Fini
|-status|p1a: Tapu Fini|slp|[from] move: Rest
|-heal|p1a: Tapu Fini|100/100 slp|[silent]
|cant|p2a: Melmetal|par
|
|-heal|p2a: Melmetal|80/100 par|[from] Grassy Terrain
|-heal|p2a: Melmetal|86/100 par|[from] item: Leftovers
|upkeep
|turn|33
|
|t:|1665199386
|cant|p1a: Tapu Fini|slp
|move|p2a: Melmetal|Thunder Punch|p1a: Tapu Fini
|-supereffective|p1a: Tapu Fini
|-damage|p1a: Tapu Fini|32/100 slp
|
|-heal|p1a: Tapu Fini|38/100 slp|[from] Grassy Terrain
|-heal|p2a: Melmetal|93/100 par|[from] Grassy Terrain
|-heal|p2a: Melmetal|99/100 par|[from] item: Leftovers
|-fieldend|move: Grassy Terrain
|upkeep
|turn|34
|
|t:|1665199393
|switch|p1a: Melmetal|Melmetal|100/100
|cant|p2a: Melmetal|par
|
|-heal|p2a: Melmetal|100/100 par|[from] item: Leftovers
|upkeep
|turn|35
|j| averagealt99
|
|t:|1665199397
|switch|p2a: Slowbro|Slowbro, F|100/100 tox
|-damage|p2a: Slowbro|88/100 tox|[from] Stealth Rock
|move|p1a: Melmetal|Earthquake|p2a: Slowbro
|-damage|p2a: Slowbro|68/100 tox
|
|-damage|p2a: Slowbro|62/100 tox|[from] psn
|upkeep
|turn|36
|
|t:|1665199403
|move|p1a: Melmetal|Earthquake|p2a: Slowbro
|-damage|p2a: Slowbro|42/100 tox
|move|p2a: Slowbro|Future Sight|p1a: Melmetal
|-start|p2a: Slowbro|move: Future Sight
|
|-damage|p2a: Slowbro|29/100 tox|[from] psn
|upkeep
|turn|37
|
|t:|1665199408
|move|p1a: Melmetal|Double Iron Bash|p2a: Slowbro
|-resisted|p2a: Slowbro
|-damage|p2a: Slowbro|18/100 tox
|-damage|p1a: Melmetal|84/100|[from] item: Rocky Helmet|[of] p2a: Slowbro
|-resisted|p2a: Slowbro
|-crit|p2a: Slowbro
|-damage|p2a: Slowbro|1/100 tox
|-damage|p1a: Melmetal|67/100|[from] item: Rocky Helmet|[of] p2a: Slowbro
|-hitcount|p2a: Slowbro|2
|move|p2a: Slowbro|Teleport|p2a: Slowbro
|
|t:|1665199418
|switch|p2a: Tornadus|Tornadus-Therian, M|55/100 brn|[from]move: Teleport
|
|-heal|p1a: Melmetal|73/100|[from] item: Leftovers
|-damage|p2a: Tornadus|49/100 brn|[from] brn
|upkeep
|turn|38
|
|t:|1665199425
|move|p1a: Melmetal|Protect|p1a: Melmetal
|-singleturn|p1a: Melmetal|Protect
|move|p2a: Tornadus|Knock Off|p1a: Melmetal
|-activate|p1a: Melmetal|move: Protect
|
|-end|p1a: Melmetal|move: Future Sight
|-resisted|p1a: Melmetal
|-damage|p1a: Melmetal|59/100
|-heal|p1a: Melmetal|66/100|[from] item: Leftovers
|-damage|p2a: Tornadus|43/100 brn|[from] brn
|upkeep
|turn|39
|
|t:|1665199432
|move|p2a: Tornadus|Knock Off|p1a: Melmetal
|-damage|p1a: Melmetal|60/100
|-enditem|p1a: Melmetal|Leftovers|[from] move: Knock Off|[of] p2a: Tornadus
|move|p1a: Melmetal|Double Iron Bash|p2a: Tornadus
|-damage|p2a: Tornadus|2/100 brn
|-damage|p2a: Tornadus|0 fnt
|faint|p2a: Tornadus
|-hitcount|p2: Tornadus|2
|
|upkeep
|
|t:|1665199438
|switch|p2a: Rillaboom|Rillaboom, M|98/100
|-damage|p2a: Rillaboom|86/100|[from] Stealth Rock
|-fieldstart|move: Grassy Terrain|[from] ability: Grassy Surge|[of] p2a: Rillaboom
|turn|40
|
|t:|1665199442
|switch|p2a: Melmetal|Melmetal|100/100 par
|-damage|p2a: Melmetal|94/100 par|[from] Stealth Rock
|move|p1a: Melmetal|Double Iron Bash|p2a: Melmetal
|-resisted|p2a: Melmetal
|-damage|p2a: Melmetal|83/100 par
|-resisted|p2a: Melmetal
|-damage|p2a: Melmetal|73/100 par
|-hitcount|p2a: Melmetal|2
|
|-heal|p1a: Melmetal|66/100|[from] Grassy Terrain
|-heal|p2a: Melmetal|80/100 par|[from] Grassy Terrain
|-heal|p2a: Melmetal|86/100 par|[from] item: Leftovers
|upkeep
|turn|41
|
|t:|1665199446
|move|p1a: Melmetal|Earthquake|p2a: Melmetal
|-supereffective|p2a: Melmetal
|-damage|p2a: Melmetal|65/100 par
|move|p2a: Melmetal|Double Iron Bash|p1a: Melmetal
|-resisted|p1a: Melmetal
|-damage|p1a: Melmetal|55/100
|-resisted|p1a: Melmetal
|-damage|p1a: Melmetal|43/100
|-hitcount|p1a: Melmetal|2
|
|-heal|p1a: Melmetal|49/100|[from] Grassy Terrain
|-heal|p2a: Melmetal|71/100 par|[from] Grassy Terrain
|-heal|p2a: Melmetal|78/100 par|[from] item: Leftovers
|upkeep
|turn|42
|
|t:|1665199450
|move|p1a: Melmetal|Earthquake|p2a: Melmetal
|-supereffective|p2a: Melmetal
|-damage|p2a: Melmetal|56/100 par
|move|p2a: Melmetal|Thunder Punch|p1a: Melmetal
|-damage|p1a: Melmetal|30/100
|
|-heal|p1a: Melmetal|36/100|[from] Grassy Terrain
|-heal|p2a: Melmetal|62/100 par|[from] Grassy Terrain
|-heal|p2a: Melmetal|69/100 par|[from] item: Leftovers
|upkeep
|turn|43
|l| MajorPloke
|
|t:|1665199455
|move|p1a: Melmetal|Earthquake|p2a: Melmetal
|-supereffective|p2a: Melmetal
|-damage|p2a: Melmetal|47/100 par
|move|p2a: Melmetal|Superpower|p1a: Melmetal
|-supereffective|p1a: Melmetal
|-damage|p1a: Melmetal|0 fnt
|-unboost|p2a: Melmetal|atk|1
|-unboost|p2a: Melmetal|def|1
|faint|p1a: Melmetal
|
|-heal|p2a: Melmetal|53/100 par|[from] Grassy Terrain
|-heal|p2a: Melmetal|59/100 par|[from] item: Leftovers
|upkeep
|
|t:|1665199460
|switch|p1a: Rillaboom|Rillaboom, M|100/100
|turn|44
|
|t:|1665199464
|move|p1a: Rillaboom|Swords Dance|p1a: Rillaboom
|-boost|p1a: Rillaboom|atk|2
|move|p2a: Melmetal|Double Iron Bash|p1a: Rillaboom
|-damage|p1a: Rillaboom|69/100
|-damage|p1a: Rillaboom|39/100
|-hitcount|p1a: Rillaboom|2
|
|-heal|p1a: Rillaboom|45/100|[from] Grassy Terrain
|-heal|p1a: Rillaboom|51/100|[from] item: Leftovers
|-heal|p2a: Melmetal|66/100 par|[from] Grassy Terrain
|-heal|p2a: Melmetal|72/100 par|[from] item: Leftovers
|-fieldend|move: Grassy Terrain
|upkeep
|turn|45
|
|t:|1665199468
|switch|p2a: Slowbro|Slowbro, F|35/100 tox
|-damage|p2a: Slowbro|22/100 tox|[from] Stealth Rock
|move|p1a: Rillaboom|Knock Off|p2a: Slowbro
|-supereffective|p2a: Slowbro
|-damage|p2a: Slowbro|0 fnt
|-damage|p1a: Rillaboom|35/100|[from] item: Rocky Helmet|[of] p2a: Slowbro
|-enditem|p2a: Slowbro|Rocky Helmet|[from] move: Knock Off|[of] p1a: Rillaboom
|faint|p2a: Slowbro
|
|-heal|p1a: Rillaboom|41/100|[from] item: Leftovers
|upkeep
|
|t:|1665199475
|switch|p2a: Melmetal|Melmetal|72/100 par
|-damage|p2a: Melmetal|66/100 par|[from] Stealth Rock
|turn|46
|
|t:|1665199478
|move|p1a: Rillaboom|Knock Off|p2a: Melmetal
|-damage|p2a: Melmetal|23/100 par
|-enditem|p2a: Melmetal|Leftovers|[from] move: Knock Off|[of] p1a: Rillaboom
|move|p2a: Melmetal|Double Iron Bash|p1a: Rillaboom
|-damage|p1a: Rillaboom|0 fnt
|faint|p1a: Rillaboom
|-hitcount|p1: Rillaboom|1
|
|upkeep
|
|t:|1665199487
|switch|p1a: Tapu Fini|Tapu Fini|38/100 slp
|turn|47
|
|t:|1665199495
|cant|p1a: Tapu Fini|slp
|move|p1a: Tapu Fini|Sleep Talk|p1a: Tapu Fini
|move|p1a: Tapu Fini|Moonblast|p2a: Melmetal|[from]move: Sleep Talk
|-resisted|p2a: Melmetal
|-damage|p2a: Melmetal|2/100 par
|cant|p2a: Melmetal|par
|
|upkeep
|turn|48
|
|t:|1665199510
|switch|p2a: Rillaboom|Rillaboom, M|86/100
|-damage|p2a: Rillaboom|73/100|[from] Stealth Rock
|-fieldstart|move: Grassy Terrain|[from] ability: Grassy Surge|[of] p2a: Rillaboom
|-curestatus|p1a: Tapu Fini|slp|[msg]
|move|p1a: Tapu Fini|Moonblast|p2a: Rillaboom
|-damage|p2a: Rillaboom|20/100
|
|-heal|p2a: Rillaboom|26/100|[from] Grassy Terrain
|-heal|p2a: Rillaboom|32/100|[from] item: Leftovers
|-heal|p1a: Tapu Fini|44/100|[from] Grassy Terrain
|upkeep
|turn|49
|
|t:|1665199514
|move|p2a: Rillaboom|Grassy Glide|p1a: Tapu Fini
|-supereffective|p1a: Tapu Fini
|-damage|p1a: Tapu Fini|0 fnt
|faint|p1a: Tapu Fini
|
|-heal|p2a: Rillaboom|39/100|[from] Grassy Terrain
|-heal|p2a: Rillaboom|45/100|[from] item: Leftovers
|upkeep
|
|t:|1665199516
|switch|p1a: Tapu Lele|Tapu Lele|100/100
|-fieldstart|move: Psychic Terrain|[from] ability: Psychic Surge|[of] p1a: Tapu Lele
|turn|50
|
|t:|1665199519
|switch|p2a: Melmetal|Melmetal|2/100 par
|-damage|p2a: Melmetal|0 fnt|[from] Stealth Rock
|faint|p2a: Melmetal
|move|p1a: Tapu Lele|Moonblast|p2: Melmetal|[notarget]
|-fail|p1a: Tapu Lele
|
|upkeep
|
|t:|1665199521
|switch|p2a: Rillaboom|Rillaboom, M|45/100
|-damage|p2a: Rillaboom|32/100|[from] Stealth Rock
|-fieldstart|move: Grassy Terrain|[from] ability: Grassy Surge|[of] p2a: Rillaboom
|turn|51
|
|t:|1665199523
|move|p2a: Rillaboom|Grassy Glide|p1a: Tapu Lele
|-damage|p1a: Tapu Lele|27/100
|move|p1a: Tapu Lele|Moonblast|p2a: Rillaboom
|-damage|p2a: Rillaboom|0 fnt
|faint|p2a: Rillaboom
|
|win|Gotham Paladin
|n|☆Gotham Paladin|gothampaladin
|n|☆SAINE ZASSON|sainezasson
|n| Sww-Suwa|swwsuwa
|n| freerobuxman|freerobuxman
|n| NoTollsNoRolls|notollsnorolls
|n| thornyferrothorn|thornyferrothorn
|n| danfuz01|danfuz01
|n| Kinda ass tbh|kindaasstbh
|n| stunnagirl|stunnagirl
|n| averagealt99|averagealt99
