|raw|<div class="broadcast-blue"><strong>This battle is required to be public due to a player having a name starting with 'lt82zw'.</div>
|j|‽laqwa malti ttt
|j|☆LT82ZW Vaw
|t:|1626014686
|gametype|singles
|player|p1|laqwa malti ttt|266|1584
|player|p2|LT82ZW Vaw|266|1504
|teamsize|p1|6
|teamsize|p2|6
|gen|8
|tier|[Gen 8] OU
|rated|
|rule|Sleep Clause Mod: Limit one foe put to sleep
|rule|Species Clause: Limit one of each Pokémon
|rule|OHKO Clause: OHKO moves are banned
|rule|Evasion Moves Clause: Evasion moves are banned
|rule|Endless Battle Clause: Forcing endless battles is banned
|rule|HP Percentage Mod: HP is shown in percentages
|rule|Dynamax Clause: You cannot dynamax
|clearpoke
|poke|p1|Blissey, F|
|poke|p1|Corviknight, F|
|poke|p1|Toxapex, F|
|poke|p1|Clefable, M|
|poke|p1|Hippowdon, M|
|poke|p1|Melmetal|
|poke|p2|Bisharp, M|
|poke|p2|Cloyster, M|
|poke|p2|Garchomp, F|
|poke|p2|Hawlucha, F|
|poke|p2|Skarmory, F|
|poke|p2|Volcarona, F|
|teampreview
|inactive|Battle timer is ON: inactive players will automatically lose when time's up. (requested by laqwa malti ttt)
|j| quaze
|j| XDlildude
|
|t:|1626014709
|start
|switch|p1a: Hippowdon|Hippowdon, M|100/100
|switch|p2a: Skarmory|Skarmory, F|100/100
|turn|1
|
|t:|1626014716
|switch|p1a: Corviknight|Corviknight, F|100/100
|-ability|p1a: Corviknight|Pressure
|move|p2a: Skarmory|Taunt|p1a: Corviknight
|-start|p1a: Corviknight|move: Taunt
|
|upkeep
|turn|2
|
|t:|1626014744
|switch|p1a: Toxapex|Toxapex, F|100/100
|move|p2a: Skarmory|Stealth Rock|p1a: Toxapex
|-sidestart|p1: laqwa malti ttt|move: Stealth Rock
|
|upkeep
|turn|3
|
|t:|1626014750
|move|p2a: Skarmory|Taunt|p1a: Toxapex
|-start|p1a: Toxapex|move: Taunt
|move|p1a: Toxapex|Knock Off|p2a: Skarmory
|-damage|p2a: Skarmory|86/100
|-enditem|p2a: Skarmory|Custap Berry|[from] move: Knock Off|[of] p1a: Toxapex
|
|upkeep
|turn|4
|c| XDlildude|2 people are spectating
|
|t:|1626014761
|switch|p1a: Melmetal|Melmetal|100/100
|-damage|p1a: Melmetal|94/100|[from] Stealth Rock
|move|p2a: Skarmory|Spikes|p1a: Melmetal
|-sidestart|p1: laqwa malti ttt|Spikes
|
|-heal|p1a: Melmetal|100/100|[from] item: Leftovers
|upkeep
|turn|5
|
|t:|1626014770
|move|p2a: Skarmory|Spikes|p1a: Melmetal
|-sidestart|p1: laqwa malti ttt|Spikes
|move|p1a: Melmetal|Thunder Punch|p2a: Skarmory
|-supereffective|p2a: Skarmory
|-damage|p2a: Skarmory|18/100
|
|upkeep
|turn|6
|
|t:|1626014785
|move|p2a: Skarmory|Spikes|p1a: Melmetal
|-sidestart|p1: laqwa malti ttt|Spikes
|move|p1a: Melmetal|Thunder Punch|p2a: Skarmory
|-supereffective|p2a: Skarmory
|-damage|p2a: Skarmory|0 fnt
|faint|p2a: Skarmory
|
|upkeep
|
|t:|1626014791
|switch|p2a: Volcarona|Volcarona, F|100/100
|turn|7
|
|t:|1626014815
|switch|p1a: Blissey|Blissey, F|100/100
|-damage|p1a: Blissey|88/100|[from] Stealth Rock
|-damage|p1a: Blissey|63/100|[from] Spikes
|move|p2a: Volcarona|Fire Blast|p1a: Blissey
|-damage|p1a: Blissey|41/100
|
|-heal|p1a: Blissey|47/100|[from] item: Leftovers
|upkeep
|turn|8
|
|t:|1626014832
|switch|p2a: Bisharp|Bisharp, M|100/100
|move|p1a: Blissey|Soft-Boiled|p1a: Blissey
|-heal|p1a: Blissey|97/100
|
|-heal|p1a: Blissey|100/100|[from] item: Leftovers
|upkeep
|turn|9
|inactive|laqwa malti ttt has 120 seconds left.
|l| XDlildude
|
|t:|1626014876
|switch|p1a: Hippowdon|Hippowdon, M|100/100
|-damage|p1a: Hippowdon|94/100|[from] Stealth Rock
|-damage|p1a: Hippowdon|69/100|[from] Spikes
|move|p2a: Bisharp|Swords Dance|p2a: Bisharp
|-boost|p2a: Bisharp|atk|2
|
|upkeep
|turn|10
|
|t:|1626014887
|move|p2a: Bisharp|Knock Off|p1a: Hippowdon
|-crit|p1a: Hippowdon
|-damage|p1a: Hippowdon|0 fnt
|-damage|p2a: Bisharp|84/100|[from] item: Rocky Helmet|[of] p1a: Hippowdon
|-enditem|p1a: Hippowdon|Rocky Helmet|[from] move: Knock Off|[of] p2a: Bisharp
|faint|p1a: Hippowdon
|-damage|p2a: Bisharp|74/100|[from] item: Life Orb
|
|upkeep
|inactive|laqwa malti ttt has 120 seconds left.
|
|t:|1626014892
|switch|p1a: Melmetal|Melmetal|100/100
|-damage|p1a: Melmetal|94/100|[from] Stealth Rock
|-damage|p1a: Melmetal|69/100|[from] Spikes
|turn|11
|
|t:|1626014906
|move|p2a: Bisharp|Knock Off|p1a: Melmetal
|-damage|p1a: Melmetal|1/100
|-enditem|p1a: Melmetal|Leftovers|[from] move: Knock Off|[of] p2a: Bisharp
|-damage|p2a: Bisharp|64/100|[from] item: Life Orb
|move|p1a: Melmetal|Earthquake|p2a: Bisharp
|-supereffective|p2a: Bisharp
|-damage|p2a: Bisharp|0 fnt
|faint|p2a: Bisharp
|
|upkeep
|inactive|LT82ZW Vaw has 120 seconds left.
|inactive|LT82ZW Vaw has 90 seconds left.
|
|t:|1626014963
|switch|p2a: Volcarona|Volcarona, F|100/100
|turn|12
|
|t:|1626014974
|move|p2a: Volcarona|Bug Buzz|p1a: Melmetal
|-resisted|p1a: Melmetal
|-damage|p1a: Melmetal|0 fnt
|faint|p1a: Melmetal
|
|upkeep
|
|t:|1626014977
|switch|p1a: Blissey|Blissey, F|100/100
|-damage|p1a: Blissey|88/100|[from] Stealth Rock
|-damage|p1a: Blissey|63/100|[from] Spikes
|turn|13
|inactive|LT82ZW Vaw has 90 seconds left.
|
|t:|1626015006
|switch|p2a: Garchomp|Garchomp, F|100/100
|move|p1a: Blissey|Soft-Boiled|p1a: Blissey
|-heal|p1a: Blissey|100/100
|
|upkeep
|turn|14
|
|t:|1626015011
|switch|p1a: Corviknight|Corviknight, F|100/100
|-damage|p1a: Corviknight|88/100|[from] Stealth Rock
|-ability|p1a: Corviknight|Pressure
|move|p2a: Garchomp|Swords Dance|p2a: Garchomp
|-boost|p2a: Garchomp|atk|2
|
|-heal|p1a: Corviknight|94/100|[from] item: Leftovers
|upkeep
|turn|15
|
|t:|1626015017
|move|p2a: Garchomp|Fire Fang|p1a: Corviknight|[miss]
|-miss|p2a: Garchomp|p1a: Corviknight
|move|p1a: Corviknight|Defog|p2a: Garchomp
|-unboost|p2a: Garchomp|evasion|1
|-sideend|p1: laqwa malti ttt|Spikes|[from] move: Defog|[of] p1a: Corviknight
|-sideend|p1: laqwa malti ttt|Stealth Rock|[from] move: Defog|[of] p1a: Corviknight
|
|-heal|p1a: Corviknight|100/100|[from] item: Leftovers
|upkeep
|turn|16
|
|t:|1626015022
|switch|p1a: Clefable|Clefable, M|100/100
|move|p2a: Garchomp|Fire Fang|p1a: Clefable
|-damage|p1a: Clefable|76/100
|-damage|p2a: Garchomp|91/100|[from] item: Life Orb
|
|-heal|p1a: Clefable|82/100|[from] item: Leftovers
|upkeep
|turn|17
|
|t:|1626015029
|move|p2a: Garchomp|Earthquake|p1a: Clefable
|-damage|p1a: Clefable|29/100
|-damage|p2a: Garchomp|81/100|[from] item: Life Orb
|move|p1a: Clefable|Soft-Boiled|p1a: Clefable
|-heal|p1a: Clefable|79/100
|
|-heal|p1a: Clefable|85/100|[from] item: Leftovers
|upkeep
|turn|18
|
|t:|1626015039
|move|p2a: Garchomp|Earthquake|p1a: Clefable
|-damage|p1a: Clefable|37/100
|-damage|p2a: Garchomp|71/100|[from] item: Life Orb
|move|p1a: Clefable|Soft-Boiled|p1a: Clefable
|-heal|p1a: Clefable|87/100
|
|-heal|p1a: Clefable|93/100|[from] item: Leftovers
|upkeep
|turn|19
|inactive|LT82ZW Vaw has 120 seconds left.
|
|t:|1626015047
|move|p2a: Garchomp|Earthquake|p1a: Clefable
|-damage|p1a: Clefable|39/100
|-damage|p2a: Garchomp|61/100|[from] item: Life Orb
|move|p1a: Clefable|Soft-Boiled|p1a: Clefable
|-heal|p1a: Clefable|89/100
|
|-heal|p1a: Clefable|95/100|[from] item: Leftovers
|upkeep
|turn|20
|inactive|LT82ZW Vaw has 120 seconds left.
|inactive|LT82ZW Vaw has 90 seconds left.
|
|t:|1626015106
|switch|p2a: Volcarona|Volcarona, F|100/100
|move|p1a: Clefable|Soft-Boiled|p1a: Clefable
|-heal|p1a: Clefable|100/100
|
|upkeep
|turn|21
|inactive|laqwa malti ttt has 120 seconds left.
|inactive|LT82ZW Vaw has 60 seconds left.
|
|t:|1626015194
|switch|p1a: Blissey|Blissey, F|100/100
|move|p2a: Volcarona|Fire Blast|p1a: Blissey
|-damage|p1a: Blissey|77/100
|
|-heal|p1a: Blissey|84/100|[from] item: Leftovers
|upkeep
|turn|22
|inactive|LT82ZW Vaw has 30 seconds left.
|
|t:|1626015218
|switch|p2a: Cloyster|Cloyster, M|100/100
|move|p1a: Blissey|Toxic|p2a: Cloyster
|-status|p2a: Cloyster|tox
|
|-heal|p1a: Blissey|90/100|[from] item: Leftovers
|-damage|p2a: Cloyster|94/100 tox|[from] psn
|upkeep
|turn|23
|
|t:|1626015222
|switch|p1a: Toxapex|Toxapex, F|100/100
|move|p2a: Cloyster|Shell Smash|p2a: Cloyster
|-unboost|p2a: Cloyster|def|1
|-unboost|p2a: Cloyster|spd|1
|-boost|p2a: Cloyster|atk|2
|-boost|p2a: Cloyster|spa|2
|-boost|p2a: Cloyster|spe|2
|
|-damage|p2a: Cloyster|82/100 tox|[from] psn
|upkeep
|turn|24
|
|t:|1626015225
|move|p2a: Cloyster|Rock Blast|p1a: Toxapex
|-damage|p1a: Toxapex|92/100
|-damage|p1a: Toxapex|84/100
|-damage|p1a: Toxapex|75/100
|-damage|p1a: Toxapex|67/100
|-damage|p1a: Toxapex|58/100
|-hitcount|p1a: Toxapex|5
|move|p1a: Toxapex|Knock Off|p2a: Cloyster
|-damage|p2a: Cloyster|62/100 tox
|-enditem|p2a: Cloyster|King's Rock|[from] move: Knock Off|[of] p1a: Toxapex
|
|-damage|p2a: Cloyster|44/100 tox|[from] psn
|upkeep
|turn|25
|
|t:|1626015229
|move|p2a: Cloyster|Rock Blast|p1a: Toxapex
|-damage|p1a: Toxapex|48/100
|-damage|p1a: Toxapex|40/100
|-damage|p1a: Toxapex|32/100
|-damage|p1a: Toxapex|24/100
|-damage|p1a: Toxapex|14/100
|-hitcount|p1a: Toxapex|5
|move|p1a: Toxapex|Recover|p1a: Toxapex
|-heal|p1a: Toxapex|65/100
|
|-damage|p2a: Cloyster|19/100 tox|[from] psn
|upkeep
|turn|26
|-message|LT82ZW Vaw forfeited.
|
|win|laqwa malti ttt
|raw|laqwa malti ttt's rating: 1567 &rarr; <strong>1583</strong><br />(+16 for winning)
|raw|LT82ZW Vaw's rating: 1504 &rarr; <strong>1488</strong><br />(-16 for losing)
|l|☆LT82ZW Vaw
