|j|☆knexhawk2
|j|☆Envyetta/ttv
|t:|1666982785
|gametype|singles
|player|p1|knexhawk2|red-masters|1790
|player|p2|Envyetta/ttv|cynthia-gen4|1773
|teamsize|p1|6
|teamsize|p2|6
|gen|8
|tier|[Gen 8] OU
|rated|
|rule|Sleep Clause Mod: Limit one foe put to sleep
|rule|Species Clause: Limit one of each Pokémon
|rule|OHKO Clause: OHKO moves are banned
|rule|Evasion Items Clause: Evasion items are banned
|rule|Evasion Moves Clause: Evasion moves are banned
|rule|Endless Battle Clause: Forcing endless battles is banned
|rule|HP Percentage Mod: HP is shown in percentages
|rule|Dynamax Clause: You cannot dynamax
|clearpoke
|poke|p1|Melmetal|
|poke|p1|Cresselia, F|
|poke|p1|Togekiss, M|
|poke|p1|Gastrodon, F|
|poke|p1|Tapu Koko|
|poke|p1|Garchomp, M|
|poke|p2|Primarina, F|
|poke|p2|Gigalith, M|
|poke|p2|Nidoqueen, F|
|poke|p2|Hydreigon, F|
|poke|p2|Skarmory, M|
|poke|p2|Moltres|
|teampreview
|inactive|Battle timer is ON: inactive players will automatically lose when time's up. (requested by Envyetta/ttv)
|
|t:|1666982815
|start
|switch|p1a: Melmetal|Melmetal|100/100
|switch|p2a: Primarina|Primarina, F, shiny|100/100
|turn|1
|
|t:|1666982843
|switch|p2a: Skarmory|Skarmory, M, shiny|100/100
|move|p1a: Melmetal|Double Iron Bash|p2a: Skarmory
|-resisted|p2a: Skarmory
|-damage|p2a: Skarmory|89/100
|-resisted|p2a: Skarmory
|-damage|p2a: Skarmory|75/100
|-hitcount|p2a: Skarmory|2
|
|upkeep
|turn|2
|j| 8cr9v6gdy5
|inactive|Envyetta/ttv has 120 seconds left.
|
|t:|1666982888
|move|p2a: Skarmory|Body Press|p1a: Melmetal
|-supereffective|p1a: Melmetal
|-damage|p1a: Melmetal|68/100
|move|p1a: Melmetal|Thunder Wave|p2a: Skarmory
|-status|p2a: Skarmory|par
|
|upkeep
|turn|3
|
|t:|1666982901
|switch|p2a: Moltres|Moltres, shiny|100/100
|move|p1a: Melmetal|Thunder Punch|p2a: Moltres
|-supereffective|p2a: Moltres
|-damage|p2a: Moltres|53/100
|
|upkeep
|turn|4
|j| BrothaOptions
|
|t:|1666982905
|switch|p1a: Gastrodon|Gastrodon, F|100/100
|move|p2a: Moltres|Fire Blast|p1a: Gastrodon
|-resisted|p1a: Gastrodon
|-crit|p1a: Gastrodon
|-damage|p1a: Gastrodon|75/100
|
|-heal|p1a: Gastrodon|81/100|[from] item: Leftovers
|upkeep
|turn|5
|
|t:|1666982914
|move|p2a: Moltres|U-turn|p1a: Gastrodon
|-damage|p1a: Gastrodon|67/100
|
|t:|1666982920
|switch|p2a: Skarmory|Skarmory, M, shiny|75/100 par|[from]move: U-turn
|move|p1a: Gastrodon|Scald|p2a: Skarmory
|-damage|p2a: Skarmory|41/100 par
|
|-heal|p1a: Gastrodon|73/100|[from] item: Leftovers
|upkeep
|turn|6
|
|t:|1666982933
|switch|p1a: Tapu Koko|Tapu Koko|100/100
|-fieldstart|move: Electric Terrain|[from] ability: Electric Surge|[of] p1a: Tapu Koko
|switch|p2a: Primarina|Primarina, F, shiny|100/100
|
|upkeep
|turn|7
|
|t:|1666982938
|switch|p2a: Nidoqueen|Nidoqueen, F, shiny|100/100
|move|p1a: Tapu Koko|U-turn|p2a: Nidoqueen
|-resisted|p2a: Nidoqueen
|-crit|p2a: Nidoqueen
|-damage|p2a: Nidoqueen|87/100
|
|t:|1666982941
|switch|p1a: Garchomp|Garchomp, M|100/100|[from]move: U-turn
|
|upkeep
|turn|8
|
|t:|1666982945
|move|p1a: Garchomp|Stealth Rock|p2a: Nidoqueen
|-sidestart|p2: Envyetta/ttv|move: Stealth Rock
|move|p2a: Nidoqueen|Ice Beam|p1a: Garchomp
|-supereffective|p1a: Garchomp
|-damage|p1a: Garchomp|0 fnt
|faint|p1a: Garchomp
|
|upkeep
|
|t:|1666982950
|switch|p1a: Cresselia|Cresselia, F|100/100
|turn|9
|
|t:|1666982955
|switch|p2a: Hydreigon|Hydreigon, F, shiny|100/100
|-damage|p2a: Hydreigon|88/100|[from] Stealth Rock
|move|p1a: Cresselia|Ice Beam|p2a: Hydreigon
|-supereffective|p2a: Hydreigon
|-damage|p2a: Hydreigon|34/100
|
|-heal|p2a: Hydreigon|40/100|[from] item: Leftovers
|upkeep
|turn|10
|
|t:|1666982959
|move|p1a: Cresselia|Ice Beam|p2a: Hydreigon
|-supereffective|p2a: Hydreigon
|-damage|p2a: Hydreigon|0 fnt
|faint|p2a: Hydreigon
|
|-fieldend|move: Electric Terrain
|upkeep
|
|t:|1666982961
|switch|p2a: Primarina|Primarina, F, shiny|100/100
|-damage|p2a: Primarina|88/100|[from] Stealth Rock
|turn|11
|
|t:|1666982963
|switch|p1a: Gastrodon|Gastrodon, F|73/100
|move|p2a: Primarina|Calm Mind|p2a: Primarina
|-boost|p2a: Primarina|spa|1
|-boost|p2a: Primarina|spd|1
|
|-heal|p2a: Primarina|94/100|[from] item: Leftovers
|-heal|p1a: Gastrodon|79/100|[from] item: Leftovers
|upkeep
|turn|12
|
|t:|1666982965
|move|p2a: Primarina|Substitute|p2a: Primarina
|-start|p2a: Primarina|Substitute
|-damage|p2a: Primarina|69/100
|move|p1a: Gastrodon|Clear Smog|p2a: Primarina
|-supereffective|p2a: Primarina
|-activate|p2a: Primarina|move: Substitute|[damage]
|
|-heal|p2a: Primarina|75/100|[from] item: Leftovers
|-heal|p1a: Gastrodon|85/100|[from] item: Leftovers
|upkeep
|turn|13
|
|t:|1666982971
|switch|p1a: Melmetal|Melmetal|68/100
|move|p2a: Primarina|Calm Mind|p2a: Primarina
|-boost|p2a: Primarina|spa|1
|-boost|p2a: Primarina|spd|1
|
|-heal|p2a: Primarina|81/100|[from] item: Leftovers
|upkeep
|turn|14
|
|t:|1666982976
|move|p2a: Primarina|Scald|p1a: Melmetal
|-crit|p1a: Melmetal
|-damage|p1a: Melmetal|0 fnt
|faint|p1a: Melmetal
|
|-heal|p2a: Primarina|87/100|[from] item: Leftovers
|upkeep
|
|t:|1666982983
|switch|p1a: Togekiss|Togekiss, M|100/100
|turn|15
|
|t:|1666982989
|move|p1a: Togekiss|Air Slash|p2a: Primarina
|-end|p2a: Primarina|Substitute
|move|p2a: Primarina|Scald|p1a: Togekiss
|-damage|p1a: Togekiss|36/100
|-status|p1a: Togekiss|brn
|
|-heal|p2a: Primarina|93/100|[from] item: Leftovers
|-damage|p1a: Togekiss|30/100 brn|[from] brn
|upkeep
|turn|16
|
|t:|1666982996
|move|p1a: Togekiss|Thunder Wave|p2a: Primarina
|-status|p2a: Primarina|par
|move|p2a: Primarina|Scald|p1a: Togekiss
|-damage|p1a: Togekiss|0 fnt
|faint|p1a: Togekiss
|
|-heal|p2a: Primarina|99/100 par|[from] item: Leftovers
|upkeep
|-message|knexhawk2 forfeited.
|
|win|Envyetta/ttv
|raw|knexhawk2's rating: 1790 &rarr; <strong>1769</strong><br />(-21 for losing)
|raw|Envyetta&#x2f;ttv's rating: 1773 &rarr; <strong>1794</strong><br />(+21 for winning)
|l|☆knexhawk2
