|raw|<div class="broadcast-blue"><strong>This battle is required to be public due to a player having a name starting with 'lt94je'.</div>
|j|☆2222mm
|j|☆LT94JE F
|t:|1661316542
|gametype|singles
|player|p1|2222mm|2|1749
|player|p2|LT94JE F|skyla-masters2|1695
|teamsize|p1|6
|teamsize|p2|6
|gen|8
|tier|[Gen 8] OU
|rated|
|rule|Sleep Clause Mod: Limit one foe put to sleep
|rule|Species Clause: Limit one of each Pokémon
|rule|OHKO Clause: OHKO moves are banned
|rule|Evasion Items Clause: Evasion items are banned
|rule|Evasion Moves Clause: Evasion moves are banned
|rule|Endless Battle Clause: Forcing endless battles is banned
|rule|HP Percentage Mod: HP is shown in percentages
|rule|Dynamax Clause: You cannot dynamax
|clearpoke
|poke|p1|Tapu Fini|
|poke|p1|Landorus-Therian, M|
|poke|p1|Ferrothorn, F|
|poke|p1|Blacephalon|
|poke|p1|Glastrier|
|poke|p1|Kartana|
|poke|p2|Landorus-Therian, M|
|poke|p2|Ferrothorn, M|
|poke|p2|Tapu Fini|
|poke|p2|Zapdos|
|poke|p2|Weavile, M|
|poke|p2|Blacephalon|
|teampreview
|inactive|Battle timer is ON: inactive players will automatically lose when time's up. (requested by LT94JE F)
|
|t:|1661316566
|start
|switch|p1a: Tapu Fini|Tapu Fini|100/100
|switch|p2a: Bandit|Weavile, M, shiny|100/100
|-fieldstart|move: Misty Terrain|[from] ability: Misty Surge|[of] p1a: Tapu Fini
|-ability|p2a: Bandit|Pressure
|turn|1
|
|t:|1661316574
|switch|p2a: Raven|Tapu Fini, shiny|100/100
|move|p1a: Tapu Fini|Trick|p2a: Raven
|-activate|p1a: Tapu Fini|move: Trick|[of] p2a: Raven
|-item|p2a: Raven|Choice Scarf|[from] move: Trick
|-item|p1a: Tapu Fini|Leftovers|[from] move: Trick
|
|upkeep
|turn|2
|
|t:|1661316584
|switch|p2a: Temple|Ferrothorn, M, shiny|100/100
|move|p1a: Tapu Fini|Moonblast|p2a: Temple
|-resisted|p2a: Temple
|-damage|p2a: Temple|86/100
|
|upkeep
|turn|3
|
|t:|1661316600
|switch|p1a: Ferrothorn|Ferrothorn, F|100/100
|move|p2a: Temple|Stealth Rock|p1a: Ferrothorn
|-sidestart|p1: 2222mm|move: Stealth Rock
|
|upkeep
|turn|4
|
|t:|1661316611
|switch|p2a: Byakko|Zapdos, shiny|100/100
|move|p1a: Ferrothorn|Leech Seed|p2a: Byakko
|-start|p2a: Byakko|move: Leech Seed
|
|-damage|p2a: Byakko|88/100|[from] Leech Seed|[of] p1a: Ferrothorn
|upkeep
|turn|5
|
|t:|1661316616
|switch|p1a: Landorus|Landorus-Therian, M|100/100
|-damage|p1a: Landorus|88/100|[from] Stealth Rock
|-ability|p1a: Landorus|Intimidate|boost
|-unboost|p2a: Byakko|atk|1
|move|p2a: Byakko|Hurricane|p1a: Landorus|[miss]
|-miss|p2a: Byakko|p1a: Landorus
|
|-damage|p2a: Byakko|76/100|[from] Leech Seed|[of] p1a: Landorus
|-heal|p1a: Landorus|99/100|[silent]
|-fieldend|Misty Terrain
|upkeep
|turn|6
|
|t:|1661316625
|switch|p2a: Enten|Landorus-Therian, M, shiny|100/100
|-ability|p2a: Enten|Intimidate|boost
|-unboost|p1a: Landorus|atk|1
|move|p1a: Landorus|Stealth Rock|p2a: Enten
|-sidestart|p2: LT94JE F|move: Stealth Rock
|
|upkeep
|turn|7
|
|t:|1661316633
|move|p1a: Landorus|Fling|p2a: Enten
|-damage|p2a: Enten|94/100
|-status|p2a: Enten|par
|-enditem|p1a: Landorus|Light Ball|[from] move: Fling
|cant|p2a: Enten|par
|
|-heal|p2a: Enten|99/100 par|[from] item: Leftovers
|upkeep
|turn|8
|
|t:|1661316642
|move|p1a: Landorus|U-turn|p2a: Enten
|-resisted|p2a: Enten
|-damage|p2a: Enten|93/100 par
|
|t:|1661316646
|switch|p1a: Tapu Fini|Tapu Fini|100/100|[from]move: U-turn
|-damage|p1a: Tapu Fini|88/100|[from] Stealth Rock
|-fieldstart|move: Misty Terrain|[from] ability: Misty Surge|[of] p1a: Tapu Fini
|move|p2a: Enten|Defog|p1a: Tapu Fini
|-unboost|p1a: Tapu Fini|evasion|1
|-sideend|p1: 2222mm|Stealth Rock|[from] move: Defog|[of] p2a: Enten
|-sideend|p2: LT94JE F|Stealth Rock|[from] move: Defog|[of] p2a: Enten
|-fieldend|Misty Terrain
|
|-heal|p1a: Tapu Fini|94/100|[from] item: Leftovers
|-heal|p2a: Enten|99/100 par|[from] item: Leftovers
|upkeep
|turn|9
|
|t:|1661316658
|switch|p1a: Blacephalon|Blacephalon|100/100
|cant|p2a: Enten|par
|
|-heal|p2a: Enten|100/100 par|[from] item: Leftovers
|upkeep
|turn|10
|
|t:|1661316666
|switch|p1a: Ferrothorn|Ferrothorn, F|100/100
|move|p2a: Enten|Earthquake|p1a: Ferrothorn
|-damage|p1a: Ferrothorn|69/100
|
|-heal|p1a: Ferrothorn|75/100|[from] item: Leftovers
|upkeep
|turn|11
|
|t:|1661316671
|switch|p2a: Byakko|Zapdos, shiny|76/100
|move|p1a: Ferrothorn|Spikes|p2a: Byakko
|-sidestart|p2: LT94JE F|Spikes
|
|-heal|p1a: Ferrothorn|81/100|[from] item: Leftovers
|upkeep
|turn|12
|
|t:|1661316688
|switch|p1a: Landorus|Landorus-Therian, M|99/100
|-ability|p1a: Landorus|Intimidate|boost
|-unboost|p2a: Byakko|atk|1
|move|p2a: Byakko|Hurricane|p1a: Landorus
|-damage|p1a: Landorus|34/100
|
|upkeep
|turn|13
|
|t:|1661316700
|move|p2a: Byakko|Hurricane|p1a: Landorus|[miss]
|-miss|p2a: Byakko|p1a: Landorus
|move|p1a: Landorus|U-turn|p2a: Byakko
|-resisted|p2a: Byakko
|-crit|p2a: Byakko
|-damage|p2a: Byakko|54/100
|-status|p1a: Landorus|par|[from] ability: Static|[of] p2a: Byakko
|
|t:|1661316704
|switch|p1a: Blacephalon|Blacephalon|100/100|[from]move: U-turn
|
|upkeep
|turn|14
|
|t:|1661316710
|switch|p2a: Enten|Landorus-Therian, M, shiny|100/100 par
|-ability|p2a: Enten|Intimidate|boost
|-unboost|p1a: Blacephalon|atk|1
|move|p1a: Blacephalon|Shadow Ball|p2a: Enten
|-damage|p2a: Enten|45/100 par
|
|-heal|p2a: Enten|51/100 par|[from] item: Leftovers
|upkeep
|turn|15
|
|t:|1661316721
|switch|p2a: Bandit|Weavile, M, shiny|100/100
|-damage|p2a: Bandit|88/100|[from] Spikes
|-ability|p2a: Bandit|Pressure
|move|p1a: Blacephalon|Shadow Ball|p2a: Bandit
|-resisted|p2a: Bandit
|-damage|p2a: Bandit|38/100
|
|upkeep
|turn|16
|
|t:|1661316748
|switch|p1a: Tapu Fini|Tapu Fini|94/100
|-fieldstart|move: Misty Terrain|[from] ability: Misty Surge|[of] p1a: Tapu Fini
|move|p2a: Bandit|Beat Up|p1a: Tapu Fini
|-resisted|p1a: Tapu Fini
|-damage|p1a: Tapu Fini|88/100
|-resisted|p1a: Tapu Fini
|-damage|p1a: Tapu Fini|84/100
|-resisted|p1a: Tapu Fini
|-damage|p1a: Tapu Fini|79/100
|-resisted|p1a: Tapu Fini
|-damage|p1a: Tapu Fini|74/100
|-resisted|p1a: Tapu Fini
|-damage|p1a: Tapu Fini|68/100
|-hitcount|p1a: Tapu Fini|5
|
|-heal|p1a: Tapu Fini|74/100|[from] item: Leftovers
|upkeep
|turn|17
|inactive|2222mm has 120 seconds left.
|
|t:|1661316777
|move|p2a: Bandit|Beat Up|p1a: Tapu Fini
|-resisted|p1a: Tapu Fini
|-damage|p1a: Tapu Fini|68/100
|-resisted|p1a: Tapu Fini
|-damage|p1a: Tapu Fini|63/100
|-resisted|p1a: Tapu Fini
|-damage|p1a: Tapu Fini|59/100
|-resisted|p1a: Tapu Fini
|-damage|p1a: Tapu Fini|53/100
|-resisted|p1a: Tapu Fini
|-crit|p1a: Tapu Fini
|-damage|p1a: Tapu Fini|44/100
|-hitcount|p1a: Tapu Fini|5
|move|p1a: Tapu Fini|Moonblast|p2a: Bandit
|-supereffective|p2a: Bandit
|-damage|p2a: Bandit|0 fnt
|faint|p2a: Bandit
|
|-heal|p1a: Tapu Fini|50/100|[from] item: Leftovers
|upkeep
|
|t:|1661316780
|switch|p2a: Byakko|Zapdos, shiny|54/100
|turn|18
|inactive|2222mm has 120 seconds left.
|
|t:|1661316786
|move|p2a: Byakko|Hurricane|p1a: Tapu Fini
|-damage|p1a: Tapu Fini|0 fnt
|faint|p1a: Tapu Fini
|
|upkeep
|inactive|2222mm has 120 seconds left.
|
|t:|1661316791
|switch|p1a: Blacephalon|Blacephalon|100/100
|turn|19
|
|t:|1661316794
|switch|p2a: Enten|Landorus-Therian, M, shiny|51/100 par
|-ability|p2a: Enten|Intimidate|boost
|-unboost|p1a: Blacephalon|atk|1
|move|p1a: Blacephalon|Shadow Ball|p2a: Enten
|-damage|p2a: Enten|0 fnt
|faint|p2a: Enten
|-ability|p1a: Blacephalon|Beast Boost|boost
|-boost|p1a: Blacephalon|spa|1
|
|upkeep
|
|t:|1661316796
|switch|p2a: Hyperspace|Blacephalon, shiny|100/100
|-damage|p2a: Hyperspace|88/100|[from] Spikes
|turn|20
|
|t:|1661316811
|switch|p1a: Landorus|Landorus-Therian, M|34/100 par
|-ability|p1a: Landorus|Intimidate|boost
|-unboost|p2a: Hyperspace|atk|1
|move|p2a: Hyperspace|Shadow Ball|p1a: Landorus
|-damage|p1a: Landorus|0 fnt
|faint|p1a: Landorus
|-ability|p2a: Hyperspace|Beast Boost|boost
|-boost|p2a: Hyperspace|spa|1
|
|-fieldend|Misty Terrain
|upkeep
|
|t:|1661316822
|switch|p1a: Kartana|Kartana, shiny|100/100
|turn|21
|
|t:|1661316835
|switch|p1a: Blacephalon|Blacephalon|100/100
|switch|p2a: Byakko|Zapdos, shiny|54/100
|
|upkeep
|turn|22
|
|t:|1661316842
|switch|p2a: Raven|Tapu Fini, shiny|100/100
|-damage|p2a: Raven|88/100|[from] Spikes
|-fieldstart|move: Misty Terrain|[from] ability: Misty Surge|[of] p2a: Raven
|move|p1a: Blacephalon|Shadow Ball|p2a: Raven
|-damage|p2a: Raven|28/100
|
|upkeep
|turn|23
|
|t:|1661316856
|switch|p2a: Byakko|Zapdos, shiny|54/100
|switch|p1a: Ferrothorn|Ferrothorn, F|81/100
|
|-heal|p1a: Ferrothorn|87/100|[from] item: Leftovers
|upkeep
|turn|24
|
|t:|1661316863
|move|p2a: Byakko|Heat Wave|p1a: Ferrothorn
|-supereffective|p1a: Ferrothorn
|-damage|p1a: Ferrothorn|0 fnt
|faint|p1a: Ferrothorn
|
|upkeep
|
|t:|1661316869
|switch|p1a: Blacephalon|Blacephalon|100/100
|turn|25
|
|t:|1661316872
|switch|p2a: Raven|Tapu Fini, shiny|28/100
|-damage|p2a: Raven|15/100|[from] Spikes
|move|p1a: Blacephalon|Shadow Ball|p2a: Raven
|-damage|p2a: Raven|0 fnt
|faint|p2a: Raven
|-ability|p1a: Blacephalon|Beast Boost|boost
|-boost|p1a: Blacephalon|spa|1
|
|upkeep
|
|t:|1661316874
|switch|p2a: Hyperspace|Blacephalon, shiny|88/100
|-damage|p2a: Hyperspace|76/100|[from] Spikes
|turn|26
|
|t:|1661316877
|switch|p1a: Glastrier|Glastrier|100/100
|move|p2a: Hyperspace|Shadow Ball|p1a: Glastrier
|-damage|p1a: Glastrier|61/100
|
|-fieldend|Misty Terrain
|upkeep
|turn|27
|
|t:|1661316882
|switch|p2a: Temple|Ferrothorn, M, shiny|86/100
|-damage|p2a: Temple|74/100|[from] Spikes
|move|p1a: Glastrier|Icicle Crash|p2a: Temple
|-damage|p2a: Temple|48/100
|
|upkeep
|turn|28
|
|t:|1661316893
|move|p1a: Glastrier|Icicle Crash|p2a: Temple
|-damage|p2a: Temple|19/100
|move|p2a: Temple|Body Press|p1a: Glastrier
|-supereffective|p1a: Glastrier
|-damage|p1a: Glastrier|19/100
|
|upkeep
|turn|29
|
|t:|1661316916
|switch|p1a: Kartana|Kartana, shiny|100/100
|move|p2a: Temple|Stealth Rock|p1a: Kartana
|-sidestart|p1: 2222mm|move: Stealth Rock
|
|upkeep
|turn|30
|
|t:|1661316926
|move|p1a: Kartana|Knock Off|p2a: Temple
|-damage|p2a: Temple|0 fnt
|-damage|p1a: Kartana|88/100|[from] ability: Iron Barbs|[of] p2a: Temple
|-damage|p1a: Kartana|72/100|[from] item: Rocky Helmet|[of] p2a: Temple
|-enditem|p2a: Temple|Rocky Helmet|[from] move: Knock Off|[of] p1a: Kartana
|faint|p2a: Temple
|-ability|p1a: Kartana|Beast Boost|boost
|-boost|p1a: Kartana|atk|1
|
|upkeep
|
|t:|1661316928
|switch|p2a: Byakko|Zapdos, shiny|54/100
|turn|31
|
|t:|1661316938
|move|p1a: Kartana|Knock Off|p2a: Byakko
|-damage|p2a: Byakko|0 fnt
|-enditem|p2a: Byakko|Choice Specs|[from] move: Knock Off|[of] p1a: Kartana
|faint|p2a: Byakko
|-ability|p1a: Kartana|Beast Boost|boost
|-boost|p1a: Kartana|atk|1
|
|upkeep
|
|t:|1661316939
|switch|p2a: Hyperspace|Blacephalon, shiny|76/100
|-damage|p2a: Hyperspace|64/100|[from] Spikes
|turn|32
|
|t:|1661316941
|move|p1a: Kartana|Knock Off|p2a: Hyperspace
|-supereffective|p2a: Hyperspace
|-damage|p2a: Hyperspace|0 fnt
|-enditem|p2a: Hyperspace|Choice Scarf|[from] move: Knock Off|[of] p1a: Kartana
|faint|p2a: Hyperspace
|
|win|2222mm
|raw|2222mm's rating: 1749 &rarr; <strong>1766</strong><br />(+17 for winning)
|raw|LT94JE F's rating: 1695 &rarr; <strong>1678</strong><br />(-17 for losing)
|l|☆LT94JE F
