|j|☆Monsieur Eans
|j|☆ninjadouche
|t:|1645799128
|gametype|singles
|player|p1|Monsieur Eans|juan|1469
|player|p2|ninjadouche|burglar|1483
|teamsize|p1|6
|teamsize|p2|6
|gen|8
|tier|[Gen 8] OU
|rated|
|rule|Sleep Clause Mod: Limit one foe put to sleep
|rule|Species Clause: Limit one of each Pokémon
|rule|OHKO Clause: OHKO moves are banned
|rule|Evasion Moves Clause: Evasion moves are banned
|rule|Endless Battle Clause: Forcing endless battles is banned
|rule|HP Percentage Mod: HP is shown in percentages
|rule|Dynamax Clause: You cannot dynamax
|clearpoke
|poke|p1|Bisharp, M|
|poke|p1|Victini|
|poke|p1|Slowbro, F|
|poke|p1|Kommo-o, F|
|poke|p1|Melmetal|
|poke|p1|Gengar, M|
|poke|p2|Marowak-Alola, F|
|poke|p2|Ninetales, F|
|poke|p2|Rotom-Wash|
|poke|p2|Gigalith, F|
|poke|p2|Conkeldurr, M|
|poke|p2|Aggron, M|
|teampreview
|inactive|Battle timer is ON: inactive players will automatically lose when time's up. (requested by ninjadouche)
|
|t:|1645799154
|start
|switch|p1a: Gengar|Gengar, M|100/100
|switch|p2a: Gigalith|Gigalith, F|100/100
|turn|1
|
|t:|1645799160
|move|p1a: Gengar|Substitute|p1a: Gengar
|-start|p1a: Gengar|Substitute
|-damage|p1a: Gengar|76/100
|move|p2a: Gigalith|Earthquake|p1a: Gengar
|-supereffective|p1a: Gengar
|-end|p1a: Gengar|Substitute
|
|-heal|p1a: Gengar|82/100|[from] item: Black Sludge
|upkeep
|turn|2
|
|t:|1645799167
|move|p1a: Gengar|Disable|p2a: Gigalith
|-start|p2a: Gigalith|Disable|Earthquake
|move|p2a: Gigalith|Stealth Rock|p1a: Gengar
|-sidestart|p1: Monsieur Eans|move: Stealth Rock
|
|-heal|p1a: Gengar|88/100|[from] item: Black Sludge
|upkeep
|turn|3
|
|t:|1645799170
|move|p1a: Gengar|Substitute|p1a: Gengar
|-start|p1a: Gengar|Substitute
|-damage|p1a: Gengar|63/100
|move|p2a: Gigalith|Stone Edge|p1a: Gengar
|-end|p1a: Gengar|Substitute
|
|-heal|p1a: Gengar|69/100|[from] item: Black Sludge
|upkeep
|turn|4
|
|t:|1645799176
|switch|p1a: Melmetal|Melmetal|100/100
|-damage|p1a: Melmetal|94/100|[from] Stealth Rock
|move|p2a: Gigalith|Stone Edge|p1a: Melmetal
|-resisted|p1a: Melmetal
|-damage|p1a: Melmetal|78/100
|
|upkeep
|turn|5
|
|t:|1645799180
|switch|p2a: Rotom|Rotom-Wash|100/100
|move|p1a: Melmetal|Double Iron Bash|p2a: Rotom
|-resisted|p2a: Rotom
|-damage|p2a: Rotom|93/100
|-damage|p1a: Melmetal|62/100|[from] item: Rocky Helmet|[of] p2a: Rotom
|-resisted|p2a: Rotom
|-damage|p2a: Rotom|85/100
|-damage|p1a: Melmetal|45/100|[from] item: Rocky Helmet|[of] p2a: Rotom
|-hitcount|p2a: Rotom|2
|
|upkeep
|turn|6
|
|t:|1645799195
|switch|p1a: Kommo-o|Kommo-o, F|100/100
|-damage|p1a: Kommo-o|94/100|[from] Stealth Rock
|move|p2a: Rotom|Volt Switch|p1a: Kommo-o
|-resisted|p1a: Kommo-o
|-damage|p1a: Kommo-o|82/100
|
|t:|1645799202
|switch|p2a: Marowak|Marowak-Alola, F|100/100|[from]move: Volt Switch
|
|-heal|p1a: Kommo-o|89/100|[from] item: Leftovers
|upkeep
|turn|7
|
|t:|1645799206
|move|p1a: Kommo-o|Stealth Rock|p2a: Marowak
|-sidestart|p2: ninjadouche|move: Stealth Rock
|move|p2a: Marowak|Poltergeist|p1a: Kommo-o
|-activate|p1a: Kommo-o|move: Poltergeist|Leftovers
|-damage|p1a: Kommo-o|34/100
|
|-heal|p1a: Kommo-o|40/100|[from] item: Leftovers
|upkeep
|turn|8
|
|t:|1645799221
|move|p1a: Kommo-o|Iron Defense|p1a: Kommo-o
|-boost|p1a: Kommo-o|def|2
|move|p2a: Marowak|Poltergeist|p1a: Kommo-o
|-activate|p1a: Kommo-o|move: Poltergeist|Leftovers
|-damage|p1a: Kommo-o|11/100
|
|-heal|p1a: Kommo-o|17/100|[from] item: Leftovers
|upkeep
|turn|9
|
|t:|1645799226
|move|p1a: Kommo-o|Earthquake|p2a: Marowak
|-supereffective|p2a: Marowak
|-damage|p2a: Marowak|51/100
|move|p2a: Marowak|Substitute|p2a: Marowak
|-start|p2a: Marowak|Substitute
|-damage|p2a: Marowak|26/100
|
|-heal|p1a: Kommo-o|23/100|[from] item: Leftovers
|upkeep
|turn|10
|
|t:|1645799237
|move|p1a: Kommo-o|Iron Defense|p1a: Kommo-o
|-boost|p1a: Kommo-o|def|2
|move|p2a: Marowak|Poltergeist|p1a: Kommo-o
|-activate|p1a: Kommo-o|move: Poltergeist|Leftovers
|-damage|p1a: Kommo-o|4/100
|
|-heal|p1a: Kommo-o|11/100|[from] item: Leftovers
|upkeep
|turn|11
|
|t:|1645799241
|move|p1a: Kommo-o|Earthquake|p2a: Marowak
|-supereffective|p2a: Marowak
|-end|p2a: Marowak|Substitute
|move|p2a: Marowak|Poltergeist|p1a: Kommo-o
|-activate|p1a: Kommo-o|move: Poltergeist|Leftovers
|-damage|p1a: Kommo-o|0 fnt
|faint|p1a: Kommo-o
|
|upkeep
|
|t:|1645799251
|switch|p1a: Bisharp|Bisharp, M, shiny|100/100
|-damage|p1a: Bisharp|95/100|[from] Stealth Rock
|turn|12
|
|t:|1645799260
|switch|p2a: Conkeldurr|Conkeldurr, M|100/100
|-damage|p2a: Conkeldurr|95/100|[from] Stealth Rock
|move|p1a: Bisharp|Knock Off|p2a: Conkeldurr
|-resisted|p2a: Conkeldurr
|-damage|p2a: Conkeldurr|61/100
|-enditem|p2a: Conkeldurr|Muscle Band|[from] move: Knock Off|[of] p1a: Bisharp
|
|upkeep
|turn|13
|
|t:|1645799272
|switch|p1a: Slowbro|Slowbro, F|100/100
|-damage|p1a: Slowbro|88/100|[from] Stealth Rock
|switch|p2a: Rotom|Rotom-Wash|85/100
|-damage|p2a: Rotom|72/100|[from] Stealth Rock
|
|upkeep
|turn|14
|
|t:|1645799278
|move|p2a: Rotom|Defog|p1a: Slowbro
|-unboost|p1a: Slowbro|evasion|1
|-sideend|p1: Monsieur Eans|Stealth Rock|[from] move: Defog|[of] p2a: Rotom
|-sideend|p2: ninjadouche|Stealth Rock|[from] move: Defog|[of] p2a: Rotom
|move|p1a: Slowbro|Teleport|p1a: Slowbro
|
|t:|1645799286
|switch|p1a: Gengar|Gengar, M|69/100|[from]move: Teleport
|
|-heal|p1a: Gengar|75/100|[from] item: Black Sludge
|upkeep
|turn|15
|
|t:|1645799290
|move|p1a: Gengar|Shadow Ball|p2a: Rotom
|-damage|p2a: Rotom|29/100
|move|p2a: Rotom|Volt Switch|p1a: Gengar
|-damage|p1a: Gengar|29/100
|
|t:|1645799298
|switch|p2a: Ninetales|Ninetales, F, shiny|100/100|[from]move: Volt Switch
|-weather|SunnyDay|[from] ability: Drought|[of] p2a: Ninetales
|
|-weather|SunnyDay|[upkeep]
|-heal|p1a: Gengar|35/100|[from] item: Black Sludge
|upkeep
|turn|16
|
|t:|1645799308
|switch|p1a: Slowbro|Slowbro, F|100/100
|move|p2a: Ninetales|Weather Ball|p1a: Slowbro
|-resisted|p1a: Slowbro
|-damage|p1a: Slowbro|55/100
|
|-weather|SunnyDay|[upkeep]
|upkeep
|turn|17
|
|t:|1645799314
|move|p2a: Ninetales|Weather Ball|p1a: Slowbro
|-resisted|p1a: Slowbro
|-damage|p1a: Slowbro|10/100
|move|p1a: Slowbro|Teleport|p1a: Slowbro
|
|t:|1645799319
|switch|p1a: Gengar|Gengar, M|35/100|[from]move: Teleport
|
|-weather|SunnyDay|[upkeep]
|-heal|p1a: Gengar|41/100|[from] item: Black Sludge
|upkeep
|turn|18
|
|t:|1645799330
|switch|p2a: Conkeldurr|Conkeldurr, M|61/100
|move|p1a: Gengar|Substitute|p1a: Gengar
|-start|p1a: Gengar|Substitute
|-damage|p1a: Gengar|17/100
|
|-weather|SunnyDay|[upkeep]
|-heal|p1a: Gengar|23/100|[from] item: Black Sludge
|upkeep
|turn|19
|
|t:|1645799334
|move|p1a: Gengar|Nasty Plot|p1a: Gengar
|-boost|p1a: Gengar|spa|2
|move|p2a: Conkeldurr|Earthquake|p1a: Gengar
|-supereffective|p1a: Gengar
|-end|p1a: Gengar|Substitute
|
|-weather|none
|-heal|p1a: Gengar|29/100|[from] item: Black Sludge
|upkeep
|turn|20
|
|t:|1645799339
|switch|p2a: Gigalith|Gigalith, F|100/100
|move|p1a: Gengar|Shadow Ball|p2a: Gigalith
|-ability|p2a: Gigalith|Sturdy
|-damage|p2a: Gigalith|1/100
|
|-heal|p1a: Gengar|35/100|[from] item: Black Sludge
|upkeep
|turn|21
|-enditem|p2a: Gigalith|Custap Berry|[eat]
|-activate|p2a: Gigalith|item: Custap Berry|[consumed]
|
|t:|1645799347
|move|p2a: Gigalith|Earthquake|p1a: Gengar
|-supereffective|p1a: Gengar
|-damage|p1a: Gengar|0 fnt
|faint|p1a: Gengar
|
|upkeep
|
|t:|1645799353
|switch|p1a: Slowbro|Slowbro, F|43/100
|turn|22
|
|t:|1645799355
|move|p1a: Slowbro|Slack Off|p1a: Slowbro
|-heal|p1a: Slowbro|93/100
|move|p2a: Gigalith|Explosion|p1a: Slowbro
|-damage|p1a: Slowbro|34/100
|faint|p2a: Gigalith
|
|upkeep
|
|t:|1645799360
|switch|p2a: Marowak|Marowak-Alola, F|26/100
|turn|23
|
|t:|1645799369
|move|p2a: Marowak|Substitute|p2a: Marowak
|-start|p2a: Marowak|Substitute
|-damage|p2a: Marowak|1/100
|move|p1a: Slowbro|Scald|p2a: Marowak
|-supereffective|p2a: Marowak
|-end|p2a: Marowak|Substitute
|
|upkeep
|turn|24
|
|t:|1645799376
|switch|p1a: Melmetal|Melmetal|45/100
|move|p2a: Marowak|Poltergeist|p1a: Melmetal
|-activate|p1a: Melmetal|move: Poltergeist|Assault Vest
|-damage|p1a: Melmetal|0 fnt
|faint|p1a: Melmetal
|
|upkeep
|
|t:|1645799383
|switch|p1a: Victini|Victini|100/100
|turn|25
|
|t:|1645799400
|switch|p2a: Aggron|Aggron, M|100/100
|move|p1a: Victini|U-turn|p2a: Aggron
|-resisted|p2a: Aggron
|-damage|p2a: Aggron|94/100
|
|t:|1645799404
|switch|p1a: Slowbro|Slowbro, F|67/100|[from]move: U-turn
|
|upkeep
|turn|26
|
|t:|1645799410
|switch|p2a: Ninetales|Ninetales, F, shiny|100/100
|-weather|SunnyDay|[from] ability: Drought|[of] p2a: Ninetales
|move|p1a: Slowbro|Scald|p2a: Ninetales
|-supereffective|p2a: Ninetales
|-damage|p2a: Ninetales|68/100
|
|-weather|SunnyDay|[upkeep]
|upkeep
|turn|27
|
|t:|1645799438
|switch|p1a: Victini|Victini|100/100
|move|p2a: Ninetales|Overheat|p1a: Victini
|-resisted|p1a: Victini
|-crit|p1a: Victini
|-damage|p1a: Victini|11/100
|-unboost|p2a: Ninetales|spa|2
|
|-weather|SunnyDay|[upkeep]
|upkeep
|turn|28
|
|t:|1645799444
|move|p1a: Victini|V-create|p2a: Ninetales
|-resisted|p2a: Ninetales
|-damage|p2a: Ninetales|0 fnt
|-unboost|p1a: Victini|spe|1
|-unboost|p1a: Victini|def|1
|-unboost|p1a: Victini|spd|1
|faint|p2a: Ninetales
|
|-weather|SunnyDay|[upkeep]
|upkeep
|
|t:|1645799454
|switch|p2a: Rotom|Rotom-Wash|29/100
|turn|29
|
|t:|1645799462
|move|p1a: Victini|V-create|p2a: Rotom
|-resisted|p2a: Rotom
|-damage|p2a: Rotom|0 fnt
|-unboost|p1a: Victini|spe|1
|-unboost|p1a: Victini|def|1
|-unboost|p1a: Victini|spd|1
|-damage|p1a: Victini|0 fnt|[from] item: Rocky Helmet|[of] p2a: Rotom
|faint|p2a: Rotom
|faint|p1a: Victini
|
|-weather|SunnyDay|[upkeep]
|upkeep
|
|t:|1645799470
|switch|p1a: Bisharp|Bisharp, M, shiny|95/100
|switch|p2a: Marowak|Marowak-Alola, F|1/100
|turn|30
|
|t:|1645799483
|switch|p2a: Aggron|Aggron, M|94/100
|move|p1a: Bisharp|Iron Head|p2a: Aggron
|-damage|p2a: Aggron|64/100
|
|-weather|none
|upkeep
|turn|31
|
|t:|1645799490
|switch|p1a: Slowbro|Slowbro, F|99/100
|move|p2a: Aggron|Head Smash|p1a: Slowbro
|-damage|p1a: Slowbro|53/100
|-damage|p2a: Aggron|47/100|[from] item: Rocky Helmet|[of] p1a: Slowbro
|-damage|p2a: Aggron|14/100|[from] Recoil
|
|upkeep
|turn|32
|-enditem|p2a: Aggron|Custap Berry|[eat]
|-activate|p2a: Aggron|item: Custap Berry|[consumed]
|
|t:|1645799514
|move|p2a: Aggron|Endeavor|p1a: Slowbro
|-damage|p1a: Slowbro|10/100
|-damage|p2a: Aggron|0 fnt|[from] item: Rocky Helmet|[of] p1a: Slowbro
|faint|p2a: Aggron
|move|p1a: Slowbro|Teleport|p1a: Slowbro
|
|t:|1645799521
|switch|p1a: Bisharp|Bisharp, M, shiny|95/100|[from]move: Teleport
|
|upkeep
|
|t:|1645799524
|switch|p2a: Conkeldurr|Conkeldurr, M|61/100
|turn|33
|
|t:|1645799528
|switch|p1a: Slowbro|Slowbro, F|44/100
|move|p2a: Conkeldurr|Earthquake|p1a: Slowbro
|-damage|p1a: Slowbro|20/100
|
|upkeep
|turn|34
|inactive|Monsieur Eans has 120 seconds left.
|c|☆ninjadouche|close match am i right?
|c|☆Monsieur Eans|true
|inactive|Monsieur Eans has 90 seconds left.
|
|t:|1645799590
|move|p2a: Conkeldurr|Earthquake|p1a: Slowbro
|-damage|p1a: Slowbro|0 fnt
|faint|p1a: Slowbro
|
|upkeep
|l|☆ninjadouche
|inactive|ninjadouche disconnected and has a minute to reconnect!
|player|p2|
|
|t:|1645799592
|switch|p1a: Bisharp|Bisharp, M, shiny|95/100
|turn|35
|j|☆ninjadouche
|inactive|ninjadouche reconnected and has 125 seconds left.
|player|p2|ninjadouche|burglar
|
|t:|1645799621
|move|p2a: Conkeldurr|Mach Punch|p1a: Bisharp
|-supereffective|p1a: Bisharp
|-damage|p1a: Bisharp|0 fnt
|faint|p1a: Bisharp
|
|win|ninjadouche
|raw|Monsieur Eans's rating: 1469 &rarr; <strong>1450</strong><br />(-19 for losing)
|raw|ninjadouche's rating: 1483 &rarr; <strong>1502</strong><br />(+19 for winning)
|c|☆Monsieur Eans|gg
|c|☆ninjadouche|gg wp
|l|☆Monsieur Eans
