|j|☆30orless
|j|☆Stads
|t:|1665515395
|gametype|singles
|player|p1|30orless|2|1653
|player|p2|Stads|1|1769
|teamsize|p1|6
|teamsize|p2|6
|gen|8
|tier|[Gen 8] OU
|rated|
|rule|Sleep Clause Mod: Limit one foe put to sleep
|rule|Species Clause: Limit one of each Pokémon
|rule|OHKO Clause: OHKO moves are banned
|rule|Evasion Items Clause: Evasion items are banned
|rule|Evasion Moves Clause: Evasion moves are banned
|rule|Endless Battle Clause: Forcing endless battles is banned
|rule|HP Percentage Mod: HP is shown in percentages
|rule|Dynamax Clause: You cannot dynamax
|clearpoke
|poke|p1|Moltres|
|poke|p1|Hydreigon, F|
|poke|p1|Blaziken, F|
|poke|p1|Volcanion|
|poke|p1|Zapdos|
|poke|p1|Mamoswine, M|
|poke|p2|Mew|
|poke|p2|Weavile, F|
|poke|p2|Celesteela|
|poke|p2|Garchomp, M|
|poke|p2|Blacephalon|
|poke|p2|Crawdaunt, F|
|teampreview
|inactive|Battle timer is ON: inactive players will automatically lose when time's up. (requested by 30orless)
|
|t:|1665515403
|start
|switch|p1a: Hydreigon|Hydreigon, F|100/100
|switch|p2a: Mew|Mew, shiny|100/100
|turn|1
|
|t:|1665515405
|move|p1a: Hydreigon|Dark Pulse|p2a: Mew
|-supereffective|p2a: Mew
|-enditem|p2a: Mew|Colbur Berry|[eat]
|-enditem|p2a: Mew|Colbur Berry|[weaken]
|-damage|p2a: Mew|68/100
|move|p2a: Mew|Stealth Rock|p1a: Hydreigon
|-sidestart|p1: 30orless|move: Stealth Rock
|
|upkeep
|turn|2
|
|t:|1665515410
|move|p1a: Hydreigon|Dark Pulse|p2a: Mew
|-supereffective|p2a: Mew
|-damage|p2a: Mew|0 fnt
|faint|p2a: Mew
|
|upkeep
|
|t:|1665515412
|switch|p2a: Weavile|Weavile, F, shiny|100/100
|-ability|p2a: Weavile|Pressure
|turn|3
|
|t:|1665515426
|switch|p1a: Blaziken|Blaziken, F|100/100
|-damage|p1a: Blaziken|88/100|[from] Stealth Rock
|move|p2a: Weavile|Swords Dance|p2a: Weavile
|-boost|p2a: Weavile|atk|2
|
|upkeep
|turn|4
|
|t:|1665515432
|move|p1a: Blaziken|Vacuum Wave|p2a: Weavile
|-supereffective|p2a: Weavile
|-damage|p2a: Weavile|0 fnt
|faint|p2a: Weavile
|-damage|p1a: Blaziken|78/100|[from] item: Life Orb
|
|-ability|p1a: Blaziken|Speed Boost|boost
|-boost|p1a: Blaziken|spe|1
|upkeep
|
|t:|1665515436
|switch|p2a: Crawdaunt|Crawdaunt, F, shiny|100/100
|turn|5
|
|t:|1665515439
|move|p1a: Blaziken|Vacuum Wave|p2a: Crawdaunt
|-supereffective|p2a: Crawdaunt
|-damage|p2a: Crawdaunt|3/100
|-damage|p1a: Blaziken|68/100|[from] item: Life Orb
|move|p2a: Crawdaunt|Aqua Jet|p1a: Blaziken
|-supereffective|p1a: Blaziken
|-damage|p1a: Blaziken|0 fnt
|faint|p1a: Blaziken
|-damage|p2a: Crawdaunt|0 fnt|[from] item: Life Orb
|faint|p2a: Crawdaunt
|
|upkeep
|
|t:|1665515446
|switch|p1a: Moltres|Moltres|100/100
|switch|p2a: Blacephalon|Blacephalon, shiny|100/100
|turn|6
|
|t:|1665515449
|move|p2a: Blacephalon|Shadow Ball|p1a: Moltres
|-damage|p1a: Moltres|52/100
|move|p1a: Moltres|Brave Bird|p2a: Blacephalon
|-damage|p2a: Blacephalon|0 fnt
|faint|p2a: Blacephalon
|-damage|p1a: Moltres|31/100|[from] Recoil
|
|upkeep
|
|t:|1665515453
|switch|p2a: Garchomp|Garchomp, M, shiny|100/100
|turn|7
|
|t:|1665515456
|move|p2a: Garchomp|Scale Shot|p1a: Moltres
|-damage|p1a: Moltres|18/100
|-damage|p1a: Moltres|6/100
|-damage|p1a: Moltres|0 fnt
|faint|p1a: Moltres
|-hitcount|p1: Moltres|3
|-unboost|p2a: Garchomp|def|1
|-boost|p2a: Garchomp|spe|1
|
|upkeep
|
|t:|1665515461
|switch|p1a: Mamoswine|Mamoswine, M|100/100
|-damage|p1a: Mamoswine|88/100|[from] Stealth Rock
|turn|8
|
|t:|1665515464
|move|p2a: Garchomp|Scale Shot|p1a: Mamoswine
|-damage|p1a: Mamoswine|74/100
|-damage|p1a: Mamoswine|59/100
|-damage|p1a: Mamoswine|44/100
|-damage|p1a: Mamoswine|29/100
|-damage|p1a: Mamoswine|15/100
|-hitcount|p1a: Mamoswine|5
|-unboost|p2a: Garchomp|def|1
|-boost|p2a: Garchomp|spe|1
|move|p1a: Mamoswine|Icicle Crash|p2a: Garchomp
|-supereffective|p2a: Garchomp
|-damage|p2a: Garchomp|0 fnt
|faint|p2a: Garchomp
|
|upkeep
|
|t:|1665515467
|switch|p2a: Celesteela|Celesteela, shiny|100/100
|turn|9
|
|t:|1665515469
|move|p1a: Mamoswine|Icicle Crash|p2a: Celesteela
|-damage|p2a: Celesteela|49/100
|move|p2a: Celesteela|Autotomize|p2a: Celesteela
|-boost|p2a: Celesteela|spe|2
|-start|p2a: Celesteela|Autotomize
|
|upkeep
|turn|10
|
|t:|1665515473
|move|p1a: Mamoswine|Ice Shard|p2a: Celesteela
|-damage|p2a: Celesteela|28/100
|move|p2a: Celesteela|Flamethrower|p1a: Mamoswine
|-supereffective|p1a: Mamoswine
|-damage|p1a: Mamoswine|0 fnt
|faint|p1a: Mamoswine
|-ability|p2a: Celesteela|Beast Boost|boost
|-boost|p2a: Celesteela|spa|1
|
|upkeep
|
|t:|1665515479
|switch|p1a: Hydreigon|Hydreigon, F|100/100
|-damage|p1a: Hydreigon|88/100|[from] Stealth Rock
|turn|11
|
|t:|1665515481
|move|p1a: Hydreigon|Dark Pulse|p2a: Celesteela
|-damage|p2a: Celesteela|0 fnt
|faint|p2a: Celesteela
|
|win|30orless
|raw|30orless's rating: 1653 &rarr; <strong>1679</strong><br />(+26 for winning)
|raw|Stads's rating: 1769 &rarr; <strong>1743</strong><br />(-26 for losing)
|l|☆Stads
