|j|☆jptoroglass
|j|☆Elite4Donovan
|t:|1653955825
|gametype|singles
|player|p1|jptoroglass|marley|1717
|player|p2|Elite4Donovan|lucas|1732
|teamsize|p1|6
|teamsize|p2|6
|gen|8
|tier|[Gen 8] OU
|rated|
|rule|Sleep Clause Mod: Limit one foe put to sleep
|rule|Species Clause: Limit one of each Pokémon
|rule|OHKO Clause: OHKO moves are banned
|rule|Evasion Moves Clause: Evasion moves are banned
|rule|Endless Battle Clause: Forcing endless battles is banned
|rule|HP Percentage Mod: HP is shown in percentages
|rule|Dynamax Clause: You cannot dynamax
|clearpoke
|poke|p1|Mew|
|poke|p1|Cloyster, M|
|poke|p1|Gengar, F|
|poke|p1|Bisharp, F|
|poke|p1|Rillaboom, M|
|poke|p1|Hawlucha, F|
|poke|p2|Octillery, M|
|poke|p2|Pelipper, F|
|poke|p2|Barraskewda, M|
|poke|p2|Landorus-Therian, M|
|poke|p2|Ferrothorn, M|
|poke|p2|Zapdos|
|teampreview
|inactive|Battle timer is ON: inactive players will automatically lose when time's up. (requested by jptoroglass)
|
|t:|1653955856
|start
|switch|p1a: Mew|Mew, shiny|100/100
|switch|p2a: Barraskewda|Barraskewda, M|100/100
|turn|1
|
|t:|1653955864
|move|p2a: Barraskewda|Flip Turn|p1a: Mew
|-damage|p1a: Mew|62/100
|-enditem|p1a: Mew|Red Card|[of] p2a: Barraskewda
|drag|p2a: Octillery|Octillery, M|100/100
|move|p1a: Mew|Stealth Rock|p2a: Octillery
|-sidestart|p2: Elite4Donovan|move: Stealth Rock
|
|upkeep
|turn|2
|j| ThisIsntHilarious
|j| yeying
|
|t:|1653955887
|move|p1a: Mew|Spikes|p2a: Octillery
|-sidestart|p2: Elite4Donovan|Spikes
|move|p2a: Octillery|Liquidation|p1a: Mew
|-damage|p1a: Mew|21/100
|-damage|p2a: Octillery|91/100|[from] item: Life Orb
|
|upkeep
|turn|3
|inactive|jptoroglass has 120 seconds left.
|
|t:|1653955920
|move|p1a: Mew|Spikes|p2a: Octillery
|-sidestart|p2: Elite4Donovan|Spikes
|move|p2a: Octillery|Liquidation|p1a: Mew
|-damage|p1a: Mew|0 fnt
|faint|p1a: Mew
|-damage|p2a: Octillery|81/100|[from] item: Life Orb
|
|upkeep
|j| tapu moxo
|inactive|jptoroglass has 90 seconds left.
|
|t:|1653955946
|switch|p1a: DK did it first|Rillaboom, M|100/100
|-fieldstart|move: Grassy Terrain|[from] ability: Grassy Surge|[of] p1a: DK did it first
|turn|4
|inactive|Elite4Donovan has 120 seconds left.
|j| 50 at max
|
|t:|1653955998
|switch|p1a: Okage|Gengar, F|100/100
|switch|p2a: Zapdos|Zapdos|100/100
|
|upkeep
|turn|5
|
|t:|1653956003
|move|p1a: Okage|Taunt|p2a: Zapdos
|-start|p2a: Zapdos|move: Taunt
|cant|p2a: Zapdos|move: Taunt|Defog
|
|upkeep
|turn|6
|inactive|jptoroglass has 90 seconds left.
|
|t:|1653956041
|switch|p2a: Landorus|Landorus-Therian, M|100/100
|-damage|p2a: Landorus|88/100|[from] Stealth Rock
|-ability|p2a: Landorus|Intimidate|boost
|-unboost|p1a: Okage|atk|1
|move|p1a: Okage|Nasty Plot|p1a: Okage
|-boost|p1a: Okage|spa|2
|
|-heal|p2a: Landorus|94/100|[from] item: Leftovers
|upkeep
|turn|7
|inactive|Elite4Donovan has 120 seconds left.
|
|t:|1653956049
|move|p1a: Okage|Shadow Ball|p2a: Landorus
|-damage|p2a: Landorus|24/100
|move|p2a: Landorus|Knock Off|p1a: Okage
|-supereffective|p1a: Okage
|-enditem|p1a: Okage|Focus Sash
|-damage|p1a: Okage|1/100
|
|-heal|p1a: Okage|7/100|[from] Grassy Terrain
|-heal|p2a: Landorus|30/100|[from] item: Leftovers
|upkeep
|turn|8
|
|t:|1653956055
|move|p1a: Okage|Shadow Ball|p2a: Landorus
|-damage|p2a: Landorus|0 fnt
|faint|p2a: Landorus
|
|-heal|p1a: Okage|13/100|[from] Grassy Terrain
|-fieldend|move: Grassy Terrain
|upkeep
|
|t:|1653956059
|switch|p2a: Barraskewda|Barraskewda, M|100/100
|-damage|p2a: Barraskewda|88/100|[from] Stealth Rock
|-damage|p2a: Barraskewda|72/100|[from] Spikes
|turn|9
|j| Creatryx
|
|t:|1653956065
|switch|p1a: DK did it first|Rillaboom, M|100/100
|-fieldstart|move: Grassy Terrain|[from] ability: Grassy Surge|[of] p1a: DK did it first
|move|p2a: Barraskewda|Flip Turn|p1a: DK did it first
|-resisted|p1a: DK did it first
|-damage|p1a: DK did it first|74/100
|inactive|Elite4Donovan has 120 seconds left.
|
|t:|1653956091
|switch|p2a: Zapdos|Zapdos|100/100|[from]move: Flip Turn
|
|-heal|p1a: DK did it first|81/100|[from] Grassy Terrain
|upkeep
|turn|10
|
|t:|1653956104
|switch|p1a: Zero|Bisharp, F|100/100
|move|p2a: Zapdos|Defog|p1a: Zero
|-unboost|p1a: Zero|evasion|1
|-ability|p1a: Zero|Defiant
|-boost|p1a: Zero|atk|2
|-sideend|p2: Elite4Donovan|Spikes|[from] move: Defog|[of] p2a: Zapdos
|-sideend|p2: Elite4Donovan|Stealth Rock|[from] move: Defog|[of] p2a: Zapdos
|-fieldend|move: Grassy Terrain
|
|upkeep
|turn|11
|
|t:|1653956113
|move|p2a: Zapdos|Thunder|p1a: Zero
|-damage|p1a: Zero|5/100
|-status|p1a: Zero|par
|move|p1a: Zero|Knock Off|p2a: Zapdos
|-damage|p2a: Zapdos|0 fnt
|-enditem|p2a: Zapdos|Heavy-Duty Boots|[from] move: Knock Off|[of] p1a: Zero
|faint|p2a: Zapdos
|
|upkeep
|
|t:|1653956124
|switch|p2a: Ferrothorn|Ferrothorn, M|100/100
|turn|12
|
|t:|1653956135
|move|p1a: Zero|Knock Off|p2a: Ferrothorn
|-damage|p2a: Ferrothorn|22/100
|-damage|p1a: Zero|0 fnt|[from] ability: Iron Barbs|[of] p2a: Ferrothorn
|faint|p1a: Zero
|move|p2a: Ferrothorn|Spikes|p1: Zero
|-sidestart|p1: jptoroglass|Spikes
|
|-heal|p2a: Ferrothorn|28/100|[from] item: Leftovers
|upkeep
|
|t:|1653956143
|switch|p1a: DK did it first|Rillaboom, M|81/100
|-damage|p1a: DK did it first|68/100|[from] Spikes
|-fieldstart|move: Grassy Terrain|[from] ability: Grassy Surge|[of] p1a: DK did it first
|turn|13
|
|t:|1653956167
|switch|p2a: Octillery|Octillery, M|81/100
|move|p1a: DK did it first|Swords Dance|p1a: DK did it first
|-boost|p1a: DK did it first|atk|2
|
|-heal|p1a: DK did it first|74/100|[from] Grassy Terrain
|-heal|p2a: Octillery|87/100|[from] Grassy Terrain
|upkeep
|turn|14
|inactive|jptoroglass has 120 seconds left.
|
|t:|1653956194
|move|p1a: DK did it first|Grassy Glide|p2a: Octillery
|-supereffective|p2a: Octillery
|-damage|p2a: Octillery|0 fnt
|faint|p2a: Octillery
|-damage|p1a: DK did it first|64/100|[from] item: Life Orb
|
|-heal|p1a: DK did it first|71/100|[from] Grassy Terrain
|upkeep
|
|t:|1653956202
|switch|p2a: Pelipper|Pelipper, F|100/100
|-weather|RainDance|[from] ability: Drizzle|[of] p2a: Pelipper
|turn|15
|
|t:|1653956205
|switch|p2a: Ferrothorn|Ferrothorn, M|28/100
|move|p1a: DK did it first|Grassy Glide|p2a: Ferrothorn
|-resisted|p2a: Ferrothorn
|-crit|p2a: Ferrothorn
|-damage|p2a: Ferrothorn|0 fnt
|-damage|p1a: DK did it first|58/100|[from] ability: Iron Barbs|[of] p2a: Ferrothorn
|faint|p2a: Ferrothorn
|-damage|p1a: DK did it first|48/100|[from] item: Life Orb
|
|-weather|RainDance|[upkeep]
|-heal|p1a: DK did it first|54/100|[from] Grassy Terrain
|upkeep
|c|☆Elite4Donovan|gg
|-message|Elite4Donovan forfeited.
|
|win|jptoroglass
|raw|jptoroglass's rating: 1717 &rarr; <strong>1737</strong><br />(+20 for winning)
|raw|Elite4Donovan's rating: 1712 &rarr; <strong>1692</strong><br />(-20 for losing)
|l|☆Elite4Donovan
|c|☆jptoroglass|gg
|l| ThisIsntHilarious
