|j|☆cute pink team
|j|☆bizarman
|t:|1654968068
|gametype|singles
|player|p1|cute pink team|youngster|1683
|player|p2|bizarman|scientist-gen4|1633
|teamsize|p1|6
|teamsize|p2|6
|gen|8
|tier|[Gen 8] OU
|rated|
|rule|Sleep Clause Mod: Limit one foe put to sleep
|rule|Species Clause: Limit one of each Pokémon
|rule|OHKO Clause: OHKO moves are banned
|rule|Evasion Moves Clause: Evasion moves are banned
|rule|Endless Battle Clause: Forcing endless battles is banned
|rule|HP Percentage Mod: HP is shown in percentages
|rule|Dynamax Clause: You cannot dynamax
|clearpoke
|poke|p1|Mamoswine, M|
|poke|p1|Ditto|
|poke|p1|Corviknight, M|
|poke|p1|Volcanion|
|poke|p1|Tapu Lele|
|poke|p1|Zapdos|
|poke|p2|Zeraora|
|poke|p2|Garchomp, F|
|poke|p2|Tapu Koko|
|poke|p2|Landorus-Therian, M|
|poke|p2|Celesteela|
|poke|p2|Cloyster, M|
|teampreview
|
|t:|1654968077
|start
|switch|p1a: Tapu Lele|Tapu Lele|100/100
|switch|p2a: Landorus|Landorus-Therian, M|100/100
|-ability|p2a: Landorus|Intimidate|boost
|-unboost|p1a: Tapu Lele|atk|1
|-fieldstart|move: Psychic Terrain|[from] ability: Psychic Surge|[of] p1a: Tapu Lele
|turn|1
|
|t:|1654968085
|move|p2a: Landorus|Stealth Rock|p1a: Tapu Lele
|-sidestart|p1: cute pink team|move: Stealth Rock
|move|p1a: Tapu Lele|Psychic|p2a: Landorus
|-enditem|p2a: Landorus|Focus Sash
|-damage|p2a: Landorus|1/100
|
|upkeep
|turn|2
|
|t:|1654968092
|switch|p1a: Corviknight|Corviknight, M|100/100
|-damage|p1a: Corviknight|88/100|[from] Stealth Rock
|-ability|p1a: Corviknight|Pressure
|move|p2a: Landorus|Explosion|p1a: Corviknight
|-resisted|p1a: Corviknight
|-damage|p1a: Corviknight|53/100
|faint|p2a: Landorus
|
|-heal|p1a: Corviknight|59/100|[from] item: Leftovers
|upkeep
|j| pika2333
|
|t:|1654968109
|switch|p2a: Tapu Koko|Tapu Koko|100/100
|-fieldstart|move: Electric Terrain|[from] ability: Electric Surge|[of] p2a: Tapu Koko
|turn|3
|
|t:|1654968118
|move|p2a: Tapu Koko|Taunt|p1a: Corviknight
|-start|p1a: Corviknight|move: Taunt
|cant|p1a: Corviknight|move: Taunt|Defog
|
|-heal|p1a: Corviknight|65/100|[from] item: Leftovers
|upkeep
|turn|4
|
|t:|1654968127
|move|p2a: Tapu Koko|Reflect|p2a: Tapu Koko
|-sidestart|p2: bizarman|Reflect
|move|p1a: Corviknight|U-turn|p2a: Tapu Koko
|-resisted|p2a: Tapu Koko
|-damage|p2a: Tapu Koko|97/100
|
|t:|1654968130
|switch|p1a: Ditto|Ditto|100/100|[from]move: U-turn
|-damage|p1a: Ditto|88/100|[from] Stealth Rock
|-transform|p1a: Ditto|p2a: Tapu Koko|[from] ability: Imposter
|
|upkeep
|turn|5
|
|t:|1654968137
|move|p1a: Ditto|Reflect|p1a: Ditto
|-sidestart|p1: cute pink team|Reflect
|move|p2a: Tapu Koko|U-turn|p1a: Ditto
|-resisted|p1a: Ditto
|-damage|p1a: Ditto|82/100
|
|t:|1654968155
|switch|p2a: Garchomp|Garchomp, F|100/100|[from]move: U-turn
|
|upkeep
|turn|6
|
|t:|1654968168
|switch|p1a: Mamoswine|Mamoswine, M|100/100
|-damage|p1a: Mamoswine|88/100|[from] Stealth Rock
|move|p2a: Garchomp|Swords Dance|p2a: Garchomp
|-boost|p2a: Garchomp|atk|2
|
|upkeep
|turn|7
|
|t:|1654968175
|move|p2a: Garchomp|Earthquake|p1a: Mamoswine
|-damage|p1a: Mamoswine|30/100
|move|p1a: Mamoswine|Icicle Crash|p2a: Garchomp
|-supereffective|p2a: Garchomp
|-damage|p2a: Garchomp|6/100
|
|-fieldend|move: Electric Terrain
|upkeep
|turn|8
|
|t:|1654968183
|move|p1a: Mamoswine|Ice Shard|p2a: Garchomp
|-supereffective|p2a: Garchomp
|-damage|p2a: Garchomp|0 fnt
|faint|p2a: Garchomp
|
|upkeep
|
|t:|1654968187
|switch|p2a: Cloyster|Cloyster, M|100/100
|turn|9
|inactive|Battle timer is ON: inactive players will automatically lose when time's up. (requested by bizarman)
|
|t:|1654968208
|switch|p1a: Volcanion|Volcanion|100/100
|-damage|p1a: Volcanion|76/100|[from] Stealth Rock
|move|p2a: Cloyster|Icicle Spear|p1a: Volcanion
|-resisted|p1a: Volcanion
|-damage|p1a: Volcanion|74/100
|-resisted|p1a: Volcanion
|-damage|p1a: Volcanion|73/100
|-resisted|p1a: Volcanion
|-crit|p1a: Volcanion
|-damage|p1a: Volcanion|69/100
|-resisted|p1a: Volcanion
|-damage|p1a: Volcanion|68/100
|-resisted|p1a: Volcanion
|-damage|p1a: Volcanion|66/100
|-hitcount|p1a: Volcanion|5
|
|-sideend|p1: cute pink team|Reflect
|upkeep
|turn|10
|inactive|bizarman has 120 seconds left.
|
|t:|1654968239
|move|p1a: Volcanion|Overheat|p2a: Cloyster
|-damage|p2a: Cloyster|0 fnt
|-unboost|p1a: Volcanion|spa|2
|faint|p2a: Cloyster
|
|upkeep
|inactive|bizarman has 120 seconds left.
|
|t:|1654968252
|switch|p2a: Zeraora|Zeraora|100/100
|turn|11
|
|t:|1654968259
|move|p2a: Zeraora|Bulk Up|p2a: Zeraora
|-boost|p2a: Zeraora|atk|1
|-boost|p2a: Zeraora|def|1
|move|p1a: Volcanion|Overheat|p2a: Zeraora
|-damage|p2a: Zeraora|29/100
|-unboost|p1a: Volcanion|spa|2
|
|-heal|p2a: Zeraora|35/100|[from] item: Leftovers
|-sideend|p2: bizarman|Reflect
|upkeep
|turn|12
|
|t:|1654968280
|switch|p1a: Mamoswine|Mamoswine, M|30/100
|-damage|p1a: Mamoswine|18/100|[from] Stealth Rock
|move|p2a: Zeraora|Plasma Fists|p1a: Mamoswine
|-immune|p1a: Mamoswine
|
|-heal|p2a: Zeraora|41/100|[from] item: Leftovers
|upkeep
|turn|13
|j| Vulpixfan7
|
|t:|1654968289
|move|p1a: Mamoswine|Ice Shard|p2a: Zeraora
|-damage|p2a: Zeraora|20/100
|move|p2a: Zeraora|Knock Off|p1a: Mamoswine
|-damage|p1a: Mamoswine|0 fnt
|-enditem|p1a: Mamoswine|Assault Vest|[from] move: Knock Off|[of] p2a: Zeraora
|faint|p1a: Mamoswine
|
|-heal|p2a: Zeraora|26/100|[from] item: Leftovers
|upkeep
|
|t:|1654968292
|switch|p1a: Ditto|Ditto|82/100
|-damage|p1a: Ditto|70/100|[from] Stealth Rock
|-transform|p1a: Ditto|p2a: Zeraora|[from] ability: Imposter
|turn|14
|
|t:|1654968301
|move|p1a: Ditto|Close Combat|p2a: Zeraora
|-damage|p2a: Zeraora|0 fnt
|-unboost|p1a: Ditto|def|1
|-unboost|p1a: Ditto|spd|1
|faint|p2a: Zeraora
|
|upkeep
|
|t:|1654968308
|switch|p2a: Celesteela|Celesteela|100/100
|turn|15
|
|t:|1654968324
|move|p1a: Ditto|Close Combat|p2a: Celesteela
|-damage|p2a: Celesteela|40/100
|-unboost|p1a: Ditto|def|1
|-unboost|p1a: Ditto|spd|1
|move|p2a: Celesteela|Autotomize|p2a: Celesteela
|-boost|p2a: Celesteela|spe|2
|-start|p2a: Celesteela|Autotomize
|
|upkeep
|turn|16
|
|t:|1654968334
|move|p1a: Ditto|Close Combat|p2a: Celesteela
|-damage|p2a: Celesteela|0 fnt
|-unboost|p1a: Ditto|def|1
|-unboost|p1a: Ditto|spd|1
|faint|p2a: Celesteela
|
|upkeep
|c|☆bizarman|gg
|c|☆cute pink team|gg
|-message|bizarman forfeited.
|
|win|cute pink team
|raw|cute pink team's rating: 1704 &rarr; <strong>1720</strong><br />(+16 for winning)
|raw|bizarman's rating: 1633 &rarr; <strong>1617</strong><br />(-16 for losing)
|l|☆bizarman
