|raw|<div class="broadcast-blue"><strong>This battle is required to be public due to a player having a name starting with 'lt91bb'.</div>
|j|☆LudwigFrog
|j|☆LT91BB rrm
|t:|1659402061
|gametype|singles
|player|p1|LudwigFrog|hilbert-wonderlauncher|1769
|player|p2|LT91BB rrm|lady|1778
|teamsize|p1|6
|teamsize|p2|6
|gen|8
|tier|[Gen 8] OU
|rated|
|rule|Sleep Clause Mod: Limit one foe put to sleep
|rule|Species Clause: Limit one of each Pokémon
|rule|OHKO Clause: OHKO moves are banned
|rule|Evasion Moves Clause: Evasion moves are banned
|rule|Endless Battle Clause: Forcing endless battles is banned
|rule|HP Percentage Mod: HP is shown in percentages
|rule|Dynamax Clause: You cannot dynamax
|clearpoke
|poke|p1|Blaziken, F|
|poke|p1|Rillaboom, M|
|poke|p1|Dragapult, M|
|poke|p1|Bisharp, M|
|poke|p1|Mamoswine, F|
|poke|p1|Aegislash, M|
|poke|p2|Tapu Lele|
|poke|p2|Blissey, F|
|poke|p2|Urshifu-*, F|
|poke|p2|Landorus-Therian, M|
|poke|p2|Heatran, M|
|poke|p2|Slowbro, M|
|teampreview
|inactive|Battle timer is ON: inactive players will automatically lose when time's up. (requested by LudwigFrog)
|
|t:|1659402070
|start
|switch|p1a: Bisharp|Bisharp, M|100/100
|switch|p2a: Urshifu|Urshifu-Rapid-Strike, F|100/100
|turn|1
|
|t:|1659402073
|move|p2a: Urshifu|Close Combat|p1a: Bisharp
|-supereffective|p1a: Bisharp
|-enditem|p1a: Bisharp|Focus Sash
|-damage|p1a: Bisharp|1/100
|-unboost|p2a: Urshifu|def|1
|-unboost|p2a: Urshifu|spd|1
|move|p1a: Bisharp|Stealth Rock|p2a: Urshifu
|-sidestart|p2: LT91BB rrm|move: Stealth Rock
|
|upkeep
|turn|2
|
|t:|1659402076
|move|p1a: Bisharp|Sucker Punch|p2a: Urshifu
|-resisted|p2a: Urshifu
|-damage|p2a: Urshifu|73/100
|move|p2a: Urshifu|Close Combat|p1a: Bisharp
|-supereffective|p1a: Bisharp
|-damage|p1a: Bisharp|0 fnt
|-unboost|p2a: Urshifu|def|1
|-unboost|p2a: Urshifu|spd|1
|faint|p1a: Bisharp
|
|upkeep
|
|t:|1659402079
|switch|p1a: Aegislash|Aegislash, M|100/100
|turn|3
|
|t:|1659402082
|switch|p2a: Landorus|Landorus-Therian, M|100/100
|-damage|p2a: Landorus|88/100|[from] Stealth Rock
|-ability|p2a: Landorus|Intimidate|boost
|-unboost|p1a: Aegislash|atk|1
|-formechange|p1a: Aegislash|Aegislash-Blade||[from] ability: Stance Change
|move|p1a: Aegislash|Shadow Ball|p2a: Landorus
|-damage|p2a: Landorus|25/100
|-unboost|p2a: Landorus|spd|1
|
|-heal|p2a: Landorus|31/100|[from] item: Leftovers
|upkeep
|turn|4
|
|t:|1659402088
|switch|p1a: Rillaboom|Rillaboom, M|100/100
|-fieldstart|move: Grassy Terrain|[from] ability: Grassy Surge|[of] p1a: Rillaboom
|move|p2a: Landorus|Defog|p1a: Rillaboom
|-unboost|p1a: Rillaboom|evasion|1
|-sideend|p2: LT91BB rrm|Stealth Rock|[from] move: Defog|[of] p2a: Landorus
|-fieldend|move: Grassy Terrain
|
|-heal|p2a: Landorus|37/100|[from] item: Leftovers
|upkeep
|turn|5
|
|t:|1659402095
|move|p1a: Rillaboom|Swords Dance|p1a: Rillaboom
|-boost|p1a: Rillaboom|atk|2
|move|p2a: Landorus|U-turn|p1a: Rillaboom
|-supereffective|p1a: Rillaboom
|-damage|p1a: Rillaboom|56/100
|
|t:|1659402096
|switch|p2a: Tapu Lele|Tapu Lele|100/100|[from]move: U-turn
|-fieldstart|move: Psychic Terrain|[from] ability: Psychic Surge|[of] p2a: Tapu Lele
|
|upkeep
|turn|6
|
|t:|1659402099
|switch|p1a: Aegislash|Aegislash, M|100/100
|move|p2a: Tapu Lele|Psychic|p1a: Aegislash
|-resisted|p1a: Aegislash
|-damage|p1a: Aegislash|46/100
|
|upkeep
|turn|7
|
|t:|1659402114
|switch|p1a: Mamoswine|Mamoswine, F|100/100
|move|p2a: Tapu Lele|Psychic|p1a: Mamoswine
|-crit|p1a: Mamoswine
|-damage|p1a: Mamoswine|0 fnt
|faint|p1a: Mamoswine
|
|upkeep
|
|t:|1659402117
|switch|p1a: Rillaboom|Rillaboom, M|56/100
|-fieldstart|move: Grassy Terrain|[from] ability: Grassy Surge|[of] p1a: Rillaboom
|turn|8
|
|t:|1659402119
|switch|p2a: Landorus|Landorus-Therian, M|37/100
|-ability|p2a: Landorus|Intimidate|boost
|-unboost|p1a: Rillaboom|atk|1
|move|p1a: Rillaboom|Swords Dance|p1a: Rillaboom
|-boost|p1a: Rillaboom|atk|2
|
|-heal|p1a: Rillaboom|62/100|[from] Grassy Terrain
|-heal|p2a: Landorus|43/100|[from] item: Leftovers
|upkeep
|turn|9
|
|t:|1659402121
|move|p1a: Rillaboom|Knock Off|p2a: Landorus
|-damage|p2a: Landorus|0 fnt
|-enditem|p2a: Landorus|Leftovers|[from] move: Knock Off|[of] p1a: Rillaboom
|faint|p2a: Landorus
|-damage|p1a: Rillaboom|52/100|[from] item: Life Orb
|
|-heal|p1a: Rillaboom|58/100|[from] Grassy Terrain
|upkeep
|
|t:|1659402122
|switch|p2a: Tapu Lele|Tapu Lele|100/100
|-fieldstart|move: Psychic Terrain|[from] ability: Psychic Surge|[of] p2a: Tapu Lele
|turn|10
|
|t:|1659402126
|switch|p1a: Aegislash|Aegislash, M|46/100
|move|p2a: Tapu Lele|Psychic|p1a: Aegislash
|-resisted|p1a: Aegislash
|-damage|p1a: Aegislash|0 fnt
|faint|p1a: Aegislash
|
|upkeep
|
|t:|1659402128
|switch|p1a: Rillaboom|Rillaboom, M|58/100
|-fieldstart|move: Grassy Terrain|[from] ability: Grassy Surge|[of] p1a: Rillaboom
|turn|11
|
|t:|1659402132
|switch|p2a: Heatran|Heatran, M|100/100
|move|p1a: Rillaboom|Grassy Glide|p2a: Heatran
|-resisted|p2a: Heatran
|-damage|p2a: Heatran|86/100
|-damage|p1a: Rillaboom|48/100|[from] item: Life Orb
|
|-heal|p1a: Rillaboom|54/100|[from] Grassy Terrain
|-heal|p2a: Heatran|92/100|[from] Grassy Terrain
|-heal|p2a: Heatran|99/100|[from] item: Leftovers
|upkeep
|turn|12
|
|t:|1659402135
|switch|p1a: Blaziken|Blaziken, F|100/100
|-item|p1a: Blaziken|Air Balloon
|move|p2a: Heatran|Stealth Rock|p1a: Blaziken
|-sidestart|p1: LudwigFrog|move: Stealth Rock
|
|-heal|p2a: Heatran|100/100|[from] Grassy Terrain
|upkeep
|turn|13
|
|t:|1659402138
|switch|p2a: Slowbro|Slowbro, M|100/100
|move|p1a: Blaziken|Swords Dance|p1a: Blaziken
|-boost|p1a: Blaziken|atk|2
|
|-ability|p1a: Blaziken|Speed Boost|boost
|-boost|p1a: Blaziken|spe|1
|upkeep
|turn|14
|
|t:|1659402139
|move|p1a: Blaziken|Thunder Punch|p2a: Slowbro
|-supereffective|p2a: Slowbro
|-damage|p2a: Slowbro|38/100
|-damage|p1a: Blaziken|84/100|[from] item: Rocky Helmet|[of] p2a: Slowbro
|move|p2a: Slowbro|Future Sight|p1a: Blaziken
|-start|p2a: Slowbro|move: Future Sight
|
|-heal|p2a: Slowbro|44/100|[from] Grassy Terrain
|-ability|p1a: Blaziken|Speed Boost|boost
|-boost|p1a: Blaziken|spe|1
|upkeep
|turn|15
|
|t:|1659402144
|switch|p2a: Heatran|Heatran, M|100/100
|move|p1a: Blaziken|Thunder Punch|p2a: Heatran
|-damage|p2a: Heatran|60/100
|
|-heal|p2a: Heatran|66/100|[from] Grassy Terrain
|-heal|p2a: Heatran|72/100|[from] item: Leftovers
|-fieldend|move: Grassy Terrain
|-ability|p1a: Blaziken|Speed Boost|boost
|-boost|p1a: Blaziken|spe|1
|upkeep
|turn|16
|
|t:|1659402150
|switch|p1a: Rillaboom|Rillaboom, M|54/100
|-damage|p1a: Rillaboom|42/100|[from] Stealth Rock
|-fieldstart|move: Grassy Terrain|[from] ability: Grassy Surge|[of] p1a: Rillaboom
|move|p2a: Heatran|Magma Storm|p1a: Rillaboom
|-supereffective|p1a: Rillaboom
|-damage|p1a: Rillaboom|0 fnt
|faint|p1a: Rillaboom
|
|-hint|Future Sight did not hit because the target is fainted.
|-heal|p2a: Heatran|78/100|[from] Grassy Terrain
|-heal|p2a: Heatran|84/100|[from] item: Leftovers
|upkeep
|
|t:|1659402155
|switch|p1a: Blaziken|Blaziken, F|84/100
|-damage|p1a: Blaziken|72/100|[from] Stealth Rock
|-item|p1a: Blaziken|Air Balloon
|turn|17
|
|t:|1659402169
|switch|p2a: Slowbro|Slowbro, M|77/100
|move|p1a: Blaziken|Swords Dance|p1a: Blaziken
|-boost|p1a: Blaziken|atk|2
|
|-heal|p2a: Slowbro|83/100|[from] Grassy Terrain
|-ability|p1a: Blaziken|Speed Boost|boost
|-boost|p1a: Blaziken|spe|1
|upkeep
|turn|18
|
|t:|1659402171
|move|p1a: Blaziken|Thunder Punch|p2a: Slowbro
|-supereffective|p2a: Slowbro
|-damage|p2a: Slowbro|24/100
|-damage|p1a: Blaziken|55/100|[from] item: Rocky Helmet|[of] p2a: Slowbro
|move|p2a: Slowbro|Future Sight|p1a: Blaziken
|-start|p2a: Slowbro|move: Future Sight
|
|-heal|p2a: Slowbro|30/100|[from] Grassy Terrain
|-ability|p1a: Blaziken|Speed Boost|boost
|-boost|p1a: Blaziken|spe|1
|upkeep
|turn|19
|
|t:|1659402176
|switch|p2a: Heatran|Heatran, M|84/100
|move|p1a: Blaziken|Close Combat|p2a: Heatran
|-supereffective|p2a: Heatran
|-damage|p2a: Heatran|0 fnt
|-unboost|p1a: Blaziken|def|1
|-unboost|p1a: Blaziken|spd|1
|faint|p2a: Heatran
|
|-ability|p1a: Blaziken|Speed Boost|boost
|-boost|p1a: Blaziken|spe|1
|upkeep
|
|t:|1659402178
|switch|p2a: Slowbro|Slowbro, M|63/100
|turn|20
|
|t:|1659402181
|move|p1a: Blaziken|Thunder Punch|p2a: Slowbro
|-supereffective|p2a: Slowbro
|-damage|p2a: Slowbro|7/100
|-damage|p1a: Blaziken|38/100|[from] item: Rocky Helmet|[of] p2a: Slowbro
|move|p2a: Slowbro|Ice Beam|p1a: Blaziken
|-resisted|p1a: Blaziken
|-crit|p1a: Blaziken
|-damage|p1a: Blaziken|4/100
|-enditem|p1a: Blaziken|Air Balloon
|
|-end|p1a: Blaziken|move: Future Sight
|-supereffective|p1a: Blaziken
|-damage|p1a: Blaziken|0 fnt
|faint|p1a: Blaziken
|-heal|p2a: Slowbro|13/100|[from] Grassy Terrain
|-fieldend|move: Grassy Terrain
|upkeep
|
|t:|1659402183
|switch|p1a: Dragapult|Dragapult, M|100/100
|-damage|p1a: Dragapult|88/100|[from] Stealth Rock
|turn|21
|
|t:|1659402188
|move|p1a: Dragapult|Dragon Darts|p2a: Slowbro
|-damage|p2a: Slowbro|0 fnt
|faint|p2a: Slowbro
|
|upkeep
|
|t:|1659402191
|switch|p2a: Urshifu|Urshifu-Rapid-Strike, F|73/100
|turn|22
|
|t:|1659402193
|move|p2a: Urshifu|Ice Punch|p1a: Dragapult
|-supereffective|p1a: Dragapult
|-damage|p1a: Dragapult|16/100
|move|p1a: Dragapult|Dragon Dance|p1a: Dragapult
|-boost|p1a: Dragapult|atk|1
|-boost|p1a: Dragapult|spe|1
|
|upkeep
|turn|23
|
|t:|1659402195
|move|p1a: Dragapult|Dragon Darts|p2a: Urshifu
|-damage|p2a: Urshifu|32/100
|-anim|p1a: Dragapult|Dragon Darts|p2a: Urshifu
|-damage|p2a: Urshifu|0 fnt
|faint|p2a: Urshifu
|
|upkeep
|
|t:|1659402197
|switch|p2a: Blissey|Blissey, F|100/100
|turn|24
|
|t:|1659402199
|move|p1a: Dragapult|Dragon Darts|p2a: Blissey
|-damage|p2a: Blissey|63/100
|-anim|p1a: Dragapult|Dragon Darts|p2a: Blissey
|-damage|p2a: Blissey|22/100
|move|p2a: Blissey|Thunder Wave|p1a: Dragapult
|-status|p1a: Dragapult|par
|
|upkeep
|turn|25
|
|t:|1659402205
|switch|p2a: Tapu Lele|Tapu Lele|100/100
|-fieldstart|move: Psychic Terrain|[from] ability: Psychic Surge|[of] p2a: Tapu Lele
|move|p1a: Dragapult|Dragon Dance|p1a: Dragapult
|-boost|p1a: Dragapult|atk|1
|-boost|p1a: Dragapult|spe|1
|
|upkeep
|turn|26
|
|t:|1659402211
|move|p1a: Dragapult|Fire Blast|p2a: Tapu Lele
|-damage|p2a: Tapu Lele|73/100
|move|p2a: Tapu Lele|Moonblast|p1a: Dragapult
|-supereffective|p1a: Dragapult
|-damage|p1a: Dragapult|0 fnt
|faint|p1a: Dragapult
|
|win|LT91BB rrm
|raw|LudwigFrog's rating: 1769 &rarr; <strong>1750</strong><br />(-19 for losing)
|raw|LT91BB rrm's rating: 1778 &rarr; <strong>1797</strong><br />(+19 for winning)
|l|☆LudwigFrog
||Ladder isn't responding, score probably updated but might not have (Request timeout).
