|j|☆cump2
|j|☆Frosty Bazaar
|t:|1655156562
|gametype|singles
|player|p1|cump2|gentleman-gen4|1656
|player|p2|Frosty Bazaar|koga-lgpe|1606
|teamsize|p1|6
|teamsize|p2|6
|gen|8
|tier|[Gen 8] OU
|rated|
|rule|Sleep Clause Mod: Limit one foe put to sleep
|rule|Species Clause: Limit one of each Pokémon
|rule|OHKO Clause: OHKO moves are banned
|rule|Evasion Moves Clause: Evasion moves are banned
|rule|Endless Battle Clause: Forcing endless battles is banned
|rule|HP Percentage Mod: HP is shown in percentages
|rule|Dynamax Clause: You cannot dynamax
|clearpoke
|poke|p1|Landorus-Therian, M|
|poke|p1|Slowbro, M|
|poke|p1|Magnezone|
|poke|p1|Nihilego|
|poke|p1|Weavile, F|
|poke|p1|Tapu Lele|
|poke|p2|Magnezone|
|poke|p2|Weavile, M|
|poke|p2|Nihilego|
|poke|p2|Garchomp, M|
|poke|p2|Tapu Lele|
|poke|p2|Zapdos|
|teampreview
|inactive|Battle timer is ON: inactive players will automatically lose when time's up. (requested by Frosty Bazaar)
|
|t:|1655156583
|start
|switch|p1a: Nihilego|Nihilego, shiny|100/100
|switch|p2a: Weavile|Weavile, M|100/100
|-ability|p2a: Weavile|Pressure
|turn|1
|
|t:|1655156592
|switch|p1a: Slowbro|Slowbro, M, shiny|100/100
|move|p2a: Weavile|Knock Off|p1a: Slowbro
|-supereffective|p1a: Slowbro
|-damage|p1a: Slowbro|29/100
|-enditem|p1a: Slowbro|Heavy-Duty Boots|[from] move: Knock Off|[of] p2a: Weavile
|
|upkeep
|turn|2
|
|t:|1655156605
|move|p2a: Weavile|Knock Off|p1a: Slowbro
|-supereffective|p1a: Slowbro
|-damage|p1a: Slowbro|0 fnt
|faint|p1a: Slowbro
|
|upkeep
|
|t:|1655156610
|switch|p1a: Tapu Lele|Tapu Lele, shiny|100/100
|-fieldstart|move: Psychic Terrain|[from] ability: Psychic Surge|[of] p1a: Tapu Lele
|turn|3
|
|t:|1655156618
|switch|p2a: Nihilego|Nihilego|100/100
|move|p1a: Tapu Lele|Psyshock|p2a: Nihilego
|-supereffective|p2a: Nihilego
|-damage|p2a: Nihilego|0 fnt
|faint|p2a: Nihilego
|
|upkeep
|
|t:|1655156624
|switch|p2a: Magnezone|Magnezone|100/100
|turn|4
|
|t:|1655156629
|switch|p1a: Landorus|Landorus-Therian, M|100/100
|-ability|p1a: Landorus|Intimidate|boost
|-unboost|p2a: Magnezone|atk|1
|move|p2a: Magnezone|Magnet Rise|p2a: Magnezone
|-start|p2a: Magnezone|Magnet Rise
|
|upkeep
|turn|5
|
|t:|1655156638
|move|p1a: Landorus|U-turn|p2a: Magnezone
|-resisted|p2a: Magnezone
|-damage|p2a: Magnezone|92/100
|
|t:|1655156644
|switch|p1a: Tapu Lele|Tapu Lele, shiny|100/100|[from]move: U-turn
|move|p2a: Magnezone|Iron Defense|p2a: Magnezone
|-boost|p2a: Magnezone|def|2
|
|-heal|p2a: Magnezone|99/100|[from] item: Leftovers
|upkeep
|turn|6
|
|t:|1655156656
|move|p1a: Tapu Lele|Moonblast|p2a: Magnezone
|-resisted|p2a: Magnezone
|-damage|p2a: Magnezone|69/100
|move|p2a: Magnezone|Thunderbolt|p1a: Tapu Lele
|-damage|p1a: Tapu Lele|55/100
|
|-heal|p2a: Magnezone|75/100|[from] item: Leftovers
|upkeep
|turn|7
|
|t:|1655156663
|switch|p1a: Landorus|Landorus-Therian, M|100/100
|-ability|p1a: Landorus|Intimidate|boost
|-unboost|p2a: Magnezone|atk|1
|move|p2a: Magnezone|Iron Defense|p2a: Magnezone
|-boost|p2a: Magnezone|def|2
|
|-heal|p2a: Magnezone|81/100|[from] item: Leftovers
|-fieldend|move: Psychic Terrain
|upkeep
|turn|8
|
|t:|1655156671
|move|p1a: Landorus|Stealth Rock|p2a: Magnezone
|-sidestart|p2: Frosty Bazaar|move: Stealth Rock
|move|p2a: Magnezone|Body Press|p1a: Landorus
|-resisted|p1a: Landorus
|-damage|p1a: Landorus|67/100
|
|-heal|p1a: Landorus|73/100|[from] item: Leftovers
|-heal|p2a: Magnezone|87/100|[from] item: Leftovers
|-end|p2a: Magnezone|Magnet Rise
|upkeep
|turn|9
|
|t:|1655156683
|switch|p1a: Tapu Lele|Tapu Lele, shiny|55/100
|-fieldstart|move: Psychic Terrain|[from] ability: Psychic Surge|[of] p1a: Tapu Lele
|move|p2a: Magnezone|Magnet Rise|p2a: Magnezone
|-start|p2a: Magnezone|Magnet Rise
|
|-heal|p2a: Magnezone|94/100|[from] item: Leftovers
|upkeep
|turn|10
|
|t:|1655156689
|switch|p1a: Landorus|Landorus-Therian, M|73/100
|-ability|p1a: Landorus|Intimidate|boost
|-unboost|p2a: Magnezone|atk|1
|move|p2a: Magnezone|Thunderbolt|p1a: Landorus
|-immune|p1a: Landorus
|
|-heal|p1a: Landorus|79/100|[from] item: Leftovers
|-heal|p2a: Magnezone|99/100|[from] item: Leftovers
|upkeep
|turn|11
|
|t:|1655156703
|move|p1a: Landorus|Stealth Rock||[still]
|-fail|p1a: Landorus
|move|p2a: Magnezone|Body Press|p1a: Landorus
|-resisted|p1a: Landorus
|-damage|p1a: Landorus|40/100
|
|-heal|p1a: Landorus|46/100|[from] item: Leftovers
|-heal|p2a: Magnezone|100/100|[from] item: Leftovers
|upkeep
|turn|12
|
|t:|1655156710
|switch|p1a: Tapu Lele|Tapu Lele, shiny|55/100
|move|p2a: Magnezone|Body Press|p1a: Tapu Lele
|-resisted|p1a: Tapu Lele
|-damage|p1a: Tapu Lele|25/100
|
|upkeep
|turn|13
|
|t:|1655156713
|switch|p1a: Landorus|Landorus-Therian, M|46/100
|-ability|p1a: Landorus|Intimidate|boost
|-unboost|p2a: Magnezone|atk|1
|move|p2a: Magnezone|Body Press|p1a: Landorus
|-resisted|p1a: Landorus
|-damage|p1a: Landorus|10/100
|
|-heal|p1a: Landorus|16/100|[from] item: Leftovers
|-end|p2a: Magnezone|Magnet Rise
|-fieldend|move: Psychic Terrain
|upkeep
|turn|14
|
|t:|1655156717
|move|p1a: Landorus|U-turn|p2a: Magnezone
|-resisted|p2a: Magnezone
|-damage|p2a: Magnezone|98/100
|
|t:|1655156724
|switch|p1a: Magnezone|Magnezone|100/100|[from]move: U-turn
|move|p2a: Magnezone|Magnet Rise|p2a: Magnezone
|-start|p2a: Magnezone|Magnet Rise
|
|-heal|p2a: Magnezone|100/100|[from] item: Leftovers
|upkeep
|turn|15
|
|t:|1655156729
|move|p1a: Magnezone|Iron Defense|p1a: Magnezone
|-boost|p1a: Magnezone|def|2
|move|p2a: Magnezone|Body Press|p1a: Magnezone
|-supereffective|p1a: Magnezone
|-damage|p1a: Magnezone|21/100
|-damage|p2a: Magnezone|84/100|[from] item: Rocky Helmet|[of] p1a: Magnezone
|
|-heal|p2a: Magnezone|90/100|[from] item: Leftovers
|upkeep
|turn|16
|
|t:|1655156731
|move|p1a: Magnezone|Body Press|p2a: Magnezone
|-supereffective|p2a: Magnezone
|-damage|p2a: Magnezone|67/100
|move|p2a: Magnezone|Body Press|p1a: Magnezone
|-supereffective|p1a: Magnezone
|-damage|p1a: Magnezone|0 fnt
|-damage|p2a: Magnezone|50/100|[from] item: Rocky Helmet|[of] p1a: Magnezone
|faint|p1a: Magnezone
|
|-heal|p2a: Magnezone|57/100|[from] item: Leftovers
|upkeep
|
|t:|1655156735
|switch|p1a: Nihilego|Nihilego, shiny|100/100
|turn|17
|
|t:|1655156743
|move|p1a: Nihilego|Power Gem|p2a: Magnezone
|-resisted|p2a: Magnezone
|-damage|p2a: Magnezone|22/100
|move|p2a: Magnezone|Body Press|p1a: Nihilego
|-damage|p1a: Nihilego|0 fnt
|faint|p1a: Nihilego
|
|-heal|p2a: Magnezone|29/100|[from] item: Leftovers
|upkeep
|
|t:|1655156745
|switch|p1a: Landorus|Landorus-Therian, M|16/100
|-ability|p1a: Landorus|Intimidate|boost
|-unboost|p2a: Magnezone|atk|1
|turn|18
|-message|cump2 forfeited.
|
|win|Frosty Bazaar
|raw|cump2's rating: 1656 &rarr; <strong>1633</strong><br />(-23 for losing)
|raw|Frosty Bazaar's rating: 1606 &rarr; <strong>1629</strong><br />(+23 for winning)
|l|☆cump2
