|j|☆Redflix
|j|☆AlphaTherai
|t:|1667747296
|gametype|singles
|player|p1|Redflix|erika|1726
|player|p2|AlphaTherai|waitress-gen4|1741
|teamsize|p1|6
|teamsize|p2|6
|gen|8
|tier|[Gen 8] OU
|rated|
|rule|Sleep Clause Mod: Limit one foe put to sleep
|rule|Species Clause: Limit one of each Pokémon
|rule|OHKO Clause: OHKO moves are banned
|rule|Evasion Items Clause: Evasion items are banned
|rule|Evasion Moves Clause: Evasion moves are banned
|rule|Endless Battle Clause: Forcing endless battles is banned
|rule|HP Percentage Mod: HP is shown in percentages
|rule|Dynamax Clause: You cannot dynamax
|clearpoke
|poke|p1|Hippowdon, M|
|poke|p1|Skarmory, M|
|poke|p1|Rillaboom, F|
|poke|p1|Clefable, M|
|poke|p1|Heatran, M|
|poke|p1|Tornadus-Therian, M|
|poke|p2|Kartana|
|poke|p2|Ferrothorn, M|
|poke|p2|Toxapex, F|
|poke|p2|Mandibuzz, F|
|poke|p2|Garchomp, F|
|poke|p2|Dragapult, M|
|teampreview
|
|t:|1667747324
|start
|switch|p1a: Tornadus|Tornadus-Therian, M|100/100
|switch|p2a: Kartana|Kartana|100/100
|turn|1
|
|t:|1667747329
|switch|p2a: Toxapex|Toxapex, F|100/100
|move|p1a: Tornadus|Knock Off|p2a: Toxapex
|-damage|p2a: Toxapex|85/100
|-enditem|p2a: Toxapex|Eject Button|[from] move: Knock Off|[of] p1a: Tornadus
|
|upkeep
|turn|2
|
|t:|1667747333
|move|p1a: Tornadus|U-turn|p2a: Toxapex
|-resisted|p2a: Toxapex
|-damage|p2a: Toxapex|80/100
|j| yhysyyds
|
|t:|1667747335
|switch|p1a: Heatran|Heatran, M|100/100|[from]move: U-turn
|move|p2a: Toxapex|Scald|p1a: Heatran
|-supereffective|p1a: Heatran
|-damage|p1a: Heatran|65/100
|
|-heal|p1a: Heatran|71/100|[from] item: Leftovers
|upkeep
|turn|3
|
|t:|1667747340
|switch|p2a: Garchomp|Garchomp, F|100/100
|move|p1a: Heatran|Magma Storm|p2a: Garchomp|[miss]
|-miss|p1a: Heatran|p2a: Garchomp
|
|-heal|p1a: Heatran|77/100|[from] item: Leftovers
|upkeep
|turn|4
|
|t:|1667747355
|switch|p1a: Hippowdon|Hippowdon, M|100/100
|-weather|Sandstorm|[from] ability: Sand Stream|[of] p1a: Hippowdon
|move|p2a: Garchomp|Stealth Rock|p1a: Hippowdon
|-sidestart|p1: Redflix|move: Stealth Rock
|
|-weather|Sandstorm|[upkeep]
|upkeep
|turn|5
|
|t:|1667747358
|move|p2a: Garchomp|Toxic|p1a: Hippowdon|[miss]
|-miss|p2a: Garchomp|p1a: Hippowdon
|move|p1a: Hippowdon|Toxic|p2a: Garchomp
|-status|p2a: Garchomp|tox
|
|-weather|Sandstorm|[upkeep]
|-damage|p2a: Garchomp|94/100 tox|[from] psn
|upkeep
|turn|6
|
|t:|1667747360
|move|p2a: Garchomp|Toxic|p1a: Hippowdon
|-status|p1a: Hippowdon|tox
|move|p1a: Hippowdon|Stealth Rock|p2a: Garchomp
|-sidestart|p2: AlphaTherai|move: Stealth Rock
|
|-weather|Sandstorm|[upkeep]
|-heal|p2a: Garchomp|100/100 tox|[from] item: Leftovers
|-damage|p2a: Garchomp|88/100 tox|[from] psn
|-damage|p1a: Hippowdon|94/100 tox|[from] psn
|upkeep
|turn|7
|
|t:|1667747364
|switch|p2a: Ferrothorn|Ferrothorn, M|100/100
|-damage|p2a: Ferrothorn|94/100|[from] Stealth Rock
|switch|p1a: Skarmory|Skarmory, M|100/100
|-damage|p1a: Skarmory|88/100|[from] Stealth Rock
|
|-weather|Sandstorm|[upkeep]
|-heal|p2a: Ferrothorn|100/100|[from] item: Leftovers
|upkeep
|turn|8
|j| balenciagamon
|
|t:|1667747408
|move|p1a: Skarmory|Iron Defense|p1a: Skarmory
|-boost|p1a: Skarmory|def|2
|move|p2a: Ferrothorn|Leech Seed|p1a: Skarmory
|-start|p1a: Skarmory|move: Leech Seed
|
|-weather|none
|-damage|p1a: Skarmory|76/100|[from] Leech Seed|[of] p2a: Ferrothorn
|upkeep
|turn|9
|
|t:|1667747414
|switch|p1a: Heatran|Heatran, M|77/100
|-damage|p1a: Heatran|65/100|[from] Stealth Rock
|switch|p2a: Dragapult|Dragapult, M|100/100
|-damage|p2a: Dragapult|88/100|[from] Stealth Rock
|
|-heal|p2a: Dragapult|94/100|[from] item: Leftovers
|-heal|p1a: Heatran|71/100|[from] item: Leftovers
|upkeep
|turn|10
|
|t:|1667747432
|move|p2a: Dragapult|Phantom Force||[still]
|-prepare|p2a: Dragapult|Phantom Force
|move|p1a: Heatran|Earth Power|p2a: Dragapult|[miss]
|-miss|p1a: Heatran|p2a: Dragapult
|
|-heal|p2a: Dragapult|99/100|[from] item: Leftovers
|-heal|p1a: Heatran|77/100|[from] item: Leftovers
|upkeep
|turn|11
|
|t:|1667747438
|switch|p1a: Skarmory|Skarmory, M|76/100
|-damage|p1a: Skarmory|64/100|[from] Stealth Rock
|move|p2a: Dragapult|Phantom Force|p1a: Skarmory|[from]lockedmove
|-crit|p1a: Skarmory
|-damage|p1a: Skarmory|28/100
|-damage|p2a: Dragapult|84/100|[from] item: Rocky Helmet|[of] p1a: Skarmory
|
|-heal|p2a: Dragapult|90/100|[from] item: Leftovers
|upkeep
|turn|12
|
|t:|1667747452
|move|p2a: Dragapult|Fire Blast|p1a: Skarmory
|-supereffective|p1a: Skarmory
|-damage|p1a: Skarmory|0 fnt
|faint|p1a: Skarmory
|
|-heal|p2a: Dragapult|96/100|[from] item: Leftovers
|upkeep
|
|t:|1667747458
|switch|p1a: Clefable|Clefable, M|100/100
|turn|13
|
|t:|1667747467
|switch|p2a: Toxapex|Toxapex, F|100/100
|-damage|p2a: Toxapex|88/100|[from] Stealth Rock
|move|p1a: Clefable|Moonblast|p2a: Toxapex
|-resisted|p2a: Toxapex
|-damage|p2a: Toxapex|78/100
|
|upkeep
|turn|14
|
|t:|1667747470
|move|p1a: Clefable|Calm Mind|p1a: Clefable
|-boost|p1a: Clefable|spa|1
|-boost|p1a: Clefable|spd|1
|move|p2a: Toxapex|Scald|p1a: Clefable
|-damage|p1a: Clefable|90/100
|
|upkeep
|turn|15
|
|t:|1667747473
|switch|p2a: Garchomp|Garchomp, F|88/100 tox
|-damage|p2a: Garchomp|82/100 tox|[from] Stealth Rock
|move|p1a: Clefable|Thunder|p2a: Garchomp
|-immune|p2a: Garchomp
|
|-heal|p2a: Garchomp|88/100 tox|[from] item: Leftovers
|-damage|p2a: Garchomp|82/100 tox|[from] psn
|upkeep
|turn|16
|
|t:|1667747478
|move|p2a: Garchomp|Earthquake|p1a: Clefable
|-damage|p1a: Clefable|54/100
|move|p1a: Clefable|Moonblast|p2a: Garchomp
|-supereffective|p2a: Garchomp
|-damage|p2a: Garchomp|16/100 tox
|-unboost|p2a: Garchomp|spa|1
|
|-heal|p2a: Garchomp|22/100 tox|[from] item: Leftovers
|-damage|p2a: Garchomp|10/100 tox|[from] psn
|upkeep
|turn|17
|
|t:|1667747481
|move|p2a: Garchomp|Earthquake|p1a: Clefable
|-damage|p1a: Clefable|19/100
|move|p1a: Clefable|Soft-Boiled|p1a: Clefable
|-heal|p1a: Clefable|69/100
|
|-heal|p2a: Garchomp|16/100 tox|[from] item: Leftovers
|-damage|p2a: Garchomp|0 fnt|[from] psn
|faint|p2a: Garchomp
|upkeep
|
|t:|1667747483
|switch|p2a: Kartana|Kartana|100/100
|-damage|p2a: Kartana|94/100|[from] Stealth Rock
|turn|18
|
|t:|1667747487
|switch|p1a: Heatran|Heatran, M|77/100
|-damage|p1a: Heatran|65/100|[from] Stealth Rock
|move|p2a: Kartana|Leaf Blade|p1a: Heatran
|-resisted|p1a: Heatran
|-damage|p1a: Heatran|40/100
|
|-heal|p1a: Heatran|47/100|[from] item: Leftovers
|upkeep
|turn|19
|
|t:|1667747494
|switch|p2a: Toxapex|Toxapex, F|100/100
|-damage|p2a: Toxapex|88/100|[from] Stealth Rock
|move|p1a: Heatran|Magma Storm|p2a: Toxapex
|-resisted|p2a: Toxapex
|-damage|p2a: Toxapex|72/100
|-activate|p2a: Toxapex|move: Magma Storm|[of] p1a: Heatran
|
|-heal|p1a: Heatran|53/100|[from] item: Leftovers
|-damage|p2a: Toxapex|60/100|[from] move: Magma Storm|[partiallytrapped]
|upkeep
|turn|20
|
|t:|1667747501
|move|p1a: Heatran|Earth Power|p2a: Toxapex
|-supereffective|p2a: Toxapex
|-crit|p2a: Toxapex
|-damage|p2a: Toxapex|0 fnt
|faint|p2a: Toxapex
|
|-heal|p1a: Heatran|59/100|[from] item: Leftovers
|upkeep
|
|t:|1667747505
|switch|p2a: Kartana|Kartana|94/100
|-damage|p2a: Kartana|88/100|[from] Stealth Rock
|turn|21
|
|t:|1667747509
|switch|p1a: Tornadus|Tornadus-Therian, M|100/100
|move|p2a: Kartana|Knock Off|p1a: Tornadus
|-damage|p1a: Tornadus|23/100
|-enditem|p1a: Tornadus|Heavy-Duty Boots|[from] move: Knock Off|[of] p2a: Kartana
|
|upkeep
|turn|22
|
|t:|1667747513
|switch|p2a: Dragapult|Dragapult, M|96/100
|-damage|p2a: Dragapult|83/100|[from] Stealth Rock
|move|p1a: Tornadus|Hurricane|p2a: Dragapult
|-damage|p2a: Dragapult|30/100
|
|-heal|p2a: Dragapult|36/100|[from] item: Leftovers
|upkeep
|turn|23
|
|t:|1667747519
|switch|p2a: Kartana|Kartana|88/100
|-damage|p2a: Kartana|82/100|[from] Stealth Rock
|switch|p1a: Clefable|Clefable, M|69/100
|
|upkeep
|turn|24
|
|t:|1667747526
|switch|p1a: Heatran|Heatran, M|59/100
|-damage|p1a: Heatran|47/100|[from] Stealth Rock
|move|p2a: Kartana|Leaf Blade|p1a: Heatran
|-resisted|p1a: Heatran
|-damage|p1a: Heatran|24/100
|
|-heal|p1a: Heatran|30/100|[from] item: Leftovers
|upkeep
|turn|25
|
|t:|1667747535
|switch|p2a: Mandibuzz|Mandibuzz, F|100/100
|move|p1a: Heatran|Earth Power|p2a: Mandibuzz
|-immune|p2a: Mandibuzz
|
|-heal|p1a: Heatran|36/100|[from] item: Leftovers
|upkeep
|turn|26
|
|t:|1667747537
|move|p1a: Heatran|Toxic|p2a: Mandibuzz
|-status|p2a: Mandibuzz|tox
|move|p2a: Mandibuzz|Foul Play|p1a: Heatran
|-damage|p1a: Heatran|9/100
|
|-heal|p1a: Heatran|15/100|[from] item: Leftovers
|-damage|p2a: Mandibuzz|94/100 tox|[from] psn
|upkeep
|turn|27
|
|t:|1667747540
|move|p1a: Heatran|Taunt|p2a: Mandibuzz
|-start|p2a: Mandibuzz|move: Taunt
|move|p2a: Mandibuzz|U-turn|p1a: Heatran
|-resisted|p1a: Heatran
|-damage|p1a: Heatran|12/100
|
|t:|1667747542
|switch|p2a: Kartana|Kartana|82/100|[from]move: U-turn
|-damage|p2a: Kartana|76/100|[from] Stealth Rock
|
|-heal|p1a: Heatran|18/100|[from] item: Leftovers
|upkeep
|turn|28
|
|t:|1667747545
|move|p2a: Kartana|Leaf Blade|p1a: Heatran
|-resisted|p1a: Heatran
|-damage|p1a: Heatran|0 fnt
|faint|p1a: Heatran
|-ability|p2a: Kartana|Beast Boost|boost
|-boost|p2a: Kartana|atk|1
|
|upkeep
|
|t:|1667747548
|switch|p1a: Tornadus|Tornadus-Therian, M|56/100
|-damage|p1a: Tornadus|31/100|[from] Stealth Rock
|turn|29
|
|t:|1667747569
|switch|p2a: Ferrothorn|Ferrothorn, M|100/100
|-damage|p2a: Ferrothorn|94/100|[from] Stealth Rock
|move|p1a: Tornadus|Hurricane|p2a: Ferrothorn
|-damage|p2a: Ferrothorn|62/100
|-start|p2a: Ferrothorn|confusion
|
|-heal|p2a: Ferrothorn|68/100|[from] item: Leftovers
|upkeep
|turn|30
|
|t:|1667747574
|switch|p1a: Rillaboom|Rillaboom, F|100/100
|-damage|p1a: Rillaboom|88/100|[from] Stealth Rock
|-fieldstart|move: Grassy Terrain|[from] ability: Grassy Surge|[of] p1a: Rillaboom
|-activate|p2a: Ferrothorn|confusion
|move|p2a: Ferrothorn|Gyro Ball|p1a: Rillaboom
|-damage|p1a: Rillaboom|31/100
|
|-heal|p1a: Rillaboom|37/100|[from] Grassy Terrain
|-heal|p1a: Rillaboom|43/100|[from] item: Leftovers
|-heal|p2a: Ferrothorn|74/100|[from] Grassy Terrain
|-heal|p2a: Ferrothorn|81/100|[from] item: Leftovers
|upkeep
|turn|31
|
|t:|1667747579
|switch|p2a: Mandibuzz|Mandibuzz, F|94/100 tox
|move|p1a: Rillaboom|Superpower|p2a: Mandibuzz
|-damage|p2a: Mandibuzz|70/100 tox
|-unboost|p1a: Rillaboom|atk|1
|-unboost|p1a: Rillaboom|def|1
|
|-heal|p1a: Rillaboom|49/100|[from] Grassy Terrain
|-heal|p1a: Rillaboom|56/100|[from] item: Leftovers
|-damage|p2a: Mandibuzz|64/100 tox|[from] psn
|upkeep
|turn|32
|
|t:|1667747581
|move|p1a: Rillaboom|Knock Off|p2a: Mandibuzz
|-resisted|p2a: Mandibuzz
|-damage|p2a: Mandibuzz|57/100 tox
|-enditem|p2a: Mandibuzz|Heavy-Duty Boots|[from] move: Knock Off|[of] p1a: Rillaboom
|move|p2a: Mandibuzz|U-turn|p1a: Rillaboom
|-supereffective|p1a: Rillaboom
|-damage|p1a: Rillaboom|18/100
|l| yhysyyds
|
|t:|1667747584
|switch|p2a: Kartana|Kartana|76/100|[from]move: U-turn
|-damage|p2a: Kartana|70/100|[from] Stealth Rock
|
|-heal|p2a: Kartana|76/100|[from] Grassy Terrain
|-heal|p1a: Rillaboom|24/100|[from] Grassy Terrain
|-heal|p1a: Rillaboom|30/100|[from] item: Leftovers
|upkeep
|turn|33
|
|t:|1667747588
|move|p2a: Kartana|Leaf Blade|p1a: Rillaboom
|-resisted|p1a: Rillaboom
|-damage|p1a: Rillaboom|0 fnt
|faint|p1a: Rillaboom
|-ability|p2a: Kartana|Beast Boost|boost
|-boost|p2a: Kartana|atk|1
|
|-heal|p2a: Kartana|82/100|[from] Grassy Terrain
|upkeep
|
|t:|1667747590
|switch|p1a: Tornadus|Tornadus-Therian, M|64/100
|-damage|p1a: Tornadus|39/100|[from] Stealth Rock
|turn|34
|
|t:|1667747609
|switch|p2a: Mandibuzz|Mandibuzz, F|57/100 tox
|-damage|p2a: Mandibuzz|32/100 tox|[from] Stealth Rock
|move|p1a: Tornadus|U-turn|p2a: Mandibuzz
|-damage|p2a: Mandibuzz|24/100 tox
|
|t:|1667747613
|switch|p1a: Clefable|Clefable, M|69/100|[from]move: U-turn
|
|-heal|p1a: Clefable|75/100|[from] Grassy Terrain
|-damage|p2a: Mandibuzz|18/100 tox|[from] psn
|-fieldend|move: Grassy Terrain
|upkeep
|turn|35
|
|t:|1667747631
|move|p2a: Mandibuzz|U-turn|p1a: Clefable
|-resisted|p1a: Clefable
|-damage|p1a: Clefable|71/100
|-damage|p2a: Mandibuzz|1/100 tox|[from] item: Rocky Helmet|[of] p1a: Clefable
|
|t:|1667747635
|switch|p2a: Kartana|Kartana|82/100|[from]move: U-turn
|-damage|p2a: Kartana|76/100|[from] Stealth Rock
|move|p1a: Clefable|Moonblast|p2a: Kartana
|-resisted|p2a: Kartana
|-damage|p2a: Kartana|25/100
|
|upkeep
|turn|36
|
|t:|1667747643
|move|p2a: Kartana|Leaf Blade|p1a: Clefable
|-damage|p1a: Clefable|0 fnt
|-damage|p2a: Kartana|8/100|[from] item: Rocky Helmet|[of] p1a: Clefable
|faint|p1a: Clefable
|-ability|p2a: Kartana|Beast Boost|boost
|-boost|p2a: Kartana|atk|1
|
|upkeep
|
|t:|1667747644
|switch|p1a: Tornadus|Tornadus-Therian, M|73/100
|-damage|p1a: Tornadus|48/100|[from] Stealth Rock
|turn|37
|
|t:|1667747660
|switch|p2a: Mandibuzz|Mandibuzz, F|1/100 tox
|-damage|p2a: Mandibuzz|0 fnt|[from] Stealth Rock
|faint|p2a: Mandibuzz
|move|p1a: Tornadus|U-turn|p2: Mandibuzz|[notarget]
|-fail|p1a: Tornadus
|
|upkeep
|
|t:|1667747662
|switch|p2a: Dragapult|Dragapult, M|36/100
|-damage|p2a: Dragapult|24/100|[from] Stealth Rock
|turn|38
|
|t:|1667747666
|switch|p1a: Hippowdon|Hippowdon, M|94/100 tox
|-damage|p1a: Hippowdon|88/100 tox|[from] Stealth Rock
|-weather|Sandstorm|[from] ability: Sand Stream|[of] p1a: Hippowdon
|move|p2a: Dragapult|Dragon Darts|p1a: Hippowdon
|-damage|p1a: Hippowdon|69/100 tox
|-anim|p2a: Dragapult|Dragon Darts|p1a: Hippowdon
|-damage|p1a: Hippowdon|52/100 tox
|
|-weather|Sandstorm|[upkeep]
|-damage|p2a: Dragapult|18/100|[from] Sandstorm
|-heal|p2a: Dragapult|24/100|[from] item: Leftovers
|-heal|p1a: Hippowdon|58/100 tox|[from] item: Leftovers
|-damage|p1a: Hippowdon|52/100 tox|[from] psn
|upkeep
|turn|39
|
|t:|1667747669
|switch|p2a: Ferrothorn|Ferrothorn, M|81/100
|-damage|p2a: Ferrothorn|74/100|[from] Stealth Rock
|move|p1a: Hippowdon|Slack Off|p1a: Hippowdon
|-heal|p1a: Hippowdon|100/100 tox
|
|-weather|Sandstorm|[upkeep]
|-heal|p2a: Ferrothorn|81/100|[from] item: Leftovers
|-damage|p1a: Hippowdon|88/100 tox|[from] psn
|upkeep
|turn|40
|j| zgiata 创世神
|
|t:|1667747675
|move|p1a: Hippowdon|Earthquake|p2a: Ferrothorn
|-damage|p2a: Ferrothorn|57/100
|move|p2a: Ferrothorn|Gyro Ball|p1a: Hippowdon
|-damage|p1a: Hippowdon|72/100 tox
|
|-weather|Sandstorm|[upkeep]
|-heal|p1a: Hippowdon|78/100 tox|[from] item: Leftovers
|-heal|p2a: Ferrothorn|63/100|[from] item: Leftovers
|-damage|p1a: Hippowdon|60/100 tox|[from] psn
|upkeep
|turn|41
|
|t:|1667747693
|switch|p1a: Tornadus|Tornadus-Therian, M|81/100
|-damage|p1a: Tornadus|56/100|[from] Stealth Rock
|move|p2a: Ferrothorn|Leech Seed|p1a: Tornadus
|-start|p1a: Tornadus|move: Leech Seed
|
|-weather|Sandstorm|[upkeep]
|-damage|p1a: Tornadus|50/100|[from] Sandstorm
|-heal|p2a: Ferrothorn|69/100|[from] item: Leftovers
|-damage|p1a: Tornadus|38/100|[from] Leech Seed|[of] p2a: Ferrothorn
|-heal|p2a: Ferrothorn|82/100|[silent]
|upkeep
|turn|42
|
|t:|1667747699
|switch|p1a: Hippowdon|Hippowdon, M|60/100 tox
|-damage|p1a: Hippowdon|54/100 tox|[from] Stealth Rock
|switch|p2a: Kartana|Kartana|8/100
|-damage|p2a: Kartana|2/100|[from] Stealth Rock
|
|-weather|none
|-heal|p1a: Hippowdon|60/100 tox|[from] item: Leftovers
|-damage|p1a: Hippowdon|54/100 tox|[from] psn
|upkeep
|turn|43
|
|t:|1667747703
|switch|p1a: Tornadus|Tornadus-Therian, M|71/100
|-damage|p1a: Tornadus|46/100|[from] Stealth Rock
|move|p2a: Kartana|Leaf Blade|p1a: Tornadus
|-resisted|p1a: Tornadus
|-damage|p1a: Tornadus|0 fnt
|faint|p1a: Tornadus
|-ability|p2a: Kartana|Beast Boost|boost
|-boost|p2a: Kartana|atk|1
|
|upkeep
|
|t:|1667747706
|switch|p1a: Hippowdon|Hippowdon, M|54/100 tox
|-damage|p1a: Hippowdon|47/100 tox|[from] Stealth Rock
|-weather|Sandstorm|[from] ability: Sand Stream|[of] p1a: Hippowdon
|turn|44
|j| Ghosterol
|
|t:|1667747708
|move|p2a: Kartana|Leaf Blade|p1a: Hippowdon
|-supereffective|p1a: Hippowdon
|-damage|p1a: Hippowdon|0 fnt
|faint|p1a: Hippowdon
|
|win|AlphaTherai
|raw|Redflix's rating: 1726 &rarr; <strong>1709</strong><br />(-17 for losing)
|raw|AlphaTherai's rating: 1773 &rarr; <strong>1790</strong><br />(+17 for winning)
