|j|☆lebanesestinker
|j|☆FairyGod2021
|t:|1629315758
|gametype|singles
|player|p1|lebanesestinker|policeman|1621
|player|p2|FairyGod2021|preschooler|1709
|teamsize|p1|6
|teamsize|p2|6
|gen|8
|tier|[Gen 8] OU
|rated|
|rule|Sleep Clause Mod: Limit one foe put to sleep
|rule|Species Clause: Limit one of each Pokémon
|rule|OHKO Clause: OHKO moves are banned
|rule|Evasion Moves Clause: Evasion moves are banned
|rule|Endless Battle Clause: Forcing endless battles is banned
|rule|HP Percentage Mod: HP is shown in percentages
|rule|Dynamax Clause: You cannot dynamax
|clearpoke
|poke|p1|Shedinja|
|poke|p1|Blissey, F|
|poke|p1|Toxapex, M|
|poke|p1|Corviknight, M|
|poke|p1|Clefable, M|
|poke|p1|Ditto|
|poke|p2|Heatran, M|
|poke|p2|Zapdos|
|poke|p2|Garchomp, M|
|poke|p2|Kartana|
|poke|p2|Dragapult, F|
|poke|p2|Rotom-Heat|
|teampreview
|inactive|Battle timer is ON: inactive players will automatically lose when time's up. (requested by FairyGod2021)
|inactive|FairyGod2021 has 120 seconds left.
|inactive|FairyGod2021 has 90 seconds left.
|
|t:|1629315824
|start
|switch|p1a: Ditto|Ditto|100/100
|switch|p2a: Kartana|Kartana, shiny|100/100
|-transform|p1a: Ditto|p2a: Kartana|[from] ability: Imposter
|turn|1
|
|t:|1629315836
|switch|p1a: Corviknight|Corviknight, M|100/100
|-ability|p1a: Corviknight|Pressure
|move|p2a: Kartana|Knock Off|p1a: Corviknight
|-damage|p1a: Corviknight|72/100
|-damage|p2a: Kartana|84/100|[from] item: Rocky Helmet|[of] p1a: Corviknight
|-enditem|p1a: Corviknight|Rocky Helmet|[from] move: Knock Off|[of] p2a: Kartana
|
|upkeep
|turn|2
|j| RWaver
|
|t:|1629315860
|switch|p2a: Garchomp|Garchomp, M, shiny|100/100
|move|p1a: Corviknight|U-turn|p2a: Garchomp
|-damage|p2a: Garchomp|92/100
|-damage|p1a: Corviknight|60/100|[from] ability: Rough Skin|[of] p2a: Garchomp
|-damage|p1a: Corviknight|44/100|[from] item: Rocky Helmet|[of] p2a: Garchomp
|
|t:|1629315867
|switch|p1a: Ditto|Ditto|100/100|[from]move: U-turn
|-transform|p1a: Ditto|p2a: Garchomp|[from] ability: Imposter
|
|upkeep
|turn|3
|
|t:|1629315894
|switch|p2a: Kartana|Kartana, shiny|84/100
|move|p1a: Ditto|Toxic|p2a: Kartana
|-immune|p2a: Kartana
|
|upkeep
|turn|4
|
|t:|1629315900
|switch|p2a: Heatran|Heatran, M, shiny|100/100
|switch|p1a: Corviknight|Corviknight, M|44/100
|-ability|p1a: Corviknight|Pressure
|
|upkeep
|turn|5
|
|t:|1629315904
|switch|p1a: Blissey|Blissey, F|100/100
|move|p2a: Heatran|Earth Power|p1a: Blissey
|-damage|p1a: Blissey|88/100
|
|upkeep
|turn|6
|
|t:|1629315908
|move|p2a: Heatran|Taunt|p1a: Blissey
|-start|p1a: Blissey|move: Taunt
|move|p1a: Blissey|Seismic Toss|p2a: Heatran
|-damage|p2a: Heatran|75/100
|
|-heal|p2a: Heatran|81/100|[from] item: Leftovers
|upkeep
|turn|7
|
|t:|1629315909
|move|p2a: Heatran|Magma Storm|p1a: Blissey
|-damage|p1a: Blissey|67/100
|-activate|p1a: Blissey|move: Magma Storm|[of] p2a: Heatran
|move|p1a: Blissey|Seismic Toss|p2a: Heatran
|-damage|p2a: Heatran|55/100
|
|-heal|p2a: Heatran|61/100|[from] item: Leftovers
|-damage|p1a: Blissey|55/100|[from] move: Magma Storm|[partiallytrapped]
|upkeep
|turn|8
|
|t:|1629315911
|move|p2a: Heatran|Toxic|p1a: Blissey
|-status|p1a: Blissey|tox
|move|p1a: Blissey|Seismic Toss|p2a: Heatran
|-damage|p2a: Heatran|35/100
|
|-heal|p2a: Heatran|41/100|[from] item: Leftovers
|-damage|p1a: Blissey|49/100 tox|[from] psn
|-damage|p1a: Blissey|36/100 tox|[from] move: Magma Storm|[partiallytrapped]
|-end|p1a: Blissey|move: Taunt
|upkeep
|turn|9
|
|t:|1629315914
|move|p2a: Heatran|Earth Power|p1a: Blissey
|-damage|p1a: Blissey|24/100 tox
|move|p1a: Blissey|Seismic Toss|p2a: Heatran
|-damage|p2a: Heatran|16/100
|
|-heal|p2a: Heatran|22/100|[from] item: Leftovers
|-damage|p1a: Blissey|12/100 tox|[from] psn
|-damage|p1a: Blissey|0 fnt|[from] move: Magma Storm|[partiallytrapped]
|faint|p1a: Blissey
|upkeep
|
|t:|1629315919
|switch|p1a: Ditto|Ditto|100/100
|-transform|p1a: Ditto|p2a: Heatran|[from] ability: Imposter
|turn|10
|inactive|FairyGod2021 has 120 seconds left.
|
|t:|1629315955
|switch|p2a: Zapdos|Zapdos, shiny|100/100
|move|p1a: Ditto|Earth Power|p2a: Zapdos
|-immune|p2a: Zapdos
|
|upkeep
|turn|11
|
|t:|1629315963
|switch|p1a: Toxapex|Toxapex, M|100/100
|move|p2a: Zapdos|Volt Switch|p1a: Toxapex
|-supereffective|p1a: Toxapex
|-damage|p1a: Toxapex|56/100
|
|t:|1629315968
|switch|p2a: Heatran|Heatran, M, shiny|22/100|[from]move: Volt Switch
|
|-heal|p2a: Heatran|28/100|[from] item: Leftovers
|-heal|p1a: Toxapex|63/100|[from] item: Black Sludge
|upkeep
|turn|12
|
|t:|1629315972
|move|p2a: Heatran|Earth Power|p1a: Toxapex
|-supereffective|p1a: Toxapex
|-damage|p1a: Toxapex|9/100
|move|p1a: Toxapex|Knock Off|p2a: Heatran
|-damage|p2a: Heatran|16/100
|-enditem|p2a: Heatran|Leftovers|[from] move: Knock Off|[of] p1a: Toxapex
|
|-heal|p1a: Toxapex|16/100|[from] item: Black Sludge
|upkeep
|turn|13
|
|t:|1629315979
|switch|p1a: Ditto|Ditto|100/100
|-transform|p1a: Ditto|p2a: Heatran|[from] ability: Imposter
|move|p2a: Heatran|Magma Storm|p1a: Ditto
|-start|p1a: Ditto|ability: Flash Fire
|
|upkeep
|turn|14
|
|t:|1629315983
|switch|p2a: Rotom|Rotom-Heat, shiny|100/100
|move|p1a: Ditto|Earth Power|p2a: Rotom
|-immune|p2a: Rotom|[from] ability: Levitate
|
|upkeep
|turn|15
|
|t:|1629315991
|-end|p1a: Ditto|ability: Flash Fire|[silent]
|switch|p1a: Shedinja|Shedinja|100/100
|move|p2a: Rotom|Nasty Plot|p2a: Rotom
|-boost|p2a: Rotom|spa|2
|
|upkeep
|turn|16
|
|t:|1629315999
|switch|p1a: Clefable|Clefable, M|100/100
|move|p2a: Rotom|Nasty Plot|p2a: Rotom
|-boost|p2a: Rotom|spa|2
|
|upkeep
|turn|17
|
|t:|1629316005
|switch|p2a: Heatran|Heatran, M, shiny|16/100
|move|p1a: Clefable|Stealth Rock|p2a: Heatran
|-sidestart|p2: FairyGod2021|move: Stealth Rock
|
|upkeep
|turn|18
|
|t:|1629316010
|move|p2a: Heatran|Toxic|p1a: Clefable
|-status|p1a: Clefable|tox
|move|p1a: Clefable|Moonblast|p2a: Heatran
|-resisted|p2a: Heatran
|-damage|p2a: Heatran|10/100
|
|-damage|p1a: Clefable|94/100 tox|[from] psn
|upkeep
|turn|19
|
|t:|1629316017
|move|p2a: Heatran|Magma Storm|p1a: Clefable|[miss]
|-miss|p2a: Heatran|p1a: Clefable
|move|p1a: Clefable|Moonblast|p2a: Heatran
|-resisted|p2a: Heatran
|-damage|p2a: Heatran|3/100
|
|-heal|p1a: Clefable|100/100 tox|[from] item: Leftovers
|-damage|p1a: Clefable|88/100 tox|[from] psn
|upkeep
|turn|20
|
|t:|1629316020
|switch|p1a: Ditto|Ditto|100/100
|-transform|p1a: Ditto|p2a: Heatran|[from] ability: Imposter
|move|p2a: Heatran|Earth Power|p1a: Ditto
|-supereffective|p1a: Ditto
|-damage|p1a: Ditto|0 fnt
|faint|p1a: Ditto
|
|upkeep
|-message|lebanesestinker forfeited.
|
|win|FairyGod2021
|l|☆lebanesestinker
|raw|lebanesestinker's rating: 1620 &rarr; <strong>1605</strong><br />(-15 for losing)
|raw|FairyGod2021's rating: 1709 &rarr; <strong>1724</strong><br />(+15 for winning)
||Ladder isn't responding, score probably updated but might not have (Request timeout).
