|raw|<div class="broadcast-blue"><strong>This battle is required to be public due to a player having a name starting with 'lt91bb'.</div>
|j|☆Ayante
|j|☆LT91BB Harshal
|t:|1659247793
|gametype|singles
|player|p1|Ayante|steven|1813
|player|p2|LT91BB Harshal|dawn|1762
|teamsize|p1|6
|teamsize|p2|6
|gen|8
|tier|[Gen 8] OU
|rated|
|rule|Sleep Clause Mod: Limit one foe put to sleep
|rule|Species Clause: Limit one of each Pokémon
|rule|OHKO Clause: OHKO moves are banned
|rule|Evasion Moves Clause: Evasion moves are banned
|rule|Endless Battle Clause: Forcing endless battles is banned
|rule|HP Percentage Mod: HP is shown in percentages
|rule|Dynamax Clause: You cannot dynamax
|clearpoke
|poke|p1|Rotom-Heat|
|poke|p1|Melmetal|
|poke|p1|Tornadus-Therian, M|
|poke|p1|Garchomp, M|
|poke|p1|Clefable, F|
|poke|p1|Dragapult, M|
|poke|p2|Weavile, F|
|poke|p2|Volcanion|
|poke|p2|Zapdos|
|poke|p2|Landorus-Therian, M|
|poke|p2|Ferrothorn, F|
|poke|p2|Tapu Lele|
|teampreview
|
|t:|1659247805
|start
|switch|p1a: Dragapult|Dragapult, M|100/100
|switch|p2a: Tapu Lele|Tapu Lele|100/100
|-fieldstart|move: Psychic Terrain|[from] ability: Psychic Surge|[of] p2a: Tapu Lele
|turn|1
|inactive|Battle timer is ON: inactive players will automatically lose when time's up. (requested by Ayante)
|
|t:|1659247813
|switch|p1a: Melmetal|Melmetal|100/100
|move|p2a: Tapu Lele|Future Sight|p1a: Melmetal
|-start|p2a: Tapu Lele|move: Future Sight
|
|upkeep
|turn|2
|j| Zofer≠
|j| Arrito
|inactive|LT91BB Harshal has 120 seconds left.
|j| lakob
|
|t:|1659247871
|switch|p2a: Ferrothorn|Ferrothorn, F|100/100
|move|p1a: Melmetal|Toxic|p2a: Ferrothorn|[miss]
|-miss|p1a: Melmetal|p2a: Ferrothorn
|
|upkeep
|turn|3
|
|t:|1659247882
|switch|p2a: Volcanion|Volcanion|100/100
|move|p1a: Melmetal|Protect||[still]
|-fail|p1a: Melmetal
|
|-end|p1a: Melmetal|move: Future Sight
|-resisted|p1a: Melmetal
|-damage|p1a: Melmetal|64/100
|-heal|p1a: Melmetal|70/100|[from] item: Leftovers
|upkeep
|turn|4
|l| lakob
|
|t:|1659247891
|move|p1a: Melmetal|Protect|p1a: Melmetal
|-singleturn|p1a: Melmetal|Protect
|move|p2a: Volcanion|Flamethrower|p1a: Melmetal
|-activate|p1a: Melmetal|move: Protect
|
|-heal|p1a: Melmetal|76/100|[from] item: Leftovers
|upkeep
|turn|5
|
|t:|1659247902
|switch|p1a: Garchomp|Garchomp, M|100/100
|move|p2a: Volcanion|Steam Eruption|p1a: Garchomp
|-damage|p1a: Garchomp|42/100
|
|-heal|p1a: Garchomp|48/100|[from] item: Leftovers
|-fieldend|move: Psychic Terrain
|upkeep
|turn|6
|
|t:|1659247920
|switch|p2a: Landorus|Landorus-Therian, M|100/100
|-ability|p2a: Landorus|Intimidate|boost
|-unboost|p1a: Garchomp|atk|1
|move|p1a: Garchomp|Stealth Rock|p2a: Landorus
|-sidestart|p2: LT91BB Harshal|move: Stealth Rock
|
|-heal|p1a: Garchomp|54/100|[from] item: Leftovers
|upkeep
|turn|7
|
|t:|1659247926
|switch|p1a: Tornadus|Tornadus-Therian, M|100/100
|move|p2a: Landorus|Stealth Rock|p1a: Tornadus
|-sidestart|p1: Ayante|move: Stealth Rock
|
|upkeep
|turn|8
|
|t:|1659247941
|move|p1a: Tornadus|Knock Off|p2a: Landorus
|-damage|p2a: Landorus|81/100
|-enditem|p2a: Landorus|Leftovers|[from] move: Knock Off|[of] p1a: Tornadus
|move|p2a: Landorus|Toxic|p1a: Tornadus
|-status|p1a: Tornadus|tox
|
|-damage|p1a: Tornadus|94/100 tox|[from] psn
|upkeep
|turn|9
|
|t:|1659247959
|move|p1a: Tornadus|Icy Wind|p2a: Landorus
|-supereffective|p2a: Landorus
|-damage|p2a: Landorus|35/100
|-unboost|p2a: Landorus|spe|1
|move|p2a: Landorus|U-turn|p1a: Tornadus
|-resisted|p1a: Tornadus
|-damage|p1a: Tornadus|82/100 tox
|
|t:|1659247966
|switch|p2a: Weavile|Weavile, F|100/100|[from]move: U-turn
|-ability|p2a: Weavile|Pressure
|
|-damage|p1a: Tornadus|70/100 tox|[from] psn
|upkeep
|turn|10
|
|t:|1659247975
|move|p1a: Tornadus|U-turn|p2a: Weavile
|-supereffective|p2a: Weavile
|-damage|p2a: Weavile|51/100
|
|t:|1659247977
|switch|p1a: Clefable|Clefable, F|100/100|[from]move: U-turn
|move|p2a: Weavile|Knock Off|p1a: Clefable
|-resisted|p1a: Clefable
|-damage|p1a: Clefable|80/100
|-damage|p2a: Weavile|34/100|[from] item: Rocky Helmet|[of] p1a: Clefable
|-enditem|p1a: Clefable|Rocky Helmet|[from] move: Knock Off|[of] p2a: Weavile
|
|upkeep
|turn|11
|inactive|LT91BB Harshal has 120 seconds left.
|
|t:|1659248001
|move|p2a: Weavile|Triple Axel|p1a: Clefable
|-damage|p1a: Clefable|70/100
|-damage|p1a: Clefable|51/100
|-damage|p1a: Clefable|24/100
|-hitcount|p1a: Clefable|3
|move|p1a: Clefable|Moonblast|p2a: Weavile
|-supereffective|p2a: Weavile
|-damage|p2a: Weavile|0 fnt
|faint|p2a: Weavile
|
|upkeep
|
|t:|1659248014
|switch|p2a: Volcanion|Volcanion|100/100
|turn|12
|
|t:|1659248018
|switch|p1a: Tornadus|Tornadus-Therian, M|100/100 tox
|move|p2a: Volcanion|Flamethrower|p1a: Tornadus
|-damage|p1a: Tornadus|51/100 tox
|
|-damage|p1a: Tornadus|45/100 tox|[from] psn
|upkeep
|turn|13
|
|t:|1659248024
|move|p1a: Tornadus|Knock Off|p2a: Volcanion
|-damage|p2a: Volcanion|83/100
|-enditem|p2a: Volcanion|Heavy-Duty Boots|[from] move: Knock Off|[of] p1a: Tornadus
|move|p2a: Volcanion|Steam Eruption|p1a: Tornadus
|-damage|p1a: Tornadus|0 fnt
|faint|p1a: Tornadus
|
|upkeep
|
|t:|1659248032
|switch|p1a: Garchomp|Garchomp, M|54/100
|-damage|p1a: Garchomp|48/100|[from] Stealth Rock
|turn|14
|
|t:|1659248041
|switch|p2a: Ferrothorn|Ferrothorn, F|100/100
|-damage|p2a: Ferrothorn|94/100|[from] Stealth Rock
|move|p1a: Garchomp|Earthquake|p2a: Ferrothorn
|-damage|p2a: Ferrothorn|62/100
|
|-heal|p1a: Garchomp|54/100|[from] item: Leftovers
|upkeep
|turn|15
|
|t:|1659248049
|move|p1a: Garchomp|Swords Dance|p1a: Garchomp
|-boost|p1a: Garchomp|atk|2
|move|p2a: Ferrothorn|Knock Off|p1a: Garchomp
|-damage|p1a: Garchomp|34/100
|-damage|p2a: Ferrothorn|50/100|[from] ability: Rough Skin|[of] p1a: Garchomp
|-enditem|p1a: Garchomp|Leftovers|[from] move: Knock Off|[of] p2a: Ferrothorn
|
|upkeep
|turn|16
|
|t:|1659248061
|move|p1a: Garchomp|Earthquake|p2a: Ferrothorn
|-damage|p2a: Ferrothorn|0 fnt
|faint|p2a: Ferrothorn
|
|upkeep
|
|t:|1659248064
|switch|p2a: Tapu Lele|Tapu Lele|100/100
|-damage|p2a: Tapu Lele|88/100|[from] Stealth Rock
|-fieldstart|move: Psychic Terrain|[from] ability: Psychic Surge|[of] p2a: Tapu Lele
|turn|17
|
|t:|1659248073
|switch|p1a: Melmetal|Melmetal|76/100
|-damage|p1a: Melmetal|70/100|[from] Stealth Rock
|move|p2a: Tapu Lele|Psychic|p1a: Melmetal
|-resisted|p1a: Melmetal
|-damage|p1a: Melmetal|41/100
|-unboost|p1a: Melmetal|spd|1
|
|-heal|p1a: Melmetal|47/100|[from] item: Leftovers
|upkeep
|turn|18
|
|t:|1659248082
|switch|p2a: Zapdos|Zapdos|100/100
|move|p1a: Melmetal|Toxic|p2a: Zapdos
|-status|p2a: Zapdos|tox
|
|-heal|p1a: Melmetal|53/100|[from] item: Leftovers
|-damage|p2a: Zapdos|94/100 tox|[from] psn
|upkeep
|turn|19
|
|t:|1659248087
|switch|p2a: Volcanion|Volcanion|83/100
|-damage|p2a: Volcanion|58/100|[from] Stealth Rock
|move|p1a: Melmetal|Protect||[still]
|-fail|p1a: Melmetal
|
|-heal|p1a: Melmetal|60/100|[from] item: Leftovers
|upkeep
|turn|20
|
|t:|1659248093
|move|p1a: Melmetal|Protect|p1a: Melmetal
|-singleturn|p1a: Melmetal|Protect
|move|p2a: Volcanion|Steam Eruption|p1a: Melmetal
|-activate|p1a: Melmetal|move: Protect
|
|-heal|p1a: Melmetal|66/100|[from] item: Leftovers
|upkeep
|turn|21
|
|t:|1659248109
|switch|p1a: Dragapult|Dragapult, M|100/100
|move|p2a: Volcanion|Steam Eruption|p1a: Dragapult
|-resisted|p1a: Dragapult
|-damage|p1a: Dragapult|61/100
|
|-fieldend|move: Psychic Terrain
|upkeep
|turn|22
|
|t:|1659248117
|switch|p2a: Landorus|Landorus-Therian, M|35/100
|-damage|p2a: Landorus|22/100|[from] Stealth Rock
|-ability|p2a: Landorus|Intimidate|boost
|-unboost|p1a: Dragapult|atk|1
|move|p1a: Dragapult|Dragon Darts|p2a: Landorus
|-damage|p2a: Landorus|7/100
|-anim|p1a: Dragapult|Dragon Darts|p2a: Landorus
|-damage|p2a: Landorus|0 fnt
|faint|p2a: Landorus
|
|upkeep
|
|t:|1659248120
|switch|p2a: Tapu Lele|Tapu Lele|88/100
|-damage|p2a: Tapu Lele|76/100|[from] Stealth Rock
|-fieldstart|move: Psychic Terrain|[from] ability: Psychic Surge|[of] p2a: Tapu Lele
|turn|23
|
|t:|1659248126
|switch|p1a: Clefable|Clefable, F|24/100
|move|p2a: Tapu Lele|Moonblast|p1a: Clefable
|-damage|p1a: Clefable|0 fnt
|faint|p1a: Clefable
|
|upkeep
|
|t:|1659248137
|switch|p1a: Rotom|Rotom-Heat|100/100
|turn|24
|
|t:|1659248141
|switch|p2a: Zapdos|Zapdos|94/100 tox
|move|p1a: Rotom|Discharge|p2a: Zapdos
|-damage|p2a: Zapdos|68/100 tox
|
|-damage|p2a: Zapdos|62/100 tox|[from] psn
|upkeep
|turn|25
|
|t:|1659248145
|move|p1a: Rotom|Discharge|p2a: Zapdos
|-damage|p2a: Zapdos|35/100 tox
|move|p2a: Zapdos|Hurricane|p1a: Rotom
|-resisted|p1a: Rotom
|-damage|p1a: Rotom|76/100
|
|-damage|p2a: Zapdos|23/100 tox|[from] psn
|upkeep
|turn|26
|
|t:|1659248151
|move|p1a: Rotom|Discharge|p2a: Zapdos
|-damage|p2a: Zapdos|0 fnt
|faint|p2a: Zapdos
|
|upkeep
|
|t:|1659248155
|switch|p2a: Tapu Lele|Tapu Lele|76/100
|-damage|p2a: Tapu Lele|63/100|[from] Stealth Rock
|turn|27
|
|t:|1659248162
|switch|p1a: Dragapult|Dragapult, M|61/100
|move|p2a: Tapu Lele|Psychic|p1a: Dragapult
|-damage|p1a: Dragapult|0 fnt
|faint|p1a: Dragapult
|
|-fieldend|move: Psychic Terrain
|upkeep
|
|t:|1659248171
|switch|p1a: Melmetal|Melmetal|66/100
|-damage|p1a: Melmetal|60/100|[from] Stealth Rock
|turn|28
|l| Zofer≠
|
|t:|1659248174
|switch|p2a: Volcanion|Volcanion|58/100
|-damage|p2a: Volcanion|33/100|[from] Stealth Rock
|move|p1a: Melmetal|Earthquake|p2a: Volcanion
|-supereffective|p2a: Volcanion
|-damage|p2a: Volcanion|0 fnt
|faint|p2a: Volcanion
|
|-heal|p1a: Melmetal|66/100|[from] item: Leftovers
|upkeep
|
|t:|1659248176
|switch|p2a: Tapu Lele|Tapu Lele|63/100
|-damage|p2a: Tapu Lele|51/100|[from] Stealth Rock
|-fieldstart|move: Psychic Terrain|[from] ability: Psychic Surge|[of] p2a: Tapu Lele
|turn|29
|
|t:|1659248179
|move|p1a: Melmetal|Protect|p1a: Melmetal
|-singleturn|p1a: Melmetal|Protect
|move|p2a: Tapu Lele|Focus Blast|p1a: Melmetal
|-activate|p1a: Melmetal|move: Protect
|
|-heal|p1a: Melmetal|72/100|[from] item: Leftovers
|upkeep
|turn|30
|
|t:|1659248186
|move|p2a: Tapu Lele|Focus Blast|p1a: Melmetal|[miss]
|-miss|p2a: Tapu Lele|p1a: Melmetal
|move|p1a: Melmetal|Double Iron Bash|p2a: Tapu Lele
|-supereffective|p2a: Tapu Lele
|-damage|p2a: Tapu Lele|0 fnt
|faint|p2a: Tapu Lele
|-hitcount|p2: Tapu Lele|1
|
|win|Ayante
|raw|Ayante's rating: 1813 &rarr; <strong>1830</strong><br />(+17 for winning)
|raw|LT91BB Harshal's rating: 1762 &rarr; <strong>1745</strong><br />(-17 for losing)
|l|☆LT91BB Harshal
|l|☆Ayante
|j|☆Ayante
|player|p1|Ayante|steven
