|j|☆Q114
|j|☆Dollynho Coach
|player|p1|Q114|102|1712
|player|p2|Dollynho Coach|pokemaniac|1714
|teamsize|p1|6
|teamsize|p2|6
|gametype|singles
|gen|8
|tier|[Gen 8] OU
|rated|
|clearpoke
|poke|p1|Toxapex, M|
|poke|p1|Ferrothorn, M|
|poke|p1|Seismitoad, M|
|poke|p1|Tyranitar, M|
|poke|p1|Clefable, M|
|poke|p1|Corviknight, F|
|poke|p2|Clefable, M|
|poke|p2|Salazzle, F|
|poke|p2|Toxapex, M|
|poke|p2|Corviknight, M|
|poke|p2|Seismitoad, M|
|poke|p2|Diggersby, M|
|rule|Sleep Clause Mod: Limit one foe put to sleep
|rule|Species Clause: Limit one of each Pokémon
|rule|OHKO Clause: OHKO moves are banned
|rule|Evasion Moves Clause: Evasion moves are banned
|rule|Endless Battle Clause: Forcing endless battles is banned
|rule|HP Percentage Mod: HP is shown in percentages
|rule|Dynamax Clause: You cannot dynamax
|teampreview
|inactive|Battle timer is ON: inactive players will automatically lose when time's up. (requested by Dollynho Coach)
|j| DollynhoSaborAnus
|
|start
|switch|p1a: Ferrothorn|Ferrothorn, M|100/100
|switch|p2a: Toxapex|Toxapex, M|100/100
|turn|1
|
|move|p2a: Toxapex|Knock Off|p1a: Ferrothorn
|-damage|p1a: Ferrothorn|89/100
|-damage|p2a: Toxapex|88/100|[from] ability: Iron Barbs|[of] p1a: Ferrothorn
|-enditem|p1a: Ferrothorn|Leftovers|[from] move: Knock Off|[of] p2a: Toxapex
|move|p1a: Ferrothorn|Knock Off|p2a: Toxapex
|-damage|p2a: Toxapex|76/100
|-enditem|p2a: Toxapex|Black Sludge|[from] move: Knock Off|[of] p1a: Ferrothorn
|
|upkeep
|turn|2
|
|move|p2a: Toxapex|Scald|p1a: Ferrothorn
|-resisted|p1a: Ferrothorn
|-damage|p1a: Ferrothorn|84/100
|-status|p1a: Ferrothorn|brn
|move|p1a: Ferrothorn|Spikes|p2a: Toxapex
|-sidestart|p2: Dollynho Coach|Spikes
|
|-damage|p1a: Ferrothorn|78/100 brn|[from] brn
|upkeep
|turn|3
|
|move|p2a: Toxapex|Toxic Spikes|p1a: Ferrothorn
|-sidestart|p1: Q114|move: Toxic Spikes
|move|p1a: Ferrothorn|Leech Seed|p2a: Toxapex
|-start|p2a: Toxapex|move: Leech Seed
|
|-damage|p2a: Toxapex|63/100|[from] Leech Seed|[of] p1a: Ferrothorn
|-heal|p1a: Ferrothorn|89/100 brn|[silent]
|-damage|p1a: Ferrothorn|83/100 brn|[from] brn
|upkeep
|turn|4
|
|switch|p2a: Corviknight|Corviknight, M|100/100
|-ability|p2a: Corviknight|Pressure
|move|p1a: Ferrothorn|Spikes|p2a: Corviknight
|-sidestart|p2: Dollynho Coach|Spikes
|
|-damage|p1a: Ferrothorn|77/100 brn|[from] brn
|upkeep
|turn|5
|
|move|p2a: Corviknight|Body Press|p1a: Ferrothorn
|-supereffective|p1a: Ferrothorn
|-damage|p1a: Ferrothorn|38/100 brn
|-damage|p2a: Corviknight|88/100|[from] ability: Iron Barbs|[of] p1a: Ferrothorn
|move|p1a: Ferrothorn|Knock Off|p2a: Corviknight
|-damage|p2a: Corviknight|81/100
|-enditem|p2a: Corviknight|Leftovers|[from] move: Knock Off|[of] p1a: Ferrothorn
|
|-damage|p1a: Ferrothorn|32/100 brn|[from] brn
|upkeep
|turn|6
|j| Coronavirus Go!
|
|switch|p1a: Corviknight|Corviknight, F|100/100
|-ability|p1a: Corviknight|Pressure
|move|p2a: Corviknight|Defog|p1a: Corviknight
|-unboost|p1a: Corviknight|evasion|1
|-sideend|p1: Q114|Toxic Spikes|[from] move: Defog|[of] p2a: Corviknight
|-sideend|p2: Dollynho Coach|Spikes|[from] move: Defog|[of] p2a: Corviknight
|
|upkeep
|turn|7
|
|switch|p1a: Clefable|Clefable, M|100/100
|move|p2a: Corviknight|U-turn|p1a: Clefable
|-resisted|p1a: Clefable
|-damage|p1a: Clefable|95/100
|
|switch|p2a: Salazzle|Salazzle, F|100/100|[from]move: U-turn
|
|-heal|p1a: Clefable|100/100|[from] item: Leftovers
|upkeep
|turn|8
|
|switch|p1a: Toxapex|Toxapex, M|100/100
|move|p2a: Salazzle|Sludge Wave|p1a: Toxapex
|-resisted|p1a: Toxapex
|-damage|p1a: Toxapex|81/100
|
|-heal|p1a: Toxapex|87/100|[from] item: Black Sludge
|upkeep
|turn|9
|
|move|p2a: Salazzle|Toxic|p1a: Toxapex
|-status|p1a: Toxapex|tox
|move|p1a: Toxapex|Toxic Spikes|p2a: Salazzle
|-sidestart|p2: Dollynho Coach|move: Toxic Spikes
|
|-heal|p1a: Toxapex|93/100 tox|[from] item: Black Sludge
|-damage|p1a: Toxapex|87/100 tox|[from] psn
|upkeep
|turn|10
|
|switch|p2a: Toxapex|Toxapex, M|97/100
|-sideend|p2: Dollynho Coach|move: Toxic Spikes|[of] p2a: Toxapex
|move|p1a: Toxapex|Scald|p2a: Toxapex
|-resisted|p2a: Toxapex
|-damage|p2a: Toxapex|90/100
|
|-heal|p1a: Toxapex|93/100 tox|[from] item: Black Sludge
|-damage|p1a: Toxapex|81/100 tox|[from] psn
|upkeep
|turn|11
|
|switch|p1a: Clefable|Clefable, M|100/100
|move|p2a: Toxapex|Toxic Spikes|p1a: Clefable
|-sidestart|p1: Q114|move: Toxic Spikes
|
|upkeep
|turn|12
|
|move|p1a: Clefable|Wish|p1a: Clefable
|move|p2a: Toxapex|Knock Off|p1a: Clefable
|-resisted|p1a: Clefable
|-damage|p1a: Clefable|95/100
|-enditem|p1a: Clefable|Leftovers|[from] move: Knock Off|[of] p2a: Toxapex
|
|upkeep
|turn|13
|
|switch|p1a: Ferrothorn|Ferrothorn, M|32/100 brn
|switch|p2a: Diggersby|Diggersby, M|100/100
|
|-heal|p1a: Ferrothorn|88/100 brn|[from] move: Wish|[wisher] Clefable
|-damage|p1a: Ferrothorn|82/100 brn|[from] brn
|upkeep
|turn|14
|
|switch|p1a: Corviknight|Corviknight, F|100/100
|-ability|p1a: Corviknight|Pressure
|move|p2a: Diggersby|Superpower|p1a: Corviknight
|-damage|p1a: Corviknight|54/100
|-unboost|p2a: Diggersby|atk|1
|-unboost|p2a: Diggersby|def|1
|-damage|p2a: Diggersby|84/100|[from] item: Rocky Helmet|[of] p1a: Corviknight
|
|upkeep
|turn|15
|j| follow proto
|
|switch|p2a: Seismitoad|Seismitoad, M|100/100
|move|p1a: Corviknight|Roost|p1a: Corviknight
|-heal|p1a: Corviknight|100/100
|-singleturn|p1a: Corviknight|move: Roost
|
|upkeep
|turn|16
|
|move|p1a: Corviknight|Bulk Up|p1a: Corviknight
|-boost|p1a: Corviknight|atk|1
|-boost|p1a: Corviknight|def|1
|move|p2a: Seismitoad|Knock Off|p1a: Corviknight
|-damage|p1a: Corviknight|91/100
|-damage|p2a: Seismitoad|84/100|[from] item: Rocky Helmet|[of] p1a: Corviknight
|-enditem|p1a: Corviknight|Rocky Helmet|[from] move: Knock Off|[of] p2a: Seismitoad
|
|-heal|p2a: Seismitoad|90/100|[from] item: Leftovers
|upkeep
|turn|17
|
|switch|p1a: Toxapex|Toxapex, M|100/100 tox
|-sideend|p1: Q114|move: Toxic Spikes|[of] p1a: Toxapex
|move|p2a: Seismitoad|Scald|p1a: Toxapex
|-resisted|p1a: Toxapex
|-crit|p1a: Toxapex
|-damage|p1a: Toxapex|86/100 tox
|
|-heal|p2a: Seismitoad|96/100|[from] item: Leftovers
|-heal|p1a: Toxapex|92/100 tox|[from] item: Black Sludge
|-damage|p1a: Toxapex|86/100 tox|[from] psn
|upkeep
|turn|18
|j| CoronavirusNO
|
|switch|p2a: Toxapex|Toxapex, M|100/100
|switch|p1a: Clefable|Clefable, M|95/100
|
|upkeep
|turn|19
|
|move|p1a: Clefable|Aromatherapy|p1a: Clefable
|-activate|p1a: Clefable|move: Aromatherapy
|-curestatus|p1: Ferrothorn|brn|[msg]
|-curestatus|p1: Toxapex|tox|[msg]
|move|p2a: Toxapex|Toxic Spikes|p1a: Clefable
|-sidestart|p1: Q114|move: Toxic Spikes
|
|upkeep
|turn|20
|
|switch|p1a: Toxapex|Toxapex, M|100/100
|-sideend|p1: Q114|move: Toxic Spikes|[of] p1a: Toxapex
|switch|p2a: Salazzle|Salazzle, F|100/100
|
|upkeep
|turn|21
|l| CoronavirusNO
|
|switch|p2a: Toxapex|Toxapex, M|100/100
|move|p1a: Toxapex|Scald|p2a: Toxapex
|-resisted|p2a: Toxapex
|-damage|p2a: Toxapex|94/100
|
|upkeep
|turn|22
|
|move|p2a: Toxapex|Toxic Spikes|p1a: Toxapex
|-sidestart|p1: Q114|move: Toxic Spikes
|move|p1a: Toxapex|Scald|p2a: Toxapex
|-resisted|p2a: Toxapex
|-damage|p2a: Toxapex|87/100
|-status|p2a: Toxapex|brn
|
|-damage|p2a: Toxapex|80/100 brn|[from] brn
|upkeep
|turn|23
|
|move|p2a: Toxapex|Knock Off|p1a: Toxapex
|-damage|p1a: Toxapex|96/100
|-enditem|p1a: Toxapex|Black Sludge|[from] move: Knock Off|[of] p2a: Toxapex
|move|p1a: Toxapex|Scald|p2a: Toxapex
|-resisted|p2a: Toxapex
|-damage|p2a: Toxapex|74/100 brn
|
|-damage|p2a: Toxapex|68/100 brn|[from] brn
|upkeep
|turn|24
|j| Pineco is hot
|
|move|p2a: Toxapex|Scald|p1a: Toxapex
|-resisted|p1a: Toxapex
|-damage|p1a: Toxapex|89/100
|move|p1a: Toxapex|Scald|p2a: Toxapex
|-resisted|p2a: Toxapex
|-damage|p2a: Toxapex|62/100 brn
|
|-damage|p2a: Toxapex|55/100 brn|[from] brn
|upkeep
|turn|25
|l| Pineco is hot
|
|move|p2a: Toxapex|Recover|p2a: Toxapex
|-heal|p2a: Toxapex|100/100 brn
|move|p1a: Toxapex|Scald|p2a: Toxapex
|-resisted|p2a: Toxapex
|-damage|p2a: Toxapex|94/100 brn
|
|-damage|p2a: Toxapex|87/100 brn|[from] brn
|upkeep
|turn|26
|
|move|p2a: Toxapex|Scald|p1a: Toxapex
|-resisted|p1a: Toxapex
|-damage|p1a: Toxapex|82/100
|-status|p1a: Toxapex|brn
|move|p1a: Toxapex|Scald|p2a: Toxapex
|-resisted|p2a: Toxapex
|-damage|p2a: Toxapex|80/100 brn
|
|-damage|p2a: Toxapex|74/100 brn|[from] brn
|-damage|p1a: Toxapex|76/100 brn|[from] brn
|upkeep
|turn|27
|
|switch|p1a: Corviknight|Corviknight, F|91/100
|-ability|p1a: Corviknight|Pressure
|move|p2a: Toxapex|Toxic Spikes|p1a: Corviknight
|-sidestart|p1: Q114|move: Toxic Spikes
|
|-damage|p2a: Toxapex|68/100 brn|[from] brn
|upkeep
|turn|28
|l| follow proto
|
|switch|p1a: Toxapex|Toxapex, M|100/100 brn
|-sideend|p1: Q114|move: Toxic Spikes|[of] p1a: Toxapex
|switch|p2a: Seismitoad|Seismitoad, M|96/100
|
|-heal|p2a: Seismitoad|100/100|[from] item: Leftovers
|-damage|p1a: Toxapex|95/100 brn|[from] brn
|upkeep
|turn|29
|
|switch|p2a: Toxapex|Toxapex, M|100/100 brn
|switch|p1a: Seismitoad|Seismitoad, M|100/100
|
|-damage|p2a: Toxapex|94/100 brn|[from] brn
|upkeep
|turn|30
|
|move|p1a: Seismitoad|Stealth Rock|p2a: Toxapex
|-sidestart|p2: Dollynho Coach|move: Stealth Rock
|move|p2a: Toxapex|Knock Off|p1a: Seismitoad
|-damage|p1a: Seismitoad|96/100
|-enditem|p1a: Seismitoad|Leftovers|[from] move: Knock Off|[of] p2a: Toxapex
|
|-damage|p2a: Toxapex|88/100 brn|[from] brn
|upkeep
|turn|31
|
|switch|p1a: Ferrothorn|Ferrothorn, M|82/100
|move|p2a: Toxapex|Toxic Spikes|p1a: Ferrothorn
|-sidestart|p1: Q114|move: Toxic Spikes
|
|-damage|p2a: Toxapex|82/100 brn|[from] brn
|upkeep
|turn|32
|
|move|p2a: Toxapex|Scald|p1a: Ferrothorn
|-resisted|p1a: Ferrothorn
|-crit|p1a: Ferrothorn
|-damage|p1a: Ferrothorn|74/100
|move|p1a: Ferrothorn|Leech Seed|p2a: Toxapex
|-start|p2a: Toxapex|move: Leech Seed
|
|-damage|p2a: Toxapex|69/100 brn|[from] Leech Seed|[of] p1a: Ferrothorn
|-heal|p1a: Ferrothorn|85/100|[silent]
|-damage|p2a: Toxapex|63/100 brn|[from] brn
|upkeep
|turn|33
|
|switch|p2a: Corviknight|Corviknight, M|81/100
|-damage|p2a: Corviknight|69/100|[from] Stealth Rock
|-ability|p2a: Corviknight|Pressure
|switch|p1a: Toxapex|Toxapex, M|100/100 brn
|-sideend|p1: Q114|move: Toxic Spikes|[of] p1a: Toxapex
|
|-damage|p1a: Toxapex|95/100 brn|[from] brn
|upkeep
|turn|34
|
|move|p2a: Corviknight|Defog|p1a: Toxapex
|-unboost|p1a: Toxapex|evasion|1
|-sideend|p2: Dollynho Coach|Stealth Rock|[from] move: Defog|[of] p2a: Corviknight
|move|p1a: Toxapex|Scald|p2a: Corviknight
|-damage|p2a: Corviknight|51/100
|
|-damage|p1a: Toxapex|89/100 brn|[from] brn
|upkeep
|turn|35
|
|move|p2a: Corviknight|Roost|p2a: Corviknight
|-heal|p2a: Corviknight|100/100
|-singleturn|p2a: Corviknight|move: Roost
|move|p1a: Toxapex|Scald|p2a: Corviknight
|-damage|p2a: Corviknight|83/100
|
|-damage|p1a: Toxapex|83/100 brn|[from] brn
|upkeep
|turn|36
|
|switch|p1a: Corviknight|Corviknight, F|91/100
|-ability|p1a: Corviknight|Pressure
|move|p2a: Corviknight|Body Press|p1a: Corviknight
|-damage|p1a: Corviknight|74/100
|
|upkeep
|turn|37
|
|move|p1a: Corviknight|Roost|p1a: Corviknight
|-heal|p1a: Corviknight|100/100
|-singleturn|p1a: Corviknight|move: Roost
|move|p2a: Corviknight|U-turn|p1a: Corviknight
|-resisted|p1a: Corviknight
|-damage|p1a: Corviknight|96/100
|
|switch|p2a: Salazzle|Salazzle, F|100/100|[from]move: U-turn
|
|upkeep
|turn|38
|
|switch|p1a: Toxapex|Toxapex, M|100/100 brn
|move|p2a: Salazzle|Toxic||[still]
|-fail|p2a: Salazzle
|
|-damage|p1a: Toxapex|95/100 brn|[from] brn
|upkeep
|turn|39
|
|switch|p2a: Corviknight|Corviknight, M|83/100
|-ability|p2a: Corviknight|Pressure
|move|p1a: Toxapex|Toxic Spikes|p2a: Corviknight
|-sidestart|p2: Dollynho Coach|move: Toxic Spikes
|
|-damage|p1a: Toxapex|89/100 brn|[from] brn
|upkeep
|turn|40
|
|move|p2a: Corviknight|U-turn|p1a: Toxapex
|-resisted|p1a: Toxapex
|-damage|p1a: Toxapex|85/100 brn
|
|switch|p2a: Toxapex|Toxapex, M|96/100 brn|[from]move: U-turn
|-sideend|p2: Dollynho Coach|move: Toxic Spikes|[of] p2a: Toxapex
|move|p1a: Toxapex|Scald|p2a: Toxapex
|-resisted|p2a: Toxapex
|-damage|p2a: Toxapex|89/100 brn
|
|-damage|p2a: Toxapex|83/100 brn|[from] brn
|-damage|p1a: Toxapex|79/100 brn|[from] brn
|upkeep
|turn|41
|
|switch|p2a: Corviknight|Corviknight, M|83/100
|-ability|p2a: Corviknight|Pressure
|switch|p1a: Seismitoad|Seismitoad, M|96/100
|
|upkeep
|turn|42
|
|move|p1a: Seismitoad|Stealth Rock|p2a: Corviknight
|-sidestart|p2: Dollynho Coach|move: Stealth Rock
|move|p2a: Corviknight|Body Press|p1a: Seismitoad
|-damage|p1a: Seismitoad|78/100
|
|upkeep
|turn|43
|
|move|p1a: Seismitoad|Scald|p2a: Corviknight
|-damage|p2a: Corviknight|62/100
|move|p2a: Corviknight|Defog|p1a: Seismitoad
|-unboost|p1a: Seismitoad|evasion|1
|-sideend|p2: Dollynho Coach|Stealth Rock|[from] move: Defog|[of] p2a: Corviknight
|
|upkeep
|turn|44
|
|move|p1a: Seismitoad|Stealth Rock|p2a: Corviknight
|-sidestart|p2: Dollynho Coach|move: Stealth Rock
|move|p2a: Corviknight|Roost|p2a: Corviknight
|-heal|p2a: Corviknight|100/100
|-singleturn|p2a: Corviknight|move: Roost
|
|upkeep
|turn|45
|
|move|p1a: Seismitoad|Scald|p2a: Corviknight
|-damage|p2a: Corviknight|80/100
|move|p2a: Corviknight|Defog|p1a: Seismitoad
|-unboost|p1a: Seismitoad|evasion|1
|-sideend|p2: Dollynho Coach|Stealth Rock|[from] move: Defog|[of] p2a: Corviknight
|
|upkeep
|turn|46
|
|move|p1a: Seismitoad|Stealth Rock|p2a: Corviknight
|-sidestart|p2: Dollynho Coach|move: Stealth Rock
|move|p2a: Corviknight|Body Press|p1a: Seismitoad
|-damage|p1a: Seismitoad|60/100
|
|upkeep
|turn|47
|j| dbussons
|
|move|p1a: Seismitoad|Scald|p2a: Corviknight
|-damage|p2a: Corviknight|59/100
|move|p2a: Corviknight|Defog|p1a: Seismitoad
|-unboost|p1a: Seismitoad|evasion|1
|-sideend|p2: Dollynho Coach|Stealth Rock|[from] move: Defog|[of] p2a: Corviknight
|
|upkeep
|turn|48
|
|switch|p1a: Clefable|Clefable, M|95/100
|move|p2a: Corviknight|Roost|p2a: Corviknight
|-heal|p2a: Corviknight|100/100
|-singleturn|p2a: Corviknight|move: Roost
|
|upkeep
|turn|49
|
|move|p2a: Corviknight|U-turn|p1a: Clefable
|-resisted|p1a: Clefable
|-damage|p1a: Clefable|90/100
|
|switch|p2a: Diggersby|Diggersby, M|84/100|[from]move: U-turn
|move|p1a: Clefable|Wish|p1a: Clefable
|
|upkeep
|turn|50
|
|move|p2a: Diggersby|Superpower|p1a: Clefable
|-resisted|p1a: Clefable
|-damage|p1a: Clefable|59/100
|-unboost|p2a: Diggersby|atk|1
|-unboost|p2a: Diggersby|def|1
|move|p1a: Clefable|Moonblast|p2a: Diggersby
|-damage|p2a: Diggersby|44/100
|
|-heal|p1a: Clefable|100/100|[from] move: Wish|[wisher] Clefable
|upkeep
|turn|51
|j| quoof
|
|switch|p2a: Salazzle|Salazzle, F|100/100
|move|p1a: Clefable|Wish|p1a: Clefable
|
|upkeep
|turn|52
|
|switch|p1a: Seismitoad|Seismitoad, M|60/100
|move|p2a: Salazzle|Toxic|p1a: Seismitoad
|-status|p1a: Seismitoad|tox
|
|-heal|p1a: Seismitoad|100/100 tox|[from] move: Wish|[wisher] Clefable
|-damage|p1a: Seismitoad|94/100 tox|[from] psn
|upkeep
|turn|53
|
|switch|p2a: Corviknight|Corviknight, M|100/100
|-ability|p2a: Corviknight|Pressure
|move|p1a: Seismitoad|Stealth Rock|p2a: Corviknight
|-sidestart|p2: Dollynho Coach|move: Stealth Rock
|
|-damage|p1a: Seismitoad|82/100 tox|[from] psn
|upkeep
|turn|54
|
|move|p1a: Seismitoad|Scald|p2a: Corviknight
|-damage|p2a: Corviknight|80/100
|move|p2a: Corviknight|Defog|p1a: Seismitoad
|-unboost|p1a: Seismitoad|evasion|1
|-sideend|p2: Dollynho Coach|Stealth Rock|[from] move: Defog|[of] p2a: Corviknight
|
|-damage|p1a: Seismitoad|64/100 tox|[from] psn
|upkeep
|turn|55
|
|switch|p1a: Clefable|Clefable, M|100/100
|move|p2a: Corviknight|Body Press|p1a: Clefable
|-resisted|p1a: Clefable
|-damage|p1a: Clefable|91/100
|
|upkeep
|turn|56
|
|move|p2a: Corviknight|U-turn|p1a: Clefable
|-resisted|p1a: Clefable
|-damage|p1a: Clefable|85/100
|
|switch|p2a: Seismitoad|Seismitoad, M|100/100|[from]move: U-turn
|move|p1a: Clefable|Aromatherapy|p1a: Clefable
|-activate|p1a: Clefable|move: Aromatherapy
|-curestatus|p1: Toxapex|brn|[msg]
|-curestatus|p1: Seismitoad|tox|[msg]
|
|upkeep
|turn|57
|
|move|p2a: Seismitoad|Stealth Rock|p1a: Clefable
|-sidestart|p1: Q114|move: Stealth Rock
|move|p1a: Clefable|Wish|p1a: Clefable
|
|upkeep
|turn|58
|
|switch|p2a: Salazzle|Salazzle, F|100/100
|switch|p1a: Seismitoad|Seismitoad, M|64/100
|-damage|p1a: Seismitoad|58/100|[from] Stealth Rock
|
|-heal|p1a: Seismitoad|100/100|[from] move: Wish|[wisher] Clefable
|upkeep
|turn|59
|
|switch|p2a: Corviknight|Corviknight, M|80/100
|-ability|p2a: Corviknight|Pressure
|move|p1a: Seismitoad|Stealth Rock|p2a: Corviknight
|-sidestart|p2: Dollynho Coach|move: Stealth Rock
|
|upkeep
|turn|60
|
|move|p1a: Seismitoad|Scald|p2a: Corviknight
|-crit|p2a: Corviknight
|-damage|p2a: Corviknight|45/100
|move|p2a: Corviknight|Defog|p1a: Seismitoad
|-unboost|p1a: Seismitoad|evasion|1
|-sideend|p1: Q114|Stealth Rock|[from] move: Defog|[of] p2a: Corviknight
|-sideend|p2: Dollynho Coach|Stealth Rock|[from] move: Defog|[of] p2a: Corviknight
|
|upkeep
|turn|61
|
|move|p1a: Seismitoad|Scald|p2a: Corviknight
|-damage|p2a: Corviknight|23/100
|move|p2a: Corviknight|Roost|p2a: Corviknight
|-heal|p2a: Corviknight|73/100
|-singleturn|p2a: Corviknight|move: Roost
|
|upkeep
|turn|62
|
|move|p1a: Seismitoad|Scald|p2a: Corviknight
|-damage|p2a: Corviknight|54/100
|-status|p2a: Corviknight|brn
|move|p2a: Corviknight|Roost|p2a: Corviknight
|-heal|p2a: Corviknight|100/100 brn
|-singleturn|p2a: Corviknight|move: Roost
|
|-damage|p2a: Corviknight|94/100 brn|[from] brn
|upkeep
|turn|63
|
|move|p1a: Seismitoad|Stealth Rock|p2a: Corviknight
|-sidestart|p2: Dollynho Coach|move: Stealth Rock
|move|p2a: Corviknight|Defog|p1a: Seismitoad
|-unboost|p1a: Seismitoad|evasion|1
|-sideend|p2: Dollynho Coach|Stealth Rock|[from] move: Defog|[of] p2a: Corviknight
|
|-damage|p2a: Corviknight|88/100 brn|[from] brn
|upkeep
|turn|64
|
|move|p1a: Seismitoad|Stealth Rock|p2a: Corviknight
|-sidestart|p2: Dollynho Coach|move: Stealth Rock
|move|p2a: Corviknight|Body Press|p1a: Seismitoad
|-damage|p1a: Seismitoad|91/100
|
|-damage|p2a: Corviknight|82/100 brn|[from] brn
|upkeep
|turn|65
|
|switch|p1a: Corviknight|Corviknight, F|96/100
|-ability|p1a: Corviknight|Pressure
|move|p2a: Corviknight|Defog|p1a: Corviknight
|-unboost|p1a: Corviknight|evasion|1
|-sideend|p2: Dollynho Coach|Stealth Rock|[from] move: Defog|[of] p2a: Corviknight
|
|-damage|p2a: Corviknight|75/100 brn|[from] brn
|upkeep
|turn|66
|
|switch|p1a: Seismitoad|Seismitoad, M|91/100
|switch|p2a: Clefable|Clefable, M|100/100
|
|upkeep
|turn|67
|
|switch|p2a: Corviknight|Corviknight, M|75/100 brn
|-ability|p2a: Corviknight|Pressure
|move|p1a: Seismitoad|Stealth Rock|p2a: Corviknight
|-sidestart|p2: Dollynho Coach|move: Stealth Rock
|
|-damage|p2a: Corviknight|69/100 brn|[from] brn
|upkeep
|turn|68
|
|switch|p1a: Corviknight|Corviknight, F|96/100
|-ability|p1a: Corviknight|Pressure
|move|p2a: Corviknight|Defog|p1a: Corviknight
|-unboost|p1a: Corviknight|evasion|1
|-sideend|p2: Dollynho Coach|Stealth Rock|[from] move: Defog|[of] p2a: Corviknight
|
|-damage|p2a: Corviknight|63/100 brn|[from] brn
|upkeep
|turn|69
|
|switch|p1a: Seismitoad|Seismitoad, M|91/100
|switch|p2a: Clefable|Clefable, M|100/100
|
|upkeep
|turn|70
|
|switch|p2a: Corviknight|Corviknight, M|63/100 brn
|-ability|p2a: Corviknight|Pressure
|move|p1a: Seismitoad|Stealth Rock|p2a: Corviknight
|-sidestart|p2: Dollynho Coach|move: Stealth Rock
|
|-damage|p2a: Corviknight|57/100 brn|[from] brn
|upkeep
|turn|71
|
|switch|p1a: Corviknight|Corviknight, F|96/100
|-ability|p1a: Corviknight|Pressure
|move|p2a: Corviknight|Roost|p2a: Corviknight
|-heal|p2a: Corviknight|100/100 brn
|-singleturn|p2a: Corviknight|move: Roost
|
|-damage|p2a: Corviknight|94/100 brn|[from] brn
|upkeep
|turn|72
|
|move|p1a: Corviknight|Bulk Up|p1a: Corviknight
|-boost|p1a: Corviknight|atk|1
|-boost|p1a: Corviknight|def|1
|move|p2a: Corviknight|Defog|p1a: Corviknight
|-unboost|p1a: Corviknight|evasion|1
|-sideend|p2: Dollynho Coach|Stealth Rock|[from] move: Defog|[of] p2a: Corviknight
|
|-damage|p2a: Corviknight|88/100 brn|[from] brn
|upkeep
|turn|73
|
|switch|p1a: Seismitoad|Seismitoad, M|91/100
|switch|p2a: Clefable|Clefable, M|100/100
|
|upkeep
|turn|74
|
|switch|p2a: Corviknight|Corviknight, M|88/100 brn
|-ability|p2a: Corviknight|Pressure
|move|p1a: Seismitoad|Stealth Rock|p2a: Corviknight
|-sidestart|p2: Dollynho Coach|move: Stealth Rock
|
|-damage|p2a: Corviknight|82/100 brn|[from] brn
|upkeep
|turn|75
|
|switch|p1a: Corviknight|Corviknight, F|96/100
|-ability|p1a: Corviknight|Pressure
|move|p2a: Corviknight|Defog|p1a: Corviknight
|-unboost|p1a: Corviknight|evasion|1
|-sideend|p2: Dollynho Coach|Stealth Rock|[from] move: Defog|[of] p2a: Corviknight
|
|-damage|p2a: Corviknight|75/100 brn|[from] brn
|upkeep
|turn|76
|
|switch|p1a: Seismitoad|Seismitoad, M|91/100
|switch|p2a: Clefable|Clefable, M|100/100
|
|upkeep
|turn|77
|
|switch|p2a: Corviknight|Corviknight, M|75/100 brn
|-ability|p2a: Corviknight|Pressure
|move|p1a: Seismitoad|Stealth Rock|p2a: Corviknight
|-sidestart|p2: Dollynho Coach|move: Stealth Rock
|
|-damage|p2a: Corviknight|69/100 brn|[from] brn
|upkeep
|turn|78
|
|switch|p1a: Corviknight|Corviknight, F|96/100
|-ability|p1a: Corviknight|Pressure
|move|p2a: Corviknight|U-turn|p1a: Corviknight
|-resisted|p1a: Corviknight
|-damage|p1a: Corviknight|95/100
|
|switch|p2a: Seismitoad|Seismitoad, M|100/100|[from]move: U-turn
|-damage|p2a: Seismitoad|94/100|[from] Stealth Rock
|
|-heal|p2a: Seismitoad|100/100|[from] item: Leftovers
|upkeep
|turn|79
|
|switch|p1a: Ferrothorn|Ferrothorn, M|85/100
|move|p2a: Seismitoad|Stealth Rock|p1a: Ferrothorn
|-sidestart|p1: Q114|move: Stealth Rock
|
|upkeep
|turn|80
|
|switch|p2a: Toxapex|Toxapex, M|100/100 brn
|-damage|p2a: Toxapex|88/100 brn|[from] Stealth Rock
|move|p1a: Ferrothorn|Spikes|p2a: Toxapex
|-sidestart|p2: Dollynho Coach|Spikes
|
|-damage|p2a: Toxapex|82/100 brn|[from] brn
|upkeep
|turn|81
|
|move|p2a: Toxapex|Scald|p1a: Ferrothorn
|-resisted|p1a: Ferrothorn
|-damage|p1a: Ferrothorn|80/100
|move|p1a: Ferrothorn|Spikes|p2a: Toxapex
|-sidestart|p2: Dollynho Coach|Spikes
|
|-damage|p2a: Toxapex|75/100 brn|[from] brn
|upkeep
|turn|82
|
|move|p2a: Toxapex|Scald|p1a: Ferrothorn
|-resisted|p1a: Ferrothorn
|-damage|p1a: Ferrothorn|74/100
|move|p1a: Ferrothorn|Leech Seed|p2a: Toxapex
|-start|p2a: Toxapex|move: Leech Seed
|
|-damage|p2a: Toxapex|63/100 brn|[from] Leech Seed|[of] p1a: Ferrothorn
|-heal|p1a: Ferrothorn|85/100|[silent]
|-damage|p2a: Toxapex|57/100 brn|[from] brn
|upkeep
|turn|83
|
|switch|p2a: Corviknight|Corviknight, M|69/100 brn
|-damage|p2a: Corviknight|57/100 brn|[from] Stealth Rock
|-ability|p2a: Corviknight|Pressure
|move|p1a: Ferrothorn|Protect||[still]
|-fail|p1a: Ferrothorn
|
|-damage|p2a: Corviknight|50/100 brn|[from] brn
|upkeep
|turn|84
|
|switch|p1a: Corviknight|Corviknight, F|95/100
|-damage|p1a: Corviknight|83/100|[from] Stealth Rock
|-ability|p1a: Corviknight|Pressure
|move|p2a: Corviknight|Roost|p2a: Corviknight
|-heal|p2a: Corviknight|100/100 brn
|-singleturn|p2a: Corviknight|move: Roost
|
|-damage|p2a: Corviknight|94/100 brn|[from] brn
|upkeep
|turn|85
|
|move|p1a: Corviknight|Bulk Up|p1a: Corviknight
|-boost|p1a: Corviknight|atk|1
|-boost|p1a: Corviknight|def|1
|move|p2a: Corviknight|U-turn|p1a: Corviknight
|-resisted|p1a: Corviknight
|-damage|p1a: Corviknight|82/100
|
|switch|p2a: Salazzle|Salazzle, F|100/100|[from]move: U-turn
|
|upkeep
|turn|86
|
|move|p2a: Salazzle|Flamethrower|p1a: Corviknight
|-supereffective|p1a: Corviknight
|-damage|p1a: Corviknight|1/100
|-status|p1a: Corviknight|brn
|move|p1a: Corviknight|Body Press|p2a: Salazzle
|-resisted|p2a: Salazzle
|-damage|p2a: Salazzle|81/100
|
|-damage|p1a: Corviknight|0 fnt|[from] brn
|faint|p1a: Corviknight
|upkeep
|
|switch|p1a: Toxapex|Toxapex, M|100/100
|-damage|p1a: Toxapex|88/100|[from] Stealth Rock
|turn|87
|
|switch|p2a: Corviknight|Corviknight, M|94/100 brn
|-damage|p2a: Corviknight|82/100 brn|[from] Stealth Rock
|-ability|p2a: Corviknight|Pressure
|move|p1a: Toxapex|Scald|p2a: Corviknight
|-damage|p2a: Corviknight|66/100 brn
|
|-damage|p2a: Corviknight|60/100 brn|[from] brn
|upkeep
|turn|88
|
|move|p2a: Corviknight|Defog|p1a: Toxapex
|-unboost|p1a: Toxapex|evasion|1
|-sideend|p1: Q114|Stealth Rock|[from] move: Defog|[of] p2a: Corviknight
|-sideend|p2: Dollynho Coach|Spikes|[from] move: Defog|[of] p2a: Corviknight
|-sideend|p2: Dollynho Coach|Stealth Rock|[from] move: Defog|[of] p2a: Corviknight
|move|p1a: Toxapex|Scald|p2a: Corviknight
|-damage|p2a: Corviknight|43/100 brn
|
|-damage|p2a: Corviknight|37/100 brn|[from] brn
|upkeep
|turn|89
|
|switch|p1a: Seismitoad|Seismitoad, M|91/100
|move|p2a: Corviknight|Roost|p2a: Corviknight
|-heal|p2a: Corviknight|87/100 brn
|-singleturn|p2a: Corviknight|move: Roost
|
|-damage|p2a: Corviknight|81/100 brn|[from] brn
|upkeep
|turn|90
|
|move|p1a: Seismitoad|Scald|p2a: Corviknight
|-damage|p2a: Corviknight|59/100 brn
|move|p2a: Corviknight|Body Press|p1a: Seismitoad
|-damage|p1a: Seismitoad|82/100
|
|-damage|p2a: Corviknight|53/100 brn|[from] brn
|upkeep
|turn|91
|
|switch|p1a: Ferrothorn|Ferrothorn, M|85/100
|move|p2a: Corviknight|Roost|p2a: Corviknight
|-heal|p2a: Corviknight|100/100 brn
|-singleturn|p2a: Corviknight|move: Roost
|
|-damage|p2a: Corviknight|94/100 brn|[from] brn
|upkeep
|turn|92
|
|switch|p2a: Toxapex|Toxapex, M|90/100 brn
|switch|p1a: Clefable|Clefable, M|85/100
|
|-damage|p2a: Toxapex|84/100 brn|[from] brn
|upkeep
|turn|93
|
|switch|p1a: Seismitoad|Seismitoad, M|82/100
|switch|p2a: Clefable|Clefable, M|100/100
|
|upkeep
|turn|94
|
|switch|p2a: Corviknight|Corviknight, M|94/100 brn
|-ability|p2a: Corviknight|Pressure
|move|p1a: Seismitoad|Stealth Rock|p2a: Corviknight
|-sidestart|p2: Dollynho Coach|move: Stealth Rock
|
|-damage|p2a: Corviknight|88/100 brn|[from] brn
|upkeep
|turn|95
|
|switch|p1a: Clefable|Clefable, M|85/100
|move|p2a: Corviknight|Defog|p1a: Clefable
|-unboost|p1a: Clefable|evasion|1
|-sideend|p2: Dollynho Coach|Stealth Rock|[from] move: Defog|[of] p2a: Corviknight
|
|-damage|p2a: Corviknight|82/100 brn|[from] brn
|upkeep
|turn|96
|
|switch|p1a: Seismitoad|Seismitoad, M|82/100
|move|p2a: Corviknight|U-turn|p1a: Seismitoad
|-damage|p1a: Seismitoad|77/100
|
|switch|p2a: Seismitoad|Seismitoad, M|100/100|[from]move: U-turn
|
|upkeep
|turn|97
|
|switch|p2a: Corviknight|Corviknight, M|82/100 brn
|-ability|p2a: Corviknight|Pressure
|move|p1a: Seismitoad|Stealth Rock|p2a: Corviknight
|-sidestart|p2: Dollynho Coach|move: Stealth Rock
|
|-damage|p2a: Corviknight|75/100 brn|[from] brn
|upkeep
|turn|98
|
|switch|p1a: Clefable|Clefable, M|85/100
|move|p2a: Corviknight|Defog|p1a: Clefable
|-unboost|p1a: Clefable|evasion|1
|-sideend|p2: Dollynho Coach|Stealth Rock|[from] move: Defog|[of] p2a: Corviknight
|
|-damage|p2a: Corviknight|69/100 brn|[from] brn
|upkeep
|turn|99
|
|move|p2a: Corviknight|U-turn|p1a: Clefable
|-resisted|p1a: Clefable
|-damage|p1a: Clefable|82/100
|
|switch|p2a: Salazzle|Salazzle, F|81/100|[from]move: U-turn
|move|p1a: Clefable|Wish|p1a: Clefable
|
|upkeep
|turn|100
|
|switch|p1a: Seismitoad|Seismitoad, M|77/100
|move|p2a: Salazzle|Toxic|p1a: Seismitoad
|-status|p1a: Seismitoad|tox
|
|-heal|p1a: Seismitoad|100/100 tox|[from] move: Wish|[wisher] Clefable
|-damage|p1a: Seismitoad|94/100 tox|[from] psn
|upkeep
|turn|101
|
|switch|p2a: Corviknight|Corviknight, M|69/100 brn
|-ability|p2a: Corviknight|Pressure
|move|p1a: Seismitoad|Stealth Rock|p2a: Corviknight
|-sidestart|p2: Dollynho Coach|move: Stealth Rock
|
|-damage|p1a: Seismitoad|82/100 tox|[from] psn
|-damage|p2a: Corviknight|63/100 brn|[from] brn
|upkeep
|turn|102
|
|switch|p1a: Clefable|Clefable, M|82/100
|move|p2a: Corviknight|Defog|p1a: Clefable
|-unboost|p1a: Clefable|evasion|1
|-sideend|p2: Dollynho Coach|Stealth Rock|[from] move: Defog|[of] p2a: Corviknight
|
|-damage|p2a: Corviknight|57/100 brn|[from] brn
|upkeep
|turn|103
|l| quoof
|
|move|p2a: Corviknight|U-turn|p1a: Clefable
|-resisted|p1a: Clefable
|-damage|p1a: Clefable|80/100
|
|switch|p2a: Clefable|Clefable, M|100/100|[from]move: U-turn
|move|p1a: Clefable|Aromatherapy|p1a: Clefable
|-activate|p1a: Clefable|move: Aromatherapy
|-curestatus|p1: Seismitoad|tox|[msg]
|
|upkeep
|turn|104
|
|switch|p1a: Seismitoad|Seismitoad, M|82/100
|move|p2a: Clefable|Aromatherapy|p2a: Clefable
|-activate|p2a: Clefable|move: Aromatherapy
|-curestatus|p2: Toxapex|brn|[msg]
|-curestatus|p2: Corviknight|brn|[msg]
|
|upkeep
|turn|105
|
|switch|p2a: Corviknight|Corviknight, M|57/100
|-ability|p2a: Corviknight|Pressure
|move|p1a: Seismitoad|Stealth Rock|p2a: Corviknight
|-sidestart|p2: Dollynho Coach|move: Stealth Rock
|
|upkeep
|turn|106
|
|move|p1a: Seismitoad|Scald|p2a: Corviknight
|-damage|p2a: Corviknight|35/100
|-status|p2a: Corviknight|brn
|move|p2a: Corviknight|Defog|p1a: Seismitoad
|-unboost|p1a: Seismitoad|evasion|1
|-sideend|p2: Dollynho Coach|Stealth Rock|[from] move: Defog|[of] p2a: Corviknight
|
|-damage|p2a: Corviknight|29/100 brn|[from] brn
|upkeep
|turn|107
|
|move|p1a: Seismitoad|Stealth Rock|p2a: Corviknight
|-sidestart|p2: Dollynho Coach|move: Stealth Rock
|move|p2a: Corviknight|Roost|p2a: Corviknight
|-heal|p2a: Corviknight|78/100 brn
|-singleturn|p2a: Corviknight|move: Roost
|
|-damage|p2a: Corviknight|72/100 brn|[from] brn
|upkeep
|turn|108
|
|switch|p1a: Ferrothorn|Ferrothorn, M|85/100
|move|p2a: Corviknight|Defog|p1a: Ferrothorn
|-unboost|p1a: Ferrothorn|evasion|1
|-sideend|p2: Dollynho Coach|Stealth Rock|[from] move: Defog|[of] p2a: Corviknight
|
|-damage|p2a: Corviknight|66/100 brn|[from] brn
|upkeep
|turn|109
|
|switch|p2a: Toxapex|Toxapex, M|100/100
|move|p1a: Ferrothorn|Spikes|p2a: Toxapex
|-sidestart|p2: Dollynho Coach|Spikes
|
|upkeep
|turn|110
|
|switch|p1a: Toxapex|Toxapex, M|100/100
|move|p2a: Toxapex|Toxic Spikes|p1a: Toxapex
|-sidestart|p1: Q114|move: Toxic Spikes
|
|upkeep
|turn|111
|
|switch|p2a: Clefable|Clefable, M|100/100
|-damage|p2a: Clefable|88/100|[from] Spikes
|move|p1a: Toxapex|Scald|p2a: Clefable
|-damage|p2a: Clefable|72/100
|
|-heal|p2a: Clefable|78/100|[from] item: Leftovers
|upkeep
|turn|112
|
|switch|p1a: Ferrothorn|Ferrothorn, M|85/100
|move|p2a: Clefable|Aromatherapy|p2a: Clefable
|-activate|p2a: Clefable|move: Aromatherapy
|-curestatus|p2: Corviknight|brn|[msg]
|
|-heal|p2a: Clefable|84/100|[from] item: Leftovers
|upkeep
|turn|113
|
|switch|p2a: Corviknight|Corviknight, M|66/100
|-ability|p2a: Corviknight|Pressure
|move|p1a: Ferrothorn|Knock Off|p2a: Corviknight
|-damage|p2a: Corviknight|58/100
|
|upkeep
|turn|114
|
|switch|p1a: Toxapex|Toxapex, M|100/100
|-sideend|p1: Q114|move: Toxic Spikes|[of] p1a: Toxapex
|move|p2a: Corviknight|Roost|p2a: Corviknight
|-heal|p2a: Corviknight|100/100
|-singleturn|p2a: Corviknight|move: Roost
|
|upkeep
|turn|115
|j| TostadaLegendaria
|
|move|p2a: Corviknight|U-turn|p1a: Toxapex
|-resisted|p1a: Toxapex
|-damage|p1a: Toxapex|97/100
|
|switch|p2a: Seismitoad|Seismitoad, M|100/100|[from]move: U-turn
|-damage|p2a: Seismitoad|88/100|[from] Spikes
|move|p1a: Toxapex|Toxic Spikes|p2a: Seismitoad
|-sidestart|p2: Dollynho Coach|move: Toxic Spikes
|
|-heal|p2a: Seismitoad|94/100|[from] item: Leftovers
|upkeep
|turn|116
|
|switch|p1a: Ferrothorn|Ferrothorn, M|85/100
|move|p2a: Seismitoad|Stealth Rock|p1a: Ferrothorn
|-sidestart|p1: Q114|move: Stealth Rock
|
|-heal|p2a: Seismitoad|99/100|[from] item: Leftovers
|upkeep
|turn|117
|
|switch|p2a: Corviknight|Corviknight, M|100/100
|-ability|p2a: Corviknight|Pressure
|move|p1a: Ferrothorn|Spikes|p2a: Corviknight
|-sidestart|p2: Dollynho Coach|Spikes
|
|upkeep
|turn|118
|
|switch|p2a: Toxapex|Toxapex, M|100/100
|-damage|p2a: Toxapex|84/100|[from] Spikes
|-sideend|p2: Dollynho Coach|move: Toxic Spikes|[of] p2a: Toxapex
|switch|p1a: Toxapex|Toxapex, M|100/100
|-damage|p1a: Toxapex|88/100|[from] Stealth Rock
|
|upkeep
|turn|119
|
|move|p2a: Toxapex|Scald|p1a: Toxapex
|-resisted|p1a: Toxapex
|-damage|p1a: Toxapex|81/100
|move|p1a: Toxapex|Scald|p2a: Toxapex
|-resisted|p2a: Toxapex
|-damage|p2a: Toxapex|77/100
|
|upkeep
|turn|120
|
|switch|p1a: Seismitoad|Seismitoad, M|82/100
|-damage|p1a: Seismitoad|76/100|[from] Stealth Rock
|move|p2a: Toxapex|Scald|p1a: Seismitoad
|-heal|p1a: Seismitoad|100/100|[from] ability: Water Absorb|[of] p2a: Toxapex
|
|upkeep
|turn|121
|
|switch|p1a: Toxapex|Toxapex, M|100/100
|-damage|p1a: Toxapex|88/100|[from] Stealth Rock
|switch|p2a: Corviknight|Corviknight, M|100/100
|-ability|p2a: Corviknight|Pressure
|
|upkeep
|turn|122
|
|move|p2a: Corviknight|U-turn|p1a: Toxapex
|-resisted|p1a: Toxapex
|-damage|p1a: Toxapex|84/100
|
|switch|p2a: Seismitoad|Seismitoad, M|99/100|[from]move: U-turn
|-damage|p2a: Seismitoad|84/100|[from] Spikes
|move|p1a: Toxapex|Toxic Spikes|p2a: Seismitoad
|-sidestart|p2: Dollynho Coach|move: Toxic Spikes
|
|-heal|p2a: Seismitoad|90/100|[from] item: Leftovers
|upkeep
|turn|123
|
|switch|p1a: Ferrothorn|Ferrothorn, M|85/100
|-damage|p1a: Ferrothorn|79/100|[from] Stealth Rock
|move|p2a: Seismitoad|Earthquake|p1a: Ferrothorn
|-damage|p1a: Ferrothorn|53/100
|
|-heal|p2a: Seismitoad|96/100|[from] item: Leftovers
|upkeep
|turn|124
|
|switch|p2a: Corviknight|Corviknight, M|100/100
|-ability|p2a: Corviknight|Pressure
|move|p1a: Ferrothorn|Leech Seed|p2a: Corviknight
|-start|p2a: Corviknight|move: Leech Seed
|
|-damage|p2a: Corviknight|88/100|[from] Leech Seed|[of] p1a: Ferrothorn
|-heal|p1a: Ferrothorn|67/100|[silent]
|upkeep
|turn|125
|
|switch|p2a: Toxapex|Toxapex, M|100/100
|-damage|p2a: Toxapex|84/100|[from] Spikes
|-sideend|p2: Dollynho Coach|move: Toxic Spikes|[of] p2a: Toxapex
|move|p1a: Ferrothorn|Protect||[still]
|-fail|p1a: Ferrothorn
|
|upkeep
|turn|126
|
|switch|p2a: Corviknight|Corviknight, M|88/100
|-ability|p2a: Corviknight|Pressure
|move|p1a: Ferrothorn|Spikes|p2a: Corviknight
|-sidestart|p2: Dollynho Coach|Spikes
|
|upkeep
|turn|127
|
|switch|p2a: Toxapex|Toxapex, M|100/100
|-damage|p2a: Toxapex|75/100|[from] Spikes
|move|p1a: Ferrothorn|Protect||[still]
|-fail|p1a: Ferrothorn
|
|upkeep
|turn|128
|
|switch|p2a: Corviknight|Corviknight, M|88/100
|-ability|p2a: Corviknight|Pressure
|switch|p1a: Toxapex|Toxapex, M|100/100
|-damage|p1a: Toxapex|88/100|[from] Stealth Rock
|
|upkeep
|turn|129
|
|move|p2a: Corviknight|U-turn|p1a: Toxapex
|-resisted|p1a: Toxapex
|-damage|p1a: Toxapex|84/100
|
|switch|p2a: Toxapex|Toxapex, M|100/100|[from]move: U-turn
|-damage|p2a: Toxapex|75/100|[from] Spikes
|move|p1a: Toxapex|Scald|p2a: Toxapex
|-resisted|p2a: Toxapex
|-damage|p2a: Toxapex|68/100
|
|upkeep
|turn|130
|
|switch|p1a: Clefable|Clefable, M|80/100
|-damage|p1a: Clefable|67/100|[from] Stealth Rock
|move|p2a: Toxapex|Toxic Spikes|p1a: Clefable
|-sidestart|p1: Q114|move: Toxic Spikes
|
|upkeep
|turn|131
|
|switch|p1a: Toxapex|Toxapex, M|100/100
|-damage|p1a: Toxapex|88/100|[from] Stealth Rock
|-sideend|p1: Q114|move: Toxic Spikes|[of] p1a: Toxapex
|switch|p2a: Corviknight|Corviknight, M|88/100
|-ability|p2a: Corviknight|Pressure
|
|upkeep
|turn|132
|
|switch|p1a: Clefable|Clefable, M|67/100
|-damage|p1a: Clefable|55/100|[from] Stealth Rock
|move|p2a: Corviknight|U-turn|p1a: Clefable
|-resisted|p1a: Clefable
|-damage|p1a: Clefable|50/100
|
|switch|p2a: Salazzle|Salazzle, F|81/100|[from]move: U-turn
|
|upkeep
|turn|133
|
|move|p1a: Clefable|Protect|p1a: Clefable
|-singleturn|p1a: Clefable|Protect
|move|p2a: Salazzle|Sludge Wave|p1a: Clefable
|-activate|p1a: Clefable|move: Protect
|
|upkeep
|turn|134
|
|switch|p2a: Corviknight|Corviknight, M|88/100
|-ability|p2a: Corviknight|Pressure
|switch|p1a: Toxapex|Toxapex, M|100/100
|-damage|p1a: Toxapex|88/100|[from] Stealth Rock
|
|upkeep
|turn|135
|
|move|p2a: Corviknight|U-turn|p1a: Toxapex
|-resisted|p1a: Toxapex
|-damage|p1a: Toxapex|84/100
|
|switch|p2a: Toxapex|Toxapex, M|100/100|[from]move: U-turn
|-damage|p2a: Toxapex|75/100|[from] Spikes
|move|p1a: Toxapex|Toxic Spikes|p2a: Toxapex
|-sidestart|p2: Dollynho Coach|move: Toxic Spikes
|
|upkeep
|turn|136
|j| tombradycheater
|
|switch|p2a: Corviknight|Corviknight, M|88/100
|-ability|p2a: Corviknight|Pressure
|switch|p1a: Clefable|Clefable, M|50/100
|-damage|p1a: Clefable|37/100|[from] Stealth Rock
|
|upkeep
|turn|137
|
|move|p2a: Corviknight|U-turn|p1a: Clefable
|-resisted|p1a: Clefable
|-damage|p1a: Clefable|32/100
|
|switch|p2a: Salazzle|Salazzle, F|81/100|[from]move: U-turn
|-sideend|p2: Dollynho Coach|move: Toxic Spikes|[of] p2a: Salazzle
|move|p1a: Clefable|Wish|p1a: Clefable
|
|upkeep
|turn|138
|
|move|p1a: Clefable|Protect|p1a: Clefable
|-singleturn|p1a: Clefable|Protect
|move|p2a: Salazzle|Nasty Plot|p2a: Salazzle
|-boost|p2a: Salazzle|spa|2
|
|-heal|p1a: Clefable|82/100|[from] move: Wish|[wisher] Clefable
|upkeep
|turn|139
|
|switch|p2a: Corviknight|Corviknight, M|88/100
|-ability|p2a: Corviknight|Pressure
|switch|p1a: Toxapex|Toxapex, M|100/100
|-damage|p1a: Toxapex|88/100|[from] Stealth Rock
|
|upkeep
|turn|140
|
|switch|p1a: Clefable|Clefable, M|82/100
|-damage|p1a: Clefable|70/100|[from] Stealth Rock
|move|p2a: Corviknight|U-turn|p1a: Clefable
|-resisted|p1a: Clefable
|-crit|p1a: Clefable
|-damage|p1a: Clefable|61/100
|
|switch|p2a: Salazzle|Salazzle, F|81/100|[from]move: U-turn
|
|upkeep
|turn|141
|
|move|p1a: Clefable|Protect|p1a: Clefable
|-singleturn|p1a: Clefable|Protect
|move|p2a: Salazzle|Sludge Wave|p1a: Clefable
|-activate|p1a: Clefable|move: Protect
|
|upkeep
|turn|142
|inactive|Q114 has 120 seconds left.
|inactive|Q114 has 90 seconds left.
|inactive|Q114 has 60 seconds left.
|inactive|Q114 has 30 seconds left.
|inactive|Q114 has 20 seconds left.
|inactive|Q114 has 15 seconds left.
|inactive|Q114 has 10 seconds left.
|inactive|Q114 has 5 seconds left.
|-message|Q114 lost due to inactivity.
|
|win|Dollynho Coach
|raw|Q114's rating: 1723 &rarr; <strong>1702</strong><br />(-21 for losing)
|raw|Dollynho Coach's rating: 1714 &rarr; <strong>1735</strong><br />(+21 for winning)
|l| Coronavirus Go!
|l| TostadaLegendaria
|l| DollynhoSaborAnus
|l| tombradycheater
|j| DollynhoSaborAnus
|l|☆Q114
|l| DollynhoSaborAnus
|j| DollynhoSaborAnus
|l| DollynhoSaborAnus
