|j|☆tesla roadster
|j|☆Rangatang
|inactive|Battle timer is ON: inactive players will automatically lose when time's up.
|t:|1649141272
|gametype|singles
|player|p1|tesla roadster|hoopster|
|player|p2|Rangatang|marley|
|teamsize|p1|6
|teamsize|p2|6
|gen|8
|tier|[Gen 8] OU
|rated|Tournament battle
|rule|Sleep Clause Mod: Limit one foe put to sleep
|rule|Species Clause: Limit one of each Pokémon
|rule|OHKO Clause: OHKO moves are banned
|rule|Evasion Moves Clause: Evasion moves are banned
|rule|Endless Battle Clause: Forcing endless battles is banned
|rule|HP Percentage Mod: HP is shown in percentages
|rule|Dynamax Clause: You cannot dynamax
|clearpoke
|poke|p1|Keldeo|
|poke|p1|Heatran, F|
|poke|p1|Skarmory, F|
|poke|p1|Venusaur, M|
|poke|p1|Chansey, F|
|poke|p1|Bisharp, F|
|poke|p2|Accelgor, M|
|poke|p2|Aggron, M|
|poke|p2|Dragapult, F|
|poke|p2|Malamar, M|
|poke|p2|Cresselia, F|
|poke|p2|Regieleki|
|teampreview
|inactive|Rangatang also wants the timer to be on.
|inactive|tesla roadster has 120 seconds left.
|
|t:|1649141309
|start
|switch|p1a: Bisharp|Bisharp, F|100/100
|switch|p2a: Malamar|Malamar, M|100/100
|turn|1
|
|t:|1649141322
|switch|p1a: Skarmory|Skarmory, F|100/100
|move|p2a: Malamar|Superpower|p1a: Skarmory
|-damage|p1a: Skarmory|79/100
|-boost|p2a: Malamar|atk|1
|-boost|p2a: Malamar|def|1
|-damage|p2a: Malamar|84/100|[from] item: Rocky Helmet|[of] p1a: Skarmory
|
|upkeep
|turn|2
|
|t:|1649141333
|move|p2a: Malamar|Knock Off|p1a: Skarmory
|-damage|p1a: Skarmory|41/100
|-damage|p2a: Malamar|67/100|[from] item: Rocky Helmet|[of] p1a: Skarmory
|-enditem|p1a: Skarmory|Rocky Helmet|[from] move: Knock Off|[of] p2a: Malamar
|move|p1a: Skarmory|Toxic|p2a: Malamar
|-status|p2a: Malamar|tox
|
|-damage|p2a: Malamar|61/100 tox|[from] psn
|upkeep
|turn|3
|
|t:|1649141342
|move|p2a: Malamar|Superpower|p1a: Skarmory
|-damage|p1a: Skarmory|8/100
|-boost|p2a: Malamar|atk|1
|-boost|p2a: Malamar|def|1
|move|p1a: Skarmory|Roost|p1a: Skarmory
|-heal|p1a: Skarmory|58/100
|-singleturn|p1a: Skarmory|move: Roost
|
|-damage|p2a: Malamar|49/100 tox|[from] psn
|upkeep
|turn|4
|
|t:|1649141352
|move|p2a: Malamar|Superpower|p1a: Skarmory
|-damage|p1a: Skarmory|17/100
|-boost|p2a: Malamar|atk|1
|-boost|p2a: Malamar|def|1
|move|p1a: Skarmory|Roost|p1a: Skarmory
|-heal|p1a: Skarmory|67/100
|-singleturn|p1a: Skarmory|move: Roost
|
|-damage|p2a: Malamar|31/100 tox|[from] psn
|upkeep
|turn|5
|
|t:|1649141366
|move|p2a: Malamar|Superpower|p1a: Skarmory
|-damage|p1a: Skarmory|17/100
|-boost|p2a: Malamar|atk|1
|-boost|p2a: Malamar|def|1
|move|p1a: Skarmory|Spikes|p2a: Malamar
|-sidestart|p2: Rangatang|Spikes
|
|-damage|p2a: Malamar|7/100 tox|[from] psn
|upkeep
|turn|6
|
|t:|1649141377
|move|p2a: Malamar|Superpower|p1a: Skarmory
|-damage|p1a: Skarmory|0 fnt
|-boost|p2a: Malamar|atk|1
|-boost|p2a: Malamar|def|1
|faint|p1a: Skarmory
|
|-damage|p2a: Malamar|0 fnt|[from] psn
|faint|p2a: Malamar
|upkeep
|
|t:|1649141389
|switch|p2a: Regieleki|Regieleki|100/100
|switch|p1a: Bisharp|Bisharp, F|100/100
|turn|7
|
|t:|1649141393
|move|p1a: Bisharp|Sucker Punch|p2a: Regieleki
|-damage|p2a: Regieleki|0 fnt
|faint|p2a: Regieleki
|
|upkeep
|
|t:|1649141399
|switch|p2a: Aggron|Aggron, M|100/100
|-damage|p2a: Aggron|88/100|[from] Spikes
|turn|8
|
|t:|1649141410
|switch|p1a: Venusaur|Venusaur, M|100/100
|move|p2a: Aggron|Iron Defense|p2a: Aggron
|-boost|p2a: Aggron|def|2
|
|-heal|p2a: Aggron|94/100|[from] item: Leftovers
|upkeep
|turn|9
|
|t:|1649141420
|move|p1a: Venusaur|Leech Seed|p2a: Aggron
|-start|p2a: Aggron|move: Leech Seed
|move|p2a: Aggron|Iron Defense|p2a: Aggron
|-boost|p2a: Aggron|def|2
|
|-heal|p2a: Aggron|99/100|[from] item: Leftovers
|-damage|p2a: Aggron|88/100|[from] Leech Seed|[of] p1a: Venusaur
|upkeep
|turn|10
|
|t:|1649141428
|move|p1a: Venusaur|Earthquake|p2a: Aggron
|-supereffective|p2a: Aggron
|-damage|p2a: Aggron|74/100
|move|p2a: Aggron|Body Press|p1a: Venusaur
|-resisted|p1a: Venusaur
|-damage|p1a: Venusaur|59/100
|
|-heal|p1a: Venusaur|65/100|[from] item: Black Sludge
|-heal|p2a: Aggron|80/100|[from] item: Leftovers
|-damage|p2a: Aggron|67/100|[from] Leech Seed|[of] p1a: Venusaur
|-heal|p1a: Venusaur|77/100|[silent]
|upkeep
|turn|11
|
|t:|1649141439
|move|p1a: Venusaur|Earthquake|p2a: Aggron
|-supereffective|p2a: Aggron
|-damage|p2a: Aggron|55/100
|move|p2a: Aggron|Iron Defense|p2a: Aggron
|-boost|p2a: Aggron|def|2
|
|-heal|p1a: Venusaur|83/100|[from] item: Black Sludge
|-heal|p2a: Aggron|61/100|[from] item: Leftovers
|-damage|p2a: Aggron|48/100|[from] Leech Seed|[of] p1a: Venusaur
|-heal|p1a: Venusaur|95/100|[silent]
|upkeep
|turn|12
|
|t:|1649141450
|move|p1a: Venusaur|Earthquake|p2a: Aggron
|-supereffective|p2a: Aggron
|-damage|p2a: Aggron|38/100
|move|p2a: Aggron|Body Press|p1a: Venusaur
|-resisted|p1a: Venusaur
|-damage|p1a: Venusaur|32/100
|
|-heal|p1a: Venusaur|38/100|[from] item: Black Sludge
|-heal|p2a: Aggron|44/100|[from] item: Leftovers
|-damage|p2a: Aggron|31/100|[from] Leech Seed|[of] p1a: Venusaur
|-heal|p1a: Venusaur|49/100|[silent]
|upkeep
|turn|13
|
|t:|1649141463
|move|p1a: Venusaur|Knock Off|p2a: Aggron
|-damage|p2a: Aggron|28/100
|-enditem|p2a: Aggron|Leftovers|[from] move: Knock Off|[of] p1a: Venusaur
|move|p2a: Aggron|Body Press|p1a: Venusaur
|-resisted|p1a: Venusaur
|-damage|p1a: Venusaur|0 fnt
|faint|p1a: Venusaur
|
|upkeep
|
|t:|1649141465
|switch|p1a: Keldeo|Keldeo|100/100
|turn|14
|
|t:|1649141484
|move|p2a: Aggron|Protect|p2a: Aggron
|-singleturn|p2a: Aggron|Protect
|move|p1a: Keldeo|Substitute|p1a: Keldeo
|-start|p1a: Keldeo|Substitute
|-damage|p1a: Keldeo|76/100
|
|-heal|p1a: Keldeo|82/100|[from] item: Leftovers
|-damage|p2a: Aggron|16/100|[from] Leech Seed|[of] p1a: Keldeo
|-heal|p1a: Keldeo|95/100|[silent]
|upkeep
|turn|15
|
|t:|1649141493
|switch|p2a: Dragapult|Dragapult, F|100/100
|-damage|p2a: Dragapult|88/100|[from] Spikes
|move|p1a: Keldeo|Scald|p2a: Dragapult
|-resisted|p2a: Dragapult
|-damage|p2a: Dragapult|62/100
|-start|p1a: Keldeo|Disable|Scald|[from] ability: Cursed Body|[of] p2a: Dragapult
|
|-heal|p1a: Keldeo|100/100|[from] item: Leftovers
|upkeep
|turn|16
|
|t:|1649141507
|switch|p1a: Chansey|Chansey, F|100/100
|move|p2a: Dragapult|U-turn|p1a: Chansey
|-damage|p1a: Chansey|83/100
|
|t:|1649141516
|switch|p2a: Cresselia|Cresselia, F|100/100|[from]move: U-turn
|
|upkeep
|turn|17
|
|t:|1649141532
|move|p2a: Cresselia|Calm Mind|p2a: Cresselia
|-boost|p2a: Cresselia|spa|1
|-boost|p2a: Cresselia|spd|1
|move|p1a: Chansey|Toxic|p2a: Cresselia
|-status|p2a: Cresselia|tox
|
|-damage|p2a: Cresselia|94/100 tox|[from] psn
|upkeep
|turn|18
|
|t:|1649141539
|switch|p1a: Bisharp|Bisharp, F|100/100
|move|p2a: Cresselia|Calm Mind|p2a: Cresselia
|-boost|p2a: Cresselia|spa|1
|-boost|p2a: Cresselia|spd|1
|
|-heal|p2a: Cresselia|100/100 tox|[from] item: Leftovers
|-damage|p2a: Cresselia|88/100 tox|[from] psn
|upkeep
|turn|19
|
|t:|1649141548
|switch|p2a: Dragapult|Dragapult, F|62/100
|-damage|p2a: Dragapult|49/100|[from] Spikes
|move|p1a: Bisharp|Knock Off|p2a: Dragapult
|-supereffective|p2a: Dragapult
|-damage|p2a: Dragapult|0 fnt
|-start|p1a: Bisharp|Disable|Knock Off|[from] ability: Cursed Body|[of] p2a: Dragapult
|-enditem|p2a: Dragapult|Lum Berry|[from] move: Knock Off|[of] p1a: Bisharp
|faint|p2a: Dragapult
|
|upkeep
|
|t:|1649141553
|switch|p2a: Aggron|Aggron, M|16/100
|-damage|p2a: Aggron|3/100|[from] Spikes
|turn|20
|
|t:|1649141558
|switch|p1a: Keldeo|Keldeo|100/100
|move|p2a: Aggron|Body Press|p1a: Keldeo
|-damage|p1a: Keldeo|56/100
|
|-heal|p1a: Keldeo|62/100|[from] item: Leftovers
|upkeep
|turn|21
|
|t:|1649141566
|move|p2a: Aggron|Protect|p2a: Aggron
|-singleturn|p2a: Aggron|Protect
|move|p1a: Keldeo|Scald|p2a: Aggron
|-activate|p2a: Aggron|move: Protect
|
|-heal|p1a: Keldeo|69/100|[from] item: Leftovers
|upkeep
|turn|22
|
|t:|1649141587
|move|p1a: Keldeo|Scald|p2a: Aggron
|-supereffective|p2a: Aggron
|-damage|p2a: Aggron|0 fnt
|faint|p2a: Aggron
|
|-heal|p1a: Keldeo|75/100|[from] item: Leftovers
|upkeep
|
|t:|1649141590
|switch|p2a: Accelgor|Accelgor, M|100/100
|-damage|p2a: Accelgor|88/100|[from] Spikes
|turn|23
|
|t:|1649141612
|move|p2a: Accelgor|Sludge Bomb|p1a: Keldeo
|-damage|p1a: Keldeo|35/100
|-damage|p2a: Accelgor|78/100|[from] item: Life Orb
|move|p1a: Keldeo|Calm Mind|p1a: Keldeo
|-boost|p1a: Keldeo|spa|1
|-boost|p1a: Keldeo|spd|1
|
|-heal|p1a: Keldeo|42/100|[from] item: Leftovers
|upkeep
|turn|24
|
|t:|1649141621
|move|p2a: Accelgor|Focus Blast|p1a: Keldeo
|-damage|p1a: Keldeo|7/100
|-damage|p2a: Accelgor|68/100|[from] item: Life Orb
|move|p1a: Keldeo|Scald|p2a: Accelgor
|-damage|p2a: Accelgor|0 fnt
|faint|p2a: Accelgor
|
|-heal|p1a: Keldeo|13/100|[from] item: Leftovers
|upkeep
|
|t:|1649141625
|switch|p2a: Cresselia|Cresselia, F|88/100 tox
|turn|25
|
|t:|1649141630
|move|p1a: Keldeo|Taunt|p2a: Cresselia
|-start|p2a: Cresselia|move: Taunt
|move|p2a: Cresselia|Ice Beam|p1a: Keldeo
|-resisted|p1a: Keldeo
|-damage|p1a: Keldeo|7/100
|
|-heal|p1a: Keldeo|13/100|[from] item: Leftovers
|-heal|p2a: Cresselia|94/100 tox|[from] item: Leftovers
|-damage|p2a: Cresselia|88/100 tox|[from] psn
|upkeep
|turn|26
|
|t:|1649141637
|switch|p1a: Bisharp|Bisharp, F|100/100
|move|p2a: Cresselia|Stored Power|p1a: Bisharp
|-immune|p1a: Bisharp
|
|-heal|p2a: Cresselia|94/100 tox|[from] item: Leftovers
|-damage|p2a: Cresselia|82/100 tox|[from] psn
|upkeep
|turn|27
|
|t:|1649141643
|move|p1a: Bisharp|Knock Off|p2a: Cresselia
|-supereffective|p2a: Cresselia
|-damage|p2a: Cresselia|0 fnt
|-enditem|p2a: Cresselia|Leftovers|[from] move: Knock Off|[of] p1a: Bisharp
|faint|p2a: Cresselia
|
|win|tesla roadster
|n|☆tesla roadster|teslaroadster
|n|☆Rangatang|rangatang
|l|☆tesla roadster
|l|☆Rangatang
|j|☆tesla roadster
|player|p1|tesla roadster|burglar
|j|+pastagirl♕
|l|☆tesla roadster
|player|p1|
|l|+pastagirl♕
|j| deesnut
|j| hammod
