|j|☆Sol3N3ro 太陽
|j|☆Yk4509
|inactive|Battle timer is ON: inactive players will automatically lose when time's up.
|t:|1667730170
|gametype|singles
|player|p1|Sol3N3ro 太陽|calem|
|player|p2|Yk4509|gambler|
|teamsize|p1|6
|teamsize|p2|6
|gen|8
|tier|[Gen 8] OU
|rated|Tournament battle
|rule|Sleep Clause Mod: Limit one foe put to sleep
|rule|Species Clause: Limit one of each Pokémon
|rule|OHKO Clause: OHKO moves are banned
|rule|Evasion Items Clause: Evasion items are banned
|rule|Evasion Moves Clause: Evasion moves are banned
|rule|Endless Battle Clause: Forcing endless battles is banned
|rule|HP Percentage Mod: HP is shown in percentages
|rule|Dynamax Clause: You cannot dynamax
|clearpoke
|poke|p1|Kartana|
|poke|p1|Garchomp, M|
|poke|p1|Zapdos|
|poke|p1|Weavile, F|
|poke|p1|Buzzwole|
|poke|p1|Gengar, F|
|poke|p2|Kartana|
|poke|p2|Rillaboom, F|
|poke|p2|Heatran, M|
|poke|p2|Weavile, F|
|poke|p2|Dragapult, F|
|poke|p2|Blaziken, F|
|teampreview
|inactive|Yk4509 also wants the timer to be on.
|j| DylanWasEating
|c|☆Yk4509|glhf
|j|#pastagirl
|j|%Vittorioso ✿
|inactive|Sol3N3ro 太陽 has 120 seconds left.
|
|t:|1667730213
|start
|switch|p1a: Carchasseur|Garchomp, M|100/100
|switch|p2a: Dragapult|Dragapult, F|100/100
|turn|1
|j| cypherstest
|
|t:|1667730233
|move|p1a: Carchasseur|Stealth Rock|p2a: Dragapult
|-sidestart|p2: Yk4509|move: Stealth Rock
|move|p2a: Dragapult|Draco Meteor|p1a: Carchasseur
|-supereffective|p1a: Carchasseur
|-damage|p1a: Carchasseur|0 fnt
|-unboost|p2a: Dragapult|spa|2
|faint|p1a: Carchasseur
|
|upkeep
|
|t:|1667730246
|switch|p1a: Weavisimme|Weavile, F|100/100
|-ability|p1a: Weavisimme|Pressure
|turn|2
|
|t:|1667730259
|switch|p2a: Blaziken|Blaziken, F|100/100
|-damage|p2a: Blaziken|88/100|[from] Stealth Rock
|move|p1a: Weavisimme|Knock Off|p2a: Blaziken
|-resisted|p2a: Blaziken
|-damage|p2a: Blaziken|32/100
|-enditem|p2a: Blaziken|Choice Band|[from] move: Knock Off|[of] p1a: Weavisimme
|
|upkeep
|turn|3
|
|t:|1667730270
|move|p1a: Weavisimme|Knock Off|p2a: Blaziken
|-resisted|p2a: Blaziken
|-damage|p2a: Blaziken|0 fnt
|faint|p2a: Blaziken
|
|upkeep
|j| SceptiledUP
|
|t:|1667730292
|switch|p2a: Rillaboom|Rillaboom, F|100/100
|-damage|p2a: Rillaboom|88/100|[from] Stealth Rock
|-fieldstart|move: Grassy Terrain|[from] ability: Grassy Surge|[of] p2a: Rillaboom
|turn|4
|j| jhjbhnknmkmk
|
|t:|1667730302
|switch|p1a: Zap pas le dos|Zapdos|100/100
|move|p2a: Rillaboom|U-turn|p1a: Zap pas le dos
|-resisted|p1a: Zap pas le dos
|-damage|p1a: Zap pas le dos|81/100
|
|t:|1667730316
|switch|p2a: Dragapult|Dragapult, F|100/100|[from]move: U-turn
|-damage|p2a: Dragapult|88/100|[from] Stealth Rock
|
|-heal|p2a: Dragapult|94/100|[from] Grassy Terrain
|upkeep
|turn|5
|
|t:|1667730321
|move|p2a: Dragapult|Draco Meteor|p1a: Zap pas le dos
|-damage|p1a: Zap pas le dos|0 fnt
|-unboost|p2a: Dragapult|spa|2
|faint|p1a: Zap pas le dos
|
|-heal|p2a: Dragapult|99/100|[from] Grassy Terrain
|upkeep
|j| Azure_Cry$ta1
|
|t:|1667730330
|switch|p1a: Katagada|Kartana|100/100
|turn|6
|
|t:|1667730340
|switch|p2a: Rillaboom|Rillaboom, F|88/100
|-damage|p2a: Rillaboom|76/100|[from] Stealth Rock
|move|p1a: Katagada|Knock Off|p2a: Rillaboom
|-damage|p2a: Rillaboom|23/100
|-enditem|p2a: Rillaboom|Choice Band|[from] move: Knock Off|[of] p1a: Katagada
|
|-heal|p2a: Rillaboom|30/100|[from] Grassy Terrain
|upkeep
|turn|7
|
|t:|1667730348
|move|p2a: Rillaboom|Grassy Glide|p1a: Katagada
|-resisted|p1a: Katagada
|-damage|p1a: Katagada|89/100
|move|p1a: Katagada|Knock Off|p2a: Rillaboom
|-damage|p2a: Rillaboom|0 fnt
|faint|p2a: Rillaboom
|-ability|p1a: Katagada|Beast Boost|boost
|-boost|p1a: Katagada|atk|1
|
|-heal|p1a: Katagada|95/100|[from] Grassy Terrain
|upkeep
|
|t:|1667730352
|switch|p2a: Heatran|Heatran, M|100/100
|-damage|p2a: Heatran|88/100|[from] Stealth Rock
|turn|8
|j| g2 fyssure
|
|t:|1667730364
|move|p1a: Katagada|Knock Off|p2a: Heatran
|-damage|p2a: Heatran|10/100
|-enditem|p2a: Heatran|Choice Scarf|[from] move: Knock Off|[of] p1a: Katagada
|move|p2a: Heatran|Eruption|p1a: Katagada
|-supereffective|p1a: Katagada
|-damage|p1a: Katagada|0 fnt
|faint|p1a: Katagada
|
|-heal|p2a: Heatran|17/100|[from] Grassy Terrain
|-fieldend|move: Grassy Terrain
|upkeep
|
|t:|1667730379
|switch|p1a: Mouscoton|Buzzwole|100/100
|turn|9
|
|t:|1667730383
|move|p1a: Mouscoton|Earthquake|p2a: Heatran
|-supereffective|p2a: Heatran
|-damage|p2a: Heatran|0 fnt
|faint|p2a: Heatran
|-ability|p1a: Mouscoton|Beast Boost|boost
|-boost|p1a: Mouscoton|atk|1
|
|upkeep
|
|t:|1667730397
|switch|p2a: Dragapult|Dragapult, F|99/100
|-damage|p2a: Dragapult|88/100|[from] Stealth Rock
|turn|10
|
|t:|1667730405
|move|p1a: Mouscoton|Earthquake|p2a: Dragapult
|-damage|p2a: Dragapult|17/100
|move|p2a: Dragapult|Shadow Ball|p1a: Mouscoton
|-damage|p1a: Mouscoton|12/100
|
|upkeep
|turn|11
|
|t:|1667730412
|move|p1a: Mouscoton|Earthquake|p2a: Dragapult
|-damage|p2a: Dragapult|0 fnt
|faint|p2a: Dragapult
|-ability|p1a: Mouscoton|Beast Boost|boost
|-boost|p1a: Mouscoton|atk|1
|
|upkeep
|
|t:|1667730414
|switch|p2a: Weavile|Weavile, F|100/100
|-damage|p2a: Weavile|76/100|[from] Stealth Rock
|-ability|p2a: Weavile|Pressure
|turn|12
|
|t:|1667730417
|move|p2a: Weavile|Ice Shard|p1a: Mouscoton
|-damage|p1a: Mouscoton|0 fnt
|faint|p1a: Mouscoton
|
|upkeep
|
|t:|1667730429
|switch|p1a: Weavisimme|Weavile, F|100/100
|-ability|p1a: Weavisimme|Pressure
|turn|13
|l| SceptiledUP
|inactive|Yk4509 has 120 seconds left.
|
|t:|1667730463
|switch|p2a: Kartana|Kartana|100/100
|-damage|p2a: Kartana|94/100|[from] Stealth Rock
|move|p1a: Weavisimme|Knock Off|p2a: Kartana
|-damage|p2a: Kartana|19/100
|-enditem|p2a: Kartana|Choice Band|[from] move: Knock Off|[of] p1a: Weavisimme
|
|upkeep
|turn|14
|l| Azure_Cry$ta1
|inactive|Yk4509 has 120 seconds left.
|
|t:|1667730475
|move|p1a: Weavisimme|Knock Off|p2a: Kartana
|-damage|p2a: Kartana|0 fnt
|faint|p2a: Kartana
|
|upkeep
|
|t:|1667730479
|switch|p2a: Weavile|Weavile, F|76/100
|-damage|p2a: Weavile|51/100|[from] Stealth Rock
|-ability|p2a: Weavile|Pressure
|turn|15
|
|t:|1667730485
|move|p1a: Weavisimme|Knock Off|p2a: Weavile
|-resisted|p2a: Weavile
|-damage|p2a: Weavile|0 fnt
|-enditem|p2a: Weavile|Choice Band|[from] move: Knock Off|[of] p1a: Weavisimme
|faint|p2a: Weavile
|
|win|Sol3N3ro 太陽
|n|☆Sol3N3ro 太陽|sol3n3ro
|n|☆Yk4509|yk4509
|n| DylanWasEating|dylanwaseating
|n|+pastagirl|pastagirl
|n| Vittorioso ✿|vittorioso
|n| cypherstest|cypherstest
|n| jhjbhnknmkmk|jhjbhnknmkmk
|n| g2 fyssure|g2fyssure
