|html|<div class="broadcast-blue"><strong>[Gen 8] OU is currently suspecting Melmetal! For information on how to participate check out the <a href="https://www.smogon.com/forums/threads/np-ss-ou-suspect-process-round-12-monster-mash.3709234/">suspect thread</a>.</strong></div>
|j|☆IMSOMALD
|j|☆Kamikaz 100
|t:|1666549282
|gametype|singles
|player|p1|IMSOMALD|ethan-masters|1699
|player|p2|Kamikaz 100|richboy-gen4|1717
|teamsize|p1|6
|teamsize|p2|6
|gen|8
|tier|[Gen 8] OU
|rated|
|rule|Sleep Clause Mod: Limit one foe put to sleep
|rule|Species Clause: Limit one of each Pokémon
|rule|OHKO Clause: OHKO moves are banned
|rule|Evasion Items Clause: Evasion items are banned
|rule|Evasion Moves Clause: Evasion moves are banned
|rule|Endless Battle Clause: Forcing endless battles is banned
|rule|HP Percentage Mod: HP is shown in percentages
|rule|Dynamax Clause: You cannot dynamax
|clearpoke
|poke|p1|Rillaboom, F|
|poke|p1|Tornadus-Therian, M|
|poke|p1|Blaziken, F|
|poke|p1|Melmetal|
|poke|p1|Garchomp, F|
|poke|p1|Slowbro, F|
|poke|p2|Pelipper, F|
|poke|p2|Barraskewda, M|
|poke|p2|Porygon-Z|
|poke|p2|Ferrothorn, M|
|poke|p2|Tapu Lele|
|poke|p2|Seismitoad, M|
|teampreview
|inactive|Battle timer is ON: inactive players will automatically lose when time's up. (requested by IMSOMALD)
|
|t:|1666549306
|start
|switch|p1a: Tornadus|Tornadus-Therian, M|100/100
|switch|p2a: Porygon-Z|Porygon-Z|100/100
|-ability|p2a: Porygon-Z|Download|boost
|-boost|p2a: Porygon-Z|atk|1
|turn|1
|
|t:|1666549310
|move|p1a: Tornadus|Knock Off|p2a: Porygon-Z
|-damage|p2a: Porygon-Z|72/100
|-enditem|p2a: Porygon-Z|Choice Specs|[from] move: Knock Off|[of] p1a: Tornadus
|move|p2a: Porygon-Z|Ice Beam|p1a: Tornadus
|-supereffective|p1a: Tornadus
|-damage|p1a: Tornadus|36/100
|
|upkeep
|turn|2
|j| theresaspacedruid
|
|t:|1666549320
|move|p1a: Tornadus|U-turn|p2a: Porygon-Z
|-damage|p2a: Porygon-Z|50/100
|
|t:|1666549323
|switch|p1a: Melmetal|Melmetal|100/100|[from]move: U-turn
|move|p2a: Porygon-Z|Trick|p1a: Melmetal
|-activate|p2a: Porygon-Z|move: Trick|[of] p1a: Melmetal
|-enditem|p1a: Melmetal|Leftovers|[silent]|[from] move: Trick
|-item|p2a: Porygon-Z|Leftovers|[from] move: Trick
|
|-heal|p2a: Porygon-Z|56/100|[from] item: Leftovers
|upkeep
|turn|3
|
|t:|1666549343
|switch|p2a: Ferrothorn|Ferrothorn, M|100/100
|move|p1a: Melmetal|Superpower|p2a: Ferrothorn
|-supereffective|p2a: Ferrothorn
|-damage|p2a: Ferrothorn|43/100
|-unboost|p1a: Melmetal|atk|1
|-unboost|p1a: Melmetal|def|1
|-damage|p1a: Melmetal|88/100|[from] ability: Iron Barbs|[of] p2a: Ferrothorn
|-damage|p1a: Melmetal|71/100|[from] item: Rocky Helmet|[of] p2a: Ferrothorn
|
|upkeep
|turn|4
|
|t:|1666549352
|switch|p1a: Blaziken|Blaziken, F|100/100
|move|p2a: Ferrothorn|Stealth Rock|p1a: Blaziken
|-sidestart|p1: IMSOMALD|move: Stealth Rock
|
|upkeep
|turn|5
|
|t:|1666549367
|switch|p1a: Tornadus|Tornadus-Therian, M|69/100
|move|p2a: Ferrothorn|Body Press|p1a: Tornadus
|-resisted|p1a: Tornadus
|-crit|p1a: Tornadus
|-damage|p1a: Tornadus|43/100
|
|upkeep
|turn|6
|
|t:|1666549373
|move|p1a: Tornadus|Defog|p2a: Ferrothorn
|-unboost|p2a: Ferrothorn|evasion|1
|-sideend|p1: IMSOMALD|Stealth Rock|[from] move: Defog|[of] p1a: Tornadus
|move|p2a: Ferrothorn|Leech Seed|p1a: Tornadus
|-start|p1a: Tornadus|move: Leech Seed
|
|-damage|p1a: Tornadus|31/100|[from] Leech Seed|[of] p2a: Ferrothorn
|-heal|p2a: Ferrothorn|56/100|[silent]
|upkeep
|turn|7
|j| westcottike
|
|t:|1666549375
|move|p1a: Tornadus|Heat Wave|p2a: Ferrothorn
|-supereffective|p2a: Ferrothorn
|-damage|p2a: Ferrothorn|0 fnt
|faint|p2a: Ferrothorn
|
|upkeep
|
|t:|1666549380
|switch|p2a: Barraskewda|Barraskewda, M|100/100
|turn|8
|
|t:|1666549389
|switch|p1a: Slowbro|Slowbro, F|100/100
|move|p2a: Barraskewda|Flip Turn|p1a: Slowbro
|-resisted|p1a: Slowbro
|-damage|p1a: Slowbro|86/100
|-damage|p2a: Barraskewda|84/100|[from] item: Rocky Helmet|[of] p1a: Slowbro
|j| clownzyo
|
|t:|1666549397
|switch|p2a: Porygon-Z|Porygon-Z|56/100|[from]move: Flip Turn
|-ability|p2a: Porygon-Z|Download|boost
|-boost|p2a: Porygon-Z|spa|1
|
|-heal|p2a: Porygon-Z|63/100|[from] item: Leftovers
|upkeep
|turn|9
|
|t:|1666549406
|switch|p1a: Melmetal|Melmetal|71/100
|move|p2a: Porygon-Z|Tri Attack|p1a: Melmetal
|-resisted|p1a: Melmetal
|-damage|p1a: Melmetal|41/100
|
|-heal|p2a: Porygon-Z|69/100|[from] item: Leftovers
|upkeep
|turn|10
|
|t:|1666549418
|switch|p2a: Pelipper|Pelipper, F|100/100
|-weather|RainDance|[from] ability: Drizzle|[of] p2a: Pelipper
|move|p1a: Melmetal|Double Iron Bash|p2a: Pelipper
|-resisted|p2a: Pelipper
|-crit|p2a: Pelipper
|-damage|p2a: Pelipper|66/100
|-resisted|p2a: Pelipper
|-crit|p2a: Pelipper
|-damage|p2a: Pelipper|33/100
|-hitcount|p2a: Pelipper|2
|
|-weather|RainDance|[upkeep]
|upkeep
|turn|11
|
|t:|1666549430
|move|p2a: Pelipper|Roost|p2a: Pelipper
|-heal|p2a: Pelipper|83/100
|-singleturn|p2a: Pelipper|move: Roost
|move|p1a: Melmetal|Double Iron Bash|p2a: Pelipper
|-resisted|p2a: Pelipper
|-damage|p2a: Pelipper|58/100
|-resisted|p2a: Pelipper
|-damage|p2a: Pelipper|35/100
|-hitcount|p2a: Pelipper|2
|
|-weather|RainDance|[upkeep]
|upkeep
|turn|12
|j| Ran Kob
|
|t:|1666549439
|move|p2a: Pelipper|Scald|p1a: Melmetal
|-damage|p1a: Melmetal|5/100
|-status|p1a: Melmetal|brn
|move|p1a: Melmetal|Thunder Punch|p2a: Pelipper
|-supereffective|p2a: Pelipper
|-damage|p2a: Pelipper|0 fnt
|faint|p2a: Pelipper
|
|-weather|RainDance|[upkeep]
|-damage|p1a: Melmetal|0 fnt|[from] brn
|faint|p1a: Melmetal
|upkeep
|
|t:|1666549452
|switch|p2a: Porygon-Z|Porygon-Z|69/100
|switch|p1a: Rillaboom|Rillaboom, F|100/100
|-ability|p2a: Porygon-Z|Download|boost
|-boost|p2a: Porygon-Z|spa|1
|-fieldstart|move: Grassy Terrain|[from] ability: Grassy Surge|[of] p1a: Rillaboom
|turn|13
|
|t:|1666549457
|switch|p2a: Tapu Lele|Tapu Lele|100/100
|-fieldstart|move: Psychic Terrain|[from] ability: Psychic Surge|[of] p2a: Tapu Lele
|move|p1a: Rillaboom|Grassy Glide|p2a: Tapu Lele
|-damage|p2a: Tapu Lele|38/100
|
|-weather|RainDance|[upkeep]
|upkeep
|turn|14
|
|t:|1666549465
|switch|p1a: Garchomp|Garchomp, F|100/100
|move|p2a: Tapu Lele|Moonblast|p1a: Garchomp
|-supereffective|p1a: Garchomp
|-damage|p1a: Garchomp|34/100
|-unboost|p1a: Garchomp|spa|1
|
|-weather|RainDance|[upkeep]
|-heal|p1a: Garchomp|40/100|[from] item: Leftovers
|upkeep
|turn|15
|
|t:|1666549471
|move|p1a: Garchomp|Protect|p1a: Garchomp
|-singleturn|p1a: Garchomp|Protect
|move|p2a: Tapu Lele|Moonblast|p1a: Garchomp
|-activate|p1a: Garchomp|move: Protect
|
|-weather|RainDance|[upkeep]
|-heal|p1a: Garchomp|46/100|[from] item: Leftovers
|upkeep
|turn|16
|-message|Kamikaz 100 forfeited.
|
|win|IMSOMALD
|raw|IMSOMALD's rating: 1699 &rarr; <strong>1721</strong><br />(+22 for winning)
|raw|Kamikaz 100's rating: 1735 &rarr; <strong>1713</strong><br />(-22 for losing)
|l|☆Kamikaz 100
