|j|☆legitteambuilder
|j|☆Chilli Sauce974
|t:|1615734155
|player|p1|legitteambuilder|lance|1566
|player|p2|Chilli Sauce974|ethan|1442
|teamsize|p1|6
|teamsize|p2|6
|gametype|singles
|gen|8
|tier|[Gen 8] OU
|rated|
|clearpoke
|poke|p1|Heatran, M|
|poke|p1|Dragapult, M|
|poke|p1|Corviknight, F|
|poke|p1|Tapu Lele|
|poke|p1|Garchomp, F|
|poke|p1|Ferrothorn, F|
|poke|p2|Blaziken, M|
|poke|p2|Sandaconda, M|
|poke|p2|Aegislash, F|
|poke|p2|Kartana|
|poke|p2|Gyarados, M|
|poke|p2|Tapu Lele|
|rule|Sleep Clause Mod: Limit one foe put to sleep
|rule|Species Clause: Limit one of each Pokémon
|rule|OHKO Clause: OHKO moves are banned
|rule|Evasion Moves Clause: Evasion moves are banned
|rule|Endless Battle Clause: Forcing endless battles is banned
|rule|HP Percentage Mod: HP is shown in percentages
|rule|Dynamax Clause: You cannot dynamax
|teampreview
|
|t:|1615734165
|start
|switch|p1a: Ferrothorn|Ferrothorn, F|100/100
|switch|p2a: Sandaconda|Sandaconda, M|100/100
|turn|1
|
|t:|1615734169
|move|p2a: Sandaconda|Glare|p1a: Ferrothorn
|-status|p1a: Ferrothorn|par
|cant|p1a: Ferrothorn|par
|
|upkeep
|turn|2
|
|t:|1615734176
|move|p2a: Sandaconda|Stealth Rock|p1a: Ferrothorn
|-sidestart|p1: legitteambuilder|move: Stealth Rock
|move|p1a: Ferrothorn|Toxic|p2a: Sandaconda
|-status|p2a: Sandaconda|tox
|
|-activate|p2a: Sandaconda|ability: Shed Skin
|-curestatus|p2a: Sandaconda|tox|[msg]
|upkeep
|turn|3
|
|t:|1615734185
|move|p2a: Sandaconda|Earthquake|p1a: Ferrothorn
|-damage|p1a: Ferrothorn|78/100 par
|move|p1a: Ferrothorn|Spikes|p2a: Sandaconda
|-sidestart|p2: Chilli Sauce974|Spikes
|
|-heal|p1a: Ferrothorn|85/100 par|[from] item: Leftovers
|upkeep
|turn|4
|
|t:|1615734190
|move|p2a: Sandaconda|Earthquake|p1a: Ferrothorn
|-damage|p1a: Ferrothorn|62/100 par
|move|p1a: Ferrothorn|Leech Seed|p2a: Sandaconda
|-start|p2a: Sandaconda|move: Leech Seed
|
|-heal|p1a: Ferrothorn|68/100 par|[from] item: Leftovers
|-damage|p2a: Sandaconda|88/100|[from] Leech Seed|[of] p1a: Ferrothorn
|-heal|p1a: Ferrothorn|81/100 par|[silent]
|upkeep
|turn|5
|
|t:|1615734200
|switch|p2a: Blaziken|Blaziken, M|100/100
|-damage|p2a: Blaziken|88/100|[from] Spikes
|move|p1a: Ferrothorn|Knock Off|p2a: Blaziken
|-resisted|p2a: Blaziken
|-damage|p2a: Blaziken|73/100
|-enditem|p2a: Blaziken|Protective Pads|[from] move: Knock Off|[of] p1a: Ferrothorn
|
|-heal|p1a: Ferrothorn|87/100 par|[from] item: Leftovers
|upkeep
|turn|6
|
|t:|1615734211
|switch|p1a: draga deez nuts|Dragapult, M, shiny|100/100
|-damage|p1a: draga deez nuts|88/100|[from] Stealth Rock
|move|p2a: Blaziken|Swords Dance|p2a: Blaziken
|-boost|p2a: Blaziken|atk|2
|
|-ability|p2a: Blaziken|Speed Boost|boost
|-boost|p2a: Blaziken|spe|1
|upkeep
|turn|7
|
|t:|1615734226
|move|p1a: draga deez nuts|Draco Meteor|p2a: Blaziken
|-damage|p2a: Blaziken|0 fnt
|-unboost|p1a: draga deez nuts|spa|2
|faint|p2a: Blaziken
|
|upkeep
|
|t:|1615734232
|switch|p2a: Gyarados|Gyarados, M|100/100
|turn|8
|
|t:|1615734246
|switch|p1a: Garchomp|Garchomp, F|100/100
|-damage|p1a: Garchomp|94/100|[from] Stealth Rock
|move|p2a: Gyarados|Dragon Dance|p2a: Gyarados
|-boost|p2a: Gyarados|atk|1
|-boost|p2a: Gyarados|spe|1
|
|upkeep
|turn|9
|
|t:|1615734252
|move|p2a: Gyarados|Ice Fang|p1a: Garchomp
|-supereffective|p1a: Garchomp
|-damage|p1a: Garchomp|0 fnt
|-damage|p2a: Gyarados|88/100|[from] ability: Rough Skin|[of] p1a: Garchomp
|faint|p1a: Garchomp
|-ability|p2a: Gyarados|Moxie|boost
|-boost|p2a: Gyarados|atk|1
|
|upkeep
|
|t:|1615734268
|switch|p1a: no zone pls :(|Corviknight, F, shiny|100/100
|-damage|p1a: no zone pls :(|88/100|[from] Stealth Rock
|-ability|p1a: no zone pls :(|Pressure
|turn|10
|
|t:|1615734274
|move|p2a: Gyarados|Waterfall|p1a: no zone pls :(
|-damage|p1a: no zone pls :(|38/100
|move|p1a: no zone pls :(|Brave Bird|p2a: Gyarados
|-damage|p2a: Gyarados|42/100
|-damage|p1a: no zone pls :(|25/100|[from] Recoil
|
|-heal|p1a: no zone pls :(|32/100|[from] item: Leftovers
|upkeep
|turn|11
|
|t:|1615734282
|move|p2a: Gyarados|Waterfall|p1a: no zone pls :(
|-damage|p1a: no zone pls :(|0 fnt
|faint|p1a: no zone pls :(
|-ability|p2a: Gyarados|Moxie|boost
|-boost|p2a: Gyarados|atk|1
|
|upkeep
|
|t:|1615734290
|switch|p1a: draga deez nuts|Dragapult, M, shiny|88/100
|-damage|p1a: draga deez nuts|76/100|[from] Stealth Rock
|turn|12
|
|t:|1615734320
|move|p1a: draga deez nuts|Shadow Ball|p2a: Gyarados
|-damage|p2a: Gyarados|5/100
|move|p2a: Gyarados|Ice Fang|p1a: draga deez nuts
|-supereffective|p1a: draga deez nuts
|-damage|p1a: draga deez nuts|0 fnt
|faint|p1a: draga deez nuts
|-ability|p2a: Gyarados|Moxie|boost
|-boost|p2a: Gyarados|atk|1
|
|upkeep
|-message|legitteambuilder forfeited.
|
|win|Chilli Sauce974
|raw|legitteambuilder's rating: 1566 &rarr; <strong>1539</strong><br />(-27 for losing)
|raw|Chilli Sauce974's rating: 1442 &rarr; <strong>1469</strong><br />(+27 for winning)
|l|☆legitteambuilder
