|j|☆Kaleor
|j|☆Ban Stall Pokemon
|t:|1636907279
|gametype|singles
|player|p1|Kaleor|swimmer-gen4dp|1525
|player|p2|Ban Stall Pokemon|swimmer|1465
|teamsize|p1|6
|teamsize|p2|6
|gen|8
|tier|[Gen 8] OU
|rated|
|rule|Sleep Clause Mod: Limit one foe put to sleep
|rule|Species Clause: Limit one of each Pokémon
|rule|OHKO Clause: OHKO moves are banned
|rule|Evasion Moves Clause: Evasion moves are banned
|rule|Endless Battle Clause: Forcing endless battles is banned
|rule|HP Percentage Mod: HP is shown in percentages
|rule|Dynamax Clause: You cannot dynamax
|clearpoke
|poke|p1|Archeops, M|
|poke|p1|Blaziken, M|
|poke|p1|Polteageist|
|poke|p1|Blacephalon|
|poke|p1|Regieleki|
|poke|p1|Dragapult, F|
|poke|p2|Kartana|
|poke|p2|Blaziken, M|
|poke|p2|Melmetal|
|poke|p2|Zapdos|
|poke|p2|Volcarona, M|
|poke|p2|Chandelure, F|
|teampreview
|inactive|Battle timer is ON: inactive players will automatically lose when time's up. (requested by Kaleor)
|
|t:|1636907296
|start
|switch|p1a: Archeops|Archeops, M|100/100
|switch|p2a: Chandelure|Chandelure, F, shiny|100/100
|turn|1
|
|t:|1636907306
|move|p1a: Archeops|Head Smash|p2a: Chandelure
|-supereffective|p2a: Chandelure
|-enditem|p2a: Chandelure|Focus Sash
|-damage|p2a: Chandelure|1/100
|-status|p1a: Archeops|brn|[from] ability: Flame Body|[of] p2a: Chandelure
|-damage|p1a: Archeops|56/100 brn|[from] Recoil
|move|p2a: Chandelure|Shadow Ball|p1a: Archeops
|-damage|p1a: Archeops|0 fnt
|faint|p1a: Archeops
|
|upkeep
|
|t:|1636907315
|switch|p1a: Blacephalon|Blacephalon|100/100
|turn|2
|
|t:|1636907320
|move|p1a: Blacephalon|Flamethrower|p2a: Chandelure
|-resisted|p2a: Chandelure
|-damage|p2a: Chandelure|0 fnt
|faint|p2a: Chandelure
|-ability|p1a: Blacephalon|Beast Boost|boost
|-boost|p1a: Blacephalon|spa|1
|
|upkeep
|
|t:|1636907331
|switch|p2a: Kartana|Kartana, shiny|100/100
|turn|3
|
|t:|1636907335
|move|p2a: Kartana|Knock Off|p1a: Blacephalon
|-supereffective|p1a: Blacephalon
|-enditem|p1a: Blacephalon|Focus Sash
|-damage|p1a: Blacephalon|1/100
|move|p1a: Blacephalon|Flamethrower|p2a: Kartana
|-supereffective|p2a: Kartana
|-enditem|p2a: Kartana|Focus Sash
|-damage|p2a: Kartana|1/100
|
|upkeep
|turn|4
|
|t:|1636907341
|move|p2a: Kartana|Knock Off|p1a: Blacephalon
|-supereffective|p1a: Blacephalon
|-damage|p1a: Blacephalon|0 fnt
|faint|p1a: Blacephalon
|-ability|p2a: Kartana|Beast Boost|boost
|-boost|p2a: Kartana|atk|1
|
|upkeep
|
|t:|1636907347
|switch|p1a: Regieleki|Regieleki|100/100
|turn|5
|
|t:|1636907349
|move|p1a: Regieleki|Volt Switch|p2a: Kartana
|-resisted|p2a: Kartana
|-damage|p2a: Kartana|0 fnt
|faint|p2a: Kartana
|
|t:|1636907355
|switch|p1a: Blaziken|Blaziken, M|100/100|[from]move: Volt Switch
|
|upkeep
|
|t:|1636907362
|switch|p2a: Blaziken|Blaziken, M, shiny|100/100
|turn|6
|
|t:|1636907371
|move|p2a: Blaziken|Swords Dance|p2a: Blaziken
|-boost|p2a: Blaziken|atk|2
|move|p1a: Blaziken|Close Combat|p2a: Blaziken
|-damage|p2a: Blaziken|0 fnt
|-unboost|p1a: Blaziken|def|1
|-unboost|p1a: Blaziken|spd|1
|faint|p2a: Blaziken
|
|-ability|p1a: Blaziken|Speed Boost|boost
|-boost|p1a: Blaziken|spe|1
|upkeep
|
|t:|1636907382
|switch|p2a: Volcarona|Volcarona, M, shiny|100/100
|turn|7
|
|t:|1636907387
|move|p1a: Blaziken|Stone Edge|p2a: Volcarona|[miss]
|-miss|p1a: Blaziken|p2a: Volcarona
|move|p2a: Volcarona|Quiver Dance|p2a: Volcarona
|-boost|p2a: Volcarona|spa|1
|-boost|p2a: Volcarona|spd|1
|-boost|p2a: Volcarona|spe|1
|
|-ability|p1a: Blaziken|Speed Boost|boost
|-boost|p1a: Blaziken|spe|1
|upkeep
|turn|8
|
|t:|1636907391
|move|p1a: Blaziken|Stone Edge|p2a: Volcarona
|-supereffective|p2a: Volcarona
|-damage|p2a: Volcarona|0 fnt
|faint|p2a: Volcarona
|
|-ability|p1a: Blaziken|Speed Boost|boost
|-boost|p1a: Blaziken|spe|1
|upkeep
|
|t:|1636907399
|switch|p2a: Melmetal|Melmetal, shiny|100/100
|turn|9
|
|t:|1636907405
|move|p1a: Blaziken|Close Combat|p2a: Melmetal
|-supereffective|p2a: Melmetal
|-damage|p2a: Melmetal|36/100
|-unboost|p1a: Blaziken|def|1
|-unboost|p1a: Blaziken|spd|1
|move|p2a: Melmetal|Earthquake|p1a: Blaziken
|-supereffective|p1a: Blaziken
|-enditem|p1a: Blaziken|Focus Sash
|-damage|p1a: Blaziken|1/100
|
|-ability|p1a: Blaziken|Speed Boost|boost
|-boost|p1a: Blaziken|spe|1
|upkeep
|turn|10
|
|t:|1636907411
|move|p1a: Blaziken|Close Combat|p2a: Melmetal
|-supereffective|p2a: Melmetal
|-damage|p2a: Melmetal|0 fnt
|-unboost|p1a: Blaziken|def|1
|-unboost|p1a: Blaziken|spd|1
|faint|p2a: Melmetal
|
|-ability|p1a: Blaziken|Speed Boost|boost
|-boost|p1a: Blaziken|spe|1
|upkeep
|
|t:|1636907417
|switch|p2a: Zapdos|Zapdos, shiny|100/100
|turn|11
|
|t:|1636907421
|move|p1a: Blaziken|Stone Edge|p2a: Zapdos
|-supereffective|p2a: Zapdos
|-crit|p2a: Zapdos
|-damage|p2a: Zapdos|0 fnt
|faint|p2a: Zapdos
|
|win|Kaleor
|raw|Kaleor's rating: 1525 &rarr; <strong>1542</strong><br />(+17 for winning)
|raw|Ban Stall Pokemon's rating: 1465 &rarr; <strong>1448</strong><br />(-17 for losing)
|l|☆Ban Stall Pokemon
|l|☆Kaleor
