|html|<div class="broadcast-blue"><strong>[Gen 8] OU is currently suspecting Urshifu-S! For information on how to participate check out the <a href="https://www.smogon.com/forums/threads/np-ss-ou-suspect-process-round-8-aint-no-rest-for-the-wicked.3675310/">suspect thread</a>.</strong></div>
|j|☆OUTW Lel
|j|☆lando expando
|t:|1609417441
|player|p1|OUTW Lel|101|1661
|player|p2|lando expando|rocketgrunt|1744
|teamsize|p1|6
|teamsize|p2|6
|gametype|singles
|gen|8
|tier|[Gen 8] OU
|rated|
|clearpoke
|poke|p1|Garchomp, M|
|poke|p1|Landorus-Therian, M|
|poke|p1|Magearna|
|poke|p1|Tapu Koko|
|poke|p1|Urshifu-*, M|
|poke|p1|Hawlucha, M|
|poke|p2|Tyrantrum, M|
|poke|p2|Latios, M|
|poke|p2|Heatran, M|
|poke|p2|Slowbro, F|
|poke|p2|Landorus-Therian, M|
|poke|p2|Drapion, M|
|rule|Sleep Clause Mod: Limit one foe put to sleep
|rule|Species Clause: Limit one of each Pokémon
|rule|OHKO Clause: OHKO moves are banned
|rule|Evasion Moves Clause: Evasion moves are banned
|rule|Endless Battle Clause: Forcing endless battles is banned
|rule|HP Percentage Mod: HP is shown in percentages
|rule|Dynamax Clause: You cannot dynamax
|teampreview
|
|t:|1609417463
|start
|switch|p1a: Garchomp|Garchomp, M|100/100
|switch|p2a: Landorus|Landorus-Therian, M|100/100
|-ability|p2a: Landorus|Intimidate|boost
|-unboost|p1a: Garchomp|atk|1
|turn|1
|
|t:|1609417467
|move|p2a: Landorus|Earthquake|p1a: Garchomp
|-damage|p1a: Garchomp|43/100
|move|p1a: Garchomp|Stealth Rock|p2a: Landorus
|-sidestart|p2: lando expando|move: Stealth Rock
|
|upkeep
|turn|2
|
|t:|1609417475
|switch|p2a: Slowbro|Slowbro, F|100/100
|-damage|p2a: Slowbro|88/100|[from] Stealth Rock
|move|p1a: Garchomp|Stone Edge|p2a: Slowbro|[miss]
|-miss|p1a: Garchomp|p2a: Slowbro
|
|upkeep
|turn|3
|
|t:|1609417479
|move|p1a: Garchomp|Earthquake|p2a: Slowbro
|-damage|p2a: Slowbro|60/100
|-damage|p1a: Garchomp|33/100|[from] item: Life Orb
|move|p2a: Slowbro|Scald|p1a: Garchomp
|-damage|p1a: Garchomp|2/100
|-status|p1a: Garchomp|brn
|
|-damage|p1a: Garchomp|0 fnt|[from] brn
|faint|p1a: Garchomp
|upkeep
|
|t:|1609417485
|switch|p1a: Tapu Koko|Tapu Koko|100/100
|-fieldstart|move: Electric Terrain|[from] ability: Electric Surge|[of] p1a: Tapu Koko
|turn|4
|
|t:|1609417493
|switch|p2a: Landorus|Landorus-Therian, M|100/100
|-damage|p2a: Landorus|88/100|[from] Stealth Rock
|-ability|p2a: Landorus|Intimidate|boost
|-unboost|p1a: Tapu Koko|atk|1
|move|p1a: Tapu Koko|Reflect|p1a: Tapu Koko
|-sidestart|p1: OUTW Lel|Reflect
|
|upkeep
|turn|5
|
|t:|1609417499
|move|p2a: Landorus|Defog|p1a: Tapu Koko
|-unboost|p1a: Tapu Koko|evasion|1
|-sideend|p1: OUTW Lel|Reflect
|-sideend|p2: lando expando|Stealth Rock|[from] move: Defog|[of] p2a: Landorus
|-fieldend|move: Electric Terrain
|move|p1a: Tapu Koko|Reflect|p1a: Tapu Koko
|-sidestart|p1: OUTW Lel|Reflect
|
|upkeep
|turn|6
|
|t:|1609417504
|switch|p2a: Heatran|Heatran, M|100/100
|move|p1a: Tapu Koko|Light Screen|p1a: Tapu Koko
|-sidestart|p1: OUTW Lel|move: Light Screen
|
|upkeep
|turn|7
|
|t:|1609417512
|move|p1a: Tapu Koko|Taunt|p2a: Heatran
|-start|p2a: Heatran|move: Taunt
|move|p2a: Heatran|Magma Storm|p1a: Tapu Koko
|-damage|p1a: Tapu Koko|74/100
|-activate|p1a: Tapu Koko|move: Magma Storm|[of] p2a: Heatran
|
|-damage|p1a: Tapu Koko|62/100|[from] move: Magma Storm|[partiallytrapped]
|upkeep
|turn|8
|
|t:|1609417518
|move|p1a: Tapu Koko|Volt Switch|p2a: Heatran
|-damage|p2a: Heatran|82/100
|
|t:|1609417520
|switch|p1a: Landorus|Landorus-Therian, M|100/100|[from]move: Volt Switch
|-ability|p1a: Landorus|Intimidate|boost
|-unboost|p2a: Heatran|atk|1
|move|p2a: Heatran|Magma Storm|p1a: Landorus
|-damage|p1a: Landorus|71/100
|-activate|p1a: Landorus|move: Magma Storm|[of] p2a: Heatran
|
|-heal|p2a: Heatran|88/100|[from] item: Leftovers
|-damage|p1a: Landorus|59/100|[from] move: Magma Storm|[partiallytrapped]
|upkeep
|turn|9
|
|t:|1609417532
|switch|p2a: Slowbro|Slowbro, F|93/100
|move|p1a: Landorus|Swords Dance|p1a: Landorus
|-boost|p1a: Landorus|atk|2
|
|-end|p1a: Landorus|Magma Storm|[partiallytrapped]|[silent]
|upkeep
|turn|10
|
|t:|1609417537
|switch|p2a: Landorus|Landorus-Therian, M|88/100
|-ability|p2a: Landorus|Intimidate|boost
|-unboost|p1a: Landorus|atk|1
|move|p1a: Landorus|Earthquake|p2a: Landorus
|-immune|p2a: Landorus
|
|upkeep
|turn|11
|
|t:|1609417544
|move|p2a: Landorus|Stone Edge|p1a: Landorus
|-damage|p1a: Landorus|36/100
|move|p1a: Landorus|Substitute|p1a: Landorus
|-start|p1a: Landorus|Substitute
|-damage|p1a: Landorus|11/100
|-enditem|p1a: Landorus|Salac Berry|[eat]
|-boost|p1a: Landorus|spe|1|[from] item: Salac Berry
|
|upkeep
|turn|12
|
|t:|1609417551
|move|p2a: Landorus|Stone Edge|p1a: Landorus
|-activate|p1a: Landorus|move: Substitute|[damage]
|move|p1a: Landorus|Stone Edge|p2a: Landorus
|-damage|p2a: Landorus|22/100
|
|-sideend|p1: OUTW Lel|Reflect
|upkeep
|turn|13
|
|t:|1609417560
|move|p2a: Landorus|Stone Edge|p1a: Landorus|[miss]
|-miss|p2a: Landorus|p1a: Landorus
|move|p1a: Landorus|Stone Edge|p2a: Landorus
|-damage|p2a: Landorus|0 fnt
|faint|p2a: Landorus
|
|-sideend|p1: OUTW Lel|move: Light Screen
|upkeep
|
|t:|1609417565
|switch|p2a: Slowbro|Slowbro, F|100/100
|turn|14
|
|t:|1609417569
|move|p1a: Landorus|Earthquake|p2a: Slowbro
|-damage|p2a: Slowbro|45/100
|move|p2a: Slowbro|Scald|p1a: Landorus
|-supereffective|p1a: Landorus
|-end|p1a: Landorus|Substitute
|
|upkeep
|turn|15
|
|t:|1609417577
|move|p1a: Landorus|Earthquake|p2a: Slowbro
|-damage|p2a: Slowbro|0 fnt
|faint|p2a: Slowbro
|
|upkeep
|
|t:|1609417578
|switch|p2a: Latios|Latios, M|100/100
|turn|16
|
|t:|1609417582
|move|p1a: Landorus|Stone Edge|p2a: Latios
|-damage|p2a: Latios|23/100
|move|p2a: Latios|Psychic|p1a: Landorus
|-damage|p1a: Landorus|0 fnt
|-damage|p2a: Latios|13/100|[from] item: Life Orb
|faint|p1a: Landorus
|
|upkeep
|
|t:|1609417587
|switch|p1a: Tapu Koko|Tapu Koko|62/100
|-fieldstart|move: Electric Terrain|[from] ability: Electric Surge|[of] p1a: Tapu Koko
|turn|17
|
|t:|1609417590
|move|p1a: Tapu Koko|Light Screen|p1a: Tapu Koko
|-sidestart|p1: OUTW Lel|move: Light Screen
|move|p2a: Latios|Roost|p2a: Latios
|-heal|p2a: Latios|63/100
|-singleturn|p2a: Latios|move: Roost
|
|upkeep
|turn|18
|
|t:|1609417594
|move|p1a: Tapu Koko|Reflect|p1a: Tapu Koko
|-sidestart|p1: OUTW Lel|Reflect
|move|p2a: Latios|Mystical Fire|p1a: Tapu Koko
|-damage|p1a: Tapu Koko|40/100
|-unboost|p1a: Tapu Koko|spa|1
|-damage|p2a: Latios|53/100|[from] item: Life Orb
|
|upkeep
|turn|19
|
|t:|1609417603
|move|p1a: Tapu Koko|Volt Switch|p2a: Latios
|-resisted|p2a: Latios
|-damage|p2a: Latios|42/100
|
|t:|1609417606
|switch|p1a: Magearna|Magearna|100/100|[from]move: Volt Switch
|move|p2a: Latios|Roost|p2a: Latios
|-heal|p2a: Latios|93/100
|-singleturn|p2a: Latios|move: Roost
|
|upkeep
|turn|20
|
|t:|1609417608
|switch|p2a: Heatran|Heatran, M|88/100
|move|p1a: Magearna|Shift Gear|p1a: Magearna
|-boost|p1a: Magearna|spe|2
|-boost|p1a: Magearna|atk|1
|
|-heal|p2a: Heatran|94/100|[from] item: Leftovers
|upkeep
|turn|21
|
|t:|1609417611
|move|p1a: Magearna|Calm Mind|p1a: Magearna
|-boost|p1a: Magearna|spa|1
|-boost|p1a: Magearna|spd|1
|move|p2a: Heatran|Taunt|p1a: Magearna
|-start|p1a: Magearna|move: Taunt
|
|-heal|p2a: Heatran|99/100|[from] item: Leftovers
|-fieldend|move: Electric Terrain
|upkeep
|turn|22
|
|t:|1609417616
|move|p1a: Magearna|Aura Sphere|p2a: Heatran
|-supereffective|p2a: Heatran
|-damage|p2a: Heatran|46/100
|move|p2a: Heatran|Magma Storm|p1a: Magearna
|-supereffective|p1a: Magearna
|-damage|p1a: Magearna|72/100
|-activate|p1a: Magearna|move: Magma Storm|[of] p2a: Heatran
|-enditem|p1a: Magearna|Weakness Policy
|-boost|p1a: Magearna|atk|2|[from] item: Weakness Policy
|-boost|p1a: Magearna|spa|2|[from] item: Weakness Policy
|
|-heal|p2a: Heatran|52/100|[from] item: Leftovers
|-damage|p1a: Magearna|60/100|[from] move: Magma Storm|[partiallytrapped]
|upkeep
|turn|23
|
|t:|1609417621
|move|p1a: Magearna|Aura Sphere|p2a: Heatran
|-supereffective|p2a: Heatran
|-damage|p2a: Heatran|0 fnt
|faint|p2a: Heatran
|-ability|p1a: Magearna|Soul-Heart|boost
|-boost|p1a: Magearna|spa|1
|
|-end|p1a: Magearna|Magma Storm|[partiallytrapped]|[silent]
|upkeep
|
|t:|1609417624
|switch|p2a: Latios|Latios, M|93/100
|turn|24
|c|☆OUTW Lel|gg
|
|t:|1609417627
|move|p1a: Magearna|Stored Power|p2a: Latios
|-resisted|p2a: Latios
|-damage|p2a: Latios|0 fnt
|faint|p2a: Latios
|-ability|p1a: Magearna|Soul-Heart|boost
|-boost|p1a: Magearna|spa|1
|
|-end|p1a: Magearna|move: Taunt
|-sideend|p1: OUTW Lel|move: Light Screen
|upkeep
|
|t:|1609417629
|switch|p2a: Tyrantrum|Tyrantrum, M|100/100
|turn|25
|
|t:|1609417631
|move|p1a: Magearna|Stored Power|p2a: Tyrantrum
|-damage|p2a: Tyrantrum|0 fnt
|faint|p2a: Tyrantrum
|-ability|p1a: Magearna|Soul-Heart|boost
|-boost|p1a: Magearna|spa|1
|
|-sideend|p1: OUTW Lel|Reflect
|upkeep
|
|t:|1609417637
|switch|p2a: Drapion|Drapion, M|100/100
|turn|26
|
|t:|1609417639
|move|p1a: Magearna|Aura Sphere|p2a: Drapion
|-damage|p2a: Drapion|0 fnt
|faint|p2a: Drapion
|
|win|OUTW Lel
|c|☆lando expando|gg
|l|☆lando expando
|raw|OUTW Lel's rating: 1661 &rarr; <strong>1686</strong><br />(+25 for winning)
|raw|lando expando's rating: 1744 &rarr; <strong>1719</strong><br />(-25 for losing)
