|j|☆brettfavreguilty
|j|☆thedebatablereaper
|t:|1667271817
|gametype|singles
|player|p1|brettfavreguilty|harlequin|1792
|player|p2|thedebatablereaper|170|1886
|teamsize|p1|6
|teamsize|p2|6
|gen|8
|tier|[Gen 8] OU
|rated|
|rule|Sleep Clause Mod: Limit one foe put to sleep
|rule|Species Clause: Limit one of each Pokémon
|rule|OHKO Clause: OHKO moves are banned
|rule|Evasion Items Clause: Evasion items are banned
|rule|Evasion Moves Clause: Evasion moves are banned
|rule|Endless Battle Clause: Forcing endless battles is banned
|rule|HP Percentage Mod: HP is shown in percentages
|rule|Dynamax Clause: You cannot dynamax
|clearpoke
|poke|p1|Pelipper, M|
|poke|p1|Kommo-o, F|
|poke|p1|Inteleon, F|
|poke|p1|Ferrothorn, F|
|poke|p1|Barraskewda, M|
|poke|p1|Seismitoad, F|
|poke|p2|Dragapult, F|
|poke|p2|Landorus-Therian, M|
|poke|p2|Sharpedo, F|
|poke|p2|Rillaboom, F|
|poke|p2|Melmetal|
|poke|p2|Heatran, M|
|teampreview
|inactive|Battle timer is ON: inactive players will automatically lose when time's up. (requested by brettfavreguilty)
|j| blisc
|
|t:|1667271836
|start
|switch|p1a: Kommo-o|Kommo-o, F|100/100
|switch|p2a: Sharpedo|Sharpedo, F|100/100
|turn|1
|j| Haxgo
|
|t:|1667271843
|switch|p2a: Landorus|Landorus-Therian, M|100/100
|-ability|p2a: Landorus|Intimidate|boost
|-unboost|p1a: Kommo-o|atk|1
|move|p1a: Kommo-o|Stealth Rock|p2a: Landorus
|-sidestart|p2: thedebatablereaper|move: Stealth Rock
|
|upkeep
|turn|2
|
|t:|1667271849
|switch|p1a: Pelipper|Pelipper, M|100/100
|-weather|RainDance|[from] ability: Drizzle|[of] p1a: Pelipper
|move|p2a: Landorus|Stealth Rock|p1a: Pelipper
|-sidestart|p1: brettfavreguilty|move: Stealth Rock
|
|-weather|RainDance|[upkeep]
|upkeep
|turn|3
|
|t:|1667271859
|switch|p2a: Melmetal|Melmetal|100/100
|-damage|p2a: Melmetal|94/100|[from] Stealth Rock
|move|p1a: Pelipper|Scald|p2a: Melmetal
|-damage|p2a: Melmetal|76/100
|-status|p2a: Melmetal|brn
|
|-weather|RainDance|[upkeep]
|-damage|p2a: Melmetal|70/100 brn|[from] brn
|upkeep
|turn|4
|
|t:|1667271870
|move|p1a: Pelipper|U-turn|p2a: Melmetal
|-resisted|p2a: Melmetal
|-damage|p2a: Melmetal|68/100 brn
|
|t:|1667271873
|switch|p1a: Seismitoad|Seismitoad, F|100/100|[from]move: U-turn
|-damage|p1a: Seismitoad|95/100|[from] Stealth Rock
|move|p2a: Melmetal|Thunder Punch|p1a: Seismitoad
|-immune|p1a: Seismitoad
|
|-weather|RainDance|[upkeep]
|-damage|p2a: Melmetal|61/100 brn|[from] brn
|upkeep
|turn|5
|
|t:|1667271883
|move|p1a: Seismitoad|Weather Ball|p2a: Melmetal
|-damage|p2a: Melmetal|23/100 brn
|-damage|p1a: Seismitoad|85/100|[from] item: Life Orb
|move|p2a: Melmetal|High Horsepower|p1a: Seismitoad
|-damage|p1a: Seismitoad|61/100
|
|-weather|RainDance|[upkeep]
|-damage|p2a: Melmetal|17/100 brn|[from] brn
|upkeep
|turn|6
|
|t:|1667271892
|move|p1a: Seismitoad|Weather Ball|p2a: Melmetal
|-damage|p2a: Melmetal|0 fnt
|faint|p2a: Melmetal
|-damage|p1a: Seismitoad|51/100|[from] item: Life Orb
|
|-weather|RainDance|[upkeep]
|upkeep
|
|t:|1667271898
|switch|p2a: Rillaboom|Rillaboom, F|100/100
|-damage|p2a: Rillaboom|88/100|[from] Stealth Rock
|-fieldstart|move: Grassy Terrain|[from] ability: Grassy Surge|[of] p2a: Rillaboom
|turn|7
|
|t:|1667271903
|switch|p1a: Kommo-o|Kommo-o, F|100/100
|-damage|p1a: Kommo-o|94/100|[from] Stealth Rock
|move|p2a: Rillaboom|Swords Dance|p2a: Rillaboom
|-boost|p2a: Rillaboom|atk|2
|
|-weather|RainDance|[upkeep]
|-heal|p2a: Rillaboom|94/100|[from] Grassy Terrain
|-heal|p1a: Kommo-o|100/100|[from] Grassy Terrain
|upkeep
|turn|8
|
|t:|1667271915
|switch|p2a: Landorus|Landorus-Therian, M|100/100
|-damage|p2a: Landorus|88/100|[from] Stealth Rock
|-ability|p2a: Landorus|Intimidate|boost
|-unboost|p1a: Kommo-o|atk|1
|move|p1a: Kommo-o|Body Press|p2a: Landorus
|-resisted|p2a: Landorus
|-damage|p2a: Landorus|73/100
|
|-weather|RainDance|[upkeep]
|-heal|p2a: Landorus|79/100|[from] item: Leftovers
|upkeep
|turn|9
|
|t:|1667271926
|switch|p1a: GALARIAN SNIPER|Inteleon, F|100/100
|-damage|p1a: GALARIAN SNIPER|88/100|[from] Stealth Rock
|move|p2a: Landorus|Earthquake|p1a: GALARIAN SNIPER
|-damage|p1a: GALARIAN SNIPER|47/100
|
|-weather|none
|-heal|p1a: GALARIAN SNIPER|53/100|[from] Grassy Terrain
|-heal|p2a: Landorus|85/100|[from] item: Leftovers
|upkeep
|turn|10
|
|t:|1667271936
|switch|p2a: Dragapult|Dragapult, F|100/100
|-damage|p2a: Dragapult|88/100|[from] Stealth Rock
|move|p1a: GALARIAN SNIPER|Snipe Shot|p2a: Dragapult
|-resisted|p2a: Dragapult
|-crit|p2a: Dragapult
|-damage|p2a: Dragapult|23/100
|
|-heal|p2a: Dragapult|29/100|[from] Grassy Terrain
|-heal|p1a: GALARIAN SNIPER|59/100|[from] Grassy Terrain
|upkeep
|turn|11
|
|t:|1667271946
|switch|p1a: Ferrothorn|Ferrothorn, F|100/100
|-damage|p1a: Ferrothorn|95/100|[from] Stealth Rock
|move|p2a: Dragapult|Shadow Ball|p1a: Ferrothorn
|-damage|p1a: Ferrothorn|63/100
|
|-heal|p2a: Dragapult|35/100|[from] Grassy Terrain
|-heal|p1a: Ferrothorn|69/100|[from] Grassy Terrain
|-heal|p1a: Ferrothorn|75/100|[from] item: Leftovers
|-fieldend|move: Grassy Terrain
|upkeep
|turn|12
|
|t:|1667271960
|switch|p2a: Heatran|Heatran, M|100/100
|-damage|p2a: Heatran|88/100|[from] Stealth Rock
|-item|p2a: Heatran|Air Balloon
|move|p1a: Ferrothorn|Knock Off|p2a: Heatran
|-damage|p2a: Heatran|69/100
|-enditem|p2a: Heatran|Air Balloon
|
|-heal|p1a: Ferrothorn|81/100|[from] item: Leftovers
|upkeep
|turn|13
|
|t:|1667271970
|switch|p1a: Pelipper|Pelipper, M|100/100
|-damage|p1a: Pelipper|76/100|[from] Stealth Rock
|-weather|RainDance|[from] ability: Drizzle|[of] p1a: Pelipper
|move|p2a: Heatran|Magma Storm|p1a: Pelipper
|-resisted|p1a: Pelipper
|-damage|p1a: Pelipper|59/100
|-activate|p1a: Pelipper|move: Magma Storm|[of] p2a: Heatran
|
|-weather|RainDance|[upkeep]
|-damage|p1a: Pelipper|46/100|[from] move: Magma Storm|[partiallytrapped]
|upkeep
|turn|14
|
|t:|1667271980
|move|p2a: Heatran|Nature Power|p1a: Pelipper
|move|p2a: Heatran|Tri Attack|p1a: Pelipper|[from]move: Nature Power
|-damage|p1a: Pelipper|9/100
|move|p1a: Pelipper|U-turn|p2a: Heatran
|-resisted|p2a: Heatran
|-damage|p2a: Heatran|66/100
|
|t:|1667271992
|switch|p1a: Seismitoad|Seismitoad, F|51/100|[from]move: U-turn
|-damage|p1a: Seismitoad|45/100|[from] Stealth Rock
|
|-weather|RainDance|[upkeep]
|upkeep
|turn|15
|
|t:|1667271998
|move|p1a: Seismitoad|Weather Ball|p2a: Heatran
|-supereffective|p2a: Heatran
|-damage|p2a: Heatran|0 fnt
|faint|p2a: Heatran
|-damage|p1a: Seismitoad|35/100|[from] item: Life Orb
|
|-weather|RainDance|[upkeep]
|upkeep
|
|t:|1667272005
|switch|p2a: Rillaboom|Rillaboom, F|94/100
|-damage|p2a: Rillaboom|82/100|[from] Stealth Rock
|-fieldstart|move: Grassy Terrain|[from] ability: Grassy Surge|[of] p2a: Rillaboom
|turn|16
|
|t:|1667272011
|move|p2a: Rillaboom|Grassy Glide|p1a: Seismitoad
|-supereffective|p1a: Seismitoad
|-damage|p1a: Seismitoad|0 fnt
|faint|p1a: Seismitoad
|-damage|p2a: Rillaboom|72/100|[from] item: Life Orb
|
|-weather|RainDance|[upkeep]
|-heal|p2a: Rillaboom|78/100|[from] Grassy Terrain
|upkeep
|
|t:|1667272016
|switch|p1a: Kommo-o|Kommo-o, F|100/100
|-damage|p1a: Kommo-o|94/100|[from] Stealth Rock
|turn|17
|
|t:|1667272023
|switch|p1a: Barraskewda|Barraskewda, M|100/100
|-damage|p1a: Barraskewda|88/100|[from] Stealth Rock
|move|p2a: Rillaboom|Knock Off|p1a: Barraskewda
|-damage|p1a: Barraskewda|0 fnt
|-enditem|p1a: Barraskewda|Choice Band|[from] move: Knock Off|[of] p2a: Rillaboom
|faint|p1a: Barraskewda
|-damage|p2a: Rillaboom|68/100|[from] item: Life Orb
|
|-weather|RainDance|[upkeep]
|-heal|p2a: Rillaboom|74/100|[from] Grassy Terrain
|upkeep
|
|t:|1667272030
|switch|p1a: Kommo-o|Kommo-o, F|94/100
|-damage|p1a: Kommo-o|88/100|[from] Stealth Rock
|turn|18
|
|t:|1667272037
|switch|p2a: Landorus|Landorus-Therian, M|85/100
|-damage|p2a: Landorus|73/100|[from] Stealth Rock
|-ability|p2a: Landorus|Intimidate|boost
|-unboost|p1a: Kommo-o|atk|1
|switch|p1a: GALARIAN SNIPER|Inteleon, F|59/100
|-damage|p1a: GALARIAN SNIPER|46/100|[from] Stealth Rock
|
|-weather|RainDance|[upkeep]
|-heal|p1a: GALARIAN SNIPER|52/100|[from] Grassy Terrain
|-heal|p2a: Landorus|79/100|[from] item: Leftovers
|upkeep
|turn|19
|j| Pullaya
|
|t:|1667272052
|move|p1a: GALARIAN SNIPER|Snipe Shot|p2a: Landorus
|-supereffective|p2a: Landorus
|-crit|p2a: Landorus
|-damage|p2a: Landorus|0 fnt
|faint|p2a: Landorus
|
|-weather|RainDance|[upkeep]
|-heal|p1a: GALARIAN SNIPER|58/100|[from] Grassy Terrain
|upkeep
|
|t:|1667272060
|switch|p2a: Sharpedo|Sharpedo, F|100/100
|-damage|p2a: Sharpedo|88/100|[from] Stealth Rock
|turn|20
|
|t:|1667272073
|switch|p1a: Kommo-o|Kommo-o, F|88/100
|-damage|p1a: Kommo-o|82/100|[from] Stealth Rock
|move|p2a: Sharpedo|Protect||[still]
|-fail|p2a: Sharpedo
|
|-weather|none
|-heal|p2a: Sharpedo|94/100|[from] Grassy Terrain
|-heal|p1a: Kommo-o|88/100|[from] Grassy Terrain
|-fieldend|move: Grassy Terrain
|-ability|p2a: Sharpedo|Speed Boost|boost
|-boost|p2a: Sharpedo|spe|1
|upkeep
|turn|21
|
|t:|1667272090
|move|p2a: Sharpedo|Dark Pulse|p1a: Kommo-o
|-resisted|p1a: Kommo-o
|-damage|p1a: Kommo-o|64/100
|-damage|p2a: Sharpedo|84/100|[from] item: Life Orb
|move|p1a: Kommo-o|Body Press|p2a: Sharpedo
|-supereffective|p2a: Sharpedo
|-damage|p2a: Sharpedo|0 fnt
|faint|p2a: Sharpedo
|
|upkeep
|
|t:|1667272099
|switch|p2a: Dragapult|Dragapult, F|35/100
|-damage|p2a: Dragapult|23/100|[from] Stealth Rock
|turn|22
|
|t:|1667272105
|switch|p1a: Pelipper|Pelipper, M|9/100
|-damage|p1a: Pelipper|0 fnt|[from] Stealth Rock
|faint|p1a: Pelipper
|move|p2a: Dragapult|U-turn|p1: Pelipper|[notarget]
|-fail|p2a: Dragapult
|
|upkeep
|
|t:|1667272113
|switch|p1a: Kommo-o|Kommo-o, F|64/100
|-damage|p1a: Kommo-o|58/100|[from] Stealth Rock
|turn|23
|
|t:|1667272119
|move|p2a: Dragapult|U-turn|p1a: Kommo-o
|-resisted|p1a: Kommo-o
|-damage|p1a: Kommo-o|53/100
|-damage|p2a: Dragapult|6/100|[from] item: Rocky Helmet|[of] p1a: Kommo-o
|
|t:|1667272123
|switch|p2a: Rillaboom|Rillaboom, F|74/100|[from]move: U-turn
|-damage|p2a: Rillaboom|62/100|[from] Stealth Rock
|-fieldstart|move: Grassy Terrain|[from] ability: Grassy Surge|[of] p2a: Rillaboom
|move|p1a: Kommo-o|Body Press|p2a: Rillaboom
|-damage|p2a: Rillaboom|9/100
|
|-heal|p2a: Rillaboom|15/100|[from] Grassy Terrain
|-heal|p1a: Kommo-o|59/100|[from] Grassy Terrain
|upkeep
|turn|24
|
|t:|1667272135
|move|p2a: Rillaboom|Superpower|p1a: Kommo-o
|-damage|p1a: Kommo-o|24/100
|-unboost|p2a: Rillaboom|atk|1
|-unboost|p2a: Rillaboom|def|1
|-damage|p2a: Rillaboom|0 fnt|[from] item: Rocky Helmet|[of] p1a: Kommo-o
|faint|p2a: Rillaboom
|move|p1a: Kommo-o|Body Press|p2: Rillaboom|[notarget]
|-fail|p1a: Kommo-o
|
|-heal|p1a: Kommo-o|30/100|[from] Grassy Terrain
|upkeep
|c|☆brettfavreguilty|gg
|-message|thedebatablereaper forfeited.
|
|win|brettfavreguilty
|raw|brettfavreguilty's rating: 1792 &rarr; <strong>1817</strong><br />(+25 for winning)
|raw|thedebatablereaper's rating: 1886 &rarr; <strong>1861</strong><br />(-25 for losing)
|l|☆thedebatablereaper
|l| Haxgo
||Ladder isn't responding, score probably updated but might not have (Request timeout).
