|html|<div class="broadcast-blue"><strong>[Gen 8] OU is currently suspecting Melmetal! For information on how to participate check out the <a href="https://www.smogon.com/forums/threads/np-ss-ou-suspect-process-round-12-monster-mash.3709234/">suspect thread</a>.</strong></div>
|j|☆asceofspades
|j|☆ty-tyui↻
|t:|1665925536
|gametype|singles
|player|p1|asceofspades|2|1564
|player|p2|ty-tyui↻|grace|1589
|teamsize|p1|6
|teamsize|p2|6
|gen|8
|tier|[Gen 8] OU
|rated|
|rule|Sleep Clause Mod: Limit one foe put to sleep
|rule|Species Clause: Limit one of each Pokémon
|rule|OHKO Clause: OHKO moves are banned
|rule|Evasion Items Clause: Evasion items are banned
|rule|Evasion Moves Clause: Evasion moves are banned
|rule|Endless Battle Clause: Forcing endless battles is banned
|rule|HP Percentage Mod: HP is shown in percentages
|rule|Dynamax Clause: You cannot dynamax
|clearpoke
|poke|p1|Tapu Koko|
|poke|p1|Slowbro, F|
|poke|p1|Kartana|
|poke|p1|Landorus-Therian, M|
|poke|p1|Heatran, F|
|poke|p1|Hydreigon, M|
|poke|p2|Mienshao, M|
|poke|p2|Ninetales-Alola, M|
|poke|p2|Blacephalon|
|poke|p2|Landorus-Therian, M|
|poke|p2|Corviknight, M|
|poke|p2|Rotom-Wash|
|teampreview
|
|t:|1665925557
|start
|switch|p1a: Tapu Koko|Tapu Koko|100/100
|switch|p2a: Rotom|Rotom-Wash|100/100
|-fieldstart|move: Electric Terrain|[from] ability: Electric Surge|[of] p1a: Tapu Koko
|turn|1
|
|t:|1665925567
|move|p1a: Tapu Koko|Thunderbolt|p2a: Rotom
|-damage|p2a: Rotom|59/100
|move|p2a: Rotom|Hydro Pump|p1a: Tapu Koko
|-damage|p1a: Tapu Koko|40/100
|
|-heal|p2a: Rotom|65/100|[from] item: Leftovers
|upkeep
|turn|2
|
|t:|1665925580
|move|p1a: Tapu Koko|Roost|p1a: Tapu Koko
|-heal|p1a: Tapu Koko|90/100
|-singleturn|p1a: Tapu Koko|move: Roost
|move|p2a: Rotom|Thunder Wave|p1a: Tapu Koko
|-immune|p1a: Tapu Koko
|
|-heal|p2a: Rotom|72/100|[from] item: Leftovers
|upkeep
|turn|3
|
|t:|1665925588
|switch|p2a: Landorus|Landorus-Therian, M|100/100
|-ability|p2a: Landorus|Intimidate|boost
|-unboost|p1a: Tapu Koko|atk|1
|move|p1a: Tapu Koko|U-turn|p2a: Landorus
|-resisted|p2a: Landorus
|-damage|p2a: Landorus|96/100
|inactive|Battle timer is ON: inactive players will automatically lose when time's up. (requested by ty-tyui↻)
|
|t:|1665925619
|switch|p1a: Landorus|Landorus-Therian, M|100/100|[from]move: U-turn
|-ability|p1a: Landorus|Intimidate|boost
|-unboost|p2a: Landorus|atk|1
|
|-heal|p2a: Landorus|100/100|[from] item: Leftovers
|upkeep
|turn|4
|
|t:|1665925626
|move|p2a: Landorus|Toxic|p1a: Landorus
|-status|p1a: Landorus|tox
|move|p1a: Landorus|Knock Off|p2a: Landorus
|-damage|p2a: Landorus|70/100
|-enditem|p2a: Landorus|Leftovers|[from] move: Knock Off|[of] p1a: Landorus
|
|-damage|p1a: Landorus|94/100 tox|[from] psn
|upkeep
|turn|5
|
|t:|1665925637
|move|p2a: Landorus|U-turn|p1a: Landorus
|-resisted|p1a: Landorus
|-damage|p1a: Landorus|88/100 tox
|
|t:|1665925639
|switch|p2a: Ninetales|Ninetales-Alola, M|100/100|[from]move: U-turn
|-weather|Hail|[from] ability: Snow Warning|[of] p2a: Ninetales
|move|p1a: Landorus|U-turn|p2a: Ninetales
|-resisted|p2a: Ninetales
|-damage|p2a: Ninetales|84/100
|
|t:|1665925650
|switch|p1a: Heatran|Heatran, F|100/100|[from]move: U-turn
|
|-weather|Hail|[upkeep]
|-damage|p1a: Heatran|94/100|[from] Hail
|-heal|p1a: Heatran|100/100|[from] item: Leftovers
|-fieldend|move: Electric Terrain
|upkeep
|turn|6
|
|t:|1665925657
|switch|p2a: Rotom|Rotom-Wash|72/100
|move|p1a: Heatran|Stealth Rock|p2a: Rotom
|-sidestart|p2: ty-tyui↻|move: Stealth Rock
|
|-weather|Hail|[upkeep]
|-damage|p2a: Rotom|65/100|[from] Hail
|-damage|p1a: Heatran|94/100|[from] Hail
|-heal|p2a: Rotom|72/100|[from] item: Leftovers
|-heal|p1a: Heatran|100/100|[from] item: Leftovers
|upkeep
|turn|7
|inactive|asceofspades has 120 seconds left.
|
|t:|1665925687
|switch|p1a: Slowbro|Slowbro, F|100/100
|move|p2a: Rotom|Hydro Pump|p1a: Slowbro
|-resisted|p1a: Slowbro
|-damage|p1a: Slowbro|79/100
|
|-weather|Hail|[upkeep]
|-damage|p2a: Rotom|65/100|[from] Hail
|-damage|p1a: Slowbro|73/100|[from] Hail
|-heal|p2a: Rotom|72/100|[from] item: Leftovers
|upkeep
|turn|8
|inactive|asceofspades has 120 seconds left.
|
|t:|1665925700
|move|p2a: Rotom|Volt Switch|p1a: Slowbro
|-supereffective|p1a: Slowbro
|-damage|p1a: Slowbro|22/100
|
|t:|1665925710
|switch|p2a: Corviknight|Corviknight, M|100/100|[from]move: Volt Switch
|-damage|p2a: Corviknight|88/100|[from] Stealth Rock
|-ability|p2a: Corviknight|Pressure
|move|p1a: Slowbro|Future Sight|p2a: Corviknight
|-start|p1a: Slowbro|move: Future Sight
|
|-weather|Hail|[upkeep]
|-damage|p2a: Corviknight|82/100|[from] Hail
|-damage|p1a: Slowbro|16/100|[from] Hail
|upkeep
|turn|9
|inactive|asceofspades has 120 seconds left.
|
|t:|1665925734
|switch|p1a: Tapu Koko|Tapu Koko|90/100
|-fieldstart|move: Electric Terrain|[from] ability: Electric Surge|[of] p1a: Tapu Koko
|move|p2a: Corviknight|Defog|p1a: Tapu Koko
|-unboost|p1a: Tapu Koko|evasion|1
|-sideend|p2: ty-tyui↻|Stealth Rock|[from] move: Defog|[of] p2a: Corviknight
|-fieldend|move: Electric Terrain
|
|-weather|none
|upkeep
|turn|10
|inactive|asceofspades has 120 seconds left.
|
|t:|1665925744
|move|p1a: Tapu Koko|Dazzling Gleam|p2a: Corviknight
|-resisted|p2a: Corviknight
|-damage|p2a: Corviknight|67/100
|move|p2a: Corviknight|Roost|p2a: Corviknight
|-heal|p2a: Corviknight|100/100
|-singleturn|p2a: Corviknight|move: Roost
|
|-end|p2a: Corviknight|move: Future Sight
|-resisted|p2a: Corviknight
|-damage|p2a: Corviknight|84/100
|upkeep
|turn|11
|
|t:|1665925751
|switch|p2a: Landorus|Landorus-Therian, M|70/100
|-ability|p2a: Landorus|Intimidate|boost
|-unboost|p1a: Tapu Koko|atk|1
|move|p1a: Tapu Koko|Thunderbolt|p2a: Landorus
|-immune|p2a: Landorus
|
|upkeep
|turn|12
|
|t:|1665925756
|move|p1a: Tapu Koko|U-turn|p2a: Landorus
|-resisted|p2a: Landorus
|-damage|p2a: Landorus|65/100
|
|t:|1665925764
|switch|p1a: Landorus|Landorus-Therian, M|88/100 tox|[from]move: U-turn
|-ability|p1a: Landorus|Intimidate|boost
|-unboost|p2a: Landorus|atk|1
|move|p2a: Landorus|Stealth Rock|p1a: Landorus
|-sidestart|p1: asceofspades|move: Stealth Rock
|
|-heal|p1a: Landorus|94/100 tox|[from] item: Leftovers
|-damage|p1a: Landorus|88/100 tox|[from] psn
|upkeep
|turn|13
|j| Kyurem
|
|t:|1665925771
|move|p1a: Landorus|Defog|p2a: Landorus
|-unboost|p2a: Landorus|evasion|1
|-sideend|p1: asceofspades|Stealth Rock|[from] move: Defog|[of] p1a: Landorus
|move|p2a: Landorus|U-turn|p1a: Landorus
|-resisted|p1a: Landorus
|-damage|p1a: Landorus|80/100 tox
|
|t:|1665925776
|switch|p2a: Rotom|Rotom-Wash|72/100|[from]move: U-turn
|
|-heal|p2a: Rotom|78/100|[from] item: Leftovers
|-heal|p1a: Landorus|86/100 tox|[from] item: Leftovers
|-damage|p1a: Landorus|74/100 tox|[from] psn
|upkeep
|turn|14
|
|t:|1665925784
|switch|p1a: Slowbro|Slowbro, F|49/100
|move|p2a: Rotom|Hydro Pump|p1a: Slowbro
|-resisted|p1a: Slowbro
|-damage|p1a: Slowbro|27/100
|
|-heal|p2a: Rotom|84/100|[from] item: Leftovers
|upkeep
|turn|15
|
|t:|1665925793
|switch|p1a: Landorus|Landorus-Therian, M|74/100 tox
|-ability|p1a: Landorus|Intimidate|boost
|-unboost|p2a: Rotom|atk|1
|move|p2a: Rotom|Hydro Pump|p1a: Landorus
|-supereffective|p1a: Landorus
|-damage|p1a: Landorus|20/100 tox
|
|-heal|p2a: Rotom|90/100|[from] item: Leftovers
|-heal|p1a: Landorus|26/100 tox|[from] item: Leftovers
|-damage|p1a: Landorus|20/100 tox|[from] psn
|upkeep
|turn|16
|
|t:|1665925806
|move|p2a: Rotom|Hydro Pump|p1a: Landorus
|-supereffective|p1a: Landorus
|-damage|p1a: Landorus|0 fnt
|faint|p1a: Landorus
|
|-heal|p2a: Rotom|97/100|[from] item: Leftovers
|upkeep
|
|t:|1665925823
|switch|p1a: Slowbro|Slowbro, F|61/100
|turn|17
|
|t:|1665925830
|move|p2a: Rotom|Volt Switch|p1a: Slowbro
|-supereffective|p1a: Slowbro
|-damage|p1a: Slowbro|6/100
|
|t:|1665925832
|switch|p2a: Mienshao|Mienshao, M, shiny|100/100|[from]move: Volt Switch
|move|p1a: Slowbro|Future Sight|p2a: Mienshao
|-start|p1a: Slowbro|move: Future Sight
|
|upkeep
|turn|18
|
|t:|1665925847
|switch|p1a: Tapu Koko|Tapu Koko|90/100
|-fieldstart|move: Electric Terrain|[from] ability: Electric Surge|[of] p1a: Tapu Koko
|move|p2a: Mienshao|Knock Off|p1a: Tapu Koko
|-resisted|p1a: Tapu Koko
|-damage|p1a: Tapu Koko|60/100
|-enditem|p1a: Tapu Koko|Heavy-Duty Boots|[from] move: Knock Off|[of] p2a: Mienshao
|-damage|p2a: Mienshao|91/100|[from] item: Life Orb
|
|upkeep
|turn|19
|
|t:|1665925858
|switch|p2a: Landorus|Landorus-Therian, M|65/100
|-ability|p2a: Landorus|Intimidate|boost
|-unboost|p1a: Tapu Koko|atk|1
|move|p1a: Tapu Koko|Dazzling Gleam|p2a: Landorus
|-damage|p2a: Landorus|38/100
|
|-end|p2a: Landorus|move: Future Sight
|-damage|p2a: Landorus|9/100
|upkeep
|turn|20
|
|t:|1665925868
|move|p1a: Tapu Koko|Dazzling Gleam|p2a: Landorus
|-damage|p2a: Landorus|0 fnt
|faint|p2a: Landorus
|
|upkeep
|
|t:|1665925871
|switch|p2a: Blacephalon|Blacephalon, shiny|100/100
|turn|21
|
|t:|1665925880
|switch|p2a: Mienshao|Mienshao, M, shiny|100/100
|switch|p1a: Hydreigon|Hydreigon, M|100/100
|
|upkeep
|turn|22
|
|t:|1665925886
|switch|p1a: Slowbro|Slowbro, F|39/100
|move|p2a: Mienshao|Close Combat|p1a: Slowbro
|-resisted|p1a: Slowbro
|-damage|p1a: Slowbro|16/100
|-unboost|p2a: Mienshao|def|1
|-unboost|p2a: Mienshao|spd|1
|-damage|p2a: Mienshao|84/100|[from] item: Rocky Helmet|[of] p1a: Slowbro
|-damage|p2a: Mienshao|74/100|[from] item: Life Orb
|
|-fieldend|move: Electric Terrain
|upkeep
|turn|23
|
|t:|1665925899
|switch|p1a: Tapu Koko|Tapu Koko|60/100
|-fieldstart|move: Electric Terrain|[from] ability: Electric Surge|[of] p1a: Tapu Koko
|move|p2a: Mienshao|Poison Jab|p1a: Tapu Koko
|-supereffective|p1a: Tapu Koko
|-damage|p1a: Tapu Koko|0 fnt
|faint|p1a: Tapu Koko
|-damage|p2a: Mienshao|64/100|[from] item: Life Orb
|
|upkeep
|
|t:|1665925916
|switch|p1a: Slowbro|Slowbro, F|49/100
|turn|24
|
|t:|1665925922
|move|p2a: Mienshao|Knock Off|p1a: Slowbro
|-supereffective|p1a: Slowbro
|-damage|p1a: Slowbro|0 fnt
|-damage|p2a: Mienshao|48/100|[from] item: Rocky Helmet|[of] p1a: Slowbro
|-enditem|p1a: Slowbro|Rocky Helmet|[from] move: Knock Off|[of] p2a: Mienshao
|faint|p1a: Slowbro
|-damage|p2a: Mienshao|38/100|[from] item: Life Orb
|
|upkeep
|
|t:|1665925927
|switch|p1a: Kartana|Kartana|100/100
|turn|25
|
|t:|1665925933
|switch|p1a: Heatran|Heatran, F|100/100
|switch|p2a: Corviknight|Corviknight, M|84/100
|-ability|p2a: Corviknight|Pressure
|
|upkeep
|turn|26
|
|t:|1665925944
|switch|p2a: Rotom|Rotom-Wash|97/100
|move|p1a: Heatran|Stealth Rock|p2a: Rotom
|-sidestart|p2: ty-tyui↻|move: Stealth Rock
|
|-heal|p2a: Rotom|100/100|[from] item: Leftovers
|upkeep
|turn|27
|
|t:|1665925952
|switch|p1a: Hydreigon|Hydreigon, M|100/100
|move|p2a: Rotom|Thunder Wave|p1a: Hydreigon
|-status|p1a: Hydreigon|par
|
|-fieldend|move: Electric Terrain
|upkeep
|turn|28
|
|t:|1665925957
|move|p2a: Rotom|Volt Switch|p1a: Hydreigon
|-resisted|p1a: Hydreigon
|-damage|p1a: Hydreigon|86/100 par
|
|t:|1665925974
|switch|p2a: Corviknight|Corviknight, M|84/100|[from]move: Volt Switch
|-damage|p2a: Corviknight|72/100|[from] Stealth Rock
|-ability|p2a: Corviknight|Pressure
|move|p1a: Hydreigon|Nasty Plot|p1a: Hydreigon
|-boost|p1a: Hydreigon|spa|2
|
|upkeep
|turn|29
|
|t:|1665925983
|move|p2a: Corviknight|Defog|p1a: Hydreigon
|-unboost|p1a: Hydreigon|evasion|1
|-sideend|p2: ty-tyui↻|Stealth Rock|[from] move: Defog|[of] p2a: Corviknight
|move|p1a: Hydreigon|Dark Pulse|p2a: Corviknight
|-damage|p2a: Corviknight|0 fnt
|faint|p2a: Corviknight
|-damage|p1a: Hydreigon|76/100 par|[from] item: Life Orb
|
|upkeep
|
|t:|1665925987
|switch|p2a: Mienshao|Mienshao, M, shiny|71/100
|turn|30
|
|t:|1665925993
|move|p2a: Mienshao|Close Combat|p1a: Hydreigon
|-supereffective|p1a: Hydreigon
|-damage|p1a: Hydreigon|0 fnt
|-unboost|p2a: Mienshao|def|1
|-unboost|p2a: Mienshao|spd|1
|faint|p1a: Hydreigon
|-damage|p2a: Mienshao|61/100|[from] item: Life Orb
|
|upkeep
|
|t:|1665925997
|switch|p1a: Kartana|Kartana|100/100
|turn|31
|
|t:|1665926003
|switch|p2a: Ninetales|Ninetales-Alola, M|84/100
|-weather|Hail|[from] ability: Snow Warning|[of] p2a: Ninetales
|move|p1a: Kartana|Leaf Blade|p2a: Ninetales
|-damage|p2a: Ninetales|0 fnt
|faint|p2a: Ninetales
|-ability|p1a: Kartana|Beast Boost|boost
|-boost|p1a: Kartana|atk|1
|
|-weather|Hail|[upkeep]
|-damage|p1a: Kartana|94/100|[from] Hail
|upkeep
|
|t:|1665926005
|switch|p2a: Blacephalon|Blacephalon, shiny|100/100
|turn|32
|
|t:|1665926019
|switch|p1a: Heatran|Heatran, F|100/100
|move|p2a: Blacephalon|Shadow Ball|p1a: Heatran
|-damage|p1a: Heatran|70/100
|
|-weather|Hail|[upkeep]
|-damage|p2a: Blacephalon|94/100|[from] Hail
|-damage|p1a: Heatran|64/100|[from] Hail
|-heal|p1a: Heatran|70/100|[from] item: Leftovers
|upkeep
|turn|33
|
|t:|1665926029
|switch|p2a: Rotom|Rotom-Wash|100/100
|switch|p1a: Kartana|Kartana|94/100
|
|-weather|Hail|[upkeep]
|-damage|p1a: Kartana|88/100|[from] Hail
|-damage|p2a: Rotom|94/100|[from] Hail
|-heal|p2a: Rotom|100/100|[from] item: Leftovers
|upkeep
|turn|34
|
|t:|1665926047
|move|p1a: Kartana|Leaf Blade|p2a: Rotom
|-supereffective|p2a: Rotom
|-damage|p2a: Rotom|0 fnt
|faint|p2a: Rotom
|-ability|p1a: Kartana|Beast Boost|boost
|-boost|p1a: Kartana|atk|1
|
|-weather|Hail|[upkeep]
|-damage|p1a: Kartana|82/100|[from] Hail
|upkeep
|
|t:|1665926049
|switch|p2a: Blacephalon|Blacephalon, shiny|94/100
|turn|35
|
|t:|1665926065
|switch|p1a: Heatran|Heatran, F|70/100
|move|p2a: Blacephalon|Shadow Ball|p1a: Heatran
|-damage|p1a: Heatran|44/100
|
|-weather|none
|-heal|p1a: Heatran|50/100|[from] item: Leftovers
|upkeep
|turn|36
|
|t:|1665926076
|switch|p2a: Mienshao|Mienshao, M, shiny|94/100
|move|p1a: Heatran|Earth Power|p2a: Mienshao
|-damage|p2a: Mienshao|42/100
|
|-heal|p1a: Heatran|56/100|[from] item: Leftovers
|upkeep
|turn|37
|j| darkcloud1986
|
|t:|1665926089
|move|p2a: Mienshao|Close Combat|p1a: Heatran
|-supereffective|p1a: Heatran
|-damage|p1a: Heatran|0 fnt
|-unboost|p2a: Mienshao|def|1
|-unboost|p2a: Mienshao|spd|1
|faint|p1a: Heatran
|-damage|p2a: Mienshao|32/100|[from] item: Life Orb
|
|upkeep
|
|t:|1665926092
|switch|p1a: Kartana|Kartana|82/100
|turn|38
|l| darkcloud1986
|
|t:|1665926096
|move|p1a: Kartana|Knock Off|p2a: Mienshao
|-resisted|p2a: Mienshao
|-damage|p2a: Mienshao|0 fnt
|-enditem|p2a: Mienshao|Life Orb|[from] move: Knock Off|[of] p1a: Kartana
|faint|p2a: Mienshao
|-ability|p1a: Kartana|Beast Boost|boost
|-boost|p1a: Kartana|atk|1
|
|upkeep
|
|t:|1665926098
|switch|p2a: Blacephalon|Blacephalon, shiny|94/100
|turn|39
|
|t:|1665926100
|move|p2a: Blacephalon|Flamethrower|p1a: Kartana
|-supereffective|p1a: Kartana
|-damage|p1a: Kartana|0 fnt
|faint|p1a: Kartana
|
|win|ty-tyui↻
|raw|asceofspades's rating: 1564 &rarr; <strong>1545</strong><br />(-19 for losing)
|raw|ty-tyui↻'s rating: 1589 &rarr; <strong>1608</strong><br />(+19 for winning)
|c|☆ty-tyui↻|gg
|l|☆asceofspades
||Ladder isn't responding, score probably updated but might not have (Request timeout).
