|raw|<div class="broadcast-blue"><strong>This battle is required to be public due to a player having a name starting with 'lt83aq'.</div>
|j|☆JoJo321
|j|☆LT83AQ Chuchu
|t:|1626728870
|gametype|singles
|player|p1|JoJo321|rood|1775
|player|p2|LT83AQ Chuchu|2|1840
|teamsize|p1|6
|teamsize|p2|6
|gen|8
|tier|[Gen 8] OU
|rated|
|rule|Sleep Clause Mod: Limit one foe put to sleep
|rule|Species Clause: Limit one of each Pokémon
|rule|OHKO Clause: OHKO moves are banned
|rule|Evasion Moves Clause: Evasion moves are banned
|rule|Endless Battle Clause: Forcing endless battles is banned
|rule|HP Percentage Mod: HP is shown in percentages
|rule|Dynamax Clause: You cannot dynamax
|clearpoke
|poke|p1|Pelipper, M|
|poke|p1|Ferrothorn, M|
|poke|p1|Barraskewda, F|
|poke|p1|Urshifu-*, M|
|poke|p1|Scizor, F|
|poke|p1|Toxtricity, F|
|poke|p2|Tornadus-Therian, M|
|poke|p2|Volcarona, F|
|poke|p2|Seismitoad, F|
|poke|p2|Zarude|
|poke|p2|Corviknight, M|
|poke|p2|Dragonite, F|
|teampreview
|inactive|Battle timer is ON: inactive players will automatically lose when time's up. (requested by LT83AQ Chuchu)
|inactive|JoJo321 has 120 seconds left.
|j| platinum rays
|l| platinum rays
|j| MangoStyle
|inactive|JoJo321 has 90 seconds left.
|inactive|JoJo321 has 60 seconds left.
|
|t:|1626728968
|start
|switch|p1a: Scizor|Scizor, F|100/100
|switch|p2a: Tornadus|Tornadus-Therian, M|100/100
|turn|1
|
|t:|1626728977
|move|p2a: Tornadus|Air Slash|p1a: Scizor
|-crit|p1a: Scizor
|-damage|p1a: Scizor|44/100
|move|p1a: Scizor|U-turn|p2a: Tornadus
|-resisted|p2a: Tornadus
|-damage|p2a: Tornadus|69/100
|
|t:|1626728982
|switch|p1a: Toxtricity|Toxtricity, F|100/100|[from]move: U-turn
|
|upkeep
|turn|2
|
|t:|1626728990
|switch|p2a: Dragonite|Dragonite, F|100/100
|move|p1a: Toxtricity|Boomburst|p2a: Dragonite
|-damage|p2a: Dragonite|55/100
|
|upkeep
|turn|3
|
|t:|1626728994
|switch|p2a: Corviknight|Corviknight, M|100/100
|-ability|p2a: Corviknight|Pressure
|switch|p1a: Pelipper|Pelipper, M|100/100
|-weather|RainDance|[from] ability: Drizzle|[of] p1a: Pelipper
|
|-weather|RainDance|[upkeep]
|upkeep
|turn|4
|
|t:|1626728999
|move|p2a: Corviknight|U-turn|p1a: Pelipper
|-resisted|p1a: Pelipper
|-damage|p1a: Pelipper|95/100
|
|t:|1626729007
|switch|p2a: Seismitoad|Seismitoad, F|100/100|[from]move: U-turn
|move|p1a: Pelipper|U-turn|p2a: Seismitoad
|-damage|p2a: Seismitoad|94/100
|
|t:|1626729016
|switch|p1a: Scizor|Scizor, F|44/100|[from]move: U-turn
|
|-weather|RainDance|[upkeep]
|-heal|p2a: Seismitoad|99/100|[from] item: Leftovers
|upkeep
|turn|5
|
|t:|1626729025
|switch|p2a: Corviknight|Corviknight, M|100/100
|-ability|p2a: Corviknight|Pressure
|move|p1a: Scizor|Knock Off|p2a: Corviknight
|-damage|p2a: Corviknight|68/100
|-enditem|p2a: Corviknight|Leftovers|[from] move: Knock Off|[of] p1a: Scizor
|
|-weather|RainDance|[upkeep]
|upkeep
|turn|6
|
|t:|1626729031
|move|p1a: Scizor|Knock Off|p2a: Corviknight
|-damage|p2a: Corviknight|43/100
|move|p2a: Corviknight|U-turn|p1a: Scizor
|-resisted|p1a: Scizor
|-damage|p1a: Scizor|36/100
|
|t:|1626729050
|switch|p2a: Tornadus|Tornadus-Therian, M|100/100|[from]move: U-turn
|
|-weather|RainDance|[upkeep]
|upkeep
|turn|7
|
|t:|1626729058
|switch|p1a: Toxtricity|Toxtricity, F|100/100
|move|p2a: Tornadus|Air Slash|p1a: Toxtricity
|-resisted|p1a: Toxtricity
|-damage|p1a: Toxtricity|83/100
|
|-weather|RainDance|[upkeep]
|upkeep
|turn|8
|j| Xensito
|
|t:|1626729077
|switch|p2a: Corviknight|Corviknight, M|43/100
|-ability|p2a: Corviknight|Pressure
|move|p1a: Toxtricity|Boomburst|p2a: Corviknight
|-resisted|p2a: Corviknight
|-crit|p2a: Corviknight
|-damage|p2a: Corviknight|0 fnt
|faint|p2a: Corviknight
|
|-weather|RainDance|[upkeep]
|upkeep
|
|t:|1626729086
|switch|p2a: Dragonite|Dragonite, F|55/100
|turn|9
|
|t:|1626729096
|switch|p1a: Ferrothorn|Ferrothorn, M|100/100
|move|p2a: Dragonite|Roost|p2a: Dragonite
|-heal|p2a: Dragonite|100/100
|-singleturn|p2a: Dragonite|move: Roost
|
|-weather|RainDance|[upkeep]
|upkeep
|turn|10
|
|t:|1626729105
|switch|p2a: Zarude|Zarude|100/100
|move|p1a: Ferrothorn|Stealth Rock|p2a: Zarude
|-sidestart|p2: LT83AQ Chuchu|move: Stealth Rock
|
|-weather|none
|upkeep
|turn|11
|
|t:|1626729120
|move|p2a: Zarude|Power Whip|p1a: Ferrothorn|[miss]
|-miss|p2a: Zarude|p1a: Ferrothorn
|move|p1a: Ferrothorn|Body Press|p2a: Zarude
|-supereffective|p2a: Zarude
|-damage|p2a: Zarude|53/100
|
|-heal|p2a: Zarude|59/100|[from] item: Leftovers
|upkeep
|turn|12
|
|t:|1626729126
|move|p2a: Zarude|Bulk Up|p2a: Zarude
|-boost|p2a: Zarude|atk|1
|-boost|p2a: Zarude|def|1
|move|p1a: Ferrothorn|Body Press|p2a: Zarude
|-supereffective|p2a: Zarude
|-damage|p2a: Zarude|24/100
|
|-heal|p2a: Zarude|30/100|[from] item: Leftovers
|upkeep
|turn|13
|
|t:|1626729128
|move|p2a: Zarude|Jungle Healing|p2a: Zarude
|-heal|p2a: Zarude|55/100
|move|p1a: Ferrothorn|Body Press|p2a: Zarude
|-supereffective|p2a: Zarude
|-damage|p2a: Zarude|21/100
|
|-heal|p2a: Zarude|27/100|[from] item: Leftovers
|upkeep
|turn|14
|
|t:|1626729135
|move|p2a: Zarude|Jungle Healing|p2a: Zarude
|-heal|p2a: Zarude|52/100
|move|p1a: Ferrothorn|Body Press|p2a: Zarude
|-supereffective|p2a: Zarude
|-damage|p2a: Zarude|20/100
|
|-heal|p2a: Zarude|26/100|[from] item: Leftovers
|upkeep
|turn|15
|
|t:|1626729139
|move|p2a: Zarude|Jungle Healing|p2a: Zarude
|-heal|p2a: Zarude|51/100
|move|p1a: Ferrothorn|Body Press|p2a: Zarude
|-supereffective|p2a: Zarude
|-damage|p2a: Zarude|18/100
|
|-heal|p2a: Zarude|24/100|[from] item: Leftovers
|upkeep
|turn|16
|
|t:|1626729145
|move|p2a: Zarude|Jungle Healing|p2a: Zarude
|-heal|p2a: Zarude|49/100
|move|p1a: Ferrothorn|Body Press|p2a: Zarude
|-supereffective|p2a: Zarude
|-damage|p2a: Zarude|14/100
|
|-heal|p2a: Zarude|20/100|[from] item: Leftovers
|upkeep
|turn|17
|
|t:|1626729148
|move|p2a: Zarude|Jungle Healing|p2a: Zarude
|-heal|p2a: Zarude|45/100
|move|p1a: Ferrothorn|Body Press|p2a: Zarude
|-supereffective|p2a: Zarude
|-damage|p2a: Zarude|14/100
|
|-heal|p2a: Zarude|20/100|[from] item: Leftovers
|upkeep
|turn|18
|
|t:|1626729151
|move|p2a: Zarude|Jungle Healing|p2a: Zarude
|-heal|p2a: Zarude|45/100
|move|p1a: Ferrothorn|Body Press|p2a: Zarude
|-supereffective|p2a: Zarude
|-damage|p2a: Zarude|10/100
|
|-heal|p2a: Zarude|16/100|[from] item: Leftovers
|upkeep
|turn|19
|
|t:|1626729155
|move|p2a: Zarude|Jungle Healing|p2a: Zarude
|-heal|p2a: Zarude|41/100
|move|p1a: Ferrothorn|Body Press|p2a: Zarude
|-supereffective|p2a: Zarude
|-damage|p2a: Zarude|9/100
|
|-heal|p2a: Zarude|15/100|[from] item: Leftovers
|upkeep
|turn|20
|
|t:|1626729158
|move|p2a: Zarude|Jungle Healing|p2a: Zarude
|-heal|p2a: Zarude|40/100
|move|p1a: Ferrothorn|Body Press|p2a: Zarude
|-supereffective|p2a: Zarude
|-damage|p2a: Zarude|6/100
|
|-heal|p2a: Zarude|12/100|[from] item: Leftovers
|upkeep
|turn|21
|
|t:|1626729160
|move|p2a: Zarude|Jungle Healing|p2a: Zarude
|-heal|p2a: Zarude|37/100
|move|p1a: Ferrothorn|Body Press|p2a: Zarude
|-supereffective|p2a: Zarude
|-damage|p2a: Zarude|0 fnt
|faint|p2a: Zarude
|
|upkeep
|
|t:|1626729165
|switch|p2a: Volcarona|Volcarona, F|100/100
|turn|22
|
|t:|1626729166
|switch|p1a: Pelipper|Pelipper, M|95/100
|-weather|RainDance|[from] ability: Drizzle|[of] p1a: Pelipper
|move|p2a: Volcarona|Quiver Dance|p2a: Volcarona
|-boost|p2a: Volcarona|spa|1
|-boost|p2a: Volcarona|spd|1
|-boost|p2a: Volcarona|spe|1
|
|-weather|RainDance|[upkeep]
|upkeep
|turn|23
|
|t:|1626729169
|move|p2a: Volcarona|Quiver Dance|p2a: Volcarona
|-boost|p2a: Volcarona|spa|1
|-boost|p2a: Volcarona|spd|1
|-boost|p2a: Volcarona|spe|1
|move|p1a: Pelipper|U-turn|p2a: Volcarona
|-resisted|p2a: Volcarona
|-damage|p2a: Volcarona|96/100
|
|t:|1626729171
|switch|p1a: Barraskewda|Barraskewda, F|100/100|[from]move: U-turn
|
|-weather|RainDance|[upkeep]
|upkeep
|turn|24
|
|t:|1626729173
|switch|p2a: Seismitoad|Seismitoad, F|99/100
|-damage|p2a: Seismitoad|94/100|[from] Stealth Rock
|move|p1a: Barraskewda|Flip Turn|p2a: Seismitoad
|-heal|p2a: Seismitoad|100/100|[from] ability: Water Absorb|[of] p1a: Barraskewda
|
|-weather|RainDance|[upkeep]
|upkeep
|turn|25
|
|t:|1626729179
|switch|p1a: Ferrothorn|Ferrothorn, M|100/100
|move|p2a: Seismitoad|Scald|p1a: Ferrothorn
|-resisted|p1a: Ferrothorn
|-damage|p1a: Ferrothorn|87/100
|
|-weather|RainDance|[upkeep]
|upkeep
|turn|26
|
|t:|1626729184
|switch|p1a: Scizor|Scizor, F|36/100
|move|p2a: Seismitoad|Scald|p1a: Scizor
|-crit|p1a: Scizor
|-damage|p1a: Scizor|0 fnt
|faint|p1a: Scizor
|
|-weather|RainDance|[upkeep]
|upkeep
|
|t:|1626729198
|switch|p1a: Urshifu|Urshifu-Rapid-Strike, M|100/100
|turn|27
|
|t:|1626729211
|switch|p2a: Volcarona|Volcarona, F|96/100
|move|p1a: Urshifu|Surging Strikes|p2a: Volcarona
|-supereffective|p2a: Volcarona
|-crit|p2a: Volcarona
|-damage|p2a: Volcarona|5/100
|-supereffective|p2a: Volcarona
|-crit|p2a: Volcarona
|-damage|p2a: Volcarona|0 fnt
|faint|p2a: Volcarona
|-hitcount|p2: Volcarona|2
|
|-weather|RainDance|[upkeep]
|upkeep
|
|t:|1626729215
|switch|p2a: Tornadus|Tornadus-Therian, M|100/100
|turn|28
|
|t:|1626729224
|switch|p1a: Toxtricity|Toxtricity, F|83/100
|move|p2a: Tornadus|Air Slash|p1a: Toxtricity
|-resisted|p1a: Toxtricity
|-damage|p1a: Toxtricity|64/100
|
|-weather|RainDance|[upkeep]
|upkeep
|turn|29
|
|t:|1626729228
|switch|p2a: Dragonite|Dragonite, F|100/100
|move|p1a: Toxtricity|Boomburst|p2a: Dragonite
|-damage|p2a: Dragonite|59/100
|
|-weather|none
|upkeep
|turn|30
|
|t:|1626729231
|switch|p1a: Pelipper|Pelipper, M|95/100
|-weather|RainDance|[from] ability: Drizzle|[of] p1a: Pelipper
|move|p2a: Dragonite|Roost|p2a: Dragonite
|-heal|p2a: Dragonite|100/100
|-singleturn|p2a: Dragonite|move: Roost
|
|-weather|RainDance|[upkeep]
|upkeep
|turn|31
|
|t:|1626729237
|switch|p2a: Tornadus|Tornadus-Therian, M|100/100
|move|p1a: Pelipper|U-turn|p2a: Tornadus
|-resisted|p2a: Tornadus
|-crit|p2a: Tornadus
|-damage|p2a: Tornadus|94/100
|
|t:|1626729245
|switch|p1a: Barraskewda|Barraskewda, F|100/100|[from]move: U-turn
|
|-weather|RainDance|[upkeep]
|upkeep
|turn|32
|
|t:|1626729250
|switch|p2a: Seismitoad|Seismitoad, F|100/100
|-damage|p2a: Seismitoad|94/100|[from] Stealth Rock
|move|p1a: Barraskewda|Close Combat|p2a: Seismitoad
|-damage|p2a: Seismitoad|47/100
|-unboost|p1a: Barraskewda|def|1
|-unboost|p1a: Barraskewda|spd|1
|
|-weather|RainDance|[upkeep]
|-heal|p2a: Seismitoad|53/100|[from] item: Leftovers
|upkeep
|turn|33
|
|t:|1626729262
|move|p1a: Barraskewda|Close Combat|p2a: Seismitoad
|-damage|p2a: Seismitoad|0 fnt
|-unboost|p1a: Barraskewda|def|1
|-unboost|p1a: Barraskewda|spd|1
|faint|p2a: Seismitoad
|
|-weather|RainDance|[upkeep]
|upkeep
|
|t:|1626729267
|switch|p2a: Dragonite|Dragonite, F|100/100
|turn|34
|
|t:|1626729271
|switch|p1a: Ferrothorn|Ferrothorn, M|87/100
|move|p2a: Dragonite|Dragon Dance|p2a: Dragonite
|-boost|p2a: Dragonite|atk|1
|-boost|p2a: Dragonite|spe|1
|
|-weather|RainDance|[upkeep]
|upkeep
|turn|35
|
|t:|1626729273
|move|p2a: Dragonite|Dragon Dance|p2a: Dragonite
|-boost|p2a: Dragonite|atk|1
|-boost|p2a: Dragonite|spe|1
|move|p1a: Ferrothorn|Gyro Ball|p2a: Dragonite
|-damage|p2a: Dragonite|78/100
|
|-weather|RainDance|[upkeep]
|upkeep
|turn|36
|
|t:|1626729276
|move|p2a: Dragonite|Roost|p2a: Dragonite
|-heal|p2a: Dragonite|100/100
|-singleturn|p2a: Dragonite|move: Roost
|move|p1a: Ferrothorn|Gyro Ball|p2a: Dragonite
|-damage|p2a: Dragonite|76/100
|
|-weather|RainDance|[upkeep]
|upkeep
|turn|37
|
|t:|1626729285
|move|p2a: Dragonite|Roost|p2a: Dragonite
|-heal|p2a: Dragonite|100/100
|-singleturn|p2a: Dragonite|move: Roost
|move|p1a: Ferrothorn|Gyro Ball|p2a: Dragonite
|-damage|p2a: Dragonite|75/100
|
|-weather|none
|upkeep
|turn|38
|
|t:|1626729289
|switch|p1a: Pelipper|Pelipper, M|95/100
|-weather|RainDance|[from] ability: Drizzle|[of] p1a: Pelipper
|move|p2a: Dragonite|Roost|p2a: Dragonite
|-heal|p2a: Dragonite|100/100
|-singleturn|p2a: Dragonite|move: Roost
|
|-weather|RainDance|[upkeep]
|upkeep
|turn|39
|
|t:|1626729294
|move|p2a: Dragonite|Dragon Dance|p2a: Dragonite
|-boost|p2a: Dragonite|atk|1
|-boost|p2a: Dragonite|spe|1
|move|p1a: Pelipper|U-turn|p2a: Dragonite
|-resisted|p2a: Dragonite
|-damage|p2a: Dragonite|99/100
|
|t:|1626729296
|switch|p1a: Barraskewda|Barraskewda, F|100/100|[from]move: U-turn
|
|-weather|RainDance|[upkeep]
|upkeep
|turn|40
|j| LT83AQ Randy
|
|t:|1626729304
|move|p1a: Barraskewda|Liquidation|p2a: Dragonite
|-resisted|p2a: Dragonite
|-damage|p2a: Dragonite|43/100
|move|p2a: Dragonite|Earthquake|p1a: Barraskewda
|-damage|p1a: Barraskewda|0 fnt
|faint|p1a: Barraskewda
|
|-weather|RainDance|[upkeep]
|upkeep
|
|t:|1626729308
|switch|p1a: Ferrothorn|Ferrothorn, M|87/100
|turn|41
|
|t:|1626729313
|switch|p2a: Tornadus|Tornadus-Therian, M|100/100
|move|p1a: Ferrothorn|Gyro Ball|p2a: Tornadus
|-damage|p2a: Tornadus|53/100
|
|-weather|RainDance|[upkeep]
|upkeep
|turn|42
|
|t:|1626729323
|switch|p2a: Dragonite|Dragonite, F|43/100
|switch|p1a: Toxtricity|Toxtricity, F|64/100
|
|-weather|RainDance|[upkeep]
|upkeep
|turn|43
|
|t:|1626729332
|move|p2a: Dragonite|Earthquake|p1a: Toxtricity
|-supereffective|p1a: Toxtricity
|-damage|p1a: Toxtricity|0 fnt
|faint|p1a: Toxtricity
|
|-weather|RainDance|[upkeep]
|upkeep
|
|t:|1626729333
|switch|p1a: Urshifu|Urshifu-Rapid-Strike, M|100/100
|turn|44
|
|t:|1626729338
|move|p1a: Urshifu|Surging Strikes|p2a: Dragonite
|-resisted|p2a: Dragonite
|-crit|p2a: Dragonite
|-damage|p2a: Dragonite|23/100
|-resisted|p2a: Dragonite
|-crit|p2a: Dragonite
|-damage|p2a: Dragonite|0 fnt
|faint|p2a: Dragonite
|-hitcount|p2: Dragonite|2
|
|-weather|RainDance|[upkeep]
|upkeep
|
|t:|1626729342
|switch|p2a: Tornadus|Tornadus-Therian, M|86/100
|turn|45
|
|t:|1626729348
|switch|p1a: Ferrothorn|Ferrothorn, M|87/100
|move|p2a: Tornadus|Air Slash|p1a: Ferrothorn|[miss]
|-miss|p2a: Tornadus|p1a: Ferrothorn
|
|-weather|none
|upkeep
|turn|46
|
|t:|1626729352
|switch|p1a: Pelipper|Pelipper, M|95/100
|-weather|RainDance|[from] ability: Drizzle|[of] p1a: Pelipper
|move|p2a: Tornadus|Nasty Plot|p2a: Tornadus
|-boost|p2a: Tornadus|spa|2
|
|-weather|RainDance|[upkeep]
|upkeep
|turn|47
|
|t:|1626729356
|move|p2a: Tornadus|Air Slash|p1a: Pelipper
|-damage|p1a: Pelipper|20/100
|cant|p1a: Pelipper|flinch
|
|-weather|RainDance|[upkeep]
|upkeep
|turn|48
|
|t:|1626729367
|move|p2a: Tornadus|Air Slash|p1a: Pelipper
|-damage|p1a: Pelipper|0 fnt
|faint|p1a: Pelipper
|
|-weather|RainDance|[upkeep]
|upkeep
|
|t:|1626729369
|switch|p1a: Ferrothorn|Ferrothorn, M|87/100
|turn|49
|
|t:|1626729372
|move|p2a: Tornadus|Focus Blast|p1a: Ferrothorn|[miss]
|-miss|p2a: Tornadus|p1a: Ferrothorn
|move|p1a: Ferrothorn|Gyro Ball|p2a: Tornadus
|-damage|p2a: Tornadus|39/100
|
|-weather|RainDance|[upkeep]
|upkeep
|turn|50
|
|t:|1626729376
|move|p2a: Tornadus|Focus Blast|p1a: Ferrothorn
|-supereffective|p1a: Ferrothorn
|-crit|p1a: Ferrothorn
|-enditem|p1a: Ferrothorn|Chople Berry|[eat]
|-enditem|p1a: Ferrothorn|Chople Berry|[weaken]
|-damage|p1a: Ferrothorn|14/100
|move|p1a: Ferrothorn|Gyro Ball|p2a: Tornadus
|-damage|p2a: Tornadus|0 fnt
|faint|p2a: Tornadus
|
|win|JoJo321
|raw|JoJo321's rating: 1775 &rarr; <strong>1799</strong><br />(+24 for winning)
|raw|LT83AQ Chuchu's rating: 1840 &rarr; <strong>1816</strong><br />(-24 for losing)
|l|☆LT83AQ Chuchu
|l|☆JoJo321
||Ladder isn't responding, score probably updated but might not have (Request timeout).
