|j|☆The Unlucky Player
|j|☆Steez Ibanez
|inactive|Battle timer is ON: inactive players will automatically lose when time's up.
|t:|1667092577
|gametype|singles
|player|p1|The Unlucky Player|shadowtriad|
|player|p2|Steez Ibanez|acetrainer-gen7|
|teamsize|p1|6
|teamsize|p2|6
|gen|8
|tier|[Gen 8] OU
|rated|Tournament battle
|rule|Sleep Clause Mod: Limit one foe put to sleep
|rule|Species Clause: Limit one of each Pokémon
|rule|OHKO Clause: OHKO moves are banned
|rule|Evasion Items Clause: Evasion items are banned
|rule|Evasion Moves Clause: Evasion moves are banned
|rule|Endless Battle Clause: Forcing endless battles is banned
|rule|HP Percentage Mod: HP is shown in percentages
|rule|Dynamax Clause: You cannot dynamax
|clearpoke
|poke|p1|Urshifu-*, F|
|poke|p1|Heatran, F|
|poke|p1|Rotom-Wash|
|poke|p1|Landorus-Therian, M|
|poke|p1|Tapu Lele|
|poke|p1|Kartana|
|poke|p2|Conkeldurr, F|
|poke|p2|Weezing-Galar, M|
|poke|p2|Zapdos|
|poke|p2|Ferrothorn, M|
|poke|p2|Swampert, M|
|poke|p2|Blacephalon|
|teampreview
|c|☆The Unlucky Player|HAHAHA
|c|☆The Unlucky Player|First battle vs you, how doomed am I
|inactive|The Unlucky Player has 120 seconds left.
|c|☆The Unlucky Player|Isn't that Blunder's Weezing team though ?
|
|t:|1667092628
|start
|switch|p1a: Tapu Lele|Tapu Lele|100/100
|switch|p2a: It|Blacephalon|100/100
|-fieldstart|move: Psychic Terrain|[from] ability: Psychic Surge|[of] p1a: Tapu Lele
|turn|1
|
|t:|1667092638
|switch|p1a: Heatran|Heatran, F|100/100
|-item|p1a: Heatran|Air Balloon
|move|p2a: It|Shadow Ball|p1a: Heatran
|-damage|p1a: Heatran|31/100
|-enditem|p1a: Heatran|Air Balloon
|
|upkeep
|turn|2
|inactive|The Unlucky Player has 120 seconds left.
|
|t:|1667092669
|switch|p1a: Rotom|Rotom-Wash, shiny|100/100
|move|p2a: It|Shadow Ball|p1a: Rotom
|-damage|p1a: Rotom|47/100
|
|-heal|p1a: Rotom|53/100|[from] item: Leftovers
|upkeep
|turn|3
|inactive|The Unlucky Player has 120 seconds left.
|
|t:|1667092681
|move|p2a: It|Shadow Ball|p1a: Rotom
|-damage|p1a: Rotom|4/100
|move|p1a: Rotom|Thunder Wave|p2a: It
|-status|p2a: It|par
|
|-heal|p1a: Rotom|10/100|[from] item: Leftovers
|upkeep
|turn|4
|
|t:|1667092691
|move|p1a: Rotom|Pain Split|p2a: It
|-sethp|p2a: It|56/100 par|[from] move: Pain Split|[silent]
|-sethp|p1a: Rotom|46/100|[from] move: Pain Split
|move|p2a: It|Shadow Ball|p1a: Rotom
|-damage|p1a: Rotom|0 fnt
|faint|p1a: Rotom
|-ability|p2a: It|Beast Boost|boost
|-boost|p2a: It|spa|1
|
|upkeep
|
|t:|1667092698
|switch|p1a: Tapu Lele|Tapu Lele|100/100
|turn|5
|
|t:|1667092701
|move|p1a: Tapu Lele|Psyshock|p2a: It
|-damage|p2a: It|0 fnt
|faint|p2a: It
|
|-fieldend|move: Psychic Terrain
|upkeep
|
|t:|1667092704
|switch|p2a: Abomination|Ferrothorn, M|100/100
|turn|6
|
|t:|1667092708
|switch|p1a: Heatran|Heatran, F|31/100
|move|p2a: Abomination|Spikes|p1a: Heatran
|-sidestart|p1: The Unlucky Player|Spikes
|
|upkeep
|turn|7
|
|t:|1667092713
|switch|p2a: Oonoki|Conkeldurr, F|100/100
|move|p1a: Heatran|Magma Storm|p2a: Oonoki
|-damage|p2a: Oonoki|29/100
|-activate|p2a: Oonoki|move: Magma Storm|[of] p1a: Heatran
|
|-damage|p2a: Oonoki|17/100|[from] move: Magma Storm|[partiallytrapped]
|-status|p2a: Oonoki|brn|[from] item: Flame Orb
|upkeep
|turn|8
|
|t:|1667092735
|switch|p1a: Landorus|Landorus-Therian, M|100/100
|-ability|p1a: Landorus|Intimidate|boost
|-unboost|p2a: Oonoki|atk|1
|move|p2a: Oonoki|Mach Punch|p1a: Landorus
|-resisted|p1a: Landorus
|-damage|p1a: Landorus|89/100
|
|-heal|p1a: Landorus|95/100|[from] item: Leftovers
|-damage|p2a: Oonoki|11/100 brn|[from] brn
|-end|p2a: Oonoki|Magma Storm|[partiallytrapped]|[silent]
|upkeep
|turn|9
|
|t:|1667092745
|move|p1a: Landorus|Earthquake|p2a: Oonoki
|-crit|p2a: Oonoki
|-damage|p2a: Oonoki|0 fnt
|faint|p2a: Oonoki
|
|-heal|p1a: Landorus|100/100|[from] item: Leftovers
|upkeep
|
|t:|1667092758
|switch|p2a: Speedwagon|Weezing-Galar, M|100/100
|turn|10
|
|t:|1667092770
|move|p1a: Landorus|U-turn|p2a: Speedwagon
|-resisted|p2a: Speedwagon
|-damage|p2a: Speedwagon|97/100
|
|t:|1667092778
|switch|p1a: Kartana|Kartana, shiny|100/100|[from]move: U-turn
|-damage|p1a: Kartana|88/100|[from] Spikes
|move|p2a: Speedwagon|Toxic Spikes|p1a: Kartana
|-sidestart|p1: The Unlucky Player|move: Toxic Spikes
|
|-heal|p2a: Speedwagon|100/100|[from] item: Black Sludge
|upkeep
|turn|11
|
|t:|1667092786
|switch|p2a: Bolt|Zapdos|100/100
|move|p1a: Kartana|Knock Off|p2a: Bolt
|-damage|p2a: Bolt|68/100
|-enditem|p2a: Bolt|Heavy-Duty Boots|[from] move: Knock Off|[of] p1a: Kartana
|
|upkeep
|turn|12
|
|t:|1667092801
|switch|p1a: Tapu Lele|Tapu Lele|100/100
|-damage|p1a: Tapu Lele|88/100|[from] Spikes
|-status|p1a: Tapu Lele|psn
|-fieldstart|move: Psychic Terrain|[from] ability: Psychic Surge|[of] p1a: Tapu Lele
|move|p2a: Bolt|Roost|p2a: Bolt
|-heal|p2a: Bolt|100/100
|-singleturn|p2a: Bolt|move: Roost
|
|-damage|p1a: Tapu Lele|76/100 psn|[from] psn
|upkeep
|turn|13
|
|t:|1667092805
|switch|p2a: Abomination|Ferrothorn, M|100/100
|move|p1a: Tapu Lele|Focus Blast|p2a: Abomination
|-supereffective|p2a: Abomination
|-damage|p2a: Abomination|28/100
|
|-damage|p1a: Tapu Lele|63/100 psn|[from] psn
|upkeep
|turn|14
|
|t:|1667092814
|switch|p1a: Urshifu|Urshifu-Rapid-Strike, F|100/100
|-damage|p1a: Urshifu|88/100|[from] Spikes
|-status|p1a: Urshifu|psn
|move|p2a: Abomination|Leech Seed|p1a: Urshifu
|-start|p1a: Urshifu|move: Leech Seed
|
|-damage|p1a: Urshifu|76/100 psn|[from] Leech Seed|[of] p2a: Abomination
|-heal|p2a: Abomination|40/100|[silent]
|-damage|p1a: Urshifu|64/100 psn|[from] psn
|upkeep
|turn|15
|
|t:|1667092820
|switch|p2a: Bolt|Zapdos|100/100
|move|p1a: Urshifu|Close Combat|p2a: Bolt
|-resisted|p2a: Bolt
|-damage|p2a: Bolt|66/100
|-unboost|p1a: Urshifu|def|1
|-unboost|p1a: Urshifu|spd|1
|
|-damage|p1a: Urshifu|51/100 psn|[from] Leech Seed|[of] p2a: Bolt
|-heal|p2a: Bolt|77/100|[silent]
|-damage|p1a: Urshifu|39/100 psn|[from] psn
|upkeep
|turn|16
|
|t:|1667092833
|switch|p1a: Landorus|Landorus-Therian, M|100/100
|-ability|p1a: Landorus|Intimidate|boost
|-unboost|p2a: Bolt|atk|1
|move|p2a: Bolt|Toxic|p1a: Landorus|[miss]
|-miss|p2a: Bolt|p1a: Landorus
|
|-fieldend|move: Psychic Terrain
|upkeep
|turn|17
|
|t:|1667092838
|move|p2a: Bolt|Toxic|p1a: Landorus
|-status|p1a: Landorus|tox
|move|p1a: Landorus|Defog|p2a: Bolt
|-unboost|p2a: Bolt|evasion|1
|-sideend|p1: The Unlucky Player|Spikes|[from] move: Defog|[of] p1a: Landorus
|-sideend|p1: The Unlucky Player|Toxic Spikes|[from] move: Defog|[of] p1a: Landorus
|
|-damage|p1a: Landorus|94/100 tox|[from] psn
|upkeep
|turn|18
|
|t:|1667092842
|switch|p2a: Abomination|Ferrothorn, M|40/100
|move|p1a: Landorus|U-turn|p2a: Abomination
|-damage|p2a: Abomination|27/100
|-damage|p1a: Landorus|82/100 tox|[from] ability: Iron Barbs|[of] p2a: Abomination
|-damage|p1a: Landorus|66/100 tox|[from] item: Rocky Helmet|[of] p2a: Abomination
|
|t:|1667092847
|switch|p1a: Kartana|Kartana, shiny|88/100|[from]move: U-turn
|
|upkeep
|turn|19
|
|t:|1667092852
|switch|p1a: Heatran|Heatran, F|31/100
|move|p2a: Abomination|Spikes|p1a: Heatran
|-sidestart|p1: The Unlucky Player|Spikes
|
|upkeep
|turn|20
|
|t:|1667092862
|switch|p2a: Swamp Thing|Swampert, M|100/100
|move|p1a: Heatran|Stealth Rock|p2a: Swamp Thing
|-sidestart|p2: Steez Ibanez|move: Stealth Rock
|
|upkeep
|turn|21
|
|t:|1667092872
|move|p1a: Heatran|Taunt|p2a: Swamp Thing
|-start|p2a: Swamp Thing|move: Taunt
|move|p2a: Swamp Thing|Earthquake|p1a: Heatran
|-supereffective|p1a: Heatran
|-damage|p1a: Heatran|0 fnt
|faint|p1a: Heatran
|
|upkeep
|
|t:|1667092888
|switch|p1a: Kartana|Kartana, shiny|88/100
|-damage|p1a: Kartana|76/100|[from] Spikes
|turn|22
|
|t:|1667092895
|switch|p2a: Bolt|Zapdos|77/100
|-damage|p2a: Bolt|52/100|[from] Stealth Rock
|move|p1a: Kartana|Swords Dance|p1a: Kartana
|-boost|p1a: Kartana|atk|2
|
|upkeep
|turn|23
|
|t:|1667092908
|move|p1a: Kartana|Leaf Blade|p2a: Bolt
|-resisted|p2a: Bolt
|-crit|p2a: Bolt
|-damage|p2a: Bolt|0 fnt
|faint|p2a: Bolt
|-ability|p1a: Kartana|Beast Boost|boost
|-boost|p1a: Kartana|atk|1
|
|upkeep
|c|☆Steez Ibanez|Lol
|c|☆The Unlucky Player|didnt matter
|
|t:|1667092925
|switch|p2a: Speedwagon|Weezing-Galar, M|100/100
|-damage|p2a: Speedwagon|88/100|[from] Stealth Rock
|turn|24
|c|☆The Unlucky Player|run the calc
|c|☆The Unlucky Player|60% minimum
|c|☆Steez Ibanez|Im max def
|c|☆Steez Ibanez|so yea run the calc
|inactive|The Unlucky Player has 120 seconds left.
|
|t:|1667092956
|move|p1a: Kartana|Leaf Blade|p2a: Speedwagon
|-resisted|p2a: Speedwagon
|-crit|p2a: Speedwagon
|-damage|p2a: Speedwagon|15/100
|move|p2a: Speedwagon|Strange Steam|p1a: Kartana
|-resisted|p1a: Kartana
|-damage|p1a: Kartana|36/100
|
|-heal|p2a: Speedwagon|21/100|[from] item: Black Sludge
|upkeep
|turn|25
|
|t:|1667092962
|switch|p2a: Abomination|Ferrothorn, M|27/100
|-damage|p2a: Abomination|21/100|[from] Stealth Rock
|move|p1a: Kartana|Knock Off|p2a: Abomination
|-damage|p2a: Abomination|0 fnt
|-activate|p2a: Abomination|ability: Iron Barbs
|-activate|p1a: Kartana|item: Protective Pads
|-enditem|p2a: Abomination|Rocky Helmet|[from] move: Knock Off|[of] p1a: Kartana
|faint|p2a: Abomination
|-ability|p1a: Kartana|Beast Boost|boost
|-boost|p1a: Kartana|atk|1
|
|upkeep
|-message|Steez Ibanez forfeited.
|
|win|The Unlucky Player
|n|☆The Unlucky Player|theunluckyplayer
|n|☆Steez Ibanez|steezibanez
|l|☆Steez Ibanez
|c|☆The Unlucky Player|gg
