|j|☆yea not ok go
|j|☆tawny's alt
|t:|1667903350
|gametype|singles
|player|p1|yea not ok go|2|1575
|player|p2|tawny's alt|170|1627
|teamsize|p1|6
|teamsize|p2|6
|gen|8
|tier|[Gen 8] OU
|rated|
|rule|Sleep Clause Mod: Limit one foe put to sleep
|rule|Species Clause: Limit one of each Pokémon
|rule|OHKO Clause: OHKO moves are banned
|rule|Evasion Items Clause: Evasion items are banned
|rule|Evasion Moves Clause: Evasion moves are banned
|rule|Endless Battle Clause: Forcing endless battles is banned
|rule|HP Percentage Mod: HP is shown in percentages
|rule|Dynamax Clause: You cannot dynamax
|clearpoke
|poke|p1|Zygarde-10%|
|poke|p1|Buzzwole|
|poke|p1|Gigalith, F|
|poke|p1|Tornadus-Therian, M|
|poke|p1|Dracozolt|
|poke|p1|Volcanion|
|poke|p2|Kartana|
|poke|p2|Garchomp, F|
|poke|p2|Dragapult, F|
|poke|p2|Ferrothorn, F|
|poke|p2|Toxapex, M|
|poke|p2|Mandibuzz, F|
|teampreview
|inactive|Battle timer is ON: inactive players will automatically lose when time's up. (requested by yea not ok go)
|
|t:|1667903359
|start
|switch|p1a: bird jesus|Tornadus-Therian, M|100/100
|switch|p2a: Kartana|Kartana|100/100
|turn|1
|
|t:|1667903368
|move|p1a: bird jesus|Knock Off|p2a: Kartana
|-damage|p2a: Kartana|80/100
|-enditem|p2a: Kartana|Choice Band|[from] move: Knock Off|[of] p1a: bird jesus
|move|p2a: Kartana|Smart Strike|p1a: bird jesus
|-damage|p1a: bird jesus|50/100
|
|upkeep
|turn|2
|
|t:|1667903375
|switch|p2a: Mandibuzz|Mandibuzz, F|100/100
|move|p1a: bird jesus|U-turn|p2a: Mandibuzz
|-damage|p2a: Mandibuzz|92/100
|
|t:|1667903381
|switch|p1a: leg day|Dracozolt|100/100|[from]move: U-turn
|
|upkeep
|turn|3
|
|t:|1667903385
|switch|p1a: bird jesus|Tornadus-Therian, M|84/100
|switch|p2a: Ferrothorn|Ferrothorn, F|100/100
|
|upkeep
|turn|4
|
|t:|1667903391
|move|p1a: bird jesus|Knock Off|p2a: Ferrothorn
|-damage|p2a: Ferrothorn|86/100
|-damage|p1a: bird jesus|71/100|[from] ability: Iron Barbs|[of] p2a: Ferrothorn
|-enditem|p2a: Ferrothorn|Leftovers|[from] move: Knock Off|[of] p1a: bird jesus
|move|p2a: Ferrothorn|Gyro Ball|p1a: bird jesus
|-damage|p1a: bird jesus|20/100
|
|upkeep
|turn|5
|
|t:|1667903400
|switch|p1a: yellowstone|Volcanion|100/100
|move|p2a: Ferrothorn|Knock Off|p1a: yellowstone
|-damage|p1a: yellowstone|83/100
|-enditem|p1a: yellowstone|Choice Specs|[from] move: Knock Off|[of] p2a: Ferrothorn
|
|upkeep
|turn|6
|
|t:|1667903406
|switch|p2a: Toxapex|Toxapex, M|100/100
|move|p1a: yellowstone|Steam Eruption|p2a: Toxapex
|-resisted|p2a: Toxapex
|-damage|p2a: Toxapex|80/100
|-status|p2a: Toxapex|brn
|
|-heal|p2a: Toxapex|86/100 brn|[from] item: Black Sludge
|-damage|p2a: Toxapex|80/100 brn|[from] brn
|upkeep
|turn|7
|
|t:|1667903410
|move|p1a: yellowstone|Sludge Wave|p2a: Toxapex
|-resisted|p2a: Toxapex
|-damage|p2a: Toxapex|67/100 brn
|move|p2a: Toxapex|Toxic Spikes|p1a: yellowstone
|-sidestart|p1: yea not ok go|move: Toxic Spikes
|
|-heal|p2a: Toxapex|74/100 brn|[from] item: Black Sludge
|-damage|p2a: Toxapex|67/100 brn|[from] brn
|upkeep
|turn|8
|
|t:|1667903414
|switch|p2a: Garchomp|Garchomp, F|100/100
|move|p1a: yellowstone|Earth Power|p2a: Garchomp
|-damage|p2a: Garchomp|76/100
|
|-heal|p2a: Garchomp|82/100|[from] item: Leftovers
|upkeep
|turn|9
|
|t:|1667903417
|switch|p1a: bird jesus|Tornadus-Therian, M|53/100
|move|p2a: Garchomp|Earthquake|p1a: bird jesus
|-immune|p1a: bird jesus
|
|-heal|p2a: Garchomp|89/100|[from] item: Leftovers
|upkeep
|turn|10
|
|t:|1667903421
|move|p1a: bird jesus|Defog|p2a: Garchomp
|-unboost|p2a: Garchomp|evasion|1
|-sideend|p1: yea not ok go|Toxic Spikes|[from] move: Defog|[of] p1a: bird jesus
|move|p2a: Garchomp|Toxic|p1a: bird jesus
|-status|p1a: bird jesus|tox
|
|-heal|p2a: Garchomp|95/100|[from] item: Leftovers
|-damage|p1a: bird jesus|47/100 tox|[from] psn
|upkeep
|turn|11
|
|t:|1667903424
|move|p1a: bird jesus|Knock Off|p2a: Garchomp
|-damage|p2a: Garchomp|79/100
|-damage|p1a: bird jesus|34/100 tox|[from] ability: Rough Skin|[of] p2a: Garchomp
|-enditem|p2a: Garchomp|Leftovers|[from] move: Knock Off|[of] p1a: bird jesus
|move|p2a: Garchomp|Stealth Rock|p1a: bird jesus
|-sidestart|p1: yea not ok go|move: Stealth Rock
|
|-damage|p1a: bird jesus|22/100 tox|[from] psn
|upkeep
|turn|12
|
|t:|1667903431
|move|p1a: bird jesus|Defog|p2a: Garchomp
|-unboost|p2a: Garchomp|evasion|1
|-sideend|p1: yea not ok go|Stealth Rock|[from] move: Defog|[of] p1a: bird jesus
|move|p2a: Garchomp|Dragon Tail|p1a: bird jesus
|-damage|p1a: bird jesus|0 fnt
|faint|p1a: bird jesus
|
|upkeep
|j| Ran Kob
|
|t:|1667903436
|switch|p1a: let the dog out|Zygarde-10%|100/100
|-ability|p1a: let the dog out|Aura Break
|turn|13
|
|t:|1667903439
|move|p1a: let the dog out|Outrage|p2a: Garchomp
|-supereffective|p2a: Garchomp
|-damage|p2a: Garchomp|0 fnt
|-damage|p1a: let the dog out|88/100|[from] ability: Rough Skin|[of] p2a: Garchomp
|faint|p2a: Garchomp
|
|upkeep
|
|t:|1667903444
|switch|p2a: Ferrothorn|Ferrothorn, F|86/100
|turn|14
|
|t:|1667903446
|move|p1a: let the dog out|Outrage|p2a: Ferrothorn|[from]lockedmove
|-resisted|p2a: Ferrothorn
|-damage|p2a: Ferrothorn|58/100
|-damage|p1a: let the dog out|76/100|[from] ability: Iron Barbs|[of] p2a: Ferrothorn
|move|p2a: Ferrothorn|Gyro Ball|p1a: let the dog out
|-damage|p1a: let the dog out|0 fnt
|faint|p1a: let the dog out
|
|upkeep
|
|t:|1667903450
|switch|p1a: yellowstone|Volcanion|83/100
|turn|15
|
|t:|1667903453
|switch|p2a: Toxapex|Toxapex, M|100/100 brn
|move|p1a: yellowstone|Flamethrower|p2a: Toxapex
|-resisted|p2a: Toxapex
|-damage|p2a: Toxapex|84/100 brn
|
|-heal|p2a: Toxapex|91/100 brn|[from] item: Black Sludge
|-damage|p2a: Toxapex|84/100 brn|[from] brn
|upkeep
|turn|16
|
|t:|1667903456
|move|p1a: yellowstone|Earth Power|p2a: Toxapex
|-supereffective|p2a: Toxapex
|-damage|p2a: Toxapex|40/100 brn
|-unboost|p2a: Toxapex|spd|1
|move|p2a: Toxapex|Toxic Spikes|p1a: yellowstone
|-sidestart|p1: yea not ok go|move: Toxic Spikes
|
|-heal|p2a: Toxapex|46/100 brn|[from] item: Black Sludge
|-damage|p2a: Toxapex|40/100 brn|[from] brn
|upkeep
|turn|17
|
|t:|1667903460
|switch|p2a: Dragapult|Dragapult, F|100/100
|move|p1a: yellowstone|Earth Power|p2a: Dragapult
|-damage|p2a: Dragapult|49/100
|
|-heal|p2a: Dragapult|55/100|[from] item: Leftovers
|upkeep
|turn|18
|
|t:|1667903464
|switch|p1a: bad sand setter|Gigalith, F|100/100
|-status|p1a: bad sand setter|psn
|-weather|Sandstorm|[from] ability: Sand Stream|[of] p1a: bad sand setter
|move|p2a: Dragapult|Dragon Darts|p1a: bad sand setter
|-damage|p1a: bad sand setter|83/100 psn
|-anim|p2a: Dragapult|Dragon Darts|p1a: bad sand setter
|-damage|p1a: bad sand setter|65/100 psn
|
|-weather|Sandstorm|[upkeep]
|-damage|p2a: Dragapult|49/100|[from] Sandstorm
|-heal|p2a: Dragapult|55/100|[from] item: Leftovers
|-heal|p1a: bad sand setter|71/100 psn|[from] item: Leftovers
|-damage|p1a: bad sand setter|59/100 psn|[from] psn
|upkeep
|turn|19
|
|t:|1667903471
|move|p2a: Dragapult|Dragon Darts|p1a: bad sand setter
|-damage|p1a: bad sand setter|40/100 psn
|-anim|p2a: Dragapult|Dragon Darts|p1a: bad sand setter
|-damage|p1a: bad sand setter|23/100 psn
|move|p1a: bad sand setter|Stealth Rock|p2a: Dragapult
|-sidestart|p2: tawny's alt|move: Stealth Rock
|
|-weather|Sandstorm|[upkeep]
|-damage|p2a: Dragapult|49/100|[from] Sandstorm
|-heal|p2a: Dragapult|55/100|[from] item: Leftovers
|-heal|p1a: bad sand setter|29/100 psn|[from] item: Leftovers
|-damage|p1a: bad sand setter|17/100 psn|[from] psn
|upkeep
|turn|20
|
|t:|1667903496
|switch|p1a: Terraformars|Buzzwole|100/100
|-status|p1a: Terraformars|psn
|move|p2a: Dragapult|Dragon Dance|p2a: Dragapult
|-boost|p2a: Dragapult|atk|1
|-boost|p2a: Dragapult|spe|1
|
|-weather|Sandstorm|[upkeep]
|-damage|p2a: Dragapult|49/100|[from] Sandstorm
|-damage|p1a: Terraformars|94/100 psn|[from] Sandstorm
|-heal|p2a: Dragapult|55/100|[from] item: Leftovers
|-damage|p1a: Terraformars|82/100 psn|[from] psn
|upkeep
|turn|21
|
|t:|1667903499
|move|p2a: Dragapult|Fire Blast|p1a: Terraformars|[miss]
|-miss|p2a: Dragapult|p1a: Terraformars
|move|p1a: Terraformars|Ice Punch|p2a: Dragapult
|-supereffective|p2a: Dragapult
|-damage|p2a: Dragapult|0 fnt
|faint|p2a: Dragapult
|-ability|p1a: Terraformars|Beast Boost|boost
|-boost|p1a: Terraformars|def|1
|
|-weather|Sandstorm|[upkeep]
|-damage|p1a: Terraformars|76/100 psn|[from] Sandstorm
|-damage|p1a: Terraformars|63/100 psn|[from] psn
|upkeep
|
|t:|1667903503
|switch|p2a: Toxapex|Toxapex, M|73/100 brn
|-damage|p2a: Toxapex|60/100 brn|[from] Stealth Rock
|turn|22
|
|t:|1667903519
|switch|p1a: leg day|Dracozolt|100/100
|-status|p1a: leg day|psn
|move|p2a: Toxapex|Recover|p2a: Toxapex
|-heal|p2a: Toxapex|100/100 brn
|
|-weather|none
|-damage|p1a: leg day|88/100 psn|[from] psn
|-damage|p2a: Toxapex|94/100 brn|[from] brn
|upkeep
|turn|23
|
|t:|1667903524
|move|p1a: leg day|Fire Blast|p2a: Toxapex
|-resisted|p2a: Toxapex
|-damage|p2a: Toxapex|86/100 brn
|-damage|p1a: leg day|78/100 psn|[from] item: Life Orb
|move|p2a: Toxapex|Scald|p1a: leg day
|-resisted|p1a: leg day
|-damage|p1a: leg day|65/100 psn
|
|-heal|p2a: Toxapex|92/100 brn|[from] item: Black Sludge
|-damage|p1a: leg day|53/100 psn|[from] psn
|-damage|p2a: Toxapex|86/100 brn|[from] brn
|upkeep
|turn|24
|
|t:|1667903532
|move|p1a: leg day|Fire Blast|p2a: Toxapex
|-resisted|p2a: Toxapex
|-damage|p2a: Toxapex|77/100 brn
|-damage|p1a: leg day|43/100 psn|[from] item: Life Orb
|move|p2a: Toxapex|Scald|p1a: leg day
|-resisted|p1a: leg day
|-damage|p1a: leg day|30/100 psn
|
|-heal|p2a: Toxapex|84/100 brn|[from] item: Black Sludge
|-damage|p1a: leg day|18/100 psn|[from] psn
|-damage|p2a: Toxapex|77/100 brn|[from] brn
|upkeep
|turn|25
|
|t:|1667903538
|switch|p2a: Mandibuzz|Mandibuzz, F|92/100
|move|p1a: leg day|Fire Blast|p2a: Mandibuzz|[miss]
|-miss|p1a: leg day|p2a: Mandibuzz
|
|-damage|p1a: leg day|5/100 psn|[from] psn
|upkeep
|turn|26
|
|t:|1667903544
|move|p1a: leg day|Bolt Beak|p2a: Mandibuzz
|-supereffective|p2a: Mandibuzz
|-damage|p2a: Mandibuzz|0 fnt
|faint|p2a: Mandibuzz
|-damage|p1a: leg day|0 fnt|[from] item: Life Orb
|faint|p1a: leg day
|
|upkeep
|
|t:|1667903553
|switch|p1a: yellowstone|Volcanion|83/100
|switch|p2a: Toxapex|Toxapex, M|100/100 brn
|-status|p1a: yellowstone|psn
|-damage|p2a: Toxapex|88/100 brn|[from] Stealth Rock
|turn|27
|
|t:|1667903557
|move|p1a: yellowstone|Earth Power|p2a: Toxapex
|-supereffective|p2a: Toxapex
|-damage|p2a: Toxapex|41/100 brn
|move|p2a: Toxapex|Toxic Spikes|p1a: yellowstone
|-sidestart|p1: yea not ok go|move: Toxic Spikes
|
|-heal|p2a: Toxapex|47/100 brn|[from] item: Black Sludge
|-damage|p1a: yellowstone|70/100 psn|[from] psn
|-damage|p2a: Toxapex|41/100 brn|[from] brn
|upkeep
|turn|28
|
|t:|1667903563
|switch|p2a: Ferrothorn|Ferrothorn, F|58/100
|-damage|p2a: Ferrothorn|52/100|[from] Stealth Rock
|move|p1a: yellowstone|Earth Power|p2a: Ferrothorn
|-damage|p2a: Ferrothorn|29/100
|
|-damage|p1a: yellowstone|58/100 psn|[from] psn
|upkeep
|turn|29
|
|t:|1667903566
|move|p1a: yellowstone|Flamethrower|p2a: Ferrothorn
|-supereffective|p2a: Ferrothorn
|-damage|p2a: Ferrothorn|0 fnt
|faint|p2a: Ferrothorn
|
|-damage|p1a: yellowstone|46/100 psn|[from] psn
|upkeep
|
|t:|1667903568
|switch|p2a: Kartana|Kartana|80/100
|-damage|p2a: Kartana|74/100|[from] Stealth Rock
|turn|30
|
|t:|1667903570
|switch|p1a: bad sand setter|Gigalith, F|17/100 psn
|-weather|Sandstorm|[from] ability: Sand Stream|[of] p1a: bad sand setter
|move|p2a: Kartana|Leaf Blade|p1a: bad sand setter
|-supereffective|p1a: bad sand setter
|-damage|p1a: bad sand setter|0 fnt
|faint|p1a: bad sand setter
|-ability|p2a: Kartana|Beast Boost|boost
|-boost|p2a: Kartana|atk|1
|
|-weather|Sandstorm|[upkeep]
|upkeep
|
|t:|1667903572
|switch|p1a: Terraformars|Buzzwole|63/100 psn
|turn|31
|
|t:|1667903576
|switch|p1a: yellowstone|Volcanion|46/100 psn
|move|p2a: Kartana|Smart Strike|p1a: yellowstone
|-resisted|p1a: yellowstone
|-damage|p1a: yellowstone|31/100 psn
|
|-weather|Sandstorm|[upkeep]
|-damage|p1a: yellowstone|25/100 psn|[from] Sandstorm
|-damage|p1a: yellowstone|13/100 psn|[from] psn
|upkeep
|turn|32
|
|t:|1667903583
|switch|p1a: Terraformars|Buzzwole|63/100 psn
|move|p2a: Kartana|Leaf Blade|p1a: Terraformars
|-resisted|p1a: Terraformars
|-damage|p1a: Terraformars|43/100 psn
|-damage|p2a: Kartana|57/100|[from] item: Rocky Helmet|[of] p1a: Terraformars
|
|-weather|Sandstorm|[upkeep]
|-damage|p1a: Terraformars|36/100 psn|[from] Sandstorm
|-damage|p1a: Terraformars|24/100 psn|[from] psn
|upkeep
|turn|33
|
|t:|1667903585
|move|p2a: Kartana|Smart Strike|p1a: Terraformars
|-damage|p1a: Terraformars|0 fnt
|-damage|p2a: Kartana|41/100|[from] item: Rocky Helmet|[of] p1a: Terraformars
|faint|p1a: Terraformars
|-ability|p2a: Kartana|Beast Boost|boost
|-boost|p2a: Kartana|atk|1
|
|-weather|Sandstorm|[upkeep]
|upkeep
|-message|yea not ok go forfeited.
|
|win|tawny's alt
|raw|yea not ok go's rating: 1575 &rarr; <strong>1558</strong><br />(-17 for losing)
|raw|tawny&apos;s alt's rating: 1627 &rarr; <strong>1644</strong><br />(+17 for winning)
|l|☆yea not ok go
