|j|☆stopthreat
|j|☆CoconutCrabs
|t:|1650647988
|gametype|singles
|player|p1|stopthreat|skier|1700
|player|p2|CoconutCrabs|chuck|1783
|teamsize|p1|6
|teamsize|p2|6
|gen|8
|tier|[Gen 8] OU
|rated|
|rule|Sleep Clause Mod: Limit one foe put to sleep
|rule|Species Clause: Limit one of each Pokémon
|rule|OHKO Clause: OHKO moves are banned
|rule|Evasion Moves Clause: Evasion moves are banned
|rule|Endless Battle Clause: Forcing endless battles is banned
|rule|HP Percentage Mod: HP is shown in percentages
|rule|Dynamax Clause: You cannot dynamax
|clearpoke
|poke|p1|Dragapult, F|
|poke|p1|Clefable, M|
|poke|p1|Crawdaunt, F|
|poke|p1|Corviknight, M|
|poke|p1|Heatran, M|
|poke|p1|Gastrodon, F|
|poke|p2|Tyranitar, F|
|poke|p2|Excadrill, M|
|poke|p2|Tornadus-Therian, M|
|poke|p2|Toxapex, M|
|poke|p2|Heatran, M|
|poke|p2|Tangrowth, F|
|teampreview
|
|t:|1650647997
|start
|switch|p1a: Corviknight|Corviknight, M|100/100
|switch|p2a: Paloma|Tornadus-Therian, M|100/100
|-ability|p1a: Corviknight|Pressure
|turn|1
|
|t:|1650647999
|move|p2a: Paloma|Heat Wave|p1a: Corviknight
|-supereffective|p1a: Corviknight
|-damage|p1a: Corviknight|44/100
|move|p1a: Corviknight|Brave Bird|p2a: Paloma
|-damage|p2a: Paloma|53/100
|-damage|p1a: Corviknight|32/100|[from] Recoil
|
|upkeep
|turn|2
|inactive|Battle timer is ON: inactive players will automatically lose when time's up. (requested by stopthreat)
|j| Asurya MIGHT
|
|t:|1650648006
|switch|p2a: Baby|Toxapex, M|100/100
|switch|p1a: Heatran|Heatran, M|100/100
|
|upkeep
|turn|3
|
|t:|1650648009
|switch|p2a: Boogers|Tyranitar, F|100/100
|-weather|Sandstorm|[from] ability: Sand Stream|[of] p2a: Boogers
|move|p1a: Heatran|Magma Storm|p2a: Boogers
|-resisted|p2a: Boogers
|-damage|p2a: Boogers|92/100
|-activate|p2a: Boogers|move: Magma Storm|[of] p1a: Heatran
|
|-weather|Sandstorm|[upkeep]
|-heal|p2a: Boogers|98/100|[from] item: Leftovers
|-damage|p2a: Boogers|85/100|[from] move: Magma Storm|[partiallytrapped]
|upkeep
|turn|4
|
|t:|1650648015
|move|p1a: Heatran|Earth Power|p2a: Boogers
|-supereffective|p2a: Boogers
|-damage|p2a: Boogers|62/100
|move|p2a: Boogers|Earthquake|p1a: Heatran
|-supereffective|p1a: Heatran
|-damage|p1a: Heatran|2/100
|
|-weather|Sandstorm|[upkeep]
|-heal|p1a: Heatran|8/100|[from] item: Leftovers
|-heal|p2a: Boogers|68/100|[from] item: Leftovers
|-damage|p2a: Boogers|55/100|[from] move: Magma Storm|[partiallytrapped]
|upkeep
|turn|5
|
|t:|1650648023
|move|p1a: Heatran|Earth Power|p2a: Boogers
|-supereffective|p2a: Boogers
|-damage|p2a: Boogers|34/100
|move|p2a: Boogers|Stealth Rock|p1a: Heatran
|-sidestart|p1: stopthreat|move: Stealth Rock
|
|-weather|Sandstorm|[upkeep]
|-heal|p1a: Heatran|14/100|[from] item: Leftovers
|-heal|p2a: Boogers|40/100|[from] item: Leftovers
|-damage|p2a: Boogers|28/100|[from] move: Magma Storm|[partiallytrapped]
|upkeep
|turn|6
|
|t:|1650648028
|move|p1a: Heatran|Protect|p1a: Heatran
|-singleturn|p1a: Heatran|Protect
|move|p2a: Boogers|Rock Blast|p1a: Heatran
|-activate|p1a: Heatran|move: Protect
|
|-weather|Sandstorm|[upkeep]
|-heal|p1a: Heatran|20/100|[from] item: Leftovers
|-heal|p2a: Boogers|34/100|[from] item: Leftovers
|-damage|p2a: Boogers|22/100|[from] move: Magma Storm|[partiallytrapped]
|upkeep
|turn|7
|
|t:|1650648030
|move|p1a: Heatran|Earth Power|p2a: Boogers
|-supereffective|p2a: Boogers
|-damage|p2a: Boogers|0 fnt
|faint|p2a: Boogers
|
|-weather|none
|-heal|p1a: Heatran|26/100|[from] item: Leftovers
|upkeep
|
|t:|1650648034
|switch|p2a: Mole Man|Excadrill, M|100/100
|turn|8
|j| basically_am_baby
|
|t:|1650648039
|move|p2a: Mole Man|Earthquake|p1a: Heatran
|-supereffective|p1a: Heatran
|-damage|p1a: Heatran|0 fnt
|faint|p1a: Heatran
|
|upkeep
|
|t:|1650648044
|switch|p1a: Gastrodon|Gastrodon, F|100/100
|-damage|p1a: Gastrodon|94/100|[from] Stealth Rock
|turn|9
|
|t:|1650648052
|switch|p1a: Clefable|Clefable, M|100/100
|move|p2a: Mole Man|Swords Dance|p2a: Mole Man
|-boost|p2a: Mole Man|atk|2
|
|upkeep
|turn|10
|
|t:|1650648056
|move|p2a: Mole Man|Iron Head|p1a: Clefable
|-supereffective|p1a: Clefable
|-damage|p1a: Clefable|0 fnt
|faint|p1a: Clefable
|
|upkeep
|j| supahotnicememe
|
|t:|1650648059
|switch|p1a: Crawdaunt|Crawdaunt, F|100/100
|-damage|p1a: Crawdaunt|88/100|[from] Stealth Rock
|turn|11
|j| liet32120
|
|t:|1650648061
|switch|p2a: Pretty|Tangrowth, F|100/100
|move|p1a: Crawdaunt|Knock Off|p2a: Pretty
|-damage|p2a: Pretty|43/100
|-damage|p1a: Crawdaunt|72/100|[from] item: Rocky Helmet|[of] p2a: Pretty
|-enditem|p2a: Pretty|Rocky Helmet|[from] move: Knock Off|[of] p1a: Crawdaunt
|
|upkeep
|turn|12
|l| supahotnicememe
|
|t:|1650648065
|move|p1a: Crawdaunt|Knock Off|p2a: Pretty
|-damage|p2a: Pretty|7/100
|move|p2a: Pretty|Giga Drain|p1a: Crawdaunt
|-supereffective|p1a: Crawdaunt
|-damage|p1a: Crawdaunt|0 fnt
|-heal|p2a: Pretty|31/100|[from] drain|[of] p1a: Crawdaunt
|faint|p1a: Crawdaunt
|
|upkeep
|-message|stopthreat forfeited.
|
|win|CoconutCrabs
|raw|stopthreat's rating: 1700 &rarr; <strong>1685</strong><br />(-15 for losing)
|raw|CoconutCrabs's rating: 1783 &rarr; <strong>1798</strong><br />(+15 for winning)
|l|☆stopthreat
|j| Camon Baby!!
|l|☆CoconutCrabs
|l| Asurya MIGHT
|l| Camon Baby!!
||Ladder isn't responding, score probably updated but might not have (Request timeout).
