|j|☆maxinyuuu
|j|☆hanshappy
|t:|1665453825
|gametype|singles
|player|p1|maxinyuuu|2|
|player|p2|hanshappy|266|
|teamsize|p1|6
|teamsize|p2|6
|gen|8
|tier|[Gen 8] OU
|rule|Sleep Clause Mod: Limit one foe put to sleep
|rule|Species Clause: Limit one of each Pokémon
|rule|OHKO Clause: OHKO moves are banned
|rule|Evasion Items Clause: Evasion items are banned
|rule|Evasion Moves Clause: Evasion moves are banned
|rule|Endless Battle Clause: Forcing endless battles is banned
|rule|HP Percentage Mod: HP is shown in percentages
|rule|Dynamax Clause: You cannot dynamax
|clearpoke
|poke|p1|Melmetal|
|poke|p1|Marowak-Alola, M|
|poke|p1|Crawdaunt, F|
|poke|p1|Cresselia, F|
|poke|p1|Hatterene, F|
|poke|p1|Porygon2|
|poke|p2|Landorus-Therian, M|
|poke|p2|Jirachi|
|poke|p2|Toxicroak, M|
|poke|p2|Weavile, M|
|poke|p2|Tyranitar, F|
|poke|p2|Tapu Koko|
|teampreview
|
|t:|1665453850
|start
|switch|p1a: Cresselia|Cresselia, F|100/100
|switch|p2a: Jirachi|Jirachi|100/100
|turn|1
|
|t:|1665453859
|switch|p1a: Hatterene|Hatterene, F|100/100
|move|p2a: Jirachi|Body Slam|p1a: Hatterene
|-damage|p1a: Hatterene|78/100
|-status|p1a: Hatterene|par
|
|upkeep
|turn|2
|
|t:|1665453866
|switch|p1a: Cresselia|Cresselia, F|100/100
|move|p2a: Jirachi|Iron Head|p1a: Cresselia
|-damage|p1a: Cresselia|81/100
|-damage|p2a: Jirachi|84/100|[from] item: Rocky Helmet|[of] p1a: Cresselia
|
|-heal|p2a: Jirachi|90/100|[from] item: Leftovers
|upkeep
|turn|3
|
|t:|1665453876
|move|p2a: Jirachi|Body Slam|p1a: Cresselia
|-damage|p1a: Cresselia|69/100
|-status|p1a: Cresselia|par
|-damage|p2a: Jirachi|74/100|[from] item: Rocky Helmet|[of] p1a: Cresselia
|move|p1a: Cresselia|Trick Room|p1a: Cresselia
|-fieldstart|move: Trick Room|[of] p1a: Cresselia
|
|-heal|p2a: Jirachi|80/100|[from] item: Leftovers
|upkeep
|turn|4
|
|t:|1665453880
|switch|p1a: Melmetal|Melmetal|100/100
|move|p2a: Jirachi|Wish|p2a: Jirachi
|
|-heal|p2a: Jirachi|86/100|[from] item: Leftovers
|upkeep
|turn|5
|
|t:|1665453887
|move|p2a: Jirachi|Protect|p2a: Jirachi
|-singleturn|p2a: Jirachi|Protect
|move|p1a: Melmetal|Double Iron Bash|p2a: Jirachi
|-activate|p2a: Jirachi|move: Protect
|
|-heal|p2a: Jirachi|100/100|[from] move: Wish|[wisher] Jirachi
|upkeep
|turn|6
|
|t:|1665453896
|move|p1a: Melmetal|Double Iron Bash|p2a: Jirachi
|-resisted|p2a: Jirachi
|-damage|p2a: Jirachi|72/100
|-resisted|p2a: Jirachi
|-damage|p2a: Jirachi|45/100
|-hitcount|p2a: Jirachi|2
|move|p2a: Jirachi|Wish|p2a: Jirachi
|
|-heal|p2a: Jirachi|51/100|[from] item: Leftovers
|upkeep
|turn|7
|
|t:|1665453916
|switch|p1a: Hatterene|Hatterene, F|78/100 par
|move|p2a: Jirachi|Protect||[still]
|-fail|p2a: Jirachi
|
|-heal|p2a: Jirachi|100/100|[from] move: Wish|[wisher] Jirachi
|-fieldend|move: Trick Room
|upkeep
|turn|8
|
|t:|1665453926
|switch|p1a: Cresselia|Cresselia, F|69/100 par
|move|p2a: Jirachi|Iron Head|p1a: Cresselia
|-damage|p1a: Cresselia|49/100 par
|-damage|p2a: Jirachi|84/100|[from] item: Rocky Helmet|[of] p1a: Cresselia
|
|-heal|p2a: Jirachi|90/100|[from] item: Leftovers
|upkeep
|turn|9
|
|t:|1665453932
|switch|p1a: Marowak|Marowak-Alola, M|100/100
|move|p2a: Jirachi|Iron Head|p1a: Marowak
|-resisted|p1a: Marowak
|-damage|p1a: Marowak|87/100
|
|-heal|p2a: Jirachi|96/100|[from] item: Leftovers
|upkeep
|turn|10
|
|t:|1665453939
|switch|p2a: Tyranitar|Tyranitar, F|100/100
|-weather|Sandstorm|[from] ability: Sand Stream|[of] p2a: Tyranitar
|move|p1a: Marowak|Poltergeist|p2a: Tyranitar
|-activate|p2a: Tyranitar|move: Poltergeist|Choice Band
|-resisted|p2a: Tyranitar
|-damage|p2a: Tyranitar|58/100
|
|-weather|Sandstorm|[upkeep]
|-damage|p1a: Marowak|81/100|[from] Sandstorm
|upkeep
|turn|11
|j| g4zldz
|
|t:|1665453950
|switch|p1a: Melmetal|Melmetal|100/100
|move|p2a: Tyranitar|Crunch|p1a: Melmetal
|-damage|p1a: Melmetal|66/100
|
|-weather|Sandstorm|[upkeep]
|upkeep
|turn|12
|
|t:|1665453960
|switch|p2a: Jirachi|Jirachi|96/100
|move|p1a: Melmetal|Earthquake|p2a: Jirachi
|-supereffective|p2a: Jirachi
|-damage|p2a: Jirachi|0 fnt
|faint|p2a: Jirachi
|
|-weather|Sandstorm|[upkeep]
|upkeep
|
|t:|1665453974
|switch|p2a: Landorus|Landorus-Therian, M|100/100
|-ability|p2a: Landorus|Intimidate|boost
|-unboost|p1a: Melmetal|atk|1
|turn|13
|
|t:|1665453978
|switch|p1a: Cresselia|Cresselia, F|49/100 par
|move|p2a: Landorus|Swords Dance|p2a: Landorus
|-boost|p2a: Landorus|atk|2
|
|-weather|Sandstorm|[upkeep]
|-damage|p1a: Cresselia|43/100 par|[from] Sandstorm
|upkeep
|turn|14
|
|t:|1665453987
|move|p2a: Landorus|Substitute|p2a: Landorus
|-start|p2a: Landorus|Substitute
|-damage|p2a: Landorus|76/100
|move|p1a: Cresselia|Trick Room|p1a: Cresselia
|-fieldstart|move: Trick Room|[of] p1a: Cresselia
|
|-weather|none
|upkeep
|turn|15
|
|t:|1665453993
|cant|p1a: Cresselia|par
|move|p2a: Landorus|Stone Edge|p1a: Cresselia
|-damage|p1a: Cresselia|0 fnt
|faint|p1a: Cresselia
|
|upkeep
|
|t:|1665453997
|switch|p1a: Melmetal|Melmetal|66/100
|turn|16
|l|☆maxinyuuu
|player|p1|
|
|t:|1665454033
|switch|p2a: Tapu Koko|Tapu Koko|100/100
|-fieldstart|move: Electric Terrain|[from] ability: Electric Surge|[of] p2a: Tapu Koko
|move|p1a: Melmetal|Double Iron Bash|p2a: Tapu Koko
|-damage|p2a: Tapu Koko|9/100
|-damage|p2a: Tapu Koko|0 fnt
|faint|p2a: Tapu Koko
|-hitcount|p2: Tapu Koko|2
|
|upkeep
|
|t:|1665454044
|switch|p2a: Landorus|Landorus-Therian, M|76/100
|-ability|p2a: Landorus|Intimidate|boost
|-unboost|p1a: Melmetal|atk|1
|turn|17
|j|☆maxinyuuu
|player|p1|maxinyuuu|2
|
|t:|1665454080
|switch|p2a: Weavile|Weavile, M|100/100
|-ability|p2a: Weavile|Pressure
|move|p1a: Melmetal|Double Iron Bash|p2a: Weavile
|-supereffective|p2a: Weavile
|-damage|p2a: Weavile|0 fnt
|faint|p2a: Weavile
|-hitcount|p2: Weavile|1
|
|upkeep
|c|☆maxinyuuu|抱歉，掉线了
|c|☆maxinyuuu|1
|
|t:|1665454119
|switch|p2a: Toxicroak|Toxicroak, M|100/100
|turn|18
|
|t:|1665454133
|move|p1a: Melmetal|Double Iron Bash|p2a: Toxicroak
|-damage|p2a: Toxicroak|28/100
|-damage|p2a: Toxicroak|0 fnt
|faint|p2a: Toxicroak
|-hitcount|p2: Toxicroak|2
|
|-fieldend|move: Trick Room
|upkeep
|
|t:|1665454141
|switch|p2a: Landorus|Landorus-Therian, M|76/100
|-ability|p2a: Landorus|Intimidate|boost
|-unboost|p1a: Melmetal|atk|1
|turn|19
|
|t:|1665454158
|move|p2a: Landorus|Earthquake|p1a: Melmetal
|-supereffective|p1a: Melmetal
|-damage|p1a: Melmetal|11/100
|move|p1a: Melmetal|Double Iron Bash|p2a: Landorus
|-crit|p2a: Landorus
|-damage|p2a: Landorus|0 fnt
|faint|p2a: Landorus
|-hitcount|p2: Landorus|1
|
|upkeep
|
|t:|1665454161
|switch|p2a: Tyranitar|Tyranitar, F|58/100
|-weather|Sandstorm|[from] ability: Sand Stream|[of] p2a: Tyranitar
|turn|20
|
|t:|1665454169
|move|p2a: Tyranitar|Stone Edge|p1a: Melmetal
|-resisted|p1a: Melmetal
|-damage|p1a: Melmetal|0 fnt
|faint|p1a: Melmetal
|
|-weather|Sandstorm|[upkeep]
|-fieldend|move: Electric Terrain
|upkeep
|
|t:|1665454175
|switch|p1a: Porygon2|Porygon2|100/100
|-ability|p1a: Porygon2|Sand Stream|[from] ability: Trace|[of] p2a: Tyranitar
|turn|21
|
|t:|1665454177
|move|p2a: Tyranitar|Stone Edge|p1a: Porygon2
|-damage|p1a: Porygon2|42/100
|move|p1a: Porygon2|Trick Room|p1a: Porygon2
|-fieldstart|move: Trick Room|[of] p1a: Porygon2
|
|-weather|Sandstorm|[upkeep]
|-damage|p1a: Porygon2|36/100|[from] Sandstorm
|upkeep
|turn|22
|
|t:|1665454180
|move|p2a: Tyranitar|Stone Edge|p1a: Porygon2
|-damage|p1a: Porygon2|0 fnt
|faint|p1a: Porygon2
|
|-weather|Sandstorm|[upkeep]
|upkeep
|
|t:|1665454182
|switch|p1a: Crawdaunt|Crawdaunt, F|100/100
|turn|23
|
|t:|1665454184
|move|p1a: Crawdaunt|Close Combat|p2a: Tyranitar
|-supereffective|p2a: Tyranitar
|-damage|p2a: Tyranitar|0 fnt
|-unboost|p1a: Crawdaunt|def|1
|-unboost|p1a: Crawdaunt|spd|1
|faint|p2a: Tyranitar
|-damage|p1a: Crawdaunt|90/100|[from] item: Life Orb
|
|win|maxinyuuu
|c|☆hanshappy|gg
|l|☆maxinyuuu
|j|☆maxinyuuu
|player|p1|maxinyuuu|2
