|raw|<div class="broadcast-blue"><strong>This battle is required to be public due to a player having a name starting with 'lt81yl'.</div>
|j|☆BestixL
|j|☆LT81YL far
|t:|1625522545
|gametype|singles
|player|p1|BestixL|262|2002
|player|p2|LT81YL far|266|1879
|teamsize|p1|6
|teamsize|p2|6
|gen|8
|tier|[Gen 8] OU
|rated|
|rule|Sleep Clause Mod: Limit one foe put to sleep
|rule|Species Clause: Limit one of each Pokémon
|rule|OHKO Clause: OHKO moves are banned
|rule|Evasion Moves Clause: Evasion moves are banned
|rule|Endless Battle Clause: Forcing endless battles is banned
|rule|HP Percentage Mod: HP is shown in percentages
|rule|Dynamax Clause: You cannot dynamax
|clearpoke
|poke|p1|Zapdos|
|poke|p1|Pelipper, M|
|poke|p1|Clefable, F|
|poke|p1|Barraskewda, M|
|poke|p1|Ferrothorn, M|
|poke|p1|Garchomp, F|
|poke|p2|Buzzwole|
|poke|p2|Tapu Fini|
|poke|p2|Corviknight, F|
|poke|p2|Zeraora|
|poke|p2|Garchomp, M|
|poke|p2|Blissey, F|
|teampreview
|j| LT81YL SW
|inactive|Battle timer is ON: inactive players will automatically lose when time's up. (requested by LT81YL far)
|
|t:|1625522581
|start
|switch|p1a: Clefable|Clefable, F|100/100
|switch|p2a: Zeraora|Zeraora|100/100
|turn|1
|
|t:|1625522588
|move|p2a: Zeraora|Knock Off|p1a: Clefable
|-resisted|p1a: Clefable
|-damage|p1a: Clefable|85/100
|-enditem|p1a: Clefable|Leftovers|[from] move: Knock Off|[of] p2a: Zeraora
|move|p1a: Clefable|Moonblast|p2a: Zeraora
|-damage|p2a: Zeraora|62/100
|-unboost|p2a: Zeraora|spa|1
|
|upkeep
|turn|2
|j| LT81YL Storm
|j| MangoStyle
|
|t:|1625522593
|move|p2a: Zeraora|Plasma Fists|p1a: Clefable
|-damage|p1a: Clefable|32/100
|move|p1a: Clefable|Wish|p1a: Clefable
|
|upkeep
|turn|3
|
|t:|1625522596
|move|p1a: Clefable|Protect|p1a: Clefable
|-singleturn|p1a: Clefable|Protect
|move|p2a: Zeraora|Bulk Up|p2a: Zeraora
|-boost|p2a: Zeraora|atk|1
|-boost|p2a: Zeraora|def|1
|
|-heal|p1a: Clefable|82/100|[from] move: Wish|[wisher] Clefable
|upkeep
|turn|4
|
|t:|1625522601
|switch|p1a: Ferrothorn|Ferrothorn, M|100/100
|move|p2a: Zeraora|Plasma Fists|p1a: Ferrothorn
|-resisted|p1a: Ferrothorn
|-damage|p1a: Ferrothorn|77/100
|-damage|p2a: Zeraora|50/100|[from] ability: Iron Barbs|[of] p1a: Ferrothorn
|
|-heal|p1a: Ferrothorn|84/100|[from] item: Leftovers
|upkeep
|turn|5
|
|t:|1625522603
|move|p2a: Zeraora|Close Combat|p1a: Ferrothorn
|-supereffective|p1a: Ferrothorn
|-damage|p1a: Ferrothorn|20/100
|-unboost|p2a: Zeraora|def|1
|-unboost|p2a: Zeraora|spd|1
|-damage|p2a: Zeraora|38/100|[from] ability: Iron Barbs|[of] p1a: Ferrothorn
|move|p1a: Ferrothorn|Body Press|p2a: Zeraora
|-damage|p2a: Zeraora|0 fnt
|faint|p2a: Zeraora
|
|-heal|p1a: Ferrothorn|26/100|[from] item: Leftovers
|upkeep
|
|t:|1625522611
|switch|p2a: Buzzwole|Buzzwole|100/100
|turn|6
|
|t:|1625522615
|switch|p1a: Pelipper|Pelipper, M|100/100
|-weather|RainDance|[from] ability: Drizzle|[of] p1a: Pelipper
|move|p2a: Buzzwole|Close Combat|p1a: Pelipper
|-resisted|p1a: Pelipper
|-damage|p1a: Pelipper|62/100
|-unboost|p2a: Buzzwole|def|1
|-unboost|p2a: Buzzwole|spd|1
|
|-weather|RainDance|[upkeep]
|upkeep
|turn|7
|j| BiccEmmanuel
|
|t:|1625522619
|switch|p1a: Zapdos|Zapdos|100/100
|move|p2a: Buzzwole|Close Combat|p1a: Zapdos
|-resisted|p1a: Zapdos
|-damage|p1a: Zapdos|37/100
|-unboost|p2a: Buzzwole|def|1
|-unboost|p2a: Buzzwole|spd|1
|-status|p2a: Buzzwole|par|[from] ability: Static|[of] p1a: Zapdos
|
|-weather|RainDance|[upkeep]
|upkeep
|turn|8
|j| Riley Day
|
|t:|1625522639
|switch|p1a: Clefable|Clefable, F|82/100
|switch|p2a: Blissey|Blissey, F|100/100
|
|-weather|RainDance|[upkeep]
|upkeep
|turn|9
|
|t:|1625522642
|move|p1a: Clefable|Wish|p1a: Clefable
|move|p2a: Blissey|Teleport|p2a: Blissey
|
|t:|1625522648
|switch|p2a: Garchomp|Garchomp, M|100/100|[from]move: Teleport
|
|-weather|RainDance|[upkeep]
|upkeep
|turn|10
|
|t:|1625522656
|move|p2a: Garchomp|Swords Dance|p2a: Garchomp
|-boost|p2a: Garchomp|atk|2
|move|p1a: Clefable|Moonblast|p2a: Garchomp
|-supereffective|p2a: Garchomp
|-damage|p2a: Garchomp|32/100
|
|-weather|RainDance|[upkeep]
|-heal|p1a: Clefable|100/100|[from] move: Wish|[wisher] Clefable
|-heal|p2a: Garchomp|38/100|[from] item: Leftovers
|upkeep
|turn|11
|
|t:|1625522669
|switch|p1a: Zapdos|Zapdos|37/100
|move|p2a: Garchomp|Earthquake|p1a: Zapdos
|-immune|p1a: Zapdos
|
|-weather|RainDance|[upkeep]
|-heal|p2a: Garchomp|44/100|[from] item: Leftovers
|upkeep
|turn|12
|j| LT81YL Aqua
|
|t:|1625522673
|move|p2a: Garchomp|Stone Edge|p1a: Zapdos|[miss]
|-miss|p2a: Garchomp|p1a: Zapdos
|move|p1a: Zapdos|Hurricane|p2a: Garchomp
|-damage|p2a: Garchomp|0 fnt
|faint|p2a: Garchomp
|
|-weather|RainDance|[upkeep]
|upkeep
|
|t:|1625522684
|switch|p2a: Blissey|Blissey, F|100/100
|turn|13
|
|t:|1625522690
|switch|p1a: Clefable|Clefable, F|100/100
|move|p2a: Blissey|Seismic Toss|p1a: Clefable
|-damage|p1a: Clefable|75/100
|
|-weather|none
|upkeep
|turn|14
|
|t:|1625522694
|switch|p2a: Dark Calamity|Tapu Fini, shiny|100/100
|-fieldstart|move: Misty Terrain|[from] ability: Misty Surge|[of] p2a: Dark Calamity
|move|p1a: Clefable|Wish|p1a: Clefable
|
|upkeep
|turn|15
|
|t:|1625522699
|switch|p1a: Ferrothorn|Ferrothorn, M|26/100
|move|p2a: Dark Calamity|Calm Mind|p2a: Dark Calamity
|-boost|p2a: Dark Calamity|spa|1
|-boost|p2a: Dark Calamity|spd|1
|
|-heal|p1a: Ferrothorn|82/100|[from] move: Wish|[wisher] Clefable
|-heal|p1a: Ferrothorn|88/100|[from] item: Leftovers
|upkeep
|turn|16
|
|t:|1625522702
|move|p2a: Dark Calamity|Taunt|p1a: Ferrothorn
|-start|p1a: Ferrothorn|move: Taunt
|move|p1a: Ferrothorn|Knock Off|p2a: Dark Calamity
|-resisted|p2a: Dark Calamity
|-damage|p2a: Dark Calamity|94/100
|-enditem|p2a: Dark Calamity|Leftovers|[from] move: Knock Off|[of] p1a: Ferrothorn
|
|-heal|p1a: Ferrothorn|94/100|[from] item: Leftovers
|upkeep
|turn|17
|
|t:|1625522707
|move|p2a: Dark Calamity|Calm Mind|p2a: Dark Calamity
|-boost|p2a: Dark Calamity|spa|1
|-boost|p2a: Dark Calamity|spd|1
|move|p1a: Ferrothorn|Knock Off|p2a: Dark Calamity
|-resisted|p2a: Dark Calamity
|-damage|p2a: Dark Calamity|89/100
|
|-heal|p1a: Ferrothorn|100/100|[from] item: Leftovers
|upkeep
|turn|18
|
|t:|1625522711
|move|p2a: Dark Calamity|Calm Mind|p2a: Dark Calamity
|-boost|p2a: Dark Calamity|spa|1
|-boost|p2a: Dark Calamity|spd|1
|move|p1a: Ferrothorn|Body Press|p2a: Dark Calamity
|-resisted|p2a: Dark Calamity
|-damage|p2a: Dark Calamity|80/100
|
|-end|p1a: Ferrothorn|move: Taunt
|-fieldend|Misty Terrain
|upkeep
|turn|19
|
|t:|1625522723
|move|p2a: Dark Calamity|Taunt|p1a: Ferrothorn
|-start|p1a: Ferrothorn|move: Taunt
|move|p1a: Ferrothorn|Body Press|p2a: Dark Calamity
|-resisted|p2a: Dark Calamity
|-damage|p2a: Dark Calamity|70/100
|
|upkeep
|turn|20
|j| gentlelittledancer
|
|t:|1625522727
|move|p2a: Dark Calamity|Calm Mind|p2a: Dark Calamity
|-boost|p2a: Dark Calamity|spa|1
|-boost|p2a: Dark Calamity|spd|1
|move|p1a: Ferrothorn|Body Press|p2a: Dark Calamity
|-resisted|p2a: Dark Calamity
|-damage|p2a: Dark Calamity|62/100
|
|upkeep
|turn|21
|
|t:|1625522729
|move|p2a: Dark Calamity|Calm Mind|p2a: Dark Calamity
|-boost|p2a: Dark Calamity|spa|1
|-boost|p2a: Dark Calamity|spd|1
|move|p1a: Ferrothorn|Body Press|p2a: Dark Calamity
|-resisted|p2a: Dark Calamity
|-damage|p2a: Dark Calamity|52/100
|
|-end|p1a: Ferrothorn|move: Taunt
|upkeep
|turn|22
|
|t:|1625522733
|move|p2a: Dark Calamity|Surf|p1a: Ferrothorn
|-resisted|p1a: Ferrothorn
|-damage|p1a: Ferrothorn|60/100
|move|p1a: Ferrothorn|Body Press|p2a: Dark Calamity
|-resisted|p2a: Dark Calamity
|-damage|p2a: Dark Calamity|43/100
|
|-heal|p1a: Ferrothorn|67/100|[from] item: Leftovers
|upkeep
|turn|23
|
|t:|1625522738
|move|p2a: Dark Calamity|Taunt|p1a: Ferrothorn
|-start|p1a: Ferrothorn|move: Taunt
|move|p1a: Ferrothorn|Body Press|p2a: Dark Calamity
|-resisted|p2a: Dark Calamity
|-damage|p2a: Dark Calamity|34/100
|
|-heal|p1a: Ferrothorn|73/100|[from] item: Leftovers
|upkeep
|turn|24
|j|+Akai ⌐▨_▨
|
|t:|1625522741
|move|p2a: Dark Calamity|Surf|p1a: Ferrothorn
|-resisted|p1a: Ferrothorn
|-damage|p1a: Ferrothorn|31/100
|move|p1a: Ferrothorn|Body Press|p2a: Dark Calamity
|-resisted|p2a: Dark Calamity
|-damage|p2a: Dark Calamity|25/100
|
|-heal|p1a: Ferrothorn|37/100|[from] item: Leftovers
|upkeep
|turn|25
|
|t:|1625522746
|switch|p1a: Zapdos|Zapdos|37/100
|move|p2a: Dark Calamity|Draining Kiss|p1a: Zapdos
|-damage|p1a: Zapdos|0 fnt
|-heal|p2a: Dark Calamity|51/100|[from] drain|[of] p1a: Zapdos
|faint|p1a: Zapdos
|
|upkeep
|c|☆BestixL|aqui es donde meto crit
|
|t:|1625522761
|switch|p1a: Garchomp|Garchomp, F|100/100
|turn|26
|j| bear kigurumi
|c|☆LT81YL far|is he bitching about hax
|
|t:|1625522774
|move|p1a: Garchomp|Earthquake|p2a: Dark Calamity
|-damage|p2a: Dark Calamity|19/100
|move|p2a: Dark Calamity|Draining Kiss|p1a: Garchomp
|-supereffective|p1a: Garchomp
|-damage|p1a: Garchomp|0 fnt
|-heal|p2a: Dark Calamity|97/100|[from] drain|[of] p1a: Garchomp
|-damage|p2a: Dark Calamity|85/100|[from] ability: Rough Skin|[of] p1a: Garchomp
|faint|p1a: Garchomp
|
|upkeep
|c|+Akai ⌐▨_▨|kinda
|c|☆BestixL|ggggggggg
|c|☆LT81YL far|tell him
|-message|BestixL forfeited.
|
|win|LT81YL far
|raw|BestixL's rating: 2003 &rarr; <strong>1976</strong><br />(-27 for losing)
|raw|LT81YL far's rating: 1880 &rarr; <strong>1907</strong><br />(+27 for winning)
|c|☆LT81YL far|stone edge miss
