|j|☆knexhawk2
|j|☆ChiefGreenLeaf3
|inactive|Battle timer is ON: inactive players will automatically lose when time's up.
|t:|1667580005
|gametype|singles
|player|p1|knexhawk2|red-masters|
|player|p2|ChiefGreenLeaf3|giovanni-gen1|
|teamsize|p1|6
|teamsize|p2|6
|gen|8
|tier|[Gen 8] OU
|rated|Tournament battle
|rule|Sleep Clause Mod: Limit one foe put to sleep
|rule|Species Clause: Limit one of each Pokémon
|rule|OHKO Clause: OHKO moves are banned
|rule|Evasion Items Clause: Evasion items are banned
|rule|Evasion Moves Clause: Evasion moves are banned
|rule|Endless Battle Clause: Forcing endless battles is banned
|rule|HP Percentage Mod: HP is shown in percentages
|rule|Dynamax Clause: You cannot dynamax
|clearpoke
|poke|p1|Melmetal|
|poke|p1|Cresselia, F|
|poke|p1|Gastrodon-East, M|
|poke|p1|Garchomp, F|
|poke|p1|Skarmory, F|
|poke|p1|Clefable, F|
|poke|p2|Necrozma|
|poke|p2|Scolipede, F|
|poke|p2|Cloyster, F|
|poke|p2|Turtonator, M|
|poke|p2|Stakataka|
|poke|p2|Sharpedo, F|
|teampreview
|c|☆knexhawk2|oh dear
|
|t:|1667580014
|start
|switch|p1a: unbannable|Melmetal|100/100
|switch|p2a: Scolipede|Scolipede, F, shiny|100/100
|turn|1
|j|@moondazing
|c|☆ChiefGreenLeaf3|brought this for u king lol
|j| tesla roadster
|j| De5tr0yr
|
|t:|1667580021
|move|p2a: Scolipede|Spikes|p1a: unbannable
|-sidestart|p1: knexhawk2|Spikes
|move|p1a: unbannable|Double Iron Bash|p2a: Scolipede
|-damage|p2a: Scolipede|50/100
|-damage|p2a: Scolipede|3/100
|-hitcount|p2a: Scolipede|2
|
|-ability|p2a: Scolipede|Speed Boost|boost
|-boost|p2a: Scolipede|spe|1
|upkeep
|turn|2
|c|☆knexhawk2|lmao
|l| De5tr0yr
|c|☆knexhawk2|i didnt bring hard stall its ok
|c|☆knexhawk2|why did that live
|c|@moondazing|ikr
|c|@moondazing|what
|c|☆ChiefGreenLeaf3|cuz based
|
|t:|1667580034
|switch|p1a: the bird|Skarmory, F|100/100
|move|p2a: Scolipede|Endeavor|p1a: the bird
|-damage|p1a: the bird|3/100
|-damage|p2a: Scolipede|0 fnt|[from] item: Rocky Helmet|[of] p1a: the bird
|faint|p2a: Scolipede
|
|upkeep
|c|☆ChiefGreenLeaf3|my own ev spread lol
|c|☆knexhawk2|just take the bird
|j| cypherstest
|c|☆ChiefGreenLeaf3|I live that and band surginf
|c|☆knexhawk2|he does nothing
|
|t:|1667580057
|switch|p2a: Sharpedo|Sharpedo, F, shiny|100/100
|turn|3
|
|t:|1667580060
|switch|p1a: i hate myself too|Clefable, F|100/100
|move|p2a: Sharpedo|Waterfall|p1a: i hate myself too
|-damage|p1a: i hate myself too|58/100
|-damage|p2a: Sharpedo|91/100|[from] item: Life Orb
|
|-heal|p1a: i hate myself too|64/100|[from] item: Leftovers
|-ability|p2a: Sharpedo|Speed Boost|boost
|-boost|p2a: Sharpedo|spe|1
|upkeep
|turn|4
|
|t:|1667580063
|move|p2a: Sharpedo|Waterfall|p1a: i hate myself too
|-damage|p1a: i hate myself too|20/100
|-damage|p2a: Sharpedo|81/100|[from] item: Life Orb
|cant|p1a: i hate myself too|flinch
|
|-heal|p1a: i hate myself too|26/100|[from] item: Leftovers
|-ability|p2a: Sharpedo|Speed Boost|boost
|-boost|p2a: Sharpedo|spe|1
|upkeep
|turn|5
|c|☆knexhawk2|fUCk
|c|☆ChiefGreenLeaf3|based beyond
|c| tesla roadster|aii
|
|t:|1667580074
|switch|p1a: slug man|Gastrodon-East, M|100/100
|-damage|p1a: slug man|88/100|[from] Spikes
|move|p2a: Sharpedo|Waterfall|p1a: slug man
|-ability|p1a: slug man|Storm Drain|boost
|-boost|p1a: slug man|spa|1
|
|-heal|p1a: slug man|94/100|[from] item: Leftovers
|-ability|p2a: Sharpedo|Speed Boost|boost
|-boost|p2a: Sharpedo|spe|1
|upkeep
|turn|6
|
|t:|1667580076
|move|p2a: Sharpedo|Crunch|p1a: slug man
|-crit|p1a: slug man
|-damage|p1a: slug man|8/100
|-damage|p2a: Sharpedo|71/100|[from] item: Life Orb
|move|p1a: slug man|Earth Power|p2a: Sharpedo
|-damage|p2a: Sharpedo|0 fnt
|faint|p2a: Sharpedo
|
|-heal|p1a: slug man|14/100|[from] item: Leftovers
|upkeep
|c|☆knexhawk2|broooo
|c|☆knexhawk2|im done for
|
|t:|1667580093
|switch|p2a: Necrozma|Necrozma|100/100
|turn|7
|
|t:|1667580095
|switch|p1a: floaty|Cresselia, F|100/100
|move|p2a: Necrozma|Dragon Dance|p2a: Necrozma
|-boost|p2a: Necrozma|atk|1
|-boost|p2a: Necrozma|spe|1
|
|upkeep
|turn|8
|
|t:|1667580097
|move|p1a: floaty|Trick|p2a: Necrozma
|-activate|p1a: floaty|move: Trick|[of] p2a: Necrozma
|-item|p2a: Necrozma|Choice Scarf|[from] move: Trick
|-item|p1a: floaty|Lum Berry|[from] move: Trick
|move|p2a: Necrozma|Dragon Dance|p2a: Necrozma
|-boost|p2a: Necrozma|atk|1
|-boost|p2a: Necrozma|spe|1
|
|upkeep
|turn|9
|c|☆knexhawk2|were ok
|
|t:|1667580102
|switch|p2a: Turtonator|Turtonator, M, shiny|100/100
|move|p1a: floaty|Thunder Wave|p2a: Turtonator
|-status|p2a: Turtonator|par
|
|upkeep
|turn|10
|
|t:|1667580113
|switch|p1a: slug man|Gastrodon-East, M|14/100
|-damage|p1a: slug man|1/100|[from] Spikes
|move|p2a: Turtonator|Flamethrower|p1a: slug man
|-resisted|p1a: slug man
|-damage|p1a: slug man|0 fnt
|faint|p1a: slug man
|
|upkeep
|
|t:|1667580119
|switch|p1a: floaty|Cresselia, F|100/100
|turn|11
|
|t:|1667580129
|switch|p2a: Necrozma|Necrozma|100/100
|move|p1a: floaty|Trick|p2a: Necrozma
|-activate|p1a: floaty|move: Trick|[of] p2a: Necrozma
|-item|p2a: Necrozma|Lum Berry|[from] move: Trick
|-item|p1a: floaty|Choice Scarf|[from] move: Trick
|
|upkeep
|turn|12
|
|t:|1667580135
|switch|p2a: Turtonator|Turtonator, M, shiny|100/100 par
|move|p1a: floaty|Trick|p2a: Turtonator
|-activate|p1a: floaty|move: Trick|[of] p2a: Turtonator
|-item|p2a: Turtonator|Choice Scarf|[from] move: Trick
|-item|p1a: floaty|Heavy-Duty Boots|[from] move: Trick
|
|upkeep
|turn|13
|
|t:|1667580147
|switch|p1a: the bird|Skarmory, F|3/100
|move|p2a: Turtonator|Shell Smash|p2a: Turtonator
|-unboost|p2a: Turtonator|def|1
|-unboost|p2a: Turtonator|spd|1
|-boost|p2a: Turtonator|atk|2
|-boost|p2a: Turtonator|spa|2
|-boost|p2a: Turtonator|spe|2
|
|upkeep
|turn|14
|c|☆knexhawk2|idk what that even does
|
|t:|1667580154
|switch|p2a: Cloyster|Cloyster, F, shiny|100/100
|move|p1a: the bird|Toxic|p2a: Cloyster
|-status|p2a: Cloyster|tox
|
|-damage|p2a: Cloyster|94/100 tox|[from] psn
|upkeep
|turn|15
|
|t:|1667580158
|move|p2a: Cloyster|Shell Smash|p2a: Cloyster
|-unboost|p2a: Cloyster|def|1
|-unboost|p2a: Cloyster|spd|1
|-boost|p2a: Cloyster|atk|2
|-boost|p2a: Cloyster|spa|2
|-boost|p2a: Cloyster|spe|2
|move|p1a: the bird|Spikes|p2a: Cloyster
|-sidestart|p2: ChiefGreenLeaf3|Spikes
|
|-damage|p2a: Cloyster|82/100 tox|[from] psn
|upkeep
|turn|16
|
|t:|1667580160
|move|p2a: Cloyster|Icicle Spear|p1a: the bird
|-damage|p1a: the bird|0 fnt
|faint|p1a: the bird
|-hitcount|p1: the bird|1
|
|-damage|p2a: Cloyster|63/100 tox|[from] psn
|upkeep
|
|t:|1667580162
|switch|p1a: unbannable|Melmetal|100/100
|-damage|p1a: unbannable|88/100|[from] Spikes
|turn|17
|
|t:|1667580165
|move|p2a: Cloyster|Liquidation|p1a: unbannable
|-damage|p1a: unbannable|50/100
|move|p1a: unbannable|Thunder Punch|p2a: Cloyster
|-supereffective|p2a: Cloyster
|-damage|p2a: Cloyster|0 fnt
|faint|p2a: Cloyster
|
|upkeep
|c|@moondazing|it shell smashed on your face
|
|t:|1667580170
|switch|p2a: Turtonator|Turtonator, M, shiny|100/100 par
|-damage|p2a: Turtonator|88/100 par|[from] Spikes
|turn|18
|c|@moondazing|for the flex
|c|☆knexhawk2|lol
|c|☆knexhawk2|for the free spike
|c|☆ChiefGreenLeaf3|literally lmfao
|
|t:|1667580176
|switch|p1a: i want a sandwich|Garchomp, F|100/100
|-damage|p1a: i want a sandwich|88/100|[from] Spikes
|move|p2a: Turtonator|Flamethrower|p1a: i want a sandwich
|-resisted|p1a: i want a sandwich
|-damage|p1a: i want a sandwich|70/100
|
|-heal|p1a: i want a sandwich|76/100|[from] item: Leftovers
|upkeep
|turn|19
|
|t:|1667580182
|move|p1a: i want a sandwich|Swords Dance|p1a: i want a sandwich
|-boost|p1a: i want a sandwich|atk|2
|move|p2a: Turtonator|Flamethrower|p1a: i want a sandwich
|-resisted|p1a: i want a sandwich
|-damage|p1a: i want a sandwich|58/100
|
|-heal|p1a: i want a sandwich|64/100|[from] item: Leftovers
|upkeep
|turn|20
|
|t:|1667580186
|move|p1a: i want a sandwich|Earthquake|p2a: Turtonator
|-supereffective|p2a: Turtonator
|-damage|p2a: Turtonator|0 fnt
|faint|p2a: Turtonator
|
|-heal|p1a: i want a sandwich|71/100|[from] item: Leftovers
|upkeep
|
|t:|1667580187
|switch|p2a: Stakataka|Stakataka|100/100
|-item|p2a: Stakataka|Air Balloon
|turn|21
|c|☆knexhawk2|he will never be balloon
|c|☆knexhawk2|fuck
|
|t:|1667580192
|switch|p1a: floaty|Cresselia, F|100/100
|move|p2a: Stakataka|Trick Room|p2a: Stakataka
|-fieldstart|move: Trick Room|[of] p2a: Stakataka
|
|upkeep
|turn|22
|
|t:|1667580199
|move|p2a: Stakataka|Gyro Ball|p1a: floaty
|-damage|p1a: floaty|41/100
|move|p1a: floaty|Lunar Dance|p1a: floaty
|faint|p1a: floaty
|
|upkeep
|c|☆ChiefGreenLeaf3|aw cringe
|
|t:|1667580207
|switch|p1a: unbannable|Melmetal|50/100
|-heal|p1a: unbannable|100/100|[from] move: Lunar Dance
|-damage|p1a: unbannable|88/100|[from] Spikes
|turn|23
|c|☆ChiefGreenLeaf3|cringe metal
|
|t:|1667580217
|switch|p1a: i hate myself too|Clefable, F|26/100
|move|p2a: Stakataka|Earthquake|p1a: i hate myself too
|-damage|p1a: i hate myself too|0 fnt
|faint|p1a: i hate myself too
|-ability|p2a: Stakataka|Beast Boost|boost
|-boost|p2a: Stakataka|atk|1
|
|upkeep
|
|t:|1667580221
|switch|p1a: unbannable|Melmetal|88/100
|-damage|p1a: unbannable|75/100|[from] Spikes
|turn|24
|
|t:|1667580223
|switch|p1a: i want a sandwich|Garchomp, F|71/100
|-damage|p1a: i want a sandwich|58/100|[from] Spikes
|move|p2a: Stakataka|Earthquake|p1a: i want a sandwich
|-damage|p1a: i want a sandwich|2/100
|
|-heal|p1a: i want a sandwich|8/100|[from] item: Leftovers
|upkeep
|turn|25
|c|☆knexhawk2|u win anyways probabl;y
|c| tesla roadster|aint no way staka did it agian
|c| tesla roadster|based mon??
|
|t:|1667580238
|move|p2a: Stakataka|Earthquake|p1a: i want a sandwich
|-damage|p1a: i want a sandwich|0 fnt
|faint|p1a: i want a sandwich
|-ability|p2a: Stakataka|Beast Boost|boost
|-boost|p2a: Stakataka|atk|1
|
|-fieldend|move: Trick Room
|upkeep
|c|☆knexhawk2|i got the live
|c|☆knexhawk2|i just need a bash flinch
|
|t:|1667580245
|switch|p1a: unbannable|Melmetal|75/100
|-damage|p1a: unbannable|63/100|[from] Spikes
|turn|26
|
|t:|1667580247
|move|p1a: unbannable|Double Iron Bash|p2a: Stakataka
|-damage|p2a: Stakataka|72/100
|-enditem|p2a: Stakataka|Air Balloon
|-damage|p2a: Stakataka|43/100
|-hitcount|p2a: Stakataka|2
|move|p2a: Stakataka|Earthquake|p1a: unbannable
|-supereffective|p1a: unbannable
|-damage|p1a: unbannable|0 fnt
|faint|p1a: unbannable
|
|win|ChiefGreenLeaf3
|n|☆knexhawk2|knexhawk2
|n|☆ChiefGreenLeaf3|chiefgreenleaf3
|n|+moondazing|moondazing
|n| tesla roadster|teslaroadster
|n| cypherstest|cypherstest
|c|☆knexhawk2|nope
|c|☆knexhawk2|gg
|c|☆ChiefGreenLeaf3|gg boss
|c|☆knexhawk2|i played
|c|☆knexhawk2|too scared
|c|☆knexhawk2|of the turt
|c|☆knexhawk2|lol
|c|☆ChiefGreenLeaf3|lmfao yeah
|l|+moondazing
|l| tesla roadster
|c|☆ChiefGreenLeaf3|its for show
|l| cypherstest
|c|☆knexhawk2|also the hax intially gave me no switches to it
