|j|☆Mimikyu Stardust
|j|☆d18l
|t:|1660536353
|gametype|singles
|player|p1|Mimikyu Stardust|#wcop2022asia|1646
|player|p2|d18l|backpacker|1704
|teamsize|p1|6
|teamsize|p2|6
|gen|8
|tier|[Gen 8] OU
|rated|
|rule|Sleep Clause Mod: Limit one foe put to sleep
|rule|Species Clause: Limit one of each Pokémon
|rule|OHKO Clause: OHKO moves are banned
|rule|Evasion Items Clause: Evasion items are banned
|rule|Evasion Moves Clause: Evasion moves are banned
|rule|Endless Battle Clause: Forcing endless battles is banned
|rule|HP Percentage Mod: HP is shown in percentages
|rule|Dynamax Clause: You cannot dynamax
|clearpoke
|poke|p1|Mew|
|poke|p1|Weavile, M|
|poke|p1|Celesteela|
|poke|p1|Garchomp, M|
|poke|p1|Blacephalon|
|poke|p1|Crawdaunt, F|
|poke|p2|Tapu Koko|
|poke|p2|Victini|
|poke|p2|Landorus-Therian, M|
|poke|p2|Tornadus-Therian, M|
|poke|p2|Rotom-Wash|
|poke|p2|Ferrothorn, F|
|teampreview
|c|☆d18l|,
|c|☆Mimikyu Stardust|a
|c|☆d18l|if you dc im definitely turning timer on
|c|☆d18l|>:(
|
|t:|1660536412
|start
|switch|p1a: Mew|Mew, shiny|100/100
|switch|p2a: Tapu Koko|Tapu Koko|100/100
|-fieldstart|move: Electric Terrain|[from] ability: Electric Surge|[of] p2a: Tapu Koko
|turn|1
|
|t:|1660536424
|move|p2a: Tapu Koko|Volt Switch|p1a: Mew
|-damage|p1a: Mew|50/100
|
|t:|1660536427
|switch|p2a: Victini|Victini|100/100|[from]move: Volt Switch
|move|p1a: Mew|Stealth Rock|p2a: Victini
|-sidestart|p2: d18l|move: Stealth Rock
|
|upkeep
|turn|2
|
|t:|1660536431
|move|p1a: Mew|Thunder Wave|p2a: Victini
|-status|p2a: Victini|par
|cant|p2a: Victini|par
|
|upkeep
|turn|3
|
|t:|1660536434
|move|p1a: Mew|Spikes|p2a: Victini
|-sidestart|p2: d18l|Spikes
|cant|p2a: Victini|par
|
|upkeep
|turn|4
|
|t:|1660536437
|move|p1a: Mew|Spikes|p2a: Victini
|-sidestart|p2: d18l|Spikes
|move|p2a: Victini|V-create|p1a: Mew
|-damage|p1a: Mew|0 fnt
|-unboost|p2a: Victini|spe|1
|-unboost|p2a: Victini|def|1
|-unboost|p2a: Victini|spd|1
|faint|p1a: Mew
|
|upkeep
|c|☆d18l|come on
|
|t:|1660536458
|switch|p1a: Blacephalon|Blacephalon, shiny|100/100
|turn|5
|
|t:|1660536488
|switch|p2a: Landorus|Landorus-Therian, M|100/100
|-damage|p2a: Landorus|88/100|[from] Stealth Rock
|-ability|p2a: Landorus|Intimidate|boost
|-unboost|p1a: Blacephalon|atk|1
|move|p1a: Blacephalon|Shadow Ball|p2a: Landorus
|-damage|p2a: Landorus|41/100
|
|-heal|p2a: Landorus|47/100|[from] item: Leftovers
|-fieldend|move: Electric Terrain
|upkeep
|turn|6
|
|t:|1660536504
|move|p1a: Blacephalon|Shadow Ball|p2a: Landorus
|-damage|p2a: Landorus|4/100
|-unboost|p2a: Landorus|spd|1
|move|p2a: Landorus|Defog|p1a: Blacephalon
|-unboost|p1a: Blacephalon|evasion|1
|-sideend|p2: d18l|Spikes|[from] move: Defog|[of] p2a: Landorus
|-sideend|p2: d18l|Stealth Rock|[from] move: Defog|[of] p2a: Landorus
|
|-heal|p2a: Landorus|10/100|[from] item: Leftovers
|upkeep
|turn|7
|
|t:|1660536514
|switch|p2a: Tornadus|Tornadus-Therian, M|100/100
|move|p1a: Blacephalon|Shadow Ball|p2a: Tornadus
|-damage|p2a: Tornadus|68/100
|
|upkeep
|turn|8
|
|t:|1660536526
|switch|p1a: Garchomp|Garchomp, M, shiny|100/100
|move|p2a: Tornadus|Knock Off|p1a: Garchomp
|-damage|p1a: Garchomp|82/100
|-damage|p2a: Tornadus|55/100|[from] ability: Rough Skin|[of] p1a: Garchomp
|-enditem|p1a: Garchomp|Lum Berry|[from] move: Knock Off|[of] p2a: Tornadus
|
|upkeep
|turn|9
|
|t:|1660536534
|move|p2a: Tornadus|U-turn|p1a: Garchomp
|-damage|p1a: Garchomp|67/100
|-damage|p2a: Tornadus|43/100|[from] ability: Rough Skin|[of] p1a: Garchomp
|
|t:|1660536539
|switch|p2a: Tapu Koko|Tapu Koko|100/100|[from]move: U-turn
|-fieldstart|move: Electric Terrain|[from] ability: Electric Surge|[of] p2a: Tapu Koko
|move|p1a: Garchomp|Swords Dance|p1a: Garchomp
|-boost|p1a: Garchomp|atk|2
|
|upkeep
|turn|10
|
|t:|1660536549
|switch|p1a: Celesteela|Celesteela, shiny|100/100
|move|p2a: Tapu Koko|Dazzling Gleam|p1a: Celesteela
|-resisted|p1a: Celesteela
|-damage|p1a: Celesteela|74/100
|
|upkeep
|turn|11
|
|t:|1660536568
|switch|p2a: Landorus|Landorus-Therian, M|10/100
|-ability|p2a: Landorus|Intimidate|boost
|-unboost|p1a: Celesteela|atk|1
|move|p1a: Celesteela|Meteor Beam||[still]
|-prepare|p1a: Celesteela|Meteor Beam
|-boost|p1a: Celesteela|spa|1
|-enditem|p1a: Celesteela|Power Herb
|-anim|p1a: Celesteela|Meteor Beam|p2a: Landorus|[miss]
|-miss|p1a: Celesteela|p2a: Landorus
|
|-heal|p2a: Landorus|16/100|[from] item: Leftovers
|upkeep
|turn|12
|
|t:|1660536589
|move|p2a: Landorus|U-turn|p1a: Celesteela
|-resisted|p1a: Celesteela
|-damage|p1a: Celesteela|68/100
|
|t:|1660536601
|switch|p2a: Rotom|Rotom-Wash|100/100|[from]move: U-turn
|move|p1a: Celesteela|Air Slash|p2a: Rotom|[miss]
|-miss|p1a: Celesteela|p2a: Rotom
|
|upkeep
|turn|13
|
|t:|1660536608
|move|p2a: Rotom|Volt Switch|p1a: Celesteela
|-supereffective|p1a: Celesteela
|-damage|p1a: Celesteela|20/100
|
|t:|1660536612
|switch|p2a: Tapu Koko|Tapu Koko|100/100|[from]move: Volt Switch
|move|p1a: Celesteela|Air Slash|p2a: Tapu Koko
|-resisted|p2a: Tapu Koko
|-damage|p2a: Tapu Koko|60/100
|
|-fieldend|move: Electric Terrain
|upkeep
|turn|14
|
|t:|1660536626
|move|p2a: Tapu Koko|Dazzling Gleam|p1a: Celesteela
|-resisted|p1a: Celesteela
|-damage|p1a: Celesteela|0 fnt
|faint|p1a: Celesteela
|
|upkeep
|
|t:|1660536628
|switch|p1a: Blacephalon|Blacephalon, shiny|100/100
|turn|15
|
|t:|1660536633
|switch|p2a: Tornadus|Tornadus-Therian, M|76/100
|move|p1a: Blacephalon|Flamethrower|p2a: Tornadus
|-damage|p2a: Tornadus|35/100
|
|upkeep
|turn|16
|
|t:|1660536650
|switch|p2a: Victini|Victini|100/100 par
|move|p1a: Blacephalon|Flamethrower|p2a: Victini
|-resisted|p2a: Victini
|-damage|p2a: Victini|73/100 par
|
|upkeep
|turn|17
|
|t:|1660536660
|switch|p1a: Garchomp|Garchomp, M, shiny|67/100
|cant|p2a: Victini|par
|
|upkeep
|turn|18
|
|t:|1660536673
|switch|p2a: Ferrothorn|Ferrothorn, F|100/100
|move|p1a: Garchomp|Scale Shot|p2a: Ferrothorn
|-resisted|p2a: Ferrothorn
|-damage|p2a: Ferrothorn|97/100
|-resisted|p2a: Ferrothorn
|-damage|p2a: Ferrothorn|94/100
|-resisted|p2a: Ferrothorn
|-damage|p2a: Ferrothorn|90/100
|-hitcount|p2a: Ferrothorn|3
|-unboost|p1a: Garchomp|def|1
|-boost|p1a: Garchomp|spe|1
|
|upkeep
|turn|19
|
|t:|1660536680
|switch|p2a: Landorus|Landorus-Therian, M|16/100
|-ability|p2a: Landorus|Intimidate|boost
|-unboost|p1a: Garchomp|atk|1
|move|p1a: Garchomp|Swords Dance|p1a: Garchomp
|-boost|p1a: Garchomp|atk|2
|
|-heal|p2a: Landorus|22/100|[from] item: Leftovers
|upkeep
|turn|20
|
|t:|1660536687
|move|p1a: Garchomp|Fire Fang|p2a: Landorus
|-damage|p2a: Landorus|0 fnt
|faint|p2a: Landorus
|
|upkeep
|
|t:|1660536689
|switch|p2a: Rotom|Rotom-Wash|100/100
|turn|21
|
|t:|1660536713
|move|p1a: Garchomp|Scale Shot|p2a: Rotom
|-damage|p2a: Rotom|84/100
|-damage|p2a: Rotom|67/100
|-hitcount|p2a: Rotom|2
|-unboost|p1a: Garchomp|def|1
|-boost|p1a: Garchomp|spe|1
|move|p2a: Rotom|Toxic|p1a: Garchomp
|-status|p1a: Garchomp|tox
|
|-damage|p1a: Garchomp|60/100 tox|[from] psn
|upkeep
|turn|22
|
|t:|1660536720
|move|p1a: Garchomp|Scale Shot|p2a: Rotom|[miss]
|-miss|p1a: Garchomp|p2a: Rotom
|move|p2a: Rotom|Hydro Pump|p1a: Garchomp
|-damage|p1a: Garchomp|15/100 tox
|
|-damage|p1a: Garchomp|3/100 tox|[from] psn
|upkeep
|turn|23
|
|t:|1660536733
|switch|p2a: Victini|Victini|73/100 par
|move|p1a: Garchomp|Scale Shot|p2a: Victini
|-damage|p2a: Victini|52/100 par
|-damage|p2a: Victini|35/100 par
|-hitcount|p2a: Victini|2
|-unboost|p1a: Garchomp|def|1
|-boost|p1a: Garchomp|spe|1
|
|-damage|p1a: Garchomp|0 fnt|[from] psn
|faint|p1a: Garchomp
|upkeep
|
|t:|1660536740
|switch|p1a: Blacephalon|Blacephalon, shiny|100/100
|turn|24
|
|t:|1660536747
|move|p1a: Blacephalon|Shadow Ball|p2a: Victini
|-supereffective|p2a: Victini
|-damage|p2a: Victini|0 fnt
|faint|p2a: Victini
|-ability|p1a: Blacephalon|Beast Boost|boost
|-boost|p1a: Blacephalon|spa|1
|
|upkeep
|
|t:|1660536750
|switch|p2a: Tornadus|Tornadus-Therian, M|68/100
|turn|25
|
|t:|1660536773
|switch|p1a: Crawdaunt|Crawdaunt, F, shiny|100/100
|move|p2a: Tornadus|Knock Off|p1a: Crawdaunt
|-resisted|p1a: Crawdaunt
|-damage|p1a: Crawdaunt|87/100
|-enditem|p1a: Crawdaunt|Life Orb|[from] move: Knock Off|[of] p2a: Tornadus
|
|upkeep
|turn|26
|
|t:|1660536785
|move|p2a: Tornadus|U-turn|p1a: Crawdaunt
|-supereffective|p1a: Crawdaunt
|-damage|p1a: Crawdaunt|41/100
|
|t:|1660536789
|switch|p2a: Ferrothorn|Ferrothorn, F|90/100|[from]move: U-turn
|move|p1a: Crawdaunt|Knock Off|p2a: Ferrothorn
|-damage|p2a: Ferrothorn|46/100
|-damage|p1a: Crawdaunt|29/100|[from] ability: Iron Barbs|[of] p2a: Ferrothorn
|-damage|p1a: Crawdaunt|12/100|[from] item: Rocky Helmet|[of] p2a: Ferrothorn
|-enditem|p2a: Ferrothorn|Rocky Helmet|[from] move: Knock Off|[of] p1a: Crawdaunt
|
|upkeep
|turn|27
|c|☆Mimikyu Stardust|something gets nuked
|
|t:|1660536799
|move|p1a: Crawdaunt|Knock Off|p2a: Ferrothorn
|-damage|p2a: Ferrothorn|16/100
|-damage|p1a: Crawdaunt|0 fnt|[from] ability: Iron Barbs|[of] p2a: Ferrothorn
|faint|p1a: Crawdaunt
|move|p2a: Ferrothorn|Stealth Rock|p1: Crawdaunt
|-sidestart|p1: Mimikyu Stardust|move: Stealth Rock
|
|upkeep
|c|☆d18l|yes i know
|c|☆d18l|:c
|
|t:|1660536803
|switch|p1a: Blacephalon|Blacephalon, shiny|100/100
|-damage|p1a: Blacephalon|76/100|[from] Stealth Rock
|turn|28
|
|t:|1660536807
|move|p1a: Blacephalon|Shadow Ball|p2a: Ferrothorn
|-damage|p2a: Ferrothorn|0 fnt
|faint|p2a: Ferrothorn
|-ability|p1a: Blacephalon|Beast Boost|boost
|-boost|p1a: Blacephalon|spa|1
|
|upkeep
|
|t:|1660536809
|switch|p2a: Tornadus|Tornadus-Therian, M|100/100
|turn|29
|
|t:|1660536811
|move|p1a: Blacephalon|Shadow Ball|p2a: Tornadus
|-damage|p2a: Tornadus|48/100
|-unboost|p2a: Tornadus|spd|1
|move|p2a: Tornadus|Knock Off|p1a: Blacephalon
|-supereffective|p1a: Blacephalon
|-damage|p1a: Blacephalon|0 fnt
|-enditem|p1a: Blacephalon|Choice Scarf|[from] move: Knock Off|[of] p2a: Tornadus
|faint|p1a: Blacephalon
|
|upkeep
|
|t:|1660536814
|switch|p1a: Weavile|Weavile, M, shiny|100/100
|-damage|p1a: Weavile|76/100|[from] Stealth Rock
|-ability|p1a: Weavile|Pressure
|turn|30
|c|☆d18l|,
|
|t:|1660536824
|move|p2a: Tornadus|Heat Wave|p1a: Weavile
|-supereffective|p1a: Weavile
|-damage|p1a: Weavile|11/100
|move|p1a: Weavile|Swords Dance|p1a: Weavile
|-boost|p1a: Weavile|atk|2
|
|upkeep
|turn|31
|c|☆d18l|gg
|c|☆Mimikyu Stardust|o heat wave
|c|☆Mimikyu Stardust|i thought ur wind
|c|☆d18l|its vest
|
|t:|1660536841
|move|p1a: Weavile|Ice Shard|p2a: Tornadus
|-supereffective|p2a: Tornadus
|-damage|p2a: Tornadus|0 fnt
|faint|p2a: Tornadus
|-damage|p1a: Weavile|1/100|[from] item: Life Orb
|
|upkeep
|
|t:|1660536847
|switch|p2a: Rotom|Rotom-Wash|67/100
|turn|32
|
|t:|1660536855
|move|p1a: Weavile|Knock Off|p2a: Rotom
|-damage|p2a: Rotom|0 fnt
|-damage|p1a: Weavile|0 fnt|[from] item: Rocky Helmet|[of] p2a: Rotom
|faint|p2a: Rotom
|faint|p1a: Weavile
|
|win|d18l
|raw|Mimikyu Stardust's rating: 1678 &rarr; <strong>1659</strong><br />(-19 for losing)
|raw|d18l's rating: 1704 &rarr; <strong>1723</strong><br />(+19 for winning)
|l|☆Mimikyu Stardust
||Ladder isn't responding, score probably updated but might not have (Request timeout).
