|j|☆JoJo321
|j|☆Vamdemon x
|player|p1|JoJo321|170|1625
|player|p2|Vamdemon x|265|1573
|teamsize|p1|6
|teamsize|p2|6
|gametype|singles
|gen|8
|tier|[Gen 8] OU
|rated|
|clearpoke
|poke|p1|Sigilyph, F|
|poke|p1|Sylveon, M|
|poke|p1|Weavile, M|
|poke|p1|Seismitoad, M|
|poke|p1|Dragapult, M|
|poke|p1|Conkeldurr, M|
|poke|p2|Ribombee, F|
|poke|p2|Excadrill, F|
|poke|p2|Bisharp, F|
|poke|p2|Kommo-o, F|
|poke|p2|Rotom-Heat|
|poke|p2|Cloyster, F|
|rule|Sleep Clause Mod: Limit one foe put to sleep
|rule|Species Clause: Limit one of each Pokémon
|rule|OHKO Clause: OHKO moves are banned
|rule|Evasion Moves Clause: Evasion moves are banned
|rule|Endless Battle Clause: Forcing endless battles is banned
|rule|HP Percentage Mod: HP is shown in percentages
|rule|Dynamax Clause: You cannot dynamax
|teampreview
|j| Adorable Adolf
|inactive|Battle timer is ON: inactive players will automatically lose when time's up. (requested by Vamdemon x)
|
|start
|switch|p1a: Dragapult|Dragapult, M|100/100
|switch|p2a: Ribombee|Ribombee, F|100/100
|turn|1
|c| Adorable Adolf|ditto complete lockdown
|
|move|p2a: Ribombee|Stun Spore|p1a: Dragapult
|-status|p1a: Dragapult|par
|move|p1a: Dragapult|Flamethrower|p2a: Ribombee
|-supereffective|p2a: Ribombee
|-damage|p2a: Ribombee|0 fnt
|faint|p2a: Ribombee
|
|upkeep
|
|switch|p2a: Excadrill|Excadrill, F|100/100
|-ability|p2a: Excadrill|Mold Breaker
|turn|2
|c| Adorable Adolf|kek
|
|move|p2a: Excadrill|Stealth Rock|p1a: Dragapult
|-sidestart|p1: JoJo321|move: Stealth Rock
|move|p1a: Dragapult|Flamethrower|p2a: Excadrill
|-supereffective|p2a: Excadrill
|-enditem|p2a: Excadrill|Focus Sash
|-damage|p2a: Excadrill|1/100
|
|upkeep
|turn|3
|
|switch|p1a: Sigilyph|Sigilyph, F|100/100
|move|p2a: Excadrill|Earthquake|p1a: Sigilyph
|-immune|p1a: Sigilyph
|
|upkeep
|turn|4
|
|move|p1a: Sigilyph|Psychic|p2a: Excadrill
|-resisted|p2a: Excadrill
|-damage|p2a: Excadrill|0 fnt
|faint|p2a: Excadrill
|
|upkeep
|
|switch|p2a: Rotom|Rotom-Heat|100/100
|turn|5
|
|move|p1a: Sigilyph|Psychic|p2a: Rotom
|-crit|p2a: Rotom
|-damage|p2a: Rotom|5/100
|move|p2a: Rotom|Thunder Wave|p1a: Sigilyph
|-status|p1a: Sigilyph|par
|
|upkeep
|turn|6
|
|move|p2a: Rotom|Thunderbolt|p1a: Sigilyph
|-supereffective|p1a: Sigilyph
|-damage|p1a: Sigilyph|0 fnt
|faint|p1a: Sigilyph
|
|upkeep
|
|switch|p1a: Conkeldurr|Conkeldurr, M|100/100
|-damage|p1a: Conkeldurr|94/100|[from] Stealth Rock
|turn|7
|
|move|p1a: Conkeldurr|Mach Punch|p2a: Rotom
|-damage|p2a: Rotom|0 fnt
|faint|p2a: Rotom
|
|-status|p1a: Conkeldurr|brn|[from] item: Flame Orb
|upkeep
|c| Adorable Adolf|oof
|c|☆Vamdemon x|nah,now is impossible ,priority moves dependencen
|-message|Vamdemon x forfeited.
|
|win|JoJo321
|l|☆Vamdemon x
|l| Adorable Adolf
||Ladder (probably) updated, but score could not be retrieved (Response not received).
