|raw|<div class="broadcast-blue"><strong>This battle is required to be public due to a player having a name starting with 'lt81yl'.</div>
|j|☆LT81YL YOVAN FILMO
|j|☆BestixL
|t:|1625439011
|gametype|singles
|player|p1|LT81YL YOVAN FILMO|ghetsis-gen5bw|1877
|player|p2|BestixL|aromalady-gen3|1908
|teamsize|p1|6
|teamsize|p2|6
|gen|8
|tier|[Gen 8] OU
|rated|
|rule|Sleep Clause Mod: Limit one foe put to sleep
|rule|Species Clause: Limit one of each Pokémon
|rule|OHKO Clause: OHKO moves are banned
|rule|Evasion Moves Clause: Evasion moves are banned
|rule|Endless Battle Clause: Forcing endless battles is banned
|rule|HP Percentage Mod: HP is shown in percentages
|rule|Dynamax Clause: You cannot dynamax
|clearpoke
|poke|p1|Shedinja|
|poke|p1|Quagsire, F|
|poke|p1|Corviknight, M|
|poke|p1|Xatu, M|
|poke|p1|Blissey, F|
|poke|p1|Toxapex, M|
|poke|p2|Skarmory, F|
|poke|p2|Hippowdon, M|
|poke|p2|Reuniclus, F|
|poke|p2|Toxapex, F|
|poke|p2|Tapu Koko|
|poke|p2|Buzzwole|
|teampreview
|inactive|Battle timer is ON: inactive players will automatically lose when time's up. (requested by BestixL)
|j| BigMeatDodo
|
|t:|1625439034
|start
|switch|p1a: Toxapex|Toxapex, M|100/100
|switch|p2a: 2 soon|Hippowdon, M|100/100
|-weather|Sandstorm|[from] ability: Sand Stream|[of] p2a: 2 soon
|turn|1
|j|+ez
|
|t:|1625439039
|switch|p2a: just friends|Toxapex, F|100/100
|move|p1a: Toxapex|Scald|p2a: just friends
|-resisted|p2a: just friends
|-damage|p2a: just friends|94/100
|
|-weather|Sandstorm|[upkeep]
|-damage|p1a: Toxapex|95/100|[from] Sandstorm
|-damage|p2a: just friends|88/100|[from] Sandstorm
|upkeep
|turn|2
|
|t:|1625439043
|move|p1a: Toxapex|Scald|p2a: just friends
|-resisted|p2a: just friends
|-damage|p2a: just friends|82/100
|-status|p2a: just friends|brn
|move|p2a: just friends|Knock Off|p1a: Toxapex
|-damage|p1a: Toxapex|90/100
|-enditem|p1a: Toxapex|Shed Shell|[from] move: Knock Off|[of] p2a: just friends
|
|-weather|Sandstorm|[upkeep]
|-damage|p1a: Toxapex|84/100|[from] Sandstorm
|-damage|p2a: just friends|76/100 brn|[from] Sandstorm
|-damage|p2a: just friends|70/100 brn|[from] brn
|upkeep
|turn|3
|
|t:|1625439048
|switch|p1a: Xatu|Xatu, M|100/100
|switch|p2a: Itsuki|Reuniclus, F|100/100
|
|-weather|Sandstorm|[upkeep]
|-damage|p1a: Xatu|95/100|[from] Sandstorm
|upkeep
|turn|4
|
|t:|1625439053
|switch|p1a: Toxapex|Toxapex, M|100/100
|switch|p2a: just friends|Toxapex, F|100/100 brn
|
|-weather|Sandstorm|[upkeep]
|-damage|p1a: Toxapex|95/100|[from] Sandstorm
|-damage|p2a: just friends|94/100 brn|[from] Sandstorm
|-damage|p2a: just friends|88/100 brn|[from] brn
|upkeep
|turn|5
|
|t:|1625439056
|switch|p2a: Itsuki|Reuniclus, F|100/100
|move|p1a: Toxapex|Block|p2a: Itsuki
|-activate|p2a: Itsuki|trapped
|
|-weather|none
|upkeep
|turn|6
|
|t:|1625439060
|move|p2a: Itsuki|Calm Mind|p2a: Itsuki
|-boost|p2a: Itsuki|spa|1
|-boost|p2a: Itsuki|spd|1
|move|p1a: Toxapex|Scald|p2a: Itsuki
|-damage|p2a: Itsuki|93/100
|
|upkeep
|turn|7
|
|t:|1625439065
|move|p2a: Itsuki|Psyshock|p1a: Toxapex
|-supereffective|p1a: Toxapex
|-damage|p1a: Toxapex|23/100
|move|p1a: Toxapex|Spite|p2a: Itsuki
|-activate|p2a: Itsuki|move: Spite|Psyshock|4
|
|upkeep
|turn|8
|j| Showtime Lakers 24
|
|t:|1625439076
|switch|p1a: Shedinja|Shedinja|100/100
|move|p2a: Itsuki|Psyshock|p1a: Shedinja
|-immune|p1a: Shedinja|[from] ability: Wonder Guard
|
|upkeep
|turn|9
|j| Don Colombus
|
|t:|1625439099
|switch|p1a: Corviknight|Corviknight, M|100/100
|-ability|p1a: Corviknight|Pressure
|switch|p2a: 2 soon|Hippowdon, M|100/100
|-weather|Sandstorm|[from] ability: Sand Stream|[of] p2a: 2 soon
|
|-weather|Sandstorm|[upkeep]
|upkeep
|turn|10
|j| hatterneeee
|
|t:|1625439107
|switch|p1a: Xatu|Xatu, M|95/100
|switch|p2a: just friends|Toxapex, F|100/100 brn
|
|-weather|Sandstorm|[upkeep]
|-damage|p1a: Xatu|89/100|[from] Sandstorm
|-damage|p2a: just friends|94/100 brn|[from] Sandstorm
|-damage|p2a: just friends|88/100 brn|[from] brn
|upkeep
|turn|11
|j| LT81YL LE FLEXMAN
|l| Don Colombus
|
|t:|1625439114
|switch|p1a: Toxapex|Toxapex, M|56/100
|move|p2a: just friends|Knock Off|p1a: Toxapex
|-damage|p1a: Toxapex|53/100
|
|-weather|Sandstorm|[upkeep]
|-damage|p1a: Toxapex|47/100|[from] Sandstorm
|-damage|p2a: just friends|82/100 brn|[from] Sandstorm
|-damage|p2a: just friends|75/100 brn|[from] brn
|upkeep
|turn|12
|j| Don Colombus
|
|t:|1625439119
|switch|p2a: Itsuki|Reuniclus, F|93/100
|move|p1a: Toxapex|Recover|p1a: Toxapex
|-heal|p1a: Toxapex|97/100
|
|-weather|Sandstorm|[upkeep]
|-damage|p1a: Toxapex|91/100|[from] Sandstorm
|upkeep
|turn|13
|j| boredsoiplayrandom
|
|t:|1625439126
|switch|p2a: just friends|Toxapex, F|100/100 brn
|move|p1a: Toxapex|Block|p2a: just friends
|-activate|p2a: just friends|trapped
|
|-weather|none
|-damage|p2a: just friends|94/100 brn|[from] brn
|upkeep
|turn|14
|
|t:|1625439144
|move|p1a: Toxapex|Block||[still]
|-fail|p1a: Toxapex
|move|p2a: just friends|Knock Off|p1a: Toxapex
|-damage|p1a: Toxapex|88/100
|
|-damage|p2a: just friends|88/100 brn|[from] brn
|upkeep
|turn|15
|
|t:|1625439149
|move|p1a: Toxapex|Spite|p2a: just friends
|-activate|p2a: just friends|move: Spite|Knock Off|4
|move|p2a: just friends|Knock Off|p1a: Toxapex
|-damage|p1a: Toxapex|85/100
|
|-damage|p2a: just friends|82/100 brn|[from] brn
|upkeep
|turn|16
|
|t:|1625439152
|move|p1a: Toxapex|Spite|p2a: just friends
|-activate|p2a: just friends|move: Spite|Knock Off|4
|move|p2a: just friends|Knock Off|p1a: Toxapex
|-damage|p1a: Toxapex|82/100
|
|-damage|p2a: just friends|75/100 brn|[from] brn
|upkeep
|turn|17
|
|t:|1625439154
|move|p1a: Toxapex|Spite|p2a: just friends
|-activate|p2a: just friends|move: Spite|Knock Off|4
|move|p2a: just friends|Knock Off|p1a: Toxapex
|-damage|p1a: Toxapex|79/100
|
|-damage|p2a: just friends|69/100 brn|[from] brn
|upkeep
|turn|18
|
|t:|1625439164
|move|p1a: Toxapex|Spite|p2a: just friends
|-activate|p2a: just friends|move: Spite|Knock Off|4
|move|p2a: just friends|Knock Off|p1a: Toxapex
|-damage|p1a: Toxapex|76/100
|
|-damage|p2a: just friends|63/100 brn|[from] brn
|upkeep
|turn|19
|
|t:|1625439172
|move|p1a: Toxapex|Spite|p2a: just friends
|-activate|p2a: just friends|move: Spite|Knock Off|4
|move|p2a: just friends|Knock Off|p1a: Toxapex
|-damage|p1a: Toxapex|73/100
|
|-damage|p2a: just friends|57/100 brn|[from] brn
|upkeep
|turn|20
|l| LT81YL LE FLEXMAN
|
|t:|1625439181
|move|p1a: Toxapex|Spite|p2a: just friends
|-activate|p2a: just friends|move: Spite|Knock Off|4
|move|p2a: just friends|Toxic|p1a: Toxapex
|-immune|p1a: Toxapex
|
|-damage|p2a: just friends|50/100 brn|[from] brn
|upkeep
|turn|21
|
|t:|1625439187
|move|p1a: Toxapex|Scald|p2a: just friends
|-resisted|p2a: just friends
|-damage|p2a: just friends|45/100 brn
|move|p2a: just friends|Toxic|p1a: Toxapex
|-immune|p1a: Toxapex
|
|-damage|p2a: just friends|38/100 brn|[from] brn
|upkeep
|turn|22
|
|t:|1625439190
|move|p1a: Toxapex|Spite|p2a: just friends
|-activate|p2a: just friends|move: Spite|Toxic|4
|move|p2a: just friends|Toxic|p1a: Toxapex
|-immune|p1a: Toxapex
|
|-damage|p2a: just friends|32/100 brn|[from] brn
|upkeep
|turn|23
|
|t:|1625439195
|move|p1a: Toxapex|Spite|p2a: just friends
|-activate|p2a: just friends|move: Spite|Toxic|4
|move|p2a: just friends|Recover|p2a: just friends
|-heal|p2a: just friends|82/100 brn
|
|-damage|p2a: just friends|76/100 brn|[from] brn
|upkeep
|turn|24
|
|t:|1625439197
|move|p1a: Toxapex|Spite|p2a: just friends
|-activate|p2a: just friends|move: Spite|Recover|4
|move|p2a: just friends|Haze|p2a: just friends
|-clearallboost
|
|-damage|p2a: just friends|70/100 brn|[from] brn
|upkeep
|turn|25
|
|t:|1625439202
|move|p1a: Toxapex|Spite|p2a: just friends
|-activate|p2a: just friends|move: Spite|Haze|4
|move|p2a: just friends|Haze|p2a: just friends
|-clearallboost
|
|-damage|p2a: just friends|63/100 brn|[from] brn
|upkeep
|turn|26
|
|t:|1625439205
|move|p1a: Toxapex|Scald|p2a: just friends
|-resisted|p2a: just friends
|-damage|p2a: just friends|57/100 brn
|move|p2a: just friends|Haze|p2a: just friends
|-clearallboost
|
|-damage|p2a: just friends|50/100 brn|[from] brn
|upkeep
|turn|27
|
|t:|1625439208
|move|p1a: Toxapex|Scald|p2a: just friends
|-resisted|p2a: just friends
|-damage|p2a: just friends|44/100 brn
|move|p2a: just friends|Haze|p2a: just friends
|-clearallboost
|
|-damage|p2a: just friends|38/100 brn|[from] brn
|upkeep
|turn|28
|
|t:|1625439210
|move|p1a: Toxapex|Scald|p2a: just friends
|-resisted|p2a: just friends
|-damage|p2a: just friends|31/100 brn
|move|p2a: just friends|Recover|p2a: just friends
|-heal|p2a: just friends|81/100 brn
|
|-damage|p2a: just friends|75/100 brn|[from] brn
|upkeep
|turn|29
|
|t:|1625439213
|move|p1a: Toxapex|Spite|p2a: just friends
|-activate|p2a: just friends|move: Spite|Recover|4
|move|p2a: just friends|Haze|p2a: just friends
|-clearallboost
|
|-damage|p2a: just friends|68/100 brn|[from] brn
|upkeep
|turn|30
|
|t:|1625439221
|move|p1a: Toxapex|Scald|p2a: just friends
|-resisted|p2a: just friends
|-damage|p2a: just friends|62/100 brn
|move|p2a: just friends|Haze|p2a: just friends
|-clearallboost
|
|-damage|p2a: just friends|56/100 brn|[from] brn
|upkeep
|turn|31
|
|t:|1625439224
|move|p1a: Toxapex|Scald|p2a: just friends
|-resisted|p2a: just friends
|-damage|p2a: just friends|49/100 brn
|move|p2a: just friends|Haze|p2a: just friends
|-clearallboost
|
|-damage|p2a: just friends|43/100 brn|[from] brn
|upkeep
|turn|32
|
|t:|1625439228
|move|p1a: Toxapex|Scald|p2a: just friends
|-resisted|p2a: just friends
|-damage|p2a: just friends|36/100 brn
|move|p2a: just friends|Haze|p2a: just friends
|-clearallboost
|
|-damage|p2a: just friends|30/100 brn|[from] brn
|upkeep
|turn|33
|
|t:|1625439232
|move|p1a: Toxapex|Scald|p2a: just friends
|-resisted|p2a: just friends
|-crit|p2a: just friends
|-damage|p2a: just friends|20/100 brn
|move|p2a: just friends|Recover|p2a: just friends
|-heal|p2a: just friends|70/100 brn
|
|-damage|p2a: just friends|64/100 brn|[from] brn
|upkeep
|turn|34
|
|t:|1625439234
|move|p1a: Toxapex|Spite|p2a: just friends
|-activate|p2a: just friends|move: Spite|Recover|4
|move|p2a: just friends|Haze|p2a: just friends
|-clearallboost
|
|-damage|p2a: just friends|57/100 brn|[from] brn
|upkeep
|turn|35
|
|t:|1625439238
|move|p1a: Toxapex|Scald|p2a: just friends
|-resisted|p2a: just friends
|-damage|p2a: just friends|50/100 brn
|move|p2a: just friends|Haze|p2a: just friends
|-clearallboost
|
|-damage|p2a: just friends|44/100 brn|[from] brn
|upkeep
|turn|36
|
|t:|1625439242
|move|p1a: Toxapex|Scald|p2a: just friends
|-resisted|p2a: just friends
|-damage|p2a: just friends|38/100 brn
|move|p2a: just friends|Haze|p2a: just friends
|-clearallboost
|
|-damage|p2a: just friends|32/100 brn|[from] brn
|upkeep
|turn|37
|
|t:|1625439245
|move|p1a: Toxapex|Scald|p2a: just friends
|-resisted|p2a: just friends
|-damage|p2a: just friends|26/100 brn
|move|p2a: just friends|Recover|p2a: just friends
|-heal|p2a: just friends|76/100 brn
|
|-damage|p2a: just friends|70/100 brn|[from] brn
|upkeep
|turn|38
|j| HappIsHere
|
|t:|1625439248
|move|p1a: Toxapex|Scald|p2a: just friends
|-resisted|p2a: just friends
|-damage|p2a: just friends|64/100 brn
|move|p2a: just friends|Toxic|p1a: Toxapex
|-immune|p1a: Toxapex
|
|-damage|p2a: just friends|58/100 brn|[from] brn
|upkeep
|turn|39
|
|t:|1625439253
|move|p1a: Toxapex|Scald|p2a: just friends
|-resisted|p2a: just friends
|-damage|p2a: just friends|51/100 brn
|move|p2a: just friends|Toxic|p1a: Toxapex
|-immune|p1a: Toxapex
|
|-damage|p2a: just friends|45/100 brn|[from] brn
|upkeep
|turn|40
|j| Perc 30
|
|t:|1625439257
|move|p1a: Toxapex|Scald|p2a: just friends
|-resisted|p2a: just friends
|-damage|p2a: just friends|38/100 brn
|move|p2a: just friends|Toxic|p1a: Toxapex
|-immune|p1a: Toxapex
|
|-damage|p2a: just friends|32/100 brn|[from] brn
|upkeep
|turn|41
|
|t:|1625439260
|move|p1a: Toxapex|Scald|p2a: just friends
|-resisted|p2a: just friends
|-damage|p2a: just friends|25/100 brn
|move|p2a: just friends|Toxic|p1a: Toxapex
|-immune|p1a: Toxapex
|
|-damage|p2a: just friends|19/100 brn|[from] brn
|upkeep
|turn|42
|
|t:|1625439263
|move|p1a: Toxapex|Scald|p2a: just friends
|-resisted|p2a: just friends
|-damage|p2a: just friends|12/100 brn
|move|p2a: just friends|Toxic|p1a: Toxapex
|-immune|p1a: Toxapex
|
|-damage|p2a: just friends|6/100 brn|[from] brn
|upkeep
|turn|43
|
|t:|1625439268
|move|p1a: Toxapex|Recover|p1a: Toxapex
|-heal|p1a: Toxapex|100/100
|move|p2a: just friends|Haze|p2a: just friends
|-clearallboost
|
|-damage|p2a: just friends|0 fnt|[from] brn
|faint|p2a: just friends
|upkeep
|
|t:|1625439274
|switch|p2a: Itsuki|Reuniclus, F|93/100
|turn|44
|j| LT81YL yelo
|j| ISimpForNessa
|
|t:|1625439297
|switch|p2a: 2 soon|Hippowdon, M|100/100
|-weather|Sandstorm|[from] ability: Sand Stream|[of] p2a: 2 soon
|move|p1a: Toxapex|Block|p2a: 2 soon
|-activate|p2a: 2 soon|trapped
|
|-weather|Sandstorm|[upkeep]
|-damage|p1a: Toxapex|95/100|[from] Sandstorm
|upkeep
|turn|45
|
|t:|1625439306
|move|p2a: 2 soon|Earthquake|p1a: Toxapex
|-supereffective|p1a: Toxapex
|-damage|p1a: Toxapex|48/100
|move|p1a: Toxapex|Scald|p2a: 2 soon
|-supereffective|p2a: 2 soon
|-crit|p2a: 2 soon
|-damage|p2a: 2 soon|63/100
|-status|p2a: 2 soon|brn
|
|-weather|Sandstorm|[upkeep]
|-damage|p1a: Toxapex|42/100|[from] Sandstorm
|-damage|p2a: 2 soon|57/100 brn|[from] brn
|upkeep
|turn|46
|
|t:|1625439313
|switch|p1a: Xatu|Xatu, M|89/100
|move|p2a: 2 soon|Slack Off|p2a: 2 soon
|-heal|p2a: 2 soon|100/100 brn
|
|-weather|Sandstorm|[upkeep]
|-damage|p1a: Xatu|83/100|[from] Sandstorm
|-damage|p2a: 2 soon|94/100 brn|[from] brn
|upkeep
|turn|47
|
|t:|1625439321
|switch|p2a: Itsuki|Reuniclus, F|93/100
|move|p1a: Xatu|Night Shade|p2a: Itsuki
|-damage|p2a: Itsuki|69/100
|
|-weather|Sandstorm|[upkeep]
|-damage|p1a: Xatu|77/100|[from] Sandstorm
|upkeep
|turn|48
|
|t:|1625439327
|switch|p1a: Toxapex|Toxapex, M|76/100
|move|p2a: Itsuki|Recover|p2a: Itsuki
|-heal|p2a: Itsuki|100/100
|
|-weather|none
|upkeep
|turn|49
|
|t:|1625439332
|switch|p2a: 2 soon|Hippowdon, M|94/100 brn
|-weather|Sandstorm|[from] ability: Sand Stream|[of] p2a: 2 soon
|move|p1a: Toxapex|Block|p2a: 2 soon
|-activate|p2a: 2 soon|trapped
|
|-weather|Sandstorm|[upkeep]
|-damage|p1a: Toxapex|70/100|[from] Sandstorm
|-damage|p2a: 2 soon|88/100 brn|[from] brn
|upkeep
|turn|50
|
|t:|1625439336
|switch|p1a: Xatu|Xatu, M|77/100
|move|p2a: 2 soon|Earthquake|p1a: Xatu
|-immune|p1a: Xatu
|
|-weather|Sandstorm|[upkeep]
|-damage|p1a: Xatu|71/100|[from] Sandstorm
|-damage|p2a: 2 soon|82/100 brn|[from] brn
|upkeep
|turn|51
|j| Isza♕
|
|t:|1625439342
|switch|p1a: Blissey|Blissey, F|100/100
|switch|p2a: wockstar|Tapu Koko|100/100
|-fieldstart|move: Electric Terrain|[from] ability: Electric Surge|[of] p2a: wockstar
|
|-weather|Sandstorm|[upkeep]
|-damage|p2a: wockstar|94/100|[from] Sandstorm
|-damage|p1a: Blissey|94/100|[from] Sandstorm
|upkeep
|turn|52
|
|t:|1625439346
|move|p2a: wockstar|U-turn|p1a: Blissey
|-damage|p1a: Blissey|81/100
|l| Isza♕
|
|t:|1625439357
|switch|p2a: the reaper|Skarmory, F|100/100|[from]move: U-turn
|move|p1a: Blissey|Stealth Rock|p2a: the reaper
|-sidestart|p2: BestixL|move: Stealth Rock
|
|-weather|Sandstorm|[upkeep]
|-damage|p1a: Blissey|75/100|[from] Sandstorm
|upkeep
|turn|53
|
|t:|1625439373
|switch|p1a: Xatu|Xatu, M|71/100
|move|p2a: the reaper|Iron Defense|p2a: the reaper
|-boost|p2a: the reaper|def|2
|
|-weather|none
|upkeep
|turn|54
|j| vipersniper96
|
|t:|1625439380
|switch|p2a: 2 soon|Hippowdon, M|82/100 brn
|-weather|Sandstorm|[from] ability: Sand Stream|[of] p2a: 2 soon
|move|p1a: Xatu|Roost|p1a: Xatu
|-heal|p1a: Xatu|100/100
|-singleturn|p1a: Xatu|move: Roost
|
|-weather|Sandstorm|[upkeep]
|-damage|p1a: Xatu|95/100|[from] Sandstorm
|-damage|p2a: 2 soon|76/100 brn|[from] brn
|upkeep
|turn|55
|l| vipersniper96
|
|t:|1625439386
|move|p1a: Xatu|Night Shade|p2a: 2 soon
|-damage|p2a: 2 soon|52/100 brn
|move|p2a: 2 soon|Slack Off|p2a: 2 soon
|-heal|p2a: 2 soon|100/100 brn
|
|-weather|Sandstorm|[upkeep]
|-damage|p1a: Xatu|89/100|[from] Sandstorm
|-damage|p2a: 2 soon|94/100 brn|[from] brn
|-fieldend|move: Electric Terrain
|upkeep
|turn|56
|
|t:|1625439390
|switch|p2a: Itsuki|Reuniclus, F|100/100
|move|p1a: Xatu|Night Shade|p2a: Itsuki
|-damage|p2a: Itsuki|77/100
|
|-weather|Sandstorm|[upkeep]
|-damage|p1a: Xatu|83/100|[from] Sandstorm
|upkeep
|turn|57
|
|t:|1625439397
|switch|p1a: Toxapex|Toxapex, M|100/100
|switch|p2a: 2 soon|Hippowdon, M|94/100 brn
|
|-weather|Sandstorm|[upkeep]
|-damage|p1a: Toxapex|95/100|[from] Sandstorm
|-damage|p2a: 2 soon|88/100 brn|[from] brn
|upkeep
|turn|58
|
|t:|1625439403
|switch|p1a: Xatu|Xatu, M|83/100
|move|p2a: 2 soon|Stealth Rock|p1a: Xatu
|move|p1a: Xatu|Stealth Rock||[from]ability: Magic Bounce|[still]
|-fail|p1a: Xatu
|
|-weather|none
|-damage|p2a: 2 soon|82/100 brn|[from] brn
|upkeep
|turn|59
|j| anita fajita
|
|t:|1625439410
|switch|p2a: Itsuki|Reuniclus, F|77/100
|move|p1a: Xatu|Night Shade|p2a: Itsuki
|-damage|p2a: Itsuki|53/100
|
|upkeep
|turn|60
|
|t:|1625439414
|switch|p1a: Blissey|Blissey, F|75/100
|move|p2a: Itsuki|Recover|p2a: Itsuki
|-heal|p2a: Itsuki|100/100
|
|upkeep
|turn|61
|j| luckshere
|
|t:|1625439421
|switch|p2a: the reaper|Skarmory, F|100/100
|-damage|p2a: the reaper|88/100|[from] Stealth Rock
|move|p1a: Blissey|Seismic Toss|p2a: the reaper
|-damage|p2a: the reaper|58/100
|
|upkeep
|turn|62
|
|t:|1625439426
|switch|p1a: Xatu|Xatu, M|83/100
|move|p2a: the reaper|Roost|p2a: the reaper
|-heal|p2a: the reaper|100/100
|-singleturn|p2a: the reaper|move: Roost
|
|upkeep
|turn|63
|
|t:|1625439433
|switch|p1a: Toxapex|Toxapex, M|100/100
|move|p2a: the reaper|Iron Defense|p2a: the reaper
|-boost|p2a: the reaper|def|2
|
|upkeep
|turn|64
|
|t:|1625439442
|switch|p2a: 2 soon|Hippowdon, M|82/100 brn
|-weather|Sandstorm|[from] ability: Sand Stream|[of] p2a: 2 soon
|switch|p1a: Xatu|Xatu, M|83/100
|
|-weather|Sandstorm|[upkeep]
|-damage|p1a: Xatu|77/100|[from] Sandstorm
|-damage|p2a: 2 soon|76/100 brn|[from] brn
|upkeep
|turn|65
|
|t:|1625439448
|switch|p2a: Itsuki|Reuniclus, F|100/100
|move|p1a: Xatu|Night Shade|p2a: Itsuki
|-damage|p2a: Itsuki|77/100
|
|-weather|Sandstorm|[upkeep]
|-damage|p1a: Xatu|71/100|[from] Sandstorm
|upkeep
|turn|66
|
|t:|1625439458
|move|p1a: Xatu|Night Shade|p2a: Itsuki
|-damage|p2a: Itsuki|53/100
|move|p2a: Itsuki|Calm Mind|p2a: Itsuki
|-boost|p2a: Itsuki|spa|1
|-boost|p2a: Itsuki|spd|1
|
|-weather|Sandstorm|[upkeep]
|-damage|p1a: Xatu|65/100|[from] Sandstorm
|upkeep
|turn|67
|
|t:|1625439468
|switch|p1a: Toxapex|Toxapex, M|100/100
|move|p2a: Itsuki|Thunder|p1a: Toxapex
|-supereffective|p1a: Toxapex
|-damage|p1a: Toxapex|6/100
|
|-weather|Sandstorm|[upkeep]
|-damage|p1a: Toxapex|0 fnt|[from] Sandstorm
|faint|p1a: Toxapex
|upkeep
|l| hatterneeee
|j| LT81YL Manolo
|
|t:|1625439477
|switch|p1a: Corviknight|Corviknight, M|100/100
|-ability|p1a: Corviknight|Pressure
|turn|68
|c| LT81YL Manolo|sidaxl
|
|t:|1625439486
|switch|p1a: Quagsire|Quagsire, F|100/100
|move|p2a: Itsuki|Thunder|p1a: Quagsire
|-immune|p1a: Quagsire
|
|-weather|none
|upkeep
|turn|69
|
|t:|1625439493
|move|p2a: Itsuki|Thunder|p1a: Quagsire
|-immune|p1a: Quagsire
|move|p1a: Quagsire|Earthquake|p2a: Itsuki
|-damage|p2a: Itsuki|20/100
|
|upkeep
|turn|70
|
|t:|1625439496
|move|p2a: Itsuki|Recover|p2a: Itsuki
|-heal|p2a: Itsuki|70/100
|move|p1a: Quagsire|Earthquake|p2a: Itsuki
|-damage|p2a: Itsuki|39/100
|
|upkeep
|turn|71
|
|t:|1625439499
|move|p2a: Itsuki|Recover|p2a: Itsuki
|-heal|p2a: Itsuki|89/100
|move|p1a: Quagsire|Earthquake|p2a: Itsuki
|-damage|p2a: Itsuki|57/100
|
|upkeep
|turn|72
|l|+ez
|l| LT81YL yelo
|
|t:|1625439503
|move|p2a: Itsuki|Recover|p2a: Itsuki
|-heal|p2a: Itsuki|100/100
|move|p1a: Quagsire|Toxic|p2a: Itsuki
|-status|p2a: Itsuki|tox
|
|upkeep
|turn|73
|
|t:|1625439506
|switch|p2a: 2 soon|Hippowdon, M|76/100 brn
|-weather|Sandstorm|[from] ability: Sand Stream|[of] p2a: 2 soon
|move|p1a: Quagsire|Toxic||[still]
|-fail|p1a: Quagsire
|
|-weather|Sandstorm|[upkeep]
|-damage|p2a: 2 soon|69/100 brn|[from] brn
|upkeep
|turn|74
|
|t:|1625439509
|switch|p1a: Xatu|Xatu, M|65/100
|move|p2a: 2 soon|Toxic|p1a: Xatu
|move|p1a: Xatu|Toxic||[from]ability: Magic Bounce|[still]
|-fail|p1a: Xatu
|
|-weather|Sandstorm|[upkeep]
|-damage|p1a: Xatu|59/100|[from] Sandstorm
|-damage|p2a: 2 soon|63/100 brn|[from] brn
|upkeep
|turn|75
|
|t:|1625439516
|move|p1a: Xatu|Roost|p1a: Xatu
|-heal|p1a: Xatu|100/100
|-singleturn|p1a: Xatu|move: Roost
|move|p2a: 2 soon|Slack Off|p2a: 2 soon
|-heal|p2a: 2 soon|100/100 brn
|
|-weather|Sandstorm|[upkeep]
|-damage|p1a: Xatu|95/100|[from] Sandstorm
|-damage|p2a: 2 soon|94/100 brn|[from] brn
|upkeep
|turn|76
|
|t:|1625439519
|switch|p2a: wockstar|Tapu Koko|94/100
|-fieldstart|move: Electric Terrain|[from] ability: Electric Surge|[of] p2a: wockstar
|move|p1a: Xatu|Night Shade|p2a: wockstar
|-damage|p2a: wockstar|59/100
|
|-weather|Sandstorm|[upkeep]
|-damage|p2a: wockstar|53/100|[from] Sandstorm
|-damage|p1a: Xatu|89/100|[from] Sandstorm
|upkeep
|turn|77
|
|t:|1625439523
|switch|p1a: Shedinja|Shedinja|100/100
|move|p2a: wockstar|Roost|p2a: wockstar
|-heal|p2a: wockstar|100/100
|-singleturn|p2a: wockstar|move: Roost
|
|-weather|none
|upkeep
|turn|78
|
|t:|1625439530
|switch|p2a: 2 soon|Hippowdon, M|94/100 brn
|-weather|Sandstorm|[from] ability: Sand Stream|[of] p2a: 2 soon
|switch|p1a: Blissey|Blissey, F|75/100
|
|-weather|Sandstorm|[upkeep]
|-damage|p1a: Blissey|69/100|[from] Sandstorm
|-damage|p2a: 2 soon|88/100 brn|[from] brn
|upkeep
|turn|79
|
|t:|1625439534
|move|p1a: Blissey|Seismic Toss|p2a: 2 soon
|-damage|p2a: 2 soon|64/100 brn
|move|p2a: 2 soon|Stealth Rock|p1a: Blissey
|-sidestart|p1: LT81YL YOVAN FILMO|move: Stealth Rock
|
|-weather|Sandstorm|[upkeep]
|-damage|p1a: Blissey|63/100|[from] Sandstorm
|-damage|p2a: 2 soon|58/100 brn|[from] brn
|upkeep
|turn|80
|l| boredsoiplayrandom
|
|t:|1625439539
|move|p1a: Blissey|Seismic Toss|p2a: 2 soon
|-damage|p2a: 2 soon|34/100 brn
|move|p2a: 2 soon|Slack Off|p2a: 2 soon
|-heal|p2a: 2 soon|84/100 brn
|
|-weather|Sandstorm|[upkeep]
|-damage|p1a: Blissey|56/100|[from] Sandstorm
|-damage|p2a: 2 soon|78/100 brn|[from] brn
|-fieldend|move: Electric Terrain
|upkeep
|turn|81
|
|t:|1625439550
|switch|p1a: Xatu|Xatu, M|89/100
|switch|p2a: the reaper|Skarmory, F|100/100
|-damage|p2a: the reaper|88/100|[from] Stealth Rock
|
|-weather|Sandstorm|[upkeep]
|-damage|p1a: Xatu|83/100|[from] Sandstorm
|upkeep
|turn|82
|
|t:|1625439555
|switch|p2a: Itsuki|Reuniclus, F|100/100 tox
|move|p1a: Xatu|Defog|p2a: Itsuki
|-unboost|p2a: Itsuki|evasion|1
|-sideend|p2: BestixL|Stealth Rock|[from] move: Defog|[of] p1a: Xatu
|-sideend|p1: LT81YL YOVAN FILMO|Stealth Rock|[from] move: Defog|[of] p1a: Xatu
|
|-weather|none
|upkeep
|turn|83
|
|t:|1625439579
|switch|p1a: Corviknight|Corviknight, M|100/100
|-ability|p1a: Corviknight|Pressure
|move|p2a: Itsuki|Thunder|p1a: Corviknight
|-supereffective|p1a: Corviknight
|-damage|p1a: Corviknight|24/100
|
|upkeep
|turn|84
|l| BigMeatDodo
|
|t:|1625439589
|switch|p2a: wockstar|Tapu Koko|100/100
|-fieldstart|move: Electric Terrain|[from] ability: Electric Surge|[of] p2a: wockstar
|move|p1a: Corviknight|Roost|p1a: Corviknight
|-heal|p1a: Corviknight|74/100
|-singleturn|p1a: Corviknight|move: Roost
|
|upkeep
|turn|85
|
|t:|1625439596
|switch|p2a: 2 soon|Hippowdon, M|78/100 brn
|-weather|Sandstorm|[from] ability: Sand Stream|[of] p2a: 2 soon
|switch|p1a: Quagsire|Quagsire, F|100/100
|
|-weather|Sandstorm|[upkeep]
|-damage|p2a: 2 soon|72/100 brn|[from] brn
|upkeep
|turn|86
|
|t:|1625439601
|switch|p2a: Yotsuba|Buzzwole|100/100
|switch|p1a: Corviknight|Corviknight, M|74/100
|-ability|p1a: Corviknight|Pressure
|
|-weather|Sandstorm|[upkeep]
|-damage|p2a: Yotsuba|94/100|[from] Sandstorm
|upkeep
|turn|87
|
|t:|1625439605
|switch|p2a: the reaper|Skarmory, F|88/100
|move|p1a: Corviknight|Roost|p1a: Corviknight
|-heal|p1a: Corviknight|100/100
|-singleturn|p1a: Corviknight|move: Roost
|
|-weather|Sandstorm|[upkeep]
|upkeep
|turn|88
|
|t:|1625439613
|move|p2a: the reaper|Iron Defense|p2a: the reaper
|-boost|p2a: the reaper|def|2
|move|p1a: Corviknight|Iron Defense|p1a: Corviknight
|-boost|p1a: Corviknight|def|2
|
|-weather|Sandstorm|[upkeep]
|-fieldend|move: Electric Terrain
|upkeep
|turn|89
|l| Don Colombus
|
|t:|1625439627
|switch|p1a: Xatu|Xatu, M|83/100
|move|p2a: the reaper|Iron Defense|p2a: the reaper
|-boost|p2a: the reaper|def|2
|
|-weather|none
|upkeep
|turn|90
|
|t:|1625439632
|move|p1a: Xatu|Wish|p1a: Xatu
|move|p2a: the reaper|Body Press|p1a: Xatu
|-resisted|p1a: Xatu
|-damage|p1a: Xatu|50/100
|
|upkeep
|turn|91
|
|t:|1625439638
|move|p1a: Xatu|Night Shade|p2a: the reaper
|-damage|p2a: the reaper|58/100
|move|p2a: the reaper|Iron Defense|p2a: the reaper
|-boost|p2a: the reaper|def|2
|
|-heal|p1a: Xatu|100/100|[from] move: Wish|[wisher] Xatu
|upkeep
|turn|92
|
|t:|1625439648
|switch|p1a: Quagsire|Quagsire, F|100/100
|move|p2a: the reaper|Roost|p2a: the reaper
|-heal|p2a: the reaper|100/100
|-singleturn|p2a: the reaper|move: Roost
|
|upkeep
|turn|93
|
|t:|1625439652
|move|p2a: the reaper|Spikes|p1a: Quagsire
|-sidestart|p1: LT81YL YOVAN FILMO|Spikes
|move|p1a: Quagsire|Haze|p1a: Quagsire
|-clearallboost
|
|upkeep
|turn|94
|
|t:|1625439660
|switch|p2a: Itsuki|Reuniclus, F|100/100 tox
|move|p1a: Quagsire|Earthquake|p2a: Itsuki
|-damage|p2a: Itsuki|67/100 tox
|
|upkeep
|turn|95
|l| ISimpForNessa
|
|t:|1625439665
|switch|p1a: Corviknight|Corviknight, M|100/100
|-ability|p1a: Corviknight|Pressure
|move|p2a: Itsuki|Calm Mind|p2a: Itsuki
|-boost|p2a: Itsuki|spa|1
|-boost|p2a: Itsuki|spd|1
|
|upkeep
|turn|96
|l| HappIsHere
|
|t:|1625439670
|switch|p1a: Quagsire|Quagsire, F|100/100
|-damage|p1a: Quagsire|88/100|[from] Spikes
|move|p2a: Itsuki|Thunder|p1a: Quagsire
|-immune|p1a: Quagsire
|
|-heal|p1a: Quagsire|94/100|[from] item: Leftovers
|upkeep
|turn|97
|
|t:|1625439675
|move|p2a: Itsuki|Psyshock|p1a: Quagsire
|-damage|p1a: Quagsire|61/100
|move|p1a: Quagsire|Earthquake|p2a: Itsuki
|-damage|p2a: Itsuki|33/100 tox
|
|-heal|p1a: Quagsire|67/100|[from] item: Leftovers
|upkeep
|turn|98
|
|t:|1625439679
|move|p2a: Itsuki|Recover|p2a: Itsuki
|-heal|p2a: Itsuki|83/100 tox
|move|p1a: Quagsire|Earthquake|p2a: Itsuki
|-crit|p2a: Itsuki
|-damage|p2a: Itsuki|34/100 tox
|
|-heal|p1a: Quagsire|73/100|[from] item: Leftovers
|upkeep
|turn|99
|
|t:|1625439687
|move|p2a: Itsuki|Recover|p2a: Itsuki
|-heal|p2a: Itsuki|84/100 tox
|move|p1a: Quagsire|Earthquake|p2a: Itsuki
|-damage|p2a: Itsuki|51/100 tox
|
|-heal|p1a: Quagsire|79/100|[from] item: Leftovers
|upkeep
|turn|100
|
|t:|1625439690
|move|p2a: Itsuki|Recover|p2a: Itsuki
|-heal|p2a: Itsuki|100/100 tox
|move|p1a: Quagsire|Earthquake|p2a: Itsuki
|-crit|p2a: Itsuki
|-damage|p2a: Itsuki|54/100 tox
|
|-heal|p1a: Quagsire|86/100|[from] item: Leftovers
|upkeep
|turn|101
|
|t:|1625439697
|move|p2a: Itsuki|Psyshock|p1a: Quagsire
|-damage|p1a: Quagsire|53/100
|move|p1a: Quagsire|Earthquake|p2a: Itsuki
|-damage|p2a: Itsuki|21/100 tox
|
|-heal|p1a: Quagsire|59/100|[from] item: Leftovers
|upkeep
|turn|102
|
|t:|1625439701
|move|p2a: Itsuki|Recover|p2a: Itsuki
|-heal|p2a: Itsuki|71/100 tox
|move|p1a: Quagsire|Earthquake|p2a: Itsuki
|-damage|p2a: Itsuki|41/100 tox
|
|-heal|p1a: Quagsire|65/100|[from] item: Leftovers
|upkeep
|turn|103
|
|t:|1625439704
|move|p2a: Itsuki|Psyshock|p1a: Quagsire
|-damage|p1a: Quagsire|33/100
|move|p1a: Quagsire|Earthquake|p2a: Itsuki
|-damage|p2a: Itsuki|11/100 tox
|
|-heal|p1a: Quagsire|39/100|[from] item: Leftovers
|upkeep
|turn|104
|
|t:|1625439707
|move|p2a: Itsuki|Psyshock|p1a: Quagsire
|-damage|p1a: Quagsire|5/100
|move|p1a: Quagsire|Earthquake|p2a: Itsuki
|-damage|p2a: Itsuki|0 fnt
|faint|p2a: Itsuki
|
|-heal|p1a: Quagsire|11/100|[from] item: Leftovers
|upkeep
|
|t:|1625439714
|switch|p2a: wockstar|Tapu Koko|100/100
|-fieldstart|move: Electric Terrain|[from] ability: Electric Surge|[of] p2a: wockstar
|turn|105
|
|t:|1625439719
|switch|p1a: Blissey|Blissey, F|56/100
|move|p2a: wockstar|Dazzling Gleam|p1a: Blissey
|-damage|p1a: Blissey|43/100
|
|upkeep
|turn|106
|
|t:|1625439722
|move|p2a: wockstar|U-turn|p1a: Blissey
|-damage|p1a: Blissey|28/100
|
|t:|1625439726
|switch|p2a: Yotsuba|Buzzwole|94/100|[from]move: U-turn
|move|p1a: Blissey|Soft-Boiled|p1a: Blissey
|-heal|p1a: Blissey|78/100
|
|upkeep
|turn|107
|
|t:|1625439729
|switch|p1a: Corviknight|Corviknight, M|100/100
|-ability|p1a: Corviknight|Pressure
|move|p2a: Yotsuba|Thunder Punch|p1a: Corviknight
|-supereffective|p1a: Corviknight
|-damage|p1a: Corviknight|60/100
|
|upkeep
|turn|108
|
|t:|1625439733
|move|p2a: Yotsuba|Thunder Punch|p1a: Corviknight
|-supereffective|p1a: Corviknight
|-damage|p1a: Corviknight|22/100
|move|p1a: Corviknight|Roost|p1a: Corviknight
|-heal|p1a: Corviknight|72/100
|-singleturn|p1a: Corviknight|move: Roost
|
|upkeep
|turn|109
|j| aeeaeeeaaa
|
|t:|1625439740
|move|p2a: Yotsuba|Ice Punch|p1a: Corviknight
|-damage|p1a: Corviknight|56/100
|move|p1a: Corviknight|Roost|p1a: Corviknight
|-heal|p1a: Corviknight|100/100
|-singleturn|p1a: Corviknight|move: Roost
|
|-fieldend|move: Electric Terrain
|upkeep
|turn|110
|l| LT81YL Manolo
|
|t:|1625439750
|switch|p2a: wockstar|Tapu Koko|100/100
|-fieldstart|move: Electric Terrain|[from] ability: Electric Surge|[of] p2a: wockstar
|move|p1a: Corviknight|Defog|p2a: wockstar
|-unboost|p2a: wockstar|evasion|1
|-sideend|p1: LT81YL YOVAN FILMO|Spikes|[from] move: Defog|[of] p1a: Corviknight
|-fieldend|move: Electric Terrain
|
|upkeep
|turn|111
|
|t:|1625439754
|switch|p1a: Blissey|Blissey, F|78/100
|move|p2a: wockstar|U-turn|p1a: Blissey
|-damage|p1a: Blissey|65/100
|
|t:|1625439757
|switch|p2a: Yotsuba|Buzzwole|94/100|[from]move: U-turn
|
|upkeep
|turn|112
|
|t:|1625439761
|switch|p1a: Corviknight|Corviknight, M|100/100
|-ability|p1a: Corviknight|Pressure
|move|p2a: Yotsuba|Ice Punch|p1a: Corviknight
|-damage|p1a: Corviknight|84/100
|
|upkeep
|turn|113
|
|t:|1625439765
|switch|p1a: Blissey|Blissey, F|65/100
|move|p2a: Yotsuba|Ice Punch|p1a: Blissey
|-damage|p1a: Blissey|43/100
|
|upkeep
|turn|114
|
|t:|1625439769
|switch|p1a: Corviknight|Corviknight, M|84/100
|-ability|p1a: Corviknight|Pressure
|move|p2a: Yotsuba|Ice Punch|p1a: Corviknight
|-damage|p1a: Corviknight|68/100
|
|upkeep
|turn|115
|
|t:|1625439772
|move|p2a: Yotsuba|Ice Punch|p1a: Corviknight
|-damage|p1a: Corviknight|52/100
|move|p1a: Corviknight|Iron Defense|p1a: Corviknight
|-boost|p1a: Corviknight|def|2
|
|upkeep
|turn|116
|j| sdflkuuhsdfiug
|j| OnGroveStreet
|
|t:|1625439776
|move|p2a: Yotsuba|Ice Punch|p1a: Corviknight
|-damage|p1a: Corviknight|44/100
|move|p1a: Corviknight|Roost|p1a: Corviknight
|-heal|p1a: Corviknight|94/100
|-singleturn|p1a: Corviknight|move: Roost
|
|upkeep
|turn|117
|l| OnGroveStreet
|
|t:|1625439782
|switch|p2a: wockstar|Tapu Koko|100/100
|-fieldstart|move: Electric Terrain|[from] ability: Electric Surge|[of] p2a: wockstar
|move|p1a: Corviknight|Body Press|p2a: wockstar
|-resisted|p2a: wockstar
|-damage|p2a: wockstar|62/100
|
|upkeep
|turn|118
|
|t:|1625439790
|switch|p1a: Shedinja|Shedinja|100/100
|move|p2a: wockstar|U-turn|p1a: Shedinja
|-immune|p1a: Shedinja|[from] ability: Wonder Guard
|
|upkeep
|turn|119
|
|t:|1625439795
|switch|p1a: Blissey|Blissey, F|43/100
|move|p2a: wockstar|U-turn|p1a: Blissey
|-damage|p1a: Blissey|29/100
|
|t:|1625439798
|switch|p2a: Yotsuba|Buzzwole|94/100|[from]move: U-turn
|
|upkeep
|turn|120
|
|t:|1625439802
|switch|p2a: 2 soon|Hippowdon, M|72/100 brn
|-weather|Sandstorm|[from] ability: Sand Stream|[of] p2a: 2 soon
|switch|p1a: Shedinja|Shedinja|100/100
|
|-weather|Sandstorm|[upkeep]
|-damage|p1a: Shedinja|0 fnt|[from] Sandstorm
|faint|p1a: Shedinja
|-damage|p2a: 2 soon|66/100 brn|[from] brn
|upkeep
|
|t:|1625439809
|switch|p1a: Quagsire|Quagsire, F|11/100
|turn|121
|
|t:|1625439816
|move|p2a: 2 soon|Toxic|p1a: Quagsire
|-status|p1a: Quagsire|tox
|move|p1a: Quagsire|Recover|p1a: Quagsire
|-heal|p1a: Quagsire|61/100 tox
|
|-weather|Sandstorm|[upkeep]
|-heal|p1a: Quagsire|68/100 tox|[from] item: Leftovers
|-damage|p1a: Quagsire|61/100 tox|[from] psn
|-damage|p2a: 2 soon|59/100 brn|[from] brn
|-fieldend|move: Electric Terrain
|upkeep
|turn|122
|
|t:|1625439820
|switch|p1a: Blissey|Blissey, F|29/100
|move|p2a: 2 soon|Slack Off|p2a: 2 soon
|-heal|p2a: 2 soon|100/100 brn
|
|-weather|Sandstorm|[upkeep]
|-damage|p1a: Blissey|23/100|[from] Sandstorm
|-damage|p2a: 2 soon|94/100 brn|[from] brn
|upkeep
|turn|123
|
|t:|1625439822
|switch|p2a: Yotsuba|Buzzwole|94/100
|move|p1a: Blissey|Soft-Boiled|p1a: Blissey
|-heal|p1a: Blissey|73/100
|
|-weather|Sandstorm|[upkeep]
|-damage|p2a: Yotsuba|88/100|[from] Sandstorm
|-damage|p1a: Blissey|66/100|[from] Sandstorm
|upkeep
|turn|124
|
|t:|1625439827
|switch|p1a: Corviknight|Corviknight, M|94/100
|-ability|p1a: Corviknight|Pressure
|move|p2a: Yotsuba|Close Combat|p1a: Corviknight
|-damage|p1a: Corviknight|60/100
|-unboost|p2a: Yotsuba|def|1
|-unboost|p2a: Yotsuba|spd|1
|
|-weather|none
|upkeep
|turn|125
|
|t:|1625439829
|move|p2a: Yotsuba|Ice Punch|p1a: Corviknight
|-damage|p1a: Corviknight|45/100
|move|p1a: Corviknight|Roost|p1a: Corviknight
|-heal|p1a: Corviknight|95/100
|-singleturn|p1a: Corviknight|move: Roost
|
|upkeep
|turn|126
|
|t:|1625439834
|switch|p2a: wockstar|Tapu Koko|62/100
|-fieldstart|move: Electric Terrain|[from] ability: Electric Surge|[of] p2a: wockstar
|move|p1a: Corviknight|Iron Defense|p1a: Corviknight
|-boost|p1a: Corviknight|def|2
|
|upkeep
|turn|127
|
|t:|1625439841
|move|p2a: wockstar|Thunderbolt|p1a: Corviknight
|-supereffective|p1a: Corviknight
|-damage|p1a: Corviknight|0 fnt
|faint|p1a: Corviknight
|
|upkeep
|-message|LT81YL YOVAN FILMO forfeited.
|
|win|BestixL
|raw|LT81YL YOVAN FILMO's rating: 1877 &rarr; <strong>1859</strong><br />(-18 for losing)
|raw|BestixL's rating: 1908 &rarr; <strong>1926</strong><br />(+18 for winning)
|l|☆LT81YL YOVAN FILMO
|c|☆BestixL|xddddddddddd
