|j|☆Commando 55
|j|☆mjukost
|t:|1596632244
|player|p1|Commando 55|iris-gen5bw2|1780
|player|p2|mjukost|ethan|1591
|teamsize|p1|6
|teamsize|p2|6
|gametype|singles
|gen|8
|tier|[Gen 8] OU
|rated|
|html|<div class="broadcast-blue"><strong>OU is currently suspecting Magearna! For information on how to participate check out the <a href="https://www.smogon.com/forums/threads/3667669/">suspect thread</a>.</strong></div>
|clearpoke
|poke|p1|Marowak-Alola, M|
|poke|p1|Clefable, F|
|poke|p1|Zoroark, M|
|poke|p1|Amoonguss, M|
|poke|p1|Mandibuzz, F|
|poke|p1|Lycanroc-Dusk, F|
|poke|p2|Excadrill, M|
|poke|p2|Indeedee, M|
|poke|p2|Hawlucha, M|
|poke|p2|Alakazam, M|
|poke|p2|Zeraora|
|poke|p2|Mimikyu, F|
|rule|Sleep Clause Mod: Limit one foe put to sleep
|rule|Species Clause: Limit one of each Pokémon
|rule|OHKO Clause: OHKO moves are banned
|rule|Evasion Moves Clause: Evasion moves are banned
|rule|Endless Battle Clause: Forcing endless battles is banned
|rule|HP Percentage Mod: HP is shown in percentages
|rule|Dynamax Clause: You cannot dynamax
|teampreview
|inactive|Battle timer is ON: inactive players will automatically lose when time's up. (requested by Commando 55)
|
|t:|1596632288
|start
|switch|p1a: Marowak|Marowak-Alola, M|100/100
|switch|p2a: Excadrill|Excadrill, M|100/100
|-ability|p2a: Excadrill|Mold Breaker
|turn|1
|
|t:|1596632299
|move|p1a: Marowak|Focus Blast|p2a: Excadrill|[miss]
|-miss|p1a: Marowak|p2a: Excadrill
|move|p2a: Excadrill|Stealth Rock|p1a: Marowak
|-sidestart|p1: Commando 55|move: Stealth Rock
|
|upkeep
|turn|2
|
|t:|1596632303
|move|p1a: Marowak|Focus Blast|p2a: Excadrill
|-supereffective|p2a: Excadrill
|-enditem|p2a: Excadrill|Focus Sash
|-damage|p2a: Excadrill|1/100
|move|p2a: Excadrill|Rapid Spin|p1a: Marowak
|-damage|p1a: Marowak|65/100
|-boost|p2a: Excadrill|spe|1
|replace|p1a: Zoroark|Zoroark, M, shiny
|-end|p1a: Zoroark|Illusion
|
|upkeep
|turn|3
|
|t:|1596632310
|switch|p1a: Mandibuzz|Mandibuzz, F|100/100
|move|p2a: Excadrill|Earthquake|p1a: Mandibuzz
|-immune|p1a: Mandibuzz
|
|upkeep
|turn|4
|
|t:|1596632313
|move|p2a: Excadrill|Toxic|p1a: Mandibuzz|[miss]
|-miss|p2a: Excadrill|p1a: Mandibuzz
|move|p1a: Mandibuzz|Defog|p2a: Excadrill
|-unboost|p2a: Excadrill|evasion|1
|-sideend|p1: Commando 55|Stealth Rock|[from] move: Defog|[of] p1a: Mandibuzz
|
|upkeep
|turn|5
|
|t:|1596632317
|move|p2a: Excadrill|Stealth Rock|p1a: Mandibuzz
|-sidestart|p1: Commando 55|move: Stealth Rock
|move|p1a: Mandibuzz|U-turn|p2a: Excadrill
|-resisted|p2a: Excadrill
|-damage|p2a: Excadrill|0 fnt
|faint|p2a: Excadrill
|
|t:|1596632327
|switch|p1a: Amoonguss|Amoonguss, M|100/100|[from]move: U-turn
|-damage|p1a: Amoonguss|88/100|[from] Stealth Rock
|
|upkeep
|
|t:|1596632339
|switch|p2a: Indeedee|Indeedee, M|100/100
|-fieldstart|move: Psychic Terrain|[from] ability: Psychic Surge|[of] p2a: Indeedee
|turn|6
|
|t:|1596632346
|switch|p2a: Mimikyu|Mimikyu, F|100/100
|switch|p1a: Clefable|Clefable, F|100/100
|
|upkeep
|turn|7
|
|t:|1596632356
|move|p2a: Mimikyu|Swords Dance|p2a: Mimikyu
|-boost|p2a: Mimikyu|atk|2
|move|p1a: Clefable|Moonblast|p2a: Mimikyu
|-activate|p2a: Mimikyu|ability: Disguise
|-damage|p2a: Mimikyu|100/100
|-unboost|p2a: Mimikyu|spa|1
|detailschange|p2a: Mimikyu|Mimikyu-Busted, F
|-damage|p2a: Mimikyu|88/100|[from] pokemon: Mimikyu-Busted
|
|upkeep
|turn|8
|
|t:|1596632368
|switch|p1a: Amoonguss|Amoonguss, M|100/100
|-damage|p1a: Amoonguss|88/100|[from] Stealth Rock
|move|p2a: Mimikyu|Play Rough|p1a: Amoonguss
|-resisted|p1a: Amoonguss
|-damage|p1a: Amoonguss|45/100
|-damage|p2a: Mimikyu|72/100|[from] item: Rocky Helmet|[of] p1a: Amoonguss
|-damage|p2a: Mimikyu|62/100|[from] item: Life Orb
|
|upkeep
|turn|9
|
|t:|1596632377
|switch|p1a: Mandibuzz|Mandibuzz, F|100/100
|move|p2a: Mimikyu|Shadow Claw|p1a: Mandibuzz
|-resisted|p1a: Mandibuzz
|-damage|p1a: Mandibuzz|77/100
|-damage|p2a: Mimikyu|52/100|[from] item: Life Orb
|
|upkeep
|turn|10
|
|t:|1596632386
|switch|p1a: Amoonguss|Amoonguss, M|78/100
|-damage|p1a: Amoonguss|65/100|[from] Stealth Rock
|move|p2a: Mimikyu|Play Rough|p1a: Amoonguss
|-resisted|p1a: Amoonguss
|-damage|p1a: Amoonguss|26/100
|-damage|p2a: Mimikyu|36/100|[from] item: Rocky Helmet|[of] p1a: Amoonguss
|-damage|p2a: Mimikyu|26/100|[from] item: Life Orb
|
|-fieldend|move: Psychic Terrain
|upkeep
|turn|11
|
|t:|1596632404
|switch|p1a: Marowak|Marowak-Alola, M|65/100
|-damage|p1a: Marowak|53/100|[from] Stealth Rock
|move|p2a: Mimikyu|Shadow Claw|p1a: Marowak
|-resisted|p1a: Marowak
|-damage|p1a: Marowak|0 fnt
|replace|p1a: Zoroark|Zoroark, M, shiny
|-end|p1a: Zoroark|Illusion
|-damage|p2a: Mimikyu|16/100|[from] item: Life Orb
|faint|p1a: Zoroark
|
|upkeep
|
|t:|1596632409
|switch|p1a: Lycanroc|Lycanroc-Dusk, F|100/100
|-damage|p1a: Lycanroc|88/100|[from] Stealth Rock
|turn|12
|
|t:|1596632413
|switch|p2a: Indeedee|Indeedee, M|100/100
|-fieldstart|move: Psychic Terrain|[from] ability: Psychic Surge|[of] p2a: Indeedee
|move|p1a: Lycanroc|Accelerock|p2a: Indeedee
|-activate|p2a: Indeedee|move: Psychic Terrain
|
|upkeep
|turn|13
|
|t:|1596632426
|switch|p1a: Mandibuzz|Mandibuzz, F|77/100
|switch|p2a: Mimikyu|Mimikyu-Busted, F|16/100
|
|upkeep
|turn|14
|
|t:|1596632431
|move|p2a: Mimikyu|Play Rough|p1a: Mandibuzz
|-supereffective|p1a: Mandibuzz
|-damage|p1a: Mandibuzz|15/100
|-damage|p2a: Mimikyu|6/100|[from] item: Life Orb
|move|p1a: Mandibuzz|Foul Play|p2a: Mimikyu
|-damage|p2a: Mimikyu|0 fnt
|faint|p2a: Mimikyu
|
|upkeep
|
|t:|1596632445
|switch|p2a: Zeraora|Zeraora|100/100
|-enditem|p2a: Zeraora|Psychic Seed
|-boost|p2a: Zeraora|spd|1|[from] item: Psychic Seed
|turn|15
|
|t:|1596632453
|switch|p1a: Amoonguss|Amoonguss, M|60/100
|-damage|p1a: Amoonguss|47/100|[from] Stealth Rock
|move|p2a: Zeraora|Bulk Up|p2a: Zeraora
|-boost|p2a: Zeraora|atk|1
|-boost|p2a: Zeraora|def|1
|
|upkeep
|turn|16
|
|t:|1596632459
|move|p2a: Zeraora|Acrobatics|p1a: Amoonguss
|-supereffective|p1a: Amoonguss
|-damage|p1a: Amoonguss|0 fnt
|-damage|p2a: Zeraora|84/100|[from] item: Rocky Helmet|[of] p1a: Amoonguss
|faint|p1a: Amoonguss
|
|-fieldend|move: Psychic Terrain
|upkeep
|c|☆mjukost|gg
|
|t:|1596632474
|switch|p1a: Marowak|Marowak-Alola, M|100/100
|-damage|p1a: Marowak|76/100|[from] Stealth Rock
|turn|17
|
|t:|1596632480
|move|p2a: Zeraora|Acrobatics|p1a: Marowak
|-damage|p1a: Marowak|23/100
|move|p1a: Marowak|Flare Blitz|p2a: Zeraora
|-damage|p2a: Zeraora|5/100
|
|upkeep
|turn|18
|
|t:|1596632496
|move|p2a: Zeraora|Acrobatics|p1a: Marowak
|-damage|p1a: Marowak|0 fnt
|faint|p1a: Marowak
|
|upkeep
|
|t:|1596632502
|switch|p1a: Lycanroc|Lycanroc-Dusk, F|88/100
|-damage|p1a: Lycanroc|76/100|[from] Stealth Rock
|turn|19
|
|t:|1596632511
|switch|p2a: Indeedee|Indeedee, M|100/100
|-fieldstart|move: Psychic Terrain|[from] ability: Psychic Surge|[of] p2a: Indeedee
|move|p1a: Lycanroc|Accelerock|p2a: Indeedee
|-activate|p2a: Indeedee|move: Psychic Terrain
|
|upkeep
|turn|20
|
|t:|1596632517
|move|p1a: Lycanroc|Close Combat|p2a: Indeedee
|-damage|p2a: Indeedee|0 fnt
|-unboost|p1a: Lycanroc|def|1
|-unboost|p1a: Lycanroc|spd|1
|-damage|p1a: Lycanroc|66/100|[from] item: Life Orb
|faint|p2a: Indeedee
|
|upkeep
|
|t:|1596632526
|switch|p2a: Hawlucha|Hawlucha, M|100/100
|-enditem|p2a: Hawlucha|Psychic Seed
|-boost|p2a: Hawlucha|spd|1|[from] item: Psychic Seed
|turn|21
|
|t:|1596632535
|move|p2a: Hawlucha|Acrobatics|p1a: Lycanroc
|-resisted|p1a: Lycanroc
|-damage|p1a: Lycanroc|4/100
|move|p1a: Lycanroc|Psychic Fangs|p2a: Hawlucha
|-supereffective|p2a: Hawlucha
|-damage|p2a: Hawlucha|0 fnt
|-damage|p1a: Lycanroc|0 fnt|[from] item: Life Orb
|faint|p2a: Hawlucha
|faint|p1a: Lycanroc
|
|upkeep
|
|t:|1596632546
|switch|p2a: Alakazam|Alakazam, M|100/100
|switch|p1a: Mandibuzz|Mandibuzz, F|15/100
|turn|22
|
|t:|1596632553
|switch|p1a: Clefable|Clefable, F|100/100
|move|p2a: Alakazam|Dazzling Gleam|p1a: Clefable
|-damage|p1a: Clefable|81/100
|
|-heal|p1a: Clefable|87/100|[from] item: Leftovers
|upkeep
|turn|23
|
|t:|1596632558
|switch|p1a: Mandibuzz|Mandibuzz, F|15/100
|move|p2a: Alakazam|Expanding Force|p1a: Mandibuzz
|-immune|p1a: Mandibuzz
|
|-fieldend|move: Psychic Terrain
|upkeep
|turn|24
|
|t:|1596632564
|move|p2a: Alakazam|Dazzling Gleam|p1a: Mandibuzz
|-supereffective|p1a: Mandibuzz
|-damage|p1a: Mandibuzz|0 fnt
|faint|p1a: Mandibuzz
|
|upkeep
|
|t:|1596632566
|switch|p1a: Clefable|Clefable, F|87/100
|turn|25
|
|t:|1596632569
|move|p2a: Alakazam|Nasty Plot|p2a: Alakazam
|-boost|p2a: Alakazam|spa|2
|move|p1a: Clefable|Moonblast|p2a: Alakazam
|-damage|p2a: Alakazam|55/100
|
|-heal|p1a: Clefable|93/100|[from] item: Leftovers
|upkeep
|turn|26
|
|t:|1596632573
|move|p1a: Clefable|Protect|p1a: Clefable
|-singleturn|p1a: Clefable|Protect
|move|p2a: Alakazam|Expanding Force|p1a: Clefable
|-activate|p1a: Clefable|move: Protect
|
|-heal|p1a: Clefable|99/100|[from] item: Leftovers
|upkeep
|turn|27
|
|t:|1596632575
|move|p2a: Alakazam|Expanding Force|p1a: Clefable
|-damage|p1a: Clefable|38/100
|move|p1a: Clefable|Moonblast|p2a: Alakazam
|-damage|p2a: Alakazam|12/100
|-unboost|p2a: Alakazam|spa|1
|
|-heal|p1a: Clefable|44/100|[from] item: Leftovers
|upkeep
|turn|28
|
|t:|1596632582
|move|p1a: Clefable|Protect|p1a: Clefable
|-singleturn|p1a: Clefable|Protect
|move|p2a: Alakazam|Nasty Plot|p2a: Alakazam
|-boost|p2a: Alakazam|spa|2
|
|-heal|p1a: Clefable|50/100|[from] item: Leftovers
|upkeep
|turn|29
|
|t:|1596632585
|move|p2a: Alakazam|Expanding Force|p1a: Clefable
|-damage|p1a: Clefable|0 fnt
|faint|p1a: Clefable
|
|win|mjukost
|l|☆Commando 55
|raw|Commando 55's rating: 1760 &rarr; <strong>1731</strong><br />(-29 for losing)
|raw|mjukost's rating: 1591 &rarr; <strong>1620</strong><br />(+29 for winning)
