|j|☆fasterfaster88
|j|‽not mb
|t:|1625889407
|gametype|singles
|player|p1|fasterfaster88|lass-gen4dp|1811
|player|p2|not mb|#wcop2020uswest|1887
|teamsize|p1|6
|teamsize|p2|6
|gen|8
|tier|[Gen 8] OU
|rated|
|rule|Sleep Clause Mod: Limit one foe put to sleep
|rule|Species Clause: Limit one of each Pokémon
|rule|OHKO Clause: OHKO moves are banned
|rule|Evasion Moves Clause: Evasion moves are banned
|rule|Endless Battle Clause: Forcing endless battles is banned
|rule|HP Percentage Mod: HP is shown in percentages
|rule|Dynamax Clause: You cannot dynamax
|clearpoke
|poke|p1|Aegislash, F|
|poke|p1|Mamoswine, F|
|poke|p1|Toxapex, M|
|poke|p1|Clefable, M|
|poke|p1|Zapdos|
|poke|p1|Umbreon, M|
|poke|p2|Zeraora|
|poke|p2|Buzzwole|
|poke|p2|Landorus-Therian, M|
|poke|p2|Swampert, F|
|poke|p2|Ferrothorn, F|
|poke|p2|Tapu Lele|
|teampreview
|inactive|Battle timer is ON: inactive players will automatically lose when time's up. (requested by fasterfaster88)
|j| Poesy
|inactive|not mb has 120 seconds left.
|j| 2DpkmN
|l| 2DpkmN
|inactive|not mb has 90 seconds left.
|
|t:|1625889470
|start
|switch|p1a: Toxapex|Toxapex, M|100/100
|switch|p2a: Landorus|Landorus-Therian, M|100/100
|-ability|p2a: Landorus|Intimidate|boost
|-unboost|p1a: Toxapex|atk|1
|turn|1
|inactive|fasterfaster88 has 120 seconds left.
|
|t:|1625889525
|move|p2a: Landorus|Earthquake|p1a: Toxapex
|-supereffective|p1a: Toxapex
|-damage|p1a: Toxapex|29/100
|move|p1a: Toxapex|Toxic Spikes|p2a: Landorus
|-sidestart|p2: not mb|move: Toxic Spikes
|
|upkeep
|turn|2
|
|t:|1625889533
|move|p2a: Landorus|Knock Off|p1a: Toxapex
|-damage|p1a: Toxapex|9/100
|-enditem|p1a: Toxapex|Shed Shell|[from] move: Knock Off|[of] p2a: Landorus
|move|p1a: Toxapex|Scald|p2a: Landorus
|-supereffective|p2a: Landorus
|-damage|p2a: Landorus|64/100
|
|-heal|p2a: Landorus|70/100|[from] item: Leftovers
|upkeep
|turn|3
|
|t:|1625889537
|switch|p1a: Zapdos|Zapdos|100/100
|move|p2a: Landorus|Knock Off|p1a: Zapdos
|-damage|p1a: Zapdos|62/100
|-status|p2a: Landorus|par|[from] ability: Static|[of] p1a: Zapdos
|-enditem|p1a: Zapdos|Heavy-Duty Boots|[from] move: Knock Off|[of] p2a: Landorus
|
|-heal|p2a: Landorus|76/100 par|[from] item: Leftovers
|upkeep
|turn|4
|
|t:|1625889551
|switch|p2a: Zeraora|Zeraora|100/100
|move|p1a: Zapdos|Hurricane|p2a: Zeraora|[miss]
|-miss|p1a: Zapdos|p2a: Zeraora
|
|upkeep
|turn|5
|
|t:|1625889557
|switch|p1a: Umbreon|Umbreon, M|100/100
|move|p2a: Zeraora|Bulk Up|p2a: Zeraora
|-boost|p2a: Zeraora|atk|1
|-boost|p2a: Zeraora|def|1
|
|upkeep
|turn|6
|
|t:|1625889561
|move|p2a: Zeraora|Knock Off|p1a: Umbreon
|-resisted|p1a: Umbreon
|-damage|p1a: Umbreon|87/100
|-enditem|p1a: Umbreon|Leftovers|[from] move: Knock Off|[of] p2a: Zeraora
|move|p1a: Umbreon|Foul Play|p2a: Zeraora
|-damage|p2a: Zeraora|39/100
|
|upkeep
|turn|7
|
|t:|1625889565
|switch|p2a: Ferrothorn|Ferrothorn, F|100/100
|move|p1a: Umbreon|Foul Play|p2a: Ferrothorn
|-damage|p2a: Ferrothorn|75/100
|-damage|p1a: Umbreon|74/100|[from] ability: Iron Barbs|[of] p2a: Ferrothorn
|-enditem|p2a: Ferrothorn|Eject Button
|
|t:|1625889567
|switch|p2a: Landorus|Landorus-Therian, M|76/100 par
|-ability|p2a: Landorus|Intimidate|boost
|-unboost|p1a: Umbreon|atk|1
|
|-heal|p2a: Landorus|82/100 par|[from] item: Leftovers
|upkeep
|turn|8
|j| ReignXXXX
|
|t:|1625889576
|move|p1a: Umbreon|Wish|p1a: Umbreon
|move|p2a: Landorus|Defog|p1a: Umbreon
|-unboost|p1a: Umbreon|evasion|1
|-sideend|p2: not mb|Toxic Spikes|[from] move: Defog|[of] p2a: Landorus
|
|-heal|p2a: Landorus|88/100 par|[from] item: Leftovers
|upkeep
|turn|9
|
|t:|1625889582
|move|p1a: Umbreon|Foul Play|p2a: Landorus
|-damage|p2a: Landorus|59/100 par
|move|p2a: Landorus|U-turn|p1a: Umbreon
|-supereffective|p1a: Umbreon
|-damage|p1a: Umbreon|48/100
|
|t:|1625889588
|switch|p2a: Ferrothorn|Ferrothorn, F|75/100|[from]move: U-turn
|
|-heal|p1a: Umbreon|98/100|[from] move: Wish|[wisher] Umbreon
|upkeep
|turn|10
|
|t:|1625889594
|move|p1a: Umbreon|Wish|p1a: Umbreon
|move|p2a: Ferrothorn|Leech Seed|p1a: Umbreon
|-start|p1a: Umbreon|move: Leech Seed
|
|-damage|p1a: Umbreon|86/100|[from] Leech Seed|[of] p2a: Ferrothorn
|-heal|p2a: Ferrothorn|89/100|[silent]
|upkeep
|turn|11
|
|t:|1625889597
|switch|p1a: Zapdos|Zapdos|62/100
|move|p2a: Ferrothorn|Stealth Rock|p1a: Zapdos
|-sidestart|p1: fasterfaster88|move: Stealth Rock
|
|-heal|p1a: Zapdos|100/100|[from] move: Wish|[wisher] Umbreon
|upkeep
|turn|12
|
|t:|1625889601
|move|p1a: Zapdos|Defog|p2a: Ferrothorn
|-unboost|p2a: Ferrothorn|evasion|1
|-sideend|p1: fasterfaster88|Stealth Rock|[from] move: Defog|[of] p1a: Zapdos
|move|p2a: Ferrothorn|Leech Seed|p1a: Zapdos
|-start|p1a: Zapdos|move: Leech Seed
|
|-damage|p1a: Zapdos|88/100|[from] Leech Seed|[of] p2a: Ferrothorn
|-heal|p2a: Ferrothorn|99/100|[silent]
|upkeep
|turn|13
|
|t:|1625889604
|move|p1a: Zapdos|Heat Wave|p2a: Ferrothorn
|-supereffective|p2a: Ferrothorn
|-damage|p2a: Ferrothorn|11/100
|move|p2a: Ferrothorn|Stealth Rock|p1a: Zapdos
|-sidestart|p1: fasterfaster88|move: Stealth Rock
|
|-damage|p1a: Zapdos|76/100|[from] Leech Seed|[of] p2a: Ferrothorn
|-heal|p2a: Ferrothorn|23/100|[silent]
|upkeep
|turn|14
|
|t:|1625889608
|switch|p1a: Umbreon|Umbreon, M|86/100
|-damage|p1a: Umbreon|73/100|[from] Stealth Rock
|move|p2a: Ferrothorn|Stealth Rock||[still]
|-fail|p2a: Ferrothorn
|
|upkeep
|turn|15
|
|t:|1625889611
|move|p1a: Umbreon|Wish|p1a: Umbreon
|move|p2a: Ferrothorn|Leech Seed|p1a: Umbreon
|-start|p1a: Umbreon|move: Leech Seed
|
|-damage|p1a: Umbreon|61/100|[from] Leech Seed|[of] p2a: Ferrothorn
|-heal|p2a: Ferrothorn|37/100|[silent]
|upkeep
|turn|16
|
|t:|1625889617
|switch|p1a: Zapdos|Zapdos|76/100
|-damage|p1a: Zapdos|51/100|[from] Stealth Rock
|move|p2a: Ferrothorn|Leech Seed|p1a: Zapdos
|-start|p1a: Zapdos|move: Leech Seed
|
|-heal|p1a: Zapdos|100/100|[from] move: Wish|[wisher] Umbreon
|-damage|p1a: Zapdos|88/100|[from] Leech Seed|[of] p2a: Ferrothorn
|-heal|p2a: Ferrothorn|48/100|[silent]
|upkeep
|turn|17
|j| Oxnp
|
|t:|1625889627
|move|p1a: Zapdos|Defog|p2a: Ferrothorn
|-unboost|p2a: Ferrothorn|evasion|1
|-sideend|p1: fasterfaster88|Stealth Rock|[from] move: Defog|[of] p1a: Zapdos
|move|p2a: Ferrothorn|Stealth Rock|p1a: Zapdos
|-sidestart|p1: fasterfaster88|move: Stealth Rock
|
|-damage|p1a: Zapdos|76/100|[from] Leech Seed|[of] p2a: Ferrothorn
|-heal|p2a: Ferrothorn|59/100|[silent]
|upkeep
|turn|18
|
|t:|1625889633
|switch|p2a: Tapu Lele|Tapu Lele|100/100
|-fieldstart|move: Psychic Terrain|[from] ability: Psychic Surge|[of] p2a: Tapu Lele
|move|p1a: Zapdos|Heat Wave|p2a: Tapu Lele|[miss]
|-miss|p1a: Zapdos|p2a: Tapu Lele
|
|-damage|p1a: Zapdos|63/100|[from] Leech Seed|[of] p2a: Tapu Lele
|upkeep
|turn|19
|j| abraz.bashar
|l| ReignXXXX
|
|t:|1625889643
|move|p1a: Zapdos|Volt Switch|p2a: Tapu Lele
|-damage|p2a: Tapu Lele|60/100
|
|t:|1625889645
|switch|p1a: GOAT|Aegislash, F|100/100|[from]move: Volt Switch
|-damage|p1a: GOAT|94/100|[from] Stealth Rock
|move|p2a: Tapu Lele|Psyshock|p1a: GOAT
|-resisted|p1a: GOAT
|-damage|p1a: GOAT|61/100
|
|upkeep
|turn|20
|
|t:|1625889650
|switch|p2a: Swampert|Swampert, F|100/100
|-formechange|p1a: GOAT|Aegislash-Blade||[from] ability: Stance Change
|move|p1a: GOAT|Shadow Ball|p2a: Swampert
|-damage|p2a: Swampert|65/100
|
|-heal|p2a: Swampert|71/100|[from] item: Leftovers
|upkeep
|turn|21
|j| 2DpkmN
|
|t:|1625889655
|switch|p1a: Umbreon|Umbreon, M|61/100
|-damage|p1a: Umbreon|48/100|[from] Stealth Rock
|move|p2a: Swampert|Flip Turn|p1a: Umbreon
|-damage|p1a: Umbreon|36/100
|l| 2DpkmN
|
|t:|1625889663
|switch|p2a: Zeraora|Zeraora|39/100|[from]move: Flip Turn
|
|upkeep
|turn|22
|
|t:|1625889668
|move|p2a: Zeraora|Close Combat|p1a: Umbreon
|-supereffective|p1a: Umbreon
|-damage|p1a: Umbreon|0 fnt
|-unboost|p2a: Zeraora|def|1
|-unboost|p2a: Zeraora|spd|1
|faint|p1a: Umbreon
|
|-fieldend|move: Psychic Terrain
|upkeep
|
|t:|1625889680
|switch|p1a: Goat#2|Mamoswine, F|100/100
|-damage|p1a: Goat#2|88/100|[from] Stealth Rock
|turn|23
|
|t:|1625889685
|switch|p2a: Buzzwole|Buzzwole|100/100
|move|p1a: Goat#2|Icicle Crash|p2a: Buzzwole
|-damage|p2a: Buzzwole|67/100
|
|upkeep
|turn|24
|j| cute pink team
|
|t:|1625889697
|move|p1a: Goat#2|Icicle Crash|p2a: Buzzwole
|-damage|p2a: Buzzwole|36/100
|cant|p2a: Buzzwole|flinch
|
|upkeep
|turn|25
|
|t:|1625889702
|move|p1a: Goat#2|Icicle Crash|p2a: Buzzwole
|-damage|p2a: Buzzwole|6/100
|move|p2a: Buzzwole|Close Combat|p1a: Goat#2
|-supereffective|p1a: Goat#2
|-damage|p1a: Goat#2|0 fnt
|-unboost|p2a: Buzzwole|def|1
|-unboost|p2a: Buzzwole|spd|1
|faint|p1a: Goat#2
|-ability|p2a: Buzzwole|Beast Boost|boost
|-boost|p2a: Buzzwole|atk|1
|
|upkeep
|
|t:|1625889710
|switch|p1a: Zapdos|Zapdos|63/100
|-damage|p1a: Zapdos|38/100|[from] Stealth Rock
|turn|26
|
|t:|1625889713
|move|p1a: Zapdos|Defog|p2a: Buzzwole
|-unboost|p2a: Buzzwole|evasion|1
|-sideend|p1: fasterfaster88|Stealth Rock|[from] move: Defog|[of] p1a: Zapdos
|move|p2a: Buzzwole|Close Combat|p1a: Zapdos
|-resisted|p1a: Zapdos
|-damage|p1a: Zapdos|0 fnt
|-unboost|p2a: Buzzwole|def|1
|-unboost|p2a: Buzzwole|spd|1
|faint|p1a: Zapdos
|-ability|p2a: Buzzwole|Beast Boost|boost
|-boost|p2a: Buzzwole|atk|1
|
|upkeep
|
|t:|1625889717
|switch|p1a: GOAT|Aegislash, F|61/100
|turn|27
|
|t:|1625889723
|-formechange|p1a: GOAT|Aegislash-Blade||[from] ability: Stance Change
|move|p1a: GOAT|Shadow Sneak|p2a: Buzzwole
|-damage|p2a: Buzzwole|0 fnt
|faint|p2a: Buzzwole
|
|upkeep
|
|t:|1625889731
|switch|p2a: Tapu Lele|Tapu Lele|60/100
|-fieldstart|move: Psychic Terrain|[from] ability: Psychic Surge|[of] p2a: Tapu Lele
|turn|28
|
|t:|1625889734
|-formechange|p1a: GOAT|Aegislash||[from] ability: Stance Change
|move|p1a: GOAT|King's Shield|p1a: GOAT
|-singleturn|p1a: GOAT|Protect
|move|p2a: Tapu Lele|Psyshock|p1a: GOAT
|-activate|p1a: GOAT|move: Protect
|
|upkeep
|turn|29
|j| inninj
|
|t:|1625889737
|switch|p2a: Swampert|Swampert, F|71/100
|-formechange|p1a: GOAT|Aegislash-Blade||[from] ability: Stance Change
|move|p1a: GOAT|Shadow Ball|p2a: Swampert
|-damage|p2a: Swampert|35/100
|-unboost|p2a: Swampert|spd|1
|
|-heal|p2a: Swampert|41/100|[from] item: Leftovers
|upkeep
|turn|30
|
|t:|1625889745
|-formechange|p1a: GOAT|Aegislash||[from] ability: Stance Change
|move|p1a: GOAT|King's Shield|p1a: GOAT
|-singleturn|p1a: GOAT|Protect
|move|p2a: Swampert|Protect||[still]
|-fail|p2a: Swampert
|
|-heal|p2a: Swampert|47/100|[from] item: Leftovers
|upkeep
|turn|31
|
|t:|1625889750
|switch|p2a: Landorus|Landorus-Therian, M|59/100 par
|-ability|p2a: Landorus|Intimidate|boost
|-unboost|p1a: GOAT|atk|1
|-formechange|p1a: GOAT|Aegislash-Blade||[from] ability: Stance Change
|move|p1a: GOAT|Shadow Ball|p2a: Landorus
|-damage|p2a: Landorus|0 fnt
|faint|p2a: Landorus
|
|upkeep
|
|t:|1625889753
|switch|p2a: Zeraora|Zeraora|39/100
|turn|32
|
|t:|1625889758
|-formechange|p1a: GOAT|Aegislash||[from] ability: Stance Change
|move|p1a: GOAT|King's Shield|p1a: GOAT
|-singleturn|p1a: GOAT|Protect
|move|p2a: Zeraora|Bulk Up|p2a: Zeraora
|-boost|p2a: Zeraora|atk|1
|-boost|p2a: Zeraora|def|1
|
|-fieldend|move: Psychic Terrain
|upkeep
|turn|33
|
|t:|1625889766
|switch|p1a: Clefable|Clefable, M|100/100
|move|p2a: Zeraora|Knock Off|p1a: Clefable
|-resisted|p1a: Clefable
|-damage|p1a: Clefable|86/100
|-enditem|p1a: Clefable|Leftovers|[from] move: Knock Off|[of] p2a: Zeraora
|
|upkeep
|turn|34
|
|t:|1625889777
|move|p2a: Zeraora|Plasma Fists|p1a: Clefable
|-damage|p1a: Clefable|39/100
|move|p1a: Clefable|Moonblast|p2a: Zeraora
|-damage|p2a: Zeraora|1/100
|
|upkeep
|turn|35
|
|t:|1625889783
|switch|p1a: Toxapex|Toxapex, M|42/100
|move|p2a: Zeraora|Plasma Fists|p1a: Toxapex
|-supereffective|p1a: Toxapex
|-damage|p1a: Toxapex|0 fnt
|faint|p1a: Toxapex
|
|upkeep
|
|t:|1625889785
|switch|p1a: GOAT|Aegislash, F|61/100
|turn|36
|
|t:|1625889793
|-formechange|p1a: GOAT|Aegislash-Blade||[from] ability: Stance Change
|move|p1a: GOAT|Shadow Sneak|p2a: Zeraora
|-damage|p2a: Zeraora|0 fnt
|faint|p2a: Zeraora
|
|upkeep
|
|t:|1625889795
|switch|p2a: Swampert|Swampert, F|47/100
|turn|37
|
|t:|1625889801
|-formechange|p1a: GOAT|Aegislash||[from] ability: Stance Change
|move|p1a: GOAT|King's Shield|p1a: GOAT
|-singleturn|p1a: GOAT|Protect
|move|p2a: Swampert|Earthquake|p1a: GOAT
|-activate|p1a: GOAT|move: Protect
|
|-heal|p2a: Swampert|53/100|[from] item: Leftovers
|upkeep
|turn|38
|
|t:|1625889807
|-formechange|p1a: GOAT|Aegislash-Blade||[from] ability: Stance Change
|move|p1a: GOAT|Shadow Ball|p2a: Swampert
|-damage|p2a: Swampert|20/100
|move|p2a: Swampert|Flip Turn|p1a: GOAT
|-damage|p1a: GOAT|0 fnt
|faint|p1a: GOAT
|
|t:|1625889810
|switch|p2a: Tapu Lele|Tapu Lele|60/100|[from]move: Flip Turn
|-fieldstart|move: Psychic Terrain|[from] ability: Psychic Surge|[of] p2a: Tapu Lele
|
|upkeep
|-message|fasterfaster88 forfeited.
|
|win|not mb
|raw|fasterfaster88's rating: 1811 &rarr; <strong>1795</strong><br />(-16 for losing)
|raw|not mb's rating: 1887 &rarr; <strong>1903</strong><br />(+16 for winning)
|l|☆fasterfaster88
|l| abraz.bashar
|l| inninj
|l|‽not mb
|l| Oxnp
