|j|☆samohi0
|j|☆cute pink team
|t:|1649783266
|gametype|singles
|player|p1|samohi0|red|1692
|player|p2|cute pink team|169|1822
|teamsize|p1|6
|teamsize|p2|6
|gen|8
|tier|[Gen 8] OU
|rated|
|rule|Sleep Clause Mod: Limit one foe put to sleep
|rule|Species Clause: Limit one of each Pokémon
|rule|OHKO Clause: OHKO moves are banned
|rule|Evasion Moves Clause: Evasion moves are banned
|rule|Endless Battle Clause: Forcing endless battles is banned
|rule|HP Percentage Mod: HP is shown in percentages
|rule|Dynamax Clause: You cannot dynamax
|clearpoke
|poke|p1|Nidoking, M|
|poke|p1|Zapdos-Galar|
|poke|p1|Tapu Fini|
|poke|p1|Heatran, F|
|poke|p1|Tornadus-Therian, M|
|poke|p1|Ferrothorn, F|
|poke|p2|Zapdos|
|poke|p2|Skarmory, F|
|poke|p2|Blissey, F|
|poke|p2|Dragapult, M|
|poke|p2|Kommo-o, M|
|poke|p2|Tapu Lele|
|teampreview
|j| Hella Rare Pepe
|
|t:|1649783276
|start
|switch|p1a: the heater|Heatran, F|100/100
|switch|p2a: Zapdos|Zapdos|100/100
|turn|1
|l| Hella Rare Pepe
|
|t:|1649783279
|move|p2a: Zapdos|Volt Switch|p1a: the heater
|-damage|p1a: the heater|63/100
|
|t:|1649783283
|switch|p2a: Kommo-o|Kommo-o, M|100/100|[from]move: Volt Switch
|move|p1a: the heater|Magma Storm|p2a: Kommo-o|[miss]
|-miss|p1a: the heater|p2a: Kommo-o
|
|-heal|p1a: the heater|69/100|[from] item: Leftovers
|upkeep
|turn|2
|
|t:|1649783290
|switch|p2a: Zapdos|Zapdos|100/100
|switch|p1a: the blicky|Zapdos-Galar|100/100
|
|upkeep
|turn|3
|
|t:|1649783293
|switch|p1a: the choppa|Nidoking, M|100/100
|move|p2a: Zapdos|Hurricane|p1a: the choppa|[miss]
|-miss|p2a: Zapdos|p1a: the choppa
|
|upkeep
|turn|4
|
|t:|1649783300
|switch|p1a: the heater|Heatran, F|69/100
|move|p2a: Zapdos|Hurricane|p1a: the heater|[miss]
|-miss|p2a: Zapdos|p1a: the heater
|
|-heal|p1a: the heater|76/100|[from] item: Leftovers
|upkeep
|turn|5
|
|t:|1649783304
|switch|p2a: Kommo-o|Kommo-o, M|100/100
|move|p1a: the heater|Magma Storm|p2a: Kommo-o
|-resisted|p2a: Kommo-o
|-damage|p2a: Kommo-o|71/100
|-activate|p2a: Kommo-o|move: Magma Storm|[of] p1a: the heater
|
|-heal|p1a: the heater|82/100|[from] item: Leftovers
|-damage|p2a: Kommo-o|59/100|[from] move: Magma Storm|[partiallytrapped]
|upkeep
|turn|6
|j| blessed days
|j| Cassaltdra
|
|t:|1649783316
|switch|p1a: the strap|Tornadus-Therian, M|100/100
|move|p2a: Kommo-o|Clangorous Soul|p2a: Kommo-o
|-boost|p2a: Kommo-o|atk|1
|-boost|p2a: Kommo-o|def|1
|-boost|p2a: Kommo-o|spa|1
|-boost|p2a: Kommo-o|spd|1
|-boost|p2a: Kommo-o|spe|1
|-damage|p2a: Kommo-o|26/100
|-enditem|p2a: Kommo-o|Throat Spray
|-boost|p2a: Kommo-o|spa|1|[from] item: Throat Spray
|
|-end|p2a: Kommo-o|Magma Storm|[partiallytrapped]|[silent]
|upkeep
|turn|7
|
|t:|1649783324
|move|p2a: Kommo-o|Clanging Scales|p1a: the strap
|-damage|p1a: the strap|24/100
|-unboost|p2a: Kommo-o|def|1
|move|p1a: the strap|Hurricane|p2a: Kommo-o
|-supereffective|p2a: Kommo-o
|-damage|p2a: Kommo-o|0 fnt
|faint|p2a: Kommo-o
|
|upkeep
|
|t:|1649783334
|switch|p2a: Dragapult|Dragapult, M|100/100
|turn|8
|
|t:|1649783336
|switch|p1a: the heater|Heatran, F|82/100
|move|p2a: Dragapult|Shadow Ball|p1a: the heater
|-damage|p1a: the heater|48/100
|
|-heal|p1a: the heater|54/100|[from] item: Leftovers
|upkeep
|turn|9
|
|t:|1649783342
|move|p2a: Dragapult|Shadow Ball|p1a: the heater
|-damage|p1a: the heater|16/100
|move|p1a: the heater|Magma Storm|p2a: Dragapult
|-resisted|p2a: Dragapult
|-damage|p2a: Dragapult|71/100
|-activate|p2a: Dragapult|move: Magma Storm|[of] p1a: the heater
|
|-heal|p1a: the heater|22/100|[from] item: Leftovers
|-damage|p2a: Dragapult|59/100|[from] move: Magma Storm|[partiallytrapped]
|upkeep
|turn|10
|
|t:|1649783349
|switch|p1a: the piece|Ferrothorn, F|100/100
|move|p2a: Dragapult|Shadow Ball|p1a: the piece
|-damage|p1a: the piece|64/100
|
|-heal|p1a: the piece|71/100|[from] item: Leftovers
|-end|p2a: Dragapult|Magma Storm|[partiallytrapped]|[silent]
|upkeep
|turn|11
|
|t:|1649783352
|switch|p2a: Zapdos|Zapdos|100/100
|move|p1a: the piece|Spikes|p2a: Zapdos
|-sidestart|p2: cute pink team|Spikes
|
|-heal|p1a: the piece|77/100|[from] item: Leftovers
|upkeep
|turn|12
|
|t:|1649783357
|switch|p1a: the heater|Heatran, F|22/100
|move|p2a: Zapdos|Hurricane|p1a: the heater
|-resisted|p1a: the heater
|-damage|p1a: the heater|0 fnt
|faint|p1a: the heater
|
|upkeep
|
|t:|1649783366
|switch|p1a: the choppa|Nidoking, M|100/100
|turn|13
|
|t:|1649783369
|move|p2a: Zapdos|Hurricane|p1a: the choppa
|-damage|p1a: the choppa|0 fnt
|faint|p1a: the choppa
|
|upkeep
|
|t:|1649783373
|switch|p1a: the gat|Tapu Fini, shiny|100/100
|-fieldstart|move: Misty Terrain|[from] ability: Misty Surge|[of] p1a: the gat
|turn|14
|
|t:|1649783377
|move|p1a: the gat|Moonblast|p2a: Zapdos
|-damage|p2a: Zapdos|67/100
|move|p2a: Zapdos|Hurricane|p1a: the gat
|-damage|p1a: the gat|21/100
|
|upkeep
|turn|15
|
|t:|1649783382
|switch|p2a: Blissey|Blissey, F|100/100
|move|p1a: the gat|Moonblast|p2a: Blissey
|-damage|p2a: Blissey|90/100
|-unboost|p2a: Blissey|spa|1
|
|upkeep
|turn|16
|
|t:|1649783387
|switch|p1a: the blicky|Zapdos-Galar|100/100
|switch|p2a: Zapdos|Zapdos|67/100
|
|upkeep
|turn|17
|
|t:|1649783392
|move|p1a: the blicky|Thunderous Kick|p2a: Zapdos
|-resisted|p2a: Zapdos
|-damage|p2a: Zapdos|26/100
|-unboost|p2a: Zapdos|def|1
|move|p2a: Zapdos|Thunderbolt|p1a: the blicky
|-supereffective|p1a: the blicky
|-damage|p1a: the blicky|0 fnt
|faint|p1a: the blicky
|
|upkeep
|
|t:|1649783396
|switch|p1a: the gat|Tapu Fini, shiny|21/100
|turn|18
|
|t:|1649783398
|switch|p2a: Blissey|Blissey, F|90/100
|move|p1a: the gat|Surf|p2a: Blissey
|-damage|p2a: Blissey|81/100
|
|-fieldend|Misty Terrain
|upkeep
|turn|19
|
|t:|1649783402
|switch|p1a: the piece|Ferrothorn, F|77/100
|move|p2a: Blissey|Stealth Rock|p1a: the piece
|-sidestart|p1: samohi0|move: Stealth Rock
|
|-heal|p1a: the piece|83/100|[from] item: Leftovers
|upkeep
|turn|20
|
|t:|1649783406
|switch|p2a: Skarmory|Skarmory, F|100/100
|move|p1a: the piece|Leech Seed|p2a: Skarmory
|-start|p2a: Skarmory|move: Leech Seed
|
|-heal|p1a: the piece|89/100|[from] item: Leftovers
|-damage|p2a: Skarmory|88/100|[from] Leech Seed|[of] p1a: the piece
|-heal|p1a: the piece|100/100|[silent]
|upkeep
|turn|21
|
|t:|1649783413
|switch|p1a: the strap|Tornadus-Therian, M|57/100
|-damage|p1a: the strap|32/100|[from] Stealth Rock
|move|p2a: Skarmory|Body Press|p1a: the strap
|-resisted|p1a: the strap
|-damage|p1a: the strap|16/100
|
|-heal|p2a: Skarmory|94/100|[from] item: Leftovers
|-damage|p2a: Skarmory|82/100|[from] Leech Seed|[of] p1a: the strap
|-heal|p1a: the strap|27/100|[silent]
|upkeep
|turn|22
|
|t:|1649783419
|switch|p2a: Blissey|Blissey, F|81/100
|move|p1a: the strap|Heat Wave|p2a: Blissey
|-damage|p2a: Blissey|74/100
|
|upkeep
|turn|23
|
|t:|1649783428
|move|p1a: the strap|U-turn|p2a: Blissey
|-damage|p2a: Blissey|60/100
|
|t:|1649783430
|switch|p1a: the piece|Ferrothorn, F|100/100|[from]move: U-turn
|-damage|p1a: the piece|94/100|[from] Stealth Rock
|move|p2a: Blissey|Seismic Toss|p1a: the piece
|-damage|p1a: the piece|66/100
|-damage|p2a: Blissey|47/100|[from] ability: Iron Barbs|[of] p1a: the piece
|
|-heal|p1a: the piece|72/100|[from] item: Leftovers
|upkeep
|turn|24
|
|t:|1649783433
|move|p2a: Blissey|Seismic Toss|p1a: the piece
|-damage|p1a: the piece|44/100
|-damage|p2a: Blissey|35/100|[from] ability: Iron Barbs|[of] p1a: the piece
|move|p1a: the piece|Leech Seed|p2a: Blissey
|-start|p2a: Blissey|move: Leech Seed
|
|-heal|p1a: the piece|50/100|[from] item: Leftovers
|-damage|p2a: Blissey|22/100|[from] Leech Seed|[of] p1a: the piece
|-heal|p1a: the piece|73/100|[silent]
|upkeep
|turn|25
|
|t:|1649783442
|move|p2a: Blissey|Seismic Toss|p1a: the piece
|-damage|p1a: the piece|45/100
|-damage|p2a: Blissey|10/100|[from] ability: Iron Barbs|[of] p1a: the piece
|move|p1a: the piece|Iron Head|p2a: Blissey
|-damage|p2a: Blissey|0 fnt
|faint|p2a: Blissey
|
|-heal|p1a: the piece|51/100|[from] item: Leftovers
|upkeep
|j| Fitzcarraldo
|
|t:|1649783443
|switch|p2a: Dragapult|Dragapult, M|59/100
|-damage|p2a: Dragapult|47/100|[from] Spikes
|turn|26
|
|t:|1649783449
|switch|p1a: the gat|Tapu Fini, shiny|21/100
|-damage|p1a: the gat|9/100|[from] Stealth Rock
|-fieldstart|move: Misty Terrain|[from] ability: Misty Surge|[of] p1a: the gat
|move|p2a: Dragapult|Flamethrower|p1a: the gat
|-resisted|p1a: the gat
|-damage|p1a: the gat|0 fnt
|faint|p1a: the gat
|
|upkeep
|
|t:|1649783452
|switch|p1a: the strap|Tornadus-Therian, M|60/100
|-damage|p1a: the strap|35/100|[from] Stealth Rock
|turn|27
|
|t:|1649783456
|move|p2a: Dragapult|Flamethrower|p1a: the strap
|-damage|p1a: the strap|8/100
|move|p1a: the strap|U-turn|p2a: Dragapult
|-resisted|p2a: Dragapult
|-damage|p2a: Dragapult|37/100
|
|t:|1649783458
|switch|p1a: the piece|Ferrothorn, F|51/100|[from]move: U-turn
|-damage|p1a: the piece|45/100|[from] Stealth Rock
|
|-heal|p1a: the piece|51/100|[from] item: Leftovers
|upkeep
|turn|28
|
|t:|1649783461
|move|p2a: Dragapult|Flamethrower|p1a: the piece
|-supereffective|p1a: the piece
|-damage|p1a: the piece|0 fnt
|faint|p1a: the piece
|
|upkeep
|
|t:|1649783463
|switch|p1a: the strap|Tornadus-Therian, M|41/100
|-damage|p1a: the strap|16/100|[from] Stealth Rock
|turn|29
|
|t:|1649783465
|move|p2a: Dragapult|Flamethrower|p1a: the strap
|-damage|p1a: the strap|0 fnt
|faint|p1a: the strap
|
|win|cute pink team
|raw|samohi0's rating: 1692 &rarr; <strong>1679</strong><br />(-13 for losing)
|raw|cute pink team's rating: 1822 &rarr; <strong>1835</strong><br />(+13 for winning)
|l|☆samohi0
|l| Cassaltdra
||Ladder isn't responding, score probably updated but might not have (Request timeout).
