|raw|<div class="broadcast-blue"><strong>This battle is required to be public due to a player having a name prefixed by 'LT72MS'.</div>
|j|☆LT72MS Raiza
|j|☆relic stone
|t:|1597972086
|player|p1|LT72MS Raiza|101|1872
|player|p2|relic stone|lusamine-nihilego|1842
|teamsize|p1|6
|teamsize|p2|6
|gametype|singles
|gen|8
|tier|[Gen 8] OU
|rated|
|clearpoke
|poke|p1|Kyurem|
|poke|p1|Zeraora|
|poke|p1|Kommo-o, F|
|poke|p1|Clefable, M|
|poke|p1|Mantine, F|
|poke|p1|Aegislash, F|
|poke|p2|Zeraora|
|poke|p2|Excadrill, M|
|poke|p2|Rillaboom, M|
|poke|p2|Volcarona, M|
|poke|p2|Urshifu-*, M|
|poke|p2|Azumarill, M|
|rule|Sleep Clause Mod: Limit one foe put to sleep
|rule|Species Clause: Limit one of each Pokémon
|rule|OHKO Clause: OHKO moves are banned
|rule|Evasion Moves Clause: Evasion moves are banned
|rule|Endless Battle Clause: Forcing endless battles is banned
|rule|HP Percentage Mod: HP is shown in percentages
|rule|Dynamax Clause: You cannot dynamax
|teampreview
|inactive|Battle timer is ON: inactive players will automatically lose when time's up. (requested by LT72MS Raiza)
|inactive|LT72MS Raiza has 120 seconds left.
|
|t:|1597972125
|start
|switch|p1a: Kommo-o|Kommo-o, F|100/100
|switch|p2a: Torrent|Azumarill, M|100/100
|turn|1
|
|t:|1597972147
|switch|p1a: Aegislash|Aegislash, F|100/100
|move|p2a: Torrent|Whirlpool|p1a: Aegislash|[miss]
|-miss|p2a: Torrent|p1a: Aegislash
|
|upkeep
|turn|2
|
|t:|1597972162
|move|p2a: Torrent|Protect|p2a: Torrent
|-singleturn|p2a: Torrent|Protect
|-formechange|p1a: Aegislash|Aegislash-Blade||[from] ability: Stance Change
|move|p1a: Aegislash|Shadow Ball|p2a: Torrent
|-activate|p2a: Torrent|move: Protect
|
|upkeep
|turn|3
|
|t:|1597972171
|switch|p2a: Amaterasu|Volcarona, M, shiny|100/100
|move|p1a: Aegislash|Shadow Ball|p2a: Amaterasu
|-damage|p2a: Amaterasu|55/100
|-unboost|p2a: Amaterasu|spd|1
|
|upkeep
|turn|4
|
|t:|1597972186
|switch|p1a: Kommo-o|Kommo-o, F|100/100
|move|p2a: Amaterasu|Flamethrower|p1a: Kommo-o
|-resisted|p1a: Kommo-o
|-damage|p1a: Kommo-o|81/100
|
|-heal|p1a: Kommo-o|87/100|[from] item: Leftovers
|upkeep
|turn|5
|
|t:|1597972194
|move|p2a: Amaterasu|Roost|p2a: Amaterasu
|-heal|p2a: Amaterasu|100/100
|-singleturn|p2a: Amaterasu|move: Roost
|move|p1a: Kommo-o|Stealth Rock|p2a: Amaterasu
|-sidestart|p2: relic stone|move: Stealth Rock
|
|-heal|p1a: Kommo-o|93/100|[from] item: Leftovers
|upkeep
|turn|6
|
|t:|1597972200
|switch|p1a: Mantine|Mantine, F|100/100
|move|p2a: Amaterasu|Safeguard|p2a: Amaterasu
|-sidestart|p2: relic stone|Safeguard
|
|upkeep
|turn|7
|
|t:|1597972205
|switch|p2a: Impaler|Excadrill, M, shiny|100/100
|-damage|p2a: Impaler|97/100|[from] Stealth Rock
|-ability|p2a: Impaler|Mold Breaker
|move|p1a: Mantine|Scald|p2a: Impaler
|-supereffective|p2a: Impaler
|-damage|p2a: Impaler|63/100
|
|-heal|p2a: Impaler|69/100|[from] item: Leftovers
|upkeep
|turn|8
|
|t:|1597972215
|switch|p1a: Kyurem|Kyurem|100/100
|-ability|p1a: Kyurem|Pressure
|move|p2a: Impaler|Rapid Spin|p1a: Kyurem
|-crit|p1a: Kyurem
|-damage|p1a: Kyurem|81/100
|-boost|p2a: Impaler|spe|1
|-sideend|p2: relic stone|Stealth Rock|[from] move: Rapid Spin|[of] p2a: Impaler
|
|-heal|p2a: Impaler|75/100|[from] item: Leftovers
|upkeep
|turn|9
|
|t:|1597972222
|move|p2a: Impaler|Stealth Rock|p1a: Kyurem
|-sidestart|p1: LT72MS Raiza|move: Stealth Rock
|move|p1a: Kyurem|Focus Blast|p2a: Impaler
|-supereffective|p2a: Impaler
|-damage|p2a: Impaler|0 fnt
|faint|p2a: Impaler
|
|upkeep
|
|t:|1597972231
|switch|p2a: Zephyr|Zeraora, shiny|100/100
|turn|10
|inactive|LT72MS Raiza has 120 seconds left.
|
|t:|1597972267
|switch|p1a: Kommo-o|Kommo-o, F|93/100
|-damage|p1a: Kommo-o|87/100|[from] Stealth Rock
|move|p2a: Zephyr|Close Combat|p1a: Kommo-o
|-crit|p1a: Kommo-o
|-damage|p1a: Kommo-o|54/100
|-unboost|p2a: Zephyr|def|1
|-unboost|p2a: Zephyr|spd|1
|
|-heal|p1a: Kommo-o|61/100|[from] item: Leftovers
|-sideend|p2: relic stone|Safeguard
|upkeep
|turn|11
|inactive|LT72MS Raiza has 120 seconds left.
|
|t:|1597972279
|move|p2a: Zephyr|Play Rough|p1a: Kommo-o
|-supereffective|p1a: Kommo-o
|-damage|p1a: Kommo-o|0 fnt
|faint|p1a: Kommo-o
|
|upkeep
|
|t:|1597972284
|switch|p1a: Aegislash|Aegislash, F|100/100
|-damage|p1a: Aegislash|94/100|[from] Stealth Rock
|turn|12
|
|t:|1597972291
|switch|p2a: Amaterasu|Volcarona, M, shiny|100/100
|-formechange|p1a: Aegislash|Aegislash-Blade||[from] ability: Stance Change
|move|p1a: Aegislash|Shadow Ball|p2a: Amaterasu
|-damage|p2a: Amaterasu|52/100
|-unboost|p2a: Amaterasu|spd|1
|
|upkeep
|turn|13
|
|t:|1597972296
|move|p2a: Amaterasu|Flamethrower|p1a: Aegislash
|-supereffective|p1a: Aegislash
|-damage|p1a: Aegislash|0 fnt
|faint|p1a: Aegislash
|
|upkeep
|
|t:|1597972299
|switch|p1a: Mantine|Mantine, F|100/100
|turn|14
|
|t:|1597972305
|move|p2a: Amaterasu|Safeguard|p2a: Amaterasu
|-sidestart|p2: relic stone|Safeguard
|move|p1a: Mantine|Defog|p2a: Amaterasu
|-unboost|p2a: Amaterasu|evasion|1
|-sideend|p2: relic stone|Safeguard
|-sideend|p1: LT72MS Raiza|Stealth Rock|[from] move: Defog|[of] p1a: Mantine
|
|upkeep
|turn|15
|
|t:|1597972311
|switch|p2a: Torrent|Azumarill, M|100/100
|move|p1a: Mantine|Scald|p2a: Torrent
|-resisted|p2a: Torrent
|-damage|p2a: Torrent|90/100
|
|-heal|p2a: Torrent|96/100|[from] item: Leftovers
|upkeep
|turn|16
|
|t:|1597972314
|switch|p1a: Clefable|Clefable, M|100/100
|move|p2a: Torrent|Toxic|p1a: Clefable
|-status|p1a: Clefable|tox
|
|-heal|p2a: Torrent|100/100|[from] item: Leftovers
|upkeep
|turn|17
|
|t:|1597972320
|switch|p2a: Zephyr|Zeraora, shiny|100/100
|move|p1a: Clefable|Teleport|p1a: Clefable
|
|t:|1597972338
|switch|p1a: Zeraora|Zeraora|100/100|[from]move: Teleport
|
|upkeep
|turn|18
|
|t:|1597972345
|move|p2a: Zephyr|Knock Off|p1a: Zeraora
|-damage|p1a: Zeraora|62/100
|-enditem|p1a: Zeraora|Heavy-Duty Boots|[from] move: Knock Off|[of] p2a: Zephyr
|move|p1a: Zeraora|Knock Off|p2a: Zephyr
|-damage|p2a: Zephyr|52/100
|-enditem|p2a: Zephyr|Expert Belt|[from] move: Knock Off|[of] p1a: Zeraora
|
|upkeep
|turn|19
|
|t:|1597972354
|switch|p2a: Amaterasu|Volcarona, M, shiny|52/100
|move|p1a: Zeraora|Close Combat|p2a: Amaterasu
|-resisted|p2a: Amaterasu
|-damage|p2a: Amaterasu|33/100
|-unboost|p1a: Zeraora|def|1
|-unboost|p1a: Zeraora|spd|1
|
|upkeep
|turn|20
|
|t:|1597972361
|move|p1a: Zeraora|Plasma Fists|p2a: Amaterasu
|-damage|p2a: Amaterasu|0 fnt
|-fieldactivate|move: Ion Deluge
|faint|p2a: Amaterasu
|
|upkeep
|
|t:|1597972370
|switch|p2a: Tama Tonga|Rillaboom, M|100/100
|-fieldstart|move: Grassy Terrain|[from] ability: Grassy Surge|[of] p2a: Tama Tonga
|turn|21
|
|t:|1597972382
|switch|p1a: Mantine|Mantine, F|100/100
|move|p2a: Tama Tonga|Grassy Glide|p1a: Mantine
|-damage|p1a: Mantine|24/100
|-damage|p2a: Tama Tonga|91/100|[from] item: Life Orb
|
|-heal|p2a: Tama Tonga|97/100|[from] Grassy Terrain
|upkeep
|turn|22
|
|t:|1597972397
|move|p2a: Tama Tonga|Grassy Glide|p1a: Mantine
|-damage|p1a: Mantine|0 fnt
|-damage|p2a: Tama Tonga|87/100|[from] item: Life Orb
|faint|p1a: Mantine
|
|-heal|p2a: Tama Tonga|93/100|[from] Grassy Terrain
|upkeep
|
|t:|1597972400
|switch|p1a: Kyurem|Kyurem|81/100
|-ability|p1a: Kyurem|Pressure
|turn|23
|
|t:|1597972414
|move|p2a: Tama Tonga|Grassy Glide|p1a: Kyurem
|-resisted|p1a: Kyurem
|-damage|p1a: Kyurem|52/100
|-damage|p2a: Tama Tonga|83/100|[from] item: Life Orb
|move|p1a: Kyurem|Freeze-Dry|p2a: Tama Tonga
|-supereffective|p2a: Tama Tonga
|-damage|p2a: Tama Tonga|0 fnt
|faint|p2a: Tama Tonga
|
|-heal|p1a: Kyurem|58/100|[from] Grassy Terrain
|upkeep
|
|t:|1597972417
|switch|p2a: Silhouette|Urshifu, M|100/100
|turn|24
|
|t:|1597972440
|switch|p1a: Clefable|Clefable, M|100/100 tox
|move|p2a: Silhouette|Poison Jab|p1a: Clefable
|-supereffective|p1a: Clefable
|-damage|p1a: Clefable|43/100 tox
|-damage|p2a: Silhouette|91/100|[from] item: Life Orb
|
|-heal|p2a: Silhouette|97/100|[from] Grassy Terrain
|-heal|p1a: Clefable|49/100 tox|[from] item: Leftovers
|-heal|p1a: Clefable|55/100 tox|[from] Grassy Terrain
|upkeep
|turn|25
|
|t:|1597972452
|move|p2a: Silhouette|Poison Jab|p1a: Clefable
|-supereffective|p1a: Clefable
|-damage|p1a: Clefable|0 fnt
|-damage|p2a: Silhouette|87/100|[from] item: Life Orb
|faint|p1a: Clefable
|
|-heal|p2a: Silhouette|93/100|[from] Grassy Terrain
|-fieldend|move: Grassy Terrain
|upkeep
|
|t:|1597972464
|switch|p1a: Kyurem|Kyurem|58/100
|-ability|p1a: Kyurem|Pressure
|turn|26
|
|t:|1597972471
|switch|p2a: Torrent|Azumarill, M|100/100
|move|p1a: Kyurem|Ice Beam|p2a: Torrent
|-resisted|p2a: Torrent
|-damage|p2a: Torrent|60/100
|
|-heal|p2a: Torrent|66/100|[from] item: Leftovers
|upkeep
|turn|27
|
|t:|1597972478
|move|p1a: Kyurem|Ice Beam|p2a: Torrent
|-resisted|p2a: Torrent
|-damage|p2a: Torrent|31/100
|move|p2a: Torrent|Whirlpool|p1a: Kyurem
|-resisted|p1a: Kyurem
|-damage|p1a: Kyurem|53/100
|-activate|p1a: Kyurem|move: Whirlpool|[of] p2a: Torrent
|
|-heal|p2a: Torrent|37/100|[from] item: Leftovers
|-damage|p1a: Kyurem|41/100|[from] move: Whirlpool|[partiallytrapped]
|upkeep
|turn|28
|-message|LT72MS Raiza forfeited.
|
|win|relic stone
|l|☆LT72MS Raiza
|raw|LT72MS Raiza's rating: 1892 &rarr; <strong>1869</strong><br />(-23 for losing)
|raw|relic stone's rating: 1842 &rarr; <strong>1865</strong><br />(+23 for winning)
