|raw|<div class="broadcast-blue"><strong>This battle is required to be public due to a player having a name prefixed by 'LT71LX'.</div>
|j|☆LT71LX Ewin
|j|☆roboPOKE
|t:|1597234171
|player|p1|LT71LX Ewin|waitress|1938
|player|p2|roboPOKE|2|1866
|teamsize|p1|6
|teamsize|p2|6
|gametype|singles
|gen|8
|tier|[Gen 8] OU
|rated|
|clearpoke
|poke|p1|Krookodile, F|
|poke|p1|Gengar, F|
|poke|p1|Mew|
|poke|p1|Conkeldurr, F|
|poke|p1|Rillaboom, M|
|poke|p1|Dragapult, F|
|poke|p2|Urshifu-*, F|
|poke|p2|Rillaboom, F|
|poke|p2|Togekiss, F|
|poke|p2|Skarmory, M|
|poke|p2|Hawlucha, F|
|poke|p2|Clefable, M|
|rule|Sleep Clause Mod: Limit one foe put to sleep
|rule|Species Clause: Limit one of each Pokémon
|rule|OHKO Clause: OHKO moves are banned
|rule|Evasion Moves Clause: Evasion moves are banned
|rule|Endless Battle Clause: Forcing endless battles is banned
|rule|HP Percentage Mod: HP is shown in percentages
|rule|Dynamax Clause: You cannot dynamax
|teampreview
|j| Alexander
|j| Frogtaco
|j| Lopunny kicks
|inactive|Battle timer is ON: inactive players will automatically lose when time's up. (requested by roboPOKE)
|l| Alexander
|
|t:|1597234181
|start
|switch|p1a: Krookodile|Krookodile, F|100/100
|switch|p2a: Togekiss|Togekiss, F|100/100
|-ability|p1a: Krookodile|Intimidate|boost
|-unboost|p2a: Togekiss|atk|1
|turn|1
|j| Serene Grace
|j|+Primal Unova
|
|t:|1597234185
|move|p2a: Togekiss|Air Slash|p1a: Krookodile
|-damage|p1a: Krookodile|53/100
|move|p1a: Krookodile|Knock Off|p2a: Togekiss
|-resisted|p2a: Togekiss
|-damage|p2a: Togekiss|73/100
|-enditem|p2a: Togekiss|Choice Scarf|[from] move: Knock Off|[of] p1a: Krookodile
|
|upkeep
|turn|2
|
|t:|1597234189
|move|p1a: Krookodile|Stealth Rock|p2a: Togekiss
|-sidestart|p2: roboPOKE|move: Stealth Rock
|move|p2a: Togekiss|Air Slash|p1a: Krookodile
|-damage|p1a: Krookodile|2/100
|
|upkeep
|turn|3
|j| Xasah❤︎Bae
|
|t:|1597234198
|switch|p2a: Hawlucha|Hawlucha, F|100/100
|-damage|p2a: Hawlucha|88/100|[from] Stealth Rock
|move|p1a: Krookodile|Knock Off|p2a: Hawlucha
|-resisted|p2a: Hawlucha
|-damage|p2a: Hawlucha|57/100
|-enditem|p2a: Hawlucha|Grassy Seed|[from] move: Knock Off|[of] p1a: Krookodile
|
|upkeep
|turn|4
|l| Xasah❤︎Bae
|j| LT71LX Rebirth
|
|t:|1597234202
|move|p2a: Hawlucha|Swords Dance|p2a: Hawlucha
|-boost|p2a: Hawlucha|atk|2
|move|p1a: Krookodile|Knock Off|p2a: Hawlucha
|-resisted|p2a: Hawlucha
|-damage|p2a: Hawlucha|38/100
|
|upkeep
|turn|5
|
|t:|1597234204
|move|p2a: Hawlucha|Acrobatics|p1a: Krookodile
|-damage|p1a: Krookodile|0 fnt
|faint|p1a: Krookodile
|
|upkeep
|
|t:|1597234208
|switch|p1a: Rillaboom|Rillaboom, M|100/100
|-fieldstart|move: Grassy Terrain|[from] ability: Grassy Surge|[of] p1a: Rillaboom
|turn|6
|j| LT71LXMegaVictinii
|
|t:|1597234210
|move|p1a: Rillaboom|Grassy Glide|p2a: Hawlucha
|-resisted|p2a: Hawlucha
|-damage|p2a: Hawlucha|0 fnt
|faint|p2a: Hawlucha
|
|upkeep
|
|t:|1597234212
|switch|p2a: Skarmory|Skarmory, M|100/100
|-damage|p2a: Skarmory|88/100|[from] Stealth Rock
|turn|7
|
|t:|1597234215
|switch|p1a: Mew|Mew|100/100
|move|p2a: Skarmory|Stealth Rock|p1a: Mew
|-sidestart|p1: LT71LX Ewin|move: Stealth Rock
|
|upkeep
|turn|8
|
|t:|1597234218
|move|p1a: Mew|Nasty Plot|p1a: Mew
|-boost|p1a: Mew|spa|2
|move|p2a: Skarmory|Taunt|p1a: Mew
|-start|p1a: Mew|move: Taunt
|
|upkeep
|turn|9
|
|t:|1597234222
|move|p1a: Mew|Flamethrower|p2a: Skarmory
|-supereffective|p2a: Skarmory
|-damage|p2a: Skarmory|0 fnt
|faint|p2a: Skarmory
|
|upkeep
|
|t:|1597234225
|switch|p2a: Urshifu|Urshifu, F|100/100
|-damage|p2a: Urshifu|94/100|[from] Stealth Rock
|turn|10
|j|+playerW17
|
|t:|1597234227
|move|p2a: Urshifu|Sucker Punch|p1a: Mew
|-supereffective|p1a: Mew
|-damage|p1a: Mew|10/100
|-damage|p2a: Urshifu|84/100|[from] item: Life Orb
|move|p1a: Mew|Draining Kiss|p2a: Urshifu
|-supereffective|p2a: Urshifu
|-damage|p2a: Urshifu|0 fnt
|-heal|p1a: Mew|74/100|[from] drain|[of] p2a: Urshifu
|faint|p2a: Urshifu
|
|-heal|p1a: Mew|80/100|[from] Grassy Terrain
|-fieldend|move: Grassy Terrain
|upkeep
|j| LT71LX Jacked
|j| Zygarde
|j| thele
|
|t:|1597234242
|switch|p2a: Clefable|Clefable, M|100/100
|turn|11
|j| Lt71lx Ox
|
|t:|1597234245
|move|p1a: Mew|Psyshock|p2a: Clefable
|-damage|p2a: Clefable|41/100
|move|p2a: Clefable|Moonblast|p1a: Mew
|-damage|p1a: Mew|47/100
|
|-heal|p2a: Clefable|47/100|[from] item: Leftovers
|-end|p1a: Mew|move: Taunt
|upkeep
|turn|12
|j| LT71LX PK
|
|t:|1597234249
|move|p1a: Mew|Draining Kiss|p2a: Clefable
|-crit|p2a: Clefable
|-damage|p2a: Clefable|3/100
|-heal|p1a: Mew|86/100|[from] drain|[of] p2a: Clefable
|move|p2a: Clefable|Soft-Boiled|p2a: Clefable
|-heal|p2a: Clefable|53/100
|
|-heal|p2a: Clefable|59/100|[from] item: Leftovers
|upkeep
|turn|13
|j| Trickster7
|
|t:|1597234253
|move|p1a: Mew|Nasty Plot|p1a: Mew
|-boost|p1a: Mew|spa|2
|move|p2a: Clefable|Soft-Boiled|p2a: Clefable
|-heal|p2a: Clefable|100/100
|
|upkeep
|turn|14
|
|t:|1597234254
|move|p1a: Mew|Nasty Plot|p1a: Mew
|-boost|p1a: Mew|spa|2
|move|p2a: Clefable|Moonblast|p1a: Mew
|-damage|p1a: Mew|55/100
|
|upkeep
|turn|15
|
|t:|1597234256
|switch|p2a: Togekiss|Togekiss, F|73/100
|-damage|p2a: Togekiss|48/100|[from] Stealth Rock
|move|p1a: Mew|Draining Kiss|p2a: Togekiss
|-damage|p2a: Togekiss|0 fnt
|-heal|p1a: Mew|88/100|[from] drain|[of] p2a: Togekiss
|faint|p2a: Togekiss
|
|upkeep
|
|t:|1597234259
|switch|p2a: Clefable|Clefable, M|100/100
|turn|16
|
|t:|1597234261
|move|p1a: Mew|Psyshock|p2a: Clefable
|-damage|p2a: Clefable|0 fnt
|faint|p2a: Clefable
|
|upkeep
|
|t:|1597234263
|switch|p2a: Rillaboom|Rillaboom, F|100/100
|-damage|p2a: Rillaboom|88/100|[from] Stealth Rock
|-fieldstart|move: Grassy Terrain|[from] ability: Grassy Surge|[of] p2a: Rillaboom
|turn|17
|j| reje
|
|t:|1597234267
|move|p2a: Rillaboom|Grassy Glide|p1a: Mew
|-crit|p1a: Mew
|-damage|p1a: Mew|0 fnt
|-damage|p2a: Rillaboom|78/100|[from] item: Life Orb
|faint|p1a: Mew
|
|-heal|p2a: Rillaboom|84/100|[from] Grassy Terrain
|upkeep
|
|t:|1597234273
|switch|p1a: Gengar|Gengar, F|100/100
|-damage|p1a: Gengar|88/100|[from] Stealth Rock
|turn|18
|
|t:|1597234275
|move|p2a: Rillaboom|Grassy Glide|p1a: Gengar
|-resisted|p1a: Gengar
|-damage|p1a: Gengar|20/100
|-damage|p2a: Rillaboom|74/100|[from] item: Life Orb
|move|p1a: Gengar|Sludge Wave|p2a: Rillaboom
|-supereffective|p2a: Rillaboom
|-damage|p2a: Rillaboom|0 fnt
|faint|p2a: Rillaboom
|
|win|LT71LX Ewin
|l|☆LT71LX Ewin
|l|☆roboPOKE
|j| Maxouille
|raw|LT71LX Ewin's rating: 1938 &rarr; <strong>1954</strong><br />(+16 for winning)
|raw|roboPOKE's rating: 1866 &rarr; <strong>1850</strong><br />(-16 for losing)
|l| LT71LXMegaVictinii
|l| Trickster7
|l| LT71LX Jacked
|l|+playerW17
|l| Lopunny kicks
|l| thele
