|html|<div class="broadcast-blue"><strong>[Gen 8] OU is currently suspecting Melmetal! For information on how to participate check out the <a href="https://www.smogon.com/forums/threads/np-ss-ou-suspect-process-round-12-monster-mash.3709234/">suspect thread</a>.</strong></div>
|j|☆Spectre Ace
|j|☆batataplays
|t:|1666539088
|gametype|singles
|player|p1|Spectre Ace|juggler|1776
|player|p2|batataplays|furisodegirl-blue|1738
|teamsize|p1|6
|teamsize|p2|6
|gen|8
|tier|[Gen 8] OU
|rated|
|rule|Sleep Clause Mod: Limit one foe put to sleep
|rule|Species Clause: Limit one of each Pokémon
|rule|OHKO Clause: OHKO moves are banned
|rule|Evasion Items Clause: Evasion items are banned
|rule|Evasion Moves Clause: Evasion moves are banned
|rule|Endless Battle Clause: Forcing endless battles is banned
|rule|HP Percentage Mod: HP is shown in percentages
|rule|Dynamax Clause: You cannot dynamax
|clearpoke
|poke|p1|Garchomp, M|
|poke|p1|Mandibuzz, F|
|poke|p1|Ferrothorn, M|
|poke|p1|Primarina, F|
|poke|p1|Raichu-Alola, F|
|poke|p1|Tapu Koko|
|poke|p2|Politoed, F|
|poke|p2|Tapu Lele|
|poke|p2|Ferrothorn, M|
|poke|p2|Landorus-Therian, M|
|poke|p2|Mandibuzz, F|
|poke|p2|Kartana|
|teampreview
|
|t:|1666539097
|start
|switch|p1a: Garchomp|Garchomp, M|100/100
|switch|p2a: Politoed|Politoed, F|100/100
|-weather|RainDance|[from] ability: Drizzle|[of] p2a: Politoed
|turn|1
|
|t:|1666539102
|switch|p1a: Ferrothorn|Ferrothorn, M|100/100
|move|p2a: Politoed|Weather Ball|p1a: Ferrothorn
|-resisted|p1a: Ferrothorn
|-damage|p1a: Ferrothorn|69/100
|
|-weather|RainDance|[upkeep]
|-heal|p1a: Ferrothorn|75/100|[from] item: Leftovers
|upkeep
|turn|2
|
|t:|1666539105
|move|p2a: Politoed|Weather Ball|p1a: Ferrothorn
|-resisted|p1a: Ferrothorn
|-damage|p1a: Ferrothorn|43/100
|move|p1a: Ferrothorn|Leech Seed|p2a: Politoed
|-start|p2a: Politoed|move: Leech Seed
|
|-weather|RainDance|[upkeep]
|-heal|p1a: Ferrothorn|49/100|[from] item: Leftovers
|-damage|p2a: Politoed|88/100|[from] Leech Seed|[of] p1a: Ferrothorn
|-heal|p1a: Ferrothorn|60/100|[silent]
|upkeep
|turn|3
|
|t:|1666539113
|switch|p2a: Landorus|Landorus-Therian, M|100/100
|-ability|p2a: Landorus|Intimidate|boost
|-unboost|p1a: Ferrothorn|atk|1
|move|p1a: Ferrothorn|Leech Seed|p2a: Landorus
|-start|p2a: Landorus|move: Leech Seed
|
|-weather|RainDance|[upkeep]
|-heal|p1a: Ferrothorn|66/100|[from] item: Leftovers
|-damage|p2a: Landorus|88/100|[from] Leech Seed|[of] p1a: Ferrothorn
|-heal|p1a: Ferrothorn|80/100|[silent]
|upkeep
|turn|4
|
|t:|1666539115
|move|p2a: Landorus|Stealth Rock|p1a: Ferrothorn
|-sidestart|p1: Spectre Ace|move: Stealth Rock
|move|p1a: Ferrothorn|Spikes|p2a: Landorus
|-sidestart|p2: batataplays|Spikes
|
|-weather|RainDance|[upkeep]
|-heal|p1a: Ferrothorn|86/100|[from] item: Leftovers
|-damage|p2a: Landorus|76/100|[from] Leech Seed|[of] p1a: Ferrothorn
|-heal|p1a: Ferrothorn|99/100|[silent]
|upkeep
|turn|5
|
|t:|1666539117
|move|p2a: Landorus|Knock Off|p1a: Ferrothorn
|-damage|p1a: Ferrothorn|77/100
|-damage|p2a: Landorus|64/100|[from] ability: Iron Barbs|[of] p1a: Ferrothorn
|-enditem|p1a: Ferrothorn|Leftovers|[from] move: Knock Off|[of] p2a: Landorus
|move|p1a: Ferrothorn|Spikes|p2a: Landorus
|-sidestart|p2: batataplays|Spikes
|
|-weather|none
|-damage|p2a: Landorus|51/100|[from] Leech Seed|[of] p1a: Ferrothorn
|-heal|p1a: Ferrothorn|91/100|[silent]
|upkeep
|turn|6
|
|t:|1666539120
|move|p2a: Landorus|U-turn|p1a: Ferrothorn
|-damage|p1a: Ferrothorn|75/100
|-damage|p2a: Landorus|39/100|[from] ability: Iron Barbs|[of] p1a: Ferrothorn
|
|t:|1666539122
|switch|p2a: Ferrothorn|Ferrothorn, M|100/100|[from]move: U-turn
|-damage|p2a: Ferrothorn|84/100|[from] Spikes
|move|p1a: Ferrothorn|Knock Off|p2a: Ferrothorn
|-damage|p2a: Ferrothorn|73/100
|-damage|p1a: Ferrothorn|63/100|[from] ability: Iron Barbs|[of] p2a: Ferrothorn
|-enditem|p2a: Ferrothorn|Leftovers|[from] move: Knock Off|[of] p1a: Ferrothorn
|
|upkeep
|turn|7
|
|t:|1666539132
|switch|p1a: Garchomp|Garchomp, M|100/100
|-damage|p1a: Garchomp|94/100|[from] Stealth Rock
|move|p2a: Ferrothorn|Spikes|p1a: Garchomp
|-sidestart|p1: Spectre Ace|Spikes
|
|-heal|p1a: Garchomp|100/100|[from] item: Leftovers
|upkeep
|turn|8
|
|t:|1666539140
|move|p1a: Garchomp|Swords Dance|p1a: Garchomp
|-boost|p1a: Garchomp|atk|2
|move|p2a: Ferrothorn|Leech Seed|p1a: Garchomp
|-start|p1a: Garchomp|move: Leech Seed
|
|-damage|p1a: Garchomp|88/100|[from] Leech Seed|[of] p2a: Ferrothorn
|-heal|p2a: Ferrothorn|85/100|[silent]
|upkeep
|turn|9
|
|t:|1666539142
|switch|p2a: Landorus|Landorus-Therian, M|39/100
|-ability|p2a: Landorus|Intimidate|boost
|-unboost|p1a: Garchomp|atk|1
|move|p1a: Garchomp|Stealth Rock|p2a: Landorus
|-sidestart|p2: batataplays|move: Stealth Rock
|
|-heal|p1a: Garchomp|94/100|[from] item: Leftovers
|-damage|p1a: Garchomp|82/100|[from] Leech Seed|[of] p2a: Landorus
|-heal|p2a: Landorus|50/100|[silent]
|upkeep
|turn|10
|
|t:|1666539159
|move|p1a: Garchomp|Swords Dance|p1a: Garchomp
|-boost|p1a: Garchomp|atk|2
|move|p2a: Landorus|Earthquake|p1a: Garchomp
|-damage|p1a: Garchomp|30/100
|
|-heal|p1a: Garchomp|37/100|[from] item: Leftovers
|-damage|p1a: Garchomp|24/100|[from] Leech Seed|[of] p2a: Landorus
|-heal|p2a: Landorus|62/100|[silent]
|upkeep
|turn|11
|j| Madarito19
|
|t:|1666539164
|switch|p2a: Tapu Lele|Tapu Lele|100/100
|-damage|p2a: Tapu Lele|84/100|[from] Spikes
|-damage|p2a: Tapu Lele|72/100|[from] Stealth Rock
|-fieldstart|move: Psychic Terrain|[from] ability: Psychic Surge|[of] p2a: Tapu Lele
|move|p1a: Garchomp|Stone Edge|p2a: Tapu Lele
|-damage|p2a: Tapu Lele|0 fnt
|faint|p2a: Tapu Lele
|
|-heal|p1a: Garchomp|30/100|[from] item: Leftovers
|upkeep
|
|t:|1666539168
|switch|p2a: Kartana|Kartana|100/100
|-damage|p2a: Kartana|84/100|[from] Spikes
|-damage|p2a: Kartana|78/100|[from] Stealth Rock
|turn|12
|
|t:|1666539178
|switch|p1a: Croft|Mandibuzz, F|100/100
|move|p2a: Kartana|Leaf Blade|p1a: Croft
|-resisted|p1a: Croft
|-damage|p1a: Croft|84/100
|
|upkeep
|turn|13
|
|t:|1666539181
|switch|p2a: Politoed|Politoed, F|88/100
|-damage|p2a: Politoed|72/100|[from] Spikes
|-damage|p2a: Politoed|59/100|[from] Stealth Rock
|-weather|RainDance|[from] ability: Drizzle|[of] p2a: Politoed
|move|p1a: Croft|U-turn|p2a: Politoed
|-damage|p2a: Politoed|43/100
|
|t:|1666539183
|switch|p1a: Tapu Koko|Tapu Koko|100/100|[from]move: U-turn
|-damage|p1a: Tapu Koko|88/100|[from] Stealth Rock
|-damage|p1a: Tapu Koko|76/100|[from] Spikes
|-fieldstart|move: Electric Terrain|[from] ability: Electric Surge|[of] p1a: Tapu Koko
|
|-weather|RainDance|[upkeep]
|upkeep
|turn|14
|
|t:|1666539187
|move|p1a: Tapu Koko|Thunderbolt|p2a: Politoed
|-supereffective|p2a: Politoed
|-damage|p2a: Politoed|0 fnt
|faint|p2a: Politoed
|
|-weather|RainDance|[upkeep]
|upkeep
|
|t:|1666539188
|switch|p2a: Landorus|Landorus-Therian, M|62/100
|-damage|p2a: Landorus|50/100|[from] Stealth Rock
|-ability|p2a: Landorus|Intimidate|boost
|-unboost|p1a: Tapu Koko|atk|1
|turn|15
|
|t:|1666539197
|move|p1a: Tapu Koko|Dazzling Gleam|p2a: Landorus
|-damage|p2a: Landorus|12/100
|move|p2a: Landorus|U-turn|p1a: Tapu Koko
|-resisted|p1a: Tapu Koko
|-damage|p1a: Tapu Koko|60/100
|
|t:|1666539205
|switch|p2a: Ferrothorn|Ferrothorn, M|85/100|[from]move: U-turn
|-damage|p2a: Ferrothorn|69/100|[from] Spikes
|-damage|p2a: Ferrothorn|62/100|[from] Stealth Rock
|
|-weather|RainDance|[upkeep]
|upkeep
|turn|16
|
|t:|1666539209
|switch|p1a: Ferrothorn|Ferrothorn, M|63/100
|-damage|p1a: Ferrothorn|56/100|[from] Stealth Rock
|-damage|p1a: Ferrothorn|44/100|[from] Spikes
|move|p2a: Ferrothorn|Spikes|p1a: Ferrothorn
|-sidestart|p1: Spectre Ace|Spikes
|
|-weather|RainDance|[upkeep]
|upkeep
|turn|17
|
|t:|1666539212
|move|p2a: Ferrothorn|Spikes|p1a: Ferrothorn
|-sidestart|p1: Spectre Ace|Spikes
|move|p1a: Ferrothorn|Knock Off|p2a: Ferrothorn
|-damage|p2a: Ferrothorn|52/100
|-damage|p1a: Ferrothorn|31/100|[from] ability: Iron Barbs|[of] p2a: Ferrothorn
|
|-weather|none
|upkeep
|turn|18
|
|t:|1666539216
|move|p2a: Ferrothorn|Leech Seed|p1a: Ferrothorn
|-immune|p1a: Ferrothorn
|move|p1a: Ferrothorn|Spikes|p2a: Ferrothorn
|-sidestart|p2: batataplays|Spikes
|
|upkeep
|turn|19
|
|t:|1666539219
|move|p2a: Ferrothorn|Leech Seed|p1a: Ferrothorn
|-immune|p1a: Ferrothorn
|move|p1a: Ferrothorn|Leech Seed|p2a: Ferrothorn
|-immune|p2a: Ferrothorn
|
|upkeep
|turn|20
|
|t:|1666539221
|move|p2a: Ferrothorn|Leech Seed|p1a: Ferrothorn
|-immune|p1a: Ferrothorn
|move|p1a: Ferrothorn|Leech Seed|p2a: Ferrothorn
|-immune|p2a: Ferrothorn
|
|-fieldend|move: Electric Terrain
|upkeep
|turn|21
|
|t:|1666539224
|move|p2a: Ferrothorn|Knock Off|p1a: Ferrothorn
|-damage|p1a: Ferrothorn|22/100
|-damage|p2a: Ferrothorn|40/100|[from] ability: Iron Barbs|[of] p1a: Ferrothorn
|move|p1a: Ferrothorn|Leech Seed|p2a: Ferrothorn
|-immune|p2a: Ferrothorn
|
|upkeep
|turn|22
|
|t:|1666539231
|move|p2a: Ferrothorn|Knock Off|p1a: Ferrothorn
|-damage|p1a: Ferrothorn|12/100
|-damage|p2a: Ferrothorn|27/100|[from] ability: Iron Barbs|[of] p1a: Ferrothorn
|move|p1a: Ferrothorn|Leech Seed|p2a: Ferrothorn
|-immune|p2a: Ferrothorn
|
|upkeep
|turn|23
|
|t:|1666539233
|move|p2a: Ferrothorn|Knock Off|p1a: Ferrothorn
|-damage|p1a: Ferrothorn|2/100
|-damage|p2a: Ferrothorn|15/100|[from] ability: Iron Barbs|[of] p1a: Ferrothorn
|move|p1a: Ferrothorn|Leech Seed|p2a: Ferrothorn
|-immune|p2a: Ferrothorn
|
|upkeep
|turn|24
|
|t:|1666539236
|move|p2a: Ferrothorn|Knock Off|p1a: Ferrothorn
|-damage|p1a: Ferrothorn|0 fnt
|-damage|p2a: Ferrothorn|2/100|[from] ability: Iron Barbs|[of] p1a: Ferrothorn
|faint|p1a: Ferrothorn
|
|upkeep
|
|t:|1666539238
|switch|p1a: Tapu Koko|Tapu Koko|60/100
|-damage|p1a: Tapu Koko|47/100|[from] Stealth Rock
|-damage|p1a: Tapu Koko|23/100|[from] Spikes
|-fieldstart|move: Electric Terrain|[from] ability: Electric Surge|[of] p1a: Tapu Koko
|turn|25
|
|t:|1666539250
|move|p1a: Tapu Koko|U-turn|p2a: Ferrothorn
|-damage|p2a: Ferrothorn|0 fnt
|-damage|p1a: Tapu Koko|10/100|[from] ability: Iron Barbs|[of] p2a: Ferrothorn
|faint|p2a: Ferrothorn
|
|t:|1666539252
|switch|p1a: Raichu|Raichu-Alola, F, shiny|100/100|[from]move: U-turn
|-damage|p1a: Raichu|88/100|[from] Stealth Rock
|-damage|p1a: Raichu|63/100|[from] Spikes
|
|upkeep
|
|t:|1666539259
|switch|p2a: Mandibuzz|Mandibuzz, F|100/100
|turn|26
|
|t:|1666539262
|switch|p2a: Landorus|Landorus-Therian, M|12/100
|-damage|p2a: Landorus|0 fnt|[from] Stealth Rock
|faint|p2a: Landorus
|move|p1a: Raichu|Rising Voltage|p2: Landorus|[notarget]
|-fail|p1a: Raichu
|
|upkeep
|-message|batataplays forfeited.
|
|win|Spectre Ace
|raw|Spectre Ace's rating: 1776 &rarr; <strong>1794</strong><br />(+18 for winning)
|raw|batataplays's rating: 1738 &rarr; <strong>1720</strong><br />(-18 for losing)
|l|☆batataplays
||Ladder isn't responding, score probably updated but might not have (Request timeout).
