|j|☆dddjfdw
|j|☆ChandosH
|t:|1667973812
|gametype|singles
|player|p1|dddjfdw|265|1780
|player|p2|ChandosH|n-masters|1752
|teamsize|p1|6
|teamsize|p2|6
|gen|8
|tier|[Gen 8] OU
|rated|
|rule|Sleep Clause Mod: Limit one foe put to sleep
|rule|Species Clause: Limit one of each Pokémon
|rule|OHKO Clause: OHKO moves are banned
|rule|Evasion Items Clause: Evasion items are banned
|rule|Evasion Moves Clause: Evasion moves are banned
|rule|Endless Battle Clause: Forcing endless battles is banned
|rule|HP Percentage Mod: HP is shown in percentages
|rule|Dynamax Clause: You cannot dynamax
|clearpoke
|poke|p1|Landorus-Therian, M|
|poke|p1|Tyranitar, F|
|poke|p1|Ferrothorn, F|
|poke|p1|Excadrill, M|
|poke|p1|Tangrowth, M|
|poke|p1|Volcanion|
|poke|p2|Tyranitar, F|
|poke|p2|Excadrill, M|
|poke|p2|Slowbro, M|
|poke|p2|Tornadus-Therian, M|
|poke|p2|Buzzwole|
|poke|p2|Heatran, F|
|teampreview
|inactive|Battle timer is ON: inactive players will automatically lose when time's up. (requested by dddjfdw)
|j| blisc
|c|☆ChandosH|o
|c|☆ChandosH|cool sand team
|
|t:|1667973839
|start
|switch|p1a: Landorus|Landorus-Therian, M|100/100
|switch|p2a: Tornadus|Tornadus-Therian, M|100/100
|-ability|p1a: Landorus|Intimidate|boost
|-unboost|p2a: Tornadus|atk|1
|turn|1
|j| PoobleMaster945
|l|☆dddjfdw
|inactive|dddjfdw disconnected and has a minute to reconnect!
|player|p1|
|j| Afjsgjsjg
|inactive|dddjfdw has 30 seconds to reconnect!
|l| Afjsgjsjg
|inactive|dddjfdw has 20 seconds to reconnect!
|inactive|dddjfdw has 15 seconds to reconnect!
|j|☆dddjfdw
|inactive|dddjfdw reconnected and has 85 seconds left.
|player|p1|dddjfdw|265
|
|t:|1667973906
|move|p2a: Tornadus|Toxic|p1a: Landorus
|-status|p1a: Landorus|tox
|move|p1a: Landorus|Knock Off|p2a: Tornadus
|-damage|p2a: Tornadus|71/100
|-enditem|p2a: Tornadus|Heavy-Duty Boots|[from] move: Knock Off|[of] p1a: Landorus
|
|-damage|p1a: Landorus|94/100 tox|[from] psn
|upkeep
|turn|2
|inactive|dddjfdw has 90 seconds left.
|
|t:|1667973914
|move|p2a: Tornadus|Knock Off|p1a: Landorus
|-damage|p1a: Landorus|82/100 tox
|-enditem|p1a: Landorus|Leftovers|[from] move: Knock Off|[of] p2a: Tornadus
|move|p1a: Landorus|U-turn|p2a: Tornadus
|-resisted|p2a: Tornadus
|-damage|p2a: Tornadus|60/100
|inactive|dddjfdw has 90 seconds left.
|
|t:|1667973930
|switch|p1a: Volcanion|Volcanion|100/100|[from]move: U-turn
|
|upkeep
|turn|3
|j| t qwrhgaw
|j| tSpooky
|c|☆dddjfdw|1
|inactive|ChandosH has 120 seconds left.
|
|t:|1667973964
|move|p2a: Tornadus|U-turn|p1a: Volcanion
|-resisted|p1a: Volcanion
|-damage|p1a: Volcanion|96/100
|
|t:|1667973968
|switch|p2a: Slowbro|Slowbro, M|100/100|[from]move: U-turn
|move|p1a: Volcanion|Steam Eruption|p2a: Slowbro
|-resisted|p2a: Slowbro
|-damage|p2a: Slowbro|71/100
|
|upkeep
|turn|4
|
|t:|1667973979
|switch|p1a: Ferrothorn|Ferrothorn, F|100/100
|move|p2a: Slowbro|Teleport|p2a: Slowbro
|
|t:|1667973984
|switch|p2a: Heatran|Heatran, F|100/100|[from]move: Teleport
|
|upkeep
|turn|5
|
|t:|1667973998
|switch|p1a: Tyranitar|Tyranitar, F|100/100
|-weather|Sandstorm|[from] ability: Sand Stream|[of] p1a: Tyranitar
|move|p2a: Heatran|Stealth Rock|p1a: Tyranitar
|-sidestart|p1: dddjfdw|move: Stealth Rock
|
|-weather|Sandstorm|[upkeep]
|upkeep
|turn|6
|
|t:|1667974004
|switch|p2a: Buzzwole|Buzzwole|100/100
|move|p1a: Tyranitar|Stealth Rock|p2a: Buzzwole
|-sidestart|p2: ChandosH|move: Stealth Rock
|
|-weather|Sandstorm|[upkeep]
|-damage|p2a: Buzzwole|94/100|[from] Sandstorm
|upkeep
|turn|7
|
|t:|1667974021
|switch|p1a: Tangrowth|Tangrowth, M|100/100
|-damage|p1a: Tangrowth|88/100|[from] Stealth Rock
|move|p2a: Buzzwole|Ice Punch|p1a: Tangrowth
|-supereffective|p1a: Tangrowth
|-damage|p1a: Tangrowth|66/100
|-damage|p2a: Buzzwole|78/100|[from] item: Rocky Helmet|[of] p1a: Tangrowth
|
|-weather|Sandstorm|[upkeep]
|-damage|p2a: Buzzwole|71/100|[from] Sandstorm
|-damage|p1a: Tangrowth|59/100|[from] Sandstorm
|upkeep
|turn|8
|inactive|dddjfdw has 120 seconds left.
|
|t:|1667974035
|switch|p1a: Ferrothorn|Ferrothorn, F|100/100
|-damage|p1a: Ferrothorn|94/100|[from] Stealth Rock
|move|p2a: Buzzwole|Toxic|p1a: Ferrothorn
|-immune|p1a: Ferrothorn
|
|-weather|Sandstorm|[upkeep]
|-damage|p2a: Buzzwole|65/100|[from] Sandstorm
|-heal|p1a: Ferrothorn|100/100|[from] item: Leftovers
|upkeep
|turn|9
|inactive|dddjfdw has 120 seconds left.
|
|t:|1667974046
|switch|p1a: Tangrowth|Tangrowth, M|93/100
|-damage|p1a: Tangrowth|80/100|[from] Stealth Rock
|move|p2a: Buzzwole|Close Combat|p1a: Tangrowth
|-damage|p1a: Tangrowth|53/100
|-unboost|p2a: Buzzwole|def|1
|-unboost|p2a: Buzzwole|spd|1
|-damage|p2a: Buzzwole|49/100|[from] item: Rocky Helmet|[of] p1a: Tangrowth
|
|-weather|none
|upkeep
|turn|10
|inactive|dddjfdw has 120 seconds left.
|
|t:|1667974058
|move|p2a: Buzzwole|Roost|p2a: Buzzwole
|-heal|p2a: Buzzwole|99/100
|-singleturn|p2a: Buzzwole|move: Roost
|move|p1a: Tangrowth|Sleep Powder|p2a: Buzzwole|[miss]
|-miss|p1a: Tangrowth|p2a: Buzzwole
|
|upkeep
|turn|11
|
|t:|1667974067
|switch|p2a: Tornadus|Tornadus-Therian, M|93/100
|-damage|p2a: Tornadus|68/100|[from] Stealth Rock
|move|p1a: Tangrowth|Sleep Powder|p2a: Tornadus
|-status|p2a: Tornadus|slp|[from] move: Sleep Powder
|
|upkeep
|turn|12
|
|t:|1667974090
|switch|p1a: Volcanion|Volcanion|96/100
|cant|p2a: Tornadus|slp
|
|upkeep
|turn|13
|
|t:|1667974095
|switch|p2a: Slowbro|Slowbro, M|100/100
|-damage|p2a: Slowbro|88/100|[from] Stealth Rock
|move|p1a: Volcanion|Steam Eruption|p2a: Slowbro
|-resisted|p2a: Slowbro
|-damage|p2a: Slowbro|56/100
|-status|p2a: Slowbro|brn
|
|-damage|p2a: Slowbro|50/100 brn|[from] brn
|upkeep
|turn|14
|
|t:|1667974107
|move|p1a: Volcanion|Earth Power|p2a: Slowbro
|-damage|p2a: Slowbro|18/100 brn
|move|p2a: Slowbro|Slack Off|p2a: Slowbro
|-heal|p2a: Slowbro|68/100 brn
|
|-damage|p2a: Slowbro|62/100 brn|[from] brn
|upkeep
|turn|15
|
|t:|1667974131
|switch|p1a: Ferrothorn|Ferrothorn, F|100/100
|-damage|p1a: Ferrothorn|94/100|[from] Stealth Rock
|move|p2a: Slowbro|Teleport|p2a: Slowbro
|
|t:|1667974139
|switch|p2a: Heatran|Heatran, F|100/100|[from]move: Teleport
|-damage|p2a: Heatran|88/100|[from] Stealth Rock
|
|-heal|p2a: Heatran|94/100|[from] item: Leftovers
|-heal|p1a: Ferrothorn|100/100|[from] item: Leftovers
|upkeep
|turn|16
|
|t:|1667974156
|switch|p1a: Volcanion|Volcanion|96/100
|move|p2a: Heatran|Magma Storm|p1a: Volcanion
|-resisted|p1a: Volcanion
|-damage|p1a: Volcanion|80/100
|-activate|p1a: Volcanion|move: Magma Storm|[of] p2a: Heatran
|
|-heal|p2a: Heatran|100/100|[from] item: Leftovers
|-damage|p1a: Volcanion|68/100|[from] move: Magma Storm|[partiallytrapped]
|upkeep
|turn|17
|j| zgiata 创世神
|
|t:|1667974174
|move|p2a: Heatran|Earth Power|p1a: Volcanion
|-supereffective|p1a: Volcanion
|-damage|p1a: Volcanion|0 fnt
|faint|p1a: Volcanion
|
|upkeep
|inactive|dddjfdw has 120 seconds left.
|
|t:|1667974195
|switch|p1a: Landorus|Landorus-Therian, M|82/100 tox
|-damage|p1a: Landorus|70/100 tox|[from] Stealth Rock
|-ability|p1a: Landorus|Intimidate|boost
|-unboost|p2a: Heatran|atk|1
|turn|18
|
|t:|1667974202
|switch|p2a: Tornadus|Tornadus-Therian, M|100/100 slp
|-damage|p2a: Tornadus|76/100 slp|[from] Stealth Rock
|move|p1a: Landorus|Knock Off|p2a: Tornadus
|-damage|p2a: Tornadus|54/100 slp
|
|-damage|p1a: Landorus|64/100 tox|[from] psn
|upkeep
|turn|19
|
|t:|1667974209
|-curestatus|p2a: Tornadus|slp|[msg]
|move|p2a: Tornadus|Hurricane|p1a: Landorus|[miss]
|-miss|p2a: Tornadus|p1a: Landorus
|move|p1a: Landorus|U-turn|p2a: Tornadus
|-resisted|p2a: Tornadus
|-damage|p2a: Tornadus|43/100
|
|t:|1667974214
|switch|p1a: Tyranitar|Tyranitar, F|100/100|[from]move: U-turn
|-damage|p1a: Tyranitar|88/100|[from] Stealth Rock
|-weather|Sandstorm|[from] ability: Sand Stream|[of] p1a: Tyranitar
|
|-weather|Sandstorm|[upkeep]
|-damage|p2a: Tornadus|37/100|[from] Sandstorm
|-heal|p1a: Tyranitar|94/100|[from] item: Leftovers
|upkeep
|turn|20
|
|t:|1667974227
|move|p1a: Tyranitar|Protect|p1a: Tyranitar
|-singleturn|p1a: Tyranitar|Protect
|move|p2a: Tornadus|U-turn|p1a: Tyranitar
|-activate|p1a: Tyranitar|move: Protect
|
|-weather|Sandstorm|[upkeep]
|-damage|p2a: Tornadus|31/100|[from] Sandstorm
|-heal|p1a: Tyranitar|100/100|[from] item: Leftovers
|upkeep
|turn|21
|
|t:|1667974232
|move|p2a: Tornadus|U-turn|p1a: Tyranitar
|-supereffective|p1a: Tyranitar
|-damage|p1a: Tyranitar|78/100
|
|t:|1667974244
|switch|p2a: Slowbro|Slowbro, M|96/100 brn|[from]move: U-turn
|-damage|p2a: Slowbro|83/100 brn|[from] Stealth Rock
|move|p1a: Tyranitar|Rock Blast|p2a: Slowbro
|-damage|p2a: Slowbro|76/100 brn
|-damage|p2a: Slowbro|69/100 brn
|-hitcount|p2a: Slowbro|2
|
|-weather|Sandstorm|[upkeep]
|-damage|p2a: Slowbro|63/100 brn|[from] Sandstorm
|-heal|p1a: Tyranitar|84/100|[from] item: Leftovers
|-damage|p2a: Slowbro|57/100 brn|[from] brn
|upkeep
|turn|22
|
|t:|1667974257
|switch|p1a: Ferrothorn|Ferrothorn, F|100/100
|-damage|p1a: Ferrothorn|94/100|[from] Stealth Rock
|move|p2a: Slowbro|Teleport|p2a: Slowbro
|
|t:|1667974263
|switch|p2a: Heatran|Heatran, F|100/100|[from]move: Teleport
|-damage|p2a: Heatran|88/100|[from] Stealth Rock
|
|-weather|Sandstorm|[upkeep]
|-heal|p2a: Heatran|94/100|[from] item: Leftovers
|-heal|p1a: Ferrothorn|100/100|[from] item: Leftovers
|upkeep
|turn|23
|-message|dddjfdw forfeited.
|
|win|ChandosH
|raw|dddjfdw's rating: 1780 &rarr; <strong>1758</strong><br />(-22 for losing)
|raw|ChandosH's rating: 1752 &rarr; <strong>1774</strong><br />(+22 for winning)
|l|☆dddjfdw
|l| tSpooky
|c|☆ChandosH|offencive heatran op
|l| t qwrhgaw
||Ladder isn't responding, score probably updated but might not have (Request timeout).
