|j|☆misplayin
|j|☆Liiiy
|t:|1663615041
|gametype|singles
|player|p1|misplayin|bugsy|1651
|player|p2|Liiiy|brycenman|1700
|teamsize|p1|6
|teamsize|p2|6
|gen|8
|tier|[Gen 8] OU
|rated|
|rule|Sleep Clause Mod: Limit one foe put to sleep
|rule|Species Clause: Limit one of each Pokémon
|rule|OHKO Clause: OHKO moves are banned
|rule|Evasion Items Clause: Evasion items are banned
|rule|Evasion Moves Clause: Evasion moves are banned
|rule|Endless Battle Clause: Forcing endless battles is banned
|rule|HP Percentage Mod: HP is shown in percentages
|rule|Dynamax Clause: You cannot dynamax
|clearpoke
|poke|p1|Ninetales-Alola, F|
|poke|p1|Aegislash, F|
|poke|p1|Tangrowth, F|
|poke|p1|Tornadus-Therian, M|
|poke|p1|Swampert, F|
|poke|p1|Lycanroc-Dusk, M|
|poke|p2|Jynx, F|
|poke|p2|Tornadus-Therian, M|
|poke|p2|Garchomp, F|
|poke|p2|Buzzwole|
|poke|p2|Tapu Fini|
|poke|p2|Blissey, F|
|teampreview
|inactive|Battle timer is ON: inactive players will automatically lose when time's up. (requested by misplayin)
|inactive|misplayin has 120 seconds left.
|
|t:|1663615080
|start
|switch|p1a: Ninetales|Ninetales-Alola, F, shiny|100/100
|switch|p2a: Tornadus|Tornadus-Therian, M|100/100
|-weather|Hail|[from] ability: Snow Warning|[of] p1a: Ninetales
|turn|1
|
|t:|1663615084
|move|p2a: Tornadus|Knock Off|p1a: Ninetales
|-resisted|p1a: Ninetales
|-damage|p1a: Ninetales|87/100
|-enditem|p1a: Ninetales|Choice Specs|[from] move: Knock Off|[of] p2a: Tornadus
|move|p1a: Ninetales|Blizzard|p2a: Tornadus
|-supereffective|p2a: Tornadus
|-damage|p2a: Tornadus|10/100
|
|-weather|Hail|[upkeep]
|-damage|p2a: Tornadus|4/100|[from] Hail
|upkeep
|turn|2
|
|t:|1663615093
|switch|p2a: Blissey|Blissey, F|100/100
|switch|p1a: Tornadus|Tornadus-Therian, M|100/100
|
|-weather|Hail|[upkeep]
|-damage|p1a: Tornadus|94/100|[from] Hail
|-damage|p2a: Blissey|94/100|[from] Hail
|upkeep
|turn|3
|
|t:|1663615096
|move|p1a: Tornadus|Taunt|p2a: Blissey
|-start|p2a: Blissey|move: Taunt
|cant|p2a: Blissey|move: Taunt|Thunder Wave
|
|-weather|Hail|[upkeep]
|-damage|p1a: Tornadus|88/100|[from] Hail
|-damage|p2a: Blissey|88/100|[from] Hail
|upkeep
|turn|4
|
|t:|1663615099
|move|p1a: Tornadus|U-turn|p2a: Blissey
|-damage|p2a: Blissey|75/100
|
|t:|1663615102
|switch|p1a: Tangrowth|Tangrowth, F|100/100|[from]move: U-turn
|move|p2a: Blissey|Seismic Toss|p1a: Tangrowth
|-damage|p1a: Tangrowth|76/100
|-damage|p2a: Blissey|58/100|[from] item: Rocky Helmet|[of] p1a: Tangrowth
|
|-weather|Hail|[upkeep]
|-damage|p2a: Blissey|52/100|[from] Hail
|-damage|p1a: Tangrowth|70/100|[from] Hail
|upkeep
|turn|5
|
|t:|1663615109
|switch|p1a: Tornadus|Tornadus-Therian, M|100/100
|move|p2a: Blissey|Seismic Toss|p1a: Tornadus
|-damage|p1a: Tornadus|73/100
|
|-weather|none
|-end|p2a: Blissey|move: Taunt
|upkeep
|turn|6
|
|t:|1663615112
|switch|p2a: Tornadus|Tornadus-Therian, M|37/100
|move|p1a: Tornadus|Taunt|p2a: Tornadus
|-start|p2a: Tornadus|move: Taunt
|
|upkeep
|turn|7
|
|t:|1663615117
|switch|p2a: Blissey|Blissey, F|52/100
|move|p1a: Tornadus|U-turn|p2a: Blissey
|-damage|p2a: Blissey|41/100
|
|t:|1663615120
|switch|p1a: Lycanroc|Lycanroc-Dusk, M, shiny|100/100|[from]move: U-turn
|
|upkeep
|turn|8
|
|t:|1663615124
|switch|p1a: Tornadus|Tornadus-Therian, M|100/100
|switch|p2a: Garchomp|Garchomp, F|100/100
|
|upkeep
|turn|9
|
|t:|1663615131
|move|p1a: Tornadus|Taunt|p2a: Garchomp
|-start|p2a: Garchomp|move: Taunt
|cant|p2a: Garchomp|move: Taunt|Stealth Rock
|
|upkeep
|turn|10
|
|t:|1663615139
|switch|p2a: Tornadus|Tornadus-Therian, M|71/100
|move|p1a: Tornadus|Hurricane|p2a: Tornadus
|-damage|p2a: Tornadus|23/100
|-start|p2a: Tornadus|confusion
|
|upkeep
|turn|11
|
|t:|1663615145
|switch|p2a: Tapu Fini|Tapu Fini|100/100
|-fieldstart|move: Misty Terrain|[from] ability: Misty Surge|[of] p2a: Tapu Fini
|move|p1a: Tornadus|Hurricane|p2a: Tapu Fini
|-damage|p2a: Tapu Fini|71/100
|
|upkeep
|turn|12
|
|t:|1663615150
|switch|p1a: Swampert|Swampert, F|100/100
|move|p2a: Tapu Fini|Moonblast|p1a: Swampert
|-damage|p1a: Swampert|78/100
|
|-heal|p1a: Swampert|84/100|[from] item: Leftovers
|upkeep
|turn|13
|
|t:|1663615154
|switch|p2a: Tornadus|Tornadus-Therian, M|56/100
|move|p1a: Swampert|Flip Turn|p2a: Tornadus
|-damage|p2a: Tornadus|34/100
|
|t:|1663615173
|switch|p1a: Lycanroc|Lycanroc-Dusk, M, shiny|100/100|[from]move: Flip Turn
|
|upkeep
|turn|14
|
|t:|1663615176
|switch|p2a: Buzzwole|Buzzwole|100/100
|move|p1a: Lycanroc|Swords Dance|p1a: Lycanroc
|-boost|p1a: Lycanroc|atk|2
|
|upkeep
|turn|15
|
|t:|1663615189
|switch|p1a: Tangrowth|Tangrowth, F|100/100
|move|p2a: Buzzwole|Close Combat|p1a: Tangrowth
|-damage|p1a: Tangrowth|72/100
|-unboost|p2a: Buzzwole|def|1
|-unboost|p2a: Buzzwole|spd|1
|-damage|p2a: Buzzwole|84/100|[from] item: Rocky Helmet|[of] p1a: Tangrowth
|
|-fieldend|Misty Terrain
|upkeep
|turn|16
|
|t:|1663615199
|switch|p1a: Aegislash|Aegislash, F|100/100
|move|p2a: Buzzwole|Toxic|p1a: Aegislash
|-immune|p1a: Aegislash
|
|upkeep
|turn|17
|
|t:|1663615206
|switch|p2a: Tapu Fini|Tapu Fini|71/100
|-fieldstart|move: Misty Terrain|[from] ability: Misty Surge|[of] p2a: Tapu Fini
|-formechange|p1a: Aegislash|Aegislash-Blade||[from] ability: Stance Change
|move|p1a: Aegislash|Close Combat|p2a: Tapu Fini
|-resisted|p2a: Tapu Fini
|-crit|p2a: Tapu Fini
|-damage|p2a: Tapu Fini|50/100
|-unboost|p1a: Aegislash|def|1
|-unboost|p1a: Aegislash|spd|1
|
|upkeep
|turn|18
|
|t:|1663615210
|switch|p1a: Swampert|Swampert, F|84/100
|move|p2a: Tapu Fini|Trick|p1a: Swampert
|-activate|p2a: Tapu Fini|move: Trick|[of] p1a: Swampert
|-item|p1a: Swampert|Choice Scarf|[from] move: Trick
|-item|p2a: Tapu Fini|Leftovers|[from] move: Trick
|
|-heal|p2a: Tapu Fini|56/100|[from] item: Leftovers
|upkeep
|turn|19
|
|t:|1663615215
|switch|p2a: Jynx|Jynx, F|100/100
|move|p1a: Swampert|Flip Turn|p2a: Jynx
|-immune|p2a: Jynx|[from] ability: Dry Skin
|
|upkeep
|turn|20
|
|t:|1663615223
|switch|p2a: Garchomp|Garchomp, F|100/100
|switch|p1a: Aegislash|Aegislash, F|100/100
|
|upkeep
|turn|21
|
|t:|1663615227
|switch|p1a: Ninetales|Ninetales-Alola, F, shiny|87/100
|-weather|Hail|[from] ability: Snow Warning|[of] p1a: Ninetales
|move|p2a: Garchomp|Swords Dance|p2a: Garchomp
|-boost|p2a: Garchomp|atk|2
|
|-weather|Hail|[upkeep]
|-damage|p2a: Garchomp|94/100|[from] Hail
|-heal|p2a: Garchomp|100/100|[from] item: Leftovers
|-fieldend|Misty Terrain
|upkeep
|turn|22
|
|t:|1663615235
|switch|p2a: Blissey|Blissey, F|41/100
|move|p1a: Ninetales|Blizzard|p2a: Blissey
|-damage|p2a: Blissey|26/100
|
|-weather|Hail|[upkeep]
|-damage|p2a: Blissey|20/100|[from] Hail
|upkeep
|turn|23
|
|t:|1663615244
|switch|p1a: Lycanroc|Lycanroc-Dusk, M, shiny|100/100
|move|p2a: Blissey|Soft-Boiled|p2a: Blissey
|-heal|p2a: Blissey|70/100
|
|-weather|Hail|[upkeep]
|-damage|p1a: Lycanroc|94/100|[from] Hail
|-damage|p2a: Blissey|64/100|[from] Hail
|upkeep
|turn|24
|
|t:|1663615250
|switch|p1a: Tornadus|Tornadus-Therian, M|100/100
|switch|p2a: Buzzwole|Buzzwole|84/100
|
|-weather|Hail|[upkeep]
|-damage|p1a: Tornadus|94/100|[from] Hail
|-damage|p2a: Buzzwole|78/100|[from] Hail
|upkeep
|turn|25
|
|t:|1663615256
|switch|p2a: Tornadus|Tornadus-Therian, M|67/100
|move|p1a: Tornadus|Hurricane|p2a: Tornadus
|-crit|p2a: Tornadus
|-damage|p2a: Tornadus|4/100
|
|-weather|none
|upkeep
|turn|26
|
|t:|1663615273
|switch|p2a: Tapu Fini|Tapu Fini|56/100
|-fieldstart|move: Misty Terrain|[from] ability: Misty Surge|[of] p2a: Tapu Fini
|move|p1a: Tornadus|Hurricane|p2a: Tapu Fini
|-damage|p2a: Tapu Fini|25/100
|
|-heal|p2a: Tapu Fini|31/100|[from] item: Leftovers
|upkeep
|turn|27
|
|t:|1663615286
|move|p1a: Tornadus|Hurricane|p2a: Tapu Fini
|-damage|p2a: Tapu Fini|3/100
|move|p2a: Tapu Fini|Moonblast|p1a: Tornadus
|-damage|p1a: Tornadus|61/100
|
|-heal|p2a: Tapu Fini|9/100|[from] item: Leftovers
|upkeep
|turn|28
|
|t:|1663615293
|move|p1a: Tornadus|Hurricane|p2a: Tapu Fini
|-damage|p2a: Tapu Fini|0 fnt
|faint|p2a: Tapu Fini
|
|upkeep
|
|t:|1663615296
|switch|p2a: Garchomp|Garchomp, F|100/100
|turn|29
|j| rlmuru
|
|t:|1663615301
|move|p1a: Tornadus|Taunt|p2a: Garchomp
|-start|p2a: Garchomp|move: Taunt
|move|p2a: Garchomp|Scale Shot|p1a: Tornadus
|-damage|p1a: Tornadus|49/100
|-damage|p1a: Tornadus|36/100
|-hitcount|p1a: Tornadus|2
|-unboost|p2a: Garchomp|def|1
|-boost|p2a: Garchomp|spe|1
|
|upkeep
|turn|30
|
|t:|1663615306
|switch|p1a: Tangrowth|Tangrowth, F|100/100
|move|p2a: Garchomp|Scale Shot|p1a: Tangrowth
|-damage|p1a: Tangrowth|98/100
|-damage|p1a: Tangrowth|95/100
|-hitcount|p1a: Tangrowth|2
|-unboost|p2a: Garchomp|def|1
|-boost|p2a: Garchomp|spe|1
|
|-fieldend|Misty Terrain
|upkeep
|turn|31
|
|t:|1663615314
|switch|p2a: Jynx|Jynx, F|100/100
|move|p1a: Tangrowth|Toxic|p2a: Jynx
|-status|p2a: Jynx|tox
|
|-damage|p2a: Jynx|95/100 tox|[from] psn
|upkeep
|turn|32
|
|t:|1663615317
|switch|p1a: Aegislash|Aegislash, F|100/100
|move|p2a: Jynx|Ice Beam|p1a: Aegislash
|-resisted|p1a: Aegislash
|-damage|p1a: Aegislash|72/100
|-damage|p2a: Jynx|85/100 tox|[from] item: Life Orb
|
|-damage|p2a: Jynx|73/100 tox|[from] psn
|upkeep
|turn|33
|
|t:|1663615321
|switch|p2a: Blissey|Blissey, F|64/100
|-formechange|p1a: Aegislash|Aegislash-Blade||[from] ability: Stance Change
|move|p1a: Aegislash|Flash Cannon|p2a: Blissey
|-damage|p2a: Blissey|37/100
|
|upkeep
|turn|34
|
|t:|1663615327
|switch|p2a: Tornadus|Tornadus-Therian, M|37/100
|move|p1a: Aegislash|Flash Cannon|p2a: Tornadus
|-damage|p2a: Tornadus|0 fnt
|faint|p2a: Tornadus
|
|upkeep
|
|t:|1663615332
|switch|p2a: Garchomp|Garchomp, F|100/100
|turn|35
|
|t:|1663615337
|switch|p1a: Ninetales|Ninetales-Alola, F, shiny|87/100
|-weather|Hail|[from] ability: Snow Warning|[of] p1a: Ninetales
|move|p2a: Garchomp|Swords Dance|p2a: Garchomp
|-boost|p2a: Garchomp|atk|2
|
|-weather|Hail|[upkeep]
|-damage|p2a: Garchomp|94/100|[from] Hail
|-heal|p2a: Garchomp|100/100|[from] item: Leftovers
|upkeep
|turn|36
|-message|Liiiy forfeited.
|
|win|misplayin
|raw|misplayin's rating: 1651 &rarr; <strong>1674</strong><br />(+23 for winning)
|raw|Liiiy's rating: 1700 &rarr; <strong>1677</strong><br />(-23 for losing)
|l|☆Liiiy
