|raw|<div class="broadcast-blue"><strong>This battle is required to be public due to a player having a name starting with 'lt91bb'.</div>
|j|‽lt91bb FJ2K
|j|☆Bleudeon
|t:|1659284673
|gametype|singles
|player|p1|lt91bb FJ2K|2|1700
|player|p2|Bleudeon|beauty-gen5bw2|1721
|teamsize|p1|6
|teamsize|p2|6
|gen|8
|tier|[Gen 8] OU
|rated|
|rule|Sleep Clause Mod: Limit one foe put to sleep
|rule|Species Clause: Limit one of each Pokémon
|rule|OHKO Clause: OHKO moves are banned
|rule|Evasion Moves Clause: Evasion moves are banned
|rule|Endless Battle Clause: Forcing endless battles is banned
|rule|HP Percentage Mod: HP is shown in percentages
|rule|Dynamax Clause: You cannot dynamax
|clearpoke
|poke|p1|Tyranitar, M|
|poke|p1|Rotom-Wash|
|poke|p1|Ferrothorn, M|
|poke|p1|Excadrill, F|
|poke|p1|Dragapult, M|
|poke|p1|Clefable, F|
|poke|p2|Nidoking, M|
|poke|p2|Hydreigon, M|
|poke|p2|Urshifu-*, M|
|poke|p2|Volcarona, M|
|poke|p2|Regidrago|
|poke|p2|Dragapult, M|
|teampreview
|j| LT91BB ipl
|
|t:|1659284679
|start
|switch|p1a: Dragapult|Dragapult, M|100/100
|switch|p2a: Hydreigon|Hydreigon, M|100/100
|turn|1
|inactive|Battle timer is ON: inactive players will automatically lose when time's up. (requested by lt91bb FJ2K)
|l| LT91BB ipl
|
|t:|1659284686
|switch|p1a: Clefable|Clefable, F|100/100
|move|p2a: Hydreigon|Dark Pulse|p1a: Clefable
|-resisted|p1a: Clefable
|-damage|p1a: Clefable|80/100
|
|upkeep
|turn|2
|j| the gamer m
|
|t:|1659284693
|switch|p2a: Nidoking|Nidoking, M|100/100
|move|p1a: Clefable|Stealth Rock|p2a: Nidoking
|-sidestart|p2: Bleudeon|move: Stealth Rock
|
|upkeep
|turn|3
|
|t:|1659284700
|switch|p1a: Rotom|Rotom-Wash|100/100
|move|p2a: Nidoking|Sludge Wave|p1a: Rotom
|-damage|p1a: Rotom|45/100
|
|-heal|p1a: Rotom|51/100|[from] item: Leftovers
|upkeep
|turn|4
|j| LT91BB ipl
|l| LT91BB ipl
|
|t:|1659284708
|move|p1a: Rotom|Pain Split|p2a: Nidoking
|-sethp|p2a: Nidoking|76/100|[from] move: Pain Split|[silent]
|-sethp|p1a: Rotom|76/100|[from] move: Pain Split
|move|p2a: Nidoking|Sludge Wave|p1a: Rotom
|-damage|p1a: Rotom|23/100
|
|-heal|p1a: Rotom|29/100|[from] item: Leftovers
|upkeep
|turn|5
|
|t:|1659284718
|switch|p2a: Hydreigon|Hydreigon, M|100/100
|-damage|p2a: Hydreigon|88/100|[from] Stealth Rock
|move|p1a: Rotom|Hydro Pump|p2a: Hydreigon
|-resisted|p2a: Hydreigon
|-damage|p2a: Hydreigon|65/100
|
|-heal|p1a: Rotom|36/100|[from] item: Leftovers
|upkeep
|turn|6
|
|t:|1659284728
|switch|p1a: Clefable|Clefable, F|80/100
|move|p2a: Hydreigon|Defog|p1a: Clefable
|-unboost|p1a: Clefable|evasion|1
|-sideend|p2: Bleudeon|Stealth Rock|[from] move: Defog|[of] p2a: Hydreigon
|
|upkeep
|turn|7
|
|t:|1659284735
|switch|p2a: Volcarona|Volcarona, M|100/100
|switch|p1a: Rotom|Rotom-Wash|36/100
|
|-heal|p1a: Rotom|42/100|[from] item: Leftovers
|upkeep
|turn|8
|
|t:|1659284743
|move|p2a: Volcarona|Bug Buzz|p1a: Rotom
|-damage|p1a: Rotom|0 fnt
|faint|p1a: Rotom
|
|upkeep
|
|t:|1659284747
|switch|p1a: Tyranitar|Tyranitar, M|100/100
|-weather|Sandstorm|[from] ability: Sand Stream|[of] p1a: Tyranitar
|turn|9
|
|t:|1659284753
|switch|p2a: Nidoking|Nidoking, M|76/100
|move|p1a: Tyranitar|Stone Edge|p2a: Nidoking
|-resisted|p2a: Nidoking
|-damage|p2a: Nidoking|14/100
|
|-weather|Sandstorm|[upkeep]
|upkeep
|turn|10
|
|t:|1659284762
|switch|p1a: Ferrothorn|Ferrothorn, M|100/100
|move|p2a: Nidoking|Stealth Rock|p1a: Ferrothorn
|-sidestart|p1: lt91bb FJ2K|move: Stealth Rock
|
|-weather|Sandstorm|[upkeep]
|upkeep
|turn|11
|
|t:|1659284769
|move|p2a: Nidoking|Earth Power|p1a: Ferrothorn
|-damage|p1a: Ferrothorn|69/100
|move|p1a: Ferrothorn|Knock Off|p2a: Nidoking
|-damage|p2a: Nidoking|0 fnt
|-enditem|p2a: Nidoking|Focus Sash|[from] move: Knock Off|[of] p1a: Ferrothorn
|faint|p2a: Nidoking
|
|-weather|Sandstorm|[upkeep]
|-heal|p1a: Ferrothorn|75/100|[from] item: Leftovers
|upkeep
|
|t:|1659284780
|switch|p2a: Volcarona|Volcarona, M|100/100
|turn|12
|
|t:|1659284783
|switch|p1a: Tyranitar|Tyranitar, M|100/100
|-damage|p1a: Tyranitar|88/100|[from] Stealth Rock
|move|p2a: Volcarona|Substitute|p2a: Volcarona
|-start|p2a: Volcarona|Substitute
|-damage|p2a: Volcarona|76/100
|
|-weather|Sandstorm|[upkeep]
|-damage|p2a: Volcarona|70/100|[from] Sandstorm
|-heal|p2a: Volcarona|76/100|[from] item: Leftovers
|upkeep
|turn|13
|
|t:|1659284795
|move|p2a: Volcarona|Bug Buzz|p1a: Tyranitar
|-supereffective|p1a: Tyranitar
|-damage|p1a: Tyranitar|15/100
|move|p1a: Tyranitar|Crunch|p2a: Volcarona
|-end|p2a: Volcarona|Substitute
|
|-weather|none
|-heal|p2a: Volcarona|82/100|[from] item: Leftovers
|upkeep
|turn|14
|
|t:|1659284806
|move|p2a: Volcarona|Substitute|p2a: Volcarona
|-start|p2a: Volcarona|Substitute
|-damage|p2a: Volcarona|57/100
|move|p1a: Tyranitar|Crunch|p2a: Volcarona
|-end|p2a: Volcarona|Substitute
|
|-heal|p2a: Volcarona|63/100|[from] item: Leftovers
|upkeep
|turn|15
|
|t:|1659284815
|move|p2a: Volcarona|Bug Buzz|p1a: Tyranitar
|-supereffective|p1a: Tyranitar
|-damage|p1a: Tyranitar|0 fnt
|faint|p1a: Tyranitar
|
|-heal|p2a: Volcarona|69/100|[from] item: Leftovers
|upkeep
|
|t:|1659284818
|switch|p1a: Dragapult|Dragapult, M|100/100
|-damage|p1a: Dragapult|88/100|[from] Stealth Rock
|turn|16
|
|t:|1659284827
|move|p1a: Dragapult|Shadow Ball|p2a: Volcarona
|-damage|p2a: Volcarona|13/100
|move|p2a: Volcarona|Quiver Dance|p2a: Volcarona
|-boost|p2a: Volcarona|spa|1
|-boost|p2a: Volcarona|spd|1
|-boost|p2a: Volcarona|spe|1
|
|-heal|p2a: Volcarona|19/100|[from] item: Leftovers
|upkeep
|turn|17
|
|t:|1659284837
|move|p2a: Volcarona|Flamethrower|p1a: Dragapult
|-resisted|p1a: Dragapult
|-damage|p1a: Dragapult|30/100
|move|p1a: Dragapult|Shadow Ball|p2a: Volcarona
|-damage|p2a: Volcarona|0 fnt
|faint|p2a: Volcarona
|
|upkeep
|
|t:|1659284847
|switch|p2a: Hydreigon|Hydreigon, M|65/100
|turn|18
|
|t:|1659284851
|switch|p1a: Clefable|Clefable, F|80/100
|move|p2a: Hydreigon|U-turn|p1a: Clefable
|-resisted|p1a: Clefable
|-damage|p1a: Clefable|74/100
|-damage|p2a: Hydreigon|48/100|[from] item: Rocky Helmet|[of] p1a: Clefable
|
|t:|1659284857
|switch|p2a: Urshifu|Urshifu-Rapid-Strike, M|100/100|[from]move: U-turn
|
|upkeep
|turn|19
|
|t:|1659284863
|move|p2a: Urshifu|Bulk Up|p2a: Urshifu
|-boost|p2a: Urshifu|atk|1
|-boost|p2a: Urshifu|def|1
|move|p1a: Clefable|Soft-Boiled|p1a: Clefable
|-heal|p1a: Clefable|100/100
|
|upkeep
|turn|20
|
|t:|1659284869
|move|p2a: Urshifu|Surging Strikes|p1a: Clefable
|-crit|p1a: Clefable
|-damage|p1a: Clefable|76/100
|-damage|p2a: Urshifu|84/100|[from] item: Rocky Helmet|[of] p1a: Clefable
|-crit|p1a: Clefable
|-damage|p1a: Clefable|52/100
|-damage|p2a: Urshifu|67/100|[from] item: Rocky Helmet|[of] p1a: Clefable
|-crit|p1a: Clefable
|-damage|p1a: Clefable|28/100
|-damage|p2a: Urshifu|50/100|[from] item: Rocky Helmet|[of] p1a: Clefable
|-hitcount|p1a: Clefable|3
|move|p1a: Clefable|Moonblast|p2a: Urshifu
|-supereffective|p2a: Urshifu
|-damage|p2a: Urshifu|0 fnt
|faint|p2a: Urshifu
|
|upkeep
|
|t:|1659284884
|switch|p2a: Dragapult|Dragapult, M|100/100
|turn|21
|
|t:|1659284900
|switch|p1a: Dragapult|Dragapult, M|30/100
|-damage|p1a: Dragapult|18/100|[from] Stealth Rock
|move|p2a: Dragapult|Flamethrower|p1a: Dragapult
|-resisted|p1a: Dragapult
|-damage|p1a: Dragapult|0 fnt
|faint|p1a: Dragapult
|-damage|p2a: Dragapult|91/100|[from] item: Life Orb
|
|upkeep
|
|t:|1659284908
|switch|p1a: Clefable|Clefable, F|28/100
|turn|22
|
|t:|1659284914
|move|p2a: Dragapult|Flamethrower|p1a: Clefable
|-damage|p1a: Clefable|2/100
|-damage|p2a: Dragapult|81/100|[from] item: Life Orb
|move|p1a: Clefable|Soft-Boiled|p1a: Clefable
|-heal|p1a: Clefable|52/100
|
|upkeep
|turn|23
|
|t:|1659284922
|move|p2a: Dragapult|Phantom Force||[still]
|-prepare|p2a: Dragapult|Phantom Force
|move|p1a: Clefable|Soft-Boiled|p1a: Clefable
|-heal|p1a: Clefable|100/100
|
|upkeep
|turn|24
|
|t:|1659284927
|move|p2a: Dragapult|Phantom Force|p1a: Clefable|[from]lockedmove
|-damage|p1a: Clefable|54/100
|-damage|p2a: Dragapult|65/100|[from] item: Rocky Helmet|[of] p1a: Clefable
|-damage|p2a: Dragapult|55/100|[from] item: Life Orb
|move|p1a: Clefable|Moonblast|p2a: Dragapult
|-supereffective|p2a: Dragapult
|-damage|p2a: Dragapult|0 fnt
|faint|p2a: Dragapult
|
|upkeep
|
|t:|1659284940
|switch|p2a: Regidrago|Regidrago|100/100
|turn|25
|
|t:|1659284943
|move|p2a: Regidrago|Body Slam|p1a: Clefable
|-damage|p1a: Clefable|33/100
|-damage|p2a: Regidrago|84/100|[from] item: Rocky Helmet|[of] p1a: Clefable
|move|p1a: Clefable|Soft-Boiled|p1a: Clefable
|-heal|p1a: Clefable|83/100
|
|-heal|p2a: Regidrago|90/100|[from] item: Leftovers
|upkeep
|turn|26
|-message|Bleudeon forfeited.
|
|win|lt91bb FJ2K
|raw|lt91bb FJ2K's rating: 1700 &rarr; <strong>1721</strong><br />(+21 for winning)
|raw|Bleudeon's rating: 1721 &rarr; <strong>1700</strong><br />(-21 for losing)
|l|☆Bleudeon
|l| the gamer m
||Ladder isn't responding, score probably updated but might not have (Request timeout).
