|j|☆TheArtofWartortle
|j|☆CoconutCrabs
|t:|1658872938
|gametype|singles
|player|p1|TheArtofWartortle|bellepa|1725
|player|p2|CoconutCrabs|chuck|1809
|teamsize|p1|6
|teamsize|p2|6
|gen|8
|tier|[Gen 8] OU
|rated|
|rule|Sleep Clause Mod: Limit one foe put to sleep
|rule|Species Clause: Limit one of each Pokémon
|rule|OHKO Clause: OHKO moves are banned
|rule|Evasion Moves Clause: Evasion moves are banned
|rule|Endless Battle Clause: Forcing endless battles is banned
|rule|HP Percentage Mod: HP is shown in percentages
|rule|Dynamax Clause: You cannot dynamax
|clearpoke
|poke|p1|Haxorus, M|
|poke|p1|Dragapult, F|
|poke|p1|Corviknight, M|
|poke|p1|Tapu Bulu|
|poke|p1|Heatran, M|
|poke|p1|Nidoqueen, F|
|poke|p2|Tyranitar, F|
|poke|p2|Excadrill, F|
|poke|p2|Tornadus-Therian, M|
|poke|p2|Toxapex, M|
|poke|p2|Heatran, M|
|poke|p2|Tangrowth, F|
|teampreview
|inactive|Battle timer is ON: inactive players will automatically lose when time's up. (requested by CoconutCrabs)
|inactive|CoconutCrabs has 120 seconds left.
|
|t:|1658872971
|start
|switch|p1a: The Dancing Dragon|Haxorus, M, shiny|100/100
|switch|p2a: Paloma|Tornadus-Therian, M|100/100
|-ability|p1a: The Dancing Dragon|Mold Breaker
|turn|1
|
|t:|1658872978
|switch|p1a: The Duchess Mon|Nidoqueen, F|100/100
|move|p2a: Paloma|Hurricane|p1a: The Duchess Mon
|-damage|p1a: The Duchess Mon|42/100
|-start|p1a: The Duchess Mon|confusion
|
|-heal|p1a: The Duchess Mon|48/100|[from] item: Black Sludge
|upkeep
|turn|2
|
|t:|1658872987
|switch|p1a: The Dark Knight|Corviknight, M|100/100
|-ability|p1a: The Dark Knight|Pressure
|move|p2a: Paloma|Hurricane|p1a: The Dark Knight|[miss]
|-miss|p2a: Paloma|p1a: The Dark Knight
|
|upkeep
|turn|3
|
|t:|1658872990
|switch|p2a: Baby|Toxapex, M|100/100
|move|p1a: The Dark Knight|U-turn|p2a: Baby
|-resisted|p2a: Baby
|-damage|p2a: Baby|96/100
|-damage|p1a: The Dark Knight|84/100|[from] item: Rocky Helmet|[of] p2a: Baby
|j| HereForFrens
|
|t:|1658873003
|switch|p1a: The Dancing Dragon|Haxorus, M, shiny|100/100|[from]move: U-turn
|-ability|p1a: The Dancing Dragon|Mold Breaker
|
|upkeep
|turn|4
|l| HereForFrens
|
|t:|1658873006
|switch|p2a: Paloma|Tornadus-Therian, M|100/100
|move|p1a: The Dancing Dragon|Outrage|p2a: Paloma
|-damage|p2a: Paloma|0 fnt
|faint|p2a: Paloma
|
|upkeep
|
|t:|1658873013
|switch|p2a: Pretty|Tangrowth, F|100/100
|turn|5
|
|t:|1658873015
|move|p1a: The Dancing Dragon|Outrage|p2a: Pretty|[from]lockedmove
|-damage|p2a: Pretty|42/100
|-damage|p1a: The Dancing Dragon|84/100|[from] item: Rocky Helmet|[of] p2a: Pretty
|move|p2a: Pretty|Sleep Powder|p1a: The Dancing Dragon|[miss]
|-miss|p2a: Pretty|p1a: The Dancing Dragon
|
|upkeep
|turn|6
|-message|CoconutCrabs forfeited.
|
|win|TheArtofWartortle
|raw|TheArtofWartortle's rating: 1725 &rarr; <strong>1749</strong><br />(+24 for winning)
|raw|CoconutCrabs's rating: 1787 &rarr; <strong>1763</strong><br />(-24 for losing)
|l|☆CoconutCrabs
