|j|☆Wheezer
|j|☆QiYu nitaimei
|t:|1620444213
|gametype|singles
|player|p1|Wheezer|169|1656
|player|p2|QiYu nitaimei|bugcatcher|1693
|teamsize|p1|6
|teamsize|p2|6
|gen|8
|tier|[Gen 8] OU
|rated|
|rule|Sleep Clause Mod: Limit one foe put to sleep
|rule|Species Clause: Limit one of each Pokémon
|rule|OHKO Clause: OHKO moves are banned
|rule|Evasion Moves Clause: Evasion moves are banned
|rule|Endless Battle Clause: Forcing endless battles is banned
|rule|HP Percentage Mod: HP is shown in percentages
|rule|Dynamax Clause: You cannot dynamax
|clearpoke
|poke|p1|Malamar, F|
|poke|p1|Hippowdon, M|
|poke|p1|Cresselia, F|
|poke|p1|Blissey, F|
|poke|p1|Clefable, F|
|poke|p1|Corviknight, M|
|poke|p2|Clefable, F|
|poke|p2|Tapu Koko|
|poke|p2|Kartana|
|poke|p2|Corviknight, M|
|poke|p2|Hippowdon, F|
|poke|p2|Volcarona, M|
|teampreview
|
|t:|1620444217
|start
|switch|p1a: Hippowdon|Hippowdon, M|100/100
|switch|p2a: 砍人专家|Kartana|100/100
|-weather|Sandstorm|[from] ability: Sand Stream|[of] p1a: Hippowdon
|turn|1
|inactive|Battle timer is ON: inactive players will automatically lose when time's up. (requested by QiYu nitaimei)
|
|t:|1620444225
|switch|p1a: Cresselia|Cresselia, F|100/100
|move|p2a: 砍人专家|Leaf Blade|p1a: Cresselia
|-damage|p1a: Cresselia|53/100
|
|-weather|Sandstorm|[upkeep]
|-damage|p1a: Cresselia|46/100|[from] Sandstorm
|upkeep
|turn|2
|
|t:|1620444229
|switch|p1a: Corviknight|Corviknight, M|100/100
|-ability|p1a: Corviknight|Pressure
|move|p2a: 砍人专家|Leaf Blade|p1a: Corviknight
|-resisted|p1a: Corviknight
|-crit|p1a: Corviknight
|-damage|p1a: Corviknight|81/100
|
|-weather|Sandstorm|[upkeep]
|-heal|p1a: Corviknight|88/100|[from] item: Leftovers
|upkeep
|turn|3
|
|t:|1620444234
|move|p2a: 砍人专家|Leaf Blade|p1a: Corviknight
|-resisted|p1a: Corviknight
|-damage|p1a: Corviknight|74/100
|move|p1a: Corviknight|U-turn|p2a: 砍人专家
|-damage|p2a: 砍人专家|85/100
|
|t:|1620444241
|switch|p1a: Hippowdon|Hippowdon, M|100/100|[from]move: U-turn
|
|-weather|Sandstorm|[upkeep]
|upkeep
|turn|4
|
|t:|1620444245
|switch|p2a: E.Hero 闪电侠|Tapu Koko|100/100
|-fieldstart|move: Electric Terrain|[from] ability: Electric Surge|[of] p2a: E.Hero 闪电侠
|switch|p1a: Corviknight|Corviknight, M|74/100
|-ability|p1a: Corviknight|Pressure
|
|-weather|Sandstorm|[upkeep]
|-damage|p2a: E.Hero 闪电侠|94/100|[from] Sandstorm
|-heal|p1a: Corviknight|80/100|[from] item: Leftovers
|upkeep
|turn|5
|
|t:|1620444249
|switch|p1a: Hippowdon|Hippowdon, M|100/100
|move|p2a: E.Hero 闪电侠|U-turn|p1a: Hippowdon
|-damage|p1a: Hippowdon|88/100
|
|t:|1620444251
|switch|p2a: 砍人专家|Kartana|85/100|[from]move: U-turn
|
|-weather|none
|-heal|p1a: Hippowdon|94/100|[from] item: Leftovers
|upkeep
|turn|6
|
|t:|1620444254
|switch|p1a: Corviknight|Corviknight, M|80/100
|-ability|p1a: Corviknight|Pressure
|move|p2a: 砍人专家|Knock Off|p1a: Corviknight
|-damage|p1a: Corviknight|41/100
|-enditem|p1a: Corviknight|Leftovers|[from] move: Knock Off|[of] p2a: 砍人专家
|
|upkeep
|turn|7
|
|t:|1620444259
|switch|p2a: E.Hero 闪电侠|Tapu Koko|94/100
|move|p1a: Corviknight|Roost|p1a: Corviknight
|-heal|p1a: Corviknight|91/100
|-singleturn|p1a: Corviknight|move: Roost
|
|upkeep
|turn|8
|
|t:|1620444267
|switch|p1a: Hippowdon|Hippowdon, M|94/100
|-weather|Sandstorm|[from] ability: Sand Stream|[of] p1a: Hippowdon
|move|p2a: E.Hero 闪电侠|U-turn|p1a: Hippowdon
|-damage|p1a: Hippowdon|82/100
|
|t:|1620444272
|switch|p2a: 砍人专家|Kartana|85/100|[from]move: U-turn
|
|-weather|Sandstorm|[upkeep]
|-heal|p1a: Hippowdon|88/100|[from] item: Leftovers
|-fieldend|move: Electric Terrain
|upkeep
|turn|9
|
|t:|1620444279
|switch|p1a: Corviknight|Corviknight, M|91/100
|-ability|p1a: Corviknight|Pressure
|move|p2a: 砍人专家|Sacred Sword|p1a: Corviknight
|-damage|p1a: Corviknight|56/100
|
|-weather|Sandstorm|[upkeep]
|upkeep
|turn|10
|
|t:|1620444282
|move|p2a: 砍人专家|Sacred Sword|p1a: Corviknight
|-damage|p1a: Corviknight|20/100
|move|p1a: Corviknight|Roost|p1a: Corviknight
|-heal|p1a: Corviknight|70/100
|-singleturn|p1a: Corviknight|move: Roost
|
|-weather|Sandstorm|[upkeep]
|upkeep
|turn|11
|
|t:|1620444285
|move|p2a: 砍人专家|Sacred Sword|p1a: Corviknight
|-crit|p1a: Corviknight
|-damage|p1a: Corviknight|16/100
|move|p1a: Corviknight|Roost|p1a: Corviknight
|-heal|p1a: Corviknight|66/100
|-singleturn|p1a: Corviknight|move: Roost
|
|-weather|Sandstorm|[upkeep]
|upkeep
|turn|12
|
|t:|1620444289
|move|p2a: 砍人专家|Sacred Sword|p1a: Corviknight
|-damage|p1a: Corviknight|33/100
|move|p1a: Corviknight|Roost|p1a: Corviknight
|-heal|p1a: Corviknight|83/100
|-singleturn|p1a: Corviknight|move: Roost
|
|-weather|none
|upkeep
|turn|13
|
|t:|1620444292
|switch|p2a: E.Hero 闪电侠|Tapu Koko|94/100
|-fieldstart|move: Electric Terrain|[from] ability: Electric Surge|[of] p2a: E.Hero 闪电侠
|move|p1a: Corviknight|U-turn|p2a: E.Hero 闪电侠
|-resisted|p2a: E.Hero 闪电侠
|-damage|p2a: E.Hero 闪电侠|85/100
|
|t:|1620444294
|switch|p1a: Hippowdon|Hippowdon, M|88/100|[from]move: U-turn
|-weather|Sandstorm|[from] ability: Sand Stream|[of] p1a: Hippowdon
|
|-weather|Sandstorm|[upkeep]
|-damage|p2a: E.Hero 闪电侠|79/100|[from] Sandstorm
|-heal|p1a: Hippowdon|95/100|[from] item: Leftovers
|upkeep
|turn|14
|
|t:|1620444296
|move|p2a: E.Hero 闪电侠|U-turn|p1a: Hippowdon
|-damage|p1a: Hippowdon|83/100
|
|t:|1620444298
|switch|p2a: 飞天小女警|Corviknight, M|100/100|[from]move: U-turn
|-ability|p2a: 飞天小女警|Pressure
|move|p1a: Hippowdon|Stealth Rock|p2a: 飞天小女警
|-sidestart|p2: QiYu nitaimei|move: Stealth Rock
|
|-weather|Sandstorm|[upkeep]
|-heal|p1a: Hippowdon|89/100|[from] item: Leftovers
|upkeep
|turn|15
|
|t:|1620444302
|switch|p1a: Cresselia|Cresselia, F|46/100
|move|p2a: 飞天小女警|Defog|p1a: Cresselia
|-unboost|p1a: Cresselia|evasion|1
|-sideend|p2: QiYu nitaimei|Stealth Rock|[from] move: Defog|[of] p2a: 飞天小女警
|-fieldend|move: Electric Terrain
|
|-weather|Sandstorm|[upkeep]
|-damage|p1a: Cresselia|40/100|[from] Sandstorm
|upkeep
|turn|16
|
|t:|1620444304
|move|p1a: Cresselia|Trick|p2a: 飞天小女警
|-activate|p1a: Cresselia|move: Trick|[of] p2a: 飞天小女警
|-item|p2a: 飞天小女警|Choice Scarf|[from] move: Trick
|-item|p1a: Cresselia|Leftovers|[from] move: Trick
|move|p2a: 飞天小女警|U-turn|p1a: Cresselia
|-supereffective|p1a: Cresselia
|-damage|p1a: Cresselia|26/100
|
|t:|1620444314
|switch|p2a: 砍人专家|Kartana|85/100|[from]move: U-turn
|
|-weather|Sandstorm|[upkeep]
|-damage|p1a: Cresselia|20/100|[from] Sandstorm
|-heal|p1a: Cresselia|26/100|[from] item: Leftovers
|upkeep
|turn|17
|
|t:|1620444319
|switch|p1a: Corviknight|Corviknight, M|83/100
|-ability|p1a: Corviknight|Pressure
|move|p2a: 砍人专家|Knock Off|p1a: Corviknight
|-damage|p1a: Corviknight|56/100
|
|-weather|none
|upkeep
|turn|18
|
|t:|1620444322
|switch|p2a: E.Hero 闪电侠|Tapu Koko|79/100
|-fieldstart|move: Electric Terrain|[from] ability: Electric Surge|[of] p2a: E.Hero 闪电侠
|move|p1a: Corviknight|Roost|p1a: Corviknight
|-heal|p1a: Corviknight|100/100
|-singleturn|p1a: Corviknight|move: Roost
|
|upkeep
|turn|19
|
|t:|1620444332
|switch|p1a: Hippowdon|Hippowdon, M|89/100
|-weather|Sandstorm|[from] ability: Sand Stream|[of] p1a: Hippowdon
|move|p2a: E.Hero 闪电侠|Dazzling Gleam|p1a: Hippowdon
|-damage|p1a: Hippowdon|65/100
|
|-weather|Sandstorm|[upkeep]
|-damage|p2a: E.Hero 闪电侠|73/100|[from] Sandstorm
|-heal|p1a: Hippowdon|72/100|[from] item: Leftovers
|upkeep
|turn|20
|
|t:|1620444335
|move|p2a: E.Hero 闪电侠|U-turn|p1a: Hippowdon
|-damage|p1a: Hippowdon|59/100
|
|t:|1620444337
|switch|p2a: 河道单杀鳄鱼|Hippowdon, F|100/100|[from]move: U-turn
|move|p1a: Hippowdon|Stealth Rock|p2a: 河道单杀鳄鱼
|-sidestart|p2: QiYu nitaimei|move: Stealth Rock
|
|-weather|Sandstorm|[upkeep]
|-heal|p1a: Hippowdon|65/100|[from] item: Leftovers
|upkeep
|turn|21
|
|t:|1620444341
|switch|p1a: Cresselia|Cresselia, F|26/100
|move|p2a: 河道单杀鳄鱼|Stealth Rock|p1a: Cresselia
|-sidestart|p1: Wheezer|move: Stealth Rock
|
|-weather|Sandstorm|[upkeep]
|-damage|p1a: Cresselia|20/100|[from] Sandstorm
|-heal|p1a: Cresselia|26/100|[from] item: Leftovers
|upkeep
|turn|22
|
|t:|1620444349
|move|p1a: Cresselia|Moonlight|p1a: Cresselia
|-heal|p1a: Cresselia|51/100
|move|p2a: 河道单杀鳄鱼|Toxic|p1a: Cresselia
|-status|p1a: Cresselia|tox
|
|-weather|Sandstorm|[upkeep]
|-damage|p1a: Cresselia|45/100 tox|[from] Sandstorm
|-heal|p1a: Cresselia|51/100 tox|[from] item: Leftovers
|-damage|p1a: Cresselia|45/100 tox|[from] psn
|-fieldend|move: Electric Terrain
|upkeep
|turn|23
|
|t:|1620444356
|switch|p2a: 飞天小女警|Corviknight, M|100/100
|-damage|p2a: 飞天小女警|88/100|[from] Stealth Rock
|-ability|p2a: 飞天小女警|Pressure
|move|p1a: Cresselia|Toxic|p2a: 飞天小女警
|-immune|p2a: 飞天小女警
|
|-weather|none
|-heal|p1a: Cresselia|51/100 tox|[from] item: Leftovers
|-damage|p1a: Cresselia|39/100 tox|[from] psn
|upkeep
|turn|24
|
|t:|1620444359
|move|p2a: 飞天小女警|U-turn|p1a: Cresselia
|-supereffective|p1a: Cresselia
|-damage|p1a: Cresselia|25/100 tox
|
|t:|1620444362
|switch|p2a: 砍人专家|Kartana|85/100|[from]move: U-turn
|-damage|p2a: 砍人专家|79/100|[from] Stealth Rock
|move|p1a: Cresselia|Moonlight|p1a: Cresselia
|-heal|p1a: Cresselia|75/100 tox
|
|-heal|p1a: Cresselia|81/100 tox|[from] item: Leftovers
|-damage|p1a: Cresselia|63/100 tox|[from] psn
|upkeep
|turn|25
|
|t:|1620444365
|switch|p1a: Corviknight|Corviknight, M|100/100
|-damage|p1a: Corviknight|88/100|[from] Stealth Rock
|-ability|p1a: Corviknight|Pressure
|move|p2a: 砍人专家|Sacred Sword|p1a: Corviknight
|-damage|p1a: Corviknight|50/100
|
|upkeep
|turn|26
|
|t:|1620444367
|move|p2a: 砍人专家|Sacred Sword|p1a: Corviknight
|-damage|p1a: Corviknight|14/100
|move|p1a: Corviknight|Roost|p1a: Corviknight
|-heal|p1a: Corviknight|64/100
|-singleturn|p1a: Corviknight|move: Roost
|
|upkeep
|turn|27
|
|t:|1620444370
|move|p2a: 砍人专家|Sacred Sword|p1a: Corviknight
|-damage|p1a: Corviknight|30/100
|move|p1a: Corviknight|Roost|p1a: Corviknight
|-heal|p1a: Corviknight|80/100
|-singleturn|p1a: Corviknight|move: Roost
|
|upkeep
|turn|28
|
|t:|1620444376
|switch|p2a: E.Hero 闪电侠|Tapu Koko|73/100
|-fieldstart|move: Electric Terrain|[from] ability: Electric Surge|[of] p2a: E.Hero 闪电侠
|move|p1a: Corviknight|Defog|p2a: E.Hero 闪电侠
|-unboost|p2a: E.Hero 闪电侠|evasion|1
|-sideend|p2: QiYu nitaimei|Stealth Rock|[from] move: Defog|[of] p1a: Corviknight
|-sideend|p1: Wheezer|Stealth Rock|[from] move: Defog|[of] p1a: Corviknight
|-fieldend|move: Electric Terrain
|
|upkeep
|turn|29
|
|t:|1620444381
|switch|p1a: Blissey|Blissey, F|100/100
|move|p2a: E.Hero 闪电侠|U-turn|p1a: Blissey
|-crit|p1a: Blissey
|-damage|p1a: Blissey|78/100
|
|t:|1620444383
|switch|p2a: 砍人专家|Kartana|79/100|[from]move: U-turn
|
|upkeep
|turn|30
|
|t:|1620444386
|move|p1a: Blissey|Protect|p1a: Blissey
|-singleturn|p1a: Blissey|Protect
|move|p2a: 砍人专家|Sacred Sword|p1a: Blissey
|-activate|p1a: Blissey|move: Protect
|
|upkeep
|turn|31
|
|t:|1620444389
|switch|p2a: E.Hero 闪电侠|Tapu Koko|73/100
|-fieldstart|move: Electric Terrain|[from] ability: Electric Surge|[of] p2a: E.Hero 闪电侠
|switch|p1a: Clefable|Clefable, F|100/100
|
|upkeep
|turn|32
|
|t:|1620444393
|switch|p1a: Hippowdon|Hippowdon, M|65/100
|-weather|Sandstorm|[from] ability: Sand Stream|[of] p1a: Hippowdon
|move|p2a: E.Hero 闪电侠|Thunderbolt|p1a: Hippowdon
|-immune|p1a: Hippowdon
|
|-weather|Sandstorm|[upkeep]
|-damage|p2a: E.Hero 闪电侠|67/100|[from] Sandstorm
|-heal|p1a: Hippowdon|71/100|[from] item: Leftovers
|upkeep
|turn|33
|
|t:|1620444396
|move|p2a: E.Hero 闪电侠|U-turn|p1a: Hippowdon
|-damage|p1a: Hippowdon|61/100
|
|t:|1620444398
|switch|p2a: 河道单杀鳄鱼|Hippowdon, F|100/100|[from]move: U-turn
|move|p1a: Hippowdon|Stealth Rock|p2a: 河道单杀鳄鱼
|-sidestart|p2: QiYu nitaimei|move: Stealth Rock
|
|-weather|Sandstorm|[upkeep]
|-heal|p1a: Hippowdon|67/100|[from] item: Leftovers
|upkeep
|turn|34
|
|t:|1620444400
|move|p2a: 河道单杀鳄鱼|Stealth Rock|p1a: Hippowdon
|-sidestart|p1: Wheezer|move: Stealth Rock
|move|p1a: Hippowdon|Toxic|p2a: 河道单杀鳄鱼
|-status|p2a: 河道单杀鳄鱼|tox
|
|-weather|Sandstorm|[upkeep]
|-heal|p1a: Hippowdon|73/100|[from] item: Leftovers
|-damage|p2a: 河道单杀鳄鱼|94/100 tox|[from] psn
|upkeep
|turn|35
|
|t:|1620444405
|switch|p1a: Corviknight|Corviknight, M|80/100
|-damage|p1a: Corviknight|68/100|[from] Stealth Rock
|-ability|p1a: Corviknight|Pressure
|move|p2a: 河道单杀鳄鱼|Toxic|p1a: Corviknight
|-immune|p1a: Corviknight
|
|-weather|Sandstorm|[upkeep]
|-heal|p2a: 河道单杀鳄鱼|100/100 tox|[from] item: Leftovers
|-damage|p2a: 河道单杀鳄鱼|88/100 tox|[from] psn
|-fieldend|move: Electric Terrain
|upkeep
|turn|36
|
|t:|1620444410
|switch|p2a: E.Hero 闪电侠|Tapu Koko|67/100
|-fieldstart|move: Electric Terrain|[from] ability: Electric Surge|[of] p2a: E.Hero 闪电侠
|move|p1a: Corviknight|U-turn|p2a: E.Hero 闪电侠
|-resisted|p2a: E.Hero 闪电侠
|-damage|p2a: E.Hero 闪电侠|58/100
|
|t:|1620444414
|switch|p1a: Hippowdon|Hippowdon, M|73/100|[from]move: U-turn
|-damage|p1a: Hippowdon|67/100|[from] Stealth Rock
|
|-weather|none
|-heal|p1a: Hippowdon|73/100|[from] item: Leftovers
|upkeep
|turn|37
|
|t:|1620444416
|move|p2a: E.Hero 闪电侠|U-turn|p1a: Hippowdon
|-damage|p1a: Hippowdon|62/100
|
|t:|1620444420
|switch|p2a: 月爆不疼不要钱|Clefable, F|100/100|[from]move: U-turn
|-damage|p2a: 月爆不疼不要钱|88/100|[from] Stealth Rock
|move|p1a: Hippowdon|Earthquake|p2a: 月爆不疼不要钱
|-crit|p2a: 月爆不疼不要钱
|-damage|p2a: 月爆不疼不要钱|42/100
|
|-heal|p2a: 月爆不疼不要钱|48/100|[from] item: Leftovers
|-heal|p1a: Hippowdon|69/100|[from] item: Leftovers
|upkeep
|turn|38
|j| carueras
|
|t:|1620444426
|switch|p2a: 砍人专家|Kartana|79/100
|-damage|p2a: 砍人专家|73/100|[from] Stealth Rock
|move|p1a: Hippowdon|Toxic|p2a: 砍人专家
|-immune|p2a: 砍人专家
|
|-heal|p1a: Hippowdon|75/100|[from] item: Leftovers
|upkeep
|turn|39
|
|t:|1620444431
|switch|p1a: Clefable|Clefable, F|100/100
|-damage|p1a: Clefable|88/100|[from] Stealth Rock
|move|p2a: 砍人专家|Sacred Sword|p1a: Clefable
|-resisted|p1a: Clefable
|-damage|p1a: Clefable|65/100
|
|-heal|p1a: Clefable|71/100|[from] item: Leftovers
|upkeep
|turn|40
|
|t:|1620444437
|switch|p2a: 飞天小女警|Corviknight, M|88/100
|-damage|p2a: 飞天小女警|75/100|[from] Stealth Rock
|-ability|p2a: 飞天小女警|Pressure
|move|p1a: Clefable|Calm Mind|p1a: Clefable
|-boost|p1a: Clefable|spa|1
|-boost|p1a: Clefable|spd|1
|
|-heal|p1a: Clefable|77/100|[from] item: Leftovers
|-fieldend|move: Electric Terrain
|upkeep
|turn|41
|
|t:|1620444440
|move|p2a: 飞天小女警|U-turn|p1a: Clefable
|-resisted|p1a: Clefable
|-damage|p1a: Clefable|72/100
|
|t:|1620444442
|switch|p2a: 炎舞女郎|Volcarona, M|100/100|[from]move: U-turn
|move|p1a: Clefable|Moonblast|p2a: 炎舞女郎
|-resisted|p2a: 炎舞女郎
|-damage|p2a: 炎舞女郎|80/100
|-unboost|p2a: 炎舞女郎|spa|1
|
|-heal|p1a: Clefable|78/100|[from] item: Leftovers
|upkeep
|turn|42
|
|t:|1620444449
|move|p2a: 炎舞女郎|Quiver Dance|p2a: 炎舞女郎
|-boost|p2a: 炎舞女郎|spa|1
|-boost|p2a: 炎舞女郎|spd|1
|-boost|p2a: 炎舞女郎|spe|1
|move|p1a: Clefable|Calm Mind|p1a: Clefable
|-boost|p1a: Clefable|spa|1
|-boost|p1a: Clefable|spd|1
|
|-heal|p1a: Clefable|85/100|[from] item: Leftovers
|upkeep
|turn|43
|
|t:|1620444464
|move|p2a: 炎舞女郎|Fiery Dance|p1a: Clefable
|-damage|p1a: Clefable|64/100
|move|p1a: Clefable|Moonblast|p2a: 炎舞女郎
|-resisted|p2a: 炎舞女郎
|-damage|p2a: 炎舞女郎|52/100
|
|-heal|p1a: Clefable|70/100|[from] item: Leftovers
|upkeep
|turn|44
|
|t:|1620444469
|move|p2a: 炎舞女郎|Quiver Dance|p2a: 炎舞女郎
|-boost|p2a: 炎舞女郎|spa|1
|-boost|p2a: 炎舞女郎|spd|1
|-boost|p2a: 炎舞女郎|spe|1
|move|p1a: Clefable|Moonblast|p2a: 炎舞女郎
|-resisted|p2a: 炎舞女郎
|-damage|p2a: 炎舞女郎|25/100
|-unboost|p2a: 炎舞女郎|spa|1
|
|-heal|p1a: Clefable|76/100|[from] item: Leftovers
|upkeep
|turn|45
|
|t:|1620444473
|move|p2a: 炎舞女郎|Roost|p2a: 炎舞女郎
|-heal|p2a: 炎舞女郎|75/100
|-singleturn|p2a: 炎舞女郎|move: Roost
|move|p1a: Clefable|Calm Mind|p1a: Clefable
|-boost|p1a: Clefable|spa|1
|-boost|p1a: Clefable|spd|1
|
|-heal|p1a: Clefable|82/100|[from] item: Leftovers
|upkeep
|turn|46
|
|t:|1620444482
|move|p2a: 炎舞女郎|Fiery Dance|p1a: Clefable
|-damage|p1a: Clefable|66/100
|-boost|p2a: 炎舞女郎|spa|1
|move|p1a: Clefable|Calm Mind|p1a: Clefable
|-boost|p1a: Clefable|spa|1
|-boost|p1a: Clefable|spd|1
|
|-heal|p1a: Clefable|72/100|[from] item: Leftovers
|upkeep
|turn|47
|
|t:|1620444488
|switch|p2a: 月爆不疼不要钱|Clefable, F|48/100
|-damage|p2a: 月爆不疼不要钱|36/100|[from] Stealth Rock
|move|p1a: Clefable|Moonblast|p2a: 月爆不疼不要钱
|-damage|p2a: 月爆不疼不要钱|7/100
|
|-heal|p2a: 月爆不疼不要钱|13/100|[from] item: Leftovers
|-heal|p1a: Clefable|78/100|[from] item: Leftovers
|upkeep
|turn|48
|
|t:|1620444491
|move|p2a: 月爆不疼不要钱|Soft-Boiled|p2a: 月爆不疼不要钱
|-heal|p2a: 月爆不疼不要钱|63/100
|move|p1a: Clefable|Moonblast|p2a: 月爆不疼不要钱
|-damage|p2a: 月爆不疼不要钱|34/100
|
|-heal|p2a: 月爆不疼不要钱|40/100|[from] item: Leftovers
|-heal|p1a: Clefable|85/100|[from] item: Leftovers
|upkeep
|turn|49
|
|t:|1620444495
|move|p2a: 月爆不疼不要钱|Soft-Boiled|p2a: 月爆不疼不要钱
|-heal|p2a: 月爆不疼不要钱|90/100
|move|p1a: Clefable|Aromatherapy|p1a: Clefable
|-activate|p1a: Clefable|move: Aromatherapy
|-curestatus|p1: Cresselia|tox|[msg]
|
|-heal|p2a: 月爆不疼不要钱|96/100|[from] item: Leftovers
|-heal|p1a: Clefable|91/100|[from] item: Leftovers
|upkeep
|turn|50
|
|t:|1620444498
|switch|p1a: Corviknight|Corviknight, M|68/100
|-damage|p1a: Corviknight|56/100|[from] Stealth Rock
|-ability|p1a: Corviknight|Pressure
|move|p2a: 月爆不疼不要钱|Calm Mind|p2a: 月爆不疼不要钱
|-boost|p2a: 月爆不疼不要钱|spa|1
|-boost|p2a: 月爆不疼不要钱|spd|1
|
|-heal|p2a: 月爆不疼不要钱|100/100|[from] item: Leftovers
|upkeep
|turn|51
|
|t:|1620444502
|move|p2a: 月爆不疼不要钱|Calm Mind|p2a: 月爆不疼不要钱
|-boost|p2a: 月爆不疼不要钱|spa|1
|-boost|p2a: 月爆不疼不要钱|spd|1
|move|p1a: Corviknight|Roost|p1a: Corviknight
|-heal|p1a: Corviknight|100/100
|-singleturn|p1a: Corviknight|move: Roost
|
|upkeep
|turn|52
|
|t:|1620444507
|move|p2a: 月爆不疼不要钱|Moonblast|p1a: Corviknight
|-resisted|p1a: Corviknight
|-damage|p1a: Corviknight|67/100
|-unboost|p1a: Corviknight|spa|1
|move|p1a: Corviknight|Defog|p2a: 月爆不疼不要钱
|-unboost|p2a: 月爆不疼不要钱|evasion|1
|-sideend|p2: QiYu nitaimei|Stealth Rock|[from] move: Defog|[of] p1a: Corviknight
|-sideend|p1: Wheezer|Stealth Rock|[from] move: Defog|[of] p1a: Corviknight
|
|upkeep
|turn|53
|
|t:|1620444510
|move|p2a: 月爆不疼不要钱|Moonblast|p1a: Corviknight
|-resisted|p1a: Corviknight
|-damage|p1a: Corviknight|35/100
|move|p1a: Corviknight|U-turn|p2a: 月爆不疼不要钱
|-resisted|p2a: 月爆不疼不要钱
|-damage|p2a: 月爆不疼不要钱|95/100
|
|t:|1620444513
|switch|p1a: Blissey|Blissey, F|78/100|[from]move: U-turn
|
|-heal|p2a: 月爆不疼不要钱|100/100|[from] item: Leftovers
|upkeep
|turn|54
|
|t:|1620444516
|switch|p2a: 砍人专家|Kartana|73/100
|move|p1a: Blissey|Toxic|p2a: 砍人专家
|-immune|p2a: 砍人专家
|
|upkeep
|turn|55
|
|t:|1620444518
|move|p1a: Blissey|Protect|p1a: Blissey
|-singleturn|p1a: Blissey|Protect
|move|p2a: 砍人专家|Smart Strike|p1a: Blissey
|-activate|p1a: Blissey|move: Protect
|
|upkeep
|turn|56
|
|t:|1620444524
|switch|p1a: Corviknight|Corviknight, M|35/100
|-ability|p1a: Corviknight|Pressure
|move|p2a: 砍人专家|Smart Strike|p1a: Corviknight
|-resisted|p1a: Corviknight
|-damage|p1a: Corviknight|15/100
|
|upkeep
|turn|57
|
|t:|1620444529
|switch|p1a: Cresselia|Cresselia, F|63/100
|move|p2a: 砍人专家|Smart Strike|p1a: Cresselia
|-damage|p1a: Cresselia|27/100
|
|-heal|p1a: Cresselia|33/100|[from] item: Leftovers
|upkeep
|turn|58
|
|t:|1620444538
|move|p2a: 砍人专家|Smart Strike|p1a: Cresselia
|-damage|p1a: Cresselia|0 fnt
|faint|p1a: Cresselia
|-ability|p2a: 砍人专家|Beast Boost|boost
|-boost|p2a: 砍人专家|atk|1
|
|upkeep
|
|t:|1620444544
|switch|p1a: Hippowdon|Hippowdon, M|75/100
|-weather|Sandstorm|[from] ability: Sand Stream|[of] p1a: Hippowdon
|turn|59
|
|t:|1620444546
|move|p2a: 砍人专家|Smart Strike|p1a: Hippowdon
|-damage|p1a: Hippowdon|6/100
|move|p1a: Hippowdon|Slack Off|p1a: Hippowdon
|-heal|p1a: Hippowdon|56/100
|
|-weather|Sandstorm|[upkeep]
|-heal|p1a: Hippowdon|62/100|[from] item: Leftovers
|upkeep
|turn|60
|-message|Wheezer forfeited.
|
|win|QiYu nitaimei
|raw|Wheezer's rating: 1656 &rarr; <strong>1638</strong><br />(-18 for losing)
|raw|QiYu nitaimei's rating: 1693 &rarr; <strong>1711</strong><br />(+18 for winning)
|l|☆Wheezer
|l| carueras
