|j|☆Langheck
|j|☆SetsuStsna
|inactive|Battle timer is ON: inactive players will automatically lose when time's up.
|t:|1649809925
|gametype|singles
|player|p1|Langheck|lance-gen2|
|player|p2|SetsuStsna|dawn-gen4pt|
|teamsize|p1|4
|teamsize|p2|4
|gen|8
|tier|[Gen 8] OU
|rated|Tournament battle
|rule|Sleep Clause Mod: Limit one foe put to sleep
|rule|OHKO Clause: OHKO moves are banned
|rule|Evasion Moves Clause: Evasion moves are banned
|rule|Endless Battle Clause: Forcing endless battles is banned
|rule|HP Percentage Mod: HP is shown in percentages
|rule|Dynamax Clause: You cannot dynamax
|clearpoke
|poke|p1|Corsola-Galar, M|
|poke|p1|Corsola, F|
|poke|p1|Corsola-Galar, M|
|poke|p1|Corsola-Galar, F|
|poke|p2|Corsola-Galar, M|
|poke|p2|Corsola, M|
|poke|p2|Corsola-Galar, F|
|poke|p2|Corsola-Galar, F|
|teampreview
|c|☆SetsuStsna|hf
|c|☆Langheck|glhf
|j| TheNewBrends11
|j| RedDiamond1024
|
|t:|1649809939
|start
|switch|p1a: Corsola|Corsola-Galar, F|100/100
|switch|p2a: Corsola|Corsola-Galar, F, shiny|100/100
|turn|1
|l| RedDiamond1024
|c|☆SetsuStsna|wtf is this
|
|t:|1649809949
|move|p2a: Corsola|Substitute|p2a: Corsola
|-start|p2a: Corsola|Substitute
|-damage|p2a: Corsola|75/100
|move|p1a: Corsola|Substitute|p1a: Corsola
|-start|p1a: Corsola|Substitute
|-damage|p1a: Corsola|76/100
|
|upkeep
|turn|2
|
|t:|1649809955
|move|p2a: Corsola|Amnesia|p2a: Corsola
|-boost|p2a: Corsola|spd|2
|move|p1a: Corsola|Will-O-Wisp||[still]
|-fail|p1a: Corsola
|
|upkeep
|turn|3
|
|t:|1649809960
|move|p2a: Corsola|Night Shade|p1a: Corsola
|-end|p1a: Corsola|Substitute
|move|p1a: Corsola|Haze|p1a: Corsola
|-clearallboost
|
|upkeep
|turn|4
|
|t:|1649809969
|switch|p1a: Corsola|Corsola, F, shiny|100/100
|move|p2a: Corsola|Night Shade|p1a: Corsola
|-damage|p1a: Corsola|64/100
|
|upkeep
|turn|5
|
|t:|1649809975
|move|p1a: Corsola|Earthquake|p2a: Corsola
|-end|p2a: Corsola|Substitute
|move|p2a: Corsola|Night Shade|p1a: Corsola
|-damage|p1a: Corsola|27/100
|
|upkeep
|turn|6
|
|t:|1649809979
|move|p1a: Corsola|Earthquake|p2a: Corsola|[miss]
|-miss|p1a: Corsola|p2a: Corsola
|move|p2a: Corsola|Night Shade|p1a: Corsola
|-damage|p1a: Corsola|0 fnt
|faint|p1a: Corsola
|
|upkeep
|
|t:|1649809993
|switch|p1a: Corsola|Corsola-Galar, M, shiny|100/100
|turn|7
|
|t:|1649810005
|move|p1a: Corsola|Night Shade|p2a: Corsola
|-damage|p2a: Corsola|45/100
|move|p2a: Corsola|Night Shade|p1a: Corsola
|-damage|p1a: Corsola|70/100
|-start|p2a: Corsola|Disable|Night Shade|[from] ability: Cursed Body|[of] p1a: Corsola
|
|upkeep
|turn|8
|j| bt8 9
|
|t:|1649810010
|move|p1a: Corsola|Substitute|p1a: Corsola
|-start|p1a: Corsola|Substitute
|-damage|p1a: Corsola|45/100
|move|p2a: Corsola|Rest|p2a: Corsola
|-status|p2a: Corsola|slp|[from] move: Rest
|-heal|p2a: Corsola|100/100 slp|[silent]
|-enditem|p2a: Corsola|Chesto Berry|[eat]
|-curestatus|p2a: Corsola|slp|[msg]
|
|upkeep
|turn|9
|
|t:|1649810014
|move|p2a: Corsola|Substitute|p2a: Corsola
|-start|p2a: Corsola|Substitute
|-damage|p2a: Corsola|75/100
|move|p1a: Corsola|Night Shade|p2a: Corsola
|-end|p2a: Corsola|Substitute
|
|upkeep
|turn|10
|
|t:|1649810020
|move|p2a: Corsola|Substitute|p2a: Corsola
|-start|p2a: Corsola|Substitute
|-damage|p2a: Corsola|50/100
|move|p1a: Corsola|Night Shade|p2a: Corsola
|-end|p2a: Corsola|Substitute
|
|-end|p2a: Corsola|Disable
|upkeep
|turn|11
|
|t:|1649810024
|move|p2a: Corsola|Night Shade|p1a: Corsola
|-end|p1a: Corsola|Substitute
|move|p1a: Corsola|Night Shade|p2a: Corsola
|-damage|p2a: Corsola|20/100
|
|upkeep
|turn|12
|
|t:|1649810027
|move|p1a: Corsola|Night Shade|p2a: Corsola
|-damage|p2a: Corsola|0 fnt
|faint|p2a: Corsola
|
|upkeep
|j| Mangoes Crazy
|
|t:|1649810037
|switch|p2a: Corsola|Corsola, M, shiny|100/100
|turn|13
|
|t:|1649810043
|switch|p1a: Corsola|Corsola-Galar, F|76/100
|move|p2a: Corsola|Head Smash|p1a: Corsola|[miss]
|-miss|p2a: Corsola|p1a: Corsola
|
|upkeep
|turn|14
|
|t:|1649810047
|move|p2a: Corsola|Head Smash|p1a: Corsola
|-damage|p1a: Corsola|0 fnt
|faint|p1a: Corsola
|-damage|p2a: Corsola|56/100|[from] Recoil
|
|upkeep
|l| bt8 9
|
|t:|1649810053
|switch|p1a: Corsola|Corsola-Galar, M, shiny|100/100
|turn|15
|
|t:|1649810055
|move|p2a: Corsola|Head Smash|p1a: Corsola|[miss]
|-miss|p2a: Corsola|p1a: Corsola
|move|p1a: Corsola|Giga Drain|p2a: Corsola
|-supereffective|p2a: Corsola
|-damage|p2a: Corsola|0 fnt
|faint|p2a: Corsola
|
|upkeep
|
|t:|1649810058
|switch|p2a: Corsola|Corsola-Galar, M, shiny|100/100
|turn|16
|
|t:|1649810062
|move|p1a: Corsola|Calm Mind|p1a: Corsola
|-boost|p1a: Corsola|spa|1
|-boost|p1a: Corsola|spd|1
|move|p2a: Corsola|Calm Mind|p2a: Corsola
|-boost|p2a: Corsola|spa|1
|-boost|p2a: Corsola|spd|1
|
|upkeep
|turn|17
|
|t:|1649810066
|move|p2a: Corsola|Calm Mind|p2a: Corsola
|-boost|p2a: Corsola|spa|1
|-boost|p2a: Corsola|spd|1
|move|p1a: Corsola|Shadow Ball|p2a: Corsola
|-supereffective|p2a: Corsola
|-damage|p2a: Corsola|62/100
|
|upkeep
|turn|18
|
|t:|1649810068
|move|p1a: Corsola|Shadow Ball|p2a: Corsola
|-supereffective|p2a: Corsola
|-damage|p2a: Corsola|22/100
|move|p2a: Corsola|Shadow Ball|p1a: Corsola
|-supereffective|p1a: Corsola
|-damage|p1a: Corsola|24/100
|
|upkeep
|turn|19
|
|t:|1649810071
|move|p1a: Corsola|Shadow Ball|p2a: Corsola
|-supereffective|p2a: Corsola
|-damage|p2a: Corsola|0 fnt
|faint|p2a: Corsola
|
|upkeep
|c|☆SetsuStsna|broooo
|
|t:|1649810075
|switch|p2a: Corsola|Corsola-Galar, F|100/100
|turn|20
|
|t:|1649810080
|move|p1a: Corsola|Rest|p1a: Corsola
|-status|p1a: Corsola|slp|[from] move: Rest
|-heal|p1a: Corsola|100/100 slp|[silent]
|-enditem|p1a: Corsola|Chesto Berry|[eat]
|-curestatus|p1a: Corsola|slp|[msg]
|move|p2a: Corsola|Haze|p2a: Corsola
|-clearallboost
|
|upkeep
|turn|21
|
|t:|1649810084
|move|p1a: Corsola|Calm Mind|p1a: Corsola
|-boost|p1a: Corsola|spa|1
|-boost|p1a: Corsola|spd|1
|move|p2a: Corsola|Substitute|p2a: Corsola
|-start|p2a: Corsola|Substitute
|-damage|p2a: Corsola|76/100
|
|upkeep
|turn|22
|c|☆SetsuStsna|gg
|-message|SetsuStsna forfeited.
|
|win|Langheck
|n|☆Langheck|langheck
|n|☆SetsuStsna|setsustsna
|n| TheNewBrends11|thenewbrends11
|n| Mangoes Crazy|mangoescrazy
|c|☆Langheck|gg
|l|☆Langheck
|c|☆SetsuStsna|gl in future rounds :=
|l| Mangoes Crazy
|l|☆SetsuStsna
