|j|☆j_albacino023
|j|☆gunk in ma troat
|t:|1656289086
|gametype|singles
|player|p1|j_albacino023|101|1759
|player|p2|gunk in ma troat|102|1775
|teamsize|p1|6
|teamsize|p2|6
|gen|8
|tier|[Gen 8] OU
|rated|
|rule|Sleep Clause Mod: Limit one foe put to sleep
|rule|Species Clause: Limit one of each Pokémon
|rule|OHKO Clause: OHKO moves are banned
|rule|Evasion Moves Clause: Evasion moves are banned
|rule|Endless Battle Clause: Forcing endless battles is banned
|rule|HP Percentage Mod: HP is shown in percentages
|rule|Dynamax Clause: You cannot dynamax
|clearpoke
|poke|p1|Ferrothorn, F|
|poke|p1|Rotom-Wash|
|poke|p1|Tyranitar, F|
|poke|p1|Excadrill, F|
|poke|p1|Clefable, M|
|poke|p1|Dragapult, F|
|poke|p2|Pelipper, F|
|poke|p2|Barraskewda, F|
|poke|p2|Ferrothorn, F|
|poke|p2|Seismitoad, M|
|poke|p2|Tornadus-Therian, M|
|poke|p2|Tapu Lele|
|teampreview
|
|t:|1656289091
|start
|switch|p1a: Rotom|Rotom-Wash|100/100
|switch|p2a: Tapu Lele|Tapu Lele|100/100
|-fieldstart|move: Psychic Terrain|[from] ability: Psychic Surge|[of] p2a: Tapu Lele
|turn|1
|j|+Dragonillis
|
|t:|1656289095
|switch|p1a: Ferrothorn|Ferrothorn, F|100/100
|move|p2a: Tapu Lele|Focus Blast|p1a: Ferrothorn
|-supereffective|p1a: Ferrothorn
|-damage|p1a: Ferrothorn|0 fnt
|faint|p1a: Ferrothorn
|
|upkeep
|
|t:|1656289100
|switch|p1a: Dragapult|Dragapult, F|100/100
|turn|2
|
|t:|1656289102
|switch|p2a: Tornadus|Tornadus-Therian, M|100/100
|move|p1a: Dragapult|Shadow Ball|p2a: Tornadus
|-damage|p2a: Tornadus|68/100
|
|upkeep
|turn|3
|j| ash_won_kalos
|
|t:|1656289105
|move|p1a: Dragapult|Shadow Ball|p2a: Tornadus
|-damage|p2a: Tornadus|29/100
|-unboost|p2a: Tornadus|spd|1
|move|p2a: Tornadus|Knock Off|p1a: Dragapult
|-supereffective|p1a: Dragapult
|-damage|p1a: Dragapult|48/100
|-enditem|p1a: Dragapult|Choice Specs|[from] move: Knock Off|[of] p2a: Tornadus
|
|upkeep
|turn|4
|
|t:|1656289112
|switch|p2a: Ferrothorn|Ferrothorn, F|100/100
|move|p1a: Dragapult|Shadow Ball|p2a: Ferrothorn
|-damage|p2a: Ferrothorn|69/100
|
|upkeep
|turn|5
|
|t:|1656289116
|move|p1a: Dragapult|Shadow Ball|p2a: Ferrothorn
|-damage|p2a: Ferrothorn|36/100
|move|p2a: Ferrothorn|Knock Off|p1a: Dragapult
|-supereffective|p1a: Dragapult
|-damage|p1a: Dragapult|11/100
|
|-fieldend|move: Psychic Terrain
|upkeep
|turn|6
|
|t:|1656289119
|move|p1a: Dragapult|Flamethrower|p2a: Ferrothorn
|-supereffective|p2a: Ferrothorn
|-damage|p2a: Ferrothorn|0 fnt
|faint|p2a: Ferrothorn
|
|upkeep
|
|t:|1656289123
|switch|p2a: Tornadus|Tornadus-Therian, M|63/100
|turn|7
|
|t:|1656289126
|move|p1a: Dragapult|U-turn|p2a: Tornadus
|-resisted|p2a: Tornadus
|-damage|p2a: Tornadus|53/100
|
|t:|1656289128
|switch|p1a: Rotom|Rotom-Wash|100/100|[from]move: U-turn
|move|p2a: Tornadus|Knock Off|p1a: Rotom
|-damage|p1a: Rotom|79/100
|-enditem|p1a: Rotom|Leftovers|[from] move: Knock Off|[of] p2a: Tornadus
|
|upkeep
|turn|8
|
|t:|1656289135
|switch|p2a: Seismitoad|Seismitoad, M|100/100
|move|p1a: Rotom|Toxic|p2a: Seismitoad
|-status|p2a: Seismitoad|tox
|
|-damage|p2a: Seismitoad|95/100 tox|[from] psn
|upkeep
|turn|9
|
|t:|1656289138
|switch|p1a: Clefable|Clefable, M|100/100
|move|p2a: Seismitoad|Stealth Rock|p1a: Clefable
|-sidestart|p1: j_albacino023|move: Stealth Rock
|
|-damage|p2a: Seismitoad|83/100 tox|[from] psn
|upkeep
|turn|10
|j| LT_Alt1
|
|t:|1656289145
|switch|p2a: Tapu Lele|Tapu Lele|100/100
|-fieldstart|move: Psychic Terrain|[from] ability: Psychic Surge|[of] p2a: Tapu Lele
|move|p1a: Clefable|Stealth Rock|p2a: Tapu Lele
|-sidestart|p2: gunk in ma troat|move: Stealth Rock
|
|upkeep
|turn|11
|
|t:|1656289149
|switch|p1a: Dragapult|Dragapult, F|11/100
|-damage|p1a: Dragapult|0 fnt|[from] Stealth Rock
|faint|p1a: Dragapult
|move|p2a: Tapu Lele|Focus Blast|p1: Dragapult|[notarget]
|-fail|p2a: Tapu Lele
|
|upkeep
|
|t:|1656289151
|switch|p1a: Clefable|Clefable, M|100/100
|turn|12
|
|t:|1656289155
|switch|p2a: Pelipper|Pelipper, F|100/100
|-damage|p2a: Pelipper|76/100|[from] Stealth Rock
|-weather|RainDance|[from] ability: Drizzle|[of] p2a: Pelipper
|move|p1a: Clefable|Moonblast|p2a: Pelipper
|-damage|p2a: Pelipper|29/100
|-unboost|p2a: Pelipper|spa|1
|
|-weather|RainDance|[upkeep]
|upkeep
|turn|13
|
|t:|1656289168
|switch|p2a: Tornadus|Tornadus-Therian, M|87/100
|-damage|p2a: Tornadus|62/100|[from] Stealth Rock
|move|p1a: Clefable|Moonblast|p2a: Tornadus
|-damage|p2a: Tornadus|41/100
|
|-weather|RainDance|[upkeep]
|upkeep
|turn|14
|j| gdrgdchfghfghg
|
|t:|1656289176
|move|p2a: Tornadus|Knock Off|p1a: Clefable
|-resisted|p1a: Clefable
|-damage|p1a: Clefable|93/100
|-damage|p2a: Tornadus|24/100|[from] item: Rocky Helmet|[of] p1a: Clefable
|-enditem|p1a: Clefable|Rocky Helmet|[from] move: Knock Off|[of] p2a: Tornadus
|move|p1a: Clefable|Moonblast|p2a: Tornadus
|-damage|p2a: Tornadus|5/100
|-unboost|p2a: Tornadus|spa|1
|
|-weather|RainDance|[upkeep]
|-fieldend|move: Psychic Terrain
|upkeep
|turn|15
|
|t:|1656289182
|move|p2a: Tornadus|Hurricane|p1a: Clefable
|-damage|p1a: Clefable|69/100
|move|p1a: Clefable|Moonblast|p2a: Tornadus
|-damage|p2a: Tornadus|0 fnt
|faint|p2a: Tornadus
|
|-weather|RainDance|[upkeep]
|upkeep
|j| skylink42❤
|
|t:|1656289184
|switch|p2a: Barraskewda|Barraskewda, F|100/100
|-damage|p2a: Barraskewda|88/100|[from] Stealth Rock
|turn|16
|
|t:|1656289190
|move|p2a: Barraskewda|Liquidation|p1a: Clefable
|-damage|p1a: Clefable|0 fnt
|faint|p1a: Clefable
|
|-weather|RainDance|[upkeep]
|upkeep
|j| Toon Cards
|
|t:|1656289192
|switch|p1a: Rotom|Rotom-Wash|79/100
|-damage|p1a: Rotom|66/100|[from] Stealth Rock
|turn|17
|
|t:|1656289196
|switch|p2a: Seismitoad|Seismitoad, M|83/100 tox
|-damage|p2a: Seismitoad|77/100 tox|[from] Stealth Rock
|move|p1a: Rotom|Hydro Pump|p2a: Seismitoad
|-damage|p2a: Seismitoad|2/100 tox
|
|-weather|RainDance|[upkeep]
|-damage|p2a: Seismitoad|0 fnt|[from] psn
|faint|p2a: Seismitoad
|upkeep
|
|t:|1656289199
|switch|p2a: Tapu Lele|Tapu Lele|100/100
|-damage|p2a: Tapu Lele|88/100|[from] Stealth Rock
|-fieldstart|move: Psychic Terrain|[from] ability: Psychic Surge|[of] p2a: Tapu Lele
|turn|18
|
|t:|1656289212
|move|p1a: Rotom|Volt Switch|p2a: Tapu Lele
|-damage|p2a: Tapu Lele|62/100
|
|t:|1656289220
|switch|p1a: Excadrill|Excadrill, F|100/100|[from]move: Volt Switch
|-damage|p1a: Excadrill|97/100|[from] Stealth Rock
|move|p2a: Tapu Lele|Moonblast|p1a: Excadrill
|-resisted|p1a: Excadrill
|-damage|p1a: Excadrill|42/100
|
|-weather|RainDance|[upkeep]
|-heal|p1a: Excadrill|48/100|[from] item: Leftovers
|upkeep
|turn|19
|
|t:|1656289231
|move|p1a: Excadrill|Iron Head|p2a: Tapu Lele
|-supereffective|p2a: Tapu Lele
|-damage|p2a: Tapu Lele|0 fnt
|faint|p2a: Tapu Lele
|
|-weather|none
|-heal|p1a: Excadrill|54/100|[from] item: Leftovers
|upkeep
|
|t:|1656289242
|switch|p2a: Barraskewda|Barraskewda, F|88/100
|-damage|p2a: Barraskewda|76/100|[from] Stealth Rock
|turn|20
|
|t:|1656289258
|switch|p1a: Tyranitar|Tyranitar, F|100/100
|-damage|p1a: Tyranitar|88/100|[from] Stealth Rock
|-weather|Sandstorm|[from] ability: Sand Stream|[of] p1a: Tyranitar
|move|p2a: Barraskewda|Liquidation|p1a: Tyranitar
|-supereffective|p1a: Tyranitar
|-damage|p1a: Tyranitar|0 fnt
|faint|p1a: Tyranitar
|
|-weather|Sandstorm|[upkeep]
|-damage|p2a: Barraskewda|70/100|[from] Sandstorm
|upkeep
|
|t:|1656289263
|switch|p1a: Excadrill|Excadrill, F|54/100
|-damage|p1a: Excadrill|51/100|[from] Stealth Rock
|turn|21
|
|t:|1656289267
|switch|p2a: Pelipper|Pelipper, F|29/100
|-damage|p2a: Pelipper|5/100|[from] Stealth Rock
|-weather|RainDance|[from] ability: Drizzle|[of] p2a: Pelipper
|move|p1a: Excadrill|Rapid Spin|p2a: Pelipper
|-damage|p2a: Pelipper|0 fnt
|-boost|p1a: Excadrill|spe|1
|-sideend|p1: j_albacino023|Stealth Rock|[from] move: Rapid Spin|[of] p1a: Excadrill
|faint|p2a: Pelipper
|
|-weather|RainDance|[upkeep]
|-heal|p1a: Excadrill|57/100|[from] item: Leftovers
|upkeep
|
|t:|1656289270
|switch|p2a: Barraskewda|Barraskewda, F|70/100
|-damage|p2a: Barraskewda|58/100|[from] Stealth Rock
|turn|22
|
|t:|1656289277
|move|p2a: Barraskewda|Close Combat|p1a: Excadrill
|-supereffective|p1a: Excadrill
|-crit|p1a: Excadrill
|-damage|p1a: Excadrill|0 fnt
|-unboost|p2a: Barraskewda|def|1
|-unboost|p2a: Barraskewda|spd|1
|faint|p1a: Excadrill
|
|-weather|RainDance|[upkeep]
|-fieldend|move: Psychic Terrain
|upkeep
|
|t:|1656289278
|switch|p1a: Rotom|Rotom-Wash|66/100
|turn|23
|
|t:|1656289280
|move|p2a: Barraskewda|Close Combat|p1a: Rotom
|-damage|p1a: Rotom|0 fnt
|-unboost|p2a: Barraskewda|def|1
|-unboost|p2a: Barraskewda|spd|1
|faint|p1a: Rotom
|
|win|gunk in ma troat
|raw|j_albacino023's rating: 1759 &rarr; <strong>1740</strong><br />(-19 for losing)
|raw|gunk in ma troat's rating: 1775 &rarr; <strong>1794</strong><br />(+19 for winning)
|l|☆j_albacino023
|l| skylink42❤
|l|☆gunk in ma troat
|l| ash_won_kalos
||Ladder isn't responding, score probably updated but might not have (Request timeout).
|l| Toon Cards
|l| gdrgdchfghfghg
