|j|☆csc31d1d
|j|☆TheonReekGreyjoy
|t:|1630315225
|gametype|singles
|player|p1|csc31d1d|lass-gen4dp|1689
|player|p2|TheonReekGreyjoy|7|1902
|teamsize|p1|6
|teamsize|p2|6
|gen|8
|tier|[Gen 8] OU
|rated|
|rule|Sleep Clause Mod: Limit one foe put to sleep
|rule|Species Clause: Limit one of each Pokémon
|rule|OHKO Clause: OHKO moves are banned
|rule|Evasion Moves Clause: Evasion moves are banned
|rule|Endless Battle Clause: Forcing endless battles is banned
|rule|HP Percentage Mod: HP is shown in percentages
|rule|Dynamax Clause: You cannot dynamax
|clearpoke
|poke|p1|Urshifu-*, M|
|poke|p1|Slowking-Galar, F|
|poke|p1|Ferrothorn, M|
|poke|p1|Landorus-Therian, M|
|poke|p1|Tornadus-Therian, M|
|poke|p1|Bisharp, M|
|poke|p2|Melmetal|
|poke|p2|Dragapult, M|
|poke|p2|Ninetales-Alola, F|
|poke|p2|Vanilluxe, F|
|poke|p2|Arctozolt|
|poke|p2|Landorus-Therian, M|
|teampreview
|inactive|Battle timer is ON: inactive players will automatically lose when time's up. (requested by csc31d1d)
|inactive|TheonReekGreyjoy has 120 seconds left.
|inactive|TheonReekGreyjoy has 90 seconds left.
|
|t:|1630315287
|start
|switch|p1a: Bisharp|Bisharp, M|100/100
|switch|p2a: Ninetales|Ninetales-Alola, F|100/100
|-weather|Hail|[from] ability: Snow Warning|[of] p2a: Ninetales
|turn|1
|
|t:|1630315291
|move|p2a: Ninetales|Aurora Veil|p2a: Ninetales
|-sidestart|p2: TheonReekGreyjoy|move: Aurora Veil
|move|p1a: Bisharp|Iron Head|p2a: Ninetales
|-supereffective|p2a: Ninetales
|-damage|p2a: Ninetales|0 fnt
|faint|p2a: Ninetales
|
|-weather|Hail|[upkeep]
|-damage|p1a: Bisharp|94/100|[from] Hail
|upkeep
|
|t:|1630315300
|switch|p2a: Arctozolt|Arctozolt|100/100
|turn|2
|j| yemustbebornagain
|
|t:|1630315316
|switch|p1a: Landorus|Landorus-Therian, M|100/100
|-ability|p1a: Landorus|Intimidate|boost
|-unboost|p2a: Arctozolt|atk|1
|move|p2a: Arctozolt|Blizzard|p1a: Landorus
|-supereffective|p1a: Landorus
|-damage|p1a: Landorus|0 fnt
|faint|p1a: Landorus
|
|-weather|Hail|[upkeep]
|upkeep
|
|t:|1630315335
|switch|p1a: Ferrothorn|Ferrothorn, M|100/100
|turn|3
|
|t:|1630315347
|switch|p2a: Melmetal|Melmetal|100/100
|move|p1a: Ferrothorn|Body Press|p2a: Melmetal
|-supereffective|p2a: Melmetal
|-damage|p2a: Melmetal|82/100
|
|-weather|Hail|[upkeep]
|-damage|p2a: Melmetal|76/100|[from] Hail
|-damage|p1a: Ferrothorn|94/100|[from] Hail
|-heal|p2a: Melmetal|82/100|[from] item: Leftovers
|-heal|p1a: Ferrothorn|100/100|[from] item: Leftovers
|upkeep
|turn|4
|
|t:|1630315365
|switch|p1a: Tornadus|Tornadus-Therian, M, shiny|100/100
|move|p2a: Melmetal|Substitute|p2a: Melmetal
|-start|p2a: Melmetal|Substitute
|-damage|p2a: Melmetal|57/100
|
|-weather|Hail|[upkeep]
|-damage|p1a: Tornadus|94/100|[from] Hail
|-damage|p2a: Melmetal|51/100|[from] Hail
|-heal|p2a: Melmetal|57/100|[from] item: Leftovers
|upkeep
|turn|5
|
|t:|1630315379
|move|p1a: Tornadus|Defog||[still]
|-sideend|p2: TheonReekGreyjoy|move: Aurora Veil
|-fail|p1a: Tornadus
|move|p2a: Melmetal|Double Iron Bash|p1a: Tornadus
|-damage|p1a: Tornadus|45/100
|-damage|p1a: Tornadus|0 fnt
|faint|p1a: Tornadus
|-hitcount|p1: Tornadus|2
|
|-weather|none
|-heal|p2a: Melmetal|64/100|[from] item: Leftovers
|upkeep
|
|t:|1630315384
|switch|p1a: lee sin|Urshifu-Rapid-Strike, M, shiny|100/100
|turn|6
|
|t:|1630315393
|move|p1a: lee sin|Surging Strikes|p2a: Melmetal
|-crit|p2a: Melmetal
|-activate|p2a: Melmetal|move: Substitute|[damage]
|-crit|p2a: Melmetal
|-end|p2a: Melmetal|Substitute
|-crit|p2a: Melmetal
|-damage|p2a: Melmetal|45/100
|-hitcount|p2a: Melmetal|3
|move|p2a: Melmetal|Earthquake|p1a: lee sin
|-damage|p1a: lee sin|56/100
|
|-heal|p2a: Melmetal|51/100|[from] item: Leftovers
|upkeep
|turn|7
|
|t:|1630315405
|switch|p2a: Landorus|Landorus-Therian, M|100/100
|-ability|p2a: Landorus|Intimidate|boost
|-unboost|p1a: lee sin|atk|1
|move|p1a: lee sin|Surging Strikes|p2a: Landorus
|-supereffective|p2a: Landorus
|-crit|p2a: Landorus
|-damage|p2a: Landorus|49/100
|-damage|p1a: lee sin|40/100|[from] item: Rocky Helmet|[of] p2a: Landorus
|-supereffective|p2a: Landorus
|-crit|p2a: Landorus
|-damage|p2a: Landorus|0 fnt
|-damage|p1a: lee sin|23/100|[from] item: Rocky Helmet|[of] p2a: Landorus
|faint|p2a: Landorus
|-hitcount|p2: Landorus|2
|
|upkeep
|
|t:|1630315418
|switch|p2a: Dragapult|Dragapult, M|100/100
|turn|8
|
|t:|1630315424
|switch|p1a: Bisharp|Bisharp, M|94/100
|move|p2a: Dragapult|Dragon Darts|p1a: Bisharp
|-resisted|p1a: Bisharp
|-damage|p1a: Bisharp|78/100
|-anim|p2a: Dragapult|Dragon Darts|p1a: Bisharp
|-resisted|p1a: Bisharp
|-damage|p1a: Bisharp|61/100
|
|upkeep
|turn|9
|
|t:|1630315451
|move|p2a: Dragapult|Dragon Darts|p1a: Bisharp
|-resisted|p1a: Bisharp
|-damage|p1a: Bisharp|45/100
|-anim|p2a: Dragapult|Dragon Darts|p1a: Bisharp
|-resisted|p1a: Bisharp
|-crit|p1a: Bisharp
|-damage|p1a: Bisharp|22/100
|move|p1a: Bisharp|Knock Off|p2a: Dragapult
|-supereffective|p2a: Dragapult
|-damage|p2a: Dragapult|0 fnt
|-enditem|p2a: Dragapult|Leftovers|[from] move: Knock Off|[of] p1a: Bisharp
|faint|p2a: Dragapult
|
|upkeep
|inactive|TheonReekGreyjoy has 120 seconds left.
|
|t:|1630315462
|switch|p2a: Vanilluxe|Vanilluxe, F|100/100
|-weather|Hail|[from] ability: Snow Warning|[of] p2a: Vanilluxe
|turn|10
|inactive|csc31d1d has 120 seconds left.
|
|t:|1630315497
|switch|p1a: Slowking|Slowking-Galar, F, shiny|100/100
|move|p2a: Vanilluxe|Blizzard|p1a: Slowking
|-damage|p1a: Slowking|72/100
|
|-weather|Hail|[upkeep]
|-damage|p1a: Slowking|66/100|[from] Hail
|upkeep
|turn|11
|inactive|csc31d1d has 120 seconds left.
|inactive|TheonReekGreyjoy has 120 seconds left.
|
|t:|1630315520
|switch|p2a: Arctozolt|Arctozolt|100/100
|move|p1a: Slowking|Flamethrower|p2a: Arctozolt
|-supereffective|p2a: Arctozolt
|-damage|p2a: Arctozolt|29/100
|
|-weather|Hail|[upkeep]
|-damage|p1a: Slowking|60/100|[from] Hail
|upkeep
|turn|12
|inactive|TheonReekGreyjoy has 120 seconds left.
|
|t:|1630315532
|switch|p1a: Ferrothorn|Ferrothorn, M|100/100
|move|p2a: Arctozolt|Bolt Beak|p1a: Ferrothorn
|-resisted|p1a: Ferrothorn
|-damage|p1a: Ferrothorn|77/100
|-damage|p2a: Arctozolt|17/100|[from] ability: Iron Barbs|[of] p1a: Ferrothorn
|
|-weather|Hail|[upkeep]
|-damage|p1a: Ferrothorn|71/100|[from] Hail
|-heal|p1a: Ferrothorn|77/100|[from] item: Leftovers
|upkeep
|turn|13
|
|t:|1630315537
|switch|p2a: Melmetal|Melmetal|51/100
|move|p1a: Ferrothorn|Body Press|p2a: Melmetal
|-supereffective|p2a: Melmetal
|-damage|p2a: Melmetal|19/100
|
|-weather|Hail|[upkeep]
|-damage|p2a: Melmetal|13/100|[from] Hail
|-damage|p1a: Ferrothorn|71/100|[from] Hail
|-heal|p2a: Melmetal|19/100|[from] item: Leftovers
|-heal|p1a: Ferrothorn|77/100|[from] item: Leftovers
|upkeep
|turn|14
|inactive|csc31d1d has 120 seconds left.
|
|t:|1630315564
|move|p2a: Melmetal|Earthquake|p1a: Ferrothorn
|-damage|p1a: Ferrothorn|52/100
|move|p1a: Ferrothorn|Body Press|p2a: Melmetal
|-supereffective|p2a: Melmetal
|-damage|p2a: Melmetal|0 fnt
|faint|p2a: Melmetal
|
|-weather|none
|-heal|p1a: Ferrothorn|58/100|[from] item: Leftovers
|upkeep
|
|t:|1630315572
|switch|p2a: Vanilluxe|Vanilluxe, F|100/100
|-weather|Hail|[from] ability: Snow Warning|[of] p2a: Vanilluxe
|turn|15
|
|t:|1630315578
|move|p2a: Vanilluxe|Blizzard|p1a: Ferrothorn
|-damage|p1a: Ferrothorn|6/100
|move|p1a: Ferrothorn|Body Press|p2a: Vanilluxe
|-supereffective|p2a: Vanilluxe
|-damage|p2a: Vanilluxe|25/100
|
|-weather|Hail|[upkeep]
|-damage|p1a: Ferrothorn|0 fnt|[from] Hail
|faint|p1a: Ferrothorn
|upkeep
|
|t:|1630315591
|switch|p1a: Slowking|Slowking-Galar, F, shiny|93/100
|turn|16
|
|t:|1630315596
|move|p2a: Vanilluxe|Blizzard|p1a: Slowking
|-damage|p1a: Slowking|64/100
|move|p1a: Slowking|Flamethrower|p2a: Vanilluxe
|-supereffective|p2a: Vanilluxe
|-damage|p2a: Vanilluxe|0 fnt
|faint|p2a: Vanilluxe
|
|-weather|Hail|[upkeep]
|-damage|p1a: Slowking|58/100|[from] Hail
|upkeep
|
|t:|1630315601
|switch|p2a: Arctozolt|Arctozolt|17/100
|turn|17
|
|t:|1630315604
|move|p2a: Arctozolt|Bolt Beak|p1a: Slowking
|-damage|p1a: Slowking|0 fnt
|faint|p1a: Slowking
|
|-weather|Hail|[upkeep]
|upkeep
|
|t:|1630315607
|switch|p1a: lee sin|Urshifu-Rapid-Strike, M, shiny|23/100
|turn|18
|
|t:|1630315611
|move|p1a: lee sin|Aqua Jet|p2a: Arctozolt
|-damage|p2a: Arctozolt|0 fnt
|faint|p2a: Arctozolt
|
|win|csc31d1d
|raw|csc31d1d's rating: 1689 &rarr; <strong>1720</strong><br />(+31 for winning)
|raw|TheonReekGreyjoy's rating: 1902 &rarr; <strong>1871</strong><br />(-31 for losing)
