|raw|<div class="broadcast-blue"><strong>This battle is required to be public due to a player having a name starting with 'lt94je'.</div>
|j|☆return nirvana
|j|☆LT94JE Fuse
|t:|1661508440
|gametype|singles
|player|p1|return nirvana|gambler-gen1|1882
|player|p2|LT94JE Fuse|yellow|1825
|teamsize|p1|6
|teamsize|p2|6
|gen|8
|tier|[Gen 8] OU
|rated|
|rule|Sleep Clause Mod: Limit one foe put to sleep
|rule|Species Clause: Limit one of each Pokémon
|rule|OHKO Clause: OHKO moves are banned
|rule|Evasion Items Clause: Evasion items are banned
|rule|Evasion Moves Clause: Evasion moves are banned
|rule|Endless Battle Clause: Forcing endless battles is banned
|rule|HP Percentage Mod: HP is shown in percentages
|rule|Dynamax Clause: You cannot dynamax
|clearpoke
|poke|p1|Pelipper, M|
|poke|p1|Kartana|
|poke|p1|Kingdra, F|
|poke|p1|Landorus-Therian, M|
|poke|p1|Melmetal|
|poke|p1|Dragapult, M|
|poke|p2|Necrozma|
|poke|p2|Tapu Lele|
|poke|p2|Urshifu-*, F|
|poke|p2|Tornadus-Therian, M|
|poke|p2|Gastrodon, M|
|poke|p2|Heatran, M|
|teampreview
|c|☆return nirvana|gastro
|c|☆return nirvana|rip
|c|☆return nirvana|hf
|
|t:|1661508460
|start
|switch|p1a: Landorus|Landorus-Therian, M|100/100
|switch|p2a: Necrozma|Necrozma|100/100
|-ability|p1a: Landorus|Intimidate|boost
|-unboost|p2a: Necrozma|atk|1
|turn|1
|inactive|Battle timer is ON: inactive players will automatically lose when time's up. (requested by return nirvana)
|
|t:|1661508488
|move|p2a: Necrozma|Photon Geyser|p1a: Landorus
|-damage|p1a: Landorus|33/100
|move|p1a: Landorus|Stealth Rock|p2a: Necrozma
|-sidestart|p2: LT94JE Fuse|move: Stealth Rock
|
|-heal|p1a: Landorus|39/100|[from] item: Leftovers
|upkeep
|turn|2
|j| ilcavalierebianco
|
|t:|1661508493
|switch|p1a: Melmetal|Melmetal|100/100
|move|p2a: Necrozma|Photon Geyser|p1a: Melmetal
|-resisted|p1a: Melmetal
|-damage|p1a: Melmetal|64/100
|
|-heal|p1a: Melmetal|71/100|[from] item: Leftovers
|upkeep
|turn|3
|inactive|LT94JE Fuse has 120 seconds left.
|j| LT_Alt1
|j| Cyberacc
|
|t:|1661508540
|switch|p2a: Gastrodon|Gastrodon, M|100/100
|-damage|p2a: Gastrodon|94/100|[from] Stealth Rock
|move|p1a: Melmetal|Toxic|p2a: Gastrodon
|-status|p2a: Gastrodon|tox
|
|-heal|p1a: Melmetal|77/100|[from] item: Leftovers
|-heal|p2a: Gastrodon|100/100 tox|[from] item: Leftovers
|-damage|p2a: Gastrodon|94/100 tox|[from] psn
|upkeep
|turn|4
|
|t:|1661508545
|switch|p2a: Heatran|Heatran, M|100/100
|-damage|p2a: Heatran|88/100|[from] Stealth Rock
|move|p1a: Melmetal|Double Iron Bash|p2a: Heatran
|-resisted|p2a: Heatran
|-damage|p2a: Heatran|81/100
|-resisted|p2a: Heatran
|-damage|p2a: Heatran|75/100
|-status|p1a: Melmetal|brn|[from] ability: Flame Body|[of] p2a: Heatran
|-hitcount|p2a: Heatran|2
|
|-heal|p2a: Heatran|81/100|[from] item: Leftovers
|-heal|p1a: Melmetal|83/100 brn|[from] item: Leftovers
|-damage|p1a: Melmetal|77/100 brn|[from] brn
|upkeep
|turn|5
|l| Cyberacc
|inactive|LT94JE Fuse has 120 seconds left.
|j| Mimikyu Stardust
|j| Chaitanya
|j| LT94JE adreamew
|inactive|LT94JE Fuse has 90 seconds left.
|
|t:|1661508596
|switch|p1a: Pelipper|Pelipper, M|100/100
|-weather|RainDance|[from] ability: Drizzle|[of] p1a: Pelipper
|move|p2a: Heatran|Stealth Rock|p1a: Pelipper
|-sidestart|p1: return nirvana|move: Stealth Rock
|
|-weather|RainDance|[upkeep]
|-heal|p2a: Heatran|87/100|[from] item: Leftovers
|upkeep
|turn|6
|
|t:|1661508606
|move|p2a: Heatran|Magma Storm|p1a: Pelipper
|-resisted|p1a: Pelipper
|-damage|p1a: Pelipper|90/100
|-activate|p1a: Pelipper|move: Magma Storm|[of] p2a: Heatran
|move|p1a: Pelipper|U-turn|p2a: Heatran
|-resisted|p2a: Heatran
|-damage|p2a: Heatran|86/100
|
|t:|1661508618
|switch|p1a: Kingdra|Kingdra, F|100/100|[from]move: U-turn
|-damage|p1a: Kingdra|88/100|[from] Stealth Rock
|
|-weather|RainDance|[upkeep]
|-heal|p2a: Heatran|92/100|[from] item: Leftovers
|upkeep
|turn|7
|l| LT94JE adreamew
|j| el horroroso
|
|t:|1661508639
|switch|p2a: Gastrodon|Gastrodon, M|94/100 tox
|-damage|p2a: Gastrodon|88/100 tox|[from] Stealth Rock
|move|p1a: Kingdra|Surf|p2a: Gastrodon
|-ability|p2a: Gastrodon|Storm Drain|boost
|-boost|p2a: Gastrodon|spa|1
|
|-weather|RainDance|[upkeep]
|-heal|p2a: Gastrodon|94/100 tox|[from] item: Leftovers
|-damage|p2a: Gastrodon|88/100 tox|[from] psn
|upkeep
|turn|8
|
|t:|1661508642
|switch|p1a: Pelipper|Pelipper, M|90/100
|-damage|p1a: Pelipper|66/100|[from] Stealth Rock
|move|p2a: Gastrodon|Scald|p1a: Pelipper
|-resisted|p1a: Pelipper
|-damage|p1a: Pelipper|40/100
|-status|p1a: Pelipper|brn
|
|-weather|RainDance|[upkeep]
|-heal|p2a: Gastrodon|94/100 tox|[from] item: Leftovers
|-damage|p2a: Gastrodon|82/100 tox|[from] psn
|-damage|p1a: Pelipper|34/100 brn|[from] brn
|upkeep
|turn|9
|
|t:|1661508644
|move|p1a: Pelipper|Roost|p1a: Pelipper
|-heal|p1a: Pelipper|84/100 brn
|-singleturn|p1a: Pelipper|move: Roost
|move|p2a: Gastrodon|Earth Power|p1a: Pelipper
|-damage|p1a: Pelipper|45/100 brn
|
|-weather|RainDance|[upkeep]
|-heal|p2a: Gastrodon|88/100 tox|[from] item: Leftovers
|-damage|p2a: Gastrodon|70/100 tox|[from] psn
|-damage|p1a: Pelipper|39/100 brn|[from] brn
|upkeep
|turn|10
|
|t:|1661508648
|switch|p2a: Necrozma|Necrozma|100/100
|-damage|p2a: Necrozma|88/100|[from] Stealth Rock
|move|p1a: Pelipper|Roost|p1a: Pelipper
|-heal|p1a: Pelipper|89/100 brn
|-singleturn|p1a: Pelipper|move: Roost
|
|-weather|RainDance|[upkeep]
|-damage|p1a: Pelipper|83/100 brn|[from] brn
|upkeep
|turn|11
|
|t:|1661508653
|switch|p1a: Landorus|Landorus-Therian, M|39/100
|-damage|p1a: Landorus|27/100|[from] Stealth Rock
|-ability|p1a: Landorus|Intimidate|boost
|-unboost|p2a: Necrozma|atk|1
|move|p2a: Necrozma|Photon Geyser|p1a: Landorus
|-damage|p1a: Landorus|0 fnt
|faint|p1a: Landorus
|
|-weather|RainDance|[upkeep]
|upkeep
|
|t:|1661508654
|switch|p1a: Kingdra|Kingdra, F|88/100
|-damage|p1a: Kingdra|76/100|[from] Stealth Rock
|turn|12
|inactive|LT94JE Fuse has 120 seconds left.
|
|t:|1661508660
|switch|p2a: Heatran|Heatran, M|92/100
|-damage|p2a: Heatran|80/100|[from] Stealth Rock
|move|p1a: Kingdra|Draco Meteor|p2a: Heatran
|-resisted|p2a: Heatran
|-damage|p2a: Heatran|48/100
|-unboost|p1a: Kingdra|spa|2
|
|-weather|none
|-heal|p2a: Heatran|54/100|[from] item: Leftovers
|upkeep
|turn|13
|
|t:|1661508664
|switch|p1a: Pelipper|Pelipper, M|83/100 brn
|-damage|p1a: Pelipper|58/100 brn|[from] Stealth Rock
|-weather|RainDance|[from] ability: Drizzle|[of] p1a: Pelipper
|move|p2a: Heatran|Magma Storm|p1a: Pelipper
|-resisted|p1a: Pelipper
|-damage|p1a: Pelipper|47/100 brn
|-activate|p1a: Pelipper|move: Magma Storm|[of] p2a: Heatran
|
|-weather|RainDance|[upkeep]
|-heal|p2a: Heatran|60/100|[from] item: Leftovers
|-damage|p1a: Pelipper|41/100 brn|[from] brn
|-damage|p1a: Pelipper|28/100 brn|[from] move: Magma Storm|[partiallytrapped]
|upkeep
|turn|14
|l| Chaitanya
|
|t:|1661508669
|move|p2a: Heatran|Magma Storm|p1a: Pelipper
|-resisted|p1a: Pelipper
|-damage|p1a: Pelipper|18/100 brn
|move|p1a: Pelipper|Roost|p1a: Pelipper
|-heal|p1a: Pelipper|68/100 brn
|-singleturn|p1a: Pelipper|move: Roost
|
|-weather|RainDance|[upkeep]
|-heal|p2a: Heatran|67/100|[from] item: Leftovers
|-damage|p1a: Pelipper|62/100 brn|[from] brn
|-damage|p1a: Pelipper|50/100 brn|[from] move: Magma Storm|[partiallytrapped]
|upkeep
|turn|15
|
|t:|1661508671
|move|p2a: Heatran|Magma Storm|p1a: Pelipper
|-resisted|p1a: Pelipper
|-damage|p1a: Pelipper|40/100 brn
|move|p1a: Pelipper|U-turn|p2a: Heatran
|-resisted|p2a: Heatran
|-damage|p2a: Heatran|66/100
|
|t:|1661508674
|switch|p1a: Kartana|Kartana|100/100|[from]move: U-turn
|-damage|p1a: Kartana|94/100|[from] Stealth Rock
|
|-weather|RainDance|[upkeep]
|-heal|p2a: Heatran|72/100|[from] item: Leftovers
|upkeep
|turn|16
|
|t:|1661508679
|move|p1a: Kartana|Knock Off|p2a: Heatran
|-damage|p2a: Heatran|23/100
|-enditem|p2a: Heatran|Leftovers|[from] move: Knock Off|[of] p1a: Kartana
|move|p2a: Heatran|Earth Power|p1a: Kartana
|-damage|p1a: Kartana|15/100
|
|-weather|RainDance|[upkeep]
|upkeep
|turn|17
|
|t:|1661508682
|move|p1a: Kartana|Knock Off|p2a: Heatran
|-damage|p2a: Heatran|0 fnt
|faint|p2a: Heatran
|-ability|p1a: Kartana|Beast Boost|boost
|-boost|p1a: Kartana|atk|1
|
|-weather|RainDance|[upkeep]
|upkeep
|
|t:|1661508683
|switch|p2a: Tornadus|Tornadus-Therian, M|100/100
|turn|18
|
|t:|1661508687
|switch|p1a: Melmetal|Melmetal|77/100 brn
|-damage|p1a: Melmetal|71/100 brn|[from] Stealth Rock
|move|p2a: Tornadus|Knock Off|p1a: Melmetal
|-damage|p1a: Melmetal|59/100 brn
|-enditem|p1a: Melmetal|Leftovers|[from] move: Knock Off|[of] p2a: Tornadus
|
|-weather|RainDance|[upkeep]
|-damage|p1a: Melmetal|53/100 brn|[from] brn
|upkeep
|turn|19
|inactive|LT94JE Fuse has 120 seconds left.
|
|t:|1661508729
|switch|p1a: Kingdra|Kingdra, F|76/100
|-damage|p1a: Kingdra|63/100|[from] Stealth Rock
|move|p2a: Tornadus|U-turn|p1a: Kingdra
|-damage|p1a: Kingdra|44/100
|
|t:|1661508731
|switch|p2a: Gastrodon|Gastrodon, M|70/100 tox|[from]move: U-turn
|-damage|p2a: Gastrodon|64/100 tox|[from] Stealth Rock
|
|-weather|RainDance|[upkeep]
|-heal|p2a: Gastrodon|70/100 tox|[from] item: Leftovers
|-damage|p2a: Gastrodon|64/100 tox|[from] psn
|upkeep
|turn|20
|
|t:|1661508737
|move|p1a: Kingdra|Hydro Pump|p2a: Gastrodon
|-ability|p2a: Gastrodon|Storm Drain|boost
|-boost|p2a: Gastrodon|spa|1
|move|p2a: Gastrodon|Earth Power|p1a: Kingdra
|-damage|p1a: Kingdra|0 fnt
|faint|p1a: Kingdra
|
|-weather|none
|-heal|p2a: Gastrodon|70/100 tox|[from] item: Leftovers
|-damage|p2a: Gastrodon|58/100 tox|[from] psn
|upkeep
|
|t:|1661508741
|switch|p1a: Dragapult|Dragapult, M|100/100
|-damage|p1a: Dragapult|88/100|[from] Stealth Rock
|turn|21
|j| Wee5387
|c|☆return nirvana|gg
|-message|return nirvana forfeited.
|
|win|LT94JE Fuse
|raw|return nirvana's rating: 1882 &rarr; <strong>1858</strong><br />(-24 for losing)
|raw|LT94JE Fuse's rating: 1804 &rarr; <strong>1828</strong><br />(+24 for winning)
|l|☆return nirvana
|l| Wee5387
|c|☆LT94JE Fuse|Gg
|j| L9BGNXTY
|l| L9BGNXTY
|l| el horroroso
