|j|‽minimax_ai
|j|☆pccibb
|t:|1667442251
|gametype|singles
|player|p1|minimax_ai|266|1352
|player|p2|pccibb|169|1442
|teamsize|p1|6
|teamsize|p2|6
|gen|8
|tier|[Gen 8] OU
|rated|
|rule|Sleep Clause Mod: Limit one foe put to sleep
|rule|Species Clause: Limit one of each Pokémon
|rule|OHKO Clause: OHKO moves are banned
|rule|Evasion Items Clause: Evasion items are banned
|rule|Evasion Moves Clause: Evasion moves are banned
|rule|Endless Battle Clause: Forcing endless battles is banned
|rule|HP Percentage Mod: HP is shown in percentages
|rule|Dynamax Clause: You cannot dynamax
|clearpoke
|poke|p1|Rotom-Wash|
|poke|p1|Weavile, F|
|poke|p1|Landorus-Therian, M|
|poke|p1|Heatran, M|
|poke|p1|Tangrowth, F|
|poke|p1|Melmetal|
|poke|p2|Zapdos-Galar|
|poke|p2|Hawlucha, F|
|poke|p2|Archeops, M|
|poke|p2|Braviary, M|
|poke|p2|Thundurus-Therian, M|
|poke|p2|Tapu Koko|
|teampreview
|inactive|Battle timer is ON: inactive players will automatically lose when time's up. (requested by pccibb)
|inactive|minimax_ai also wants the timer to be on.
|
|t:|1667442260
|start
|switch|p1a: Weavile|Weavile, F|100/100
|switch|p2a: Archeops|Archeops, M|100/100
|-ability|p1a: Weavile|Pressure
|turn|1
|
|t:|1667442272
|move|p1a: Weavile|Ice Shard|p2a: Archeops
|-supereffective|p2a: Archeops
|-enditem|p2a: Archeops|Focus Sash
|-damage|p2a: Archeops|1/100
|move|p2a: Archeops|Acrobatics|p1a: Weavile
|-damage|p1a: Weavile|51/100
|
|upkeep
|turn|2
|
|t:|1667442281
|move|p1a: Weavile|Ice Shard|p2a: Archeops
|-supereffective|p2a: Archeops
|-damage|p2a: Archeops|0 fnt
|faint|p2a: Archeops
|
|upkeep
|
|t:|1667442286
|switch|p2a: Tapu Koko|Tapu Koko|100/100
|-fieldstart|move: Electric Terrain|[from] ability: Electric Surge|[of] p2a: Tapu Koko
|turn|3
|
|t:|1667442287
|switch|p1a: Melmetal|Melmetal|100/100
|move|p2a: Tapu Koko|U-turn|p1a: Melmetal
|-resisted|p1a: Melmetal
|-crit|p1a: Melmetal
|-damage|p1a: Melmetal|94/100
|
|t:|1667442291
|switch|p2a: Zapdos|Zapdos-Galar|100/100|[from]move: U-turn
|
|upkeep
|turn|4
|
|t:|1667442293
|switch|p1a: Tangrowth|Tangrowth, F|100/100
|move|p2a: Zapdos|Close Combat|p1a: Tangrowth
|-damage|p1a: Tangrowth|56/100
|-unboost|p2a: Zapdos|def|1
|-unboost|p2a: Zapdos|spd|1
|-damage|p2a: Zapdos|84/100|[from] item: Rocky Helmet|[of] p1a: Tangrowth
|
|upkeep
|turn|5
|
|t:|1667442296
|switch|p2a: Thundurus|Thundurus-Therian, M|100/100
|move|p1a: Tangrowth|Knock Off|p2a: Thundurus
|-damage|p2a: Thundurus|65/100
|-enditem|p2a: Thundurus|Heavy-Duty Boots|[from] move: Knock Off|[of] p1a: Tangrowth
|
|upkeep
|turn|6
|
|t:|1667442302
|switch|p1a: Rotom|Rotom-Wash|100/100
|move|p2a: Thundurus|Nasty Plot|p2a: Thundurus
|-boost|p2a: Thundurus|spa|2
|
|upkeep
|turn|7
|
|t:|1667442304
|move|p2a: Thundurus|Thunder|p1a: Rotom
|-damage|p1a: Rotom|0 fnt
|faint|p1a: Rotom
|
|-fieldend|move: Electric Terrain
|upkeep
|
|t:|1667442305
|switch|p1a: Weavile|Weavile, F|51/100
|-ability|p1a: Weavile|Pressure
|turn|8
|
|t:|1667442310
|move|p1a: Weavile|Triple Axel|p2a: Thundurus
|-supereffective|p2a: Thundurus
|-damage|p2a: Thundurus|22/100
|-supereffective|p2a: Thundurus
|-damage|p2a: Thundurus|0 fnt
|faint|p2a: Thundurus
|-hitcount|p2: Thundurus|2
|
|upkeep
|
|t:|1667442312
|switch|p2a: Tapu Koko|Tapu Koko|100/100
|-fieldstart|move: Electric Terrain|[from] ability: Electric Surge|[of] p2a: Tapu Koko
|turn|9
|
|t:|1667442314
|switch|p1a: Tangrowth|Tangrowth, F|90/100
|move|p2a: Tapu Koko|U-turn|p1a: Tangrowth
|-supereffective|p1a: Tangrowth
|-damage|p1a: Tangrowth|73/100
|-damage|p2a: Tapu Koko|84/100|[from] item: Rocky Helmet|[of] p1a: Tangrowth
|
|t:|1667442317
|switch|p2a: Braviary|Braviary, M|100/100|[from]move: U-turn
|
|upkeep
|turn|10
|
|t:|1667442331
|move|p2a: Braviary|Brave Bird|p1a: Tangrowth
|-supereffective|p1a: Tangrowth
|-damage|p1a: Tangrowth|0 fnt
|-damage|p2a: Braviary|84/100|[from] item: Rocky Helmet|[of] p1a: Tangrowth
|faint|p1a: Tangrowth
|-damage|p2a: Braviary|56/100|[from] Recoil
|-damage|p2a: Braviary|46/100|[from] item: Life Orb
|
|upkeep
|
|t:|1667442331
|switch|p1a: Weavile|Weavile, F|51/100
|-ability|p1a: Weavile|Pressure
|turn|11
|
|t:|1667442335
|move|p1a: Weavile|Triple Axel|p2a: Braviary
|-supereffective|p2a: Braviary
|-damage|p2a: Braviary|8/100
|-supereffective|p2a: Braviary
|-damage|p2a: Braviary|0 fnt
|faint|p2a: Braviary
|-hitcount|p2: Braviary|2
|
|upkeep
|
|t:|1667442339
|switch|p2a: Tapu Koko|Tapu Koko|84/100
|turn|12
|
|t:|1667442341
|switch|p1a: Heatran|Heatran, M|100/100
|-item|p1a: Heatran|Air Balloon
|move|p2a: Tapu Koko|U-turn|p1a: Heatran
|-resisted|p1a: Heatran
|-damage|p1a: Heatran|96/100
|-enditem|p1a: Heatran|Air Balloon
|
|t:|1667442344
|switch|p2a: Zapdos|Zapdos-Galar|84/100|[from]move: U-turn
|
|upkeep
|turn|13
|
|t:|1667442347
|switch|p1a: Weavile|Weavile, F|51/100
|-ability|p1a: Weavile|Pressure
|move|p2a: Zapdos|Close Combat|p1a: Weavile
|-supereffective|p1a: Weavile
|-damage|p1a: Weavile|0 fnt
|-unboost|p2a: Zapdos|def|1
|-unboost|p2a: Zapdos|spd|1
|faint|p1a: Weavile
|
|-fieldend|move: Electric Terrain
|upkeep
|
|t:|1667442347
|switch|p1a: Landorus|Landorus-Therian, M|100/100
|-ability|p1a: Landorus|Intimidate|boost
|-unboost|p2a: Zapdos|atk|1
|-ability|p2a: Zapdos|Defiant|boost
|-boost|p2a: Zapdos|atk|2
|turn|14
|
|t:|1667442351
|move|p2a: Zapdos|Close Combat|p1a: Landorus
|-resisted|p1a: Landorus
|-damage|p1a: Landorus|30/100
|-unboost|p2a: Zapdos|def|1
|-unboost|p2a: Zapdos|spd|1
|move|p1a: Landorus|Toxic|p2a: Zapdos|[miss]
|-miss|p1a: Landorus|p2a: Zapdos
|
|-heal|p1a: Landorus|36/100|[from] item: Leftovers
|upkeep
|turn|15
|
|t:|1667442354
|move|p2a: Zapdos|Close Combat|p1a: Landorus
|-resisted|p1a: Landorus
|-damage|p1a: Landorus|0 fnt
|-unboost|p2a: Zapdos|def|1
|-unboost|p2a: Zapdos|spd|1
|faint|p1a: Landorus
|
|upkeep
|
|t:|1667442354
|switch|p1a: Heatran|Heatran, M|96/100
|turn|16
|
|t:|1667442356
|move|p2a: Zapdos|Close Combat|p1a: Heatran
|-supereffective|p1a: Heatran
|-crit|p1a: Heatran
|-damage|p1a: Heatran|0 fnt
|-unboost|p2a: Zapdos|def|1
|-unboost|p2a: Zapdos|spd|1
|faint|p1a: Heatran
|
|upkeep
|
|t:|1667442356
|switch|p1a: Melmetal|Melmetal|94/100
|turn|17
|
|t:|1667442358
|move|p2a: Zapdos|Close Combat|p1a: Melmetal
|-supereffective|p1a: Melmetal
|-damage|p1a: Melmetal|0 fnt
|-unboost|p2a: Zapdos|def|1
|-unboost|p2a: Zapdos|spd|1
|faint|p1a: Melmetal
|
|win|pccibb
|raw|minimax_ai's rating: 1352 &rarr; <strong>1337</strong><br />(-15 for losing)
|raw|pccibb's rating: 1442 &rarr; <strong>1457</strong><br />(+15 for winning)
