|j|☆minimax_ai
|j|☆yokobaby
|t:|1668002560
|gametype|singles
|player|p1|minimax_ai|169|1532
|player|p2|yokobaby|170|1711
|teamsize|p1|6
|teamsize|p2|6
|gen|8
|tier|[Gen 8] OU
|rated|
|rule|Sleep Clause Mod: Limit one foe put to sleep
|rule|Species Clause: Limit one of each Pokémon
|rule|OHKO Clause: OHKO moves are banned
|rule|Evasion Items Clause: Evasion items are banned
|rule|Evasion Moves Clause: Evasion moves are banned
|rule|Endless Battle Clause: Forcing endless battles is banned
|rule|HP Percentage Mod: HP is shown in percentages
|rule|Dynamax Clause: You cannot dynamax
|clearpoke
|poke|p1|Rotom-Wash|
|poke|p1|Weavile, M|
|poke|p1|Landorus-Therian, M|
|poke|p1|Heatran, M|
|poke|p1|Tangrowth, F|
|poke|p1|Melmetal|
|poke|p2|Dragapult, M|
|poke|p2|Weavile, M|
|poke|p2|Landorus-Therian, M|
|poke|p2|Melmetal|
|poke|p2|Crawdaunt, M|
|poke|p2|Kartana|
|teampreview
|c|☆minimax_ai|hf
|inactive|Battle timer is ON: inactive players will automatically lose when time's up. (requested by minimax_ai)
|
|t:|1668002593
|start
|switch|p1a: landorustherian|Landorus-Therian, M|100/100
|switch|p2a: Bandit|Weavile, M, shiny|100/100
|-ability|p2a: Bandit|Pressure
|-ability|p1a: landorustherian|Intimidate|boost
|-unboost|p2a: Bandit|atk|1
|turn|1
|
|t:|1668002598
|switch|p2a: Enten|Landorus-Therian, M, shiny|100/100
|-ability|p2a: Enten|Intimidate|boost
|-unboost|p1a: landorustherian|atk|1
|switch|p1a: Melmetal|Melmetal|100/100
|
|upkeep
|turn|2
|inactive|yokobaby has 120 seconds left.
|inactive|yokobaby has 90 seconds left.
|
|t:|1668002667
|move|p2a: Enten|Stealth Rock|p1a: Melmetal
|-sidestart|p1: minimax_ai|move: Stealth Rock
|move|p1a: Melmetal|Ice Punch|p2a: Enten
|-supereffective|p2a: Enten
|-damage|p2a: Enten|0 fnt
|faint|p2a: Enten
|
|upkeep
|
|t:|1668002672
|switch|p2a: Predator|Crawdaunt, M, shiny|100/100
|turn|3
|
|t:|1668002673
|move|p2a: Predator|Knock Off|p1a: Melmetal
|-damage|p1a: Melmetal|44/100
|-enditem|p1a: Melmetal|Assault Vest|[from] move: Knock Off|[of] p2a: Predator
|-damage|p2a: Predator|91/100|[from] item: Life Orb
|move|p1a: Melmetal|Thunder Punch|p2a: Predator
|-supereffective|p2a: Predator
|-damage|p2a: Predator|0 fnt
|faint|p2a: Predator
|
|upkeep
|
|t:|1668002678
|switch|p2a: Leviathan|Dragapult, M, shiny|100/100
|turn|4
|
|t:|1668002682
|switch|p1a: landorustherian|Landorus-Therian, M|100/100
|-damage|p1a: landorustherian|88/100|[from] Stealth Rock
|-ability|p1a: landorustherian|Intimidate|boost
|-unboost|p2a: Leviathan|atk|1
|move|p2a: Leviathan|Shadow Ball|p1a: landorustherian
|-damage|p1a: landorustherian|43/100
|
|-heal|p1a: landorustherian|49/100|[from] item: Leftovers
|upkeep
|turn|5
|
|t:|1668002707
|move|p2a: Leviathan|Shadow Ball|p1a: landorustherian
|-damage|p1a: landorustherian|6/100
|move|p1a: landorustherian|Defog|p2a: Leviathan
|-unboost|p2a: Leviathan|evasion|1
|-sideend|p1: minimax_ai|Stealth Rock|[from] move: Defog|[of] p1a: landorustherian
|
|-heal|p1a: landorustherian|12/100|[from] item: Leftovers
|upkeep
|turn|6
|
|t:|1668002708
|switch|p1a: Weavile|Weavile, M|100/100
|-ability|p1a: Weavile|Pressure
|move|p2a: Leviathan|Shadow Ball|p1a: Weavile
|-resisted|p1a: Weavile
|-damage|p1a: Weavile|61/100
|
|upkeep
|turn|7
|
|t:|1668002727
|switch|p2a: Fate|Melmetal, shiny|100/100
|move|p1a: Weavile|Knock Off|p2a: Fate
|-damage|p2a: Fate|65/100
|-enditem|p2a: Fate|Choice Band|[from] move: Knock Off|[of] p1a: Weavile
|
|upkeep
|turn|8
|inactive|yokobaby has 90 seconds left.
|
|t:|1668002771
|switch|p1a: rotomwash|Rotom-Wash|100/100
|move|p2a: Fate|Superpower|p1a: rotomwash
|-damage|p1a: rotomwash|50/100
|-unboost|p2a: Fate|atk|1
|-unboost|p2a: Fate|def|1
|
|-heal|p1a: rotomwash|56/100|[from] item: Leftovers
|upkeep
|turn|9
|
|t:|1668002773
|move|p1a: rotomwash|Pain Split|p2a: Fate
|-sethp|p2a: Fate|51/100|[from] move: Pain Split|[silent]
|-sethp|p1a: rotomwash|77/100|[from] move: Pain Split
|move|p2a: Fate|Thunder Punch|p1a: rotomwash
|-damage|p1a: rotomwash|51/100
|
|-heal|p1a: rotomwash|57/100|[from] item: Leftovers
|upkeep
|turn|10
|
|t:|1668002775
|switch|p2a: Leviathan|Dragapult, M, shiny|100/100
|move|p1a: rotomwash|Pain Split|p2a: Leviathan
|-sethp|p2a: Leviathan|78/100|[from] move: Pain Split|[silent]
|-sethp|p1a: rotomwash|81/100|[from] move: Pain Split
|
|-heal|p1a: rotomwash|87/100|[from] item: Leftovers
|upkeep
|turn|11
|
|t:|1668002779
|switch|p1a: landorustherian|Landorus-Therian, M|12/100
|-ability|p1a: landorustherian|Intimidate|boost
|-unboost|p2a: Leviathan|atk|1
|move|p2a: Leviathan|Draco Meteor|p1a: landorustherian
|-damage|p1a: landorustherian|0 fnt
|-unboost|p2a: Leviathan|spa|2
|faint|p1a: landorustherian
|
|upkeep
|
|t:|1668002779
|switch|p1a: Heatran|Heatran, M|100/100
|-item|p1a: Heatran|Air Balloon
|turn|12
|
|t:|1668002783
|switch|p2a: Fate|Melmetal, shiny|51/100
|move|p1a: Heatran|Magma Storm|p2a: Fate
|-supereffective|p2a: Fate
|-damage|p2a: Fate|0 fnt
|faint|p2a: Fate
|
|upkeep
|
|t:|1668002784
|switch|p2a: Leviathan|Dragapult, M, shiny|78/100
|turn|13
|
|t:|1668002786
|move|p2a: Leviathan|Shadow Ball|p1a: Heatran
|-damage|p1a: Heatran|43/100
|-enditem|p1a: Heatran|Air Balloon
|move|p1a: Heatran|Magma Storm|p2a: Leviathan
|-resisted|p2a: Leviathan
|-damage|p2a: Leviathan|40/100
|-activate|p2a: Leviathan|move: Magma Storm|[of] p1a: Heatran
|
|-damage|p2a: Leviathan|28/100|[from] move: Magma Storm|[partiallytrapped]
|upkeep
|turn|14
|
|t:|1668002790
|switch|p1a: Weavile|Weavile, M|61/100
|-ability|p1a: Weavile|Pressure
|move|p2a: Leviathan|Shadow Ball|p1a: Weavile
|-resisted|p1a: Weavile
|-damage|p1a: Weavile|20/100
|
|-end|p2a: Leviathan|Magma Storm|[partiallytrapped]|[silent]
|upkeep
|turn|15
|
|t:|1668002793
|switch|p2a: Bandit|Weavile, M, shiny|100/100
|-ability|p2a: Bandit|Pressure
|move|p1a: Weavile|Ice Shard|p2a: Bandit
|-resisted|p2a: Bandit
|-damage|p2a: Bandit|76/100
|
|upkeep
|turn|16
|
|t:|1668002795
|move|p1a: Weavile|Ice Shard|p2a: Bandit
|-resisted|p2a: Bandit
|-damage|p2a: Bandit|51/100
|move|p2a: Bandit|Knock Off|p1a: Weavile
|-resisted|p1a: Weavile
|-damage|p1a: Weavile|0 fnt
|-enditem|p1a: Weavile|Choice Band|[from] move: Knock Off|[of] p2a: Bandit
|faint|p1a: Weavile
|
|upkeep
|
|t:|1668002795
|switch|p1a: Heatran|Heatran, M|43/100
|turn|17
|
|t:|1668002797
|move|p2a: Bandit|Knock Off|p1a: Heatran
|-damage|p1a: Heatran|0 fnt
|faint|p1a: Heatran
|
|upkeep
|
|t:|1668002797
|switch|p1a: rotomwash|Rotom-Wash|87/100
|turn|18
|
|t:|1668002800
|move|p2a: Bandit|Knock Off|p1a: rotomwash
|-damage|p1a: rotomwash|3/100
|-enditem|p1a: rotomwash|Leftovers|[from] move: Knock Off|[of] p2a: Bandit
|move|p1a: rotomwash|Hydro Pump|p2a: Bandit
|-damage|p2a: Bandit|0 fnt
|faint|p2a: Bandit
|
|upkeep
|
|t:|1668002802
|switch|p2a: Leviathan|Dragapult, M, shiny|28/100
|turn|19
|
|t:|1668002804
|move|p2a: Leviathan|Flamethrower|p1a: rotomwash
|-resisted|p1a: rotomwash
|-crit|p1a: rotomwash
|-damage|p1a: rotomwash|0 fnt
|faint|p1a: rotomwash
|
|upkeep
|
|t:|1668002805
|switch|p1a: Tangrowth|Tangrowth, F|100/100
|turn|20
|
|t:|1668002807
|switch|p1a: Melmetal|Melmetal|44/100
|move|p2a: Leviathan|Flamethrower|p1a: Melmetal
|-supereffective|p1a: Melmetal
|-damage|p1a: Melmetal|0 fnt
|faint|p1a: Melmetal
|
|upkeep
|
|t:|1668002807
|switch|p1a: Tangrowth|Tangrowth, F|100/100
|turn|21
|
|t:|1668002808
|move|p2a: Leviathan|Flamethrower|p1a: Tangrowth
|-supereffective|p1a: Tangrowth
|-damage|p1a: Tangrowth|0 fnt
|faint|p1a: Tangrowth
|
|win|yokobaby
|raw|minimax_ai's rating: 1532 &rarr; <strong>1522</strong><br />(-10 for losing)
|raw|yokobaby's rating: 1730 &rarr; <strong>1740</strong><br />(+10 for winning)
|c|☆minimax_ai|gg
|l|☆minimax_ai
||Ladder isn't responding, score probably updated but might not have (Request timeout).
