|html|<div class="broadcast-blue"><strong>[Gen 8] OU is currently suspecting Melmetal! For information on how to participate check out the <a href="https://www.smogon.com/forums/threads/np-ss-ou-suspect-process-round-12-monster-mash.3709234/">suspect thread</a>.</strong></div>
|j|☆toon arctozolt
|j|☆Kwaga
|t:|1666719325
|gametype|singles
|player|p1|toon arctozolt|harlequin|1637
|player|p2|Kwaga|brock-gen1rb|1666
|teamsize|p1|6
|teamsize|p2|6
|gen|8
|tier|[Gen 8] OU
|rated|
|rule|Sleep Clause Mod: Limit one foe put to sleep
|rule|Species Clause: Limit one of each Pokémon
|rule|OHKO Clause: OHKO moves are banned
|rule|Evasion Items Clause: Evasion items are banned
|rule|Evasion Moves Clause: Evasion moves are banned
|rule|Endless Battle Clause: Forcing endless battles is banned
|rule|HP Percentage Mod: HP is shown in percentages
|rule|Dynamax Clause: You cannot dynamax
|clearpoke
|poke|p1|Pelipper, F|
|poke|p1|Corviknight, F|
|poke|p1|Inteleon, M|
|poke|p1|Ferrothorn, M|
|poke|p1|Barraskewda, F|
|poke|p1|Seismitoad, F|
|poke|p2|Tyranitar, M|
|poke|p2|Excadrill, M|
|poke|p2|Urshifu-*, M|
|poke|p2|Tapu Lele|
|poke|p2|Ferrothorn, M|
|poke|p2|Zapdos|
|teampreview
|inactive|Battle timer is ON: inactive players will automatically lose when time's up. (requested by toon arctozolt)
|
|t:|1666719336
|start
|switch|p1a: Pelipper|Pelipper, F|100/100
|switch|p2a: Tapu Lele|Tapu Lele, shiny|100/100
|-fieldstart|move: Psychic Terrain|[from] ability: Psychic Surge|[of] p2a: Tapu Lele
|-weather|RainDance|[from] ability: Drizzle|[of] p1a: Pelipper
|turn|1
|
|t:|1666719343
|move|p2a: Tapu Lele|Moonblast|p1a: Pelipper
|-crit|p1a: Pelipper
|-damage|p1a: Pelipper|0 fnt
|faint|p1a: Pelipper
|
|-weather|RainDance|[upkeep]
|upkeep
|
|t:|1666719351
|switch|p1a: Inteleon|Inteleon, M|100/100
|turn|2
|
|t:|1666719358
|switch|p2a: Ferrothorn|Ferrothorn, M|100/100
|move|p1a: Inteleon|Focus Energy|p1a: Inteleon
|-start|p1a: Inteleon|move: Focus Energy
|
|-weather|RainDance|[upkeep]
|upkeep
|turn|3
|
|t:|1666719362
|move|p1a: Inteleon|Hydro Cannon|p2a: Ferrothorn
|-resisted|p2a: Ferrothorn
|-crit|p2a: Ferrothorn
|-damage|p2a: Ferrothorn|4/100
|-mustrecharge|p1a: Inteleon
|move|p2a: Ferrothorn|Knock Off|p1a: Inteleon
|-damage|p1a: Inteleon|64/100
|-enditem|p1a: Inteleon|Scope Lens|[from] move: Knock Off|[of] p2a: Ferrothorn
|
|-weather|RainDance|[upkeep]
|-heal|p2a: Ferrothorn|10/100|[from] item: Leftovers
|upkeep
|turn|4
|
|t:|1666719368
|cant|p1a: Inteleon|recharge
|move|p2a: Ferrothorn|Stealth Rock|p1a: Inteleon
|-sidestart|p1: toon arctozolt|move: Stealth Rock
|
|-weather|RainDance|[upkeep]
|-heal|p2a: Ferrothorn|16/100|[from] item: Leftovers
|upkeep
|turn|5
|
|t:|1666719370
|move|p1a: Inteleon|Snipe Shot|p2a: Ferrothorn
|-resisted|p2a: Ferrothorn
|-crit|p2a: Ferrothorn
|-damage|p2a: Ferrothorn|0 fnt
|faint|p2a: Ferrothorn
|
|-weather|RainDance|[upkeep]
|-fieldend|move: Psychic Terrain
|upkeep
|
|t:|1666719372
|switch|p2a: Tapu Lele|Tapu Lele, shiny|100/100
|-fieldstart|move: Psychic Terrain|[from] ability: Psychic Surge|[of] p2a: Tapu Lele
|turn|6
|
|t:|1666719375
|move|p2a: Tapu Lele|Psyshock|p1a: Inteleon
|-damage|p1a: Inteleon|0 fnt
|faint|p1a: Inteleon
|
|-weather|RainDance|[upkeep]
|upkeep
|
|t:|1666719381
|switch|p1a: Barraskewda|Barraskewda, F|100/100
|-damage|p1a: Barraskewda|88/100|[from] Stealth Rock
|turn|7
|
|t:|1666719387
|switch|p2a: Zapdos|Zapdos|100/100
|move|p1a: Barraskewda|Liquidation|p2a: Zapdos
|-damage|p2a: Zapdos|29/100
|
|-weather|RainDance|[upkeep]
|upkeep
|turn|8
|
|t:|1666719393
|move|p1a: Barraskewda|Liquidation|p2a: Zapdos
|-damage|p2a: Zapdos|0 fnt
|faint|p2a: Zapdos
|
|-weather|none
|upkeep
|
|t:|1666719396
|switch|p2a: Tapu Lele|Tapu Lele, shiny|100/100
|turn|9
|
|t:|1666719401
|switch|p2a: Urshifu|Urshifu-Rapid-Strike, M|100/100
|move|p1a: Barraskewda|Liquidation|p2a: Urshifu
|-resisted|p2a: Urshifu
|-crit|p2a: Urshifu
|-damage|p2a: Urshifu|48/100
|-unboost|p2a: Urshifu|def|1
|
|upkeep
|turn|10
|
|t:|1666719425
|move|p1a: Barraskewda|Liquidation|p2a: Urshifu
|-resisted|p2a: Urshifu
|-damage|p2a: Urshifu|0 fnt
|faint|p2a: Urshifu
|
|-fieldend|move: Psychic Terrain
|upkeep
|
|t:|1666719430
|switch|p2a: Tapu Lele|Tapu Lele, shiny|100/100
|-fieldstart|move: Psychic Terrain|[from] ability: Psychic Surge|[of] p2a: Tapu Lele
|turn|11
|
|t:|1666719439
|move|p2a: Tapu Lele|Thunderbolt|p1a: Barraskewda
|-supereffective|p1a: Barraskewda
|-damage|p1a: Barraskewda|0 fnt
|faint|p1a: Barraskewda
|
|upkeep
|
|t:|1666719441
|switch|p1a: Ferrothorn|Ferrothorn, M|100/100
|-damage|p1a: Ferrothorn|95/100|[from] Stealth Rock
|turn|12
|
|t:|1666719445
|switch|p2a: Tyranitar|Tyranitar, M|100/100
|-weather|Sandstorm|[from] ability: Sand Stream|[of] p2a: Tyranitar
|move|p1a: Ferrothorn|Gyro Ball|p2a: Tyranitar
|-supereffective|p2a: Tyranitar
|-damage|p2a: Tyranitar|20/100
|
|-weather|Sandstorm|[upkeep]
|-heal|p1a: Ferrothorn|100/100|[from] item: Leftovers
|upkeep
|turn|13
|
|t:|1666719457
|switch|p1a: Seismitoad|Seismitoad, F|100/100
|-damage|p1a: Seismitoad|95/100|[from] Stealth Rock
|move|p2a: Tyranitar|Fire Punch|p1a: Seismitoad
|-resisted|p1a: Seismitoad
|-damage|p1a: Seismitoad|63/100
|
|-weather|Sandstorm|[upkeep]
|upkeep
|turn|14
|
|t:|1666719462
|switch|p2a: Tapu Lele|Tapu Lele, shiny|100/100
|move|p1a: Seismitoad|Earth Power|p2a: Tapu Lele
|-damage|p2a: Tapu Lele|45/100
|-damage|p1a: Seismitoad|53/100|[from] item: Life Orb
|
|-weather|Sandstorm|[upkeep]
|-damage|p2a: Tapu Lele|39/100|[from] Sandstorm
|upkeep
|turn|15
|
|t:|1666719468
|switch|p1a: Ferrothorn|Ferrothorn, M|100/100
|-damage|p1a: Ferrothorn|95/100|[from] Stealth Rock
|move|p2a: Tapu Lele|Focus Blast|p1a: Ferrothorn|[miss]
|-miss|p2a: Tapu Lele|p1a: Ferrothorn
|
|-weather|Sandstorm|[upkeep]
|-damage|p2a: Tapu Lele|33/100|[from] Sandstorm
|-heal|p1a: Ferrothorn|100/100|[from] item: Leftovers
|-fieldend|move: Psychic Terrain
|upkeep
|turn|16
|
|t:|1666719474
|move|p2a: Tapu Lele|Focus Blast|p1a: Ferrothorn
|-supereffective|p1a: Ferrothorn
|-damage|p1a: Ferrothorn|37/100
|move|p1a: Ferrothorn|Knock Off|p2a: Tapu Lele
|-damage|p2a: Tapu Lele|0 fnt
|-enditem|p2a: Tapu Lele|Choice Scarf|[from] move: Knock Off|[of] p1a: Ferrothorn
|faint|p2a: Tapu Lele
|
|-weather|none
|-heal|p1a: Ferrothorn|43/100|[from] item: Leftovers
|upkeep
|
|t:|1666719480
|switch|p2a: Tyranitar|Tyranitar, M|20/100
|-weather|Sandstorm|[from] ability: Sand Stream|[of] p2a: Tyranitar
|turn|17
|
|t:|1666719485
|move|p2a: Tyranitar|Crunch|p1a: Ferrothorn
|-damage|p1a: Ferrothorn|0 fnt
|-damage|p2a: Tyranitar|7/100|[from] ability: Iron Barbs|[of] p1a: Ferrothorn
|faint|p1a: Ferrothorn
|
|-weather|Sandstorm|[upkeep]
|upkeep
|
|t:|1666719492
|switch|p1a: Seismitoad|Seismitoad, F|53/100
|-damage|p1a: Seismitoad|48/100|[from] Stealth Rock
|turn|18
|
|t:|1666719496
|move|p1a: Seismitoad|Earth Power|p2a: Tyranitar
|-supereffective|p2a: Tyranitar
|-damage|p2a: Tyranitar|0 fnt
|faint|p2a: Tyranitar
|-damage|p1a: Seismitoad|38/100|[from] item: Life Orb
|
|-weather|Sandstorm|[upkeep]
|upkeep
|-message|Kwaga forfeited.
|
|win|toon arctozolt
|raw|toon arctozolt's rating: 1637 &rarr; <strong>1659</strong><br />(+22 for winning)
|raw|Kwaga's rating: 1666 &rarr; <strong>1644</strong><br />(-22 for losing)
|l|☆Kwaga
||Ladder isn't responding, score probably updated but might not have (Request timeout).
