|j|☆Fyrox
|j|☆testotesto321
|player|p1|Fyrox|steven|1631
|player|p2|testotesto321|bellelba|1666
|teamsize|p1|6
|teamsize|p2|6
|gametype|singles
|gen|8
|tier|[Gen 8] OU
|rated|
|html|<div class="broadcast-blue"><strong>OU is currently suspecting Dracovish! For information on how to participate check out the <a href="https://www.smogon.com/forums/threads/3664521/">suspect thread</a>.</strong></div>
|clearpoke
|poke|p1|Dracovish|
|poke|p1|Rotom-Mow|
|poke|p1|Umbreon, M|
|poke|p1|Hippowdon, M|
|poke|p1|Hatterene, F|
|poke|p1|Aegislash, M|
|poke|p2|Gengar, F|
|poke|p2|Zeraora|
|poke|p2|Hydreigon, M|
|poke|p2|Hippowdon, M|
|poke|p2|Corviknight, F|
|poke|p2|Toxapex, F|
|rule|Sleep Clause Mod: Limit one foe put to sleep
|rule|Species Clause: Limit one of each Pokémon
|rule|OHKO Clause: OHKO moves are banned
|rule|Evasion Moves Clause: Evasion moves are banned
|rule|Endless Battle Clause: Forcing endless battles is banned
|rule|HP Percentage Mod: HP is shown in percentages
|rule|Dynamax Clause: You cannot dynamax
|teampreview
|
|start
|switch|p1a: Rotom|Rotom-Mow|100/100
|switch|p2a: Hydreigon|Hydreigon, M|100/100
|turn|1
|
|switch|p1a: Umbreon|Umbreon, M|100/100
|move|p2a: Hydreigon|U-turn|p1a: Umbreon
|-supereffective|p1a: Umbreon
|-damage|p1a: Umbreon|73/100
|
|switch|p2a: Zeraora|Zeraora|100/100|[from]move: U-turn
|
|-heal|p1a: Umbreon|79/100|[from] item: Leftovers
|upkeep
|turn|2
|
|move|p2a: Zeraora|Close Combat|p1a: Umbreon
|-supereffective|p1a: Umbreon
|-damage|p1a: Umbreon|12/100
|-unboost|p2a: Zeraora|def|1
|-unboost|p2a: Zeraora|spd|1
|move|p1a: Umbreon|Foul Play|p2a: Zeraora
|-damage|p2a: Zeraora|7/100
|
|-heal|p1a: Umbreon|18/100|[from] item: Leftovers
|upkeep
|turn|3
|
|switch|p1a: Hippowdon|Hippowdon, M|100/100
|-weather|Sandstorm|[from] ability: Sand Stream|[of] p1a: Hippowdon
|move|p2a: Zeraora|Plasma Fists|p1a: Hippowdon
|-immune|p1a: Hippowdon
|
|-weather|Sandstorm|[upkeep]
|-damage|p2a: Zeraora|1/100|[from] Sandstorm
|upkeep
|turn|4
|
|switch|p2a: Corviknight|Corviknight, F, shiny|100/100
|-ability|p2a: Corviknight|Pressure
|move|p1a: Hippowdon|Stealth Rock|p2a: Corviknight
|-sidestart|p2: testotesto321|move: Stealth Rock
|
|-weather|Sandstorm|[upkeep]
|upkeep
|turn|5
|
|switch|p1a: Dracovish|Dracovish|100/100
|move|p2a: Corviknight|Defog|p1a: Dracovish
|-unboost|p1a: Dracovish|evasion|1
|-sideend|p2: testotesto321|Stealth Rock|[from] move: Defog|[of] p2a: Corviknight
|
|-weather|Sandstorm|[upkeep]
|-damage|p1a: Dracovish|94/100|[from] Sandstorm
|upkeep
|turn|6
|
|switch|p2a: Toxapex|Toxapex, F, shiny|100/100
|move|p1a: Dracovish|Psychic Fangs|p2a: Toxapex
|-supereffective|p2a: Toxapex
|-damage|p2a: Toxapex|55/100
|
|-weather|Sandstorm|[upkeep]
|-damage|p1a: Dracovish|88/100|[from] Sandstorm
|-damage|p2a: Toxapex|49/100|[from] Sandstorm
|-heal|p2a: Toxapex|55/100|[from] item: Black Sludge
|upkeep
|turn|7
|
|switch|p1a: Hatterene|Hatterene, F|100/100
|move|p2a: Toxapex|Recover|p2a: Toxapex
|-heal|p2a: Toxapex|100/100
|
|-weather|none
|upkeep
|turn|8
|
|switch|p1a: Rotom|Rotom-Mow|100/100
|switch|p2a: Corviknight|Corviknight, F, shiny|100/100
|-ability|p2a: Corviknight|Pressure
|
|upkeep
|turn|9
|
|move|p1a: Rotom|Trick|p2a: Corviknight
|-activate|p1a: Rotom|move: Trick|[of] p2a: Corviknight
|-item|p2a: Corviknight|Choice Scarf|[from] move: Trick
|-item|p1a: Rotom|Leftovers|[from] move: Trick
|move|p2a: Corviknight|U-turn|p1a: Rotom
|-supereffective|p1a: Rotom
|-damage|p1a: Rotom|64/100
|
|switch|p2a: Gengar|Gengar, F|100/100|[from]move: U-turn
|
|-heal|p1a: Rotom|70/100|[from] item: Leftovers
|upkeep
|turn|10
|
|move|p2a: Gengar|Shadow Ball|p1a: Rotom
|-damage|p1a: Rotom|0 fnt
|faint|p1a: Rotom
|
|upkeep
|
|switch|p1a: Hippowdon|Hippowdon, M|100/100
|-weather|Sandstorm|[from] ability: Sand Stream|[of] p1a: Hippowdon
|turn|11
|
|switch|p2a: Corviknight|Corviknight, F, shiny|100/100
|-ability|p2a: Corviknight|Pressure
|move|p1a: Hippowdon|Slack Off||[still]
|-fail|p1a: Hippowdon|heal
|
|-weather|Sandstorm|[upkeep]
|upkeep
|turn|12
|
|move|p2a: Corviknight|U-turn|p1a: Hippowdon
|-damage|p1a: Hippowdon|93/100
|
|switch|p2a: Toxapex|Toxapex, F, shiny|100/100|[from]move: U-turn
|move|p1a: Hippowdon|Stealth Rock|p2a: Toxapex
|-sidestart|p2: testotesto321|move: Stealth Rock
|
|-weather|Sandstorm|[upkeep]
|-damage|p2a: Toxapex|94/100|[from] Sandstorm
|-heal|p1a: Hippowdon|99/100|[from] item: Leftovers
|-heal|p2a: Toxapex|100/100|[from] item: Black Sludge
|upkeep
|turn|13
|
|switch|p2a: Corviknight|Corviknight, F, shiny|100/100
|-damage|p2a: Corviknight|88/100|[from] Stealth Rock
|-ability|p2a: Corviknight|Pressure
|move|p1a: Hippowdon|Earthquake|p2a: Corviknight
|-immune|p2a: Corviknight
|
|-weather|Sandstorm|[upkeep]
|-heal|p1a: Hippowdon|100/100|[from] item: Leftovers
|upkeep
|turn|14
|
|switch|p1a: Umbreon|Umbreon, M|18/100
|move|p2a: Corviknight|Defog|p1a: Umbreon
|-unboost|p1a: Umbreon|evasion|1
|-sideend|p2: testotesto321|Stealth Rock|[from] move: Defog|[of] p2a: Corviknight
|
|-weather|Sandstorm|[upkeep]
|-damage|p1a: Umbreon|12/100|[from] Sandstorm
|-heal|p1a: Umbreon|18/100|[from] item: Leftovers
|upkeep
|turn|15
|
|switch|p2a: Gengar|Gengar, F|100/100
|move|p1a: Umbreon|Wish|p1a: Umbreon
|
|-weather|none
|-heal|p1a: Umbreon|24/100|[from] item: Leftovers
|upkeep
|turn|16
|
|move|p1a: Umbreon|Protect|p1a: Umbreon
|-singleturn|p1a: Umbreon|Protect
|move|p2a: Gengar|Focus Blast|p1a: Umbreon
|-activate|p1a: Umbreon|move: Protect
|
|-heal|p1a: Umbreon|74/100|[from] move: Wish|[wisher] Umbreon
|-heal|p1a: Umbreon|80/100|[from] item: Leftovers
|upkeep
|turn|17
|
|switch|p2a: Hydreigon|Hydreigon, M|100/100
|move|p1a: Umbreon|Wish|p1a: Umbreon
|
|-heal|p1a: Umbreon|86/100|[from] item: Leftovers
|upkeep
|turn|18
|
|move|p2a: Hydreigon|Thunder Wave|p1a: Umbreon
|-status|p1a: Umbreon|par
|-activate|p1a: Umbreon|ability: Synchronize
|-status|p2a: Hydreigon|par
|move|p1a: Umbreon|Foul Play|p2a: Hydreigon
|-resisted|p2a: Hydreigon
|-damage|p2a: Hydreigon|84/100 par
|
|-heal|p1a: Umbreon|100/100 par|[from] move: Wish|[wisher] Umbreon
|upkeep
|turn|19
|
|move|p2a: Hydreigon|U-turn|p1a: Umbreon
|-supereffective|p1a: Umbreon
|-damage|p1a: Umbreon|70/100 par
|
|switch|p2a: Corviknight|Corviknight, F, shiny|88/100|[from]move: U-turn
|-ability|p2a: Corviknight|Pressure
|move|p1a: Umbreon|Heal Bell|p1a: Umbreon
|-activate|p1a: Umbreon|move: Heal Bell
|-curestatus|p1a: Umbreon|par|[msg]
|
|-heal|p1a: Umbreon|76/100|[from] item: Leftovers
|upkeep
|turn|20
|
|move|p1a: Umbreon|Protect|p1a: Umbreon
|-singleturn|p1a: Umbreon|Protect
|move|p2a: Corviknight|U-turn|p1a: Umbreon
|-activate|p1a: Umbreon|move: Protect
|
|-heal|p1a: Umbreon|82/100|[from] item: Leftovers
|upkeep
|turn|21
|
|move|p2a: Corviknight|U-turn|p1a: Umbreon
|-supereffective|p1a: Umbreon
|-damage|p1a: Umbreon|60/100
|
|switch|p2a: Hydreigon|Hydreigon, M|84/100 par|[from]move: U-turn
|move|p1a: Umbreon|Wish|p1a: Umbreon
|
|-heal|p1a: Umbreon|66/100|[from] item: Leftovers
|upkeep
|turn|22
|
|switch|p1a: Hatterene|Hatterene, F|100/100
|move|p2a: Hydreigon|Draco Meteor|p1a: Hatterene
|-immune|p1a: Hatterene
|
|upkeep
|turn|23
|
|switch|p2a: Corviknight|Corviknight, F, shiny|88/100
|-ability|p2a: Corviknight|Pressure
|move|p1a: Hatterene|Mystical Fire|p2a: Corviknight
|-supereffective|p2a: Corviknight
|-damage|p2a: Corviknight|51/100
|-unboost|p2a: Corviknight|spa|1
|
|upkeep
|turn|24
|
|move|p2a: Corviknight|Iron Head|p1a: Hatterene
|-supereffective|p1a: Hatterene
|-damage|p1a: Hatterene|58/100
|cant|p1a: Hatterene|flinch
|
|-heal|p1a: Hatterene|64/100|[from] item: Leftovers
|upkeep
|turn|25
|
|switch|p1a: Aegislash|Aegislash, M|100/100
|move|p2a: Corviknight|Iron Head|p1a: Aegislash
|-resisted|p1a: Aegislash
|-damage|p1a: Aegislash|88/100
|
|-heal|p1a: Aegislash|94/100|[from] item: Leftovers
|upkeep
|turn|26
|
|switch|p2a: Hippowdon|Hippowdon, M|100/100
|-weather|Sandstorm|[from] ability: Sand Stream|[of] p2a: Hippowdon
|switch|p1a: Dracovish|Dracovish|88/100
|
|-weather|Sandstorm|[upkeep]
|-damage|p1a: Dracovish|82/100|[from] Sandstorm
|upkeep
|turn|27
|
|switch|p2a: Toxapex|Toxapex, F, shiny|100/100
|move|p1a: Dracovish|Fishious Rend|p2a: Toxapex
|-resisted|p2a: Toxapex
|-damage|p2a: Toxapex|69/100
|
|-weather|Sandstorm|[upkeep]
|-damage|p1a: Dracovish|76/100|[from] Sandstorm
|-damage|p2a: Toxapex|63/100|[from] Sandstorm
|-heal|p2a: Toxapex|69/100|[from] item: Black Sludge
|upkeep
|turn|28
|
|switch|p1a: Hatterene|Hatterene, F|64/100
|switch|p2a: Gengar|Gengar, F|100/100
|
|-weather|Sandstorm|[upkeep]
|-damage|p2a: Gengar|94/100|[from] Sandstorm
|-damage|p1a: Hatterene|58/100|[from] Sandstorm
|-heal|p1a: Hatterene|64/100|[from] item: Leftovers
|upkeep
|turn|29
|
|switch|p1a: Umbreon|Umbreon, M|66/100
|move|p2a: Gengar|Sludge Wave|p1a: Umbreon
|-damage|p1a: Umbreon|29/100
|
|-weather|Sandstorm|[upkeep]
|-damage|p2a: Gengar|88/100|[from] Sandstorm
|-damage|p1a: Umbreon|23/100|[from] Sandstorm
|-heal|p1a: Umbreon|29/100|[from] item: Leftovers
|upkeep
|turn|30
|
|switch|p2a: Hippowdon|Hippowdon, M|100/100
|move|p1a: Umbreon|Protect||[still]
|-fail|p1a: Umbreon
|
|-weather|none
|-heal|p1a: Umbreon|35/100|[from] item: Leftovers
|upkeep
|turn|31
|
|switch|p1a: Hatterene|Hatterene, F|64/100
|move|p2a: Hippowdon|Earthquake|p1a: Hatterene
|-damage|p1a: Hatterene|29/100
|
|-heal|p1a: Hatterene|35/100|[from] item: Leftovers
|upkeep
|turn|32
|
|switch|p1a: Hippowdon|Hippowdon, M|100/100
|-weather|Sandstorm|[from] ability: Sand Stream|[of] p1a: Hippowdon
|move|p2a: Hippowdon|Earthquake|p1a: Hippowdon
|-damage|p1a: Hippowdon|80/100
|
|-weather|Sandstorm|[upkeep]
|-heal|p1a: Hippowdon|86/100|[from] item: Leftovers
|upkeep
|turn|33
|
|move|p2a: Hippowdon|Toxic|p1a: Hippowdon
|-status|p1a: Hippowdon|tox
|move|p1a: Hippowdon|Stealth Rock|p2a: Hippowdon
|-sidestart|p2: testotesto321|move: Stealth Rock
|
|-weather|Sandstorm|[upkeep]
|-heal|p1a: Hippowdon|92/100 tox|[from] item: Leftovers
|-damage|p1a: Hippowdon|86/100 tox|[from] psn
|upkeep
|turn|34
|
|switch|p2a: Corviknight|Corviknight, F, shiny|51/100
|-damage|p2a: Corviknight|39/100|[from] Stealth Rock
|-ability|p2a: Corviknight|Pressure
|move|p1a: Hippowdon|Whirlwind|p2a: Corviknight
|drag|p2a: Gengar|Gengar, F|88/100
|-damage|p2a: Gengar|76/100|[from] Stealth Rock
|
|-weather|Sandstorm|[upkeep]
|-damage|p2a: Gengar|70/100|[from] Sandstorm
|-heal|p1a: Hippowdon|92/100 tox|[from] item: Leftovers
|-damage|p1a: Hippowdon|80/100 tox|[from] psn
|upkeep
|turn|35
|
|switch|p1a: Aegislash|Aegislash, M|94/100
|move|p2a: Gengar|Hex|p1a: Aegislash
|-supereffective|p1a: Aegislash
|-damage|p1a: Aegislash|0 fnt
|faint|p1a: Aegislash
|
|-weather|Sandstorm|[upkeep]
|-damage|p2a: Gengar|64/100|[from] Sandstorm
|upkeep
|
|switch|p1a: Umbreon|Umbreon, M|35/100
|turn|36
|
|switch|p2a: Corviknight|Corviknight, F, shiny|39/100
|-damage|p2a: Corviknight|26/100|[from] Stealth Rock
|-ability|p2a: Corviknight|Pressure
|move|p1a: Umbreon|Wish|p1a: Umbreon
|
|-weather|none
|-heal|p1a: Umbreon|41/100|[from] item: Leftovers
|upkeep
|turn|37
|
|move|p1a: Umbreon|Protect|p1a: Umbreon
|-singleturn|p1a: Umbreon|Protect
|move|p2a: Corviknight|Defog|p1a: Umbreon
|-activate|p1a: Umbreon|move: Protect
|
|-heal|p1a: Umbreon|91/100|[from] move: Wish|[wisher] Umbreon
|-heal|p1a: Umbreon|97/100|[from] item: Leftovers
|upkeep
|turn|38
|
|switch|p1a: Hippowdon|Hippowdon, M|80/100 tox
|-weather|Sandstorm|[from] ability: Sand Stream|[of] p1a: Hippowdon
|move|p2a: Corviknight|Defog|p1a: Hippowdon
|-unboost|p1a: Hippowdon|evasion|1
|-sideend|p2: testotesto321|Stealth Rock|[from] move: Defog|[of] p2a: Corviknight
|
|-weather|Sandstorm|[upkeep]
|-heal|p1a: Hippowdon|86/100 tox|[from] item: Leftovers
|-damage|p1a: Hippowdon|80/100 tox|[from] psn
|upkeep
|turn|39
|
|switch|p2a: Gengar|Gengar, F|64/100
|move|p1a: Hippowdon|Stealth Rock|p2a: Gengar
|-sidestart|p2: testotesto321|move: Stealth Rock
|
|-weather|Sandstorm|[upkeep]
|-damage|p2a: Gengar|58/100|[from] Sandstorm
|-heal|p1a: Hippowdon|86/100 tox|[from] item: Leftovers
|-damage|p1a: Hippowdon|74/100 tox|[from] psn
|upkeep
|turn|40
|
|switch|p1a: Umbreon|Umbreon, M|97/100
|move|p2a: Gengar|Sludge Wave|p1a: Umbreon
|-damage|p1a: Umbreon|58/100
|
|-weather|Sandstorm|[upkeep]
|-damage|p2a: Gengar|51/100|[from] Sandstorm
|-damage|p1a: Umbreon|52/100|[from] Sandstorm
|-heal|p1a: Umbreon|58/100|[from] item: Leftovers
|upkeep
|turn|41
|
|switch|p2a: Corviknight|Corviknight, F, shiny|26/100
|-damage|p2a: Corviknight|14/100|[from] Stealth Rock
|-ability|p2a: Corviknight|Pressure
|move|p1a: Umbreon|Protect||[still]
|-fail|p1a: Umbreon
|
|-weather|Sandstorm|[upkeep]
|-damage|p1a: Umbreon|52/100|[from] Sandstorm
|-heal|p1a: Umbreon|58/100|[from] item: Leftovers
|upkeep
|turn|42
|
|move|p2a: Corviknight|Roost|p2a: Corviknight
|-heal|p2a: Corviknight|64/100
|-singleturn|p2a: Corviknight|move: Roost
|move|p1a: Umbreon|Foul Play|p2a: Corviknight
|-damage|p2a: Corviknight|39/100
|
|-weather|none
|-heal|p1a: Umbreon|64/100|[from] item: Leftovers
|upkeep
|turn|43
|
|move|p2a: Corviknight|Roost|p2a: Corviknight
|-heal|p2a: Corviknight|89/100
|-singleturn|p2a: Corviknight|move: Roost
|move|p1a: Umbreon|Heal Bell|p1a: Umbreon
|-activate|p1a: Umbreon|move: Heal Bell
|-curestatus|p1: Hippowdon|tox|[msg]
|
|-heal|p1a: Umbreon|70/100|[from] item: Leftovers
|upkeep
|turn|44
|
|switch|p2a: Toxapex|Toxapex, F, shiny|100/100
|-damage|p2a: Toxapex|88/100|[from] Stealth Rock
|move|p1a: Umbreon|Wish|p1a: Umbreon
|
|-heal|p1a: Umbreon|76/100|[from] item: Leftovers
|-heal|p2a: Toxapex|94/100|[from] item: Black Sludge
|upkeep
|turn|45
|
|switch|p1a: Hatterene|Hatterene, F|35/100
|switch|p2a: Corviknight|Corviknight, F, shiny|89/100
|-damage|p2a: Corviknight|76/100|[from] Stealth Rock
|-ability|p2a: Corviknight|Pressure
|
|-heal|p1a: Hatterene|97/100|[from] move: Wish|[wisher] Umbreon
|-heal|p1a: Hatterene|100/100|[from] item: Leftovers
|upkeep
|turn|46
|
|move|p2a: Corviknight|Defog|p1a: Hatterene
|move|p1a: Hatterene|Defog|p2a: Corviknight|[from]Magic Bounce
|-unboost|p2a: Corviknight|evasion|1
|-sideend|p2: testotesto321|Stealth Rock|[from] move: Defog|[of] p1a: Hatterene
|move|p1a: Hatterene|Calm Mind|p1a: Hatterene
|-boost|p1a: Hatterene|spa|1
|-boost|p1a: Hatterene|spd|1
|
|upkeep
|turn|47
|
|switch|p2a: Zeraora|Zeraora|1/100
|move|p1a: Hatterene|Draining Kiss|p2a: Zeraora
|-damage|p2a: Zeraora|0 fnt
|faint|p2a: Zeraora
|
|upkeep
|
|switch|p2a: Corviknight|Corviknight, F, shiny|76/100
|-ability|p2a: Corviknight|Pressure
|turn|48
|
|switch|p1a: Hippowdon|Hippowdon, M|74/100
|-weather|Sandstorm|[from] ability: Sand Stream|[of] p1a: Hippowdon
|move|p2a: Corviknight|Iron Head|p1a: Hippowdon
|-damage|p1a: Hippowdon|60/100
|
|-weather|Sandstorm|[upkeep]
|-heal|p1a: Hippowdon|67/100|[from] item: Leftovers
|upkeep
|turn|49
|
|switch|p2a: Toxapex|Toxapex, F, shiny|100/100
|move|p1a: Hippowdon|Stealth Rock|p2a: Toxapex
|-sidestart|p2: testotesto321|move: Stealth Rock
|
|-weather|Sandstorm|[upkeep]
|-damage|p2a: Toxapex|94/100|[from] Sandstorm
|-heal|p1a: Hippowdon|73/100|[from] item: Leftovers
|-heal|p2a: Toxapex|100/100|[from] item: Black Sludge
|upkeep
|turn|50
|
|switch|p2a: Corviknight|Corviknight, F, shiny|76/100
|-damage|p2a: Corviknight|64/100|[from] Stealth Rock
|-ability|p2a: Corviknight|Pressure
|move|p1a: Hippowdon|Whirlwind|p2a: Corviknight
|drag|p2a: Gengar|Gengar, F|51/100
|-damage|p2a: Gengar|39/100|[from] Stealth Rock
|
|-weather|Sandstorm|[upkeep]
|-damage|p2a: Gengar|33/100|[from] Sandstorm
|-heal|p1a: Hippowdon|79/100|[from] item: Leftovers
|upkeep
|turn|51
|
|switch|p2a: Corviknight|Corviknight, F, shiny|64/100
|-damage|p2a: Corviknight|51/100|[from] Stealth Rock
|-ability|p2a: Corviknight|Pressure
|switch|p1a: Umbreon|Umbreon, M|76/100
|
|-weather|Sandstorm|[upkeep]
|-damage|p1a: Umbreon|70/100|[from] Sandstorm
|-heal|p1a: Umbreon|76/100|[from] item: Leftovers
|upkeep
|turn|52
|
|switch|p1a: Hatterene|Hatterene, F|100/100
|move|p2a: Corviknight|Defog|p1a: Hatterene
|move|p1a: Hatterene|Defog|p2a: Corviknight|[from]Magic Bounce
|-unboost|p2a: Corviknight|evasion|1
|-sideend|p2: testotesto321|Stealth Rock|[from] move: Defog|[of] p1a: Hatterene
|
|-weather|none
|upkeep
|turn|53
|
|switch|p2a: Hippowdon|Hippowdon, M|100/100
|-weather|Sandstorm|[from] ability: Sand Stream|[of] p2a: Hippowdon
|move|p1a: Hatterene|Psychic|p2a: Hippowdon
|-crit|p2a: Hippowdon
|-damage|p2a: Hippowdon|30/100
|
|-weather|Sandstorm|[upkeep]
|-damage|p1a: Hatterene|95/100|[from] Sandstorm
|-heal|p1a: Hatterene|100/100|[from] item: Leftovers
|upkeep
|turn|54
|
|move|p2a: Hippowdon|Slack Off|p2a: Hippowdon
|-heal|p2a: Hippowdon|80/100
|move|p1a: Hatterene|Psychic|p2a: Hippowdon
|-damage|p2a: Hippowdon|32/100
|
|-weather|Sandstorm|[upkeep]
|-damage|p1a: Hatterene|95/100|[from] Sandstorm
|-heal|p1a: Hatterene|100/100|[from] item: Leftovers
|upkeep
|turn|55
|
|move|p2a: Hippowdon|Slack Off|p2a: Hippowdon
|-heal|p2a: Hippowdon|82/100
|move|p1a: Hatterene|Calm Mind|p1a: Hatterene
|-boost|p1a: Hatterene|spa|1
|-boost|p1a: Hatterene|spd|1
|
|-weather|Sandstorm|[upkeep]
|-damage|p1a: Hatterene|95/100|[from] Sandstorm
|-heal|p1a: Hatterene|100/100|[from] item: Leftovers
|upkeep
|turn|56
|
|switch|p2a: Corviknight|Corviknight, F, shiny|51/100
|-ability|p2a: Corviknight|Pressure
|move|p1a: Hatterene|Psychic|p2a: Corviknight
|-resisted|p2a: Corviknight
|-damage|p2a: Corviknight|27/100
|
|-weather|Sandstorm|[upkeep]
|-damage|p1a: Hatterene|95/100|[from] Sandstorm
|-heal|p1a: Hatterene|100/100|[from] item: Leftovers
|upkeep
|turn|57
|
|move|p2a: Corviknight|Iron Head|p1a: Hatterene
|-supereffective|p1a: Hatterene
|-damage|p1a: Hatterene|51/100
|move|p1a: Hatterene|Mystical Fire|p2a: Corviknight
|-supereffective|p2a: Corviknight
|-crit|p2a: Corviknight
|-damage|p2a: Corviknight|0 fnt
|faint|p2a: Corviknight
|
|-weather|none
|-heal|p1a: Hatterene|57/100|[from] item: Leftovers
|upkeep
|
|switch|p2a: Gengar|Gengar, F|33/100
|turn|58
|
|switch|p1a: Dracovish|Dracovish|76/100
|move|p2a: Gengar|Sludge Wave|p1a: Dracovish
|-damage|p1a: Dracovish|0 fnt
|faint|p1a: Dracovish
|
|upkeep
|
|switch|p1a: Hippowdon|Hippowdon, M|79/100
|-weather|Sandstorm|[from] ability: Sand Stream|[of] p1a: Hippowdon
|turn|59
|
|switch|p2a: Hydreigon|Hydreigon, M|84/100 par
|move|p1a: Hippowdon|Stealth Rock|p2a: Hydreigon
|-sidestart|p2: testotesto321|move: Stealth Rock
|
|-weather|Sandstorm|[upkeep]
|-damage|p2a: Hydreigon|78/100 par|[from] Sandstorm
|-heal|p1a: Hippowdon|85/100|[from] item: Leftovers
|upkeep
|turn|60
|
|move|p2a: Hydreigon|U-turn|p1a: Hippowdon
|-damage|p1a: Hippowdon|77/100
|
|switch|p2a: Hippowdon|Hippowdon, M|82/100|[from]move: U-turn
|-damage|p2a: Hippowdon|76/100|[from] Stealth Rock
|move|p1a: Hippowdon|Whirlwind|p2a: Hippowdon
|drag|p2a: Toxapex|Toxapex, F, shiny|100/100
|-damage|p2a: Toxapex|88/100|[from] Stealth Rock
|
|-weather|Sandstorm|[upkeep]
|-damage|p2a: Toxapex|82/100|[from] Sandstorm
|-heal|p1a: Hippowdon|83/100|[from] item: Leftovers
|-heal|p2a: Toxapex|88/100|[from] item: Black Sludge
|upkeep
|turn|61
|
|switch|p1a: Hatterene|Hatterene, F|57/100
|switch|p2a: Hydreigon|Hydreigon, M|78/100 par
|-damage|p2a: Hydreigon|65/100 par|[from] Stealth Rock
|
|-weather|Sandstorm|[upkeep]
|-damage|p2a: Hydreigon|59/100 par|[from] Sandstorm
|-damage|p1a: Hatterene|51/100|[from] Sandstorm
|-heal|p1a: Hatterene|57/100|[from] item: Leftovers
|upkeep
|turn|62
|
|move|p2a: Hydreigon|U-turn|p1a: Hatterene
|-damage|p1a: Hatterene|43/100
|
|switch|p2a: Hippowdon|Hippowdon, M|76/100|[from]move: U-turn
|-damage|p2a: Hippowdon|70/100|[from] Stealth Rock
|move|p1a: Hatterene|Draining Kiss|p2a: Hippowdon
|-damage|p2a: Hippowdon|42/100
|-heal|p1a: Hatterene|71/100|[from] drain|[of] p2a: Hippowdon
|-damage|p1a: Hatterene|54/100|[from] item: Rocky Helmet|[of] p2a: Hippowdon
|
|-weather|Sandstorm|[upkeep]
|-damage|p1a: Hatterene|48/100|[from] Sandstorm
|-heal|p1a: Hatterene|54/100|[from] item: Leftovers
|upkeep
|turn|63
|
|switch|p1a: Umbreon|Umbreon, M|76/100
|move|p2a: Hippowdon|Earthquake|p1a: Umbreon
|-damage|p1a: Umbreon|46/100
|
|-weather|none
|-heal|p1a: Umbreon|52/100|[from] item: Leftovers
|upkeep
|turn|64
|
|move|p1a: Umbreon|Wish|p1a: Umbreon
|move|p2a: Hippowdon|Slack Off|p2a: Hippowdon
|-heal|p2a: Hippowdon|92/100
|
|-heal|p1a: Umbreon|58/100|[from] item: Leftovers
|upkeep
|turn|65
|
|move|p1a: Umbreon|Foul Play|p2a: Hippowdon
|-damage|p2a: Hippowdon|72/100
|-damage|p1a: Umbreon|41/100|[from] item: Rocky Helmet|[of] p2a: Hippowdon
|move|p2a: Hippowdon|Earthquake|p1a: Umbreon
|-damage|p1a: Umbreon|9/100
|
|-heal|p1a: Umbreon|59/100|[from] move: Wish|[wisher] Umbreon
|-heal|p1a: Umbreon|65/100|[from] item: Leftovers
|upkeep
|turn|66
|
|move|p1a: Umbreon|Wish|p1a: Umbreon
|move|p2a: Hippowdon|Earthquake|p1a: Umbreon
|-damage|p1a: Umbreon|35/100
|
|-heal|p1a: Umbreon|41/100|[from] item: Leftovers
|upkeep
|turn|67
|
|switch|p1a: Hatterene|Hatterene, F|54/100
|move|p2a: Hippowdon|Earthquake|p1a: Hatterene
|-damage|p1a: Hatterene|22/100
|
|-heal|p1a: Hatterene|84/100|[from] move: Wish|[wisher] Umbreon
|-heal|p1a: Hatterene|90/100|[from] item: Leftovers
|upkeep
|turn|68
|
|switch|p2a: Gengar|Gengar, F|33/100
|-damage|p2a: Gengar|21/100|[from] Stealth Rock
|move|p1a: Hatterene|Calm Mind|p1a: Hatterene
|-boost|p1a: Hatterene|spa|1
|-boost|p1a: Hatterene|spd|1
|
|-heal|p1a: Hatterene|96/100|[from] item: Leftovers
|upkeep
|turn|69
|
|switch|p1a: Hippowdon|Hippowdon, M|83/100
|-weather|Sandstorm|[from] ability: Sand Stream|[of] p1a: Hippowdon
|move|p2a: Gengar|Sludge Wave|p1a: Hippowdon
|-resisted|p1a: Hippowdon
|-damage|p1a: Hippowdon|43/100
|
|-weather|Sandstorm|[upkeep]
|-damage|p2a: Gengar|15/100|[from] Sandstorm
|-heal|p1a: Hippowdon|50/100|[from] item: Leftovers
|upkeep
|turn|70
|
|switch|p2a: Hippowdon|Hippowdon, M|72/100
|-damage|p2a: Hippowdon|66/100|[from] Stealth Rock
|move|p1a: Hippowdon|Slack Off|p1a: Hippowdon
|-heal|p1a: Hippowdon|99/100
|
|-weather|Sandstorm|[upkeep]
|-heal|p1a: Hippowdon|100/100|[from] item: Leftovers
|upkeep
|turn|71
|
|move|p2a: Hippowdon|Earthquake|p1a: Hippowdon
|-damage|p1a: Hippowdon|79/100
|move|p1a: Hippowdon|Whirlwind|p2a: Hippowdon
|drag|p2a: Hydreigon|Hydreigon, M|59/100 par
|-damage|p2a: Hydreigon|47/100 par|[from] Stealth Rock
|
|-weather|Sandstorm|[upkeep]
|-damage|p2a: Hydreigon|41/100 par|[from] Sandstorm
|-heal|p1a: Hippowdon|85/100|[from] item: Leftovers
|upkeep
|turn|72
|
|cant|p2a: Hydreigon|par
|move|p1a: Hippowdon|Whirlwind|p2a: Hydreigon
|drag|p2a: Toxapex|Toxapex, F, shiny|100/100
|-damage|p2a: Toxapex|88/100|[from] Stealth Rock
|
|-weather|Sandstorm|[upkeep]
|-damage|p2a: Toxapex|82/100|[from] Sandstorm
|-heal|p1a: Hippowdon|91/100|[from] item: Leftovers
|-heal|p2a: Toxapex|88/100|[from] item: Black Sludge
|upkeep
|turn|73
|
|switch|p1a: Umbreon|Umbreon, M|41/100
|move|p2a: Toxapex|Toxic|p1a: Umbreon
|-status|p1a: Umbreon|tox
|-activate|p1a: Umbreon|ability: Synchronize
|-immune|p2a: Toxapex
|
|-weather|none
|-heal|p1a: Umbreon|47/100 tox|[from] item: Leftovers
|-heal|p2a: Toxapex|94/100|[from] item: Black Sludge
|-damage|p1a: Umbreon|41/100 tox|[from] psn
|upkeep
|turn|74
|
|switch|p2a: Hippowdon|Hippowdon, M|66/100
|-damage|p2a: Hippowdon|60/100|[from] Stealth Rock
|-weather|Sandstorm|[from] ability: Sand Stream|[of] p2a: Hippowdon
|move|p1a: Umbreon|Wish|p1a: Umbreon
|
|-weather|Sandstorm|[upkeep]
|-damage|p1a: Umbreon|35/100 tox|[from] Sandstorm
|-heal|p1a: Umbreon|41/100 tox|[from] item: Leftovers
|-damage|p1a: Umbreon|29/100 tox|[from] psn
|upkeep
|turn|75
|
|move|p1a: Umbreon|Protect|p1a: Umbreon
|-singleturn|p1a: Umbreon|Protect
|move|p2a: Hippowdon|Slack Off|p2a: Hippowdon
|-heal|p2a: Hippowdon|100/100
|
|-weather|Sandstorm|[upkeep]
|-damage|p1a: Umbreon|23/100 tox|[from] Sandstorm
|-heal|p1a: Umbreon|73/100 tox|[from] move: Wish|[wisher] Umbreon
|-heal|p1a: Umbreon|79/100 tox|[from] item: Leftovers
|-damage|p1a: Umbreon|61/100 tox|[from] psn
|upkeep
|turn|76
|
|move|p1a: Umbreon|Heal Bell|p1a: Umbreon
|-activate|p1a: Umbreon|move: Heal Bell
|-curestatus|p1a: Umbreon|tox|[msg]
|move|p2a: Hippowdon|Stealth Rock|p1a: Umbreon
|-sidestart|p1: Fyrox|move: Stealth Rock
|
|-weather|Sandstorm|[upkeep]
|-damage|p1a: Umbreon|55/100|[from] Sandstorm
|-heal|p1a: Umbreon|61/100|[from] item: Leftovers
|upkeep
|turn|77
|
|move|p1a: Umbreon|Wish|p1a: Umbreon
|move|p2a: Hippowdon|Earthquake|p1a: Umbreon
|-damage|p1a: Umbreon|29/100
|
|-weather|Sandstorm|[upkeep]
|-damage|p1a: Umbreon|23/100|[from] Sandstorm
|-heal|p1a: Umbreon|29/100|[from] item: Leftovers
|upkeep
|turn|78
|
|move|p1a: Umbreon|Protect|p1a: Umbreon
|-singleturn|p1a: Umbreon|Protect
|move|p2a: Hippowdon|Earthquake|p1a: Umbreon
|-activate|p1a: Umbreon|move: Protect
|
|-weather|none
|-heal|p1a: Umbreon|79/100|[from] move: Wish|[wisher] Umbreon
|-heal|p1a: Umbreon|85/100|[from] item: Leftovers
|upkeep
|turn|79
|
|switch|p1a: Hatterene|Hatterene, F|96/100
|-damage|p1a: Hatterene|84/100|[from] Stealth Rock
|move|p2a: Hippowdon|Earthquake|p1a: Hatterene
|-damage|p1a: Hatterene|47/100
|
|-heal|p1a: Hatterene|53/100|[from] item: Leftovers
|upkeep
|turn|80
|
|move|p2a: Hippowdon|Earthquake|p1a: Hatterene
|-damage|p1a: Hatterene|20/100
|move|p1a: Hatterene|Draining Kiss|p2a: Hippowdon
|-damage|p2a: Hippowdon|73/100
|-heal|p1a: Hatterene|47/100|[from] drain|[of] p2a: Hippowdon
|-damage|p1a: Hatterene|30/100|[from] item: Rocky Helmet|[of] p2a: Hippowdon
|
|-heal|p1a: Hatterene|36/100|[from] item: Leftovers
|upkeep
|turn|81
|
|switch|p1a: Umbreon|Umbreon, M|85/100
|-damage|p1a: Umbreon|72/100|[from] Stealth Rock
|move|p2a: Hippowdon|Earthquake|p1a: Umbreon
|-damage|p1a: Umbreon|41/100
|
|-heal|p1a: Umbreon|47/100|[from] item: Leftovers
|upkeep
|turn|82
|
|move|p1a: Umbreon|Protect|p1a: Umbreon
|-singleturn|p1a: Umbreon|Protect
|move|p2a: Hippowdon|Toxic|p1a: Umbreon
|-activate|p1a: Umbreon|move: Protect
|
|-heal|p1a: Umbreon|53/100|[from] item: Leftovers
|upkeep
|turn|83
|
|move|p1a: Umbreon|Wish|p1a: Umbreon
|move|p2a: Hippowdon|Toxic|p1a: Umbreon
|-status|p1a: Umbreon|tox
|-activate|p1a: Umbreon|ability: Synchronize
|-status|p2a: Hippowdon|tox
|
|-heal|p1a: Umbreon|59/100 tox|[from] item: Leftovers
|-damage|p1a: Umbreon|53/100 tox|[from] psn
|-damage|p2a: Hippowdon|67/100 tox|[from] psn
|upkeep
|turn|84
|
|move|p1a: Umbreon|Heal Bell|p1a: Umbreon
|-activate|p1a: Umbreon|move: Heal Bell
|-curestatus|p1a: Umbreon|tox|[msg]
|move|p2a: Hippowdon|Earthquake|p1a: Umbreon
|-damage|p1a: Umbreon|20/100
|
|-heal|p1a: Umbreon|70/100|[from] move: Wish|[wisher] Umbreon
|-heal|p1a: Umbreon|76/100|[from] item: Leftovers
|-damage|p2a: Hippowdon|55/100 tox|[from] psn
|upkeep
|turn|85
|
|move|p1a: Umbreon|Wish|p1a: Umbreon
|move|p2a: Hippowdon|Earthquake|p1a: Umbreon
|-damage|p1a: Umbreon|47/100
|
|-heal|p1a: Umbreon|53/100|[from] item: Leftovers
|-damage|p2a: Hippowdon|36/100 tox|[from] psn
|upkeep
|turn|86
|
|switch|p1a: Hippowdon|Hippowdon, M|91/100
|-damage|p1a: Hippowdon|85/100|[from] Stealth Rock
|-weather|Sandstorm|[from] ability: Sand Stream|[of] p1a: Hippowdon
|move|p2a: Hippowdon|Slack Off|p2a: Hippowdon
|-heal|p2a: Hippowdon|86/100 tox
|
|-weather|Sandstorm|[upkeep]
|-heal|p1a: Hippowdon|100/100|[from] move: Wish|[wisher] Umbreon
|-damage|p2a: Hippowdon|61/100 tox|[from] psn
|upkeep
|turn|87
|
|switch|p1a: Umbreon|Umbreon, M|53/100
|-damage|p1a: Umbreon|40/100|[from] Stealth Rock
|move|p2a: Hippowdon|Toxic|p1a: Umbreon
|-status|p1a: Umbreon|tox
|-activate|p1a: Umbreon|ability: Synchronize
|-fail|p2a: Hippowdon|tox
|
|-weather|Sandstorm|[upkeep]
|-damage|p1a: Umbreon|34/100 tox|[from] Sandstorm
|-heal|p1a: Umbreon|40/100 tox|[from] item: Leftovers
|-damage|p1a: Umbreon|34/100 tox|[from] psn
|-damage|p2a: Hippowdon|30/100 tox|[from] psn
|upkeep
|turn|88
|
|switch|p2a: Hydreigon|Hydreigon, M|41/100 par
|-damage|p2a: Hydreigon|29/100 par|[from] Stealth Rock
|move|p1a: Umbreon|Wish|p1a: Umbreon
|
|-weather|Sandstorm|[upkeep]
|-damage|p1a: Umbreon|28/100 tox|[from] Sandstorm
|-damage|p2a: Hydreigon|22/100 par|[from] Sandstorm
|-heal|p1a: Umbreon|34/100 tox|[from] item: Leftovers
|-damage|p1a: Umbreon|22/100 tox|[from] psn
|upkeep
|turn|89
|
|move|p1a: Umbreon|Protect|p1a: Umbreon
|-singleturn|p1a: Umbreon|Protect
|move|p2a: Hydreigon|Flamethrower|p1a: Umbreon
|-activate|p1a: Umbreon|move: Protect
|
|-weather|Sandstorm|[upkeep]
|-damage|p1a: Umbreon|16/100 tox|[from] Sandstorm
|-damage|p2a: Hydreigon|16/100 par|[from] Sandstorm
|-heal|p1a: Umbreon|66/100 tox|[from] move: Wish|[wisher] Umbreon
|-heal|p1a: Umbreon|72/100 tox|[from] item: Leftovers
|-damage|p1a: Umbreon|54/100 tox|[from] psn
|upkeep
|turn|90
|
|move|p1a: Umbreon|Heal Bell|p1a: Umbreon
|-activate|p1a: Umbreon|move: Heal Bell
|-curestatus|p1a: Umbreon|tox|[msg]
|cant|p2a: Hydreigon|par
|
|-weather|none
|-heal|p1a: Umbreon|60/100|[from] item: Leftovers
|upkeep
|turn|91
|
|move|p1a: Umbreon|Foul Play|p2a: Hydreigon
|-resisted|p2a: Hydreigon
|-damage|p2a: Hydreigon|0 fnt
|faint|p2a: Hydreigon
|
|-heal|p1a: Umbreon|66/100|[from] item: Leftovers
|upkeep
|
|switch|p2a: Toxapex|Toxapex, F, shiny|100/100
|-damage|p2a: Toxapex|88/100|[from] Stealth Rock
|turn|92
|
|move|p1a: Umbreon|Wish|p1a: Umbreon
|move|p2a: Toxapex|Scald|p1a: Umbreon
|-damage|p1a: Umbreon|57/100
|
|-heal|p1a: Umbreon|63/100|[from] item: Leftovers
|-heal|p2a: Toxapex|94/100|[from] item: Black Sludge
|upkeep
|turn|93
|
|switch|p1a: Hatterene|Hatterene, F|36/100
|-damage|p1a: Hatterene|24/100|[from] Stealth Rock
|switch|p2a: Gengar|Gengar, F|15/100
|-damage|p2a: Gengar|2/100|[from] Stealth Rock
|
|-heal|p1a: Hatterene|86/100|[from] move: Wish|[wisher] Umbreon
|-heal|p1a: Hatterene|92/100|[from] item: Leftovers
|upkeep
|turn|94
|
|switch|p1a: Hippowdon|Hippowdon, M|100/100
|-damage|p1a: Hippowdon|94/100|[from] Stealth Rock
|-weather|Sandstorm|[from] ability: Sand Stream|[of] p1a: Hippowdon
|move|p2a: Gengar|Shadow Ball|p1a: Hippowdon
|-damage|p1a: Hippowdon|25/100
|
|-weather|Sandstorm|[upkeep]
|-damage|p2a: Gengar|0 fnt|[from] Sandstorm
|faint|p2a: Gengar
|-heal|p1a: Hippowdon|32/100|[from] item: Leftovers
|upkeep
|-message|testotesto321 forfeited.
|
|win|Fyrox
|l|☆testotesto321
