|j|☆Fastbreak 3
|j|☆Run For Me Plz
|t:|1663350442
|gametype|singles
|player|p1|Fastbreak 3|hoopster|1601
|player|p2|Run For Me Plz|blue-gen2|1600
|teamsize|p1|6
|teamsize|p2|6
|gen|8
|tier|[Gen 8] OU
|rated|
|rule|Sleep Clause Mod: Limit one foe put to sleep
|rule|Species Clause: Limit one of each Pokémon
|rule|OHKO Clause: OHKO moves are banned
|rule|Evasion Items Clause: Evasion items are banned
|rule|Evasion Moves Clause: Evasion moves are banned
|rule|Endless Battle Clause: Forcing endless battles is banned
|rule|HP Percentage Mod: HP is shown in percentages
|rule|Dynamax Clause: You cannot dynamax
|clearpoke
|poke|p1|Mamoswine, M|
|poke|p1|Hawlucha, M|
|poke|p1|Obstagoon, F|
|poke|p1|Dragapult, M|
|poke|p1|Rillaboom, F|
|poke|p1|Mew|
|poke|p2|Rillaboom, M|
|poke|p2|Toxapex, F|
|poke|p2|Heatran, F|
|poke|p2|Tapu Lele|
|poke|p2|Mandibuzz, F|
|poke|p2|Garchomp, M|
|teampreview
|inactive|Battle timer is ON: inactive players will automatically lose when time's up. (requested by Run For Me Plz)
|
|t:|1663350453
|start
|switch|p1a: Mew|Mew|100/100
|switch|p2a: Rillaboom|Rillaboom, M|100/100
|-fieldstart|move: Grassy Terrain|[from] ability: Grassy Surge|[of] p2a: Rillaboom
|turn|1
|
|t:|1663350465
|move|p1a: Mew|Stealth Rock|p2a: Rillaboom
|-sidestart|p2: Run For Me Plz|move: Stealth Rock
|move|p2a: Rillaboom|Knock Off|p1a: Mew
|-supereffective|p1a: Mew
|-damage|p1a: Mew|3/100
|-enditem|p1a: Mew|Mental Herb|[from] move: Knock Off|[of] p2a: Rillaboom
|
|-heal|p1a: Mew|9/100|[from] Grassy Terrain
|upkeep
|turn|2
|
|t:|1663350477
|switch|p2a: Tapu Lele|Tapu Lele|100/100
|-damage|p2a: Tapu Lele|88/100|[from] Stealth Rock
|-fieldstart|move: Psychic Terrain|[from] ability: Psychic Surge|[of] p2a: Tapu Lele
|move|p1a: Mew|Spikes|p2a: Tapu Lele
|-sidestart|p2: Run For Me Plz|Spikes
|
|upkeep
|turn|3
|
|t:|1663350488
|move|p1a: Mew|Thunder Wave|p2a: Tapu Lele|[miss]
|-miss|p1a: Mew|p2a: Tapu Lele
|move|p2a: Tapu Lele|Moonblast|p1a: Mew
|-damage|p1a: Mew|0 fnt
|faint|p1a: Mew
|
|upkeep
|
|t:|1663350497
|switch|p1a: Rillaboom|Rillaboom, F|100/100
|-fieldstart|move: Grassy Terrain|[from] ability: Grassy Surge|[of] p1a: Rillaboom
|turn|4
|
|t:|1663350502
|switch|p2a: Mandibuzz|Mandibuzz, F|100/100
|move|p1a: Rillaboom|U-turn|p2a: Mandibuzz
|-damage|p2a: Mandibuzz|79/100
|-damage|p1a: Rillaboom|91/100|[from] item: Life Orb
|
|t:|1663350519
|switch|p1a: Mamoswine|Mamoswine, M|100/100|[from]move: U-turn
|
|upkeep
|turn|5
|
|t:|1663350525
|move|p1a: Mamoswine|Icicle Crash|p2a: Mandibuzz
|-supereffective|p2a: Mandibuzz
|-damage|p2a: Mandibuzz|9/100
|move|p2a: Mandibuzz|Defog|p1a: Mamoswine
|-unboost|p1a: Mamoswine|evasion|1
|-sideend|p2: Run For Me Plz|Spikes|[from] move: Defog|[of] p2a: Mandibuzz
|-sideend|p2: Run For Me Plz|Stealth Rock|[from] move: Defog|[of] p2a: Mandibuzz
|-fieldend|move: Grassy Terrain
|
|upkeep
|turn|6
|
|t:|1663350535
|move|p1a: Mamoswine|High Horsepower|p2a: Mandibuzz
|-immune|p2a: Mandibuzz
|move|p2a: Mandibuzz|Foul Play|p1a: Mamoswine
|-damage|p1a: Mamoswine|37/100
|
|upkeep
|turn|7
|
|t:|1663350541
|move|p1a: Mamoswine|Freeze-Dry|p2a: Mandibuzz
|-supereffective|p2a: Mandibuzz
|-damage|p2a: Mandibuzz|0 fnt
|faint|p2a: Mandibuzz
|
|upkeep
|
|t:|1663350545
|switch|p2a: Tapu Lele|Tapu Lele|88/100
|-fieldstart|move: Psychic Terrain|[from] ability: Psychic Surge|[of] p2a: Tapu Lele
|turn|8
|
|t:|1663350553
|switch|p1a: Obstagoon|Obstagoon, F|100/100
|move|p2a: Tapu Lele|Moonblast|p1a: Obstagoon
|-supereffective|p1a: Obstagoon
|-damage|p1a: Obstagoon|0 fnt
|faint|p1a: Obstagoon
|
|upkeep
|
|t:|1663350561
|switch|p1a: Rillaboom|Rillaboom, F|91/100
|-fieldstart|move: Grassy Terrain|[from] ability: Grassy Surge|[of] p1a: Rillaboom
|turn|9
|
|t:|1663350568
|switch|p2a: Heatran|Heatran, F|100/100
|move|p1a: Rillaboom|Grassy Glide|p2a: Heatran
|-resisted|p2a: Heatran
|-damage|p2a: Heatran|90/100
|-damage|p1a: Rillaboom|81/100|[from] item: Life Orb
|
|-heal|p1a: Rillaboom|87/100|[from] Grassy Terrain
|-heal|p2a: Heatran|97/100|[from] Grassy Terrain
|-heal|p2a: Heatran|100/100|[from] item: Leftovers
|upkeep
|turn|10
|
|t:|1663350579
|switch|p1a: Dragapult|Dragapult, M|100/100
|switch|p2a: Garchomp|Garchomp, M|100/100
|
|upkeep
|turn|11
|
|t:|1663350592
|move|p1a: Dragapult|Substitute|p1a: Dragapult
|-start|p1a: Dragapult|Substitute
|-damage|p1a: Dragapult|76/100
|move|p2a: Garchomp|Stealth Rock|p1a: Dragapult
|-sidestart|p1: Fastbreak 3|move: Stealth Rock
|
|-heal|p1a: Dragapult|82/100|[from] Grassy Terrain
|-heal|p1a: Dragapult|88/100|[from] item: Leftovers
|upkeep
|turn|12
|
|t:|1663350600
|move|p1a: Dragapult|Will-O-Wisp|p2a: Garchomp
|-status|p2a: Garchomp|brn
|move|p2a: Garchomp|Earthquake|p1a: Dragapult
|-activate|p1a: Dragapult|move: Substitute|[damage]
|
|-heal|p1a: Dragapult|94/100|[from] Grassy Terrain
|-heal|p1a: Dragapult|99/100|[from] item: Leftovers
|-damage|p2a: Garchomp|94/100 brn|[from] brn
|upkeep
|turn|13
|
|t:|1663350610
|switch|p2a: Toxapex|Toxapex, F, shiny|100/100
|move|p1a: Dragapult|Hex|p2a: Toxapex
|-damage|p2a: Toxapex|83/100
|
|-heal|p1a: Dragapult|100/100|[from] Grassy Terrain
|-heal|p2a: Toxapex|89/100|[from] Grassy Terrain
|-heal|p2a: Toxapex|95/100|[from] item: Black Sludge
|-fieldend|move: Grassy Terrain
|upkeep
|turn|14
|
|t:|1663350623
|move|p1a: Dragapult|Thunder Wave|p2a: Toxapex
|-status|p2a: Toxapex|par
|cant|p2a: Toxapex|par
|
|-heal|p2a: Toxapex|100/100 par|[from] item: Black Sludge
|upkeep
|turn|15
|
|t:|1663350630
|move|p1a: Dragapult|Hex|p2a: Toxapex
|-damage|p2a: Toxapex|62/100 par
|move|p2a: Toxapex|Knock Off|p1a: Dragapult
|-supereffective|p1a: Dragapult
|-end|p1a: Dragapult|Substitute
|
|-heal|p2a: Toxapex|68/100 par|[from] item: Black Sludge
|upkeep
|turn|16
|
|t:|1663350637
|move|p1a: Dragapult|Substitute|p1a: Dragapult
|-start|p1a: Dragapult|Substitute
|-damage|p1a: Dragapult|76/100
|cant|p2a: Toxapex|par
|
|-heal|p1a: Dragapult|82/100|[from] item: Leftovers
|-heal|p2a: Toxapex|75/100 par|[from] item: Black Sludge
|upkeep
|turn|17
|
|t:|1663350644
|move|p1a: Dragapult|Hex|p2a: Toxapex
|-damage|p2a: Toxapex|36/100 par
|move|p2a: Toxapex|Knock Off|p1a: Dragapult
|-supereffective|p1a: Dragapult
|-end|p1a: Dragapult|Substitute
|
|-heal|p1a: Dragapult|88/100|[from] item: Leftovers
|-heal|p2a: Toxapex|42/100 par|[from] item: Black Sludge
|upkeep
|turn|18
|
|t:|1663350655
|move|p1a: Dragapult|Substitute|p1a: Dragapult
|-start|p1a: Dragapult|Substitute
|-damage|p1a: Dragapult|63/100
|cant|p2a: Toxapex|par
|
|-heal|p1a: Dragapult|69/100|[from] item: Leftovers
|-heal|p2a: Toxapex|48/100 par|[from] item: Black Sludge
|upkeep
|turn|19
|
|t:|1663350662
|move|p1a: Dragapult|Hex|p2a: Toxapex
|-damage|p2a: Toxapex|13/100 par
|move|p2a: Toxapex|Knock Off|p1a: Dragapult
|-supereffective|p1a: Dragapult
|-end|p1a: Dragapult|Substitute
|
|-heal|p1a: Dragapult|75/100|[from] item: Leftovers
|-heal|p2a: Toxapex|20/100 par|[from] item: Black Sludge
|upkeep
|turn|20
|
|t:|1663350672
|switch|p2a: Garchomp|Garchomp, M|94/100 brn
|move|p1a: Dragapult|Hex|p2a: Garchomp
|-crit|p2a: Garchomp
|-damage|p2a: Garchomp|40/100 brn
|
|-heal|p1a: Dragapult|81/100|[from] item: Leftovers
|-heal|p2a: Garchomp|46/100 brn|[from] item: Leftovers
|-damage|p2a: Garchomp|40/100 brn|[from] brn
|upkeep
|turn|21
|
|t:|1663350685
|switch|p1a: Rillaboom|Rillaboom, F|87/100
|-damage|p1a: Rillaboom|74/100|[from] Stealth Rock
|-fieldstart|move: Grassy Terrain|[from] ability: Grassy Surge|[of] p1a: Rillaboom
|move|p2a: Garchomp|Earthquake|p1a: Rillaboom
|-resisted|p1a: Rillaboom
|-damage|p1a: Rillaboom|69/100
|
|-heal|p1a: Rillaboom|75/100|[from] Grassy Terrain
|-heal|p2a: Garchomp|46/100 brn|[from] Grassy Terrain
|-heal|p2a: Garchomp|52/100 brn|[from] item: Leftovers
|-damage|p2a: Garchomp|46/100 brn|[from] brn
|upkeep
|turn|22
|
|t:|1663350698
|move|p1a: Rillaboom|U-turn|p2a: Garchomp
|-damage|p2a: Garchomp|18/100 brn
|-damage|p1a: Rillaboom|63/100|[from] ability: Rough Skin|[of] p2a: Garchomp
|-damage|p1a: Rillaboom|53/100|[from] item: Life Orb
|
|t:|1663350709
|switch|p1a: Mamoswine|Mamoswine, M|37/100|[from]move: U-turn
|-damage|p1a: Mamoswine|24/100|[from] Stealth Rock
|move|p2a: Garchomp|Toxic|p1a: Mamoswine
|-status|p1a: Mamoswine|tox
|
|-heal|p1a: Mamoswine|30/100 tox|[from] Grassy Terrain
|-heal|p2a: Garchomp|24/100 brn|[from] Grassy Terrain
|-heal|p2a: Garchomp|30/100 brn|[from] item: Leftovers
|-damage|p1a: Mamoswine|24/100 tox|[from] psn
|-damage|p2a: Garchomp|24/100 brn|[from] brn
|upkeep
|turn|23
|
|t:|1663350722
|move|p2a: Garchomp|Protect|p2a: Garchomp
|-singleturn|p2a: Garchomp|Protect
|move|p1a: Mamoswine|Ice Shard|p2a: Garchomp
|-activate|p2a: Garchomp|move: Protect
|
|-heal|p1a: Mamoswine|30/100 tox|[from] Grassy Terrain
|-heal|p2a: Garchomp|30/100 brn|[from] Grassy Terrain
|-heal|p2a: Garchomp|37/100 brn|[from] item: Leftovers
|-damage|p1a: Mamoswine|18/100 tox|[from] psn
|-damage|p2a: Garchomp|30/100 brn|[from] brn
|upkeep
|turn|24
|
|t:|1663350727
|switch|p2a: Heatran|Heatran, F|100/100
|move|p1a: Mamoswine|High Horsepower|p2a: Heatran
|-supereffective|p2a: Heatran
|-damage|p2a: Heatran|0 fnt
|faint|p2a: Heatran
|
|-heal|p1a: Mamoswine|24/100 tox|[from] Grassy Terrain
|-damage|p1a: Mamoswine|6/100 tox|[from] psn
|upkeep
|
|t:|1663350739
|switch|p2a: Tapu Lele|Tapu Lele|88/100
|-fieldstart|move: Psychic Terrain|[from] ability: Psychic Surge|[of] p2a: Tapu Lele
|turn|25
|
|t:|1663350743
|move|p2a: Tapu Lele|Psychic|p1a: Mamoswine
|-damage|p1a: Mamoswine|0 fnt
|faint|p1a: Mamoswine
|
|upkeep
|
|t:|1663350758
|switch|p1a: Rillaboom|Rillaboom, F|53/100
|-damage|p1a: Rillaboom|40/100|[from] Stealth Rock
|-fieldstart|move: Grassy Terrain|[from] ability: Grassy Surge|[of] p1a: Rillaboom
|turn|26
|
|t:|1663350773
|switch|p2a: Garchomp|Garchomp, M|30/100 brn
|move|p1a: Rillaboom|Grassy Glide|p2a: Garchomp
|-damage|p2a: Garchomp|0 fnt
|-damage|p1a: Rillaboom|28/100|[from] ability: Rough Skin|[of] p2a: Garchomp
|faint|p2a: Garchomp
|-damage|p1a: Rillaboom|18/100|[from] item: Life Orb
|
|-heal|p1a: Rillaboom|24/100|[from] Grassy Terrain
|upkeep
|
|t:|1663350776
|switch|p2a: Tapu Lele|Tapu Lele|88/100
|-fieldstart|move: Psychic Terrain|[from] ability: Psychic Surge|[of] p2a: Tapu Lele
|turn|27
|inactive|Fastbreak 3 has 120 seconds left.
|
|t:|1663350810
|move|p2a: Tapu Lele|Moonblast|p1a: Rillaboom
|-damage|p1a: Rillaboom|0 fnt
|faint|p1a: Rillaboom
|
|upkeep
|
|t:|1663350814
|switch|p1a: Dragapult|Dragapult, M|81/100
|-damage|p1a: Dragapult|68/100|[from] Stealth Rock
|turn|28
|
|t:|1663350821
|move|p1a: Dragapult|Hex|p2a: Tapu Lele
|-supereffective|p2a: Tapu Lele
|-damage|p2a: Tapu Lele|28/100
|move|p2a: Tapu Lele|Moonblast|p1a: Dragapult
|-supereffective|p1a: Dragapult
|-damage|p1a: Dragapult|0 fnt
|faint|p1a: Dragapult
|
|upkeep
|
|t:|1663350828
|switch|p1a: Hawlucha|Hawlucha, M, shiny|100/100
|-damage|p1a: Hawlucha|88/100|[from] Stealth Rock
|turn|29
|
|t:|1663350835
|move|p1a: Hawlucha|Acrobatics|p2a: Tapu Lele
|-damage|p2a: Tapu Lele|0 fnt
|faint|p2a: Tapu Lele
|
|upkeep
|
|t:|1663350838
|switch|p2a: Toxapex|Toxapex, F, shiny|53/100 par
|turn|30
|
|t:|1663350843
|move|p1a: Hawlucha|Swords Dance|p1a: Hawlucha
|-boost|p1a: Hawlucha|atk|2
|cant|p2a: Toxapex|par
|
|-heal|p2a: Toxapex|59/100 par|[from] item: Black Sludge
|upkeep
|turn|31
|
|t:|1663350850
|move|p1a: Hawlucha|Stone Edge|p2a: Toxapex
|-damage|p2a: Toxapex|8/100 par
|move|p2a: Toxapex|Poison Jab|p1a: Hawlucha
|-damage|p1a: Hawlucha|60/100
|
|-heal|p2a: Toxapex|14/100 par|[from] item: Black Sludge
|-fieldend|move: Psychic Terrain
|upkeep
|turn|32
|
|t:|1663350858
|move|p1a: Hawlucha|Acrobatics|p2a: Toxapex
|-damage|p2a: Toxapex|0 fnt
|faint|p2a: Toxapex
|
|upkeep
|
|t:|1663350860
|switch|p2a: Rillaboom|Rillaboom, M|100/100
|-fieldstart|move: Grassy Terrain|[from] ability: Grassy Surge|[of] p2a: Rillaboom
|-enditem|p1a: Hawlucha|Grassy Seed
|-boost|p1a: Hawlucha|def|1|[from] item: Grassy Seed
|turn|33
|
|t:|1663350867
|move|p2a: Rillaboom|Grassy Glide|p1a: Hawlucha
|-resisted|p1a: Hawlucha
|-damage|p1a: Hawlucha|22/100
|move|p1a: Hawlucha|Acrobatics|p2a: Rillaboom
|-supereffective|p2a: Rillaboom
|-damage|p2a: Rillaboom|0 fnt
|faint|p2a: Rillaboom
|
|win|Fastbreak 3
|raw|Fastbreak 3's rating: 1601 &rarr; <strong>1621</strong><br />(+20 for winning)
|raw|Run For Me Plz's rating: 1600 &rarr; <strong>1580</strong><br />(-20 for losing)
|l|☆Run For Me Plz
