|j|☆Wheezer
|j|☆LT71LX Allistair
|t:|1637532101
|gametype|singles
|player|p1|Wheezer|petrel|1716
|player|p2|LT71LX Allistair|265|1655
|teamsize|p1|6
|teamsize|p2|6
|gen|8
|tier|[Gen 8] OU
|rated|
|rule|Sleep Clause Mod: Limit one foe put to sleep
|rule|Species Clause: Limit one of each Pokémon
|rule|OHKO Clause: OHKO moves are banned
|rule|Evasion Moves Clause: Evasion moves are banned
|rule|Endless Battle Clause: Forcing endless battles is banned
|rule|HP Percentage Mod: HP is shown in percentages
|rule|Dynamax Clause: You cannot dynamax
|clearpoke
|poke|p1|Toxapex, M|
|poke|p1|Suicune|
|poke|p1|Celesteela|
|poke|p1|Ferrothorn, F|
|poke|p1|Hatterene, F|
|poke|p1|Grimmsnarl, M|
|poke|p2|Mew|
|poke|p2|Tapu Fini|
|poke|p2|Slurpuff, F|
|poke|p2|Nidoking, M|
|poke|p2|Heatran, M|
|poke|p2|Tyranitar, M|
|teampreview
|
|t:|1637532117
|start
|switch|p1a: Grimmsnarl|Grimmsnarl, M|100/100
|switch|p2a: Heatran|Heatran, M|100/100
|turn|1
|
|t:|1637532157
|switch|p1a: Hatterene|Hatterene, F|100/100
|move|p2a: Heatran|Magma Storm|p1a: Hatterene
|-damage|p1a: Hatterene|55/100
|-activate|p1a: Hatterene|move: Magma Storm|[of] p2a: Heatran
|
|-heal|p1a: Hatterene|61/100|[from] item: Leftovers
|-damage|p1a: Hatterene|48/100|[from] move: Magma Storm|[partiallytrapped]
|upkeep
|turn|2
|
|t:|1637532182
|move|p2a: Heatran|Magma Storm|p1a: Hatterene
|-damage|p1a: Hatterene|3/100
|move|p1a: Hatterene|Nuzzle|p2a: Heatran
|-damage|p2a: Heatran|97/100
|-status|p2a: Heatran|par
|-status|p1a: Hatterene|brn|[from] ability: Flame Body|[of] p2a: Heatran
|
|-heal|p2a: Heatran|100/100 par|[from] item: Leftovers
|-heal|p1a: Hatterene|9/100 brn|[from] item: Leftovers
|-damage|p1a: Hatterene|3/100 brn|[from] brn
|-damage|p1a: Hatterene|0 fnt|[from] move: Magma Storm|[partiallytrapped]
|faint|p1a: Hatterene
|upkeep
|j| AquaVanilla
|
|t:|1637532203
|switch|p1a: Suicune|Suicune|100/100
|-ability|p1a: Suicune|Pressure
|turn|3
|
|t:|1637532215
|switch|p2a: Nidoking|Nidoking, M|100/100
|move|p1a: Suicune|Substitute|p1a: Suicune
|-start|p1a: Suicune|Substitute
|-damage|p1a: Suicune|75/100
|
|-heal|p1a: Suicune|82/100|[from] item: Leftovers
|upkeep
|turn|4
|
|t:|1637532217
|move|p2a: Nidoking|Toxic Spikes|p1a: Suicune
|-sidestart|p1: Wheezer|move: Toxic Spikes
|move|p1a: Suicune|Calm Mind|p1a: Suicune
|-boost|p1a: Suicune|spa|1
|-boost|p1a: Suicune|spd|1
|
|-heal|p1a: Suicune|88/100|[from] item: Leftovers
|upkeep
|turn|5
|l| AquaVanilla
|
|t:|1637532225
|move|p2a: Nidoking|Taunt|p1a: Suicune
|-start|p1a: Suicune|move: Taunt
|cant|p1a: Suicune|move: Taunt|Calm Mind
|
|-heal|p1a: Suicune|94/100|[from] item: Leftovers
|upkeep
|turn|6
|
|t:|1637532227
|move|p2a: Nidoking|Toxic Spikes|p1a: Suicune
|-sidestart|p1: Wheezer|move: Toxic Spikes
|move|p1a: Suicune|Scald|p2a: Nidoking
|-supereffective|p2a: Nidoking
|-damage|p2a: Nidoking|0 fnt
|faint|p2a: Nidoking
|
|-heal|p1a: Suicune|99/100|[from] item: Leftovers
|upkeep
|c|☆Wheezer|yeah idk man
|
|t:|1637532242
|switch|p2a: Slurpuff|Slurpuff, F|100/100
|turn|7
|c|☆Wheezer|im just ass at this game i guess
|
|t:|1637532246
|move|p1a: Suicune|Scald|p2a: Slurpuff
|-damage|p2a: Slurpuff|46/100
|-status|p2a: Slurpuff|brn
|move|p2a: Slurpuff|Sticky Web|p1a: Suicune
|-sidestart|p1: Wheezer|move: Sticky Web
|
|-heal|p1a: Suicune|100/100|[from] item: Leftovers
|-damage|p2a: Slurpuff|40/100 brn|[from] brn
|-end|p1a: Suicune|move: Taunt
|upkeep
|turn|8
|
|t:|1637532250
|move|p1a: Suicune|Scald|p2a: Slurpuff
|-damage|p2a: Slurpuff|0 fnt
|faint|p2a: Slurpuff
|
|upkeep
|
|t:|1637532253
|switch|p2a: Mew|Mew|100/100
|turn|9
|c|☆Wheezer|just lose to mew every game
|c|☆LT71LX Allistair|i don't think so
|c|☆LT71LX Allistair|i like your style actually
|
|t:|1637532272
|move|p2a: Mew|Cosmic Power|p2a: Mew
|-boost|p2a: Mew|def|1
|-boost|p2a: Mew|spd|1
|move|p1a: Suicune|Scald|p2a: Mew
|-damage|p2a: Mew|78/100
|
|upkeep
|turn|10
|
|t:|1637532282
|switch|p1a: Toxapex|Toxapex, M|100/100
|-sideend|p1: Wheezer|move: Toxic Spikes|[of] p1a: Toxapex
|-activate|p1a: Toxapex|move: Sticky Web
|-unboost|p1a: Toxapex|spe|1
|move|p2a: Mew|Taunt|p1a: Toxapex
|-start|p1a: Toxapex|move: Taunt
|
|upkeep
|turn|11
|
|t:|1637532285
|switch|p1a: Grimmsnarl|Grimmsnarl, M|100/100
|-activate|p1a: Grimmsnarl|move: Sticky Web
|-unboost|p1a: Grimmsnarl|spe|1
|move|p2a: Mew|Cosmic Power|p2a: Mew
|-boost|p2a: Mew|def|1
|-boost|p2a: Mew|spd|1
|
|upkeep
|turn|12
|
|t:|1637532289
|switch|p2a: Tyranitar|Tyranitar, M|100/100
|-weather|Sandstorm|[from] ability: Sand Stream|[of] p2a: Tyranitar
|move|p1a: Grimmsnarl|Trick|p2a: Tyranitar
|-hint|Since gen 7, Dark is immune to Prankster moves.
|-immune|p2a: Tyranitar
|
|-weather|Sandstorm|[upkeep]
|-damage|p1a: Grimmsnarl|94/100|[from] Sandstorm
|upkeep
|turn|13
|
|t:|1637532296
|switch|p1a: Ferrothorn|Ferrothorn, F|100/100
|-activate|p1a: Ferrothorn|move: Sticky Web
|-unboost|p1a: Ferrothorn|spe|1
|move|p2a: Tyranitar|Stealth Rock|p1a: Ferrothorn
|-sidestart|p1: Wheezer|move: Stealth Rock
|
|-weather|Sandstorm|[upkeep]
|upkeep
|turn|14
|
|t:|1637532300
|switch|p2a: Heatran|Heatran, M|100/100 par
|move|p1a: Ferrothorn|Stealth Rock|p2a: Heatran
|-sidestart|p2: LT71LX Allistair|move: Stealth Rock
|
|-weather|Sandstorm|[upkeep]
|upkeep
|turn|15
|
|t:|1637532313
|switch|p1a: Suicune|Suicune|100/100
|-activate|p1a: Suicune|move: Sticky Web
|-unboost|p1a: Suicune|spe|1
|-damage|p1a: Suicune|88/100|[from] Stealth Rock
|-ability|p1a: Suicune|Pressure
|move|p2a: Heatran|Will-O-Wisp|p1a: Suicune
|-status|p1a: Suicune|brn
|
|-weather|Sandstorm|[upkeep]
|-damage|p1a: Suicune|82/100 brn|[from] Sandstorm
|-heal|p1a: Suicune|88/100 brn|[from] item: Leftovers
|-damage|p1a: Suicune|82/100 brn|[from] brn
|upkeep
|turn|16
|j| peetyeety
|
|t:|1637532327
|switch|p2a: Mew|Mew|78/100
|-damage|p2a: Mew|65/100|[from] Stealth Rock
|move|p1a: Suicune|Scald|p2a: Mew
|-damage|p2a: Mew|42/100
|-status|p2a: Mew|brn
|-activate|p2a: Mew|ability: Synchronize
|-fail|p1a: Suicune|brn
|
|-weather|none
|-heal|p1a: Suicune|88/100 brn|[from] item: Leftovers
|-damage|p2a: Mew|36/100 brn|[from] brn
|-damage|p1a: Suicune|82/100 brn|[from] brn
|upkeep
|turn|17
|
|t:|1637532332
|switch|p1a: Grimmsnarl|Grimmsnarl, M|94/100
|-activate|p1a: Grimmsnarl|move: Sticky Web
|-unboost|p1a: Grimmsnarl|spe|1
|-damage|p1a: Grimmsnarl|82/100|[from] Stealth Rock
|move|p2a: Mew|Roost|p2a: Mew
|-heal|p2a: Mew|86/100 brn
|-singleturn|p2a: Mew|move: Roost
|
|-damage|p2a: Mew|80/100 brn|[from] brn
|upkeep
|turn|18
|
|t:|1637532342
|switch|p2a: Heatran|Heatran, M|100/100 par
|-damage|p2a: Heatran|88/100 par|[from] Stealth Rock
|move|p1a: Grimmsnarl|Drain Punch|p2a: Heatran
|-supereffective|p2a: Heatran
|-damage|p2a: Heatran|42/100 par
|-heal|p1a: Grimmsnarl|100/100|[from] drain|[of] p2a: Heatran
|
|-heal|p2a: Heatran|48/100 par|[from] item: Leftovers
|upkeep
|turn|19
|
|t:|1637532347
|switch|p1a: Suicune|Suicune|82/100 brn
|-damage|p1a: Suicune|70/100 brn|[from] Stealth Rock
|-activate|p1a: Suicune|move: Sticky Web
|-unboost|p1a: Suicune|spe|1
|-ability|p1a: Suicune|Pressure
|move|p2a: Heatran|Magma Storm|p1a: Suicune|[miss]
|-miss|p2a: Heatran|p1a: Suicune
|
|-heal|p1a: Suicune|76/100 brn|[from] item: Leftovers
|-heal|p2a: Heatran|54/100 par|[from] item: Leftovers
|-damage|p1a: Suicune|70/100 brn|[from] brn
|upkeep
|turn|20
|j| crowv2
|
|t:|1637532359
|switch|p2a: Mew|Mew|80/100 brn
|-damage|p2a: Mew|68/100 brn|[from] Stealth Rock
|move|p1a: Suicune|Scald|p2a: Mew
|-damage|p2a: Mew|47/100 brn
|
|-heal|p1a: Suicune|76/100 brn|[from] item: Leftovers
|-damage|p2a: Mew|41/100 brn|[from] brn
|-damage|p1a: Suicune|70/100 brn|[from] brn
|upkeep
|turn|21
|
|t:|1637532362
|switch|p1a: Grimmsnarl|Grimmsnarl, M|100/100
|-damage|p1a: Grimmsnarl|88/100|[from] Stealth Rock
|-activate|p1a: Grimmsnarl|move: Sticky Web
|-unboost|p1a: Grimmsnarl|spe|1
|move|p2a: Mew|Roost|p2a: Mew
|-heal|p2a: Mew|91/100 brn
|-singleturn|p2a: Mew|move: Roost
|
|-damage|p2a: Mew|85/100 brn|[from] brn
|upkeep
|turn|22
|
|t:|1637532371
|move|p1a: Grimmsnarl|Trick|p2a: Mew
|-activate|p1a: Grimmsnarl|move: Trick|[of] p2a: Mew
|-item|p2a: Mew|Choice Scarf|[from] move: Trick
|-item|p1a: Grimmsnarl|Weakness Policy|[from] move: Trick
|move|p2a: Mew|Cosmic Power|p2a: Mew
|-boost|p2a: Mew|def|1
|-boost|p2a: Mew|spd|1
|
|-damage|p2a: Mew|79/100 brn|[from] brn
|upkeep
|turn|23
|
|t:|1637532380
|switch|p2a: Heatran|Heatran, M|54/100 par
|-damage|p2a: Heatran|42/100 par|[from] Stealth Rock
|move|p1a: Grimmsnarl|Darkest Lariat|p2a: Heatran
|-damage|p2a: Heatran|8/100 par
|
|-heal|p2a: Heatran|14/100 par|[from] item: Leftovers
|upkeep
|turn|24
|
|t:|1637532384
|move|p2a: Heatran|Magma Storm|p1a: Grimmsnarl
|-damage|p1a: Grimmsnarl|33/100
|-activate|p1a: Grimmsnarl|move: Magma Storm|[of] p2a: Heatran
|move|p1a: Grimmsnarl|Drain Punch|p2a: Heatran
|-supereffective|p2a: Heatran
|-damage|p2a: Heatran|0 fnt
|-heal|p1a: Grimmsnarl|40/100|[from] drain|[of] p2a: Heatran
|-status|p1a: Grimmsnarl|brn|[from] ability: Flame Body|[of] p2a: Heatran
|faint|p2a: Heatran
|
|-damage|p1a: Grimmsnarl|34/100 brn|[from] brn
|-end|p1a: Grimmsnarl|Magma Storm|[partiallytrapped]|[silent]
|upkeep
|
|t:|1637532403
|switch|p2a: Tyranitar|Tyranitar, M|100/100
|-damage|p2a: Tyranitar|88/100|[from] Stealth Rock
|-weather|Sandstorm|[from] ability: Sand Stream|[of] p2a: Tyranitar
|turn|25
|
|t:|1637532410
|move|p2a: Tyranitar|Rock Tomb|p1a: Grimmsnarl
|-damage|p1a: Grimmsnarl|6/100 brn
|-unboost|p1a: Grimmsnarl|spe|1
|move|p1a: Grimmsnarl|Drain Punch|p2a: Tyranitar
|-supereffective|p2a: Tyranitar
|-damage|p2a: Tyranitar|41/100
|-heal|p1a: Grimmsnarl|30/100 brn|[from] drain|[of] p2a: Tyranitar
|
|-weather|Sandstorm|[upkeep]
|-damage|p1a: Grimmsnarl|24/100 brn|[from] Sandstorm
|-damage|p1a: Grimmsnarl|18/100 brn|[from] brn
|upkeep
|turn|26
|j| qstat
|c| peetyeety|wow
|
|t:|1637532421
|switch|p1a: Ferrothorn|Ferrothorn, F|100/100
|-damage|p1a: Ferrothorn|94/100|[from] Stealth Rock
|-activate|p1a: Ferrothorn|move: Sticky Web
|-unboost|p1a: Ferrothorn|spe|1
|move|p2a: Tyranitar|Rock Tomb|p1a: Ferrothorn
|-resisted|p1a: Ferrothorn
|-damage|p1a: Ferrothorn|87/100
|-unboost|p1a: Ferrothorn|spe|1
|
|-weather|Sandstorm|[upkeep]
|-heal|p1a: Ferrothorn|93/100|[from] item: Leftovers
|upkeep
|turn|27
|c| peetyeety|grim carrying rn
|
|t:|1637532425
|move|p2a: Tyranitar|Taunt|p1a: Ferrothorn
|-start|p1a: Ferrothorn|move: Taunt
|cant|p1a: Ferrothorn|move: Taunt|Spikes
|
|-weather|Sandstorm|[upkeep]
|-heal|p1a: Ferrothorn|99/100|[from] item: Leftovers
|upkeep
|turn|28
|
|t:|1637532430
|move|p2a: Tyranitar|Rock Tomb|p1a: Ferrothorn
|-resisted|p1a: Ferrothorn
|-damage|p1a: Ferrothorn|92/100
|-unboost|p1a: Ferrothorn|spe|1
|move|p1a: Ferrothorn|Knock Off|p2a: Tyranitar
|-resisted|p2a: Tyranitar
|-damage|p2a: Tyranitar|32/100
|-enditem|p2a: Tyranitar|Tanga Berry|[from] move: Knock Off|[of] p1a: Ferrothorn
|
|-weather|Sandstorm|[upkeep]
|-heal|p1a: Ferrothorn|98/100|[from] item: Leftovers
|upkeep
|turn|29
|
|t:|1637532438
|switch|p1a: Celesteela|Celesteela|100/100
|-damage|p1a: Celesteela|88/100|[from] Stealth Rock
|move|p2a: Tyranitar|Rock Tomb|p1a: Celesteela
|-damage|p1a: Celesteela|68/100
|-unboost|p1a: Celesteela|spe|1
|
|-weather|none
|-heal|p1a: Celesteela|74/100|[from] item: Leftovers
|upkeep
|turn|30
|c| crowv2|byulk up grimmy is really awesome
|
|t:|1637532444
|move|p2a: Tyranitar|Taunt|p1a: Celesteela
|-start|p1a: Celesteela|move: Taunt
|move|p1a: Celesteela|Heavy Slam|p2a: Tyranitar
|-supereffective|p2a: Tyranitar
|-damage|p2a: Tyranitar|0 fnt
|faint|p2a: Tyranitar
|-ability|p1a: Celesteela|Beast Boost|boost
|-boost|p1a: Celesteela|spd|1
|
|-heal|p1a: Celesteela|80/100|[from] item: Leftovers
|upkeep
|
|t:|1637532449
|switch|p2a: Tapu Fini|Tapu Fini|100/100
|-damage|p2a: Tapu Fini|88/100|[from] Stealth Rock
|turn|31
|
|t:|1637532452
|move|p2a: Tapu Fini|Calm Mind|p2a: Tapu Fini
|-boost|p2a: Tapu Fini|spa|1
|-boost|p2a: Tapu Fini|spd|1
|move|p1a: Celesteela|Heavy Slam|p2a: Tapu Fini
|-damage|p2a: Tapu Fini|44/100
|
|-heal|p1a: Celesteela|86/100|[from] item: Leftovers
|upkeep
|turn|32
|
|t:|1637532458
|move|p2a: Tapu Fini|Surf|p1a: Celesteela
|-damage|p1a: Celesteela|62/100
|move|p1a: Celesteela|Heavy Slam|p2a: Tapu Fini
|-damage|p2a: Tapu Fini|1/100
|
|-heal|p1a: Celesteela|68/100|[from] item: Leftovers
|-end|p1a: Celesteela|move: Taunt
|upkeep
|turn|33
|
|t:|1637532461
|move|p2a: Tapu Fini|Surf|p1a: Celesteela
|-damage|p1a: Celesteela|46/100
|move|p1a: Celesteela|Heavy Slam|p2a: Tapu Fini
|-damage|p2a: Tapu Fini|0 fnt
|faint|p2a: Tapu Fini
|-ability|p1a: Celesteela|Beast Boost|boost
|-boost|p1a: Celesteela|spd|1
|
|-heal|p1a: Celesteela|53/100|[from] item: Leftovers
|upkeep
|-message|LT71LX Allistair forfeited.
|
|win|Wheezer
|raw|Wheezer's rating: 1716 &rarr; <strong>1733</strong><br />(+17 for winning)
|raw|LT71LX Allistair's rating: 1655 &rarr; <strong>1638</strong><br />(-17 for losing)
|l|☆LT71LX Allistair
|l|☆Wheezer
