|raw|<div class="broadcast-blue"><strong>This battle is required to be public due to a player having a name starting with 'lt92pf'.</div>
|j|☆Plasmeek
|j|‽LT92PF El Mainer
|t:|1660269576
|gametype|singles
|player|p1|Plasmeek|266|1927
|player|p2|LT92PF El Mainer|101|2009
|teamsize|p1|6
|teamsize|p2|6
|gen|8
|tier|[Gen 8] OU
|rated|
|rule|Sleep Clause Mod: Limit one foe put to sleep
|rule|Species Clause: Limit one of each Pokémon
|rule|OHKO Clause: OHKO moves are banned
|rule|Evasion Items Clause: Evasion items are banned
|rule|Evasion Moves Clause: Evasion moves are banned
|rule|Endless Battle Clause: Forcing endless battles is banned
|rule|HP Percentage Mod: HP is shown in percentages
|rule|Dynamax Clause: You cannot dynamax
|clearpoke
|poke|p1|Clefable, F|
|poke|p1|Kartana|
|poke|p1|Rotom-Wash|
|poke|p1|Heatran, F|
|poke|p1|Landorus-Therian, M|
|poke|p1|Dragapult, M|
|poke|p2|Landorus-Therian, M|
|poke|p2|Slowking-Galar, M|
|poke|p2|Moltres-Galar|
|poke|p2|Ferrothorn, M|
|poke|p2|Dragapult, M|
|poke|p2|Crawdaunt, M|
|teampreview
|inactive|Battle timer is ON: inactive players will automatically lose when time's up. (requested by Plasmeek)
|
|t:|1660269594
|start
|switch|p1a: Clefable|Clefable, F|100/100
|switch|p2a: Slowking|Slowking-Galar, M|100/100
|turn|1
|
|t:|1660269603
|move|p1a: Clefable|Stealth Rock|p2a: Slowking
|-sidestart|p2: LT92PF El Mainer|move: Stealth Rock
|move|p2a: Slowking|Thunder Wave|p1a: Clefable|[miss]
|-miss|p2a: Slowking|p1a: Clefable
|
|upkeep
|turn|2
|
|t:|1660269613
|switch|p1a: Landorus|Landorus-Therian, M|100/100
|-ability|p1a: Landorus|Intimidate|boost
|-unboost|p2a: Slowking|atk|1
|move|p2a: Slowking|Ice Beam|p1a: Landorus
|-supereffective|p1a: Landorus
|-damage|p1a: Landorus|28/100
|
|-heal|p1a: Landorus|34/100|[from] item: Leftovers
|upkeep
|turn|3
|
|t:|1660269623
|switch|p1a: Rotom|Rotom-Wash|100/100
|move|p2a: Slowking|Ice Beam|p1a: Rotom
|-resisted|p1a: Rotom
|-damage|p1a: Rotom|88/100
|
|-heal|p1a: Rotom|94/100|[from] item: Leftovers
|upkeep
|turn|4
|j| Tace
|j| SKIP THE DRIP
|
|t:|1660269633
|switch|p1a: Heatran|Heatran, F|100/100
|move|p2a: Slowking|Trick|p1a: Heatran
|-activate|p2a: Slowking|move: Trick|[of] p1a: Heatran
|-item|p1a: Heatran|Black Sludge|[from] move: Trick
|-item|p2a: Slowking|Leftovers|[from] move: Trick
|
|-damage|p1a: Heatran|88/100|[from] item: Black Sludge
|upkeep
|turn|5
|j| BeastBraedon
|j| LT92PF Separa
|j| Giratina pizza
|
|t:|1660269645
|switch|p2a: Landorus|Landorus-Therian, M|100/100
|-damage|p2a: Landorus|88/100|[from] Stealth Rock
|-ability|p2a: Landorus|Intimidate|boost
|-unboost|p1a: Heatran|atk|1
|move|p1a: Heatran|Magma Storm|p2a: Landorus
|-damage|p2a: Landorus|57/100
|-activate|p2a: Landorus|move: Magma Storm|[of] p1a: Heatran
|
|-heal|p2a: Landorus|63/100|[from] item: Leftovers
|-damage|p1a: Heatran|76/100|[from] item: Black Sludge
|-damage|p2a: Landorus|50/100|[from] move: Magma Storm|[partiallytrapped]
|upkeep
|turn|6
|
|t:|1660269654
|switch|p1a: Rotom|Rotom-Wash|94/100
|move|p2a: Landorus|Defog|p1a: Rotom
|-unboost|p1a: Rotom|evasion|1
|-sideend|p2: LT92PF El Mainer|Stealth Rock|[from] move: Defog|[of] p2a: Landorus
|
|-heal|p1a: Rotom|99/100|[from] item: Leftovers
|-heal|p2a: Landorus|57/100|[from] item: Leftovers
|-end|p2a: Landorus|Magma Storm|[partiallytrapped]|[silent]
|upkeep
|turn|7
|j| THE PDC SHOW
|
|t:|1660269660
|switch|p1a: Clefable|Clefable, F|100/100
|switch|p2a: Slowking|Slowking-Galar, M|100/100
|
|upkeep
|turn|8
|
|t:|1660269665
|move|p1a: Clefable|Trick|p2a: Slowking
|-activate|p1a: Clefable|move: Trick|[of] p2a: Slowking
|-item|p2a: Slowking|Choice Scarf|[from] move: Trick
|-item|p1a: Clefable|Leftovers|[from] move: Trick
|move|p2a: Slowking|Thunder Wave|p1a: Clefable
|-status|p1a: Clefable|par
|
|upkeep
|turn|9
|
|t:|1660269674
|switch|p2a: Ferrothorn|Ferrothorn, M|100/100
|cant|p1a: Clefable|par
|
|upkeep
|turn|10
|j| aaykk
|
|t:|1660269678
|move|p1a: Clefable|Stealth Rock|p2a: Ferrothorn
|-sidestart|p2: LT92PF El Mainer|move: Stealth Rock
|move|p2a: Ferrothorn|Stealth Rock|p1a: Clefable
|-sidestart|p1: Plasmeek|move: Stealth Rock
|
|upkeep
|turn|11
|
|t:|1660269683
|move|p1a: Clefable|Moonblast|p2a: Ferrothorn
|-resisted|p2a: Ferrothorn
|-damage|p2a: Ferrothorn|86/100
|-unboost|p2a: Ferrothorn|spa|1
|move|p2a: Ferrothorn|Gyro Ball|p1a: Clefable
|-supereffective|p1a: Clefable
|-damage|p1a: Clefable|76/100 par
|
|-heal|p1a: Clefable|82/100 par|[from] item: Leftovers
|upkeep
|turn|12
|
|t:|1660269691
|switch|p1a: Heatran|Heatran, F|76/100
|-damage|p1a: Heatran|63/100|[from] Stealth Rock
|move|p2a: Ferrothorn|Knock Off|p1a: Heatran
|-damage|p1a: Heatran|44/100
|-status|p2a: Ferrothorn|brn|[from] ability: Flame Body|[of] p1a: Heatran
|-enditem|p1a: Heatran|Black Sludge|[from] move: Knock Off|[of] p2a: Ferrothorn
|
|-damage|p2a: Ferrothorn|80/100 brn|[from] brn
|upkeep
|turn|13
|j| CB Bhris Breezy
|j|+starmaster
|
|t:|1660269697
|switch|p2a: Crawdaunt|Crawdaunt, M|100/100
|-damage|p2a: Crawdaunt|88/100|[from] Stealth Rock
|move|p1a: Heatran|Magma Storm|p2a: Crawdaunt|[miss]
|-miss|p1a: Heatran|p2a: Crawdaunt
|
|upkeep
|turn|14
|j| outz u
|
|t:|1660269705
|switch|p1a: Landorus|Landorus-Therian, M|34/100
|-damage|p1a: Landorus|22/100|[from] Stealth Rock
|-ability|p1a: Landorus|Intimidate|boost
|-unboost|p2a: Crawdaunt|atk|1
|move|p2a: Crawdaunt|Crabhammer|p1a: Landorus
|-supereffective|p1a: Landorus
|-damage|p1a: Landorus|0 fnt
|faint|p1a: Landorus
|
|upkeep
|j| LT92PF Hero
|
|t:|1660269711
|switch|p1a: Kartana|Kartana|100/100
|-damage|p1a: Kartana|94/100|[from] Stealth Rock
|turn|15
|j| LT92PF Black Lotus
|
|t:|1660269720
|switch|p2a: Ferrothorn|Ferrothorn, M|80/100 brn
|-damage|p2a: Ferrothorn|74/100 brn|[from] Stealth Rock
|move|p1a: Kartana|Swords Dance|p1a: Kartana
|-boost|p1a: Kartana|atk|2
|
|-damage|p2a: Ferrothorn|67/100 brn|[from] brn
|upkeep
|turn|16
|j| LT92PF hiye
|j| LT92PF Analytic
|
|t:|1660269730
|move|p1a: Kartana|Knock Off|p2a: Ferrothorn
|-damage|p2a: Ferrothorn|8/100 brn
|-damage|p1a: Kartana|82/100|[from] ability: Iron Barbs|[of] p2a: Ferrothorn
|-damage|p1a: Kartana|65/100|[from] item: Rocky Helmet|[of] p2a: Ferrothorn
|-enditem|p2a: Ferrothorn|Rocky Helmet|[from] move: Knock Off|[of] p1a: Kartana
|move|p2a: Ferrothorn|Knock Off|p1a: Kartana
|-damage|p1a: Kartana|54/100
|-enditem|p1a: Kartana|Muscle Band|[from] move: Knock Off|[of] p2a: Ferrothorn
|
|-damage|p2a: Ferrothorn|2/100 brn|[from] brn
|upkeep
|turn|17
|j| Lt92pf nagi
|
|t:|1660269736
|move|p1a: Kartana|Knock Off|p2a: Ferrothorn
|-damage|p2a: Ferrothorn|0 fnt
|-damage|p1a: Kartana|41/100|[from] ability: Iron Barbs|[of] p2a: Ferrothorn
|faint|p2a: Ferrothorn
|-ability|p1a: Kartana|Beast Boost|boost
|-boost|p1a: Kartana|atk|1
|
|upkeep
|l| Lt92pf nagi
|
|t:|1660269738
|switch|p2a: Dragapult|Dragapult, M|100/100
|-damage|p2a: Dragapult|88/100|[from] Stealth Rock
|turn|18
|
|t:|1660269743
|switch|p1a: Clefable|Clefable, F|82/100 par
|move|p2a: Dragapult|Shadow Ball|p1a: Clefable
|-damage|p1a: Clefable|40/100 par
|-unboost|p1a: Clefable|spd|1
|
|-heal|p1a: Clefable|46/100 par|[from] item: Leftovers
|upkeep
|turn|19
|j| LegendaryC26
|
|t:|1660269750
|move|p2a: Dragapult|Shadow Ball|p1a: Clefable
|-damage|p1a: Clefable|0 fnt
|faint|p1a: Clefable
|
|upkeep
|
|t:|1660269753
|switch|p1a: Dragapult|Dragapult, M|100/100
|-damage|p1a: Dragapult|88/100|[from] Stealth Rock
|turn|20
|
|t:|1660269758
|move|p2a: Dragapult|Shadow Ball|p1a: Dragapult
|-supereffective|p1a: Dragapult
|-damage|p1a: Dragapult|0 fnt
|faint|p1a: Dragapult
|
|upkeep
|l| SKIP THE DRIP
|-message|Plasmeek forfeited.
|
|win|LT92PF El Mainer
|raw|Plasmeek's rating: 1927 &rarr; <strong>1912</strong><br />(-15 for losing)
|raw|LT92PF El Mainer's rating: 2009 &rarr; <strong>2024</strong><br />(+15 for winning)
|l| LegendaryC26
|l|‽LT92PF El Mainer
|l|☆Plasmeek
|l| Tace
|l| BeastBraedon
||Ladder isn't responding, score probably updated but might not have (Request timeout).
|l| Giratina pizza
