|j|☆d18l
|j|‽hypervortexreturns
|t:|1663983622
|gametype|singles
|player|p1|d18l|backpacker|1749
|player|p2|hypervortexreturns|101|1931
|teamsize|p1|6
|teamsize|p2|6
|gen|8
|tier|[Gen 8] OU
|rated|
|rule|Sleep Clause Mod: Limit one foe put to sleep
|rule|Species Clause: Limit one of each Pokémon
|rule|OHKO Clause: OHKO moves are banned
|rule|Evasion Items Clause: Evasion items are banned
|rule|Evasion Moves Clause: Evasion moves are banned
|rule|Endless Battle Clause: Forcing endless battles is banned
|rule|HP Percentage Mod: HP is shown in percentages
|rule|Dynamax Clause: You cannot dynamax
|clearpoke
|poke|p1|Tapu Koko|
|poke|p1|Victini|
|poke|p1|Landorus-Therian, M|
|poke|p1|Tornadus-Therian, M|
|poke|p1|Rotom-Wash|
|poke|p1|Ferrothorn, F|
|poke|p2|Hydreigon, M|
|poke|p2|Zapdos|
|poke|p2|Tangrowth, F|
|poke|p2|Corviknight, F|
|poke|p2|Excadrill, F|
|poke|p2|Azumarill, M|
|teampreview
|inactive|Battle timer is ON: inactive players will automatically lose when time's up. (requested by hypervortexreturns)
|
|t:|1663983650
|start
|switch|p1a: Tornadus|Tornadus-Therian, M|100/100
|switch|p2a: Tangrowth|Tangrowth, F|100/100
|turn|1
|
|t:|1663983658
|switch|p2a: Zapdos|Zapdos|100/100
|move|p1a: Tornadus|Knock Off|p2a: Zapdos
|-damage|p2a: Zapdos|81/100
|-status|p1a: Tornadus|par|[from] ability: Static|[of] p2a: Zapdos
|-enditem|p2a: Zapdos|Heavy-Duty Boots|[from] move: Knock Off|[of] p1a: Tornadus
|
|upkeep
|turn|2
|
|t:|1663983674
|move|p2a: Zapdos|Hurricane|p1a: Tornadus
|-damage|p1a: Tornadus|66/100 par
|cant|p1a: Tornadus|par
|
|upkeep
|turn|3
|j| Ctannn
|
|t:|1663983691
|switch|p1a: Rotom|Rotom-Wash|100/100
|move|p2a: Zapdos|Hurricane|p1a: Rotom|[miss]
|-miss|p2a: Zapdos|p1a: Rotom
|
|upkeep
|turn|4
|
|t:|1663983708
|move|p2a: Zapdos|Toxic|p1a: Rotom
|-status|p1a: Rotom|tox
|move|p1a: Rotom|Volt Switch|p2a: Zapdos
|-damage|p2a: Zapdos|59/100
|
|t:|1663983710
|switch|p1a: Tapu Koko|Tapu Koko|100/100|[from]move: Volt Switch
|-fieldstart|move: Electric Terrain|[from] ability: Electric Surge|[of] p1a: Tapu Koko
|
|upkeep
|turn|5
|
|t:|1663983725
|move|p1a: Tapu Koko|Dazzling Gleam|p2a: Zapdos
|-damage|p2a: Zapdos|12/100
|move|p2a: Zapdos|Roost|p2a: Zapdos
|-heal|p2a: Zapdos|62/100
|-singleturn|p2a: Zapdos|move: Roost
|
|upkeep
|turn|6
|l| Ctannn
|
|t:|1663983750
|switch|p1a: Tornadus|Tornadus-Therian, M|99/100 par
|switch|p2a: Excadrill|Excadrill, F|100/100
|-ability|p2a: Excadrill|Mold Breaker
|
|upkeep
|turn|7
|
|t:|1663983765
|switch|p2a: Zapdos|Zapdos|62/100
|switch|p1a: Ferrothorn|Ferrothorn, F|100/100
|
|upkeep
|turn|8
|
|t:|1663983780
|switch|p2a: Tangrowth|Tangrowth, F|100/100
|switch|p1a: Rotom|Rotom-Wash|100/100 tox
|
|-damage|p1a: Rotom|95/100 tox|[from] psn
|-fieldend|move: Electric Terrain
|upkeep
|turn|9
|
|t:|1663983793
|move|p1a: Rotom|Volt Switch|p2a: Tangrowth
|-resisted|p2a: Tangrowth
|-damage|p2a: Tangrowth|83/100
|
|t:|1663983795
|switch|p1a: Tornadus|Tornadus-Therian, M|100/100 par|[from]move: Volt Switch
|move|p2a: Tangrowth|Knock Off|p1a: Tornadus
|-damage|p1a: Tornadus|78/100 par
|-enditem|p1a: Tornadus|Assault Vest|[from] move: Knock Off|[of] p2a: Tangrowth
|
|upkeep
|turn|10
|
|t:|1663983809
|switch|p2a: Zapdos|Zapdos|62/100
|move|p1a: Tornadus|U-turn|p2a: Zapdos
|-resisted|p2a: Zapdos
|-damage|p2a: Zapdos|54/100
|
|t:|1663983821
|switch|p1a: Victini|Victini|100/100|[from]move: U-turn
|
|upkeep
|turn|11
|
|t:|1663983831
|switch|p2a: Hydreigon|Hydreigon, M|100/100
|move|p1a: Victini|V-create|p2a: Hydreigon
|-resisted|p2a: Hydreigon
|-damage|p2a: Hydreigon|64/100
|-unboost|p1a: Victini|spe|1
|-unboost|p1a: Victini|def|1
|-unboost|p1a: Victini|spd|1
|
|-heal|p2a: Hydreigon|71/100|[from] item: Leftovers
|upkeep
|turn|12
|
|t:|1663983842
|switch|p1a: Tapu Koko|Tapu Koko|100/100
|-fieldstart|move: Electric Terrain|[from] ability: Electric Surge|[of] p1a: Tapu Koko
|move|p2a: Hydreigon|Dark Pulse|p1a: Tapu Koko
|-resisted|p1a: Tapu Koko
|-damage|p1a: Tapu Koko|76/100
|
|-heal|p2a: Hydreigon|77/100|[from] item: Leftovers
|upkeep
|turn|13
|
|t:|1663983860
|switch|p2a: Excadrill|Excadrill, F|100/100
|-ability|p2a: Excadrill|Mold Breaker
|move|p1a: Tapu Koko|Dazzling Gleam|p2a: Excadrill
|-resisted|p2a: Excadrill
|-damage|p2a: Excadrill|69/100
|
|-heal|p2a: Excadrill|75/100|[from] item: Leftovers
|upkeep
|turn|14
|
|t:|1663983872
|switch|p1a: Landorus|Landorus-Therian, M|100/100
|-ability|p1a: Landorus|Intimidate|boost
|-unboost|p2a: Excadrill|atk|1
|move|p2a: Excadrill|Stealth Rock|p1a: Landorus
|-sidestart|p1: d18l|move: Stealth Rock
|
|-heal|p2a: Excadrill|81/100|[from] item: Leftovers
|upkeep
|turn|15
|
|t:|1663983892
|switch|p2a: Corviknight|Corviknight, F|100/100
|-ability|p2a: Corviknight|Pressure
|move|p1a: Landorus|Defog|p2a: Corviknight
|-unboost|p2a: Corviknight|evasion|1
|-sideend|p1: d18l|Stealth Rock|[from] move: Defog|[of] p1a: Landorus
|-fieldend|move: Electric Terrain
|
|upkeep
|turn|16
|
|t:|1663983906
|switch|p1a: Victini|Victini|100/100
|move|p2a: Corviknight|Brave Bird|p1a: Victini
|-damage|p1a: Victini|63/100
|-damage|p2a: Corviknight|90/100|[from] Recoil
|
|-heal|p2a: Corviknight|96/100|[from] item: Leftovers
|upkeep
|turn|17
|inactive|hypervortexreturns has 120 seconds left.
|
|t:|1663983929
|switch|p2a: Hydreigon|Hydreigon, M|77/100
|move|p1a: Victini|U-turn|p2a: Hydreigon
|-supereffective|p2a: Hydreigon
|-damage|p2a: Hydreigon|34/100
|
|t:|1663983936
|switch|p1a: Tapu Koko|Tapu Koko|76/100|[from]move: U-turn
|-fieldstart|move: Electric Terrain|[from] ability: Electric Surge|[of] p1a: Tapu Koko
|
|-heal|p2a: Hydreigon|40/100|[from] item: Leftovers
|upkeep
|turn|18
|j| Sacred Fyre
|inactive|hypervortexreturns has 120 seconds left.
|j| chkrome
|l| chkrome
|
|t:|1663983973
|switch|p2a: Excadrill|Excadrill, F|81/100
|-ability|p2a: Excadrill|Mold Breaker
|move|p1a: Tapu Koko|Dazzling Gleam|p2a: Excadrill
|-resisted|p2a: Excadrill
|-damage|p2a: Excadrill|49/100
|
|-heal|p2a: Excadrill|55/100|[from] item: Leftovers
|upkeep
|turn|19
|inactive|hypervortexreturns has 90 seconds left.
|
|t:|1663983993
|switch|p1a: Landorus|Landorus-Therian, M|100/100
|-ability|p1a: Landorus|Intimidate|boost
|-unboost|p2a: Excadrill|atk|1
|move|p2a: Excadrill|Iron Head|p1a: Landorus
|-damage|p1a: Landorus|72/100
|
|-heal|p2a: Excadrill|61/100|[from] item: Leftovers
|-heal|p1a: Landorus|78/100|[from] item: Leftovers
|upkeep
|turn|20
|inactive|hypervortexreturns has 90 seconds left.
|
|t:|1663984010
|switch|p2a: Zapdos|Zapdos|54/100
|move|p1a: Landorus|U-turn|p2a: Zapdos
|-resisted|p2a: Zapdos
|-damage|p2a: Zapdos|44/100
|
|t:|1663984022
|switch|p1a: Tapu Koko|Tapu Koko|76/100|[from]move: U-turn
|
|upkeep
|turn|21
|inactive|hypervortexreturns has 90 seconds left.
|
|t:|1663984036
|switch|p2a: Corviknight|Corviknight, F|96/100
|-ability|p2a: Corviknight|Pressure
|move|p1a: Tapu Koko|Volt Switch|p2a: Corviknight
|-supereffective|p2a: Corviknight
|-damage|p2a: Corviknight|12/100
|
|t:|1663984040
|switch|p1a: Victini|Victini|63/100|[from]move: Volt Switch
|
|-heal|p2a: Corviknight|18/100|[from] item: Leftovers
|-fieldend|move: Electric Terrain
|upkeep
|turn|22
|inactive|hypervortexreturns has 90 seconds left.
|
|t:|1663984055
|switch|p2a: Zapdos|Zapdos|44/100
|move|p1a: Victini|V-create|p2a: Zapdos
|-damage|p2a: Zapdos|0 fnt
|-unboost|p1a: Victini|spe|1
|-unboost|p1a: Victini|def|1
|-unboost|p1a: Victini|spd|1
|faint|p2a: Zapdos
|
|upkeep
|inactive|hypervortexreturns has 90 seconds left.
|
|t:|1663984085
|switch|p2a: Hydreigon|Hydreigon, M|40/100
|turn|23
|inactive|hypervortexreturns has 60 seconds left.
|
|t:|1663984106
|switch|p1a: Tapu Koko|Tapu Koko|76/100
|-fieldstart|move: Electric Terrain|[from] ability: Electric Surge|[of] p1a: Tapu Koko
|move|p2a: Hydreigon|Roost|p2a: Hydreigon
|-heal|p2a: Hydreigon|90/100
|-singleturn|p2a: Hydreigon|move: Roost
|
|-heal|p2a: Hydreigon|97/100|[from] item: Leftovers
|upkeep
|turn|24
|inactive|hypervortexreturns has 60 seconds left.
|
|t:|1663984131
|switch|p2a: Corviknight|Corviknight, F|18/100
|-ability|p2a: Corviknight|Pressure
|move|p1a: Tapu Koko|Dazzling Gleam|p2a: Corviknight
|-resisted|p2a: Corviknight
|-damage|p2a: Corviknight|0 fnt
|faint|p2a: Corviknight
|
|upkeep
|j| Jongruenwald
|
|t:|1663984142
|switch|p2a: Excadrill|Excadrill, F|61/100
|-ability|p2a: Excadrill|Mold Breaker
|turn|25
|
|t:|1663984162
|switch|p1a: Landorus|Landorus-Therian, M|78/100
|-ability|p1a: Landorus|Intimidate|boost
|-unboost|p2a: Excadrill|atk|1
|move|p2a: Excadrill|Iron Head|p1a: Landorus
|-damage|p1a: Landorus|52/100
|
|-heal|p2a: Excadrill|67/100|[from] item: Leftovers
|-heal|p1a: Landorus|58/100|[from] item: Leftovers
|upkeep
|turn|26
|
|t:|1663984175
|switch|p2a: Tangrowth|Tangrowth, F|100/100
|move|p1a: Landorus|Earthquake|p2a: Tangrowth
|-resisted|p2a: Tangrowth
|-damage|p2a: Tangrowth|87/100
|
|-heal|p1a: Landorus|64/100|[from] item: Leftovers
|upkeep
|turn|27
|
|t:|1663984187
|switch|p1a: Tornadus|Tornadus-Therian, M|100/100 par
|move|p2a: Tangrowth|Knock Off|p1a: Tornadus
|-damage|p1a: Tornadus|86/100 par
|
|-fieldend|move: Electric Terrain
|upkeep
|turn|28
|
|t:|1663984202
|move|p1a: Tornadus|Knock Off|p2a: Tangrowth
|-damage|p2a: Tangrowth|76/100
|-damage|p1a: Tornadus|69/100 par|[from] item: Rocky Helmet|[of] p2a: Tangrowth
|-enditem|p2a: Tangrowth|Rocky Helmet|[from] move: Knock Off|[of] p1a: Tornadus
|move|p2a: Tangrowth|Knock Off|p1a: Tornadus
|-damage|p1a: Tornadus|55/100 par
|
|upkeep
|turn|29
|
|t:|1663984220
|cant|p1a: Tornadus|par
|move|p2a: Tangrowth|Knock Off|p1a: Tornadus
|-damage|p1a: Tornadus|38/100 par
|
|upkeep
|turn|30
|
|t:|1663984231
|cant|p1a: Tornadus|par
|move|p2a: Tangrowth|Knock Off|p1a: Tornadus
|-damage|p1a: Tornadus|24/100 par
|
|upkeep
|turn|31
|
|t:|1663984238
|move|p1a: Tornadus|Hurricane|p2a: Tangrowth
|-supereffective|p2a: Tangrowth
|-damage|p2a: Tangrowth|0 fnt
|faint|p2a: Tangrowth
|
|upkeep
|
|t:|1663984245
|switch|p2a: Excadrill|Excadrill, F|67/100
|-ability|p2a: Excadrill|Mold Breaker
|turn|32
|
|t:|1663984253
|switch|p1a: Landorus|Landorus-Therian, M|64/100
|-ability|p1a: Landorus|Intimidate|boost
|-unboost|p2a: Excadrill|atk|1
|move|p2a: Excadrill|Stealth Rock|p1a: Landorus
|-sidestart|p1: d18l|move: Stealth Rock
|
|-heal|p2a: Excadrill|73/100|[from] item: Leftovers
|-heal|p1a: Landorus|70/100|[from] item: Leftovers
|upkeep
|turn|33
|
|t:|1663984268
|move|p2a: Excadrill|Iron Head|p1a: Landorus
|-damage|p1a: Landorus|44/100
|cant|p1a: Landorus|flinch
|
|-heal|p2a: Excadrill|79/100|[from] item: Leftovers
|-heal|p1a: Landorus|50/100|[from] item: Leftovers
|upkeep
|turn|34
|
|t:|1663984283
|switch|p2a: Hydreigon|Hydreigon, M|97/100
|move|p1a: Landorus|Defog|p2a: Hydreigon
|-unboost|p2a: Hydreigon|evasion|1
|-sideend|p1: d18l|Stealth Rock|[from] move: Defog|[of] p1a: Landorus
|
|-heal|p2a: Hydreigon|100/100|[from] item: Leftovers
|-heal|p1a: Landorus|56/100|[from] item: Leftovers
|upkeep
|turn|35
|
|t:|1663984295
|switch|p1a: Tornadus|Tornadus-Therian, M|57/100 par
|move|p2a: Hydreigon|Dark Pulse|p1a: Tornadus
|-damage|p1a: Tornadus|23/100 par
|
|upkeep
|turn|36
|
|t:|1663984303
|move|p2a: Hydreigon|Dark Pulse|p1a: Tornadus
|-damage|p1a: Tornadus|0 fnt
|faint|p1a: Tornadus
|
|upkeep
|
|t:|1663984305
|switch|p1a: Tapu Koko|Tapu Koko|76/100
|-fieldstart|move: Electric Terrain|[from] ability: Electric Surge|[of] p1a: Tapu Koko
|turn|37
|inactive|hypervortexreturns has 60 seconds left.
|
|t:|1663984321
|switch|p2a: Excadrill|Excadrill, F|79/100
|-ability|p2a: Excadrill|Mold Breaker
|move|p1a: Tapu Koko|Dazzling Gleam|p2a: Excadrill
|-resisted|p2a: Excadrill
|-damage|p2a: Excadrill|43/100
|
|-heal|p2a: Excadrill|50/100|[from] item: Leftovers
|upkeep
|turn|38
|
|t:|1663984348
|switch|p1a: Landorus|Landorus-Therian, M|56/100
|-ability|p1a: Landorus|Intimidate|boost
|-unboost|p2a: Excadrill|atk|1
|move|p2a: Excadrill|Iron Head|p1a: Landorus
|-damage|p1a: Landorus|32/100
|
|-heal|p2a: Excadrill|56/100|[from] item: Leftovers
|-heal|p1a: Landorus|38/100|[from] item: Leftovers
|upkeep
|turn|39
|inactive|hypervortexreturns has 30 seconds left.
|inactive|hypervortexreturns has 20 seconds left.
|
|t:|1663984376
|move|p2a: Excadrill|Iron Head|p1a: Landorus
|-damage|p1a: Landorus|10/100
|move|p1a: Landorus|U-turn|p2a: Excadrill
|-resisted|p2a: Excadrill
|-damage|p2a: Excadrill|41/100
|inactive|hypervortexreturns has 25 seconds left this turn.
|
|t:|1663984381
|switch|p1a: Ferrothorn|Ferrothorn, F|100/100|[from]move: U-turn
|
|-heal|p2a: Excadrill|47/100|[from] item: Leftovers
|upkeep
|turn|40
|inactive|hypervortexreturns has 30 seconds left.
|inactive|hypervortexreturns has 20 seconds left.
|
|t:|1663984396
|switch|p2a: Hydreigon|Hydreigon, M|100/100
|move|p1a: Ferrothorn|Body Press|p2a: Hydreigon
|-supereffective|p2a: Hydreigon
|-damage|p2a: Hydreigon|42/100
|
|-heal|p2a: Hydreigon|48/100|[from] item: Leftovers
|upkeep
|turn|41
|inactive|hypervortexreturns has 30 seconds left this turn.
|inactive|hypervortexreturns has 20 seconds left.
|
|t:|1663984410
|switch|p1a: Tapu Koko|Tapu Koko|76/100
|move|p2a: Hydreigon|Dark Pulse|p1a: Tapu Koko
|-resisted|p1a: Tapu Koko
|-damage|p1a: Tapu Koko|49/100
|
|-heal|p2a: Hydreigon|55/100|[from] item: Leftovers
|-fieldend|move: Electric Terrain
|upkeep
|turn|42
|inactive|hypervortexreturns has 30 seconds left this turn.
|inactive|hypervortexreturns has 20 seconds left.
|
|t:|1663984424
|move|p1a: Tapu Koko|Dazzling Gleam|p2a: Hydreigon
|-supereffective|p2a: Hydreigon
|-damage|p2a: Hydreigon|0 fnt
|faint|p2a: Hydreigon
|
|upkeep
|inactive|hypervortexreturns has 25 seconds left this turn.
|inactive|hypervortexreturns has 20 seconds left.
|inactive|hypervortexreturns has 15 seconds left.
|
|t:|1663984437
|switch|p2a: Excadrill|Excadrill, F|47/100
|-ability|p2a: Excadrill|Mold Breaker
|turn|43
|inactive|hypervortexreturns has 25 seconds left this turn.
|inactive|hypervortexreturns has 20 seconds left.
|inactive|hypervortexreturns has 15 seconds left.
|
|t:|1663984449
|move|p1a: Tapu Koko|Dazzling Gleam|p2a: Excadrill
|-resisted|p2a: Excadrill
|-damage|p2a: Excadrill|12/100
|move|p2a: Excadrill|Stealth Rock|p1a: Tapu Koko
|-sidestart|p1: d18l|move: Stealth Rock
|
|-heal|p2a: Excadrill|18/100|[from] item: Leftovers
|upkeep
|turn|44
|inactive|hypervortexreturns has 25 seconds left this turn.
|inactive|hypervortexreturns has 20 seconds left.
|
|t:|1663984458
|move|p1a: Tapu Koko|Dazzling Gleam|p2a: Excadrill
|-resisted|p2a: Excadrill
|-damage|p2a: Excadrill|0 fnt
|faint|p2a: Excadrill
|
|upkeep
|inactive|hypervortexreturns has 25 seconds left this turn.
|inactive|hypervortexreturns has 20 seconds left.
|
|t:|1663984464
|switch|p2a: Azumarill|Azumarill, M|100/100
|turn|45
|inactive|hypervortexreturns has 30 seconds left this turn.
|
|t:|1663984470
|move|p1a: Tapu Koko|Dazzling Gleam|p2a: Azumarill
|-damage|p2a: Azumarill|45/100
|-enditem|p2a: Azumarill|Sitrus Berry|[eat]
|-heal|p2a: Azumarill|70/100|[from] item: Sitrus Berry
|move|p2a: Azumarill|Belly Drum|p2a: Azumarill
|-damage|p2a: Azumarill|20/100
|-setboost|p2a: Azumarill|atk|6|[from] move: Belly Drum
|
|upkeep
|turn|46
|j| tanic
|inactive|hypervortexreturns has 30 seconds left.
|
|t:|1663984479
|switch|p1a: Ferrothorn|Ferrothorn, F|100/100
|-damage|p1a: Ferrothorn|95/100|[from] Stealth Rock
|move|p2a: Azumarill|Aqua Jet|p1a: Ferrothorn
|-resisted|p1a: Ferrothorn
|-damage|p1a: Ferrothorn|63/100
|-damage|p2a: Azumarill|8/100|[from] ability: Iron Barbs|[of] p1a: Ferrothorn
|-damage|p2a: Azumarill|0 fnt|[from] item: Rocky Helmet|[of] p1a: Ferrothorn
|faint|p2a: Azumarill
|
|win|d18l
|raw|d18l's rating: 1749 &rarr; <strong>1779</strong><br />(+30 for winning)
|raw|hypervortexreturns's rating: 1931 &rarr; <strong>1901</strong><br />(-30 for losing)
|l| Jongruenwald
|l|‽hypervortexreturns
||Ladder isn't responding, score probably updated but might not have (Request timeout).
