|j|☆firepunch917
|j|☆minimax_ai
|t:|1667963768
|gametype|singles
|player|p1|firepunch917|2|1688
|player|p2|minimax_ai|169|1642
|teamsize|p1|6
|teamsize|p2|6
|gen|8
|tier|[Gen 8] OU
|rated|
|rule|Sleep Clause Mod: Limit one foe put to sleep
|rule|Species Clause: Limit one of each Pokémon
|rule|OHKO Clause: OHKO moves are banned
|rule|Evasion Items Clause: Evasion items are banned
|rule|Evasion Moves Clause: Evasion moves are banned
|rule|Endless Battle Clause: Forcing endless battles is banned
|rule|HP Percentage Mod: HP is shown in percentages
|rule|Dynamax Clause: You cannot dynamax
|clearpoke
|poke|p1|Tapu Lele|
|poke|p1|Urshifu-*, F|
|poke|p1|Garchomp, F|
|poke|p1|Ferrothorn, F|
|poke|p1|Zapdos|
|poke|p1|Clefable, M|
|poke|p2|Rotom-Wash|
|poke|p2|Weavile, F|
|poke|p2|Landorus-Therian, M|
|poke|p2|Heatran, M|
|poke|p2|Tangrowth, F|
|poke|p2|Melmetal|
|teampreview
|c|☆minimax_ai|hf
|inactive|Battle timer is ON: inactive players will automatically lose when time's up. (requested by minimax_ai)
|
|t:|1667963775
|start
|switch|p1a: Clefable|Clefable, M|100/100
|switch|p2a: landorustherian|Landorus-Therian, M|100/100
|-ability|p2a: landorustherian|Intimidate|boost
|-unboost|p1a: Clefable|atk|1
|turn|1
|
|t:|1667963778
|move|p2a: landorustherian|Earthquake|p1a: Clefable
|-damage|p1a: Clefable|61/100
|move|p1a: Clefable|Stealth Rock|p2a: landorustherian
|-sidestart|p2: minimax_ai|move: Stealth Rock
|
|-heal|p1a: Clefable|67/100|[from] item: Leftovers
|upkeep
|turn|2
|
|t:|1667963781
|move|p2a: landorustherian|Defog|p1a: Clefable
|-unboost|p1a: Clefable|evasion|1
|-sideend|p2: minimax_ai|Stealth Rock|[from] move: Defog|[of] p2a: landorustherian
|move|p1a: Clefable|Soft-Boiled|p1a: Clefable
|-heal|p1a: Clefable|100/100
|
|upkeep
|turn|3
|
|t:|1667963784
|move|p2a: landorustherian|Earthquake|p1a: Clefable
|-damage|p1a: Clefable|65/100
|move|p1a: Clefable|Moonblast|p2a: landorustherian
|-damage|p2a: landorustherian|77/100
|
|-heal|p2a: landorustherian|83/100|[from] item: Leftovers
|-heal|p1a: Clefable|71/100|[from] item: Leftovers
|upkeep
|turn|4
|
|t:|1667963788
|move|p2a: landorustherian|Earthquake|p1a: Clefable
|-damage|p1a: Clefable|36/100
|move|p1a: Clefable|Stealth Rock|p2a: landorustherian
|-sidestart|p2: minimax_ai|move: Stealth Rock
|
|-heal|p2a: landorustherian|89/100|[from] item: Leftovers
|-heal|p1a: Clefable|42/100|[from] item: Leftovers
|upkeep
|turn|5
|
|t:|1667963790
|move|p2a: landorustherian|Earthquake|p1a: Clefable
|-crit|p1a: Clefable
|-damage|p1a: Clefable|0 fnt
|faint|p1a: Clefable
|
|-heal|p2a: landorustherian|95/100|[from] item: Leftovers
|upkeep
|
|t:|1667963794
|switch|p1a: Tapu Lele|Tapu Lele|100/100
|-fieldstart|move: Psychic Terrain|[from] ability: Psychic Surge|[of] p1a: Tapu Lele
|turn|6
|
|t:|1667963796
|move|p1a: Tapu Lele|Psychic|p2a: landorustherian
|-damage|p2a: landorustherian|42/100
|move|p2a: landorustherian|Earthquake|p1a: Tapu Lele
|-damage|p1a: Tapu Lele|29/100
|
|-heal|p2a: landorustherian|49/100|[from] item: Leftovers
|upkeep
|turn|7
|
|t:|1667963799
|move|p1a: Tapu Lele|Psychic|p2a: landorustherian
|-damage|p2a: landorustherian|0 fnt
|faint|p2a: landorustherian
|
|upkeep
|
|t:|1667963799
|switch|p2a: Heatran|Heatran, M|100/100
|-damage|p2a: Heatran|88/100|[from] Stealth Rock
|-item|p2a: Heatran|Air Balloon
|turn|8
|
|t:|1667963802
|switch|p1a: Garchomp|Garchomp, F|100/100
|move|p2a: Heatran|Eruption|p1a: Garchomp
|-resisted|p1a: Garchomp
|-damage|p1a: Garchomp|66/100
|
|-heal|p1a: Garchomp|72/100|[from] item: Leftovers
|upkeep
|turn|9
|
|t:|1667963804
|move|p1a: Garchomp|Swords Dance|p1a: Garchomp
|-boost|p1a: Garchomp|atk|2
|move|p2a: Heatran|Magma Storm|p1a: Garchomp
|-resisted|p1a: Garchomp
|-damage|p1a: Garchomp|43/100
|-activate|p1a: Garchomp|move: Magma Storm|[of] p2a: Heatran
|
|-heal|p1a: Garchomp|49/100|[from] item: Leftovers
|-damage|p1a: Garchomp|37/100|[from] move: Magma Storm|[partiallytrapped]
|upkeep
|turn|10
|
|t:|1667963806
|move|p1a: Garchomp|Aqua Tail|p2a: Heatran
|-supereffective|p2a: Heatran
|-damage|p2a: Heatran|0 fnt
|-enditem|p2a: Heatran|Air Balloon
|faint|p2a: Heatran
|
|-heal|p1a: Garchomp|43/100|[from] item: Leftovers
|-end|p1a: Garchomp|Magma Storm|[partiallytrapped]|[silent]
|-fieldend|move: Psychic Terrain
|upkeep
|
|t:|1667963806
|switch|p2a: Weavile|Weavile, F|100/100
|-damage|p2a: Weavile|76/100|[from] Stealth Rock
|-ability|p2a: Weavile|Pressure
|turn|11
|
|t:|1667963812
|switch|p1a: Urshifu|Urshifu-Rapid-Strike, F|100/100
|move|p2a: Weavile|Knock Off|p1a: Urshifu
|-resisted|p1a: Urshifu
|-damage|p1a: Urshifu|63/100
|-enditem|p1a: Urshifu|Choice Band|[from] move: Knock Off|[of] p2a: Weavile
|
|upkeep
|turn|12
|
|t:|1667963816
|switch|p2a: Tangrowth|Tangrowth, F|100/100
|-damage|p2a: Tangrowth|88/100|[from] Stealth Rock
|move|p1a: Urshifu|U-turn|p2a: Tangrowth
|-supereffective|p2a: Tangrowth
|-damage|p2a: Tangrowth|62/100
|-damage|p1a: Urshifu|46/100|[from] item: Rocky Helmet|[of] p2a: Tangrowth
|
|t:|1667963819
|switch|p1a: Zapdos|Zapdos|100/100|[from]move: U-turn
|
|upkeep
|turn|13
|
|t:|1667963821
|switch|p2a: Melmetal|Melmetal|100/100
|-damage|p2a: Melmetal|94/100|[from] Stealth Rock
|move|p1a: Zapdos|Volt Switch|p2a: Melmetal
|-damage|p2a: Melmetal|80/100
|
|t:|1667963828
|switch|p1a: Garchomp|Garchomp, F|43/100|[from]move: Volt Switch
|
|-heal|p1a: Garchomp|49/100|[from] item: Leftovers
|upkeep
|turn|14
|
|t:|1667963830
|move|p1a: Garchomp|Earthquake|p2a: Melmetal
|-supereffective|p2a: Melmetal
|-damage|p2a: Melmetal|21/100
|move|p2a: Melmetal|Ice Punch|p1a: Garchomp
|-supereffective|p1a: Garchomp
|-damage|p1a: Garchomp|0 fnt
|-damage|p2a: Melmetal|8/100|[from] ability: Rough Skin|[of] p1a: Garchomp
|faint|p1a: Garchomp
|
|upkeep
|
|t:|1667963837
|switch|p1a: Tapu Lele|Tapu Lele|29/100
|-fieldstart|move: Psychic Terrain|[from] ability: Psychic Surge|[of] p1a: Tapu Lele
|turn|15
|
|t:|1667963840
|move|p1a: Tapu Lele|Moonblast|p2a: Melmetal
|-resisted|p2a: Melmetal
|-damage|p2a: Melmetal|0 fnt
|faint|p2a: Melmetal
|
|upkeep
|
|t:|1667963840
|switch|p2a: rotomwash|Rotom-Wash|100/100
|-damage|p2a: rotomwash|88/100|[from] Stealth Rock
|turn|16
|
|t:|1667963844
|switch|p1a: Ferrothorn|Ferrothorn, F|100/100
|move|p2a: rotomwash|Thunderbolt|p1a: Ferrothorn
|-resisted|p1a: Ferrothorn
|-damage|p1a: Ferrothorn|89/100
|
|-heal|p2a: rotomwash|94/100|[from] item: Leftovers
|-heal|p1a: Ferrothorn|95/100|[from] item: Leftovers
|upkeep
|turn|17
|
|t:|1667963847
|move|p2a: rotomwash|Thunderbolt|p1a: Ferrothorn
|-resisted|p1a: Ferrothorn
|-damage|p1a: Ferrothorn|84/100
|move|p1a: Ferrothorn|Spikes|p2a: rotomwash
|-sidestart|p2: minimax_ai|Spikes
|
|-heal|p2a: rotomwash|100/100|[from] item: Leftovers
|-heal|p1a: Ferrothorn|90/100|[from] item: Leftovers
|upkeep
|turn|18
|
|t:|1667963850
|switch|p2a: Tangrowth|Tangrowth, F|96/100
|-damage|p2a: Tangrowth|83/100|[from] Stealth Rock
|-damage|p2a: Tangrowth|71/100|[from] Spikes
|move|p1a: Ferrothorn|Leech Seed|p2a: Tangrowth
|-immune|p2a: Tangrowth
|
|-heal|p1a: Ferrothorn|96/100|[from] item: Leftovers
|upkeep
|turn|19
|
|t:|1667963853
|switch|p1a: Zapdos|Zapdos|100/100
|move|p2a: Tangrowth|Knock Off|p1a: Zapdos
|-damage|p1a: Zapdos|84/100
|-status|p2a: Tangrowth|par|[from] ability: Static|[of] p1a: Zapdos
|-enditem|p1a: Zapdos|Heavy-Duty Boots|[from] move: Knock Off|[of] p2a: Tangrowth
|
|-fieldend|move: Psychic Terrain
|upkeep
|turn|20
|
|t:|1667963858
|move|p1a: Zapdos|Hurricane|p2a: Tangrowth
|-supereffective|p2a: Tangrowth
|-damage|p2a: Tangrowth|0 fnt
|faint|p2a: Tangrowth
|
|upkeep
|
|t:|1667963858
|switch|p2a: Weavile|Weavile, F|76/100
|-damage|p2a: Weavile|51/100|[from] Stealth Rock
|-damage|p2a: Weavile|38/100|[from] Spikes
|-ability|p2a: Weavile|Pressure
|turn|21
|
|t:|1667963864
|switch|p1a: Ferrothorn|Ferrothorn, F|96/100
|move|p2a: Weavile|Triple Axel|p1a: Ferrothorn
|-damage|p1a: Ferrothorn|86/100
|-damage|p2a: Weavile|26/100|[from] ability: Iron Barbs|[of] p1a: Ferrothorn
|-damage|p1a: Ferrothorn|62/100
|-damage|p2a: Weavile|13/100|[from] ability: Iron Barbs|[of] p1a: Ferrothorn
|-damage|p1a: Ferrothorn|26/100
|-damage|p2a: Weavile|1/100|[from] ability: Iron Barbs|[of] p1a: Ferrothorn
|-hitcount|p1a: Ferrothorn|3
|
|-heal|p1a: Ferrothorn|32/100|[from] item: Leftovers
|upkeep
|turn|22
|
|t:|1667963872
|move|p2a: Weavile|Triple Axel|p1a: Ferrothorn
|-damage|p1a: Ferrothorn|20/100
|-damage|p2a: Weavile|0 fnt|[from] ability: Iron Barbs|[of] p1a: Ferrothorn
|faint|p2a: Weavile
|-hitcount|p1a: Ferrothorn|1
|move|p1a: Ferrothorn|Leech Seed|p2: Weavile|[notarget]
|-fail|p1a: Ferrothorn
|
|-heal|p1a: Ferrothorn|26/100|[from] item: Leftovers
|upkeep
|
|t:|1667963872
|switch|p2a: rotomwash|Rotom-Wash|100/100
|-damage|p2a: rotomwash|88/100|[from] Stealth Rock
|turn|23
|
|t:|1667963873
|move|p2a: rotomwash|Thunderbolt|p1a: Ferrothorn
|-resisted|p1a: Ferrothorn
|-damage|p1a: Ferrothorn|14/100
|move|p1a: Ferrothorn|Leech Seed|p2a: rotomwash
|-start|p2a: rotomwash|move: Leech Seed
|
|-heal|p2a: rotomwash|94/100|[from] item: Leftovers
|-heal|p1a: Ferrothorn|20/100|[from] item: Leftovers
|-damage|p2a: rotomwash|82/100|[from] Leech Seed|[of] p1a: Ferrothorn
|-heal|p1a: Ferrothorn|31/100|[silent]
|upkeep
|turn|24
|
|t:|1667963876
|move|p2a: rotomwash|Thunderbolt|p1a: Ferrothorn
|-resisted|p1a: Ferrothorn
|-damage|p1a: Ferrothorn|20/100
|move|p1a: Ferrothorn|Knock Off|p2a: rotomwash
|-damage|p2a: rotomwash|59/100
|-enditem|p2a: rotomwash|Leftovers|[from] move: Knock Off|[of] p1a: Ferrothorn
|
|-heal|p1a: Ferrothorn|26/100|[from] item: Leftovers
|-damage|p2a: rotomwash|47/100|[from] Leech Seed|[of] p1a: Ferrothorn
|-heal|p1a: Ferrothorn|36/100|[silent]
|upkeep
|turn|25
|
|t:|1667963880
|move|p2a: rotomwash|Thunderbolt|p1a: Ferrothorn
|-resisted|p1a: Ferrothorn
|-damage|p1a: Ferrothorn|25/100
|move|p1a: Ferrothorn|Gyro Ball|p2a: rotomwash
|-resisted|p2a: rotomwash
|-damage|p2a: rotomwash|33/100
|
|-heal|p1a: Ferrothorn|31/100|[from] item: Leftovers
|-damage|p2a: rotomwash|21/100|[from] Leech Seed|[of] p1a: Ferrothorn
|-heal|p1a: Ferrothorn|42/100|[silent]
|upkeep
|turn|26
|
|t:|1667963882
|move|p2a: rotomwash|Pain Split|p1a: Ferrothorn
|-sethp|p1a: Ferrothorn|30/100|[from] move: Pain Split|[silent]
|-sethp|p2a: rotomwash|34/100|[from] move: Pain Split
|move|p1a: Ferrothorn|Gyro Ball|p2a: rotomwash
|-resisted|p2a: rotomwash
|-damage|p2a: rotomwash|22/100
|
|-heal|p1a: Ferrothorn|36/100|[from] item: Leftovers
|-damage|p2a: rotomwash|9/100|[from] Leech Seed|[of] p1a: Ferrothorn
|-heal|p1a: Ferrothorn|47/100|[silent]
|upkeep
|turn|27
|
|t:|1667963884
|move|p2a: rotomwash|Pain Split|p1a: Ferrothorn
|-sethp|p1a: Ferrothorn|27/100|[from] move: Pain Split|[silent]
|-sethp|p2a: rotomwash|31/100|[from] move: Pain Split
|move|p1a: Ferrothorn|Knock Off|p2a: rotomwash
|-damage|p2a: rotomwash|16/100
|
|-heal|p1a: Ferrothorn|33/100|[from] item: Leftovers
|-damage|p2a: rotomwash|3/100|[from] Leech Seed|[of] p1a: Ferrothorn
|-heal|p1a: Ferrothorn|44/100|[silent]
|upkeep
|turn|28
|
|t:|1667963886
|move|p2a: rotomwash|Thunderbolt|p1a: Ferrothorn
|-resisted|p1a: Ferrothorn
|-damage|p1a: Ferrothorn|34/100
|move|p1a: Ferrothorn|Knock Off|p2a: rotomwash
|-damage|p2a: rotomwash|0 fnt
|faint|p2a: rotomwash
|
|win|firepunch917
|raw|firepunch917's rating: 1688 &rarr; <strong>1705</strong><br />(+17 for winning)
|raw|minimax_ai's rating: 1642 &rarr; <strong>1625</strong><br />(-17 for losing)
|c|☆minimax_ai|gg
