|html|<div class="broadcast-blue"><strong>[Gen 8] OU is currently suspecting Melmetal! For information on how to participate check out the <a href="https://www.smogon.com/forums/threads/np-ss-ou-suspect-process-round-12-monster-mash.3709234/">suspect thread</a>.</strong></div>
|j|☆Sombra Diurna
|j|☆minimax_ai
|t:|1666360988
|gametype|singles
|player|p1|Sombra Diurna|blue|1439
|player|p2|minimax_ai|lusamine-nihilego|1502
|teamsize|p1|6
|teamsize|p2|6
|gen|8
|tier|[Gen 8] OU
|rated|
|rule|Sleep Clause Mod: Limit one foe put to sleep
|rule|Species Clause: Limit one of each Pokémon
|rule|OHKO Clause: OHKO moves are banned
|rule|Evasion Items Clause: Evasion items are banned
|rule|Evasion Moves Clause: Evasion moves are banned
|rule|Endless Battle Clause: Forcing endless battles is banned
|rule|HP Percentage Mod: HP is shown in percentages
|rule|Dynamax Clause: You cannot dynamax
|clearpoke
|poke|p1|Marowak-Alola, M|
|poke|p1|Slowbro, M|
|poke|p1|Hatterene, F|
|poke|p1|Garchomp, M|
|poke|p1|Ferrothorn, M|
|poke|p1|Drampa, M|
|poke|p2|Rotom-Wash|
|poke|p2|Weavile, M|
|poke|p2|Landorus-Therian, M|
|poke|p2|Heatran, M|
|poke|p2|Tangrowth, M|
|poke|p2|Melmetal|
|teampreview
|c|☆minimax_ai|hf
|inactive|Battle timer is ON: inactive players will automatically lose when time's up. (requested by minimax_ai)
|
|t:|1666361000
|start
|switch|p1a: Sonso|Slowbro, M|100/100
|switch|p2a: landorustherian|Landorus-Therian, M|100/100
|-ability|p2a: landorustherian|Intimidate|boost
|-unboost|p1a: Sonso|atk|1
|turn|1
|
|t:|1666361006
|move|p2a: landorustherian|U-turn|p1a: Sonso
|-supereffective|p1a: Sonso
|-crit|p1a: Sonso
|-damage|p1a: Sonso|61/100
|
|t:|1666361008
|switch|p2a: Melmetal|Melmetal|100/100|[from]move: U-turn
|move|p1a: Sonso|Scald|p2a: Melmetal
|-damage|p2a: Melmetal|87/100
|-status|p2a: Melmetal|brn
|
|-damage|p2a: Melmetal|81/100 brn|[from] brn
|upkeep
|turn|2
|
|t:|1666361017
|switch|p2a: landorustherian|Landorus-Therian, M|100/100
|-ability|p2a: landorustherian|Intimidate|boost
|-unboost|p1a: Sonso|atk|1
|switch|p1a: Thorns|Ferrothorn, M|100/100
|
|upkeep
|turn|3
|
|t:|1666361023
|move|p2a: landorustherian|U-turn|p1a: Thorns
|-damage|p1a: Thorns|84/100
|-damage|p2a: landorustherian|88/100|[from] ability: Iron Barbs|[of] p1a: Thorns
|
|t:|1666361024
|switch|p2a: Heatran|Heatran, M|100/100|[from]move: U-turn
|-item|p2a: Heatran|Air Balloon
|move|p1a: Thorns|Leech Seed|p2a: Heatran
|-start|p2a: Heatran|move: Leech Seed
|
|-damage|p2a: Heatran|88/100|[from] Leech Seed|[of] p1a: Thorns
|-heal|p1a: Thorns|95/100|[silent]
|upkeep
|turn|4
|
|t:|1666361035
|switch|p1a: Gorra|Hatterene, F, shiny|100/100
|move|p2a: Heatran|Magma Storm|p1a: Gorra
|-damage|p1a: Gorra|57/100
|-activate|p1a: Gorra|move: Magma Storm|[of] p2a: Heatran
|
|-damage|p2a: Heatran|76/100|[from] Leech Seed|[of] p1a: Gorra
|-heal|p1a: Gorra|69/100|[silent]
|-damage|p1a: Gorra|57/100|[from] move: Magma Storm|[partiallytrapped]
|upkeep
|turn|5
|
|t:|1666361045
|move|p2a: Heatran|Magma Storm|p1a: Gorra
|-damage|p1a: Gorra|11/100
|move|p1a: Gorra|Trick Room|p1a: Gorra
|-fieldstart|move: Trick Room|[of] p1a: Gorra
|
|-damage|p2a: Heatran|63/100|[from] Leech Seed|[of] p1a: Gorra
|-heal|p1a: Gorra|23/100|[silent]
|-damage|p1a: Gorra|11/100|[from] move: Magma Storm|[partiallytrapped]
|upkeep
|turn|6
|
|t:|1666361052
|move|p1a: Gorra|Healing Wish|p1a: Gorra
|faint|p1a: Gorra
|move|p2a: Heatran|Magma Storm|p1: Gorra|[notarget]
|-fail|p2a: Heatran
|
|upkeep
|
|t:|1666361057
|switch|p1a: Falkor|Drampa, M|100/100
|turn|7
|
|t:|1666361065
|switch|p2a: Melmetal|Melmetal|81/100 brn
|move|p1a: Falkor|Focus Blast|p2a: Melmetal|[miss]
|-miss|p1a: Falkor|p2a: Melmetal
|
|-damage|p2a: Melmetal|74/100 brn|[from] brn
|upkeep
|turn|8
|
|t:|1666361072
|switch|p2a: landorustherian|Landorus-Therian, M|88/100
|-ability|p2a: landorustherian|Intimidate|boost
|-unboost|p1a: Falkor|atk|1
|move|p1a: Falkor|Focus Blast|p2a: landorustherian|[miss]
|-miss|p1a: Falkor|p2a: landorustherian
|
|-heal|p2a: landorustherian|94/100|[from] item: Leftovers
|upkeep
|turn|9
|c|☆Sombra Diurna|lol
|c|☆Sombra Diurna|every battle you won for luck?
|
|t:|1666361092
|move|p1a: Falkor|Ice Beam|p2a: landorustherian
|-supereffective|p2a: landorustherian
|-damage|p2a: landorustherian|0 fnt
|faint|p2a: landorustherian
|
|-fieldend|move: Trick Room
|upkeep
|
|t:|1666361092
|switch|p2a: Weavile|Weavile, M|100/100
|-ability|p2a: Weavile|Pressure
|turn|10
|
|t:|1666361117
|switch|p2a: rotomwash|Rotom-Wash|100/100
|switch|p1a: Thorns|Ferrothorn, M|95/100
|-heal|p1a: Thorns|100/100|[from] move: Healing Wish
|
|upkeep
|turn|11
|
|t:|1666361133
|switch|p2a: Tangrowth|Tangrowth, M|100/100
|move|p1a: Thorns|Stealth Rock|p2a: Tangrowth
|-sidestart|p2: minimax_ai|move: Stealth Rock
|
|upkeep
|turn|12
|inactive|Sombra Diurna has 120 seconds left.
|
|t:|1666361149
|switch|p1a: Falkor|Drampa, M|100/100
|move|p2a: Tangrowth|Sleep Powder|p1a: Falkor
|-status|p1a: Falkor|slp|[from] move: Sleep Powder
|
|upkeep
|turn|13
|
|t:|1666361156
|move|p2a: Tangrowth|Focus Blast|p1a: Falkor
|-supereffective|p1a: Falkor
|-damage|p1a: Falkor|42/100 slp
|-ability|p1a: Falkor|Berserk|boost
|-boost|p1a: Falkor|spa|1
|cant|p1a: Falkor|slp
|
|upkeep
|turn|14
|
|t:|1666361166
|switch|p1a: Billy B.|Marowak-Alola, M, shiny|100/100
|move|p2a: Tangrowth|Focus Blast|p1a: Billy B.
|-immune|p1a: Billy B.
|
|upkeep
|turn|15
|
|t:|1666361174
|switch|p2a: Melmetal|Melmetal|74/100 brn
|-damage|p2a: Melmetal|68/100 brn|[from] Stealth Rock
|move|p1a: Billy B.|Flare Blitz|p2a: Melmetal
|-supereffective|p2a: Melmetal
|-damage|p2a: Melmetal|0 fnt
|faint|p2a: Melmetal
|
|upkeep
|
|t:|1666361174
|switch|p2a: Weavile|Weavile, M|100/100
|-damage|p2a: Weavile|76/100|[from] Stealth Rock
|-ability|p2a: Weavile|Pressure
|turn|16
|inactive|Sombra Diurna has 120 seconds left.
|
|t:|1666361210
|switch|p1a: Thorns|Ferrothorn, M|100/100
|move|p2a: Weavile|Knock Off|p1a: Thorns
|-damage|p1a: Thorns|43/100
|-damage|p2a: Weavile|63/100|[from] ability: Iron Barbs|[of] p1a: Thorns
|-enditem|p1a: Thorns|Shed Shell|[from] move: Knock Off|[of] p2a: Weavile
|
|upkeep
|turn|17
|inactive|Sombra Diurna has 120 seconds left.
|
|t:|1666361218
|switch|p2a: Tangrowth|Tangrowth, M|100/100
|-damage|p2a: Tangrowth|88/100|[from] Stealth Rock
|move|p1a: Thorns|Leech Seed|p2a: Tangrowth
|-immune|p2a: Tangrowth
|
|upkeep
|turn|18
|
|t:|1666361228
|switch|p1a: Sonso|Slowbro, M|94/100
|move|p2a: Tangrowth|Giga Drain|p1a: Sonso
|-supereffective|p1a: Sonso
|-damage|p1a: Sonso|34/100
|-heal|p2a: Tangrowth|100/100|[from] drain|[of] p1a: Sonso
|
|upkeep
|turn|19
|
|t:|1666361236
|switch|p1a: Falkor|Drampa, M|42/100 slp
|move|p2a: Tangrowth|Giga Drain|p1a: Falkor
|-resisted|p1a: Falkor
|-damage|p1a: Falkor|26/100 slp
|
|upkeep
|turn|20
|
|t:|1666361243
|switch|p1a: Sonso|Slowbro, M|68/100
|move|p2a: Tangrowth|Focus Blast|p1a: Sonso
|-resisted|p1a: Sonso
|-damage|p1a: Sonso|51/100
|
|upkeep
|turn|21
|
|t:|1666361258
|switch|p1a: Thorns|Ferrothorn, M|43/100
|move|p2a: Tangrowth|Giga Drain|p1a: Thorns
|-resisted|p1a: Thorns
|-damage|p1a: Thorns|39/100
|
|upkeep
|turn|22
|
|t:|1666361264
|move|p2a: Tangrowth|Giga Drain|p1a: Thorns
|-resisted|p1a: Thorns
|-damage|p1a: Thorns|34/100
|move|p1a: Thorns|Gyro Ball|p2a: Tangrowth
|-damage|p2a: Tangrowth|86/100
|-damage|p1a: Thorns|18/100|[from] item: Rocky Helmet|[of] p2a: Tangrowth
|
|upkeep
|turn|23
|
|t:|1666361272
|move|p2a: Tangrowth|Giga Drain|p1a: Thorns
|-resisted|p1a: Thorns
|-damage|p1a: Thorns|14/100
|-heal|p2a: Tangrowth|88/100|[from] drain|[of] p1a: Thorns
|move|p1a: Thorns|Leech Seed|p2a: Tangrowth
|-immune|p2a: Tangrowth
|
|upkeep
|turn|24
|
|t:|1666361278
|switch|p1a: Billy B.|Marowak-Alola, M, shiny|100/100
|move|p2a: Tangrowth|Giga Drain|p1a: Billy B.
|-resisted|p1a: Billy B.
|-damage|p1a: Billy B.|79/100
|-heal|p2a: Tangrowth|95/100|[from] drain|[of] p1a: Billy B.
|
|upkeep
|turn|25
|
|t:|1666361285
|move|p1a: Billy B.|Substitute|p1a: Billy B.
|-start|p1a: Billy B.|Substitute
|-damage|p1a: Billy B.|54/100
|move|p2a: Tangrowth|Knock Off|p1a: Billy B.
|-supereffective|p1a: Billy B.
|-end|p1a: Billy B.|Substitute
|
|upkeep
|turn|26
|
|t:|1666361290
|move|p1a: Billy B.|Flare Blitz|p2a: Tangrowth
|-supereffective|p2a: Tangrowth
|-damage|p2a: Tangrowth|0 fnt
|-damage|p1a: Billy B.|38/100|[from] item: Rocky Helmet|[of] p2a: Tangrowth
|faint|p2a: Tangrowth
|
|upkeep
|
|t:|1666361290
|switch|p2a: Weavile|Weavile, M|63/100
|-damage|p2a: Weavile|38/100|[from] Stealth Rock
|-ability|p2a: Weavile|Pressure
|turn|27
|
|t:|1666361304
|switch|p1a: Thorns|Ferrothorn, M|14/100
|move|p2a: Weavile|Knock Off|p1a: Thorns
|-damage|p1a: Thorns|0 fnt
|-damage|p2a: Weavile|26/100|[from] ability: Iron Barbs|[of] p1a: Thorns
|faint|p1a: Thorns
|
|upkeep
|
|t:|1666361313
|switch|p1a: Sonso|Slowbro, M|85/100
|turn|28
|
|t:|1666361318
|move|p2a: Weavile|Knock Off|p1a: Sonso
|-supereffective|p1a: Sonso
|-enditem|p1a: Sonso|Colbur Berry|[eat]
|-enditem|p1a: Sonso|Colbur Berry|[weaken]
|-damage|p1a: Sonso|46/100
|move|p1a: Sonso|Trick Room|p1a: Sonso
|-fieldstart|move: Trick Room|[of] p1a: Sonso
|
|upkeep
|turn|29
|
|t:|1666361323
|switch|p2a: rotomwash|Rotom-Wash|100/100
|-damage|p2a: rotomwash|88/100|[from] Stealth Rock
|move|p1a: Sonso|Body Press|p2a: rotomwash
|-damage|p2a: rotomwash|61/100
|
|-heal|p2a: rotomwash|68/100|[from] item: Leftovers
|upkeep
|turn|30
|
|t:|1666361332
|switch|p1a: Falkor|Drampa, M|26/100 slp
|move|p2a: rotomwash|Nasty Plot|p2a: rotomwash
|-boost|p2a: rotomwash|spa|2
|
|-heal|p2a: rotomwash|74/100|[from] item: Leftovers
|upkeep
|turn|31
|
|t:|1666361339
|cant|p1a: Falkor|slp
|move|p2a: rotomwash|Thunderbolt|p1a: Falkor
|-resisted|p1a: Falkor
|-damage|p1a: Falkor|0 fnt
|faint|p1a: Falkor
|
|-heal|p2a: rotomwash|80/100|[from] item: Leftovers
|upkeep
|
|t:|1666361346
|switch|p1a: Billy B.|Marowak-Alola, M, shiny|38/100
|turn|32
|
|t:|1666361348
|move|p1a: Billy B.|Poltergeist|p2a: rotomwash
|-activate|p2a: rotomwash|move: Poltergeist|Leftovers
|-damage|p2a: rotomwash|0 fnt
|faint|p2a: rotomwash
|
|-fieldend|move: Trick Room
|upkeep
|
|t:|1666361348
|switch|p2a: Heatran|Heatran, M|63/100
|-damage|p2a: Heatran|51/100|[from] Stealth Rock
|-item|p2a: Heatran|Air Balloon
|turn|33
|
|t:|1666361370
|move|p2a: Heatran|Earth Power|p1a: Billy B.
|-supereffective|p1a: Billy B.
|-damage|p1a: Billy B.|0 fnt
|faint|p1a: Billy B.
|
|upkeep
|
|t:|1666361374
|switch|p1a: Sharko|Garchomp, M|100/100
|turn|34
|
|t:|1666361378
|move|p1a: Sharko|Scale Shot|p2a: Heatran
|-resisted|p2a: Heatran
|-damage|p2a: Heatran|45/100
|-enditem|p2a: Heatran|Air Balloon
|-resisted|p2a: Heatran
|-damage|p2a: Heatran|38/100
|-resisted|p2a: Heatran
|-damage|p2a: Heatran|31/100
|-resisted|p2a: Heatran
|-damage|p2a: Heatran|24/100
|-hitcount|p2a: Heatran|4
|-unboost|p1a: Sharko|def|1
|-boost|p1a: Sharko|spe|1
|move|p2a: Heatran|Magma Storm|p1a: Sharko
|-resisted|p1a: Sharko
|-damage|p1a: Sharko|74/100
|-activate|p1a: Sharko|move: Magma Storm|[of] p2a: Heatran
|
|-heal|p1a: Sharko|80/100|[from] item: Leftovers
|-damage|p1a: Sharko|68/100|[from] move: Magma Storm|[partiallytrapped]
|upkeep
|turn|35
|
|t:|1666361394
|move|p1a: Sharko|Earthquake|p2a: Heatran
|-supereffective|p2a: Heatran
|-damage|p2a: Heatran|0 fnt
|faint|p2a: Heatran
|
|-heal|p1a: Sharko|74/100|[from] item: Leftovers
|-end|p1a: Sharko|Magma Storm|[partiallytrapped]|[silent]
|upkeep
|
|t:|1666361394
|switch|p2a: Weavile|Weavile, M|26/100
|-damage|p2a: Weavile|1/100|[from] Stealth Rock
|-ability|p2a: Weavile|Pressure
|turn|36
|
|t:|1666361403
|move|p2a: Weavile|Ice Shard|p1a: Sharko
|-supereffective|p1a: Sharko
|-damage|p1a: Sharko|0 fnt
|faint|p1a: Sharko
|
|upkeep
|
|t:|1666361407
|switch|p1a: Sonso|Slowbro, M|79/100
|turn|37
|
|t:|1666361410
|move|p2a: Weavile|Ice Shard|p1a: Sonso
|-resisted|p1a: Sonso
|-damage|p1a: Sonso|70/100
|move|p1a: Sonso|Scald|p2a: Weavile
|-damage|p2a: Weavile|0 fnt
|faint|p2a: Weavile
|
|win|Sombra Diurna
|raw|Sombra Diurna's rating: 1439 &rarr; <strong>1463</strong><br />(+24 for winning)
|raw|minimax_ai's rating: 1502 &rarr; <strong>1478</strong><br />(-24 for losing)
|c|☆minimax_ai|gg
|l|☆minimax_ai
||Ladder isn't responding, score probably updated but might not have (Request timeout).
