|j|☆PQPP214
|j|☆93614641s
|t:|1645683086
|gametype|singles
|player|p1|PQPP214|265|1473
|player|p2|93614641s|266|1400
|teamsize|p1|6
|teamsize|p2|6
|gen|8
|tier|[Gen 8] OU
|rated|
|rule|Sleep Clause Mod: Limit one foe put to sleep
|rule|Species Clause: Limit one of each Pokémon
|rule|OHKO Clause: OHKO moves are banned
|rule|Evasion Moves Clause: Evasion moves are banned
|rule|Endless Battle Clause: Forcing endless battles is banned
|rule|HP Percentage Mod: HP is shown in percentages
|rule|Dynamax Clause: You cannot dynamax
|clearpoke
|poke|p1|Landorus-Therian, M|
|poke|p1|Tornadus-Therian, M|
|poke|p1|Zeraora|
|poke|p1|Zapdos-Galar|
|poke|p1|Jirachi|
|poke|p1|Toxapex, F|
|poke|p2|Landorus-Therian, M|
|poke|p2|Rillaboom, F|
|poke|p2|Volcarona, F|
|poke|p2|Weavile, M|
|poke|p2|Lycanroc-Dusk, M|
|poke|p2|Tapu Fini|
|teampreview
|
|t:|1645683097
|start
|switch|p1a: Landorus|Landorus-Therian, M, shiny|100/100
|switch|p2a: Lycanroc|Lycanroc-Dusk, M|100/100
|-ability|p1a: Landorus|Intimidate|boost
|-unboost|p2a: Lycanroc|atk|1
|turn|1
|
|t:|1645683099
|move|p2a: Lycanroc|Stealth Rock|p1a: Landorus
|-sidestart|p1: PQPP214|move: Stealth Rock
|move|p1a: Landorus|Earthquake|p2a: Lycanroc
|-supereffective|p2a: Lycanroc
|-enditem|p2a: Lycanroc|Focus Sash
|-damage|p2a: Lycanroc|1/100
|
|upkeep
|turn|2
|
|t:|1645683109
|move|p2a: Lycanroc|Stone Edge|p1a: Landorus
|-crit|p1a: Landorus
|-damage|p1a: Landorus|36/100
|move|p1a: Landorus|Earthquake|p2a: Lycanroc
|-supereffective|p2a: Lycanroc
|-damage|p2a: Lycanroc|0 fnt
|faint|p2a: Lycanroc
|
|-heal|p1a: Landorus|42/100|[from] item: Leftovers
|upkeep
|
|t:|1645683117
|switch|p2a: Rillaboom|Rillaboom, F|100/100
|-fieldstart|move: Grassy Terrain|[from] ability: Grassy Surge|[of] p2a: Rillaboom
|turn|3
|
|t:|1645683121
|switch|p1a: Tornadus|Tornadus-Therian, M, shiny|100/100
|move|p2a: Rillaboom|Knock Off|p1a: Tornadus
|-damage|p1a: Tornadus|56/100
|-enditem|p1a: Tornadus|Heavy-Duty Boots|[from] move: Knock Off|[of] p2a: Rillaboom
|-damage|p2a: Rillaboom|91/100|[from] item: Life Orb
|
|-heal|p2a: Rillaboom|97/100|[from] Grassy Terrain
|upkeep
|turn|4
|
|t:|1645683129
|switch|p2a: Landorus|Landorus-Therian, M|100/100
|-ability|p2a: Landorus|Intimidate|boost
|-unboost|p1a: Tornadus|atk|1
|move|p1a: Tornadus|U-turn|p2a: Landorus
|-resisted|p2a: Landorus
|-damage|p2a: Landorus|96/100
|
|t:|1645683132
|switch|p1a: Landorus|Landorus-Therian, M, shiny|42/100|[from]move: U-turn
|-damage|p1a: Landorus|29/100|[from] Stealth Rock
|-ability|p1a: Landorus|Intimidate|boost
|-unboost|p2a: Landorus|atk|1
|
|-heal|p2a: Landorus|100/100|[from] item: Leftovers
|-heal|p1a: Landorus|35/100|[from] item: Leftovers
|upkeep
|turn|5
|inactive|Battle timer is ON: inactive players will automatically lose when time's up. (requested by 93614641s)
|
|t:|1645683137
|move|p2a: Landorus|Knock Off|p1a: Landorus
|-damage|p1a: Landorus|16/100
|-enditem|p1a: Landorus|Leftovers|[from] move: Knock Off|[of] p2a: Landorus
|move|p1a: Landorus|Defog|p2a: Landorus
|-unboost|p2a: Landorus|evasion|1
|-sideend|p1: PQPP214|Stealth Rock|[from] move: Defog|[of] p1a: Landorus
|-fieldend|move: Grassy Terrain
|
|upkeep
|turn|6
|
|t:|1645683144
|move|p2a: Landorus|U-turn|p1a: Landorus
|-resisted|p1a: Landorus
|-damage|p1a: Landorus|9/100
|
|t:|1645683147
|switch|p2a: Rillaboom|Rillaboom, F|97/100|[from]move: U-turn
|-fieldstart|move: Grassy Terrain|[from] ability: Grassy Surge|[of] p2a: Rillaboom
|move|p1a: Landorus|Toxic|p2a: Rillaboom
|-status|p2a: Rillaboom|tox
|
|-heal|p2a: Rillaboom|100/100 tox|[from] Grassy Terrain
|-damage|p2a: Rillaboom|94/100 tox|[from] psn
|upkeep
|turn|7
|
|t:|1645683155
|switch|p1a: Tornadus|Tornadus-Therian, M, shiny|89/100
|move|p2a: Rillaboom|Grassy Glide|p1a: Tornadus
|-resisted|p1a: Tornadus
|-damage|p1a: Tornadus|58/100
|-damage|p2a: Rillaboom|84/100 tox|[from] item: Life Orb
|
|-heal|p2a: Rillaboom|91/100 tox|[from] Grassy Terrain
|-damage|p2a: Rillaboom|78/100 tox|[from] psn
|upkeep
|turn|8
|
|t:|1645683162
|switch|p2a: Tapu Fini|Tapu Fini|100/100
|-fieldstart|move: Misty Terrain|[from] ability: Misty Surge|[of] p2a: Tapu Fini
|move|p1a: Tornadus|Knock Off|p2a: Tapu Fini
|-resisted|p2a: Tapu Fini
|-damage|p2a: Tapu Fini|93/100
|-enditem|p2a: Tapu Fini|Leftovers|[from] move: Knock Off|[of] p1a: Tornadus
|
|upkeep
|turn|9
|
|t:|1645683171
|move|p1a: Tornadus|U-turn|p2a: Tapu Fini
|-resisted|p2a: Tapu Fini
|-damage|p2a: Tapu Fini|87/100
|
|t:|1645683177
|switch|p1a: Zeraora|Zeraora, shiny|100/100|[from]move: U-turn
|move|p2a: Tapu Fini|Nature's Madness|p1a: Zeraora
|-damage|p1a: Zeraora|51/100
|
|upkeep
|turn|10
|
|t:|1645683185
|switch|p1a: Zapdos|Zapdos-Galar|100/100
|switch|p2a: Landorus|Landorus-Therian, M|100/100
|-ability|p2a: Landorus|Intimidate|boost
|-unboost|p1a: Zapdos|atk|1
|-ability|p1a: Zapdos|Defiant
|-boost|p1a: Zapdos|atk|2
|
|upkeep
|turn|11
|
|t:|1645683190
|move|p1a: Zapdos|Brave Bird|p2a: Landorus
|-damage|p2a: Landorus|0 fnt
|faint|p2a: Landorus
|-damage|p1a: Zapdos|61/100|[from] Recoil
|
|upkeep
|
|t:|1645683198
|switch|p2a: Weavile|Weavile, M|100/100
|-ability|p2a: Weavile|Pressure
|turn|12
|
|t:|1645683201
|switch|p1a: Toxapex|Toxapex, F, shiny|100/100
|move|p2a: Weavile|Triple Axel|p1a: Toxapex
|-resisted|p1a: Toxapex
|-damage|p1a: Toxapex|98/100
|-damage|p2a: Weavile|84/100|[from] item: Rocky Helmet|[of] p1a: Toxapex
|-resisted|p1a: Toxapex
|-damage|p1a: Toxapex|93/100
|-damage|p2a: Weavile|68/100|[from] item: Rocky Helmet|[of] p1a: Toxapex
|-resisted|p1a: Toxapex
|-damage|p1a: Toxapex|84/100
|-damage|p2a: Weavile|51/100|[from] item: Rocky Helmet|[of] p1a: Toxapex
|-hitcount|p1a: Toxapex|3
|
|-fieldend|Misty Terrain
|upkeep
|turn|13
|
|t:|1645683208
|switch|p2a: Tapu Fini|Tapu Fini|87/100
|-fieldstart|move: Misty Terrain|[from] ability: Misty Surge|[of] p2a: Tapu Fini
|move|p1a: Toxapex|Scald|p2a: Tapu Fini
|-resisted|p2a: Tapu Fini
|-damage|p2a: Tapu Fini|82/100
|
|upkeep
|turn|14
|
|t:|1645683215
|switch|p1a: Zeraora|Zeraora, shiny|51/100
|move|p2a: Tapu Fini|Whirlpool|p1a: Zeraora
|-damage|p1a: Zeraora|35/100
|-activate|p1a: Zeraora|move: Whirlpool|[of] p2a: Tapu Fini
|
|-damage|p1a: Zeraora|22/100|[from] move: Whirlpool|[partiallytrapped]
|upkeep
|turn|15
|
|t:|1645683224
|move|p1a: Zeraora|Plasma Fists|p2a: Tapu Fini
|-supereffective|p2a: Tapu Fini
|-damage|p2a: Tapu Fini|12/100
|-fieldactivate|move: Ion Deluge
|-hint|Normal-type moves become Electric-type after using Plasma Fists.
|move|p2a: Tapu Fini|Moonblast|p1a: Zeraora
|-damage|p1a: Zeraora|0 fnt
|faint|p1a: Zeraora
|
|upkeep
|
|t:|1645683237
|switch|p1a: Jirachi|Jirachi, shiny|100/100
|turn|16
|
|t:|1645683243
|move|p1a: Jirachi|Stealth Rock|p2a: Tapu Fini
|-sidestart|p2: 93614641s|move: Stealth Rock
|move|p2a: Tapu Fini|Nature's Madness|p1a: Jirachi
|-damage|p1a: Jirachi|51/100
|
|-heal|p1a: Jirachi|57/100|[from] item: Leftovers
|upkeep
|turn|17
|
|t:|1645683248
|move|p1a: Jirachi|Iron Head|p2a: Tapu Fini
|-damage|p2a: Tapu Fini|0 fnt
|faint|p2a: Tapu Fini
|
|-heal|p1a: Jirachi|63/100|[from] item: Leftovers
|-fieldend|Misty Terrain
|upkeep
|
|t:|1645683251
|switch|p2a: Volcarona|Volcarona, F|100/100
|turn|18
|
|t:|1645683271
|move|p2a: Volcarona|Quiver Dance|p2a: Volcarona
|-boost|p2a: Volcarona|spa|1
|-boost|p2a: Volcarona|spd|1
|-boost|p2a: Volcarona|spe|1
|move|p1a: Jirachi|Healing Wish|p1a: Jirachi
|faint|p1a: Jirachi
|
|upkeep
|
|t:|1645683273
|switch|p1a: Landorus|Landorus-Therian, M, shiny|9/100
|-heal|p1a: Landorus|100/100|[from] move: Healing Wish
|-ability|p1a: Landorus|Intimidate|boost
|-unboost|p2a: Volcarona|atk|1
|turn|19
|
|t:|1645683284
|move|p2a: Volcarona|Quiver Dance|p2a: Volcarona
|-boost|p2a: Volcarona|spa|1
|-boost|p2a: Volcarona|spd|1
|-boost|p2a: Volcarona|spe|1
|move|p1a: Landorus|Toxic|p2a: Volcarona
|-status|p2a: Volcarona|tox
|
|-damage|p2a: Volcarona|94/100 tox|[from] psn
|upkeep
|turn|20
|
|t:|1645683289
|switch|p1a: Toxapex|Toxapex, F, shiny|100/100
|move|p2a: Volcarona|Flamethrower|p1a: Toxapex
|-resisted|p1a: Toxapex
|-damage|p1a: Toxapex|69/100
|
|-damage|p2a: Volcarona|82/100 tox|[from] psn
|upkeep
|turn|21
|
|t:|1645683296
|switch|p1a: Tornadus|Tornadus-Therian, M, shiny|92/100
|move|p2a: Volcarona|Psychic|p1a: Tornadus
|-damage|p1a: Tornadus|35/100
|
|-damage|p2a: Volcarona|64/100 tox|[from] psn
|upkeep
|turn|22
|
|t:|1645683304
|switch|p2a: Weavile|Weavile, M|51/100
|-ability|p2a: Weavile|Pressure
|switch|p1a: Zapdos|Zapdos-Galar|61/100
|
|upkeep
|turn|23
|
|t:|1645683310
|switch|p1a: Toxapex|Toxapex, F, shiny|100/100
|move|p2a: Weavile|Knock Off|p1a: Toxapex
|-damage|p1a: Toxapex|72/100
|-damage|p2a: Weavile|35/100|[from] item: Rocky Helmet|[of] p1a: Toxapex
|-enditem|p1a: Toxapex|Rocky Helmet|[from] move: Knock Off|[of] p2a: Weavile
|
|upkeep
|turn|24
|
|t:|1645683318
|switch|p2a: Rillaboom|Rillaboom, F|78/100 tox
|-damage|p2a: Rillaboom|66/100 tox|[from] Stealth Rock
|-fieldstart|move: Grassy Terrain|[from] ability: Grassy Surge|[of] p2a: Rillaboom
|move|p1a: Toxapex|Knock Off|p2a: Rillaboom
|-damage|p2a: Rillaboom|48/100 tox
|-enditem|p2a: Rillaboom|Life Orb|[from] move: Knock Off|[of] p1a: Toxapex
|
|-heal|p2a: Rillaboom|54/100 tox|[from] Grassy Terrain
|-heal|p1a: Toxapex|78/100|[from] Grassy Terrain
|-damage|p2a: Rillaboom|48/100 tox|[from] psn
|upkeep
|turn|25
|
|t:|1645683331
|switch|p2a: Weavile|Weavile, M|35/100
|-ability|p2a: Weavile|Pressure
|switch|p1a: Tornadus|Tornadus-Therian, M, shiny|69/100
|
|-heal|p2a: Weavile|41/100|[from] Grassy Terrain
|upkeep
|turn|26
|
|t:|1645683336
|switch|p1a: Toxapex|Toxapex, F, shiny|100/100
|move|p2a: Weavile|Triple Axel|p1a: Toxapex
|-resisted|p1a: Toxapex
|-damage|p1a: Toxapex|98/100
|-resisted|p1a: Toxapex
|-damage|p1a: Toxapex|92/100
|-resisted|p1a: Toxapex
|-damage|p1a: Toxapex|83/100
|-hitcount|p1a: Toxapex|3
|
|-heal|p2a: Weavile|47/100|[from] Grassy Terrain
|-heal|p1a: Toxapex|89/100|[from] Grassy Terrain
|upkeep
|turn|27
|
|t:|1645683345
|move|p2a: Weavile|Swords Dance|p2a: Weavile
|-boost|p2a: Weavile|atk|2
|move|p1a: Toxapex|Knock Off|p2a: Weavile
|-resisted|p2a: Weavile
|-damage|p2a: Weavile|35/100
|-enditem|p2a: Weavile|Heavy-Duty Boots|[from] move: Knock Off|[of] p1a: Toxapex
|
|-heal|p2a: Weavile|41/100|[from] Grassy Terrain
|-heal|p1a: Toxapex|95/100|[from] Grassy Terrain
|upkeep
|turn|28
|
|t:|1645683350
|move|p2a: Weavile|Knock Off|p1a: Toxapex
|-damage|p1a: Toxapex|57/100
|move|p1a: Toxapex|Haze|p1a: Toxapex
|-clearallboost
|
|-heal|p2a: Weavile|47/100|[from] Grassy Terrain
|-heal|p1a: Toxapex|63/100|[from] Grassy Terrain
|-fieldend|move: Grassy Terrain
|upkeep
|turn|29
|
|t:|1645683355
|move|p2a: Weavile|Swords Dance|p2a: Weavile
|-boost|p2a: Weavile|atk|2
|move|p1a: Toxapex|Scald|p2a: Weavile
|-damage|p2a: Weavile|22/100
|-status|p2a: Weavile|brn
|
|-damage|p2a: Weavile|16/100 brn|[from] brn
|upkeep
|turn|30
|
|t:|1645683358
|move|p2a: Weavile|Triple Axel|p1a: Toxapex
|-resisted|p1a: Toxapex
|-damage|p1a: Toxapex|60/100
|-resisted|p1a: Toxapex
|-damage|p1a: Toxapex|54/100
|-resisted|p1a: Toxapex
|-damage|p1a: Toxapex|45/100
|-hitcount|p1a: Toxapex|3
|move|p1a: Toxapex|Recover|p1a: Toxapex
|-heal|p1a: Toxapex|96/100
|
|-damage|p2a: Weavile|10/100 brn|[from] brn
|upkeep
|turn|31
|
|t:|1645683365
|move|p2a: Weavile|Knock Off|p1a: Toxapex
|-damage|p1a: Toxapex|76/100
|move|p1a: Toxapex|Scald|p2a: Weavile
|-damage|p2a: Weavile|0 fnt
|faint|p2a: Weavile
|
|upkeep
|
|t:|1645683368
|switch|p2a: Volcarona|Volcarona, F|64/100 tox
|turn|32
|
|t:|1645683376
|switch|p1a: Landorus|Landorus-Therian, M, shiny|100/100
|-ability|p1a: Landorus|Intimidate|boost
|-unboost|p2a: Volcarona|atk|1
|move|p2a: Volcarona|Psychic|p1a: Landorus
|-damage|p1a: Landorus|80/100
|
|-damage|p2a: Volcarona|57/100 tox|[from] psn
|upkeep
|turn|33
|-message|93614641s forfeited.
|
|win|PQPP214
|raw|PQPP214's rating: 1473 &rarr; <strong>1489</strong><br />(+16 for winning)
|raw|93614641s's rating: 1400 &rarr; <strong>1384</strong><br />(-16 for losing)
|l|☆93614641s
