|j|☆Sarnick18
|j|☆Gotmyvanson
|t:|1642971017
|gametype|singles
|player|p1|Sarnick18|2|1489
|player|p2|Gotmyvanson|2|1505
|teamsize|p1|6
|teamsize|p2|6
|gen|8
|tier|[Gen 8] OU
|rated|
|rule|Sleep Clause Mod: Limit one foe put to sleep
|rule|Species Clause: Limit one of each Pokémon
|rule|OHKO Clause: OHKO moves are banned
|rule|Evasion Moves Clause: Evasion moves are banned
|rule|Endless Battle Clause: Forcing endless battles is banned
|rule|HP Percentage Mod: HP is shown in percentages
|rule|Dynamax Clause: You cannot dynamax
|clearpoke
|poke|p1|Urshifu-*, M|
|poke|p1|Chandelure, F|
|poke|p1|Alakazam, M|
|poke|p1|Milotic, F|
|poke|p1|Garchomp, F|
|poke|p1|Tangrowth, F|
|poke|p2|Clefable, M|
|poke|p2|Slowbro, F|
|poke|p2|Magnezone|
|poke|p2|Urshifu-*, M|
|poke|p2|Rillaboom, M|
|poke|p2|Dragonite, F|
|teampreview
|
|t:|1642971054
|start
|switch|p1a: Ulysess|Garchomp, F|100/100
|switch|p2a: Clefable|Clefable, M|100/100
|turn|1
|
|t:|1642971063
|move|p1a: Ulysess|Poison Jab|p2a: Clefable
|-supereffective|p2a: Clefable
|-damage|p2a: Clefable|33/100
|move|p2a: Clefable|Moonblast|p1a: Ulysess
|-supereffective|p1a: Ulysess
|-enditem|p1a: Ulysess|Focus Sash
|-damage|p1a: Ulysess|1/100
|-unboost|p1a: Ulysess|spa|1
|
|upkeep
|turn|2
|
|t:|1642971072
|switch|p2a: Slowbro|Slowbro, F|100/100
|move|p1a: Ulysess|Earthquake|p2a: Slowbro
|-damage|p2a: Slowbro|70/100
|
|upkeep
|turn|3
|
|t:|1642971089
|switch|p1a: Coolidge|Milotic, F|100/100
|move|p2a: Slowbro|Scald|p1a: Coolidge
|-resisted|p1a: Coolidge
|-damage|p1a: Coolidge|91/100
|
|-heal|p1a: Coolidge|97/100|[from] item: Leftovers
|upkeep
|turn|4
|
|t:|1642971101
|move|p1a: Coolidge|Scald|p2a: Slowbro
|-resisted|p2a: Slowbro
|-damage|p2a: Slowbro|55/100
|move|p2a: Slowbro|Teleport|p2a: Slowbro
|
|t:|1642971104
|switch|p2a: Clefable|Clefable, M|33/100|[from]move: Teleport
|
|-heal|p1a: Coolidge|100/100|[from] item: Leftovers
|upkeep
|turn|5
|inactive|Battle timer is ON: inactive players will automatically lose when time's up. (requested by Sarnick18)
|
|t:|1642971111
|move|p1a: Coolidge|Scald|p2a: Clefable
|-crit|p2a: Clefable
|-damage|p2a: Clefable|0 fnt
|faint|p2a: Clefable
|
|upkeep
|
|t:|1642971120
|switch|p2a: Magnezone|Magnezone|100/100
|turn|6
|
|t:|1642971126
|move|p2a: Magnezone|Flash Cannon|p1a: Coolidge
|-resisted|p1a: Coolidge
|-damage|p1a: Coolidge|81/100
|move|p1a: Coolidge|Mirror Coat|p2a: Magnezone
|-damage|p2a: Magnezone|54/100
|
|-heal|p1a: Coolidge|87/100|[from] item: Leftovers
|upkeep
|turn|7
|
|t:|1642971141
|switch|p2a: Rillaboom|Rillaboom, M|100/100
|-fieldstart|move: Grassy Terrain|[from] ability: Grassy Surge|[of] p2a: Rillaboom
|move|p1a: Coolidge|Mirror Coat||[still]
|-fail|p1a: Coolidge
|
|-heal|p1a: Coolidge|93/100|[from] Grassy Terrain
|-heal|p1a: Coolidge|99/100|[from] item: Leftovers
|upkeep
|turn|8
|
|t:|1642971152
|switch|p1a: Carter|Tangrowth, F|100/100
|move|p2a: Rillaboom|Knock Off|p1a: Carter
|-damage|p1a: Carter|80/100
|-damage|p2a: Rillaboom|84/100|[from] item: Rocky Helmet|[of] p1a: Carter
|-enditem|p1a: Carter|Rocky Helmet|[from] move: Knock Off|[of] p2a: Rillaboom
|-damage|p2a: Rillaboom|74/100|[from] item: Life Orb
|
|-heal|p2a: Rillaboom|80/100|[from] Grassy Terrain
|-heal|p1a: Carter|86/100|[from] Grassy Terrain
|upkeep
|turn|9
|
|t:|1642971167
|switch|p2a: Magnezone|Magnezone|54/100
|move|p1a: Carter|Sludge Bomb|p2a: Magnezone
|-immune|p2a: Magnezone
|
|-heal|p2a: Magnezone|60/100|[from] Grassy Terrain
|-heal|p1a: Carter|92/100|[from] Grassy Terrain
|upkeep
|turn|10
|
|t:|1642971176
|move|p2a: Magnezone|Flash Cannon|p1a: Carter
|-damage|p1a: Carter|0 fnt
|faint|p1a: Carter
|
|-heal|p2a: Magnezone|66/100|[from] Grassy Terrain
|upkeep
|
|t:|1642971186
|switch|p1a: Madison|Chandelure, F|100/100
|turn|11
|
|t:|1642971191
|switch|p2a: Urshifu|Urshifu-Rapid-Strike, M|100/100
|move|p1a: Madison|Shadow Ball|p2a: Urshifu
|-damage|p2a: Urshifu|32/100
|
|-heal|p2a: Urshifu|38/100|[from] Grassy Terrain
|-fieldend|move: Grassy Terrain
|upkeep
|turn|12
|
|t:|1642971204
|switch|p1a: Ulysess|Garchomp, F|1/100
|move|p2a: Urshifu|Aqua Jet|p1a: Ulysess
|-damage|p1a: Ulysess|0 fnt
|-damage|p2a: Urshifu|26/100|[from] ability: Rough Skin|[of] p1a: Ulysess
|faint|p1a: Ulysess
|
|upkeep
|
|t:|1642971216
|switch|p1a: Theodore|Urshifu-Rapid-Strike, M|100/100
|turn|13
|
|t:|1642971219
|switch|p2a: Slowbro|Slowbro, F|88/100
|move|p1a: Theodore|Thunder Punch|p2a: Slowbro
|-supereffective|p2a: Slowbro
|-damage|p2a: Slowbro|38/100
|
|upkeep
|turn|14
|
|t:|1642971231
|switch|p1a: Madison|Chandelure, F|100/100
|switch|p2a: Rillaboom|Rillaboom, M|80/100
|-fieldstart|move: Grassy Terrain|[from] ability: Grassy Surge|[of] p2a: Rillaboom
|
|-heal|p2a: Rillaboom|86/100|[from] Grassy Terrain
|upkeep
|turn|15
|
|t:|1642971243
|switch|p2a: Slowbro|Slowbro, F|71/100
|move|p1a: Madison|Overheat|p2a: Slowbro
|-resisted|p2a: Slowbro
|-damage|p2a: Slowbro|32/100
|-unboost|p1a: Madison|spa|2
|
|-heal|p2a: Slowbro|38/100|[from] Grassy Terrain
|upkeep
|turn|16
|
|t:|1642971254
|switch|p1a: Coolidge|Milotic, F|99/100
|move|p2a: Slowbro|Teleport|p2a: Slowbro
|
|t:|1642971259
|switch|p2a: Magnezone|Magnezone|66/100|[from]move: Teleport
|
|-heal|p2a: Magnezone|72/100|[from] Grassy Terrain
|-heal|p1a: Coolidge|100/100|[from] Grassy Terrain
|upkeep
|turn|17
|
|t:|1642971266
|move|p2a: Magnezone|Thunderbolt|p1a: Coolidge
|-supereffective|p1a: Coolidge
|-damage|p1a: Coolidge|0 fnt
|faint|p1a: Coolidge
|
|-heal|p2a: Magnezone|78/100|[from] Grassy Terrain
|upkeep
|inactive|Sarnick18 has 120 seconds left.
|c|☆Sarnick18|Damn that was high roll
|
|t:|1642971307
|switch|p1a: Madison|Chandelure, F|100/100
|turn|18
|c|☆Gotmyvanson|What was the damage calc
|
|t:|1642971336
|move|p1a: Madison|Shadow Ball|p2a: Magnezone
|-damage|p2a: Magnezone|16/100
|move|p2a: Magnezone|Thunderbolt|p1a: Madison
|-damage|p1a: Madison|0 fnt
|faint|p1a: Madison
|
|-heal|p2a: Magnezone|22/100|[from] Grassy Terrain
|-fieldend|move: Grassy Terrain
|upkeep
|inactive|Sarnick18 has 120 seconds left.
|c|☆Sarnick18|Gg
|c|☆Gotmyvanson|Gg
|c|☆Sarnick18|Based on the flashcannon i should have had around 5%
|inactive|Sarnick18 has 90 seconds left.
|c|☆Gotmyvanson|It wAs specs magnezone
|
|t:|1642971379
|switch|p1a: Wilson|Alakazam, M|100/100
|turn|19
|inactive|Gotmyvanson has 120 seconds left.
|inactive|Gotmyvanson has 90 seconds left.
|
|t:|1642971431
|move|p1a: Wilson|Focus Blast|p2a: Magnezone|[miss]
|-miss|p1a: Wilson|p2a: Magnezone
|move|p2a: Magnezone|Thunderbolt|p1a: Wilson
|-enditem|p1a: Wilson|Focus Sash
|-damage|p1a: Wilson|1/100
|-status|p1a: Wilson|par
|
|upkeep
|turn|20
|inactive|Sarnick18 has 90 seconds left.
|c|☆Sarnick18|The icing on the cake
|
|t:|1642971454
|move|p2a: Magnezone|Thunderbolt|p1a: Wilson
|-damage|p1a: Wilson|0 fnt
|faint|p1a: Wilson
|
|upkeep
|
|t:|1642971459
|switch|p1a: Theodore|Urshifu-Rapid-Strike, M|100/100
|turn|21
|
|t:|1642971467
|move|p1a: Theodore|Surging Strikes|p2a: Magnezone
|-crit|p2a: Magnezone
|-damage|p2a: Magnezone|0 fnt
|faint|p2a: Magnezone
|-hitcount|p2: Magnezone|1
|
|upkeep
|
|t:|1642971470
|switch|p2a: Slowbro|Slowbro, F|71/100
|turn|22
|
|t:|1642971474
|move|p1a: Theodore|Surging Strikes|p2a: Slowbro
|-resisted|p2a: Slowbro
|-crit|p2a: Slowbro
|-damage|p2a: Slowbro|61/100
|-resisted|p2a: Slowbro
|-crit|p2a: Slowbro
|-damage|p2a: Slowbro|51/100
|-resisted|p2a: Slowbro
|-crit|p2a: Slowbro
|-damage|p2a: Slowbro|41/100
|-hitcount|p2a: Slowbro|3
|move|p2a: Slowbro|Future Sight|p1a: Theodore
|-start|p2a: Slowbro|move: Future Sight
|
|upkeep
|turn|23
|inactive|Sarnick18 has 120 seconds left.
|
|t:|1642971488
|move|p1a: Theodore|Surging Strikes|p2a: Slowbro
|-resisted|p2a: Slowbro
|-crit|p2a: Slowbro
|-damage|p2a: Slowbro|31/100
|-resisted|p2a: Slowbro
|-crit|p2a: Slowbro
|-damage|p2a: Slowbro|21/100
|-resisted|p2a: Slowbro
|-crit|p2a: Slowbro
|-damage|p2a: Slowbro|11/100
|-hitcount|p2a: Slowbro|3
|move|p2a: Slowbro|Slack Off|p2a: Slowbro
|-heal|p2a: Slowbro|62/100
|
|upkeep
|turn|24
|inactive|Sarnick18 has 120 seconds left.
|
|t:|1642971499
|move|p1a: Theodore|Surging Strikes|p2a: Slowbro
|-resisted|p2a: Slowbro
|-crit|p2a: Slowbro
|-damage|p2a: Slowbro|52/100
|-resisted|p2a: Slowbro
|-crit|p2a: Slowbro
|-damage|p2a: Slowbro|42/100
|-resisted|p2a: Slowbro
|-crit|p2a: Slowbro
|-damage|p2a: Slowbro|33/100
|-hitcount|p2a: Slowbro|3
|move|p2a: Slowbro|Slack Off|p2a: Slowbro
|-heal|p2a: Slowbro|83/100
|
|-end|p1a: Theodore|move: Future Sight
|-supereffective|p1a: Theodore
|-damage|p1a: Theodore|0 fnt
|faint|p1a: Theodore
|
|win|Gotmyvanson
|upkeep
|raw|Sarnick18's rating: 1489 &rarr; <strong>1470</strong><br />(-19 for losing)
|raw|Gotmyvanson's rating: 1505 &rarr; <strong>1524</strong><br />(+19 for winning)
|l|☆Gotmyvanson
||Ladder isn't responding, score probably updated but might not have (Request timeout).
