|raw|<div class="broadcast-blue"><strong>This battle is required to be public due to a player having a name starting with 'LT73IU'.</div>
|j|☆relic stone
|j|☆LT73IU Michy
|t:|1598603818
|player|p1|relic stone|lusamine-nihilego|1799
|player|p2|LT73IU Michy|266|1703
|teamsize|p1|6
|teamsize|p2|6
|gametype|singles
|gen|8
|tier|[Gen 8] OU
|rated|
|clearpoke
|poke|p1|Rotom-Heat|
|poke|p1|Rhyperior, M|
|poke|p1|Weezing-Galar, M|
|poke|p1|Mandibuzz, F|
|poke|p1|Ferrothorn, M|
|poke|p1|Urshifu-*, M|
|poke|p2|Ditto|
|poke|p2|Gastrodon, M|
|poke|p2|Clefable, M|
|poke|p2|Amoonguss, M|
|poke|p2|Corviknight, M|
|poke|p2|Blissey, F|
|rule|Sleep Clause Mod: Limit one foe put to sleep
|rule|Species Clause: Limit one of each Pokémon
|rule|OHKO Clause: OHKO moves are banned
|rule|Evasion Moves Clause: Evasion moves are banned
|rule|Endless Battle Clause: Forcing endless battles is banned
|rule|HP Percentage Mod: HP is shown in percentages
|rule|Dynamax Clause: You cannot dynamax
|teampreview
|c|☆relic stone|hf
|inactive|Battle timer is ON: inactive players will automatically lose when time's up. (requested by LT73IU Michy)
|
|t:|1598603830
|start
|switch|p1a: Mortar|Rhyperior, M|100/100
|switch|p2a: Corviknight|Corviknight, M|100/100
|-ability|p2a: Corviknight|Pressure
|turn|1
|
|t:|1598603857
|switch|p1a: Sentiments|Weezing-Galar, M|100/100
|-ability|p1a: Sentiments|Neutralizing Gas
|move|p2a: Corviknight|Body Press|p1a: Sentiments
|-resisted|p1a: Sentiments
|-damage|p1a: Sentiments|96/100
|-damage|p2a: Corviknight|84/100|[from] item: Rocky Helmet|[of] p1a: Sentiments
|
|upkeep
|turn|2
|
|t:|1598603862
|switch|p2a: Clefable|Clefable, M|100/100
|move|p1a: Sentiments|Will-O-Wisp|p2a: Clefable
|-status|p2a: Clefable|brn
|
|-damage|p2a: Clefable|94/100 brn|[from] brn
|-damage|p2a: Clefable|82/100 brn|[from] item: Sticky Barb
|upkeep
|turn|3
|
|t:|1598603866
|move|p1a: Sentiments|Sludge Bomb|p2a: Clefable
|-supereffective|p2a: Clefable
|-damage|p2a: Clefable|30/100 brn
|move|p2a: Clefable|Trick|p1a: Sentiments
|-activate|p2a: Clefable|move: Trick|[of] p1a: Sentiments
|-item|p1a: Sentiments|Sticky Barb|[from] move: Trick
|-item|p2a: Clefable|Rocky Helmet|[from] move: Trick
|
|-damage|p2a: Clefable|24/100 brn|[from] brn
|-damage|p1a: Sentiments|84/100|[from] item: Sticky Barb
|upkeep
|turn|4
|
|t:|1598603875
|switch|p2a: Amoonguss|Amoonguss, M|100/100
|switch|p1a: Mortar|Rhyperior, M|100/100
|
|upkeep
|turn|5
|
|t:|1598603878
|switch|p1a: Temple|Ferrothorn, M|100/100
|move|p2a: Amoonguss|Giga Drain|p1a: Temple
|-resisted|p1a: Temple
|-damage|p1a: Temple|97/100
|
|-heal|p1a: Temple|100/100|[from] item: Leftovers
|upkeep
|turn|6
|
|t:|1598603881
|switch|p2a: Clefable|Clefable, M|24/100 brn
|move|p1a: Temple|Gyro Ball|p2a: Clefable
|-supereffective|p2a: Clefable
|-damage|p2a: Clefable|0 fnt
|-damage|p1a: Temple|84/100|[from] item: Rocky Helmet|[of] p2a: Clefable
|faint|p2a: Clefable
|
|-heal|p1a: Temple|90/100|[from] item: Leftovers
|upkeep
|-message|LT73IU Michy forfeited.
|
|win|relic stone
|l|☆LT73IU Michy
|raw|relic stone's rating: 1799 &rarr; <strong>1813</strong><br />(+14 for winning)
|raw|LT73IU Michy's rating: 1688 &rarr; <strong>1674</strong><br />(-14 for losing)
