|j|☆Elite4Donovan
|j|☆Yankiken
|t:|1658892590
|gametype|singles
|player|p1|Elite4Donovan|lucas|1694
|player|p2|Yankiken|cowgirl|1689
|teamsize|p1|6
|teamsize|p2|6
|gen|8
|tier|[Gen 8] OU
|rated|
|rule|Sleep Clause Mod: Limit one foe put to sleep
|rule|Species Clause: Limit one of each Pokémon
|rule|OHKO Clause: OHKO moves are banned
|rule|Evasion Moves Clause: Evasion moves are banned
|rule|Endless Battle Clause: Forcing endless battles is banned
|rule|HP Percentage Mod: HP is shown in percentages
|rule|Dynamax Clause: You cannot dynamax
|clearpoke
|poke|p1|Cursola, M|
|poke|p1|Rillaboom, F|
|poke|p1|Victini|
|poke|p1|Landorus-Therian, M|
|poke|p1|Tyranitar, F|
|poke|p1|Regieleki|
|poke|p2|Slowbro, M|
|poke|p2|Corviknight, F|
|poke|p2|Blissey, F|
|poke|p2|Toxapex, M|
|poke|p2|Clefable, M|
|poke|p2|Gastrodon, M|
|teampreview
|
|t:|1658892616
|start
|switch|p1a: Rillaboom|Rillaboom, F|100/100
|switch|p2a: Corviknight|Corviknight, F|100/100
|-fieldstart|move: Grassy Terrain|[from] ability: Grassy Surge|[of] p1a: Rillaboom
|-ability|p2a: Corviknight|Pressure
|turn|1
|
|t:|1658892619
|move|p1a: Rillaboom|Knock Off|p2a: Corviknight
|-damage|p2a: Corviknight|67/100
|-enditem|p2a: Corviknight|Leftovers|[from] move: Knock Off|[of] p1a: Rillaboom
|move|p2a: Corviknight|U-turn|p1a: Rillaboom
|-supereffective|p1a: Rillaboom
|-damage|p1a: Rillaboom|66/100
|
|t:|1658892623
|switch|p2a: Toxapex|Toxapex, M|100/100|[from]move: U-turn
|
|-heal|p1a: Rillaboom|73/100|[from] Grassy Terrain
|upkeep
|turn|2
|
|t:|1658892625
|switch|p1a: Cursola|Cursola, M|100/100
|move|p2a: Toxapex|Toxic Spikes|p1a: Cursola
|-sidestart|p1: Elite4Donovan|move: Toxic Spikes
|
|upkeep
|turn|3
|
|t:|1658892630
|switch|p1a: Regieleki|Regieleki|100/100
|move|p2a: Toxapex|Knock Off|p1a: Regieleki
|-damage|p1a: Regieleki|74/100
|-enditem|p1a: Regieleki|Heavy-Duty Boots|[from] move: Knock Off|[of] p2a: Toxapex
|
|-heal|p1a: Regieleki|80/100|[from] Grassy Terrain
|upkeep
|turn|4
|
|t:|1658892633
|switch|p2a: Gastrodon|Gastrodon, M|100/100
|move|p1a: Regieleki|Rapid Spin|p2a: Gastrodon
|-damage|p2a: Gastrodon|89/100
|-boost|p1a: Regieleki|spe|1
|-sideend|p1: Elite4Donovan|Toxic Spikes|[from] move: Rapid Spin|[of] p1a: Regieleki
|
|-heal|p1a: Regieleki|86/100|[from] Grassy Terrain
|-heal|p2a: Gastrodon|95/100|[from] Grassy Terrain
|-heal|p2a: Gastrodon|100/100|[from] item: Leftovers
|upkeep
|turn|5
|
|t:|1658892637
|switch|p1a: Rillaboom|Rillaboom, F|73/100
|move|p2a: Gastrodon|Scald|p1a: Rillaboom
|-resisted|p1a: Rillaboom
|-damage|p1a: Rillaboom|55/100
|
|-heal|p1a: Rillaboom|61/100|[from] Grassy Terrain
|-fieldend|move: Grassy Terrain
|upkeep
|turn|6
|
|t:|1658892665
|switch|p2a: Corviknight|Corviknight, F|67/100
|-ability|p2a: Corviknight|Pressure
|move|p1a: Rillaboom|U-turn|p2a: Corviknight
|-resisted|p2a: Corviknight
|-damage|p2a: Corviknight|60/100
|
|t:|1658892671
|switch|p1a: Victini|Victini|100/100|[from]move: U-turn
|
|upkeep
|turn|7
|
|t:|1658892676
|switch|p2a: Toxapex|Toxapex, M|100/100
|move|p1a: Victini|V-create|p2a: Toxapex
|-resisted|p2a: Toxapex
|-damage|p2a: Toxapex|77/100
|-unboost|p1a: Victini|spe|1
|-unboost|p1a: Victini|def|1
|-unboost|p1a: Victini|spd|1
|
|upkeep
|turn|8
|
|t:|1658892681
|switch|p1a: Regieleki|Regieleki|86/100
|move|p2a: Toxapex|Toxic Spikes|p1a: Regieleki
|-sidestart|p1: Elite4Donovan|move: Toxic Spikes
|
|upkeep
|turn|9
|
|t:|1658892684
|switch|p2a: Gastrodon|Gastrodon, M|100/100
|move|p1a: Regieleki|Rapid Spin|p2a: Gastrodon
|-damage|p2a: Gastrodon|88/100
|-boost|p1a: Regieleki|spe|1
|-sideend|p1: Elite4Donovan|Toxic Spikes|[from] move: Rapid Spin|[of] p1a: Regieleki
|
|-heal|p2a: Gastrodon|94/100|[from] item: Leftovers
|upkeep
|turn|10
|
|t:|1658892690
|switch|p1a: Cursola|Cursola, M|100/100
|move|p2a: Gastrodon|Toxic|p1a: Cursola
|-status|p1a: Cursola|tox
|
|-heal|p2a: Gastrodon|100/100|[from] item: Leftovers
|-damage|p1a: Cursola|94/100 tox|[from] psn
|upkeep
|turn|11
|
|t:|1658892698
|move|p1a: Cursola|Shadow Ball|p2a: Gastrodon
|-damage|p2a: Gastrodon|67/100
|move|p2a: Gastrodon|Scald|p1a: Cursola
|-crit|p1a: Cursola
|-damage|p1a: Cursola|53/100 tox
|
|-heal|p2a: Gastrodon|74/100|[from] item: Leftovers
|-damage|p1a: Cursola|41/100 tox|[from] psn
|upkeep
|turn|12
|
|t:|1658892704
|switch|p1a: Rillaboom|Rillaboom, F|61/100
|-fieldstart|move: Grassy Terrain|[from] ability: Grassy Surge|[of] p1a: Rillaboom
|move|p2a: Gastrodon|Recover|p2a: Gastrodon
|-heal|p2a: Gastrodon|100/100
|
|-heal|p1a: Rillaboom|68/100|[from] Grassy Terrain
|upkeep
|turn|13
|
|t:|1658892708
|switch|p2a: Toxapex|Toxapex, M|100/100
|move|p1a: Rillaboom|U-turn|p2a: Toxapex
|-resisted|p2a: Toxapex
|-damage|p2a: Toxapex|89/100
|
|t:|1658892716
|switch|p1a: Regieleki|Regieleki|86/100|[from]move: U-turn
|
|-heal|p1a: Regieleki|92/100|[from] Grassy Terrain
|-heal|p2a: Toxapex|96/100|[from] Grassy Terrain
|upkeep
|turn|14
|j| Elite Four Skin
|
|t:|1658892734
|switch|p1a: Tyranitar|Tyranitar, F|100/100
|-weather|Sandstorm|[from] ability: Sand Stream|[of] p1a: Tyranitar
|switch|p2a: Gastrodon|Gastrodon, M|100/100
|
|-weather|Sandstorm|[upkeep]
|upkeep
|turn|15
|
|t:|1658892741
|switch|p2a: Corviknight|Corviknight, F|60/100
|-ability|p2a: Corviknight|Pressure
|move|p1a: Tyranitar|Crunch|p2a: Corviknight
|-damage|p2a: Corviknight|19/100
|
|-weather|Sandstorm|[upkeep]
|upkeep
|turn|16
|j| BabyPigsAreLaughin
|
|t:|1658892745
|switch|p2a: Clefable|Clefable, M|100/100
|move|p1a: Tyranitar|Crunch|p2a: Clefable
|-resisted|p2a: Clefable
|-damage|p2a: Clefable|72/100
|
|-weather|Sandstorm|[upkeep]
|-damage|p2a: Clefable|65/100|[from] Sandstorm
|-heal|p2a: Clefable|72/100|[from] Grassy Terrain
|-heal|p2a: Clefable|78/100|[from] item: Leftovers
|-fieldend|move: Grassy Terrain
|upkeep
|turn|17
|
|t:|1658892754
|switch|p1a: Cursola|Cursola, M|41/100 tox
|move|p2a: Clefable|Calm Mind|p2a: Clefable
|-boost|p2a: Clefable|spa|1
|-boost|p2a: Clefable|spd|1
|
|-weather|Sandstorm|[upkeep]
|-damage|p1a: Cursola|34/100 tox|[from] Sandstorm
|-damage|p2a: Clefable|72/100|[from] Sandstorm
|-heal|p2a: Clefable|78/100|[from] item: Leftovers
|-damage|p1a: Cursola|28/100 tox|[from] psn
|upkeep
|turn|18
|
|t:|1658892758
|move|p1a: Cursola|Shadow Ball|p2a: Clefable
|-damage|p2a: Clefable|45/100
|move|p2a: Clefable|Moonblast|p1a: Cursola
|-damage|p1a: Cursola|0 fnt
|faint|p1a: Cursola
|
|-weather|none
|-heal|p2a: Clefable|51/100|[from] item: Leftovers
|upkeep
|
|t:|1658892761
|switch|p1a: Rillaboom|Rillaboom, F|68/100
|-fieldstart|move: Grassy Terrain|[from] ability: Grassy Surge|[of] p1a: Rillaboom
|turn|19
|
|t:|1658892764
|switch|p2a: Slowbro|Slowbro, M|100/100
|move|p1a: Rillaboom|Wood Hammer|p2a: Slowbro
|-supereffective|p2a: Slowbro
|-damage|p2a: Slowbro|0 fnt
|-damage|p1a: Rillaboom|51/100|[from] item: Rocky Helmet|[of] p2a: Slowbro
|faint|p2a: Slowbro
|-damage|p1a: Rillaboom|13/100|[from] Recoil
|
|-heal|p1a: Rillaboom|19/100|[from] Grassy Terrain
|upkeep
|
|t:|1658892768
|switch|p2a: Corviknight|Corviknight, F|19/100
|-ability|p2a: Corviknight|Pressure
|turn|20
|
|t:|1658892771
|move|p1a: Rillaboom|Wood Hammer|p2a: Corviknight
|-resisted|p2a: Corviknight
|-damage|p2a: Corviknight|0 fnt
|faint|p2a: Corviknight
|-damage|p1a: Rillaboom|12/100|[from] Recoil
|
|-heal|p1a: Rillaboom|18/100|[from] Grassy Terrain
|upkeep
|
|t:|1658892778
|switch|p2a: Toxapex|Toxapex, M|100/100
|turn|21
|
|t:|1658892784
|switch|p1a: Regieleki|Regieleki|92/100
|move|p2a: Toxapex|Toxic Spikes|p1a: Regieleki
|-sidestart|p1: Elite4Donovan|move: Toxic Spikes
|
|-heal|p1a: Regieleki|98/100|[from] Grassy Terrain
|upkeep
|turn|22
|
|t:|1658892790
|move|p1a: Regieleki|Rapid Spin|p2a: Toxapex
|-damage|p2a: Toxapex|95/100
|-boost|p1a: Regieleki|spe|1
|-sideend|p1: Elite4Donovan|Toxic Spikes|[from] move: Rapid Spin|[of] p1a: Regieleki
|move|p2a: Toxapex|Toxic Spikes|p1a: Regieleki
|-sidestart|p1: Elite4Donovan|move: Toxic Spikes
|
|-heal|p1a: Regieleki|100/100|[from] Grassy Terrain
|-heal|p2a: Toxapex|100/100|[from] Grassy Terrain
|upkeep
|turn|23
|
|t:|1658892793
|switch|p2a: Gastrodon|Gastrodon, M|100/100
|move|p1a: Regieleki|Rapid Spin|p2a: Gastrodon
|-damage|p2a: Gastrodon|89/100
|-boost|p1a: Regieleki|spe|1
|-sideend|p1: Elite4Donovan|Toxic Spikes|[from] move: Rapid Spin|[of] p1a: Regieleki
|
|-heal|p2a: Gastrodon|95/100|[from] Grassy Terrain
|-heal|p2a: Gastrodon|100/100|[from] item: Leftovers
|-fieldend|move: Grassy Terrain
|upkeep
|turn|24
|
|t:|1658892808
|switch|p1a: Victini|Victini|100/100
|move|p2a: Gastrodon|Scald|p1a: Victini
|-supereffective|p1a: Victini
|-damage|p1a: Victini|51/100
|
|upkeep
|turn|25
|
|t:|1658892812
|switch|p2a: Toxapex|Toxapex, M|100/100
|move|p1a: Victini|V-create|p2a: Toxapex
|-resisted|p2a: Toxapex
|-damage|p2a: Toxapex|75/100
|-unboost|p1a: Victini|spe|1
|-unboost|p1a: Victini|def|1
|-unboost|p1a: Victini|spd|1
|
|upkeep
|turn|26
|
|t:|1658892817
|switch|p1a: Regieleki|Regieleki|100/100
|move|p2a: Toxapex|Toxic Spikes|p1a: Regieleki
|-sidestart|p1: Elite4Donovan|move: Toxic Spikes
|
|upkeep
|turn|27
|
|t:|1658892819
|switch|p2a: Gastrodon|Gastrodon, M|100/100
|move|p1a: Regieleki|Rapid Spin|p2a: Gastrodon
|-damage|p2a: Gastrodon|89/100
|-boost|p1a: Regieleki|spe|1
|-sideend|p1: Elite4Donovan|Toxic Spikes|[from] move: Rapid Spin|[of] p1a: Regieleki
|
|-heal|p2a: Gastrodon|95/100|[from] item: Leftovers
|upkeep
|turn|28
|
|t:|1658892823
|switch|p1a: Landorus|Landorus-Therian, M|100/100
|-ability|p1a: Landorus|Intimidate|boost
|-unboost|p2a: Gastrodon|atk|1
|move|p2a: Gastrodon|Scald|p1a: Landorus
|-supereffective|p1a: Landorus
|-damage|p1a: Landorus|57/100
|
|-heal|p1a: Landorus|63/100|[from] item: Leftovers
|-heal|p2a: Gastrodon|100/100|[from] item: Leftovers
|upkeep
|turn|29
|
|t:|1658892828
|move|p1a: Landorus|Toxic|p2a: Gastrodon
|-status|p2a: Gastrodon|tox
|move|p2a: Gastrodon|Scald|p1a: Landorus
|-supereffective|p1a: Landorus
|-crit|p1a: Landorus
|-damage|p1a: Landorus|5/100
|
|-heal|p1a: Landorus|11/100|[from] item: Leftovers
|-damage|p2a: Gastrodon|94/100 tox|[from] psn
|upkeep
|turn|30
|
|t:|1658892831
|switch|p2a: Blissey|Blissey, F|100/100
|move|p1a: Landorus|U-turn|p2a: Blissey
|-damage|p2a: Blissey|80/100
|
|t:|1658892833
|switch|p1a: Rillaboom|Rillaboom, F|18/100|[from]move: U-turn
|-fieldstart|move: Grassy Terrain|[from] ability: Grassy Surge|[of] p1a: Rillaboom
|
|-heal|p1a: Rillaboom|25/100|[from] Grassy Terrain
|-heal|p2a: Blissey|87/100|[from] Grassy Terrain
|upkeep
|turn|31
|
|t:|1658892838
|switch|p2a: Toxapex|Toxapex, M|100/100
|move|p1a: Rillaboom|U-turn|p2a: Toxapex
|-resisted|p2a: Toxapex
|-damage|p2a: Toxapex|88/100
|
|t:|1658892842
|switch|p1a: Regieleki|Regieleki|100/100|[from]move: U-turn
|
|-heal|p2a: Toxapex|95/100|[from] Grassy Terrain
|upkeep
|turn|32
|
|t:|1658892847
|switch|p1a: Rillaboom|Rillaboom, F|25/100
|switch|p2a: Blissey|Blissey, F|87/100
|
|-heal|p1a: Rillaboom|31/100|[from] Grassy Terrain
|-heal|p2a: Blissey|93/100|[from] Grassy Terrain
|upkeep
|turn|33
|
|t:|1658892854
|switch|p2a: Toxapex|Toxapex, M|100/100
|move|p1a: Rillaboom|Grassy Glide|p2a: Toxapex
|-damage|p2a: Toxapex|56/100
|
|-heal|p1a: Rillaboom|37/100|[from] Grassy Terrain
|-heal|p2a: Toxapex|62/100|[from] Grassy Terrain
|upkeep
|turn|34
|
|t:|1658892860
|switch|p1a: Regieleki|Regieleki|100/100
|move|p2a: Toxapex|Toxic Spikes|p1a: Regieleki
|-sidestart|p1: Elite4Donovan|move: Toxic Spikes
|
|-heal|p2a: Toxapex|68/100|[from] Grassy Terrain
|-fieldend|move: Grassy Terrain
|upkeep
|turn|35
|
|t:|1658892863
|switch|p2a: Blissey|Blissey, F|93/100
|move|p1a: Regieleki|Rapid Spin|p2a: Blissey
|-damage|p2a: Blissey|84/100
|-boost|p1a: Regieleki|spe|1
|-sideend|p1: Elite4Donovan|Toxic Spikes|[from] move: Rapid Spin|[of] p1a: Regieleki
|
|upkeep
|turn|36
|
|t:|1658892865
|move|p1a: Regieleki|Electro Ball|p2a: Blissey
|-damage|p2a: Blissey|46/100
|move|p2a: Blissey|Heal Bell|p2a: Blissey
|-activate|p2a: Blissey|move: Heal Bell
|-curestatus|p2: Gastrodon|tox|[msg]
|
|upkeep
|turn|37
|
|t:|1658892871
|move|p1a: Regieleki|Rapid Spin|p2a: Blissey
|-damage|p2a: Blissey|37/100
|-boost|p1a: Regieleki|spe|1
|move|p2a: Blissey|Soft-Boiled|p2a: Blissey
|-heal|p2a: Blissey|87/100
|
|upkeep
|turn|38
|
|t:|1658892881
|switch|p1a: Rillaboom|Rillaboom, F|37/100
|-fieldstart|move: Grassy Terrain|[from] ability: Grassy Surge|[of] p1a: Rillaboom
|move|p2a: Blissey|Toxic|p1a: Rillaboom
|-status|p1a: Rillaboom|tox
|
|-heal|p1a: Rillaboom|43/100 tox|[from] Grassy Terrain
|-heal|p2a: Blissey|93/100|[from] Grassy Terrain
|-damage|p1a: Rillaboom|37/100 tox|[from] psn
|upkeep
|turn|39
|c| Elite Four Skin|bro really brought stall
|
|t:|1658892885
|switch|p2a: Toxapex|Toxapex, M|100/100
|move|p1a: Rillaboom|U-turn|p2a: Toxapex
|-resisted|p2a: Toxapex
|-damage|p2a: Toxapex|88/100
|
|t:|1658892893
|switch|p1a: Regieleki|Regieleki|100/100|[from]move: U-turn
|
|-heal|p2a: Toxapex|94/100|[from] Grassy Terrain
|upkeep
|turn|40
|c| Elite Four Skin|whip his ass
|
|t:|1658892912
|switch|p1a: Tyranitar|Tyranitar, F|100/100
|-weather|Sandstorm|[from] ability: Sand Stream|[of] p1a: Tyranitar
|switch|p2a: Gastrodon|Gastrodon, M|94/100
|
|-weather|Sandstorm|[upkeep]
|-heal|p2a: Gastrodon|100/100|[from] Grassy Terrain
|upkeep
|turn|41
|
|t:|1658892916
|move|p1a: Tyranitar|Crunch|p2a: Gastrodon
|-damage|p2a: Gastrodon|25/100
|move|p2a: Gastrodon|Scald|p1a: Tyranitar
|-supereffective|p1a: Tyranitar
|-damage|p1a: Tyranitar|67/100
|
|-weather|Sandstorm|[upkeep]
|-heal|p1a: Tyranitar|73/100|[from] Grassy Terrain
|-heal|p2a: Gastrodon|31/100|[from] Grassy Terrain
|-heal|p2a: Gastrodon|37/100|[from] item: Leftovers
|upkeep
|turn|42
|
|t:|1658892920
|move|p1a: Tyranitar|Crunch|p2a: Gastrodon
|-damage|p2a: Gastrodon|0 fnt
|faint|p2a: Gastrodon
|
|-weather|Sandstorm|[upkeep]
|-heal|p1a: Tyranitar|79/100|[from] Grassy Terrain
|-fieldend|move: Grassy Terrain
|upkeep
|
|t:|1658892922
|switch|p2a: Clefable|Clefable, M|51/100
|turn|43
|j| Don Grippa
|
|t:|1658892925
|move|p1a: Tyranitar|Crunch|p2a: Clefable
|-resisted|p2a: Clefable
|-damage|p2a: Clefable|27/100
|move|p2a: Clefable|Soft-Boiled|p2a: Clefable
|-heal|p2a: Clefable|77/100
|
|-weather|Sandstorm|[upkeep]
|-damage|p2a: Clefable|71/100|[from] Sandstorm
|-heal|p2a: Clefable|77/100|[from] item: Leftovers
|upkeep
|turn|44
|
|t:|1658892927
|switch|p1a: Landorus|Landorus-Therian, M|11/100
|-ability|p1a: Landorus|Intimidate|boost
|-unboost|p2a: Clefable|atk|1
|move|p2a: Clefable|Soft-Boiled|p2a: Clefable
|-heal|p2a: Clefable|100/100
|
|-weather|none
|-heal|p1a: Landorus|18/100|[from] item: Leftovers
|upkeep
|turn|45
|
|t:|1658892933
|move|p1a: Landorus|Toxic|p2a: Clefable
|-status|p2a: Clefable|tox
|move|p2a: Clefable|Moonblast|p1a: Landorus
|-damage|p1a: Landorus|0 fnt
|faint|p1a: Landorus
|
|-damage|p2a: Clefable|94/100 tox|[from] psn
|upkeep
|
|t:|1658892938
|switch|p1a: Regieleki|Regieleki|100/100
|turn|46
|
|t:|1658892943
|switch|p2a: Blissey|Blissey, F|93/100
|move|p1a: Regieleki|Electro Ball|p2a: Blissey
|-damage|p2a: Blissey|66/100
|
|upkeep
|turn|47
|
|t:|1658892947
|move|p1a: Regieleki|Volt Switch|p2a: Blissey
|-damage|p2a: Blissey|48/100
|
|t:|1658892949
|switch|p1a: Victini|Victini|51/100|[from]move: Volt Switch
|move|p2a: Blissey|Heal Bell|p2a: Blissey
|-activate|p2a: Blissey|move: Heal Bell
|-curestatus|p2: Clefable|tox|[msg]
|
|upkeep
|turn|48
|
|t:|1658892953
|switch|p2a: Toxapex|Toxapex, M|100/100
|move|p1a: Victini|U-turn|p2a: Toxapex
|-resisted|p2a: Toxapex
|-damage|p2a: Toxapex|94/100
|
|t:|1658892955
|switch|p1a: Regieleki|Regieleki|100/100|[from]move: U-turn
|
|upkeep
|turn|49
|
|t:|1658892960
|move|p1a: Regieleki|Volt Switch|p2a: Toxapex
|-supereffective|p2a: Toxapex
|-damage|p2a: Toxapex|12/100
|
|t:|1658892963
|switch|p1a: Victini|Victini|51/100|[from]move: Volt Switch
|move|p2a: Toxapex|Toxic Spikes|p1a: Victini
|-sidestart|p1: Elite4Donovan|move: Toxic Spikes
|
|upkeep
|turn|50
|
|t:|1658892967
|move|p1a: Victini|U-turn|p2a: Toxapex
|-resisted|p2a: Toxapex
|-damage|p2a: Toxapex|6/100
|
|t:|1658892969
|switch|p1a: Regieleki|Regieleki|100/100|[from]move: U-turn
|-status|p1a: Regieleki|psn
|move|p2a: Toxapex|Recover|p2a: Toxapex
|-heal|p2a: Toxapex|56/100
|
|-damage|p1a: Regieleki|88/100 psn|[from] psn
|upkeep
|turn|51
|
|t:|1658892973
|switch|p2a: Blissey|Blissey, F|48/100
|move|p1a: Regieleki|Volt Switch|p2a: Blissey
|-damage|p2a: Blissey|31/100
|
|t:|1658892981
|switch|p1a: Victini|Victini|51/100|[from]move: Volt Switch
|
|upkeep
|turn|52
|
|t:|1658892985
|move|p1a: Victini|V-create|p2a: Blissey
|-damage|p2a: Blissey|0 fnt
|-unboost|p1a: Victini|spe|1
|-unboost|p1a: Victini|def|1
|-unboost|p1a: Victini|spd|1
|faint|p2a: Blissey
|
|upkeep
|
|t:|1658892989
|switch|p2a: Clefable|Clefable, M|94/100
|turn|53
|
|t:|1658892990
|move|p1a: Victini|V-create|p2a: Clefable
|-damage|p2a: Clefable|36/100
|-unboost|p1a: Victini|spe|1
|-unboost|p1a: Victini|def|1
|-unboost|p1a: Victini|spd|1
|move|p2a: Clefable|Calm Mind|p2a: Clefable
|-boost|p2a: Clefable|spa|1
|-boost|p2a: Clefable|spd|1
|
|-heal|p2a: Clefable|42/100|[from] item: Leftovers
|upkeep
|turn|54
|
|t:|1658892995
|move|p1a: Victini|V-create|p2a: Clefable
|-damage|p2a: Clefable|0 fnt
|-unboost|p1a: Victini|spe|1
|-unboost|p1a: Victini|def|1
|-unboost|p1a: Victini|spd|1
|faint|p2a: Clefable
|
|upkeep
|-message|Yankiken forfeited.
|
|win|Elite4Donovan
|raw|Elite4Donovan's rating: 1694 &rarr; <strong>1714</strong><br />(+20 for winning)
|raw|Yankiken's rating: 1689 &rarr; <strong>1669</strong><br />(-20 for losing)
|c| Elite Four Skin|nice
|l|☆Yankiken
|c|☆Elite4Donovan|gg
|c| Elite Four Skin|good guys win
|l| Don Grippa
|l| Elite Four Skin
||Ladder isn't responding, score probably updated but might not have (Request timeout).
