|j|☆samohi0
|j|☆minimax_ai
|t:|1662225854
|gametype|singles
|player|p1|samohi0|102|1593
|player|p2|minimax_ai|lusamine-nihilego|1618
|teamsize|p1|6
|teamsize|p2|6
|gen|8
|tier|[Gen 8] OU
|rated|
|rule|Sleep Clause Mod: Limit one foe put to sleep
|rule|Species Clause: Limit one of each Pokémon
|rule|OHKO Clause: OHKO moves are banned
|rule|Evasion Items Clause: Evasion items are banned
|rule|Evasion Moves Clause: Evasion moves are banned
|rule|Endless Battle Clause: Forcing endless battles is banned
|rule|HP Percentage Mod: HP is shown in percentages
|rule|Dynamax Clause: You cannot dynamax
|clearpoke
|poke|p1|Tapu Koko|
|poke|p1|Zapdos|
|poke|p1|Raichu-Alola, F|
|poke|p1|Garchomp, F|
|poke|p1|Corviknight, M|
|poke|p1|Tapu Fini|
|poke|p2|Rotom-Wash|
|poke|p2|Weavile, F|
|poke|p2|Landorus-Therian, M|
|poke|p2|Heatran, M|
|poke|p2|Tangrowth, F|
|poke|p2|Melmetal|
|teampreview
|
|t:|1662225857
|start
|switch|p1a: Tapu Koko|Tapu Koko|100/100
|switch|p2a: Melmetal|Melmetal|100/100
|-fieldstart|move: Electric Terrain|[from] ability: Electric Surge|[of] p1a: Tapu Koko
|turn|1
|c|☆minimax_ai|hf
|inactive|Battle timer is ON: inactive players will automatically lose when time's up. (requested by minimax_ai)
|
|t:|1662225861
|move|p1a: Tapu Koko|Nature's Madness|p2a: Melmetal
|-damage|p2a: Melmetal|51/100
|move|p2a: Melmetal|Thunder Punch|p1a: Tapu Koko
|-resisted|p1a: Tapu Koko
|-damage|p1a: Tapu Koko|72/100
|
|upkeep
|turn|2
|
|t:|1662225865
|move|p1a: Tapu Koko|Volt Switch|p2a: Melmetal
|-damage|p2a: Melmetal|31/100
|
|t:|1662225868
|switch|p1a: Corviknight|Corviknight, M|100/100|[from]move: Volt Switch
|-ability|p1a: Corviknight|Pressure
|move|p2a: Melmetal|Ice Punch|p1a: Corviknight
|-damage|p1a: Corviknight|82/100
|-damage|p2a: Melmetal|14/100|[from] item: Rocky Helmet|[of] p1a: Corviknight
|
|upkeep
|turn|3
|
|t:|1662225873
|switch|p2a: Tangrowth|Tangrowth, F|100/100
|move|p1a: Corviknight|U-turn|p2a: Tangrowth
|-supereffective|p2a: Tangrowth
|-damage|p2a: Tangrowth|84/100
|-damage|p1a: Corviknight|65/100|[from] item: Rocky Helmet|[of] p2a: Tangrowth
|
|t:|1662225876
|switch|p1a: Zapdos|Zapdos|100/100|[from]move: U-turn
|
|upkeep
|turn|4
|
|t:|1662225879
|switch|p2a: landorustherian|Landorus-Therian, M|100/100
|-ability|p2a: landorustherian|Intimidate|boost
|-unboost|p1a: Zapdos|atk|1
|move|p1a: Zapdos|Substitute|p1a: Zapdos
|-start|p1a: Zapdos|Substitute
|-damage|p1a: Zapdos|76/100
|
|upkeep
|turn|5
|
|t:|1662225881
|switch|p2a: rotomwash|Rotom-Wash|100/100
|move|p1a: Zapdos|Hurricane|p2a: rotomwash
|-resisted|p2a: rotomwash
|-damage|p2a: rotomwash|70/100
|-start|p2a: rotomwash|confusion
|
|-heal|p2a: rotomwash|76/100|[from] item: Leftovers
|upkeep
|turn|6
|
|t:|1662225885
|-activate|p2a: rotomwash|confusion
|move|p2a: rotomwash|Nasty Plot|p2a: rotomwash
|-boost|p2a: rotomwash|spa|2
|move|p1a: Zapdos|Rising Voltage|p2a: rotomwash
|-damage|p2a: rotomwash|37/100
|
|-heal|p2a: rotomwash|44/100|[from] item: Leftovers
|upkeep
|turn|7
|
|t:|1662225888
|switch|p2a: landorustherian|Landorus-Therian, M|100/100
|-ability|p2a: landorustherian|Intimidate|boost
|-immune|p1a: Zapdos
|move|p1a: Zapdos|Rising Voltage|p2a: landorustherian
|-immune|p2a: landorustherian
|
|upkeep
|turn|8
|
|t:|1662225890
|move|p1a: Zapdos|Hurricane|p2a: landorustherian
|-crit|p2a: landorustherian
|-damage|p2a: landorustherian|29/100
|move|p2a: landorustherian|Defog||[still]
|-fieldend|move: Electric Terrain
|-fail|p2a: landorustherian
|
|-heal|p2a: landorustherian|35/100|[from] item: Leftovers
|upkeep
|turn|9
|
|t:|1662225894
|switch|p2a: Heatran|Heatran, M|100/100
|-item|p2a: Heatran|Air Balloon
|move|p1a: Zapdos|Hurricane|p2a: Heatran
|-resisted|p2a: Heatran
|-damage|p2a: Heatran|70/100
|-enditem|p2a: Heatran|Air Balloon
|
|upkeep
|turn|10
|
|t:|1662225898
|move|p2a: Heatran|Stealth Rock|p1a: Zapdos
|-sidestart|p1: samohi0|move: Stealth Rock
|move|p1a: Zapdos|Rising Voltage|p2a: Heatran
|-damage|p2a: Heatran|28/100
|
|upkeep
|turn|11
|
|t:|1662225902
|switch|p2a: landorustherian|Landorus-Therian, M|35/100
|-ability|p2a: landorustherian|Intimidate|boost
|-immune|p1a: Zapdos
|move|p1a: Zapdos|Rising Voltage|p2a: landorustherian
|-immune|p2a: landorustherian
|
|-heal|p2a: landorustherian|41/100|[from] item: Leftovers
|upkeep
|turn|12
|
|t:|1662225903
|switch|p2a: rotomwash|Rotom-Wash|44/100
|move|p1a: Zapdos|Hurricane|p2a: rotomwash
|-resisted|p2a: rotomwash
|-damage|p2a: rotomwash|13/100
|-start|p2a: rotomwash|confusion
|
|-heal|p2a: rotomwash|19/100|[from] item: Leftovers
|upkeep
|turn|13
|
|t:|1662225907
|switch|p2a: landorustherian|Landorus-Therian, M|41/100
|-ability|p2a: landorustherian|Intimidate|boost
|-immune|p1a: Zapdos
|move|p1a: Zapdos|Rising Voltage|p2a: landorustherian
|-immune|p2a: landorustherian
|
|-heal|p2a: landorustherian|47/100|[from] item: Leftovers
|upkeep
|turn|14
|
|t:|1662225908
|move|p1a: Zapdos|Hurricane|p2a: landorustherian
|-damage|p2a: landorustherian|0 fnt
|faint|p2a: landorustherian
|
|upkeep
|
|t:|1662225908
|switch|p2a: Weavile|Weavile, F|100/100
|-ability|p2a: Weavile|Pressure
|turn|15
|
|t:|1662225913
|switch|p1a: Corviknight|Corviknight, M|65/100
|-damage|p1a: Corviknight|53/100|[from] Stealth Rock
|-ability|p1a: Corviknight|Pressure
|move|p2a: Weavile|Ice Shard|p1a: Corviknight
|-damage|p1a: Corviknight|34/100
|
|upkeep
|turn|16
|
|t:|1662225917
|switch|p2a: rotomwash|Rotom-Wash|19/100
|move|p1a: Corviknight|Roost|p1a: Corviknight
|-heal|p1a: Corviknight|84/100
|-singleturn|p1a: Corviknight|move: Roost
|
|-heal|p2a: rotomwash|25/100|[from] item: Leftovers
|upkeep
|turn|17
|
|t:|1662225920
|switch|p1a: Tapu Koko|Tapu Koko|72/100
|-damage|p1a: Tapu Koko|59/100|[from] Stealth Rock
|-fieldstart|move: Electric Terrain|[from] ability: Electric Surge|[of] p1a: Tapu Koko
|move|p2a: rotomwash|Pain Split|p1a: Tapu Koko
|-sethp|p1a: Tapu Koko|42/100|[from] move: Pain Split|[silent]
|-sethp|p2a: rotomwash|43/100|[from] move: Pain Split
|
|-heal|p2a: rotomwash|49/100|[from] item: Leftovers
|upkeep
|turn|18
|
|t:|1662225922
|move|p1a: Tapu Koko|Volt Switch|p2a: rotomwash
|-damage|p2a: rotomwash|9/100
|
|t:|1662225924
|switch|p1a: Garchomp|Garchomp, F|100/100|[from]move: Volt Switch
|-damage|p1a: Garchomp|94/100|[from] Stealth Rock
|move|p2a: rotomwash|Pain Split|p1a: Garchomp
|-sethp|p1a: Garchomp|50/100|[from] move: Pain Split|[silent]
|-sethp|p2a: rotomwash|70/100|[from] move: Pain Split
|
|-heal|p2a: rotomwash|76/100|[from] item: Leftovers
|-heal|p1a: Garchomp|57/100|[from] item: Leftovers
|upkeep
|turn|19
|
|t:|1662225928
|switch|p2a: Tangrowth|Tangrowth, F|100/100
|move|p1a: Garchomp|Toxic|p2a: Tangrowth
|-status|p2a: Tangrowth|tox
|
|-heal|p1a: Garchomp|63/100|[from] item: Leftovers
|-damage|p2a: Tangrowth|94/100 tox|[from] psn
|upkeep
|turn|20
|
|t:|1662225931
|switch|p2a: rotomwash|Rotom-Wash|76/100
|move|p1a: Garchomp|Protect||[still]
|-fail|p1a: Garchomp
|
|-heal|p2a: rotomwash|82/100|[from] item: Leftovers
|-heal|p1a: Garchomp|69/100|[from] item: Leftovers
|upkeep
|turn|21
|
|t:|1662225933
|move|p2a: rotomwash|Hydro Pump|p1a: Garchomp|[miss]
|-miss|p2a: rotomwash|p1a: Garchomp
|move|p1a: Garchomp|Stealth Rock|p2a: rotomwash
|-sidestart|p2: minimax_ai|move: Stealth Rock
|
|-heal|p2a: rotomwash|88/100|[from] item: Leftovers
|-heal|p1a: Garchomp|75/100|[from] item: Leftovers
|upkeep
|turn|22
|
|t:|1662225934
|move|p2a: rotomwash|Nasty Plot|p2a: rotomwash
|-boost|p2a: rotomwash|spa|2
|move|p1a: Garchomp|Toxic|p2a: rotomwash
|-status|p2a: rotomwash|tox
|
|-heal|p2a: rotomwash|95/100 tox|[from] item: Leftovers
|-heal|p1a: Garchomp|81/100|[from] item: Leftovers
|-damage|p2a: rotomwash|88/100 tox|[from] psn
|upkeep
|turn|23
|
|t:|1662225940
|move|p1a: Garchomp|Protect|p1a: Garchomp
|-singleturn|p1a: Garchomp|Protect
|move|p2a: rotomwash|Hydro Pump|p1a: Garchomp
|-activate|p1a: Garchomp|move: Protect
|
|-heal|p2a: rotomwash|95/100 tox|[from] item: Leftovers
|-heal|p1a: Garchomp|88/100|[from] item: Leftovers
|-damage|p2a: rotomwash|82/100 tox|[from] psn
|upkeep
|turn|24
|
|t:|1662225945
|switch|p1a: Tapu Fini|Tapu Fini|100/100
|-damage|p1a: Tapu Fini|88/100|[from] Stealth Rock
|-fieldstart|move: Misty Terrain|[from] ability: Misty Surge|[of] p1a: Tapu Fini
|move|p2a: rotomwash|Hydro Pump|p1a: Tapu Fini
|-resisted|p1a: Tapu Fini
|-damage|p1a: Tapu Fini|57/100
|
|-heal|p2a: rotomwash|88/100 tox|[from] item: Leftovers
|-heal|p1a: Tapu Fini|64/100|[from] item: Leftovers
|-damage|p2a: rotomwash|70/100 tox|[from] psn
|upkeep
|turn|25
|
|t:|1662225948
|switch|p1a: Garchomp|Garchomp, F|88/100
|-damage|p1a: Garchomp|81/100|[from] Stealth Rock
|move|p2a: rotomwash|Thunderbolt|p1a: Garchomp
|-immune|p1a: Garchomp
|
|-heal|p2a: rotomwash|76/100 tox|[from] item: Leftovers
|-heal|p1a: Garchomp|88/100|[from] item: Leftovers
|-damage|p2a: rotomwash|51/100 tox|[from] psn
|upkeep
|turn|26
|
|t:|1662225951
|move|p1a: Garchomp|Protect|p1a: Garchomp
|-singleturn|p1a: Garchomp|Protect
|move|p2a: rotomwash|Hydro Pump|p1a: Garchomp
|-activate|p1a: Garchomp|move: Protect
|
|-heal|p2a: rotomwash|57/100 tox|[from] item: Leftovers
|-heal|p1a: Garchomp|94/100|[from] item: Leftovers
|-damage|p2a: rotomwash|26/100 tox|[from] psn
|upkeep
|turn|27
|
|t:|1662225962
|switch|p1a: Tapu Koko|Tapu Koko|42/100
|-damage|p1a: Tapu Koko|30/100|[from] Stealth Rock
|-fieldstart|move: Electric Terrain|[from] ability: Electric Surge|[of] p1a: Tapu Koko
|move|p2a: rotomwash|Hydro Pump|p1a: Tapu Koko
|-damage|p1a: Tapu Koko|0 fnt
|faint|p1a: Tapu Koko
|
|-heal|p2a: rotomwash|32/100 tox|[from] item: Leftovers
|-damage|p2a: rotomwash|0 fnt|[from] psn
|faint|p2a: rotomwash
|upkeep
|
|t:|1662225966
|switch|p1a: Raichu|Raichu-Alola, F|100/100
|switch|p2a: Tangrowth|Tangrowth, F|100/100 tox
|-damage|p1a: Raichu|88/100|[from] Stealth Rock
|-damage|p2a: Tangrowth|88/100 tox|[from] Stealth Rock
|turn|28
|
|t:|1662225969
|switch|p2a: Melmetal|Melmetal|14/100
|-damage|p2a: Melmetal|8/100|[from] Stealth Rock
|move|p1a: Raichu|Rising Voltage|p2a: Melmetal
|-hint|Rising Voltage's BP doubled on grounded target.
|-damage|p2a: Melmetal|0 fnt
|faint|p2a: Melmetal
|-damage|p1a: Raichu|78/100|[from] item: Life Orb
|
|upkeep
|
|t:|1662225969
|switch|p2a: Tangrowth|Tangrowth, F|100/100 tox
|-damage|p2a: Tangrowth|88/100 tox|[from] Stealth Rock
|turn|29
|
|t:|1662225974
|move|p1a: Raichu|Rising Voltage|p2a: Tangrowth
|-hint|Rising Voltage's BP doubled on grounded target.
|-resisted|p2a: Tangrowth
|-damage|p2a: Tangrowth|6/100 tox
|-damage|p1a: Raichu|68/100|[from] item: Life Orb
|move|p2a: Tangrowth|Knock Off|p1a: Raichu
|-supereffective|p1a: Raichu
|-damage|p1a: Raichu|0 fnt
|-enditem|p1a: Raichu|Life Orb|[from] move: Knock Off|[of] p2a: Tangrowth
|faint|p1a: Raichu
|
|-damage|p2a: Tangrowth|0 fnt|[from] psn
|faint|p2a: Tangrowth
|upkeep
|
|t:|1662225978
|switch|p1a: Zapdos|Zapdos|76/100
|switch|p2a: Heatran|Heatran, M|28/100
|-damage|p2a: Heatran|16/100|[from] Stealth Rock
|turn|30
|
|t:|1662225980
|move|p2a: Heatran|Magma Storm|p1a: Zapdos
|-damage|p1a: Zapdos|21/100
|-activate|p1a: Zapdos|move: Magma Storm|[of] p2a: Heatran
|move|p1a: Zapdos|Hurricane|p2a: Heatran|[miss]
|-miss|p1a: Zapdos|p2a: Heatran
|
|-damage|p1a: Zapdos|9/100|[from] move: Magma Storm|[partiallytrapped]
|upkeep
|turn|31
|
|t:|1662225983
|move|p2a: Heatran|Magma Storm|p1a: Zapdos
|-damage|p1a: Zapdos|0 fnt
|faint|p1a: Zapdos
|
|upkeep
|
|t:|1662225987
|switch|p1a: Garchomp|Garchomp, F|94/100
|-damage|p1a: Garchomp|88/100|[from] Stealth Rock
|turn|32
|
|t:|1662225988
|move|p2a: Heatran|Earth Power|p1a: Garchomp
|-damage|p1a: Garchomp|68/100
|move|p1a: Garchomp|Earthquake|p2a: Heatran
|-supereffective|p2a: Heatran
|-damage|p2a: Heatran|0 fnt
|faint|p2a: Heatran
|
|-heal|p1a: Garchomp|75/100|[from] item: Leftovers
|upkeep
|
|t:|1662225988
|switch|p2a: Weavile|Weavile, F|100/100
|-damage|p2a: Weavile|76/100|[from] Stealth Rock
|-ability|p2a: Weavile|Pressure
|turn|33
|
|t:|1662225996
|move|p2a: Weavile|Triple Axel|p1a: Garchomp
|-supereffective|p1a: Garchomp
|-damage|p1a: Garchomp|25/100
|-damage|p2a: Weavile|63/100|[from] ability: Rough Skin|[of] p1a: Garchomp
|-supereffective|p1a: Garchomp
|-damage|p1a: Garchomp|0 fnt
|-damage|p2a: Weavile|51/100|[from] ability: Rough Skin|[of] p1a: Garchomp
|faint|p1a: Garchomp
|-hitcount|p1: Garchomp|2
|
|upkeep
|
|t:|1662225998
|switch|p1a: Corviknight|Corviknight, M|84/100
|-damage|p1a: Corviknight|72/100|[from] Stealth Rock
|-ability|p1a: Corviknight|Pressure
|turn|34
|
|t:|1662225999
|move|p2a: Weavile|Triple Axel|p1a: Corviknight
|-damage|p1a: Corviknight|62/100
|-damage|p2a: Weavile|34/100|[from] item: Rocky Helmet|[of] p1a: Corviknight
|-damage|p1a: Corviknight|45/100
|-damage|p2a: Weavile|18/100|[from] item: Rocky Helmet|[of] p1a: Corviknight
|-damage|p1a: Corviknight|17/100
|-damage|p2a: Weavile|2/100|[from] item: Rocky Helmet|[of] p1a: Corviknight
|-hitcount|p1a: Corviknight|3
|move|p1a: Corviknight|Body Press|p2a: Weavile
|-supereffective|p2a: Weavile
|-damage|p2a: Weavile|0 fnt
|faint|p2a: Weavile
|
|win|samohi0
|raw|samohi0's rating: 1593 &rarr; <strong>1614</strong><br />(+21 for winning)
|raw|minimax_ai's rating: 1618 &rarr; <strong>1597</strong><br />(-21 for losing)
|c|☆minimax_ai|gg
|l|☆minimax_ai
|c|☆samohi0|gg
||Ladder isn't responding, score probably updated but might not have (Request timeout).
