|j|☆breblaez
|j|☆Gurtrant
|t:|1627584665
|gametype|singles
|player|p1|breblaez|giovanni|1655
|player|p2|Gurtrant|238|1690
|teamsize|p1|6
|teamsize|p2|6
|gen|8
|tier|[Gen 8] OU
|rated|
|rule|Sleep Clause Mod: Limit one foe put to sleep
|rule|Species Clause: Limit one of each Pokémon
|rule|OHKO Clause: OHKO moves are banned
|rule|Evasion Moves Clause: Evasion moves are banned
|rule|Endless Battle Clause: Forcing endless battles is banned
|rule|HP Percentage Mod: HP is shown in percentages
|rule|Dynamax Clause: You cannot dynamax
|clearpoke
|poke|p1|Blacephalon|
|poke|p1|Tyranitar, M|
|poke|p1|Ferrothorn, M|
|poke|p1|Kartana|
|poke|p1|Tapu Koko|
|poke|p1|Swampert, F|
|poke|p2|Pelipper, M|
|poke|p2|Heliolisk, F|
|poke|p2|Seismitoad, M|
|poke|p2|Barraskewda, F|
|poke|p2|Ferrothorn, F|
|poke|p2|Zapdos|
|teampreview
|inactive|Battle timer is ON: inactive players will automatically lose when time's up. (requested by Gurtrant)
|
|t:|1627584669
|start
|switch|p1a: Ferrothorn|Ferrothorn, M|100/100
|switch|p2a: Pelipper|Pelipper, M|100/100
|-weather|RainDance|[from] ability: Drizzle|[of] p2a: Pelipper
|turn|1
|
|t:|1627584679
|switch|p2a: Ferrothorn|Ferrothorn, F|100/100
|move|p1a: Ferrothorn|Knock Off|p2a: Ferrothorn
|-damage|p2a: Ferrothorn|83/100
|-damage|p1a: Ferrothorn|88/100|[from] ability: Iron Barbs|[of] p2a: Ferrothorn
|-enditem|p2a: Ferrothorn|Leftovers|[from] move: Knock Off|[of] p1a: Ferrothorn
|
|-weather|RainDance|[upkeep]
|upkeep
|turn|2
|
|t:|1627584682
|move|p1a: Ferrothorn|Stealth Rock|p2a: Ferrothorn
|-sidestart|p2: Gurtrant|move: Stealth Rock
|move|p2a: Ferrothorn|Knock Off|p1a: Ferrothorn
|-damage|p1a: Ferrothorn|75/100
|-damage|p2a: Ferrothorn|71/100|[from] ability: Iron Barbs|[of] p1a: Ferrothorn
|-damage|p2a: Ferrothorn|54/100|[from] item: Rocky Helmet|[of] p1a: Ferrothorn
|-enditem|p1a: Ferrothorn|Rocky Helmet|[from] move: Knock Off|[of] p2a: Ferrothorn
|
|-weather|RainDance|[upkeep]
|upkeep
|turn|3
|
|t:|1627584686
|move|p1a: Ferrothorn|Body Press|p2a: Ferrothorn
|-supereffective|p2a: Ferrothorn
|-damage|p2a: Ferrothorn|5/100
|-damage|p1a: Ferrothorn|63/100|[from] ability: Iron Barbs|[of] p2a: Ferrothorn
|move|p2a: Ferrothorn|Spikes|p1a: Ferrothorn
|-sidestart|p1: breblaez|Spikes
|
|-weather|RainDance|[upkeep]
|upkeep
|turn|4
|
|t:|1627584693
|move|p1a: Ferrothorn|Body Press|p2a: Ferrothorn
|-supereffective|p2a: Ferrothorn
|-damage|p2a: Ferrothorn|0 fnt
|-damage|p1a: Ferrothorn|51/100|[from] ability: Iron Barbs|[of] p2a: Ferrothorn
|faint|p2a: Ferrothorn
|
|-weather|RainDance|[upkeep]
|upkeep
|
|t:|1627584704
|switch|p2a: Heliolisk|Heliolisk, F, shiny|100/100
|-damage|p2a: Heliolisk|88/100|[from] Stealth Rock
|turn|5
|
|t:|1627584716
|move|p2a: Heliolisk|Focus Blast|p1a: Ferrothorn
|-supereffective|p1a: Ferrothorn
|-damage|p1a: Ferrothorn|0 fnt
|faint|p1a: Ferrothorn
|-damage|p2a: Heliolisk|78/100|[from] item: Life Orb
|
|-weather|RainDance|[upkeep]
|-heal|p2a: Heliolisk|91/100|[from] ability: Dry Skin
|upkeep
|
|t:|1627584726
|switch|p1a: Tapu Koko|Tapu Koko|100/100
|-damage|p1a: Tapu Koko|88/100|[from] Spikes
|-fieldstart|move: Electric Terrain|[from] ability: Electric Surge|[of] p1a: Tapu Koko
|turn|6
|
|t:|1627584749
|switch|p2a: Seismitoad|Seismitoad, M|100/100
|-damage|p2a: Seismitoad|94/100|[from] Stealth Rock
|move|p1a: Tapu Koko|Dazzling Gleam|p2a: Seismitoad
|-damage|p2a: Seismitoad|40/100
|-damage|p1a: Tapu Koko|78/100|[from] item: Life Orb
|
|-weather|RainDance|[upkeep]
|upkeep
|turn|7
|
|t:|1627584754
|move|p2a: Seismitoad|Earth Power|p1a: Tapu Koko
|-supereffective|p1a: Tapu Koko
|-damage|p1a: Tapu Koko|0 fnt
|faint|p1a: Tapu Koko
|-damage|p2a: Seismitoad|30/100|[from] item: Life Orb
|
|-weather|RainDance|[upkeep]
|upkeep
|
|t:|1627584760
|switch|p1a: Tyranitar|Tyranitar, M|100/100
|-damage|p1a: Tyranitar|88/100|[from] Spikes
|-weather|Sandstorm|[from] ability: Sand Stream|[of] p1a: Tyranitar
|turn|8
|
|t:|1627584774
|move|p2a: Seismitoad|Stealth Rock|p1a: Tyranitar
|-sidestart|p1: breblaez|move: Stealth Rock
|move|p1a: Tyranitar|Earthquake|p2a: Seismitoad
|-damage|p2a: Seismitoad|0 fnt
|faint|p2a: Seismitoad
|
|-weather|Sandstorm|[upkeep]
|upkeep
|
|t:|1627584778
|switch|p2a: Pelipper|Pelipper, M|100/100
|-damage|p2a: Pelipper|75/100|[from] Stealth Rock
|-weather|RainDance|[from] ability: Drizzle|[of] p2a: Pelipper
|turn|9
|
|t:|1627584782
|move|p2a: Pelipper|U-turn|p1a: Tyranitar
|-supereffective|p1a: Tyranitar
|-damage|p1a: Tyranitar|74/100
|
|t:|1627584789
|switch|p2a: Zapdos|Zapdos|100/100|[from]move: U-turn
|move|p1a: Tyranitar|Thunderbolt|p2a: Zapdos
|-damage|p2a: Zapdos|66/100
|
|-weather|RainDance|[upkeep]
|upkeep
|turn|10
|
|t:|1627584803
|switch|p1a: Swampert|Swampert, F|100/100
|-damage|p1a: Swampert|88/100|[from] Spikes
|-damage|p1a: Swampert|82/100|[from] Stealth Rock
|move|p2a: Zapdos|Roost|p2a: Zapdos
|-heal|p2a: Zapdos|100/100
|-singleturn|p2a: Zapdos|move: Roost
|
|-weather|RainDance|[upkeep]
|-heal|p1a: Swampert|88/100|[from] item: Leftovers
|-fieldend|move: Electric Terrain
|upkeep
|turn|11
|
|t:|1627584821
|move|p2a: Zapdos|U-turn|p1a: Swampert
|-damage|p1a: Swampert|74/100
|
|t:|1627584829
|switch|p2a: Barraskewda|Barraskewda, F|100/100|[from]move: U-turn
|-damage|p2a: Barraskewda|88/100|[from] Stealth Rock
|move|p1a: Swampert|Earthquake|p2a: Barraskewda
|-damage|p2a: Barraskewda|0 fnt
|faint|p2a: Barraskewda
|
|-weather|RainDance|[upkeep]
|-heal|p1a: Swampert|80/100|[from] item: Leftovers
|upkeep
|
|t:|1627584833
|switch|p2a: Heliolisk|Heliolisk, F, shiny|91/100
|-damage|p2a: Heliolisk|78/100|[from] Stealth Rock
|turn|12
|
|t:|1627584845
|move|p2a: Heliolisk|Surf|p1a: Swampert
|-damage|p1a: Swampert|22/100
|-damage|p2a: Heliolisk|68/100|[from] item: Life Orb
|move|p1a: Swampert|Earthquake|p2a: Heliolisk
|-supereffective|p2a: Heliolisk
|-damage|p2a: Heliolisk|0 fnt
|faint|p2a: Heliolisk
|
|-weather|RainDance|[upkeep]
|-heal|p1a: Swampert|29/100|[from] item: Leftovers
|upkeep
|-message|Gurtrant forfeited.
|
|win|breblaez
|raw|breblaez's rating: 1655 &rarr; <strong>1677</strong><br />(+22 for winning)
|raw|Gurtrant's rating: 1690 &rarr; <strong>1668</strong><br />(-22 for losing)
|l|☆Gurtrant
