|raw|<div class="broadcast-blue"><strong>This battle is required to be public due to a player having a name prefixed by 'LT71LX'.</div>
|j|☆LT71LX BFL
|j|☆Rorschach I
|t:|1597343614
|player|p1|LT71LX BFL|266|1981
|player|p2|Rorschach I|cynthia|1891
|teamsize|p1|6
|teamsize|p2|6
|gametype|singles
|gen|8
|tier|[Gen 8] OU
|rated|
|clearpoke
|poke|p1|Scizor, M|
|poke|p1|Rillaboom, F|
|poke|p1|Crawdaunt, F|
|poke|p1|Togekiss, F|
|poke|p1|Zeraora|
|poke|p1|Necrozma|
|poke|p2|Pelipper, M|
|poke|p2|Tangrowth, M|
|poke|p2|Zeraora|
|poke|p2|Urshifu-*, F|
|poke|p2|Excadrill, F|
|poke|p2|Toxapex, M|
|rule|Sleep Clause Mod: Limit one foe put to sleep
|rule|Species Clause: Limit one of each Pokémon
|rule|OHKO Clause: OHKO moves are banned
|rule|Evasion Moves Clause: Evasion moves are banned
|rule|Endless Battle Clause: Forcing endless battles is banned
|rule|HP Percentage Mod: HP is shown in percentages
|rule|Dynamax Clause: You cannot dynamax
|teampreview
|j| QuilavaBest
|j| lt71lx tace
|j| LT71LX Ash
|j| forsendi £
|j| Javoon
|
|t:|1597343629
|start
|switch|p1a: Togekiss|Togekiss, F|100/100
|switch|p2a: Urshifu|Urshifu-Rapid-Strike, F|100/100
|turn|1
|j| LT71LX Jacked
|
|t:|1597343639
|switch|p1a: Necrozma|Necrozma|100/100
|move|p2a: Urshifu|U-turn|p1a: Necrozma
|-supereffective|p1a: Necrozma
|-damage|p1a: Necrozma|59/100
|j| Boulicrok
|
|t:|1597343669
|switch|p2a: Zeraora|Zeraora|100/100|[from]move: U-turn
|
|upkeep
|turn|2
|j| Houndoom test
|
|t:|1597343676
|move|p2a: Zeraora|Volt Switch|p1a: Necrozma
|-damage|p1a: Necrozma|17/100
|
|t:|1597343681
|switch|p2a: Excadrill|Excadrill, F|100/100|[from]move: Volt Switch
|-ability|p2a: Excadrill|Mold Breaker
|move|p1a: Necrozma|Psyshock|p2a: Excadrill
|-resisted|p2a: Excadrill
|-damage|p2a: Excadrill|67/100
|
|-heal|p2a: Excadrill|73/100|[from] item: Leftovers
|upkeep
|turn|3
|
|t:|1597343695
|switch|p1a: Rillaboom|Rillaboom, F|100/100
|-fieldstart|move: Grassy Terrain|[from] ability: Grassy Surge|[of] p1a: Rillaboom
|move|p2a: Excadrill|Iron Head|p1a: Rillaboom
|-damage|p1a: Rillaboom|63/100
|
|-heal|p2a: Excadrill|79/100|[from] item: Leftovers
|-heal|p2a: Excadrill|85/100|[from] Grassy Terrain
|-heal|p1a: Rillaboom|69/100|[from] Grassy Terrain
|upkeep
|turn|4
|
|t:|1597343706
|switch|p2a: Tangrowth|Tangrowth, M|100/100
|move|p1a: Rillaboom|U-turn|p2a: Tangrowth
|-supereffective|p2a: Tangrowth
|-damage|p2a: Tangrowth|60/100
|-damage|p1a: Rillaboom|53/100|[from] item: Rocky Helmet|[of] p2a: Tangrowth
|
|t:|1597343713
|switch|p1a: Necrozma|Necrozma|17/100|[from]move: U-turn
|
|-heal|p1a: Necrozma|24/100|[from] Grassy Terrain
|-heal|p2a: Tangrowth|67/100|[from] Grassy Terrain
|upkeep
|turn|5
|j| Ox the Fox
|
|t:|1597343718
|switch|p2a: Excadrill|Excadrill, F|85/100
|-ability|p2a: Excadrill|Mold Breaker
|move|p1a: Necrozma|Stealth Rock|p2a: Excadrill
|-sidestart|p2: Rorschach I|move: Stealth Rock
|
|-heal|p2a: Excadrill|91/100|[from] item: Leftovers
|-heal|p2a: Excadrill|97/100|[from] Grassy Terrain
|-heal|p1a: Necrozma|30/100|[from] Grassy Terrain
|upkeep
|turn|6
|
|t:|1597343724
|move|p2a: Excadrill|Rapid Spin|p1a: Necrozma
|-damage|p1a: Necrozma|14/100
|-boost|p2a: Excadrill|spe|1
|-sideend|p2: Rorschach I|Stealth Rock|[from] move: Rapid Spin|[of] p2a: Excadrill
|move|p1a: Necrozma|Heat Wave|p2a: Excadrill
|-supereffective|p2a: Excadrill
|-damage|p2a: Excadrill|29/100
|
|-heal|p2a: Excadrill|35/100|[from] item: Leftovers
|-heal|p2a: Excadrill|41/100|[from] Grassy Terrain
|-heal|p1a: Necrozma|21/100|[from] Grassy Terrain
|upkeep
|turn|7
|j| LT71LX ayouko
|
|t:|1597343734
|move|p2a: Excadrill|Stealth Rock|p1a: Necrozma
|-sidestart|p1: LT71LX BFL|move: Stealth Rock
|move|p1a: Necrozma|Heat Wave|p2a: Excadrill
|-supereffective|p2a: Excadrill
|-damage|p2a: Excadrill|0 fnt
|faint|p2a: Excadrill
|
|-heal|p1a: Necrozma|27/100|[from] Grassy Terrain
|-fieldend|move: Grassy Terrain
|upkeep
|l| LT71LX ayouko
|
|t:|1597343742
|switch|p2a: Urshifu|Urshifu-Rapid-Strike, F|100/100
|turn|8
|
|t:|1597343749
|move|p2a: Urshifu|Surging Strikes|p1a: Necrozma
|-crit|p1a: Necrozma
|-damage|p1a: Necrozma|7/100
|-crit|p1a: Necrozma
|-damage|p1a: Necrozma|0 fnt
|-hitcount|p1a: Necrozma|2
|faint|p1a: Necrozma
|
|upkeep
|
|t:|1597343753
|switch|p1a: Crawdaunt|Crawdaunt, F|100/100
|-damage|p1a: Crawdaunt|88/100|[from] Stealth Rock
|turn|9
|
|t:|1597343757
|switch|p2a: Tangrowth|Tangrowth, M|99/100
|move|p1a: Crawdaunt|Swords Dance|p1a: Crawdaunt
|-boost|p1a: Crawdaunt|atk|2
|
|upkeep
|turn|10
|
|t:|1597343765
|move|p1a: Crawdaunt|Knock Off|p2a: Tangrowth
|-damage|p2a: Tangrowth|7/100
|-damage|p1a: Crawdaunt|72/100|[from] item: Rocky Helmet|[of] p2a: Tangrowth
|-enditem|p2a: Tangrowth|Rocky Helmet|[from] move: Knock Off|[of] p1a: Crawdaunt
|-damage|p1a: Crawdaunt|62/100|[from] item: Life Orb
|move|p2a: Tangrowth|Leaf Storm|p1a: Crawdaunt
|-supereffective|p1a: Crawdaunt
|-damage|p1a: Crawdaunt|0 fnt
|-unboost|p2a: Tangrowth|spa|2
|faint|p1a: Crawdaunt
|
|upkeep
|
|t:|1597343770
|switch|p1a: Zeraora|Zeraora|100/100
|-damage|p1a: Zeraora|88/100|[from] Stealth Rock
|turn|11
|
|t:|1597343780
|switch|p2a: Toxapex|Toxapex, M|100/100
|move|p1a: Zeraora|Knock Off|p2a: Toxapex
|-damage|p2a: Toxapex|67/100
|-damage|p1a: Zeraora|72/100|[from] item: Rocky Helmet|[of] p2a: Toxapex
|-enditem|p2a: Toxapex|Rocky Helmet|[from] move: Knock Off|[of] p1a: Zeraora
|-damage|p1a: Zeraora|62/100|[from] item: Life Orb
|
|upkeep
|turn|12
|
|t:|1597343789
|switch|p2a: Tangrowth|Tangrowth, M|40/100
|move|p1a: Zeraora|Close Combat|p2a: Tangrowth
|-damage|p2a: Tangrowth|15/100
|-unboost|p1a: Zeraora|def|1
|-unboost|p1a: Zeraora|spd|1
|-damage|p1a: Zeraora|52/100|[from] item: Life Orb
|
|upkeep
|turn|13
|
|t:|1597343799
|switch|p2a: Toxapex|Toxapex, M|99/100
|move|p1a: Zeraora|Plasma Fists|p2a: Toxapex
|-supereffective|p2a: Toxapex
|-damage|p2a: Toxapex|2/100
|-fieldactivate|move: Ion Deluge
|-damage|p1a: Zeraora|42/100|[from] item: Life Orb
|
|upkeep
|turn|14
|
|t:|1597343815
|move|p1a: Zeraora|Close Combat|p2a: Toxapex
|-resisted|p2a: Toxapex
|-damage|p2a: Toxapex|0 fnt
|-unboost|p1a: Zeraora|def|1
|-unboost|p1a: Zeraora|spd|1
|-damage|p1a: Zeraora|33/100|[from] item: Life Orb
|faint|p2a: Toxapex
|
|upkeep
|j| Tistiey Z
|
|t:|1597343820
|switch|p2a: Urshifu|Urshifu-Rapid-Strike, F|100/100
|turn|15
|
|t:|1597343826
|move|p2a: Urshifu|U-turn|p1a: Zeraora
|-damage|p1a: Zeraora|0 fnt
|faint|p1a: Zeraora
|j| LT71LX John W
|l| LT71LX John W
|
|t:|1597343833
|switch|p2a: Tangrowth|Tangrowth, M|48/100|[from]move: U-turn
|
|upkeep
|
|t:|1597343837
|switch|p1a: Rillaboom|Rillaboom, F|53/100
|-damage|p1a: Rillaboom|41/100|[from] Stealth Rock
|-fieldstart|move: Grassy Terrain|[from] ability: Grassy Surge|[of] p1a: Rillaboom
|turn|16
|
|t:|1597343845
|move|p1a: Rillaboom|Grassy Glide|p2a: Tangrowth
|-resisted|p2a: Tangrowth
|-damage|p2a: Tangrowth|26/100
|move|p2a: Tangrowth|Knock Off|p1a: Rillaboom
|-damage|p1a: Rillaboom|14/100
|-enditem|p1a: Rillaboom|Choice Band|[from] move: Knock Off|[of] p2a: Tangrowth
|
|-heal|p1a: Rillaboom|20/100|[from] Grassy Terrain
|-heal|p2a: Tangrowth|32/100|[from] Grassy Terrain
|upkeep
|turn|17
|
|t:|1597343863
|move|p1a: Rillaboom|Grassy Glide|p2a: Tangrowth
|-resisted|p2a: Tangrowth
|-damage|p2a: Tangrowth|19/100
|move|p2a: Tangrowth|Sludge Bomb|p1a: Rillaboom
|-supereffective|p1a: Rillaboom
|-damage|p1a: Rillaboom|0 fnt
|faint|p1a: Rillaboom
|
|-heal|p2a: Tangrowth|25/100|[from] Grassy Terrain
|upkeep
|-message|LT71LX BFL forfeited.
|
|win|Rorschach I
|l|☆LT71LX BFL
|l|☆Rorschach I
