|j|☆LT92PF Eule
|j|☆HOF69
|t:|1660252898
|gametype|singles
|player|p1|LT92PF Eule|roxie|1813
|player|p2|HOF69|red|1801
|teamsize|p1|6
|teamsize|p2|6
|gen|8
|tier|[Gen 8] OU
|rated|
|rule|Sleep Clause Mod: Limit one foe put to sleep
|rule|Species Clause: Limit one of each Pokémon
|rule|OHKO Clause: OHKO moves are banned
|rule|Evasion Items Clause: Evasion items are banned
|rule|Evasion Moves Clause: Evasion moves are banned
|rule|Endless Battle Clause: Forcing endless battles is banned
|rule|HP Percentage Mod: HP is shown in percentages
|rule|Dynamax Clause: You cannot dynamax
|clearpoke
|poke|p1|Weavile, M|
|poke|p1|Polteageist|
|poke|p1|Kartana|
|poke|p1|Cobalion|
|poke|p1|Garchomp, M|
|poke|p1|Rillaboom, M|
|poke|p2|Blacephalon|
|poke|p2|Gengar, M|
|poke|p2|Landorus-Therian, M|
|poke|p2|Krookodile, M|
|poke|p2|Tapu Lele|
|poke|p2|Kartana|
|teampreview
|
|t:|1660252946
|start
|switch|p1a: Cobalion|Cobalion|100/100
|switch|p2a: Gengar|Gengar, M, shiny|100/100
|turn|1
|
|t:|1660252949
|move|p2a: Gengar|Taunt|p1a: Cobalion
|-start|p1a: Cobalion|move: Taunt
|cant|p1a: Cobalion|move: Taunt|Stealth Rock
|
|upkeep
|turn|2
|j| LT92PF Raizen
|
|t:|1660252955
|switch|p1a: Weavile|Weavile, M|100/100
|move|p2a: Gengar|Shadow Ball|p1a: Weavile
|-resisted|p1a: Weavile
|-damage|p1a: Weavile|70/100
|-unboost|p1a: Weavile|spd|1
|
|upkeep
|turn|3
|j| LT92PF rej
|j| isabela000◥▶_◀◤
|
|t:|1660252958
|move|p1a: Weavile|Triple Axel|p2a: Gengar
|-damage|p2a: Gengar|74/100
|-start|p1a: Weavile|Disable|Triple Axel|[from] ability: Cursed Body|[of] p2a: Gengar
|-damage|p2a: Gengar|23/100
|-damage|p2a: Gengar|0 fnt
|faint|p2a: Gengar
|-hitcount|p2: Gengar|3
|-damage|p1a: Weavile|60/100|[from] item: Life Orb
|
|upkeep
|j| irgendwasmitmeeem
|
|t:|1660252978
|switch|p2a: Landorus|Landorus-Therian, M|100/100
|-ability|p2a: Landorus|Intimidate|boost
|-unboost|p1a: Weavile|atk|1
|turn|4
|j| chokst du
|
|t:|1660252984
|switch|p1a: Cobalion|Cobalion|100/100
|move|p2a: Landorus|U-turn|p1a: Cobalion
|-resisted|p1a: Cobalion
|-damage|p1a: Cobalion|95/100
|
|t:|1660252987
|switch|p2a: Blacephalon|Blacephalon|100/100|[from]move: U-turn
|
|upkeep
|turn|5
|
|t:|1660252995
|switch|p1a: Garchomp|Garchomp, M|100/100
|move|p2a: Blacephalon|Flamethrower|p1a: Garchomp
|-resisted|p1a: Garchomp
|-damage|p1a: Garchomp|74/100
|-status|p1a: Garchomp|brn
|
|-damage|p1a: Garchomp|67/100 brn|[from] brn
|upkeep
|turn|6
|
|t:|1660253004
|switch|p2a: Landorus|Landorus-Therian, M|100/100
|-ability|p2a: Landorus|Intimidate|boost
|-unboost|p1a: Garchomp|atk|1
|move|p1a: Garchomp|Swords Dance|p1a: Garchomp
|-boost|p1a: Garchomp|atk|2
|
|-damage|p1a: Garchomp|61/100 brn|[from] brn
|upkeep
|turn|7
|
|t:|1660253007
|move|p1a: Garchomp|Aqua Tail|p2a: Landorus|[miss]
|-miss|p1a: Garchomp|p2a: Landorus
|move|p2a: Landorus|U-turn|p1a: Garchomp
|-damage|p1a: Garchomp|35/100 brn
|-damage|p2a: Landorus|88/100|[from] ability: Rough Skin|[of] p1a: Garchomp
|
|t:|1660253015
|switch|p2a: Kartana|Kartana|100/100|[from]move: U-turn
|
|-damage|p1a: Garchomp|29/100 brn|[from] brn
|upkeep
|turn|8
|
|t:|1660253025
|move|p2a: Kartana|Leaf Blade|p1a: Garchomp
|-damage|p1a: Garchomp|0 fnt
|-activate|p1a: Garchomp|ability: Rough Skin
|-activate|p2a: Kartana|item: Protective Pads
|faint|p1a: Garchomp
|-ability|p2a: Kartana|Beast Boost|boost
|-boost|p2a: Kartana|atk|1
|
|upkeep
|
|t:|1660253033
|switch|p1a: Polteageist|Polteageist|100/100
|turn|9
|inactive|Battle timer is ON: inactive players will automatically lose when time's up. (requested by LT92PF Eule)
|inactive|HOF69 has 120 seconds left.
|
|t:|1660253090
|move|p2a: Kartana|Knock Off|p1a: Polteageist
|-supereffective|p1a: Polteageist
|-enditem|p1a: Polteageist|Focus Sash
|-damage|p1a: Polteageist|1/100
|-ability|p1a: Polteageist|Weak Armor|boost
|-unboost|p1a: Polteageist|def|1
|-boost|p1a: Polteageist|spe|2
|move|p1a: Polteageist|Shell Smash|p1a: Polteageist
|-unboost|p1a: Polteageist|def|1
|-unboost|p1a: Polteageist|spd|1
|-boost|p1a: Polteageist|atk|2
|-boost|p1a: Polteageist|spa|2
|-boost|p1a: Polteageist|spe|2
|
|upkeep
|turn|10
|
|t:|1660253115
|switch|p2a: Landorus|Landorus-Therian, M|88/100
|-ability|p2a: Landorus|Intimidate|boost
|-unboost|p1a: Polteageist|atk|1
|move|p1a: Polteageist|Shadow Ball|p2a: Landorus
|-damage|p2a: Landorus|29/100
|-unboost|p2a: Landorus|spd|1
|
|upkeep
|turn|11
|
|t:|1660253120
|move|p1a: Polteageist|Giga Drain|p2a: Landorus
|-damage|p2a: Landorus|0 fnt
|-heal|p1a: Polteageist|22/100|[from] drain|[of] p2a: Landorus
|faint|p2a: Landorus
|
|upkeep
|
|t:|1660253122
|switch|p2a: Krookodile|Krookodile, M|100/100
|-ability|p2a: Krookodile|Intimidate|boost
|-unboost|p1a: Polteageist|atk|1
|turn|12
|
|t:|1660253126
|move|p1a: Polteageist|Giga Drain|p2a: Krookodile
|-supereffective|p2a: Krookodile
|-enditem|p2a: Krookodile|Focus Sash
|-damage|p2a: Krookodile|1/100
|-heal|p1a: Polteageist|85/100|[from] drain|[of] p2a: Krookodile
|move|p2a: Krookodile|Knock Off|p1a: Polteageist
|-supereffective|p1a: Polteageist
|-damage|p1a: Polteageist|0 fnt
|faint|p1a: Polteageist
|
|upkeep
|
|t:|1660253140
|switch|p1a: Kartana|Kartana|100/100
|turn|13
|
|t:|1660253144
|move|p1a: Kartana|Knock Off|p2a: Krookodile
|-resisted|p2a: Krookodile
|-damage|p2a: Krookodile|0 fnt
|faint|p2a: Krookodile
|-ability|p1a: Kartana|Beast Boost|boost
|-boost|p1a: Kartana|atk|1
|
|upkeep
|
|t:|1660253153
|switch|p2a: Kartana|Kartana|100/100
|turn|14
|
|t:|1660253160
|switch|p1a: Weavile|Weavile, M|60/100
|move|p2a: Kartana|Knock Off|p1a: Weavile
|-resisted|p1a: Weavile
|-damage|p1a: Weavile|24/100
|-enditem|p1a: Weavile|Life Orb|[from] move: Knock Off|[of] p2a: Kartana
|-enditem|p2a: Kartana|Protective Pads|[silent]|[from] ability: Pickpocket|[of] p2a: Kartana
|-item|p1a: Weavile|Protective Pads|[from] ability: Pickpocket|[of] p2a: Kartana
|
|upkeep
|turn|15
|j| brv brv
|inactive|HOF69 has 120 seconds left.
|j| Wiener thing
|l| brv brv
|
|t:|1660253200
|switch|p2a: Blacephalon|Blacephalon|100/100
|move|p1a: Weavile|Triple Axel|p2a: Blacephalon
|-resisted|p2a: Blacephalon
|-damage|p2a: Blacephalon|90/100
|-resisted|p2a: Blacephalon
|-damage|p2a: Blacephalon|68/100
|-resisted|p2a: Blacephalon
|-damage|p2a: Blacephalon|35/100
|-hitcount|p2a: Blacephalon|3
|
|upkeep
|turn|16
|
|t:|1660253206
|move|p1a: Weavile|Ice Shard|p2a: Blacephalon
|-resisted|p2a: Blacephalon
|-damage|p2a: Blacephalon|14/100
|move|p2a: Blacephalon|Flamethrower|p1a: Weavile
|-supereffective|p1a: Weavile
|-damage|p1a: Weavile|0 fnt
|faint|p1a: Weavile
|-ability|p2a: Blacephalon|Beast Boost|boost
|-boost|p2a: Blacephalon|spa|1
|
|upkeep
|l| Wiener thing
|
|t:|1660253210
|switch|p1a: Rillaboom|Rillaboom, M|100/100
|-fieldstart|move: Grassy Terrain|[from] ability: Grassy Surge|[of] p1a: Rillaboom
|turn|17
|j| Wiener thing
|
|t:|1660253216
|switch|p2a: Tapu Lele|Tapu Lele|100/100
|-fieldstart|move: Psychic Terrain|[from] ability: Psychic Surge|[of] p2a: Tapu Lele
|move|p1a: Rillaboom|Grassy Glide|p2a: Tapu Lele
|-damage|p2a: Tapu Lele|15/100
|-damage|p1a: Rillaboom|91/100|[from] item: Life Orb
|
|upkeep
|turn|18
|
|t:|1660253220
|switch|p1a: Cobalion|Cobalion|95/100
|move|p2a: Tapu Lele|Moonblast|p1a: Cobalion
|-damage|p1a: Cobalion|0 fnt
|faint|p1a: Cobalion
|
|upkeep
|
|t:|1660253222
|switch|p1a: Kartana|Kartana|100/100
|turn|19
|
|t:|1660253227
|move|p1a: Kartana|Knock Off|p2a: Tapu Lele
|-damage|p2a: Tapu Lele|0 fnt
|-enditem|p2a: Tapu Lele|Twisted Spoon|[from] move: Knock Off|[of] p1a: Kartana
|faint|p2a: Tapu Lele
|-ability|p1a: Kartana|Beast Boost|boost
|-boost|p1a: Kartana|atk|1
|
|upkeep
|
|t:|1660253232
|switch|p2a: Kartana|Kartana|100/100
|turn|20
|
|t:|1660253240
|move|p1a: Kartana|Knock Off|p2a: Kartana
|-damage|p2a: Kartana|57/100
|move|p2a: Kartana|Swords Dance|p2a: Kartana
|-boost|p2a: Kartana|atk|2
|
|upkeep
|turn|21
|
|t:|1660253246
|move|p1a: Kartana|Knock Off|p2a: Kartana
|-damage|p2a: Kartana|8/100
|move|p2a: Kartana|Sacred Sword|p1a: Kartana
|-supereffective|p1a: Kartana
|-damage|p1a: Kartana|0 fnt
|faint|p1a: Kartana
|-ability|p2a: Kartana|Beast Boost|boost
|-boost|p2a: Kartana|atk|1
|
|-fieldend|move: Psychic Terrain
|upkeep
|
|t:|1660253249
|switch|p1a: Rillaboom|Rillaboom, M|91/100
|-fieldstart|move: Grassy Terrain|[from] ability: Grassy Surge|[of] p1a: Rillaboom
|turn|22
|
|t:|1660253251
|move|p1a: Rillaboom|Grassy Glide|p2a: Kartana
|-resisted|p2a: Kartana
|-crit|p2a: Kartana
|-damage|p2a: Kartana|0 fnt
|faint|p2a: Kartana
|-damage|p1a: Rillaboom|81/100|[from] item: Life Orb
|
|-heal|p1a: Rillaboom|87/100|[from] Grassy Terrain
|upkeep
|-message|HOF69 forfeited.
|
|win|LT92PF Eule
|raw|LT92PF Eule's rating: 1813 &rarr; <strong>1832</strong><br />(+19 for winning)
|raw|HOF69's rating: 1801 &rarr; <strong>1782</strong><br />(-19 for losing)
|l|☆HOF69
|l| Wiener thing
|l| irgendwasmitmeeem
|j| Wiener thing
|l| Wiener thing
|l|☆LT92PF Eule
||Ladder isn't responding, score probably updated but might not have (Request timeout).
|j| Wiener thing
