|j|☆stopthreat
|j|☆taposek
|t:|1622927882
|gametype|singles
|player|p1|stopthreat|supernerd|1468
|player|p2|taposek|169|1542
|teamsize|p1|6
|teamsize|p2|6
|gen|8
|tier|[Gen 8] OU
|rated|
|rule|Sleep Clause Mod: Limit one foe put to sleep
|rule|Species Clause: Limit one of each Pokémon
|rule|OHKO Clause: OHKO moves are banned
|rule|Evasion Moves Clause: Evasion moves are banned
|rule|Endless Battle Clause: Forcing endless battles is banned
|rule|HP Percentage Mod: HP is shown in percentages
|rule|Dynamax Clause: You cannot dynamax
|clearpoke
|poke|p1|Slowbro, M|
|poke|p1|Nidoking, M|
|poke|p1|Tapu Koko|
|poke|p1|Regieleki|
|poke|p1|Melmetal|
|poke|p1|Zarude|
|poke|p2|Gengar, F|
|poke|p2|Togekiss, M|
|poke|p2|Raikou|
|poke|p2|Gyarados, M|
|poke|p2|Entei|
|poke|p2|Garchomp, F|
|teampreview
|
|t:|1622927888
|start
|switch|p1a: Nidoking|Nidoking, M|100/100
|switch|p2a: Gengar|Gengar, F|100/100
|turn|1
|inactive|Battle timer is ON: inactive players will automatically lose when time's up. (requested by stopthreat)
|inactive|taposek has 120 seconds left.
|
|t:|1622927935
|move|p1a: Nidoking|Earth Power|p2a: Gengar
|-supereffective|p2a: Gengar
|-enditem|p2a: Gengar|Focus Sash
|-damage|p2a: Gengar|1/100
|move|p2a: Gengar|Hypnosis|p1a: Nidoking
|-status|p1a: Nidoking|slp|[from] move: Hypnosis
|
|upkeep
|turn|2
|
|t:|1622927942
|cant|p1a: Nidoking|slp
|move|p2a: Gengar|Shadow Ball|p1a: Nidoking
|-damage|p1a: Nidoking|38/100 slp
|
|upkeep
|turn|3
|
|t:|1622927964
|cant|p1a: Nidoking|slp
|move|p2a: Gengar|Shadow Ball|p1a: Nidoking
|-damage|p1a: Nidoking|0 fnt
|faint|p1a: Nidoking
|
|upkeep
|
|t:|1622927972
|switch|p1a: Tapu Koko|Tapu Koko|100/100
|-fieldstart|move: Electric Terrain|[from] ability: Electric Surge|[of] p1a: Tapu Koko
|turn|4
|
|t:|1622927983
|move|p1a: Tapu Koko|U-turn|p2a: Gengar
|-resisted|p2a: Gengar
|-damage|p2a: Gengar|0 fnt
|faint|p2a: Gengar
|
|t:|1622928009
|switch|p1a: Slowbro|Slowbro, M|100/100|[from]move: U-turn
|
|upkeep
|
|t:|1622928015
|switch|p2a: Raikou|Raikou|100/100
|-ability|p2a: Raikou|Pressure
|turn|5
|inactive|stopthreat has 120 seconds left.
|
|t:|1622928036
|switch|p1a: Zarude|Zarude|100/100
|move|p2a: Raikou|Calm Mind|p2a: Raikou
|-boost|p2a: Raikou|spa|1
|-boost|p2a: Raikou|spd|1
|
|upkeep
|turn|6
|
|t:|1622928061
|move|p2a: Raikou|Thunderbolt|p1a: Zarude
|-resisted|p1a: Zarude
|-crit|p1a: Zarude
|-damage|p1a: Zarude|36/100
|move|p1a: Zarude|Power Whip|p2a: Raikou
|-damage|p2a: Raikou|27/100
|
|-heal|p2a: Raikou|34/100|[from] item: Leftovers
|-heal|p1a: Zarude|42/100|[from] item: Leftovers
|upkeep
|turn|7
|
|t:|1622928074
|move|p2a: Raikou|Thunderbolt|p1a: Zarude
|-resisted|p1a: Zarude
|-damage|p1a: Zarude|0 fnt
|faint|p1a: Zarude
|
|-heal|p2a: Raikou|40/100|[from] item: Leftovers
|upkeep
|
|t:|1622928076
|switch|p1a: Regieleki|Regieleki|100/100
|turn|8
|
|t:|1622928099
|move|p1a: Regieleki|Rising Voltage|p2a: Raikou
|-resisted|p2a: Raikou
|-damage|p2a: Raikou|0 fnt
|faint|p2a: Raikou
|
|-fieldend|move: Electric Terrain
|upkeep
|
|t:|1622928103
|switch|p2a: Garchomp|Garchomp, F|100/100
|turn|9
|
|t:|1622928107
|switch|p1a: Slowbro|Slowbro, M|100/100
|move|p2a: Garchomp|Swords Dance|p2a: Garchomp
|-boost|p2a: Garchomp|atk|2
|
|upkeep
|turn|10
|
|t:|1622928111
|move|p2a: Garchomp|Earthquake|p1a: Slowbro
|-damage|p1a: Slowbro|42/100
|move|p1a: Slowbro|Scald|p2a: Garchomp
|-damage|p2a: Garchomp|71/100
|
|-heal|p2a: Garchomp|77/100|[from] item: Leftovers
|upkeep
|turn|11
|
|t:|1622928121
|switch|p1a: Melmetal|Melmetal|100/100
|move|p2a: Garchomp|Scale Shot|p1a: Melmetal
|-resisted|p1a: Melmetal
|-damage|p1a: Melmetal|93/100
|-resisted|p1a: Melmetal
|-damage|p1a: Melmetal|87/100
|-resisted|p1a: Melmetal
|-damage|p1a: Melmetal|80/100
|-resisted|p1a: Melmetal
|-damage|p1a: Melmetal|74/100
|-resisted|p1a: Melmetal
|-damage|p1a: Melmetal|67/100
|-hitcount|p1a: Melmetal|5
|-unboost|p2a: Garchomp|def|1
|-boost|p2a: Garchomp|spe|1
|
|-heal|p2a: Garchomp|83/100|[from] item: Leftovers
|upkeep
|turn|12
|
|t:|1622928127
|move|p2a: Garchomp|Earthquake|p1a: Melmetal
|-supereffective|p1a: Melmetal
|-damage|p1a: Melmetal|0 fnt
|faint|p1a: Melmetal
|
|-heal|p2a: Garchomp|90/100|[from] item: Leftovers
|upkeep
|
|t:|1622928130
|switch|p1a: Slowbro|Slowbro, M|76/100
|turn|13
|
|t:|1622928136
|move|p2a: Garchomp|Scale Shot|p1a: Slowbro
|-damage|p1a: Slowbro|59/100
|-damage|p1a: Slowbro|43/100
|-damage|p1a: Slowbro|28/100
|-damage|p1a: Slowbro|13/100
|-hitcount|p1a: Slowbro|4
|-unboost|p2a: Garchomp|def|1
|-boost|p2a: Garchomp|spe|1
|move|p1a: Slowbro|Scald|p2a: Garchomp
|-damage|p2a: Garchomp|59/100
|
|-heal|p2a: Garchomp|65/100|[from] item: Leftovers
|upkeep
|turn|14
|
|t:|1622928146
|move|p2a: Garchomp|Earthquake|p1a: Slowbro
|-damage|p1a: Slowbro|0 fnt
|faint|p1a: Slowbro
|
|-heal|p2a: Garchomp|71/100|[from] item: Leftovers
|upkeep
|-message|stopthreat forfeited.
|
|win|taposek
|raw|stopthreat's rating: 1468 &rarr; <strong>1452</strong><br />(-16 for losing)
|raw|taposek's rating: 1542 &rarr; <strong>1558</strong><br />(+16 for winning)
|l|☆stopthreat
