|raw|<div class="broadcast-blue"><strong>This battle is required to be public due to a player having a name starting with 'lt93oq'.</div>
|j|☆LT93OQ cervejinha
|j|☆yhdrslb
|t:|1660533086
|gametype|singles
|player|p1|LT93OQ cervejinha|ninjaboy|1620
|player|p2|yhdrslb|1|1672
|teamsize|p1|6
|teamsize|p2|6
|gen|8
|tier|[Gen 8] OU
|rated|
|rule|Sleep Clause Mod: Limit one foe put to sleep
|rule|Species Clause: Limit one of each Pokémon
|rule|OHKO Clause: OHKO moves are banned
|rule|Evasion Items Clause: Evasion items are banned
|rule|Evasion Moves Clause: Evasion moves are banned
|rule|Endless Battle Clause: Forcing endless battles is banned
|rule|HP Percentage Mod: HP is shown in percentages
|rule|Dynamax Clause: You cannot dynamax
|clearpoke
|poke|p1|Suicune|
|poke|p1|Tornadus-Therian, M|
|poke|p1|Clefable, M|
|poke|p1|Blissey, F|
|poke|p1|Hippowdon, F|
|poke|p1|Corviknight, M|
|poke|p2|Tapu Koko|
|poke|p2|Hawlucha, M|
|poke|p2|Garchomp, F|
|poke|p2|Ferrothorn, M|
|poke|p2|Victini|
|poke|p2|Regieleki|
|teampreview
|inactive|Battle timer is ON: inactive players will automatically lose when time's up. (requested by yhdrslb)
|
|t:|1660533104
|start
|switch|p1a: Suicune|Suicune|100/100
|switch|p2a: Victini|Victini|100/100
|-ability|p1a: Suicune|Pressure
|turn|1
|
|t:|1660533114
|move|p2a: Victini|Bolt Strike|p1a: Suicune
|-supereffective|p1a: Suicune
|-damage|p1a: Suicune|45/100
|-status|p1a: Suicune|par
|move|p1a: Suicune|Scald|p2a: Victini
|-supereffective|p2a: Victini
|-damage|p2a: Victini|25/100
|
|-heal|p1a: Suicune|51/100 par|[from] item: Leftovers
|upkeep
|turn|2
|
|t:|1660533120
|switch|p1a: Hippowdon|Hippowdon, F|100/100
|-weather|Sandstorm|[from] ability: Sand Stream|[of] p1a: Hippowdon
|move|p2a: Victini|Trick|p1a: Hippowdon
|-activate|p2a: Victini|move: Trick|[of] p1a: Hippowdon
|-item|p1a: Hippowdon|Ring Target|[from] move: Trick
|-item|p2a: Victini|Leftovers|[from] move: Trick
|
|-weather|Sandstorm|[upkeep]
|-damage|p2a: Victini|19/100|[from] Sandstorm
|-heal|p2a: Victini|25/100|[from] item: Leftovers
|upkeep
|turn|3
|
|t:|1660533135
|switch|p2a: Ferrothorn|Ferrothorn, M|100/100
|move|p1a: Hippowdon|Stealth Rock|p2a: Ferrothorn
|-sidestart|p2: yhdrslb|move: Stealth Rock
|
|-weather|Sandstorm|[upkeep]
|upkeep
|turn|4
|
|t:|1660533139
|switch|p1a: Suicune|Suicune|51/100 par
|-ability|p1a: Suicune|Pressure
|move|p2a: Ferrothorn|Leech Seed|p1a: Suicune
|-start|p1a: Suicune|move: Leech Seed
|
|-weather|Sandstorm|[upkeep]
|-damage|p1a: Suicune|45/100 par|[from] Sandstorm
|-heal|p1a: Suicune|51/100 par|[from] item: Leftovers
|-damage|p1a: Suicune|38/100 par|[from] Leech Seed|[of] p2a: Ferrothorn
|upkeep
|turn|5
|
|t:|1660533143
|move|p1a: Suicune|Scald|p2a: Ferrothorn
|-resisted|p2a: Ferrothorn
|-damage|p2a: Ferrothorn|89/100
|move|p2a: Ferrothorn|Power Whip|p1a: Suicune
|-supereffective|p1a: Suicune
|-damage|p1a: Suicune|0 fnt
|faint|p1a: Suicune
|
|-weather|Sandstorm|[upkeep]
|-heal|p2a: Ferrothorn|95/100|[from] item: Leftovers
|upkeep
|
|t:|1660533155
|switch|p1a: Clefable|Clefable, M|100/100
|turn|6
|
|t:|1660533164
|switch|p1a: Tornadus|Tornadus-Therian, M|100/100
|move|p2a: Ferrothorn|Knock Off|p1a: Tornadus
|-damage|p1a: Tornadus|73/100
|-enditem|p1a: Tornadus|Heavy-Duty Boots|[from] move: Knock Off|[of] p2a: Ferrothorn
|
|-weather|none
|-heal|p2a: Ferrothorn|100/100|[from] item: Leftovers
|upkeep
|turn|7
|
|t:|1660533169
|switch|p2a: Garchomp|Garchomp, F|100/100
|-damage|p2a: Garchomp|94/100|[from] Stealth Rock
|move|p1a: Tornadus|Knock Off|p2a: Garchomp
|-damage|p2a: Garchomp|81/100
|-damage|p1a: Tornadus|61/100|[from] ability: Rough Skin|[of] p2a: Garchomp
|-enditem|p2a: Garchomp|Leftovers|[from] move: Knock Off|[of] p1a: Tornadus
|
|upkeep
|turn|8
|
|t:|1660533174
|switch|p1a: Corviknight|Corviknight, M|100/100
|-ability|p1a: Corviknight|Pressure
|move|p2a: Garchomp|Stealth Rock|p1a: Corviknight
|-sidestart|p1: LT93OQ cervejinha|move: Stealth Rock
|
|upkeep
|turn|9
|
|t:|1660533182
|switch|p2a: Tapu Koko|Tapu Koko|100/100
|-damage|p2a: Tapu Koko|88/100|[from] Stealth Rock
|-fieldstart|move: Electric Terrain|[from] ability: Electric Surge|[of] p2a: Tapu Koko
|move|p1a: Corviknight|Iron Defense|p1a: Corviknight
|-boost|p1a: Corviknight|def|2
|
|upkeep
|turn|10
|
|t:|1660533184
|switch|p1a: Hippowdon|Hippowdon, F|100/100
|-damage|p1a: Hippowdon|94/100|[from] Stealth Rock
|-weather|Sandstorm|[from] ability: Sand Stream|[of] p1a: Hippowdon
|move|p2a: Tapu Koko|Thunderbolt|p1a: Hippowdon
|-damage|p1a: Hippowdon|60/100
|
|-weather|Sandstorm|[upkeep]
|-damage|p2a: Tapu Koko|82/100|[from] Sandstorm
|upkeep
|turn|11
|j| C h o k a s
|
|t:|1660533189
|move|p2a: Tapu Koko|U-turn|p1a: Hippowdon
|-damage|p1a: Hippowdon|48/100
|
|t:|1660533192
|switch|p2a: Victini|Victini|25/100|[from]move: U-turn
|-damage|p2a: Victini|0 fnt|[from] Stealth Rock
|faint|p2a: Victini
|move|p1a: Hippowdon|Slack Off|p1a: Hippowdon
|-heal|p1a: Hippowdon|98/100
|
|-weather|Sandstorm|[upkeep]
|upkeep
|inactive|yhdrslb has 120 seconds left.
|
|t:|1660533236
|switch|p2a: Garchomp|Garchomp, F|81/100
|-damage|p2a: Garchomp|75/100|[from] Stealth Rock
|turn|12
|
|t:|1660533242
|switch|p2a: Ferrothorn|Ferrothorn, M|100/100
|-damage|p2a: Ferrothorn|94/100|[from] Stealth Rock
|move|p1a: Hippowdon|Toxic|p2a: Ferrothorn
|-immune|p2a: Ferrothorn
|
|-weather|Sandstorm|[upkeep]
|-heal|p2a: Ferrothorn|100/100|[from] item: Leftovers
|upkeep
|turn|13
|
|t:|1660533249
|switch|p1a: Tornadus|Tornadus-Therian, M|94/100
|-damage|p1a: Tornadus|69/100|[from] Stealth Rock
|move|p2a: Ferrothorn|Spikes|p1a: Tornadus
|-sidestart|p1: LT93OQ cervejinha|Spikes
|
|-weather|Sandstorm|[upkeep]
|-damage|p1a: Tornadus|63/100|[from] Sandstorm
|upkeep
|turn|14
|
|t:|1660533252
|move|p1a: Tornadus|Knock Off|p2a: Ferrothorn
|-damage|p2a: Ferrothorn|85/100
|-damage|p1a: Tornadus|51/100|[from] ability: Iron Barbs|[of] p2a: Ferrothorn
|-enditem|p2a: Ferrothorn|Leftovers|[from] move: Knock Off|[of] p1a: Tornadus
|move|p2a: Ferrothorn|Leech Seed|p1a: Tornadus|[miss]
|-miss|p2a: Ferrothorn|p1a: Tornadus
|
|-weather|none
|upkeep
|turn|15
|
|t:|1660533259
|move|p1a: Tornadus|Defog|p2a: Ferrothorn
|-unboost|p2a: Ferrothorn|evasion|1
|-sideend|p2: yhdrslb|Stealth Rock|[from] move: Defog|[of] p1a: Tornadus
|-sideend|p1: LT93OQ cervejinha|Spikes|[from] move: Defog|[of] p1a: Tornadus
|-sideend|p1: LT93OQ cervejinha|Stealth Rock|[from] move: Defog|[of] p1a: Tornadus
|-fieldend|move: Electric Terrain
|move|p2a: Ferrothorn|Leech Seed|p1a: Tornadus|[miss]
|-miss|p2a: Ferrothorn|p1a: Tornadus
|
|upkeep
|turn|16
|
|t:|1660533263
|move|p1a: Tornadus|Nasty Plot|p1a: Tornadus
|-boost|p1a: Tornadus|spa|2
|move|p2a: Ferrothorn|Spikes|p1a: Tornadus
|-sidestart|p1: LT93OQ cervejinha|Spikes
|
|upkeep
|turn|17
|
|t:|1660533269
|move|p1a: Tornadus|Hurricane|p2a: Ferrothorn
|-damage|p2a: Ferrothorn|20/100
|move|p2a: Ferrothorn|Leech Seed|p1a: Tornadus
|-start|p1a: Tornadus|move: Leech Seed
|
|-damage|p1a: Tornadus|38/100|[from] Leech Seed|[of] p2a: Ferrothorn
|-heal|p2a: Ferrothorn|31/100|[silent]
|upkeep
|turn|18
|
|t:|1660533274
|switch|p2a: Tapu Koko|Tapu Koko|82/100
|-fieldstart|move: Electric Terrain|[from] ability: Electric Surge|[of] p2a: Tapu Koko
|move|p1a: Tornadus|Defog|p2a: Tapu Koko
|-unboost|p2a: Tapu Koko|evasion|1
|-sideend|p1: LT93OQ cervejinha|Spikes|[from] move: Defog|[of] p1a: Tornadus
|-fieldend|move: Electric Terrain
|
|-damage|p1a: Tornadus|26/100|[from] Leech Seed|[of] p2a: Tapu Koko
|-heal|p2a: Tapu Koko|95/100|[silent]
|upkeep
|turn|19
|
|t:|1660533283
|move|p2a: Tapu Koko|U-turn|p1a: Tornadus
|-resisted|p1a: Tornadus
|-damage|p1a: Tornadus|15/100
|
|t:|1660533286
|switch|p2a: Garchomp|Garchomp, F|75/100|[from]move: U-turn
|move|p1a: Tornadus|Hurricane|p2a: Garchomp
|-damage|p2a: Garchomp|0 fnt
|faint|p2a: Garchomp
|
|upkeep
|
|t:|1660533292
|switch|p2a: Regieleki|Regieleki|100/100
|turn|20
|
|t:|1660533295
|move|p2a: Regieleki|Volt Switch|p1a: Tornadus
|-supereffective|p1a: Tornadus
|-damage|p1a: Tornadus|0 fnt
|faint|p1a: Tornadus
|
|t:|1660533297
|switch|p2a: Tapu Koko|Tapu Koko|95/100|[from]move: Volt Switch
|-fieldstart|move: Electric Terrain|[from] ability: Electric Surge|[of] p2a: Tapu Koko
|
|upkeep
|
|t:|1660533300
|switch|p1a: Clefable|Clefable, M|100/100
|turn|21
|
|t:|1660533302
|move|p2a: Tapu Koko|Taunt|p1a: Clefable
|-start|p1a: Clefable|move: Taunt
|cant|p1a: Clefable|move: Taunt|Calm Mind
|
|upkeep
|turn|22
|
|t:|1660533311
|switch|p1a: Blissey|Blissey, F|100/100
|move|p2a: Tapu Koko|U-turn|p1a: Blissey
|-damage|p1a: Blissey|87/100
|
|t:|1660533312
|switch|p2a: Regieleki|Regieleki|100/100|[from]move: U-turn
|
|-heal|p1a: Blissey|93/100|[from] item: Leftovers
|upkeep
|turn|23
|
|t:|1660533315
|move|p2a: Regieleki|Rising Voltage|p1a: Blissey
|-hint|Rising Voltage's BP doubled on grounded target.
|-damage|p1a: Blissey|45/100
|move|p1a: Blissey|Seismic Toss|p2a: Regieleki
|-damage|p2a: Regieleki|67/100
|
|-heal|p1a: Blissey|51/100|[from] item: Leftovers
|upkeep
|turn|24
|
|t:|1660533321
|move|p2a: Regieleki|Rising Voltage|p1a: Blissey
|-hint|Rising Voltage's BP doubled on grounded target.
|-damage|p1a: Blissey|3/100
|move|p1a: Blissey|Soft-Boiled|p1a: Blissey
|-heal|p1a: Blissey|53/100
|
|-heal|p1a: Blissey|59/100|[from] item: Leftovers
|upkeep
|turn|25
|
|t:|1660533326
|move|p2a: Regieleki|Rising Voltage|p1a: Blissey
|-hint|Rising Voltage's BP doubled on grounded target.
|-crit|p1a: Blissey
|-damage|p1a: Blissey|0 fnt
|faint|p1a: Blissey
|
|upkeep
|
|t:|1660533331
|switch|p1a: Hippowdon|Hippowdon, F|98/100
|-weather|Sandstorm|[from] ability: Sand Stream|[of] p1a: Hippowdon
|turn|26
|
|t:|1660533334
|move|p2a: Regieleki|Volt Switch|p1a: Hippowdon
|-damage|p1a: Hippowdon|43/100
|
|t:|1660533336
|switch|p2a: Ferrothorn|Ferrothorn, M|31/100|[from]move: Volt Switch
|move|p1a: Hippowdon|Earthquake|p2a: Ferrothorn
|-damage|p2a: Ferrothorn|0 fnt
|faint|p2a: Ferrothorn
|
|-weather|Sandstorm|[upkeep]
|upkeep
|
|t:|1660533340
|switch|p2a: Regieleki|Regieleki|67/100
|turn|27
|
|t:|1660533345
|switch|p1a: Corviknight|Corviknight, M|100/100
|-ability|p1a: Corviknight|Pressure
|move|p2a: Regieleki|Rising Voltage|p1a: Corviknight
|-supereffective|p1a: Corviknight
|-damage|p1a: Corviknight|0 fnt
|faint|p1a: Corviknight
|
|-weather|Sandstorm|[upkeep]
|-damage|p2a: Regieleki|61/100|[from] Sandstorm
|-fieldend|move: Electric Terrain
|upkeep
|
|t:|1660533347
|switch|p1a: Clefable|Clefable, M|100/100
|turn|28
|
|t:|1660533353
|move|p2a: Regieleki|Volt Switch|p1a: Clefable
|-damage|p1a: Clefable|49/100
|
|t:|1660533355
|switch|p2a: Tapu Koko|Tapu Koko|95/100|[from]move: Volt Switch
|-fieldstart|move: Electric Terrain|[from] ability: Electric Surge|[of] p2a: Tapu Koko
|move|p1a: Clefable|Calm Mind|p1a: Clefable
|-boost|p1a: Clefable|spa|1
|-boost|p1a: Clefable|spd|1
|
|-weather|Sandstorm|[upkeep]
|-damage|p2a: Tapu Koko|89/100|[from] Sandstorm
|-damage|p1a: Clefable|43/100|[from] Sandstorm
|-heal|p1a: Clefable|49/100|[from] item: Leftovers
|upkeep
|turn|29
|
|t:|1660533359
|move|p2a: Tapu Koko|Taunt|p1a: Clefable
|-start|p1a: Clefable|move: Taunt
|move|p1a: Clefable|Moonblast|p2a: Tapu Koko
|-damage|p2a: Tapu Koko|13/100
|-unboost|p2a: Tapu Koko|spa|1
|
|-weather|Sandstorm|[upkeep]
|-damage|p2a: Tapu Koko|7/100|[from] Sandstorm
|-damage|p1a: Clefable|43/100|[from] Sandstorm
|-heal|p1a: Clefable|49/100|[from] item: Leftovers
|upkeep
|turn|30
|
|t:|1660533368
|move|p2a: Tapu Koko|Thunderbolt|p1a: Clefable
|-damage|p1a: Clefable|18/100
|move|p1a: Clefable|Moonblast|p2a: Tapu Koko
|-damage|p2a: Tapu Koko|0 fnt
|faint|p2a: Tapu Koko
|
|-weather|none
|-heal|p1a: Clefable|24/100|[from] item: Leftovers
|upkeep
|
|t:|1660533372
|switch|p2a: Regieleki|Regieleki|61/100
|turn|31
|c|☆LT93OQ cervejinha|wp
|c|☆yhdrslb|gg
|
|t:|1660533383
|move|p2a: Regieleki|Rising Voltage|p1a: Clefable
|-hint|Rising Voltage's BP doubled on grounded target.
|-damage|p1a: Clefable|0 fnt
|faint|p1a: Clefable
|
|upkeep
|
|t:|1660533385
|switch|p1a: Hippowdon|Hippowdon, F|43/100
|-weather|Sandstorm|[from] ability: Sand Stream|[of] p1a: Hippowdon
|turn|32
|
|t:|1660533390
|move|p2a: Regieleki|Rising Voltage|p1a: Hippowdon
|-hint|Rising Voltage's BP doubled on grounded target.
|-crit|p1a: Hippowdon
|-damage|p1a: Hippowdon|0 fnt
|faint|p1a: Hippowdon
|
|win|yhdrslb
|raw|LT93OQ cervejinha's rating: 1620 &rarr; <strong>1603</strong><br />(-17 for losing)
|raw|yhdrslb's rating: 1672 &rarr; <strong>1689</strong><br />(+17 for winning)
|l| C h o k a s
||Ladder isn't responding, score probably updated but might not have (Request timeout).
|l|☆LT93OQ cervejinha
