|j|☆enpathy
|j|☆Escobiere
|t:|1631308736
|gametype|singles
|player|p1|enpathy|1|1723
|player|p2|Escobiere|aaron|1733
|teamsize|p1|6
|teamsize|p2|6
|gen|8
|tier|[Gen 8] OU
|rated|
|rule|Sleep Clause Mod: Limit one foe put to sleep
|rule|Species Clause: Limit one of each Pokémon
|rule|OHKO Clause: OHKO moves are banned
|rule|Evasion Moves Clause: Evasion moves are banned
|rule|Endless Battle Clause: Forcing endless battles is banned
|rule|HP Percentage Mod: HP is shown in percentages
|rule|Dynamax Clause: You cannot dynamax
|clearpoke
|poke|p1|Salazzle, F|
|poke|p1|Dragapult, F|
|poke|p1|Corviknight, F|
|poke|p1|Slowking-Galar, F|
|poke|p1|Landorus-Therian, M|
|poke|p1|Kyurem|
|poke|p2|Clefable, M|
|poke|p2|Melmetal|
|poke|p2|Mew|
|poke|p2|Victini|
|poke|p2|Urshifu-*, M|
|poke|p2|Zapdos|
|teampreview
|inactive|Battle timer is ON: inactive players will automatically lose when time's up. (requested by Escobiere)
|j| OUTJ Johnny
|
|t:|1631308752
|start
|switch|p1a: Landorus|Landorus-Therian, M|100/100
|switch|p2a: Urshifu|Urshifu-Rapid-Strike, M|100/100
|-ability|p1a: Landorus|Intimidate|boost
|-unboost|p2a: Urshifu|atk|1
|turn|1
|
|t:|1631308762
|switch|p1a: Corviknight|Corviknight, F|100/100
|-ability|p1a: Corviknight|Pressure
|move|p2a: Urshifu|Surging Strikes|p1a: Corviknight
|-crit|p1a: Corviknight
|-damage|p1a: Corviknight|88/100
|-crit|p1a: Corviknight
|-damage|p1a: Corviknight|76/100
|-crit|p1a: Corviknight
|-damage|p1a: Corviknight|64/100
|-hitcount|p1a: Corviknight|3
|
|upkeep
|turn|2
|
|t:|1631308778
|switch|p2a: Zapdos|Zapdos|100/100
|move|p1a: Corviknight|Roost|p1a: Corviknight
|-heal|p1a: Corviknight|100/100
|-singleturn|p1a: Corviknight|move: Roost
|
|upkeep
|turn|3
|
|t:|1631308802
|switch|p1a: Landorus|Landorus-Therian, M|100/100
|-ability|p1a: Landorus|Intimidate|boost
|-unboost|p2a: Zapdos|atk|1
|move|p2a: Zapdos|Discharge|p1a: Landorus
|-immune|p1a: Landorus
|
|upkeep
|turn|4
|j| C0MU5
|l| C0MU5
|
|t:|1631308813
|switch|p2a: Clefable|Clefable, M|100/100
|move|p1a: Landorus|Toxic|p2a: Clefable
|-status|p2a: Clefable|tox
|
|upkeep
|turn|5
|
|t:|1631308826
|move|p1a: Landorus|Stealth Rock|p2a: Clefable
|-sidestart|p2: Escobiere|move: Stealth Rock
|move|p2a: Clefable|Teleport|p2a: Clefable
|
|t:|1631308836
|switch|p2a: Urshifu|Urshifu-Rapid-Strike, M|100/100|[from]move: Teleport
|-damage|p2a: Urshifu|94/100|[from] Stealth Rock
|
|upkeep
|turn|6
|
|t:|1631308843
|switch|p1a: Corviknight|Corviknight, F|100/100
|-ability|p1a: Corviknight|Pressure
|move|p2a: Urshifu|Surging Strikes|p1a: Corviknight
|-crit|p1a: Corviknight
|-damage|p1a: Corviknight|88/100
|-crit|p1a: Corviknight
|-damage|p1a: Corviknight|76/100
|-crit|p1a: Corviknight
|-damage|p1a: Corviknight|63/100
|-hitcount|p1a: Corviknight|3
|
|upkeep
|turn|7
|
|t:|1631308853
|move|p2a: Urshifu|Thunder Punch|p1a: Corviknight
|-supereffective|p1a: Corviknight
|-crit|p1a: Corviknight
|-damage|p1a: Corviknight|15/100
|move|p1a: Corviknight|Roost|p1a: Corviknight
|-heal|p1a: Corviknight|65/100
|-singleturn|p1a: Corviknight|move: Roost
|
|upkeep
|turn|8
|j| Use BW sprites
|
|t:|1631308861
|move|p2a: Urshifu|Thunder Punch|p1a: Corviknight
|-supereffective|p1a: Corviknight
|-damage|p1a: Corviknight|32/100
|move|p1a: Corviknight|Roost|p1a: Corviknight
|-heal|p1a: Corviknight|82/100
|-singleturn|p1a: Corviknight|move: Roost
|
|upkeep
|turn|9
|c| OUTJ Johnny|cc does more
|
|t:|1631308868
|move|p2a: Urshifu|Thunder Punch|p1a: Corviknight
|-supereffective|p1a: Corviknight
|-damage|p1a: Corviknight|50/100
|move|p1a: Corviknight|Roost|p1a: Corviknight
|-heal|p1a: Corviknight|99/100
|-singleturn|p1a: Corviknight|move: Roost
|
|upkeep
|turn|10
|
|t:|1631308876
|switch|p1a: Slowking|Slowking-Galar, F|100/100
|move|p2a: Urshifu|Thunder Punch|p1a: Slowking
|-damage|p1a: Slowking|72/100
|
|upkeep
|turn|11
|
|t:|1631308892
|move|p2a: Urshifu|U-turn|p1a: Slowking
|-damage|p1a: Slowking|46/100
|
|t:|1631308895
|switch|p2a: Melmetal|Melmetal|100/100|[from]move: U-turn
|-damage|p2a: Melmetal|94/100|[from] Stealth Rock
|move|p1a: Slowking|Future Sight|p2a: Melmetal
|-start|p1a: Slowking|move: Future Sight
|
|upkeep
|turn|12
|
|t:|1631308912
|switch|p1a: Corviknight|Corviknight, F|99/100
|-ability|p1a: Corviknight|Pressure
|move|p2a: Melmetal|Ice Punch|p1a: Corviknight
|-damage|p1a: Corviknight|78/100
|-damage|p2a: Melmetal|78/100|[from] item: Rocky Helmet|[of] p1a: Corviknight
|
|upkeep
|turn|13
|
|t:|1631308928
|move|p1a: Corviknight|Roost|p1a: Corviknight
|-heal|p1a: Corviknight|100/100
|-singleturn|p1a: Corviknight|move: Roost
|move|p2a: Melmetal|Thunder Punch|p1a: Corviknight
|-damage|p1a: Corviknight|76/100
|-damage|p2a: Melmetal|61/100|[from] item: Rocky Helmet|[of] p1a: Corviknight
|
|-end|p2a: Melmetal|move: Future Sight
|-resisted|p2a: Melmetal
|-damage|p2a: Melmetal|49/100
|upkeep
|turn|14
|
|t:|1631308938
|switch|p2a: Zapdos|Zapdos|100/100
|move|p1a: Corviknight|Body Press|p2a: Zapdos
|-resisted|p2a: Zapdos
|-damage|p2a: Zapdos|91/100
|
|upkeep
|turn|15
|
|t:|1631308945
|switch|p1a: Landorus|Landorus-Therian, M|100/100
|-ability|p1a: Landorus|Intimidate|boost
|-unboost|p2a: Zapdos|atk|1
|move|p2a: Zapdos|Defog|p1a: Landorus
|-unboost|p1a: Landorus|evasion|1
|-sideend|p2: Escobiere|Stealth Rock|[from] move: Defog|[of] p2a: Zapdos
|
|upkeep
|turn|16
|j| assddff
|
|t:|1631308960
|move|p2a: Zapdos|Defog|p1a: Landorus
|-unboost|p1a: Landorus|evasion|1
|move|p1a: Landorus|Toxic|p2a: Zapdos
|-status|p2a: Zapdos|tox
|
|-damage|p2a: Zapdos|85/100 tox|[from] psn
|upkeep
|turn|17
|
|t:|1631308966
|switch|p2a: Clefable|Clefable, M|100/100 tox
|move|p1a: Landorus|Stealth Rock|p2a: Clefable
|-sidestart|p2: Escobiere|move: Stealth Rock
|
|upkeep
|turn|18
|
|t:|1631308973
|switch|p1a: Slowking|Slowking-Galar, F|80/100
|switch|p2a: Zapdos|Zapdos|85/100 tox
|
|-damage|p2a: Zapdos|79/100 tox|[from] psn
|upkeep
|turn|19
|
|t:|1631308979
|switch|p1a: Landorus|Landorus-Therian, M|100/100
|-ability|p1a: Landorus|Intimidate|boost
|-unboost|p2a: Zapdos|atk|1
|move|p2a: Zapdos|Defog|p1a: Landorus
|-unboost|p1a: Landorus|evasion|1
|-sideend|p2: Escobiere|Stealth Rock|[from] move: Defog|[of] p2a: Zapdos
|
|-damage|p2a: Zapdos|66/100 tox|[from] psn
|upkeep
|turn|20
|
|t:|1631308987
|switch|p2a: Clefable|Clefable, M|100/100 tox
|move|p1a: Landorus|Stealth Rock|p2a: Clefable
|-sidestart|p2: Escobiere|move: Stealth Rock
|
|upkeep
|turn|21
|
|t:|1631308997
|switch|p1a: Slowking|Slowking-Galar, F|100/100
|move|p2a: Clefable|Wish|p2a: Clefable
|
|upkeep
|turn|22
|
|t:|1631309007
|switch|p2a: Melmetal|Melmetal|49/100
|-damage|p2a: Melmetal|43/100|[from] Stealth Rock
|move|p1a: Slowking|Future Sight|p2a: Melmetal
|-start|p1a: Slowking|move: Future Sight
|
|-heal|p2a: Melmetal|91/100|[from] move: Wish|[wisher] Clefable
|upkeep
|turn|23
|
|t:|1631309020
|switch|p2a: Zapdos|Zapdos|66/100 tox
|switch|p1a: Corviknight|Corviknight, F|76/100
|-ability|p1a: Corviknight|Pressure
|
|-damage|p2a: Zapdos|60/100 tox|[from] psn
|upkeep
|turn|24
|
|t:|1631309032
|switch|p1a: Dragapult|Dragapult, F|100/100
|move|p2a: Zapdos|Roost|p2a: Zapdos
|-heal|p2a: Zapdos|100/100 tox
|-singleturn|p2a: Zapdos|move: Roost
|
|-end|p2a: Zapdos|move: Future Sight
|-damage|p2a: Zapdos|60/100 tox
|-damage|p2a: Zapdos|47/100 tox|[from] psn
|upkeep
|turn|25
|
|t:|1631309046
|switch|p2a: Melmetal|Melmetal|91/100
|-damage|p2a: Melmetal|85/100|[from] Stealth Rock
|move|p1a: Dragapult|Hex|p2a: Melmetal
|-damage|p2a: Melmetal|68/100
|
|upkeep
|turn|26
|
|t:|1631309074
|switch|p1a: Corviknight|Corviknight, F|76/100
|-ability|p1a: Corviknight|Pressure
|move|p2a: Melmetal|Ice Punch|p1a: Corviknight
|-damage|p1a: Corviknight|54/100
|-damage|p2a: Melmetal|52/100|[from] item: Rocky Helmet|[of] p1a: Corviknight
|
|upkeep
|turn|27
|
|t:|1631309082
|switch|p2a: Clefable|Clefable, M|100/100 tox
|move|p1a: Corviknight|Roost|p1a: Corviknight
|-heal|p1a: Corviknight|100/100
|-singleturn|p1a: Corviknight|move: Roost
|
|upkeep
|turn|28
|
|t:|1631309090
|move|p2a: Clefable|Wish|p2a: Clefable
|move|p1a: Corviknight|U-turn|p2a: Clefable
|-resisted|p2a: Clefable
|-damage|p2a: Clefable|95/100 tox
|
|t:|1631309094
|switch|p1a: Salazzle|Salazzle, F|100/100|[from]move: U-turn
|
|-heal|p2a: Clefable|100/100 tox|[from] item: Leftovers
|upkeep
|turn|29
|j| MonstruodeBolsillo
|
|t:|1631309112
|switch|p2a: Victini|Victini|100/100
|-damage|p2a: Victini|76/100|[from] Stealth Rock
|move|p1a: Salazzle|Sludge Wave|p2a: Victini
|-damage|p2a: Victini|34/100
|
|-heal|p2a: Victini|92/100|[from] move: Wish|[wisher] Clefable
|upkeep
|turn|30
|
|t:|1631309131
|switch|p1a: Kyurem|Kyurem|100/100
|-ability|p1a: Kyurem|Pressure
|move|p2a: Victini|V-create|p1a: Kyurem
|-damage|p1a: Kyurem|52/100
|-unboost|p2a: Victini|spe|1
|-unboost|p2a: Victini|def|1
|-unboost|p2a: Victini|spd|1
|
|upkeep
|turn|31
|j| C0MU5
|l| C0MU5
|
|t:|1631309144
|switch|p2a: Clefable|Clefable, M|100/100 tox
|move|p1a: Kyurem|Roost|p1a: Kyurem
|-heal|p1a: Kyurem|100/100
|-singleturn|p1a: Kyurem|move: Roost
|
|upkeep
|turn|32
|
|t:|1631309153
|switch|p1a: Salazzle|Salazzle, F|100/100
|move|p2a: Clefable|Wish|p2a: Clefable
|
|upkeep
|turn|33
|j| xdfgjfguk
|
|t:|1631309162
|switch|p2a: Melmetal|Melmetal|52/100
|-damage|p2a: Melmetal|46/100|[from] Stealth Rock
|move|p1a: Salazzle|Knock Off|p2a: Melmetal
|-damage|p2a: Melmetal|36/100
|-enditem|p2a: Melmetal|Assault Vest|[from] move: Knock Off|[of] p1a: Salazzle
|
|-heal|p2a: Melmetal|84/100|[from] move: Wish|[wisher] Clefable
|upkeep
|turn|34
|
|t:|1631309183
|switch|p1a: Corviknight|Corviknight, F|100/100
|-ability|p1a: Corviknight|Pressure
|switch|p2a: Zapdos|Zapdos|47/100 tox
|
|-damage|p2a: Zapdos|41/100 tox|[from] psn
|upkeep
|turn|35
|
|t:|1631309195
|switch|p1a: Slowking|Slowking-Galar, F|100/100
|move|p2a: Zapdos|Defog|p1a: Slowking
|-unboost|p1a: Slowking|evasion|1
|-sideend|p2: Escobiere|Stealth Rock|[from] move: Defog|[of] p2a: Zapdos
|
|-damage|p2a: Zapdos|28/100 tox|[from] psn
|upkeep
|turn|36
|
|t:|1631309202
|switch|p1a: Landorus|Landorus-Therian, M|100/100
|-ability|p1a: Landorus|Intimidate|boost
|-unboost|p2a: Zapdos|atk|1
|move|p2a: Zapdos|Roost|p2a: Zapdos
|-heal|p2a: Zapdos|78/100 tox
|-singleturn|p2a: Zapdos|move: Roost
|
|-damage|p2a: Zapdos|60/100 tox|[from] psn
|upkeep
|turn|37
|j| Brotherarcanine
|l| Brotherarcanine
|
|t:|1631309214
|switch|p2a: Clefable|Clefable, M|100/100 tox
|move|p1a: Landorus|Earthquake|p2a: Clefable
|-damage|p2a: Clefable|64/100 tox
|
|-heal|p2a: Clefable|71/100 tox|[from] item: Leftovers
|upkeep
|turn|38
|
|t:|1631309222
|move|p1a: Landorus|Stealth Rock|p2a: Clefable
|-sidestart|p2: Escobiere|move: Stealth Rock
|move|p2a: Clefable|Wish|p2a: Clefable
|
|-heal|p2a: Clefable|77/100 tox|[from] item: Leftovers
|upkeep
|turn|39
|
|t:|1631309235
|move|p1a: Landorus|Earthquake|p2a: Clefable
|-damage|p2a: Clefable|43/100 tox
|move|p2a: Clefable|Moonblast|p1a: Landorus
|-damage|p1a: Landorus|76/100
|
|-heal|p2a: Clefable|93/100 tox|[from] move: Wish|[wisher] Clefable
|-heal|p1a: Landorus|82/100|[from] item: Leftovers
|-heal|p2a: Clefable|99/100 tox|[from] item: Leftovers
|upkeep
|turn|40
|
|t:|1631309252
|move|p1a: Landorus|U-turn|p2a: Clefable
|-resisted|p2a: Clefable
|-damage|p2a: Clefable|91/100 tox
|
|t:|1631309255
|switch|p1a: Salazzle|Salazzle, F|100/100|[from]move: U-turn
|move|p2a: Clefable|Teleport|p2a: Clefable
|
|t:|1631309259
|switch|p2a: Urshifu|Urshifu-Rapid-Strike, M|94/100|[from]move: Teleport
|-damage|p2a: Urshifu|88/100|[from] Stealth Rock
|
|upkeep
|turn|41
|
|t:|1631309271
|switch|p1a: Corviknight|Corviknight, F|100/100
|-ability|p1a: Corviknight|Pressure
|move|p2a: Urshifu|U-turn|p1a: Corviknight
|-resisted|p1a: Corviknight
|-damage|p1a: Corviknight|97/100
|
|t:|1631309279
|switch|p2a: Zapdos|Zapdos|60/100 tox|[from]move: U-turn
|
|-damage|p2a: Zapdos|53/100 tox|[from] psn
|upkeep
|turn|42
|
|t:|1631309287
|switch|p1a: Landorus|Landorus-Therian, M|82/100
|-ability|p1a: Landorus|Intimidate|boost
|-unboost|p2a: Zapdos|atk|1
|move|p2a: Zapdos|Defog|p1a: Landorus
|-unboost|p1a: Landorus|evasion|1
|-sideend|p2: Escobiere|Stealth Rock|[from] move: Defog|[of] p2a: Zapdos
|
|-heal|p1a: Landorus|88/100|[from] item: Leftovers
|-damage|p2a: Zapdos|41/100 tox|[from] psn
|upkeep
|turn|43
|
|t:|1631309299
|switch|p2a: Clefable|Clefable, M|91/100 tox
|move|p1a: Landorus|Earthquake|p2a: Clefable
|-damage|p2a: Clefable|53/100 tox
|
|-heal|p1a: Landorus|94/100|[from] item: Leftovers
|-heal|p2a: Clefable|59/100 tox|[from] item: Leftovers
|upkeep
|turn|44
|
|t:|1631309307
|move|p1a: Landorus|Stealth Rock|p2a: Clefable
|-sidestart|p2: Escobiere|move: Stealth Rock
|move|p2a: Clefable|Wish|p2a: Clefable
|
|-heal|p1a: Landorus|99/100|[from] item: Leftovers
|-heal|p2a: Clefable|65/100 tox|[from] item: Leftovers
|upkeep
|turn|45
|
|t:|1631309313
|move|p1a: Landorus|U-turn|p2a: Clefable
|-resisted|p2a: Clefable
|-damage|p2a: Clefable|56/100 tox
|
|t:|1631309315
|switch|p1a: Corviknight|Corviknight, F|97/100|[from]move: U-turn
|-ability|p1a: Corviknight|Pressure
|move|p2a: Clefable|Moonblast|p1a: Corviknight
|-resisted|p1a: Corviknight
|-damage|p1a: Corviknight|80/100
|-unboost|p1a: Corviknight|spa|1
|
|-heal|p2a: Clefable|100/100 tox|[from] move: Wish|[wisher] Clefable
|upkeep
|turn|46
|
|t:|1631309326
|move|p1a: Corviknight|U-turn|p2a: Clefable
|-resisted|p2a: Clefable
|-damage|p2a: Clefable|96/100 tox
|j| Miltank25
|
|t:|1631309327
|switch|p1a: Salazzle|Salazzle, F|100/100|[from]move: U-turn
|move|p2a: Clefable|Teleport|p2a: Clefable
|j| ready for the lose
|
|t:|1631309345
|switch|p2a: Urshifu|Urshifu-Rapid-Strike, M|88/100|[from]move: Teleport
|-damage|p2a: Urshifu|82/100|[from] Stealth Rock
|
|upkeep
|turn|47
|l| MonstruodeBolsillo
|
|t:|1631309357
|switch|p1a: Slowking|Slowking-Galar, F|100/100
|move|p2a: Urshifu|Close Combat|p1a: Slowking
|-resisted|p1a: Slowking
|-damage|p1a: Slowking|83/100
|-unboost|p2a: Urshifu|def|1
|-unboost|p2a: Urshifu|spd|1
|
|upkeep
|turn|48
|
|t:|1631309364
|move|p2a: Urshifu|U-turn|p1a: Slowking
|-damage|p1a: Slowking|60/100
|
|t:|1631309371
|switch|p2a: Melmetal|Melmetal|84/100|[from]move: U-turn
|-damage|p2a: Melmetal|78/100|[from] Stealth Rock
|move|p1a: Slowking|Sludge Bomb|p2a: Melmetal
|-immune|p2a: Melmetal
|
|upkeep
|turn|49
|
|t:|1631309384
|switch|p1a: Corviknight|Corviknight, F|80/100
|-ability|p1a: Corviknight|Pressure
|move|p2a: Melmetal|Thunder Punch|p1a: Corviknight
|-supereffective|p1a: Corviknight
|-damage|p1a: Corviknight|34/100
|-damage|p2a: Melmetal|62/100|[from] item: Rocky Helmet|[of] p1a: Corviknight
|
|upkeep
|turn|50
|
|t:|1631309395
|switch|p1a: Landorus|Landorus-Therian, M|99/100
|-ability|p1a: Landorus|Intimidate|boost
|-unboost|p2a: Melmetal|atk|1
|move|p2a: Melmetal|Earthquake|p1a: Landorus
|-immune|p1a: Landorus
|
|-heal|p1a: Landorus|100/100|[from] item: Leftovers
|upkeep
|turn|51
|
|t:|1631309405
|switch|p2a: Clefable|Clefable, M|96/100 tox
|move|p1a: Landorus|U-turn|p2a: Clefable
|-resisted|p2a: Clefable
|-damage|p2a: Clefable|87/100 tox
|
|t:|1631309410
|switch|p1a: Corviknight|Corviknight, F|34/100|[from]move: U-turn
|-ability|p1a: Corviknight|Pressure
|
|-heal|p2a: Clefable|93/100 tox|[from] item: Leftovers
|upkeep
|turn|52
|
|t:|1631309416
|move|p2a: Clefable|Wish|p2a: Clefable
|move|p1a: Corviknight|Roost|p1a: Corviknight
|-heal|p1a: Corviknight|84/100
|-singleturn|p1a: Corviknight|move: Roost
|
|-heal|p2a: Clefable|99/100 tox|[from] item: Leftovers
|upkeep
|turn|53
|j| Erayy
|l| Erayy
|
|t:|1631309428
|switch|p2a: Melmetal|Melmetal|62/100
|-damage|p2a: Melmetal|55/100|[from] Stealth Rock
|move|p1a: Corviknight|U-turn|p2a: Melmetal
|-resisted|p2a: Melmetal
|-damage|p2a: Melmetal|51/100
|
|t:|1631309432
|switch|p1a: Landorus|Landorus-Therian, M|100/100|[from]move: U-turn
|-ability|p1a: Landorus|Intimidate|boost
|-unboost|p2a: Melmetal|atk|1
|
|-heal|p2a: Melmetal|99/100|[from] move: Wish|[wisher] Clefable
|upkeep
|turn|54
|
|t:|1631309440
|move|p1a: Landorus|U-turn|p2a: Melmetal
|-resisted|p2a: Melmetal
|-damage|p2a: Melmetal|92/100
|
|t:|1631309441
|switch|p1a: Corviknight|Corviknight, F|84/100|[from]move: U-turn
|-ability|p1a: Corviknight|Pressure
|move|p2a: Melmetal|Ice Punch|p1a: Corviknight
|-damage|p1a: Corviknight|70/100
|-damage|p2a: Melmetal|76/100|[from] item: Rocky Helmet|[of] p1a: Corviknight
|
|upkeep
|turn|55
|
|t:|1631309455
|switch|p2a: Clefable|Clefable, M|99/100 tox
|move|p1a: Corviknight|U-turn|p2a: Clefable
|-resisted|p2a: Clefable
|-damage|p2a: Clefable|94/100 tox
|
|t:|1631309456
|switch|p1a: Salazzle|Salazzle, F|100/100|[from]move: U-turn
|
|-heal|p2a: Clefable|99/100 tox|[from] item: Leftovers
|upkeep
|turn|56
|
|t:|1631309474
|move|p2a: Clefable|Protect|p2a: Clefable
|-singleturn|p2a: Clefable|Protect
|move|p1a: Salazzle|Flamethrower|p2a: Clefable
|-activate|p2a: Clefable|move: Protect
|
|-heal|p2a: Clefable|100/100 tox|[from] item: Leftovers
|upkeep
|turn|57
|
|t:|1631309482
|move|p1a: Salazzle|Flamethrower|p2a: Clefable
|-damage|p2a: Clefable|62/100 tox
|move|p2a: Clefable|Teleport|p2a: Clefable
|
|t:|1631309489
|switch|p2a: Urshifu|Urshifu-Rapid-Strike, M|82/100|[from]move: Teleport
|-damage|p2a: Urshifu|76/100|[from] Stealth Rock
|
|upkeep
|turn|58
|
|t:|1631309506
|switch|p1a: Slowking|Slowking-Galar, F|93/100
|move|p2a: Urshifu|Surging Strikes|p1a: Slowking
|-crit|p1a: Slowking
|-damage|p1a: Slowking|73/100
|-crit|p1a: Slowking
|-damage|p1a: Slowking|54/100
|-crit|p1a: Slowking
|-damage|p1a: Slowking|32/100
|-hitcount|p1a: Slowking|3
|
|upkeep
|turn|59
|
|t:|1631309530
|switch|p1a: Dragapult|Dragapult, F|100/100
|move|p2a: Urshifu|Close Combat|p1a: Dragapult
|-immune|p1a: Dragapult
|
|upkeep
|turn|60
|
|t:|1631309543
|switch|p2a: Melmetal|Melmetal|76/100
|-damage|p2a: Melmetal|70/100|[from] Stealth Rock
|move|p1a: Dragapult|Hex|p2a: Melmetal
|-damage|p2a: Melmetal|45/100
|
|upkeep
|turn|61
|j| DefNotNinjack
|
|t:|1631309552
|switch|p1a: Corviknight|Corviknight, F|70/100
|-ability|p1a: Corviknight|Pressure
|switch|p2a: Victini|Victini|92/100
|-damage|p2a: Victini|67/100|[from] Stealth Rock
|
|upkeep
|turn|62
|
|t:|1631309571
|switch|p1a: Kyurem|Kyurem|100/100
|-ability|p1a: Kyurem|Pressure
|move|p2a: Victini|V-create|p1a: Kyurem
|-damage|p1a: Kyurem|53/100
|-unboost|p2a: Victini|spe|1
|-unboost|p2a: Victini|def|1
|-unboost|p2a: Victini|spd|1
|
|upkeep
|turn|63
|
|t:|1631309586
|switch|p2a: Urshifu|Urshifu-Rapid-Strike, M|76/100
|-damage|p2a: Urshifu|70/100|[from] Stealth Rock
|move|p1a: Kyurem|Roost|p1a: Kyurem
|-heal|p1a: Kyurem|100/100
|-singleturn|p1a: Kyurem|move: Roost
|
|upkeep
|turn|64
|j| EvilSquirrelLover
|
|t:|1631309599
|switch|p1a: Dragapult|Dragapult, F|100/100
|move|p2a: Urshifu|Close Combat|p1a: Dragapult
|-immune|p1a: Dragapult
|
|upkeep
|turn|65
|inactive|Escobiere has 120 seconds left.
|
|t:|1631309627
|switch|p2a: Zapdos|Zapdos|41/100 tox
|move|p1a: Dragapult|Hex|p2a: Zapdos
|-damage|p2a: Zapdos|0 fnt
|faint|p2a: Zapdos
|
|upkeep
|l| Use BW sprites
|j| Use BW sprites
|inactive|Escobiere has 90 seconds left.
|
|t:|1631309656
|switch|p2a: Melmetal|Melmetal|45/100
|-damage|p2a: Melmetal|38/100|[from] Stealth Rock
|turn|66
|
|t:|1631309661
|switch|p1a: Corviknight|Corviknight, F|70/100
|-ability|p1a: Corviknight|Pressure
|switch|p2a: Clefable|Clefable, M|62/100 tox
|
|-heal|p2a: Clefable|68/100 tox|[from] item: Leftovers
|upkeep
|turn|67
|
|t:|1631309670
|move|p2a: Clefable|Wish|p2a: Clefable
|move|p1a: Corviknight|U-turn|p2a: Clefable
|-resisted|p2a: Clefable
|-damage|p2a: Clefable|63/100 tox
|
|t:|1631309673
|switch|p1a: Salazzle|Salazzle, F|100/100|[from]move: U-turn
|
|-heal|p2a: Clefable|69/100 tox|[from] item: Leftovers
|upkeep
|turn|68
|j| MonstruodeBolsillo
|
|t:|1631309680
|move|p2a: Clefable|Protect|p2a: Clefable
|-singleturn|p2a: Clefable|Protect
|move|p1a: Salazzle|Flamethrower|p2a: Clefable
|-activate|p2a: Clefable|move: Protect
|
|-heal|p2a: Clefable|100/100 tox|[from] move: Wish|[wisher] Clefable
|upkeep
|turn|69
|
|t:|1631309690
|move|p1a: Salazzle|Sludge Wave|p2a: Clefable
|-supereffective|p2a: Clefable
|-damage|p2a: Clefable|21/100 tox
|move|p2a: Clefable|Wish|p2a: Clefable
|
|-heal|p2a: Clefable|27/100 tox|[from] item: Leftovers
|upkeep
|turn|70
|inactive|Escobiere has 120 seconds left.
|
|t:|1631309708
|switch|p2a: Mew|Mew|100/100
|-damage|p2a: Mew|88/100|[from] Stealth Rock
|move|p1a: Salazzle|Flamethrower|p2a: Mew
|-damage|p2a: Mew|54/100
|
|-heal|p2a: Mew|100/100|[from] move: Wish|[wisher] Clefable
|upkeep
|turn|71
|l| assddff
|j| assddff
|
|t:|1631309717
|move|p1a: Salazzle|Toxic|p2a: Mew
|-status|p2a: Mew|tox
|-activate|p2a: Mew|ability: Synchronize
|-immune|p1a: Salazzle
|move|p2a: Mew|Cosmic Power|p2a: Mew
|-boost|p2a: Mew|def|1
|-boost|p2a: Mew|spd|1
|
|-damage|p2a: Mew|94/100 tox|[from] psn
|upkeep
|turn|72
|inactive|Escobiere has 120 seconds left.
|
|t:|1631309731
|switch|p1a: Corviknight|Corviknight, F|70/100
|-ability|p1a: Corviknight|Pressure
|move|p2a: Mew|Cosmic Power|p2a: Mew
|-boost|p2a: Mew|def|1
|-boost|p2a: Mew|spd|1
|
|-heal|p2a: Mew|100/100 tox|[from] item: Leftovers
|-damage|p2a: Mew|88/100 tox|[from] psn
|upkeep
|turn|73
|inactive|Escobiere has 120 seconds left.
|
|t:|1631309740
|move|p2a: Mew|Cosmic Power|p2a: Mew
|-boost|p2a: Mew|def|1
|-boost|p2a: Mew|spd|1
|move|p1a: Corviknight|Roost|p1a: Corviknight
|-heal|p1a: Corviknight|100/100
|-singleturn|p1a: Corviknight|move: Roost
|
|-heal|p2a: Mew|94/100 tox|[from] item: Leftovers
|-damage|p2a: Mew|76/100 tox|[from] psn
|upkeep
|turn|74
|inactive|Escobiere has 120 seconds left.
|
|t:|1631309753
|switch|p1a: Slowking|Slowking-Galar, F|66/100
|move|p2a: Mew|Body Press|p1a: Slowking
|-resisted|p1a: Slowking
|-damage|p1a: Slowking|49/100
|
|-heal|p2a: Mew|82/100 tox|[from] item: Leftovers
|-damage|p2a: Mew|57/100 tox|[from] psn
|upkeep
|turn|75
|inactive|Escobiere has 120 seconds left.
|l| ready for the lose
|
|t:|1631309770
|switch|p1a: Corviknight|Corviknight, F|100/100
|-ability|p1a: Corviknight|Pressure
|move|p2a: Mew|Roost|p2a: Mew
|-heal|p2a: Mew|100/100 tox
|-singleturn|p2a: Mew|move: Roost
|
|-damage|p2a: Mew|70/100 tox|[from] psn
|upkeep
|turn|76
|
|t:|1631309779
|move|p2a: Mew|Body Press|p1a: Corviknight
|-damage|p1a: Corviknight|65/100
|-damage|p2a: Mew|53/100 tox|[from] item: Rocky Helmet|[of] p1a: Corviknight
|move|p1a: Corviknight|Roost|p1a: Corviknight
|-heal|p1a: Corviknight|100/100
|-singleturn|p1a: Corviknight|move: Roost
|
|-heal|p2a: Mew|59/100 tox|[from] item: Leftovers
|-damage|p2a: Mew|22/100 tox|[from] psn
|upkeep
|turn|77
|inactive|Escobiere has 120 seconds left.
|
|t:|1631309797
|switch|p1a: Slowking|Slowking-Galar, F|82/100
|move|p2a: Mew|Roost|p2a: Mew
|-heal|p2a: Mew|72/100 tox
|-singleturn|p2a: Mew|move: Roost
|
|-heal|p2a: Mew|78/100 tox|[from] item: Leftovers
|-damage|p2a: Mew|35/100 tox|[from] psn
|upkeep
|turn|78
|inactive|Escobiere has 120 seconds left.
|
|t:|1631309812
|switch|p2a: Clefable|Clefable, M|27/100 tox
|move|p1a: Slowking|Sludge Bomb|p2a: Clefable
|-supereffective|p2a: Clefable
|-damage|p2a: Clefable|0 fnt
|faint|p2a: Clefable
|
|upkeep
|inactive|Escobiere has 120 seconds left.
|
|t:|1631309827
|switch|p2a: Melmetal|Melmetal|38/100
|-damage|p2a: Melmetal|32/100|[from] Stealth Rock
|turn|79
|
|t:|1631309832
|switch|p2a: Victini|Victini|67/100
|-damage|p2a: Victini|42/100|[from] Stealth Rock
|switch|p1a: Corviknight|Corviknight, F|100/100
|-ability|p1a: Corviknight|Pressure
|
|upkeep
|turn|80
|
|t:|1631309846
|switch|p2a: Urshifu|Urshifu-Rapid-Strike, M|70/100
|-damage|p2a: Urshifu|64/100|[from] Stealth Rock
|switch|p1a: Kyurem|Kyurem|100/100
|-ability|p1a: Kyurem|Pressure
|
|upkeep
|turn|81
|
|t:|1631309857
|switch|p1a: Corviknight|Corviknight, F|100/100
|-ability|p1a: Corviknight|Pressure
|move|p2a: Urshifu|Surging Strikes|p1a: Corviknight
|-crit|p1a: Corviknight
|-damage|p1a: Corviknight|88/100
|-crit|p1a: Corviknight
|-damage|p1a: Corviknight|75/100
|-crit|p1a: Corviknight
|-damage|p1a: Corviknight|62/100
|-hitcount|p1a: Corviknight|3
|
|upkeep
|turn|82
|
|t:|1631309870
|move|p2a: Urshifu|Thunder Punch|p1a: Corviknight
|-supereffective|p1a: Corviknight
|-damage|p1a: Corviknight|28/100
|move|p1a: Corviknight|Roost|p1a: Corviknight
|-heal|p1a: Corviknight|78/100
|-singleturn|p1a: Corviknight|move: Roost
|
|upkeep
|turn|83
|
|t:|1631309877
|switch|p1a: Landorus|Landorus-Therian, M|100/100
|-ability|p1a: Landorus|Intimidate|boost
|-unboost|p2a: Urshifu|atk|1
|move|p2a: Urshifu|Thunder Punch|p1a: Landorus
|-immune|p1a: Landorus
|
|upkeep
|turn|84
|
|t:|1631309884
|switch|p1a: Slowking|Slowking-Galar, F|100/100
|move|p2a: Urshifu|U-turn|p1a: Slowking
|-damage|p1a: Slowking|84/100
|
|t:|1631309891
|switch|p2a: Victini|Victini|42/100|[from]move: U-turn
|-damage|p2a: Victini|17/100|[from] Stealth Rock
|
|upkeep
|turn|85
|inactive|Escobiere has 120 seconds left.
|
|t:|1631309906
|switch|p1a: Kyurem|Kyurem|100/100
|-ability|p1a: Kyurem|Pressure
|move|p2a: Victini|V-create|p1a: Kyurem
|-damage|p1a: Kyurem|51/100
|-unboost|p2a: Victini|spe|1
|-unboost|p2a: Victini|def|1
|-unboost|p2a: Victini|spd|1
|
|upkeep
|turn|86
|inactive|Escobiere has 120 seconds left.
|
|t:|1631309914
|move|p2a: Victini|V-create|p1a: Kyurem
|-damage|p1a: Kyurem|0 fnt
|-unboost|p2a: Victini|spe|1
|-unboost|p2a: Victini|def|1
|-unboost|p2a: Victini|spd|1
|faint|p1a: Kyurem
|
|upkeep
|
|t:|1631309918
|switch|p1a: Dragapult|Dragapult, F|100/100
|turn|87
|
|t:|1631309926
|move|p1a: Dragapult|Substitute|p1a: Dragapult
|-start|p1a: Dragapult|Substitute
|-damage|p1a: Dragapult|76/100
|-activate|p2a: Victini|move: Struggle
|move|p2a: Victini|Struggle|p1a: Dragapult
|-activate|p1a: Dragapult|move: Substitute|[damage]
|-damage|p2a: Victini|0 fnt|[from] recoil
|faint|p2a: Victini
|
|-heal|p1a: Dragapult|82/100|[from] item: Leftovers
|upkeep
|inactive|Escobiere has 120 seconds left.
|
|t:|1631309938
|switch|p2a: Melmetal|Melmetal|32/100
|-damage|p2a: Melmetal|26/100|[from] Stealth Rock
|turn|88
|l| Miltank25
|
|t:|1631309947
|switch|p1a: Corviknight|Corviknight, F|78/100
|-ability|p1a: Corviknight|Pressure
|move|p2a: Melmetal|Double Iron Bash|p1a: Corviknight
|-resisted|p1a: Corviknight
|-damage|p1a: Corviknight|65/100
|-damage|p2a: Melmetal|10/100|[from] item: Rocky Helmet|[of] p1a: Corviknight
|-resisted|p1a: Corviknight
|-damage|p1a: Corviknight|51/100
|-damage|p2a: Melmetal|0 fnt|[from] item: Rocky Helmet|[of] p1a: Corviknight
|faint|p2a: Melmetal
|-hitcount|p1a: Corviknight|2
|
|upkeep
|inactive|Escobiere has 120 seconds left.
|c|☆Escobiere|gg
|c|☆enpathy|gg
|-message|Escobiere forfeited.
|
|win|enpathy
|raw|enpathy's rating: 1723 &rarr; <strong>1744</strong><br />(+21 for winning)
|raw|Escobiere's rating: 1733 &rarr; <strong>1712</strong><br />(-21 for losing)
|l|☆Escobiere
|l| OUTJ Johnny
|l|☆enpathy
|l| EvilSquirrelLover
||Ladder isn't responding, score probably updated but might not have (Request timeout).
|l| MonstruodeBolsillo
