|j|☆Elite4Donovan
|j|☆Alejndro Sosa
|t:|1651286125
|gametype|singles
|player|p1|Elite4Donovan|lucas|1485
|player|p2|Alejndro Sosa|morty|1523
|teamsize|p1|6
|teamsize|p2|6
|gen|8
|tier|[Gen 8] OU
|rated|
|rule|Sleep Clause Mod: Limit one foe put to sleep
|rule|Species Clause: Limit one of each Pokémon
|rule|OHKO Clause: OHKO moves are banned
|rule|Evasion Moves Clause: Evasion moves are banned
|rule|Endless Battle Clause: Forcing endless battles is banned
|rule|HP Percentage Mod: HP is shown in percentages
|rule|Dynamax Clause: You cannot dynamax
|clearpoke
|poke|p1|Grapploct, M|
|poke|p1|Regidrago|
|poke|p1|Zapdos|
|poke|p1|Nidoking, M|
|poke|p1|Melmetal|
|poke|p1|Swampert, F|
|poke|p2|Weavile, F|
|poke|p2|Kartana|
|poke|p2|Tapu Koko|
|poke|p2|Landorus-Therian, M|
|poke|p2|Slowbro, F|
|poke|p2|Heatran, F|
|teampreview
|inactive|Battle timer is ON: inactive players will automatically lose when time's up. (requested by Alejndro Sosa)
|
|t:|1651286136
|start
|switch|p1a: Ricardo D. Rago|Regidrago|100/100
|switch|p2a: Weavile|Weavile, F|100/100
|-ability|p2a: Weavile|Pressure
|turn|1
|
|t:|1651286148
|switch|p1a: Melmetal|Melmetal|100/100
|move|p2a: Weavile|Ice Shard|p1a: Melmetal
|-resisted|p1a: Melmetal
|-crit|p1a: Melmetal
|-damage|p1a: Melmetal|87/100
|
|upkeep
|turn|2
|
|t:|1651286155
|switch|p2a: Slowbro|Slowbro, F, shiny|100/100
|switch|p1a: Ricardo D. Rago|Regidrago|100/100
|
|upkeep
|turn|3
|
|t:|1651286163
|switch|p1a: Nidoking|Nidoking, M|100/100
|switch|p2a: Heatran|Heatran, F, shiny|100/100
|
|upkeep
|turn|4
|
|t:|1651286175
|move|p1a: Nidoking|Earth Power|p2a: Heatran
|-supereffective|p2a: Heatran
|-damage|p2a: Heatran|0 fnt
|faint|p2a: Heatran
|
|upkeep
|
|t:|1651286180
|switch|p2a: Landorus|Landorus-Therian, M, shiny|100/100
|-ability|p2a: Landorus|Intimidate|boost
|-unboost|p1a: Nidoking|atk|1
|turn|5
|
|t:|1651286185
|switch|p1a: Zapdos|Zapdos|100/100
|move|p2a: Landorus|Earthquake|p1a: Zapdos
|-immune|p1a: Zapdos
|
|upkeep
|turn|6
|
|t:|1651286197
|move|p2a: Landorus|Toxic|p1a: Zapdos
|-status|p1a: Zapdos|tox
|move|p1a: Zapdos|Hurricane|p2a: Landorus
|-crit|p2a: Landorus
|-damage|p2a: Landorus|30/100
|
|-heal|p2a: Landorus|36/100|[from] item: Leftovers
|-damage|p1a: Zapdos|94/100 tox|[from] psn
|upkeep
|turn|7
|
|t:|1651286209
|switch|p2a: Tapu Koko|Tapu Koko, shiny|100/100
|-fieldstart|move: Electric Terrain|[from] ability: Electric Surge|[of] p2a: Tapu Koko
|switch|p1a: Grapploct|Grapploct, M|100/100
|
|upkeep
|turn|8
|
|t:|1651286215
|switch|p1a: Swampert|Swampert, F|100/100
|move|p2a: Tapu Koko|U-turn|p1a: Swampert
|-damage|p1a: Swampert|86/100
|
|t:|1651286217
|switch|p2a: Kartana|Kartana, shiny|100/100|[from]move: U-turn
|
|-heal|p1a: Swampert|92/100|[from] item: Leftovers
|upkeep
|turn|9
|
|t:|1651286227
|move|p2a: Kartana|Knock Off|p1a: Swampert
|-damage|p1a: Swampert|60/100
|-enditem|p1a: Swampert|Leftovers|[from] move: Knock Off|[of] p2a: Kartana
|move|p1a: Swampert|Stealth Rock|p2a: Kartana
|-sidestart|p2: Alejndro Sosa|move: Stealth Rock
|
|upkeep
|turn|10
|
|t:|1651286231
|move|p2a: Kartana|Swords Dance|p2a: Kartana
|-boost|p2a: Kartana|atk|2
|move|p1a: Swampert|Flip Turn|p2a: Kartana
|-resisted|p2a: Kartana
|-damage|p2a: Kartana|89/100
|
|t:|1651286235
|switch|p1a: Nidoking|Nidoking, M|100/100|[from]move: Flip Turn
|
|upkeep
|turn|11
|
|t:|1651286239
|move|p1a: Nidoking|Earth Power|p2a: Kartana
|-damage|p2a: Kartana|7/100
|move|p2a: Kartana|Leaf Blade|p1a: Nidoking
|-damage|p1a: Nidoking|0 fnt
|faint|p1a: Nidoking
|-ability|p2a: Kartana|Beast Boost|boost
|-boost|p2a: Kartana|spe|1
|
|-fieldend|move: Electric Terrain
|upkeep
|
|t:|1651286254
|switch|p1a: Zapdos|Zapdos|94/100 tox
|turn|12
|
|t:|1651286258
|move|p2a: Kartana|Knock Off|p1a: Zapdos
|-damage|p1a: Zapdos|39/100 tox
|-enditem|p1a: Zapdos|Heavy-Duty Boots|[from] move: Knock Off|[of] p2a: Kartana
|move|p1a: Zapdos|Heat Wave|p2a: Kartana
|-supereffective|p2a: Kartana
|-damage|p2a: Kartana|0 fnt
|faint|p2a: Kartana
|
|-damage|p1a: Zapdos|33/100 tox|[from] psn
|upkeep
|
|t:|1651286262
|switch|p2a: Landorus|Landorus-Therian, M, shiny|36/100
|-damage|p2a: Landorus|23/100|[from] Stealth Rock
|-ability|p2a: Landorus|Intimidate|boost
|-unboost|p1a: Zapdos|atk|1
|turn|13
|
|t:|1651286265
|move|p2a: Landorus|Defog|p1a: Zapdos
|-unboost|p1a: Zapdos|evasion|1
|-sideend|p2: Alejndro Sosa|Stealth Rock|[from] move: Defog|[of] p2a: Landorus
|move|p1a: Zapdos|Hurricane|p2a: Landorus
|-damage|p2a: Landorus|0 fnt
|faint|p2a: Landorus
|
|-damage|p1a: Zapdos|21/100 tox|[from] psn
|upkeep
|
|t:|1651286273
|switch|p2a: Weavile|Weavile, F|100/100
|-ability|p2a: Weavile|Pressure
|turn|14
|
|t:|1651286277
|move|p2a: Weavile|Knock Off|p1a: Zapdos
|-damage|p1a: Zapdos|0 fnt
|faint|p1a: Zapdos
|
|upkeep
|
|t:|1651286283
|switch|p1a: Grapploct|Grapploct, M|100/100
|turn|15
|
|t:|1651286288
|switch|p2a: Slowbro|Slowbro, F, shiny|100/100
|move|p1a: Grapploct|Octolock|p2a: Slowbro
|-start|p2a: Slowbro|move: Octolock|[of] p1a: Grapploct
|
|-unboost|p2a: Slowbro|def|1
|-unboost|p2a: Slowbro|spd|1
|upkeep
|turn|16
|
|t:|1651286301
|switch|p1a: Ricardo D. Rago|Regidrago|100/100
|move|p2a: Slowbro|Future Sight|p1a: Ricardo D. Rago
|-start|p2a: Slowbro|move: Future Sight
|
|-end|p2a: Slowbro|Octolock|[partiallytrapped]|[silent]
|upkeep
|turn|17
|
|t:|1651286312
|move|p1a: Ricardo D. Rago|Ancient Power|p2a: Slowbro
|-damage|p2a: Slowbro|60/100
|move|p2a: Slowbro|Teleport|p2a: Slowbro
|
|t:|1651286318
|switch|p2a: Tapu Koko|Tapu Koko, shiny|100/100|[from]move: Teleport
|-fieldstart|move: Electric Terrain|[from] ability: Electric Surge|[of] p2a: Tapu Koko
|
|upkeep
|turn|18
|
|t:|1651286327
|switch|p1a: Melmetal|Melmetal|87/100
|move|p2a: Tapu Koko|Dazzling Gleam|p1a: Melmetal
|-resisted|p1a: Melmetal
|-damage|p1a: Melmetal|79/100
|
|-end|p1a: Melmetal|move: Future Sight
|-resisted|p1a: Melmetal
|-damage|p1a: Melmetal|70/100
|upkeep
|turn|19
|
|t:|1651286332
|move|p2a: Tapu Koko|U-turn|p1a: Melmetal
|-resisted|p1a: Melmetal
|-damage|p1a: Melmetal|65/100
|
|t:|1651286333
|switch|p2a: Slowbro|Slowbro, F, shiny|93/100|[from]move: U-turn
|move|p1a: Melmetal|Earthquake|p2a: Slowbro
|-crit|p2a: Slowbro
|-damage|p2a: Slowbro|62/100
|
|upkeep
|turn|20
|
|t:|1651286343
|switch|p1a: Swampert|Swampert, F|60/100
|move|p2a: Slowbro|Future Sight|p1a: Swampert
|-start|p2a: Slowbro|move: Future Sight
|
|upkeep
|turn|21
|
|t:|1651286345
|move|p1a: Swampert|Stealth Rock|p2a: Slowbro
|-sidestart|p2: Alejndro Sosa|move: Stealth Rock
|move|p2a: Slowbro|Slack Off|p2a: Slowbro
|-heal|p2a: Slowbro|100/100
|
|-fieldend|move: Electric Terrain
|upkeep
|turn|22
|
|t:|1651286355
|move|p1a: Swampert|Yawn|p2a: Slowbro
|-start|p2a: Slowbro|move: Yawn|[of] p1a: Swampert
|move|p2a: Slowbro|Body Press|p1a: Swampert
|-damage|p1a: Swampert|36/100
|
|-end|p1a: Swampert|move: Future Sight
|-damage|p1a: Swampert|9/100
|upkeep
|turn|23
|
|t:|1651286360
|move|p1a: Swampert|Flip Turn|p2a: Slowbro
|-resisted|p2a: Slowbro
|-damage|p2a: Slowbro|94/100
|
|t:|1651286364
|switch|p1a: Grapploct|Grapploct, M|100/100|[from]move: Flip Turn
|move|p2a: Slowbro|Teleport|p2a: Slowbro
|
|t:|1651286370
|switch|p2a: Tapu Koko|Tapu Koko, shiny|100/100|[from]move: Teleport
|-fieldstart|move: Electric Terrain|[from] ability: Electric Surge|[of] p2a: Tapu Koko
|
|upkeep
|turn|24
|
|t:|1651286380
|move|p2a: Tapu Koko|Thunderbolt|p1a: Grapploct
|-damage|p1a: Grapploct|38/100
|move|p1a: Grapploct|Octolock|p2a: Tapu Koko
|-start|p2a: Tapu Koko|move: Octolock|[of] p1a: Grapploct
|
|-unboost|p2a: Tapu Koko|def|1
|-unboost|p2a: Tapu Koko|spd|1
|upkeep
|turn|25
|
|t:|1651286388
|switch|p1a: Swampert|Swampert, F|9/100
|move|p2a: Tapu Koko|Thunderbolt|p1a: Swampert
|-immune|p1a: Swampert
|
|-end|p2a: Tapu Koko|Octolock|[partiallytrapped]|[silent]
|upkeep
|turn|26
|
|t:|1651286391
|move|p2a: Tapu Koko|Dazzling Gleam|p1a: Swampert
|-damage|p1a: Swampert|0 fnt
|faint|p1a: Swampert
|
|upkeep
|
|t:|1651286393
|switch|p1a: Melmetal|Melmetal|65/100
|turn|27
|
|t:|1651286397
|move|p2a: Tapu Koko|U-turn|p1a: Melmetal
|-resisted|p1a: Melmetal
|-damage|p1a: Melmetal|61/100
|
|t:|1651286399
|switch|p2a: Slowbro|Slowbro, F, shiny|100/100|[from]move: U-turn
|-damage|p2a: Slowbro|88/100|[from] Stealth Rock
|move|p1a: Melmetal|Earthquake|p2a: Slowbro
|-damage|p2a: Slowbro|68/100
|
|-fieldend|move: Electric Terrain
|upkeep
|turn|28
|c|☆Elite4Donovan|gg
|-message|Elite4Donovan forfeited.
|
|win|Alejndro Sosa
|raw|Elite4Donovan's rating: 1485 &rarr; <strong>1467</strong><br />(-18 for losing)
|raw|Alejndro Sosa's rating: 1523 &rarr; <strong>1541</strong><br />(+18 for winning)
|l|☆Elite4Donovan
