|j|☆noudle soop
|j|☆mcp3
|inactive|Battle timer is ON: inactive players will automatically lose when time's up.
|t:|1639457365
|gametype|singles
|player|p1|noudle soop|tuber|
|player|p2|mcp3|sage|
|teamsize|p1|6
|teamsize|p2|6
|gen|8
|tier|[Gen 8] OU
|rated|Tournament battle
|rule|Sleep Clause Mod: Limit one foe put to sleep
|rule|Species Clause: Limit one of each Pokémon
|rule|OHKO Clause: OHKO moves are banned
|rule|Evasion Moves Clause: Evasion moves are banned
|rule|Endless Battle Clause: Forcing endless battles is banned
|rule|HP Percentage Mod: HP is shown in percentages
|rule|Dynamax Clause: You cannot dynamax
|clearpoke
|poke|p1|Landorus-Therian, M|
|poke|p1|Alakazam, M|
|poke|p1|Tapu Lele|
|poke|p1|Blissey, F|
|poke|p1|Heatran, M|
|poke|p1|Dragonite, F|
|poke|p2|Landorus-Therian, M|
|poke|p2|Ferrothorn, F|
|poke|p2|Slowbro, M|
|poke|p2|Weavile, F|
|poke|p2|Heatran, M|
|poke|p2|Tornadus-Therian, M|
|teampreview
|inactive|noudle soop also wants the timer to be on.
|c|☆mcp3|hf
|c|☆noudle soop|likewise
|j| Fayz Sharpie
|j| RTSG tests
|inactive|noudle soop has 120 seconds left.
|inactive|mcp3 has 120 seconds left.
|
|t:|1639457407
|start
|switch|p1a: Heatran|Heatran, M|100/100
|switch|p2a: Tornadus|Tornadus-Therian, M|100/100
|turn|1
|l| Fayz Sharpie
|
|t:|1639457418
|switch|p1a: Blissey|Blissey, F|100/100
|move|p2a: Tornadus|Knock Off|p1a: Blissey
|-damage|p1a: Blissey|83/100
|-enditem|p1a: Blissey|Heavy-Duty Boots|[from] move: Knock Off|[of] p2a: Tornadus
|
|upkeep
|turn|2
|
|t:|1639457422
|move|p2a: Tornadus|U-turn|p1a: Blissey
|-damage|p1a: Blissey|71/100
|
|t:|1639457423
|switch|p2a: Ferrothorn|Ferrothorn, F|100/100|[from]move: U-turn
|move|p1a: Blissey|Stealth Rock|p2a: Ferrothorn
|-sidestart|p2: mcp3|move: Stealth Rock
|
|upkeep
|turn|3
|
|t:|1639457428
|move|p2a: Ferrothorn|Spikes|p1a: Blissey
|-sidestart|p1: noudle soop|Spikes
|move|p1a: Blissey|Teleport|p1a: Blissey
|
|t:|1639457430
|switch|p1a: Heatran|Heatran, M|100/100|[from]move: Teleport
|-damage|p1a: Heatran|88/100|[from] Spikes
|
|upkeep
|turn|4
|
|t:|1639457434
|switch|p2a: Heatran|Heatran, M|100/100
|-damage|p2a: Heatran|88/100|[from] Stealth Rock
|-item|p2a: Heatran|Air Balloon
|move|p1a: Heatran|Eruption|p2a: Heatran
|-start|p2a: Heatran|ability: Flash Fire
|
|upkeep
|turn|5
|c|☆noudle soop|oh no
|
|t:|1639457440
|move|p2a: Heatran|Magma Storm|p1a: Heatran
|-start|p1a: Heatran|ability: Flash Fire
|move|p1a: Heatran|Flash Cannon|p2a: Heatran
|-resisted|p2a: Heatran
|-damage|p2a: Heatran|78/100
|-enditem|p2a: Heatran|Air Balloon
|
|upkeep
|turn|6
|
|t:|1639457445
|-end|p1a: Heatran|ability: Flash Fire|[silent]
|switch|p1a: college dropout|Dragonite, F|100/100
|move|p2a: Heatran|Earth Power|p1a: college dropout
|-immune|p1a: college dropout
|
|upkeep
|turn|7
|
|t:|1639457451
|-end|p2a: Heatran|ability: Flash Fire|[silent]
|switch|p2a: Slowbro|Slowbro, M|100/100
|-damage|p2a: Slowbro|88/100|[from] Stealth Rock
|move|p1a: college dropout|Toxic|p2a: Slowbro
|-status|p2a: Slowbro|tox
|
|-damage|p2a: Slowbro|82/100 tox|[from] psn
|upkeep
|turn|8
|
|t:|1639457456
|move|p1a: college dropout|Defog|p2a: Slowbro
|-unboost|p2a: Slowbro|evasion|1
|-sideend|p2: mcp3|Stealth Rock|[from] move: Defog|[of] p1a: college dropout
|-sideend|p1: noudle soop|Spikes|[from] move: Defog|[of] p1a: college dropout
|move|p2a: Slowbro|Teleport|p2a: Slowbro
|
|t:|1639457462
|switch|p2a: Weavile|Weavile, F|100/100|[from]move: Teleport
|-ability|p2a: Weavile|Pressure
|
|upkeep
|turn|9
|
|t:|1639457468
|move|p2a: Weavile|Triple Axel|p1a: college dropout
|-supereffective|p1a: college dropout
|-damage|p1a: college dropout|83/100
|-supereffective|p1a: college dropout
|-damage|p1a: college dropout|15/100
|-supereffective|p1a: college dropout
|-damage|p1a: college dropout|0 fnt
|faint|p1a: college dropout
|-hitcount|p1: college dropout|3
|
|upkeep
|
|t:|1639457475
|switch|p1a: Heatran|Heatran, M|88/100
|turn|10
|
|t:|1639457482
|switch|p2a: Landorus|Landorus-Therian, M|100/100
|-ability|p2a: Landorus|Intimidate|boost
|-unboost|p1a: Heatran|atk|1
|move|p1a: Heatran|Eruption|p2a: Landorus
|-damage|p2a: Landorus|28/100
|
|-heal|p2a: Landorus|34/100|[from] item: Leftovers
|upkeep
|turn|11
|
|t:|1639457486
|switch|p2a: Tornadus|Tornadus-Therian, M|100/100
|move|p1a: Heatran|Flamethrower|p2a: Tornadus
|-damage|p2a: Tornadus|58/100
|
|upkeep
|turn|12
|c|☆noudle soop|why did i click that
|
|t:|1639457503
|move|p2a: Tornadus|U-turn|p1a: Heatran
|-resisted|p1a: Heatran
|-damage|p1a: Heatran|84/100
|
|t:|1639457506
|switch|p2a: Heatran|Heatran, M|78/100|[from]move: U-turn
|move|p1a: Heatran|Flash Cannon|p2a: Heatran
|-resisted|p2a: Heatran
|-damage|p2a: Heatran|67/100
|
|upkeep
|turn|13
|
|t:|1639457510
|move|p2a: Heatran|Earth Power|p1a: Heatran
|-supereffective|p1a: Heatran
|-damage|p1a: Heatran|0 fnt
|faint|p1a: Heatran
|
|upkeep
|
|t:|1639457512
|switch|p1a: Landorus|Landorus-Therian, M|100/100
|-ability|p1a: Landorus|Intimidate|boost
|-unboost|p2a: Heatran|atk|1
|turn|14
|l| RTSG tests
|
|t:|1639457517
|switch|p2a: Tornadus|Tornadus-Therian, M|91/100
|move|p1a: Landorus|Substitute|p1a: Landorus
|-start|p1a: Landorus|Substitute
|-damage|p1a: Landorus|76/100
|
|-heal|p1a: Landorus|82/100|[from] item: Leftovers
|upkeep
|turn|15
|
|t:|1639457521
|move|p2a: Tornadus|Heat Wave|p1a: Landorus|[miss]
|-miss|p2a: Tornadus|p1a: Landorus
|move|p1a: Landorus|Bulk Up|p1a: Landorus
|-boost|p1a: Landorus|atk|1
|-boost|p1a: Landorus|def|1
|
|-heal|p1a: Landorus|88/100|[from] item: Leftovers
|upkeep
|turn|16
|
|t:|1639457527
|move|p2a: Tornadus|Heat Wave|p1a: Landorus
|-activate|p1a: Landorus|move: Substitute|[damage]
|move|p1a: Landorus|Bulk Up|p1a: Landorus
|-boost|p1a: Landorus|atk|1
|-boost|p1a: Landorus|def|1
|
|-heal|p1a: Landorus|94/100|[from] item: Leftovers
|upkeep
|turn|17
|
|t:|1639457533
|move|p2a: Tornadus|U-turn|p1a: Landorus
|-resisted|p1a: Landorus
|-activate|p1a: Landorus|move: Substitute|[damage]
|
|t:|1639457536
|switch|p2a: Slowbro|Slowbro, M|100/100 tox|[from]move: U-turn
|move|p1a: Landorus|Substitute|p1a: Landorus
|-fail|p1a: Landorus|move: Substitute
|
|-heal|p1a: Landorus|99/100|[from] item: Leftovers
|-damage|p2a: Slowbro|94/100 tox|[from] psn
|upkeep
|turn|18
|
|t:|1639457538
|move|p1a: Landorus|Earthquake|p2a: Slowbro
|-damage|p2a: Slowbro|43/100 tox
|move|p2a: Slowbro|Future Sight|p1a: Landorus
|-start|p2a: Slowbro|move: Future Sight
|
|-heal|p1a: Landorus|100/100|[from] item: Leftovers
|-damage|p2a: Slowbro|31/100 tox|[from] psn
|upkeep
|turn|19
|
|t:|1639457546
|move|p1a: Landorus|Gravity|p1a: Landorus
|-fieldstart|move: Gravity
|move|p2a: Slowbro|Teleport|p2a: Slowbro
|
|t:|1639457549
|switch|p2a: Tornadus|Tornadus-Therian, M|100/100|[from]move: Teleport
|
|upkeep
|turn|20
|
|t:|1639457551
|move|p2a: Tornadus|U-turn|p1a: Landorus
|-resisted|p1a: Landorus
|-end|p1a: Landorus|Substitute
|
|t:|1639457554
|switch|p2a: Slowbro|Slowbro, M|64/100 tox|[from]move: U-turn
|move|p1a: Landorus|Earthquake|p2a: Slowbro
|-damage|p2a: Slowbro|7/100 tox
|
|-end|p1a: Landorus|move: Future Sight
|-damage|p1a: Landorus|65/100
|-heal|p1a: Landorus|71/100|[from] item: Leftovers
|-damage|p2a: Slowbro|1/100 tox|[from] psn
|upkeep
|turn|21
|
|t:|1639457558
|move|p1a: Landorus|Earthquake|p2a: Slowbro
|-damage|p2a: Slowbro|0 fnt
|faint|p2a: Slowbro
|
|-heal|p1a: Landorus|77/100|[from] item: Leftovers
|upkeep
|
|t:|1639457560
|switch|p2a: Weavile|Weavile, F|100/100
|-ability|p2a: Weavile|Pressure
|turn|22
|
|t:|1639457564
|move|p2a: Weavile|Triple Axel|p1a: Landorus
|-supereffective|p1a: Landorus
|-damage|p1a: Landorus|55/100
|-supereffective|p1a: Landorus
|-damage|p1a: Landorus|14/100
|-supereffective|p1a: Landorus
|-damage|p1a: Landorus|0 fnt
|faint|p1a: Landorus
|-hitcount|p1: Landorus|3
|
|upkeep
|
|t:|1639457571
|switch|p1a: Tapu Lele|Tapu Lele|100/100
|-fieldstart|move: Psychic Terrain|[from] ability: Psychic Surge|[of] p1a: Tapu Lele
|turn|23
|
|t:|1639457577
|switch|p2a: Landorus|Landorus-Therian, M|34/100
|-ability|p2a: Landorus|Intimidate|boost
|-unboost|p1a: Tapu Lele|atk|1
|move|p1a: Tapu Lele|Focus Blast|p2a: Landorus
|-resisted|p2a: Landorus
|-damage|p2a: Landorus|20/100
|-unboost|p2a: Landorus|spd|1
|
|-heal|p2a: Landorus|26/100|[from] item: Leftovers
|-fieldend|move: Gravity
|upkeep
|turn|24
|c|☆noudle soop|omg
|c|☆noudle soop|the poll
|c|☆mcp3|lmfaoo
|
|t:|1639457591
|switch|p1a: Blissey|Blissey, F|71/100
|switch|p2a: Tornadus|Tornadus-Therian, M|100/100
|
|upkeep
|turn|25
|
|t:|1639457594
|move|p2a: Tornadus|U-turn|p1a: Blissey
|-damage|p1a: Blissey|57/100
|
|t:|1639457596
|switch|p2a: Ferrothorn|Ferrothorn, F|100/100|[from]move: U-turn
|move|p1a: Blissey|Stealth Rock|p2a: Ferrothorn
|-sidestart|p2: mcp3|move: Stealth Rock
|
|upkeep
|turn|26
|
|t:|1639457603
|move|p2a: Ferrothorn|Spikes|p1a: Blissey
|-sidestart|p1: noudle soop|Spikes
|move|p1a: Blissey|Teleport|p1a: Blissey
|
|t:|1639457607
|switch|p1a: Alakazam|Alakazam, M|100/100|[from]move: Teleport
|
|upkeep
|turn|27
|
|t:|1639457611
|move|p1a: Alakazam|Focus Blast|p2a: Ferrothorn
|-supereffective|p2a: Ferrothorn
|-damage|p2a: Ferrothorn|35/100
|move|p2a: Ferrothorn|Thunder Wave|p1a: Alakazam
|-status|p1a: Alakazam|par
|
|-heal|p2a: Ferrothorn|42/100|[from] item: Leftovers
|-fieldend|move: Psychic Terrain
|upkeep
|turn|28
|j| Trade Away Hope
|
|t:|1639457620
|switch|p2a: Landorus|Landorus-Therian, M|26/100
|-damage|p2a: Landorus|13/100|[from] Stealth Rock
|-ability|p2a: Landorus|Intimidate|boost
|-unboost|p1a: Alakazam|atk|1
|move|p1a: Alakazam|Focus Blast|p2a: Landorus
|-resisted|p2a: Landorus
|-damage|p2a: Landorus|0 fnt
|faint|p2a: Landorus
|
|upkeep
|
|t:|1639457624
|switch|p2a: Weavile|Weavile, F|100/100
|-ability|p2a: Weavile|Pressure
|turn|29
|
|t:|1639457628
|switch|p1a: Blissey|Blissey, F|57/100
|-damage|p1a: Blissey|45/100|[from] Spikes
|move|p2a: Weavile|Knock Off|p1a: Blissey
|-damage|p1a: Blissey|14/100
|
|upkeep
|turn|30
|
|t:|1639457630
|move|p2a: Weavile|Knock Off|p1a: Blissey
|-crit|p1a: Blissey
|-damage|p1a: Blissey|0 fnt
|faint|p1a: Blissey
|
|upkeep
|
|t:|1639457632
|switch|p1a: Tapu Lele|Tapu Lele|100/100
|-damage|p1a: Tapu Lele|88/100|[from] Spikes
|-fieldstart|move: Psychic Terrain|[from] ability: Psychic Surge|[of] p1a: Tapu Lele
|turn|31
|c|☆mcp3|ggs bro
|
|t:|1639457640
|switch|p2a: Ferrothorn|Ferrothorn, F|42/100
|-damage|p2a: Ferrothorn|35/100|[from] Stealth Rock
|move|p1a: Tapu Lele|Focus Blast|p2a: Ferrothorn|[miss]
|-miss|p1a: Tapu Lele|p2a: Ferrothorn
|
|-heal|p2a: Ferrothorn|42/100|[from] item: Leftovers
|upkeep
|turn|32
|c|☆noudle soop|gg
|j| miotu
|l| miotu
|-message|noudle soop forfeited.
|
|win|mcp3
|n|☆noudle soop|noudlesoop
|n|☆mcp3|mcp3
|n| Trade Away Hope|tradeawayhope
