|j|☆Maitredouard2
|j|☆misplayin
|t:|1654069665
|gametype|singles
|player|p1|Maitredouard2|lance|1692
|player|p2|misplayin|bugsy|1732
|teamsize|p1|6
|teamsize|p2|6
|gen|8
|tier|[Gen 8] OU
|rated|
|rule|Sleep Clause Mod: Limit one foe put to sleep
|rule|Species Clause: Limit one of each Pokémon
|rule|OHKO Clause: OHKO moves are banned
|rule|Evasion Moves Clause: Evasion moves are banned
|rule|Endless Battle Clause: Forcing endless battles is banned
|rule|HP Percentage Mod: HP is shown in percentages
|rule|Dynamax Clause: You cannot dynamax
|clearpoke
|poke|p1|Mandibuzz, F|
|poke|p1|Landorus-Therian, M|
|poke|p1|Blissey, F|
|poke|p1|Heatran, F|
|poke|p1|Toxapex, F|
|poke|p1|Tapu Lele|
|poke|p2|Darmanitan, M|
|poke|p2|Swampert, F|
|poke|p2|Amoonguss, F|
|poke|p2|Tornadus-Therian, M|
|poke|p2|Latios, M|
|poke|p2|Urshifu-*, M|
|teampreview
|inactive|Battle timer is ON: inactive players will automatically lose when time's up. (requested by misplayin)
|
|t:|1654069676
|start
|switch|p1a: Mandibuzz|Mandibuzz, F|100/100
|switch|p2a: Darmanitan|Darmanitan, M, shiny|100/100
|turn|1
|
|t:|1654069682
|switch|p2a: Amoonguss|Amoonguss, F, shiny|100/100
|move|p1a: Mandibuzz|Foul Play|p2a: Amoonguss
|-damage|p2a: Amoonguss|84/100
|-damage|p1a: Mandibuzz|84/100|[from] item: Rocky Helmet|[of] p2a: Amoonguss
|
|upkeep
|turn|2
|
|t:|1654069690
|move|p1a: Mandibuzz|Taunt|p2a: Amoonguss
|-start|p2a: Amoonguss|move: Taunt
|move|p2a: Amoonguss|Sludge Bomb|p1a: Mandibuzz
|-damage|p1a: Mandibuzz|63/100
|
|upkeep
|turn|3
|
|t:|1654069698
|switch|p1a: Heatran|Heatran, F|100/100
|-item|p1a: Heatran|Air Balloon
|move|p2a: Amoonguss|Sludge Bomb|p1a: Heatran
|-immune|p1a: Heatran
|
|upkeep
|turn|4
|j| xd-Freaky_Zeeky
|
|t:|1654069705
|switch|p2a: Swampert|Swampert, F|100/100
|move|p1a: Heatran|Toxic|p2a: Swampert
|-status|p2a: Swampert|tox
|
|-damage|p2a: Swampert|94/100 tox|[from] psn
|upkeep
|turn|5
|
|t:|1654069715
|switch|p1a: Toxapex|Toxapex, F|100/100
|move|p2a: Swampert|Flip Turn|p1a: Toxapex
|-resisted|p1a: Toxapex
|-damage|p1a: Toxapex|94/100
|-damage|p2a: Swampert|78/100 tox|[from] item: Rocky Helmet|[of] p1a: Toxapex
|
|t:|1654069718
|switch|p2a: Latios|Latios, M|100/100|[from]move: Flip Turn
|
|upkeep
|turn|6
|
|t:|1654069726
|move|p2a: Latios|Trick|p1a: Toxapex
|-activate|p2a: Latios|move: Trick|[of] p1a: Toxapex
|-item|p1a: Toxapex|Choice Scarf|[from] move: Trick
|-item|p2a: Latios|Rocky Helmet|[from] move: Trick
|move|p1a: Toxapex|Toxic|p2a: Latios
|-status|p2a: Latios|tox
|
|-damage|p2a: Latios|95/100 tox|[from] psn
|upkeep
|turn|7
|
|t:|1654069734
|switch|p2a: Urshifu|Urshifu-Rapid-Strike, M|100/100
|switch|p1a: Mandibuzz|Mandibuzz, F|63/100
|
|upkeep
|turn|8
|
|t:|1654069741
|switch|p1a: Toxapex|Toxapex, F|100/100
|move|p2a: Urshifu|Surging Strikes|p1a: Toxapex
|-resisted|p1a: Toxapex
|-crit|p1a: Toxapex
|-damage|p1a: Toxapex|92/100
|-resisted|p1a: Toxapex
|-crit|p1a: Toxapex
|-damage|p1a: Toxapex|83/100
|-resisted|p1a: Toxapex
|-crit|p1a: Toxapex
|-damage|p1a: Toxapex|75/100
|-hitcount|p1a: Toxapex|3
|
|upkeep
|turn|9
|j| Noob 0_o 2022
|
|t:|1654069752
|switch|p2a: Amoonguss|Amoonguss, F, shiny|100/100
|move|p1a: Toxapex|Toxic|p2a: Amoonguss
|-immune|p2a: Amoonguss
|
|upkeep
|turn|10
|
|t:|1654069759
|switch|p1a: Mandibuzz|Mandibuzz, F|63/100
|move|p2a: Amoonguss|Sludge Bomb|p1a: Mandibuzz
|-damage|p1a: Mandibuzz|45/100
|
|upkeep
|turn|11
|
|t:|1654069766
|switch|p1a: Heatran|Heatran, F|100/100
|-item|p1a: Heatran|Air Balloon
|move|p2a: Amoonguss|Sludge Bomb|p1a: Heatran
|-immune|p1a: Heatran
|
|upkeep
|turn|12
|
|t:|1654069775
|switch|p1a: Tapu Lele|Tapu Lele|100/100
|-fieldstart|move: Psychic Terrain|[from] ability: Psychic Surge|[of] p1a: Tapu Lele
|switch|p2a: Swampert|Swampert, F|78/100 tox
|
|-heal|p2a: Swampert|84/100 tox|[from] item: Leftovers
|-damage|p2a: Swampert|78/100 tox|[from] psn
|upkeep
|turn|13
|
|t:|1654069785
|move|p1a: Tapu Lele|Psyshock|p2a: Swampert
|-damage|p2a: Swampert|6/100 tox
|move|p2a: Swampert|Mirror Coat|p1a: Tapu Lele
|-damage|p1a: Tapu Lele|0 fnt
|faint|p1a: Tapu Lele
|
|-heal|p2a: Swampert|12/100 tox|[from] item: Leftovers
|-damage|p2a: Swampert|0 fnt|[from] psn
|faint|p2a: Swampert
|upkeep
|
|t:|1654069796
|switch|p1a: Heatran|Heatran, F|100/100
|switch|p2a: Urshifu|Urshifu-Rapid-Strike, M|100/100
|-item|p1a: Heatran|Air Balloon
|turn|14
|l| xd-Freaky_Zeeky
|
|t:|1654069804
|switch|p1a: Toxapex|Toxapex, F|100/100
|move|p2a: Urshifu|U-turn|p1a: Toxapex
|-resisted|p1a: Toxapex
|-damage|p1a: Toxapex|90/100
|
|t:|1654069808
|switch|p2a: Darmanitan|Darmanitan, M, shiny|100/100|[from]move: U-turn
|
|upkeep
|turn|15
|
|t:|1654069813
|move|p2a: Darmanitan|Earthquake|p1a: Toxapex
|-supereffective|p1a: Toxapex
|-damage|p1a: Toxapex|25/100
|-damage|p2a: Darmanitan|91/100|[from] item: Life Orb
|move|p1a: Toxapex|Scald|p2a: Darmanitan
|-supereffective|p2a: Darmanitan
|-damage|p2a: Darmanitan|39/100
|
|upkeep
|turn|16
|
|t:|1654069821
|switch|p1a: Landorus|Landorus-Therian, M|100/100
|-ability|p1a: Landorus|Intimidate|boost
|-unboost|p2a: Darmanitan|atk|1
|move|p2a: Darmanitan|U-turn|p1a: Landorus
|-resisted|p1a: Landorus
|-damage|p1a: Landorus|85/100
|-damage|p2a: Darmanitan|29/100|[from] item: Life Orb
|
|t:|1654069824
|switch|p2a: Urshifu|Urshifu-Rapid-Strike, M|100/100|[from]move: U-turn
|
|-fieldend|move: Psychic Terrain
|upkeep
|turn|17
|
|t:|1654069836
|switch|p1a: Toxapex|Toxapex, F|58/100
|move|p2a: Urshifu|U-turn|p1a: Toxapex
|-resisted|p1a: Toxapex
|-damage|p1a: Toxapex|46/100
|
|t:|1654069840
|switch|p2a: Darmanitan|Darmanitan, M, shiny|29/100|[from]move: U-turn
|
|upkeep
|turn|18
|
|t:|1654069846
|switch|p1a: Blissey|Blissey, F|100/100
|move|p2a: Darmanitan|Flare Blitz|p1a: Blissey
|-damage|p1a: Blissey|0 fnt
|faint|p1a: Blissey
|-damage|p2a: Darmanitan|0 fnt|[from] Recoil
|faint|p2a: Darmanitan
|
|upkeep
|
|t:|1654069856
|switch|p2a: Latios|Latios, M|95/100 tox
|switch|p1a: Landorus|Landorus-Therian, M|85/100
|-ability|p1a: Landorus|Intimidate|boost
|-unboost|p2a: Latios|atk|1
|turn|19
|
|t:|1654069864
|switch|p2a: Tornadus|Tornadus-Therian, M|100/100
|move|p1a: Landorus|Stone Edge|p2a: Tornadus
|-supereffective|p2a: Tornadus
|-damage|p2a: Tornadus|15/100
|
|upkeep
|turn|20
|
|t:|1654069871
|switch|p1a: Toxapex|Toxapex, F|79/100
|switch|p2a: Urshifu|Urshifu-Rapid-Strike, M|100/100
|
|upkeep
|turn|21
|
|t:|1654069878
|move|p2a: Urshifu|U-turn|p1a: Toxapex
|-resisted|p1a: Toxapex
|-damage|p1a: Toxapex|68/100
|
|t:|1654069881
|switch|p2a: Amoonguss|Amoonguss, F, shiny|100/100|[from]move: U-turn
|move|p1a: Toxapex|Toxic|p2a: Amoonguss
|-immune|p2a: Amoonguss
|
|upkeep
|turn|22
|
|t:|1654069888
|switch|p1a: Heatran|Heatran, F|100/100
|-item|p1a: Heatran|Air Balloon
|move|p2a: Amoonguss|Spore|p1a: Heatran
|-status|p1a: Heatran|slp|[from] move: Spore
|
|upkeep
|turn|23
|inactive|Maitredouard2 has 120 seconds left.
|
|t:|1654069919
|switch|p2a: Urshifu|Urshifu-Rapid-Strike, M|100/100
|cant|p1a: Heatran|slp
|
|upkeep
|turn|24
|inactive|Maitredouard2 has 120 seconds left.
|
|t:|1654069934
|switch|p1a: Toxapex|Toxapex, F|100/100
|move|p2a: Urshifu|U-turn|p1a: Toxapex
|-resisted|p1a: Toxapex
|-damage|p1a: Toxapex|89/100
|
|t:|1654069937
|switch|p2a: Latios|Latios, M|95/100 tox|[from]move: U-turn
|
|-damage|p2a: Latios|89/100 tox|[from] psn
|upkeep
|turn|25
|inactive|Maitredouard2 has 120 seconds left.
|inactive|Maitredouard2 has 90 seconds left.
|inactive|Maitredouard2 has 60 seconds left.
|
|t:|1654070010
|switch|p1a: Mandibuzz|Mandibuzz, F|45/100
|move|p2a: Latios|Psyshock|p1a: Mandibuzz
|-immune|p1a: Mandibuzz
|
|-damage|p2a: Latios|77/100 tox|[from] psn
|upkeep
|turn|26
|j| NOslowly
|inactive|Maitredouard2 has 60 seconds left.
|
|t:|1654070020
|move|p2a: Latios|Draco Meteor|p1a: Mandibuzz
|-damage|p1a: Mandibuzz|0 fnt
|-unboost|p2a: Latios|spa|2
|faint|p1a: Mandibuzz
|
|-damage|p2a: Latios|59/100 tox|[from] psn
|upkeep
|inactive|Maitredouard2 has 60 seconds left.
|
|t:|1654070030
|switch|p1a: Heatran|Heatran, F|100/100 slp
|-item|p1a: Heatran|Air Balloon
|turn|27
|
|t:|1654070035
|switch|p2a: Urshifu|Urshifu-Rapid-Strike, M|100/100
|cant|p1a: Heatran|slp
|
|upkeep
|turn|28
|
|t:|1654070044
|switch|p1a: Toxapex|Toxapex, F|100/100
|move|p2a: Urshifu|Surging Strikes|p1a: Toxapex
|-resisted|p1a: Toxapex
|-crit|p1a: Toxapex
|-damage|p1a: Toxapex|91/100
|-resisted|p1a: Toxapex
|-crit|p1a: Toxapex
|-damage|p1a: Toxapex|82/100
|-resisted|p1a: Toxapex
|-crit|p1a: Toxapex
|-damage|p1a: Toxapex|74/100
|-hitcount|p1a: Toxapex|3
|
|upkeep
|turn|29
|inactive|Maitredouard2 has 60 seconds left.
|
|t:|1654070067
|switch|p2a: Amoonguss|Amoonguss, F, shiny|100/100
|move|p1a: Toxapex|Scald|p2a: Amoonguss
|-resisted|p2a: Amoonguss
|-damage|p2a: Amoonguss|93/100
|-status|p2a: Amoonguss|brn
|
|-damage|p2a: Amoonguss|87/100 brn|[from] brn
|upkeep
|turn|30
|inactive|Maitredouard2 has 60 seconds left.
|
|t:|1654070077
|switch|p1a: Heatran|Heatran, F|100/100 slp
|-item|p1a: Heatran|Air Balloon
|move|p2a: Amoonguss|Giga Drain|p1a: Heatran
|-resisted|p1a: Heatran
|-damage|p1a: Heatran|96/100 slp
|-heal|p2a: Amoonguss|89/100 brn|[from] drain|[of] p1a: Heatran
|-enditem|p1a: Heatran|Air Balloon
|
|-damage|p2a: Amoonguss|83/100 brn|[from] brn
|upkeep
|turn|31
|inactive|Maitredouard2 has 60 seconds left.
|
|t:|1654070091
|switch|p2a: Urshifu|Urshifu-Rapid-Strike, M|100/100
|-curestatus|p1a: Heatran|slp|[msg]
|move|p1a: Heatran|Magma Storm|p2a: Urshifu
|-resisted|p2a: Urshifu
|-damage|p2a: Urshifu|56/100
|-activate|p2a: Urshifu|move: Magma Storm|[of] p1a: Heatran
|
|-damage|p2a: Urshifu|44/100|[from] move: Magma Storm|[partiallytrapped]
|upkeep
|turn|32
|inactive|Maitredouard2 has 60 seconds left.
|
|t:|1654070102
|switch|p1a: Toxapex|Toxapex, F|100/100
|move|p2a: Urshifu|U-turn|p1a: Toxapex
|-resisted|p1a: Toxapex
|-damage|p1a: Toxapex|90/100
|
|t:|1654070104
|switch|p2a: Amoonguss|Amoonguss, F, shiny|100/100 brn|[from]move: U-turn
|
|-damage|p2a: Amoonguss|94/100 brn|[from] brn
|upkeep
|turn|33
|
|t:|1654070112
|move|p1a: Toxapex|Scald|p2a: Amoonguss
|-resisted|p2a: Amoonguss
|-damage|p2a: Amoonguss|86/100 brn
|move|p2a: Amoonguss|Spore|p1a: Toxapex
|-status|p1a: Toxapex|slp|[from] move: Spore
|
|-damage|p2a: Amoonguss|80/100 brn|[from] brn
|upkeep
|turn|34
|inactive|Maitredouard2 has 60 seconds left.
|
|t:|1654070139
|switch|p2a: Latios|Latios, M|59/100 tox
|cant|p1a: Toxapex|slp
|
|-damage|p2a: Latios|53/100 tox|[from] psn
|upkeep
|turn|35
|inactive|Maitredouard2 has 60 seconds left.
|
|t:|1654070171
|switch|p1a: Heatran|Heatran, F|96/100
|move|p2a: Latios|Aura Sphere|p1a: Heatran
|-supereffective|p1a: Heatran
|-damage|p1a: Heatran|47/100
|
|-damage|p2a: Latios|41/100 tox|[from] psn
|upkeep
|turn|36
|
|t:|1654070183
|switch|p1a: Landorus|Landorus-Therian, M|85/100
|-ability|p1a: Landorus|Intimidate|boost
|-unboost|p2a: Latios|atk|1
|move|p2a: Latios|Psyshock|p1a: Landorus
|-damage|p1a: Landorus|37/100
|
|-damage|p2a: Latios|23/100 tox|[from] psn
|upkeep
|turn|37
|
|t:|1654070196
|switch|p2a: Tornadus|Tornadus-Therian, M|49/100
|move|p1a: Landorus|Stone Edge|p2a: Tornadus|[miss]
|-miss|p1a: Landorus|p2a: Tornadus
|
|upkeep
|turn|38
|
|t:|1654070203
|move|p1a: Landorus|Stone Edge|p2a: Tornadus
|-supereffective|p2a: Tornadus
|-damage|p2a: Tornadus|0 fnt
|faint|p2a: Tornadus
|
|upkeep
|
|t:|1654070207
|switch|p2a: Urshifu|Urshifu-Rapid-Strike, M|44/100
|turn|39
|
|t:|1654070211
|switch|p1a: Toxapex|Toxapex, F|100/100 slp
|move|p2a: Urshifu|U-turn|p1a: Toxapex
|-resisted|p1a: Toxapex
|-damage|p1a: Toxapex|89/100 slp
|
|t:|1654070213
|switch|p2a: Latios|Latios, M|23/100 tox|[from]move: U-turn
|
|-damage|p2a: Latios|17/100 tox|[from] psn
|upkeep
|turn|40
|j| Bad Players
|
|t:|1654070228
|move|p2a: Latios|Psyshock|p1a: Toxapex
|-supereffective|p1a: Toxapex
|-damage|p1a: Toxapex|41/100 slp
|-curestatus|p1a: Toxapex|slp|[msg]
|move|p1a: Toxapex|Recover|p1a: Toxapex
|-heal|p1a: Toxapex|91/100
|
|-damage|p2a: Latios|5/100 tox|[from] psn
|upkeep
|turn|41
|
|t:|1654070238
|switch|p2a: Amoonguss|Amoonguss, F, shiny|100/100 brn
|move|p1a: Toxapex|Recover|p1a: Toxapex
|-heal|p1a: Toxapex|100/100
|
|-damage|p2a: Amoonguss|94/100 brn|[from] brn
|upkeep
|turn|42
|
|t:|1654070248
|move|p1a: Toxapex|Recover||[still]
|-fail|p1a: Toxapex|heal
|move|p2a: Amoonguss|Spore|p1a: Toxapex
|-status|p1a: Toxapex|slp|[from] move: Spore
|
|-damage|p2a: Amoonguss|88/100 brn|[from] brn
|upkeep
|turn|43
|
|t:|1654070256
|switch|p1a: Heatran|Heatran, F|47/100
|switch|p2a: Urshifu|Urshifu-Rapid-Strike, M|44/100
|
|upkeep
|turn|44
|
|t:|1654070262
|switch|p1a: Toxapex|Toxapex, F|100/100 slp
|move|p2a: Urshifu|Close Combat|p1a: Toxapex
|-resisted|p1a: Toxapex
|-crit|p1a: Toxapex
|-damage|p1a: Toxapex|61/100 slp
|-unboost|p2a: Urshifu|def|1
|-unboost|p2a: Urshifu|spd|1
|
|upkeep
|turn|45
|inactive|Maitredouard2 has 90 seconds left.
|
|t:|1654070271
|switch|p1a: Landorus|Landorus-Therian, M|37/100
|-ability|p1a: Landorus|Intimidate|boost
|-unboost|p2a: Urshifu|atk|1
|move|p2a: Urshifu|Close Combat|p1a: Landorus
|-resisted|p1a: Landorus
|-damage|p1a: Landorus|0 fnt
|-unboost|p2a: Urshifu|def|1
|-unboost|p2a: Urshifu|spd|1
|faint|p1a: Landorus
|
|upkeep
|j| Cjdjfjfjdj
|inactive|Maitredouard2 has 90 seconds left.
|l| Bad Players
|
|t:|1654070301
|switch|p1a: Toxapex|Toxapex, F|94/100 slp
|turn|46
|
|t:|1654070308
|switch|p2a: Amoonguss|Amoonguss, F, shiny|100/100 brn
|cant|p1a: Toxapex|slp
|
|-damage|p2a: Amoonguss|94/100 brn|[from] brn
|upkeep
|turn|47
|
|t:|1654070319
|switch|p2a: Urshifu|Urshifu-Rapid-Strike, M|44/100
|cant|p1a: Toxapex|slp
|
|upkeep
|turn|48
|
|t:|1654070329
|move|p2a: Urshifu|U-turn|p1a: Toxapex
|-resisted|p1a: Toxapex
|-damage|p1a: Toxapex|84/100 slp
|
|t:|1654070331
|switch|p2a: Amoonguss|Amoonguss, F, shiny|100/100 brn|[from]move: U-turn
|-curestatus|p1a: Toxapex|slp|[msg]
|move|p1a: Toxapex|Scald|p2a: Amoonguss
|-resisted|p2a: Amoonguss
|-damage|p2a: Amoonguss|92/100 brn
|
|-damage|p2a: Amoonguss|86/100 brn|[from] brn
|upkeep
|turn|49
|inactive|Maitredouard2 has 90 seconds left.
|
|t:|1654070345
|move|p1a: Toxapex|Scald|p2a: Amoonguss
|-resisted|p2a: Amoonguss
|-damage|p2a: Amoonguss|78/100 brn
|move|p2a: Amoonguss|Spore|p1a: Toxapex
|-status|p1a: Toxapex|slp|[from] move: Spore
|
|-damage|p2a: Amoonguss|71/100 brn|[from] brn
|upkeep
|turn|50
|inactive|Maitredouard2 has 90 seconds left.
|
|t:|1654070355
|switch|p1a: Heatran|Heatran, F|47/100
|switch|p2a: Urshifu|Urshifu-Rapid-Strike, M|44/100
|
|upkeep
|turn|51
|
|t:|1654070362
|switch|p1a: Toxapex|Toxapex, F|100/100 slp
|move|p2a: Urshifu|Close Combat|p1a: Toxapex
|-resisted|p1a: Toxapex
|-damage|p1a: Toxapex|73/100 slp
|-unboost|p2a: Urshifu|def|1
|-unboost|p2a: Urshifu|spd|1
|
|upkeep
|turn|52
|l| Cjdjfjfjdj
|
|t:|1654070373
|move|p2a: Urshifu|Close Combat|p1a: Toxapex
|-resisted|p1a: Toxapex
|-damage|p1a: Toxapex|43/100 slp
|-unboost|p2a: Urshifu|def|1
|-unboost|p2a: Urshifu|spd|1
|cant|p1a: Toxapex|slp
|
|upkeep
|turn|53
|inactive|Maitredouard2 has 90 seconds left.
|inactive|Maitredouard2 has 60 seconds left.
|j| Dugccgyghb
|inactive|Maitredouard2 has 30 seconds left.
|inactive|Maitredouard2 has 20 seconds left.
|inactive|Maitredouard2 has 15 seconds left.
|inactive|Maitredouard2 has 10 seconds left.
|l| Dugccgyghb
|inactive|Maitredouard2 has 5 seconds left.
|-message|Maitredouard2 lost due to inactivity.
|
|win|misplayin
|raw|Maitredouard2's rating: 1692 &rarr; <strong>1674</strong><br />(-18 for losing)
|raw|misplayin's rating: 1732 &rarr; <strong>1750</strong><br />(+18 for winning)
|l|☆misplayin
|j|☆misplayin
|player|p2|misplayin|bugsy
|l|☆Maitredouard2
|l| Noob 0_o 2022
|l| NOslowly
