|j|‽minimax_ai
|j|☆winter lanterns
|t:|1668158581
|gametype|singles
|player|p1|minimax_ai|265|1679
|player|p2|winter lanterns|101|1766
|teamsize|p1|6
|teamsize|p2|6
|gen|8
|tier|[Gen 8] OU
|rated|
|rule|Sleep Clause Mod: Limit one foe put to sleep
|rule|Species Clause: Limit one of each Pokémon
|rule|OHKO Clause: OHKO moves are banned
|rule|Evasion Items Clause: Evasion items are banned
|rule|Evasion Moves Clause: Evasion moves are banned
|rule|Endless Battle Clause: Forcing endless battles is banned
|rule|HP Percentage Mod: HP is shown in percentages
|rule|Dynamax Clause: You cannot dynamax
|clearpoke
|poke|p1|Rotom-Wash|
|poke|p1|Weavile, F|
|poke|p1|Landorus-Therian, M|
|poke|p1|Heatran, M|
|poke|p1|Tangrowth, M|
|poke|p1|Melmetal|
|poke|p2|Dragapult, F|
|poke|p2|Urshifu-*, F|
|poke|p2|Tapu Lele|
|poke|p2|Landorus-Therian, M|
|poke|p2|Zapdos|
|poke|p2|Melmetal|
|teampreview
|j| wdz999
|inactive|Battle timer is ON: inactive players will automatically lose when time's up. (requested by minimax_ai)
|j| broked on bricks
|
|t:|1668158596
|start
|switch|p1a: Landorus|Landorus-Therian, M|100/100
|switch|p2a: Urshifu|Urshifu-Rapid-Strike, F|100/100
|-ability|p1a: Landorus|Intimidate|boost
|-unboost|p2a: Urshifu|atk|1
|turn|1
|
|t:|1668158599
|switch|p1a: Tangrowth|Tangrowth, M|100/100
|move|p2a: Urshifu|U-turn|p1a: Tangrowth
|-supereffective|p1a: Tangrowth
|-damage|p1a: Tangrowth|74/100
|-damage|p2a: Urshifu|84/100|[from] item: Rocky Helmet|[of] p1a: Tangrowth
|
|t:|1668158600
|switch|p2a: Landorus|Landorus-Therian, M|100/100|[from]move: U-turn
|-ability|p2a: Landorus|Intimidate|boost
|-unboost|p1a: Tangrowth|atk|1
|
|upkeep
|turn|2
|
|t:|1668158603
|switch|p1a: Weavile|Weavile, F|100/100
|-ability|p1a: Weavile|Pressure
|move|p2a: Landorus|Knock Off|p1a: Weavile
|-resisted|p1a: Weavile
|-crit|p1a: Weavile
|-damage|p1a: Weavile|58/100
|-enditem|p1a: Weavile|Choice Band|[from] move: Knock Off|[of] p2a: Landorus
|
|upkeep
|turn|3
|
|t:|1668158606
|switch|p2a: Urshifu|Urshifu-Rapid-Strike, F|84/100
|move|p1a: Weavile|Triple Axel|p2a: Urshifu
|-resisted|p2a: Urshifu
|-damage|p2a: Urshifu|79/100
|-resisted|p2a: Urshifu
|-crit|p2a: Urshifu
|-damage|p2a: Urshifu|64/100
|-resisted|p2a: Urshifu
|-damage|p2a: Urshifu|50/100
|-hitcount|p2a: Urshifu|3
|
|upkeep
|turn|4
|
|t:|1668158608
|switch|p1a: Tangrowth|Tangrowth, M|100/100
|move|p2a: Urshifu|U-turn|p1a: Tangrowth
|-supereffective|p1a: Tangrowth
|-damage|p1a: Tangrowth|62/100
|-damage|p2a: Urshifu|34/100|[from] item: Rocky Helmet|[of] p1a: Tangrowth
|
|t:|1668158610
|switch|p2a: Landorus|Landorus-Therian, M|100/100|[from]move: U-turn
|-ability|p2a: Landorus|Intimidate|boost
|-unboost|p1a: Tangrowth|atk|1
|
|upkeep
|turn|5
|
|t:|1668158611
|switch|p1a: Landorus|Landorus-Therian, M|100/100
|-ability|p1a: Landorus|Intimidate|boost
|-unboost|p2a: Landorus|atk|1
|move|p2a: Landorus|Stealth Rock|p1a: Landorus
|-sidestart|p1: minimax_ai|move: Stealth Rock
|
|upkeep
|turn|6
|
|t:|1668158613
|move|p2a: Landorus|Knock Off|p1a: Landorus
|-damage|p1a: Landorus|82/100
|-enditem|p1a: Landorus|Leftovers|[from] move: Knock Off|[of] p2a: Landorus
|move|p1a: Landorus|Defog|p2a: Landorus
|-unboost|p2a: Landorus|evasion|1
|-sideend|p1: minimax_ai|Stealth Rock|[from] move: Defog|[of] p1a: Landorus
|
|upkeep
|turn|7
|
|t:|1668158617
|switch|p2a: Urshifu|Urshifu-Rapid-Strike, F|34/100
|move|p1a: Landorus|Toxic|p2a: Urshifu
|-status|p2a: Urshifu|tox
|
|-damage|p2a: Urshifu|27/100 tox|[from] psn
|upkeep
|turn|8
|
|t:|1668158619
|switch|p1a: Tangrowth|Tangrowth, M|96/100
|move|p2a: Urshifu|U-turn|p1a: Tangrowth
|-supereffective|p1a: Tangrowth
|-damage|p1a: Tangrowth|56/100
|-damage|p2a: Urshifu|11/100 tox|[from] item: Rocky Helmet|[of] p1a: Tangrowth
|
|t:|1668158624
|switch|p2a: Landorus|Landorus-Therian, M|100/100|[from]move: U-turn
|-ability|p2a: Landorus|Intimidate|boost
|-unboost|p1a: Tangrowth|atk|1
|
|upkeep
|turn|9
|j| Lougarick22
|
|t:|1668158626
|switch|p1a: Landorus|Landorus-Therian, M|82/100
|-ability|p1a: Landorus|Intimidate|boost
|-unboost|p2a: Landorus|atk|1
|move|p2a: Landorus|U-turn|p1a: Landorus
|-resisted|p1a: Landorus
|-damage|p1a: Landorus|75/100
|
|t:|1668158633
|switch|p2a: Urshifu|Urshifu-Rapid-Strike, F|11/100 tox|[from]move: U-turn
|
|-damage|p2a: Urshifu|5/100 tox|[from] psn
|upkeep
|turn|10
|
|t:|1668158636
|switch|p2a: Dragapult|Dragapult, F|100/100
|switch|p1a: Tangrowth|Tangrowth, M|89/100
|
|upkeep
|turn|11
|
|t:|1668158645
|switch|p1a: Melmetal|Melmetal|100/100
|move|p2a: Dragapult|Shadow Ball|p1a: Melmetal
|-damage|p1a: Melmetal|67/100
|
|upkeep
|turn|12
|
|t:|1668158650
|switch|p2a: Melmetal|Melmetal|100/100
|move|p1a: Melmetal|Double Iron Bash|p2a: Melmetal
|-resisted|p2a: Melmetal
|-damage|p2a: Melmetal|88/100
|-resisted|p2a: Melmetal
|-damage|p2a: Melmetal|76/100
|-hitcount|p2a: Melmetal|2
|
|-heal|p2a: Melmetal|82/100|[from] item: Leftovers
|upkeep
|turn|13
|
|t:|1668158658
|switch|p2a: Dragapult|Dragapult, F|100/100
|switch|p1a: Rotom|Rotom-Wash|100/100
|
|upkeep
|turn|14
|
|t:|1668158661
|move|p2a: Dragapult|Shadow Ball|p1a: Rotom
|-damage|p1a: Rotom|43/100
|move|p1a: Rotom|Thunderbolt|p2a: Dragapult
|-resisted|p2a: Dragapult
|-damage|p2a: Dragapult|78/100
|
|-heal|p1a: Rotom|49/100|[from] item: Leftovers
|upkeep
|turn|15
|
|t:|1668158663
|switch|p1a: Melmetal|Melmetal|67/100
|move|p2a: Dragapult|Shadow Ball|p1a: Melmetal
|-damage|p1a: Melmetal|36/100
|
|upkeep
|turn|16
|
|t:|1668158668
|switch|p2a: Zapdos|Zapdos|100/100
|move|p1a: Melmetal|Earthquake|p2a: Zapdos
|-immune|p2a: Zapdos
|
|upkeep
|turn|17
|
|t:|1668158673
|move|p2a: Zapdos|Hurricane|p1a: Melmetal|[miss]
|-miss|p2a: Zapdos|p1a: Melmetal
|move|p1a: Melmetal|Thunder Punch|p2a: Zapdos
|-damage|p2a: Zapdos|58/100
|-status|p1a: Melmetal|par|[from] ability: Static|[of] p2a: Zapdos
|
|upkeep
|turn|18
|
|t:|1668158676
|move|p2a: Zapdos|Volt Switch|p1a: Melmetal
|-damage|p1a: Melmetal|17/100 par
|
|t:|1668158678
|switch|p2a: Urshifu|Urshifu-Rapid-Strike, F|5/100 tox|[from]move: Volt Switch
|cant|p1a: Melmetal|par
|
|-damage|p2a: Urshifu|0 fnt|[from] psn
|faint|p2a: Urshifu
|upkeep
|
|t:|1668158679
|switch|p2a: Dragapult|Dragapult, F|78/100
|turn|19
|j| ggnhax
|
|t:|1668158680
|move|p2a: Dragapult|Shadow Ball|p1a: Melmetal
|-damage|p1a: Melmetal|0 fnt
|faint|p1a: Melmetal
|
|upkeep
|
|t:|1668158681
|switch|p1a: Weavile|Weavile, F|58/100
|-ability|p1a: Weavile|Pressure
|turn|20
|
|t:|1668158689
|switch|p2a: Landorus|Landorus-Therian, M|100/100
|-ability|p2a: Landorus|Intimidate|boost
|-unboost|p1a: Weavile|atk|1
|move|p1a: Weavile|Knock Off|p2a: Landorus
|-crit|p2a: Landorus
|-damage|p2a: Landorus|27/100
|-enditem|p2a: Landorus|Leftovers|[from] move: Knock Off|[of] p1a: Weavile
|
|upkeep
|turn|21
|
|t:|1668158705
|switch|p1a: Heatran|Heatran, M|100/100
|-item|p1a: Heatran|Air Balloon
|switch|p2a: Melmetal|Melmetal|82/100
|
|-heal|p2a: Melmetal|89/100|[from] item: Leftovers
|upkeep
|turn|22
|
|t:|1668158715
|move|p1a: Heatran|Eruption|p2a: Melmetal
|-supereffective|p2a: Melmetal
|-damage|p2a: Melmetal|0 fnt
|faint|p2a: Melmetal
|
|upkeep
|
|t:|1668158717
|switch|p2a: Dragapult|Dragapult, F|78/100
|turn|23
|
|t:|1668158718
|move|p2a: Dragapult|Shadow Ball|p1a: Heatran
|-damage|p1a: Heatran|42/100
|-enditem|p1a: Heatran|Air Balloon
|move|p1a: Heatran|Magma Storm|p2a: Dragapult|[miss]
|-miss|p1a: Heatran|p2a: Dragapult
|
|upkeep
|turn|24
|
|t:|1668158721
|switch|p1a: Landorus|Landorus-Therian, M|75/100
|-ability|p1a: Landorus|Intimidate|boost
|-unboost|p2a: Dragapult|atk|1
|move|p2a: Dragapult|Shadow Ball|p1a: Landorus
|-damage|p1a: Landorus|33/100
|
|upkeep
|turn|25
|
|t:|1668158723
|switch|p1a: Tangrowth|Tangrowth, M|100/100
|move|p2a: Dragapult|Shadow Ball|p1a: Tangrowth
|-damage|p1a: Tangrowth|22/100
|
|upkeep
|turn|26
|
|t:|1668158725
|switch|p1a: Landorus|Landorus-Therian, M|33/100
|-ability|p1a: Landorus|Intimidate|boost
|-unboost|p2a: Dragapult|atk|1
|move|p2a: Dragapult|Shadow Ball|p1a: Landorus
|-damage|p1a: Landorus|0 fnt
|faint|p1a: Landorus
|
|upkeep
|
|t:|1668158725
|switch|p1a: Weavile|Weavile, F|58/100
|-ability|p1a: Weavile|Pressure
|turn|27
|
|t:|1668158732
|switch|p2a: Tapu Lele|Tapu Lele|100/100
|-fieldstart|move: Psychic Terrain|[from] ability: Psychic Surge|[of] p2a: Tapu Lele
|move|p1a: Weavile|Knock Off|p2a: Tapu Lele
|-damage|p2a: Tapu Lele|23/100
|-enditem|p2a: Tapu Lele|Choice Scarf|[from] move: Knock Off|[of] p1a: Weavile
|
|upkeep
|turn|28
|
|t:|1668158736
|switch|p2a: Landorus|Landorus-Therian, M|27/100
|-ability|p2a: Landorus|Intimidate|boost
|-unboost|p1a: Weavile|atk|1
|move|p1a: Weavile|Knock Off|p2a: Landorus
|-damage|p2a: Landorus|6/100
|
|upkeep
|turn|29
|
|t:|1668158739
|move|p1a: Weavile|Triple Axel|p2a: Landorus
|-supereffective|p2a: Landorus
|-damage|p2a: Landorus|0 fnt
|faint|p2a: Landorus
|-hitcount|p2: Landorus|1
|
|upkeep
|
|t:|1668158741
|switch|p2a: Dragapult|Dragapult, F|78/100
|turn|30
|
|t:|1668158743
|switch|p1a: Heatran|Heatran, M|42/100
|move|p2a: Dragapult|Shadow Ball|p1a: Heatran
|-damage|p1a: Heatran|0 fnt
|faint|p1a: Heatran
|
|upkeep
|
|t:|1668158743
|switch|p1a: Weavile|Weavile, F|58/100
|-ability|p1a: Weavile|Pressure
|turn|31
|
|t:|1668158752
|switch|p2a: Tapu Lele|Tapu Lele|23/100
|move|p1a: Weavile|Triple Axel|p2a: Tapu Lele
|-damage|p2a: Tapu Lele|9/100
|-damage|p2a: Tapu Lele|0 fnt
|faint|p2a: Tapu Lele
|-hitcount|p2: Tapu Lele|2
|
|-fieldend|move: Psychic Terrain
|upkeep
|
|t:|1668158754
|switch|p2a: Dragapult|Dragapult, F|78/100
|turn|32
|
|t:|1668158756
|move|p1a: Weavile|Ice Shard|p2a: Dragapult
|-supereffective|p2a: Dragapult
|-damage|p2a: Dragapult|27/100
|move|p2a: Dragapult|Flamethrower|p1a: Weavile
|-supereffective|p1a: Weavile
|-damage|p1a: Weavile|0 fnt
|faint|p1a: Weavile
|
|upkeep
|
|t:|1668158756
|switch|p1a: Rotom|Rotom-Wash|49/100
|turn|33
|
|t:|1668158759
|switch|p2a: Zapdos|Zapdos|58/100
|move|p1a: Rotom|Nasty Plot|p1a: Rotom
|-boost|p1a: Rotom|spa|2
|
|-heal|p1a: Rotom|55/100|[from] item: Leftovers
|upkeep
|turn|34
|
|t:|1668158767
|move|p2a: Zapdos|Hurricane|p1a: Rotom
|-resisted|p1a: Rotom
|-damage|p1a: Rotom|26/100
|-start|p1a: Rotom|confusion
|-activate|p1a: Rotom|confusion
|move|p1a: Rotom|Thunderbolt|p2a: Zapdos
|-damage|p2a: Zapdos|0 fnt
|faint|p2a: Zapdos
|
|-heal|p1a: Rotom|32/100|[from] item: Leftovers
|upkeep
|
|t:|1668158768
|switch|p2a: Dragapult|Dragapult, F|27/100
|turn|35
|
|t:|1668158771
|move|p2a: Dragapult|Shadow Ball|p1a: Rotom
|-damage|p1a: Rotom|0 fnt
|faint|p1a: Rotom
|
|upkeep
|
|t:|1668158771
|switch|p1a: Tangrowth|Tangrowth, M|55/100
|turn|36
|
|t:|1668158772
|move|p2a: Dragapult|Shadow Ball|p1a: Tangrowth
|-damage|p1a: Tangrowth|0 fnt
|faint|p1a: Tangrowth
|
|win|winter lanterns
|raw|minimax_ai's rating: 1679 &rarr; <strong>1664</strong><br />(-15 for losing)
|raw|winter lanterns's rating: 1766 &rarr; <strong>1781</strong><br />(+15 for winning)
