|j|☆Stellar Flares
|j|☆Marshmellow.OwO
|inactive|Battle timer is ON: inactive players will automatically lose when time's up.
|t:|1667217665
|gametype|singles
|player|p1|Stellar Flares|1|
|player|p2|Marshmellow.OwO|courtney|
|teamsize|p1|6
|teamsize|p2|6
|gen|8
|tier|[Gen 8] OU
|rated|Tournament battle
|rule|Sleep Clause Mod: Limit one foe put to sleep
|rule|Species Clause: Limit one of each Pokémon
|rule|OHKO Clause: OHKO moves are banned
|rule|Evasion Items Clause: Evasion items are banned
|rule|Evasion Moves Clause: Evasion moves are banned
|rule|Endless Battle Clause: Forcing endless battles is banned
|rule|HP Percentage Mod: HP is shown in percentages
|rule|Dynamax Clause: You cannot dynamax
|clearpoke
|poke|p1|Torkoal, F|
|poke|p1|Darmanitan, M|
|poke|p1|Venusaur, M|
|poke|p1|Landorus-Therian, M|
|poke|p1|Corviknight, F|
|poke|p1|Kartana|
|poke|p2|Mimikyu, F|
|poke|p2|Dragapult, M|
|poke|p2|Urshifu-*, M|
|poke|p2|Volcarona, M|
|poke|p2|Bisharp, F|
|poke|p2|Landorus-Therian, M|
|teampreview
|inactive|Marshmellow.OwO also wants the timer to be on.
|j| The pokemon dad
|
|t:|1667217673
|start
|switch|p1a: Torkoal|Torkoal, F|100/100
|switch|p2a: Landorus|Landorus-Therian, M|100/100
|-ability|p2a: Landorus|Intimidate|boost
|-unboost|p1a: Torkoal|atk|1
|-weather|SunnyDay|[from] ability: Drought|[of] p1a: Torkoal
|turn|1
|
|t:|1667217677
|move|p2a: Landorus|Earthquake|p1a: Torkoal
|-supereffective|p1a: Torkoal
|-damage|p1a: Torkoal|47/100
|move|p1a: Torkoal|Yawn|p2a: Landorus
|-start|p2a: Landorus|move: Yawn|[of] p1a: Torkoal
|
|-weather|SunnyDay|[upkeep]
|upkeep
|turn|2
|
|t:|1667217683
|switch|p2a: Urshifu|Urshifu-Rapid-Strike, M|100/100
|move|p1a: Torkoal|Stealth Rock|p2a: Urshifu
|-sidestart|p2: Marshmellow.OwO|move: Stealth Rock
|
|-weather|SunnyDay|[upkeep]
|upkeep
|turn|3
|j| yeshahr
|
|t:|1667217687
|switch|p1a: Corviknight|Corviknight, F|100/100
|-ability|p1a: Corviknight|Pressure
|move|p2a: Urshifu|Surging Strikes|p1a: Corviknight
|-crit|p1a: Corviknight
|-damage|p1a: Corviknight|94/100
|-crit|p1a: Corviknight
|-damage|p1a: Corviknight|88/100
|-crit|p1a: Corviknight
|-damage|p1a: Corviknight|82/100
|-hitcount|p1a: Corviknight|3
|
|-weather|SunnyDay|[upkeep]
|-heal|p1a: Corviknight|89/100|[from] item: Leftovers
|upkeep
|turn|4
|
|t:|1667217690
|move|p2a: Urshifu|Taunt|p1a: Corviknight
|-start|p1a: Corviknight|move: Taunt
|move|p1a: Corviknight|U-turn|p2a: Urshifu
|-resisted|p2a: Urshifu
|-damage|p2a: Urshifu|94/100
|
|t:|1667217694
|switch|p1a: Venusaur|Venusaur, M|100/100|[from]move: U-turn
|
|-weather|SunnyDay|[upkeep]
|upkeep
|turn|5
|
|t:|1667217702
|move|p1a: Venusaur|Growth|p1a: Venusaur
|-boost|p1a: Venusaur|atk|2
|-boost|p1a: Venusaur|spa|2
|move|p2a: Urshifu|Surging Strikes|p1a: Venusaur
|-resisted|p1a: Venusaur
|-crit|p1a: Venusaur
|-damage|p1a: Venusaur|95/100
|-resisted|p1a: Venusaur
|-crit|p1a: Venusaur
|-damage|p1a: Venusaur|88/100
|-resisted|p1a: Venusaur
|-crit|p1a: Venusaur
|-damage|p1a: Venusaur|82/100
|-hitcount|p1a: Venusaur|3
|
|-weather|SunnyDay|[upkeep]
|upkeep
|turn|6
|
|t:|1667217706
|move|p1a: Venusaur|Giga Drain|p2a: Urshifu
|-supereffective|p2a: Urshifu
|-damage|p2a: Urshifu|0 fnt
|-heal|p1a: Venusaur|100/100|[from] drain|[of] p2a: Urshifu
|faint|p2a: Urshifu
|-damage|p1a: Venusaur|91/100|[from] item: Life Orb
|
|-weather|SunnyDay|[upkeep]
|upkeep
|
|t:|1667217711
|switch|p2a: Dragapult|Dragapult, M|100/100
|-damage|p2a: Dragapult|88/100|[from] Stealth Rock
|turn|7
|
|t:|1667217719
|move|p1a: Venusaur|Earth Power|p2a: Dragapult
|-damage|p2a: Dragapult|0 fnt
|faint|p2a: Dragapult
|-damage|p1a: Venusaur|81/100|[from] item: Life Orb
|
|-weather|SunnyDay|[upkeep]
|upkeep
|
|t:|1667217727
|switch|p2a: Landorus|Landorus-Therian, M|100/100
|-damage|p2a: Landorus|88/100|[from] Stealth Rock
|-ability|p2a: Landorus|Intimidate|boost
|-unboost|p1a: Venusaur|atk|1
|turn|8
|
|t:|1667217741
|move|p1a: Venusaur|Weather Ball|p2a: Landorus
|-damage|p2a: Landorus|5/100
|-damage|p1a: Venusaur|71/100|[from] item: Life Orb
|move|p2a: Landorus|Earthquake|p1a: Venusaur
|-damage|p1a: Venusaur|6/100
|
|-weather|none
|-heal|p2a: Landorus|11/100|[from] item: Leftovers
|upkeep
|turn|9
|
|t:|1667217749
|move|p1a: Venusaur|Giga Drain|p2a: Landorus
|-damage|p2a: Landorus|0 fnt
|-heal|p1a: Venusaur|12/100|[from] drain|[of] p2a: Landorus
|faint|p2a: Landorus
|-damage|p1a: Venusaur|2/100|[from] item: Life Orb
|
|upkeep
|
|t:|1667217755
|switch|p2a: Bisharp|Bisharp, F|100/100
|-damage|p2a: Bisharp|95/100|[from] Stealth Rock
|turn|10
|
|t:|1667217760
|move|p2a: Bisharp|Sucker Punch|p1a: Venusaur
|-damage|p1a: Venusaur|0 fnt
|faint|p1a: Venusaur
|
|upkeep
|
|t:|1667217771
|switch|p1a: Darmanitan|Darmanitan, M|100/100
|turn|11
|
|t:|1667217776
|move|p2a: Bisharp|Sucker Punch||[still]
|-fail|p2a: Bisharp
|move|p1a: Darmanitan|Substitute|p1a: Darmanitan
|-start|p1a: Darmanitan|Substitute
|-damage|p1a: Darmanitan|75/100
|
|upkeep
|turn|12
|
|t:|1667217791
|move|p1a: Darmanitan|Fire Punch|p2a: Bisharp
|-supereffective|p2a: Bisharp
|-crit|p2a: Bisharp
|-damage|p2a: Bisharp|0 fnt
|faint|p2a: Bisharp
|
|upkeep
|
|t:|1667217795
|switch|p2a: Mimikyu|Mimikyu, F|100/100
|-damage|p2a: Mimikyu|88/100|[from] Stealth Rock
|turn|13
|
|t:|1667217799
|move|p1a: Darmanitan|Fire Punch|p2a: Mimikyu
|-activate|p2a: Mimikyu|ability: Disguise
|-damage|p2a: Mimikyu|88/100
|detailschange|p2a: Mimikyu|Mimikyu-Busted, F
|-damage|p2a: Mimikyu|76/100|[from] pokemon: Mimikyu-Busted
|move|p2a: Mimikyu|Shadow Claw|p1a: Darmanitan
|-end|p1a: Darmanitan|Substitute
|-damage|p2a: Mimikyu|66/100|[from] item: Life Orb
|
|upkeep
|turn|14
|inactive|Stellar Flares has 120 seconds left.
|
|t:|1667217830
|switch|p1a: Kartana|Kartana|100/100
|move|p2a: Mimikyu|Shadow Claw|p1a: Kartana
|-damage|p1a: Kartana|60/100
|-damage|p2a: Mimikyu|56/100|[from] item: Life Orb
|
|upkeep
|turn|15
|
|t:|1667217834
|move|p2a: Mimikyu|Shadow Sneak|p1a: Kartana
|-damage|p1a: Kartana|38/100
|-damage|p2a: Mimikyu|46/100|[from] item: Life Orb
|move|p1a: Kartana|Knock Off|p2a: Mimikyu
|-damage|p2a: Mimikyu|0 fnt
|-enditem|p2a: Mimikyu|Life Orb|[from] move: Knock Off|[of] p1a: Kartana
|faint|p2a: Mimikyu
|-ability|p1a: Kartana|Beast Boost|boost
|-boost|p1a: Kartana|atk|1
|
|upkeep
|
|t:|1667217837
|switch|p2a: Volcarona|Volcarona, M|100/100
|turn|16
|
|t:|1667217841
|move|p1a: Kartana|Knock Off|p2a: Volcarona
|-damage|p2a: Volcarona|27/100
|-enditem|p2a: Volcarona|Heavy-Duty Boots|[from] move: Knock Off|[of] p1a: Kartana
|move|p2a: Volcarona|Quiver Dance|p2a: Volcarona
|-boost|p2a: Volcarona|spa|1
|-boost|p2a: Volcarona|spd|1
|-boost|p2a: Volcarona|spe|1
|
|upkeep
|turn|17
|
|t:|1667217847
|move|p1a: Kartana|Knock Off|p2a: Volcarona
|-damage|p2a: Volcarona|0 fnt
|-status|p1a: Kartana|brn|[from] ability: Flame Body|[of] p2a: Volcarona
|faint|p2a: Volcarona
|
|win|Stellar Flares
|n|☆Stellar Flares|stellarflares
|n|☆Marshmellow.OwO|marshmellowowo
|n| The pokemon dad|thepokemondad
|n| yeshahr|yeshahr
