|j|☆cyclonus2
|j|☆hqstest
|t:|1664755550
|gametype|singles
|player|p1|cyclonus2|backersf|1449
|player|p2|hqstest|veteranf|1572
|teamsize|p1|6
|teamsize|p2|6
|gen|8
|tier|[Gen 8] OU
|rated|
|rule|Sleep Clause Mod: Limit one foe put to sleep
|rule|Species Clause: Limit one of each Pokémon
|rule|OHKO Clause: OHKO moves are banned
|rule|Evasion Items Clause: Evasion items are banned
|rule|Evasion Moves Clause: Evasion moves are banned
|rule|Endless Battle Clause: Forcing endless battles is banned
|rule|HP Percentage Mod: HP is shown in percentages
|rule|Dynamax Clause: You cannot dynamax
|clearpoke
|poke|p1|Clefable, F|
|poke|p1|Zapdos|
|poke|p1|Toxapex, F|
|poke|p1|Garchomp, M|
|poke|p1|Corviknight, M|
|poke|p1|Ferrothorn, M|
|poke|p2|Terrakion|
|poke|p2|Mew|
|poke|p2|Blaziken, M|
|poke|p2|Tapu Koko|
|poke|p2|Weavile, M|
|poke|p2|Dragonite, F|
|teampreview
|inactive|Battle timer is ON: inactive players will automatically lose when time's up. (requested by hqstest)
|
|t:|1664755557
|start
|switch|p1a: Sea Monster|Toxapex, F, shiny|100/100
|switch|p2a: Terrakion|Terrakion|100/100
|turn|1
|
|t:|1664755562
|move|p2a: Terrakion|Taunt|p1a: Sea Monster
|-start|p1a: Sea Monster|move: Taunt
|cant|p1a: Sea Monster|move: Taunt|Toxic
|
|upkeep
|turn|2
|
|t:|1664755566
|move|p2a: Terrakion|Stealth Rock|p1a: Sea Monster
|-sidestart|p1: cyclonus2|move: Stealth Rock
|move|p1a: Sea Monster|Scald|p2a: Terrakion
|-supereffective|p2a: Terrakion
|-damage|p2a: Terrakion|63/100
|-status|p2a: Terrakion|brn
|
|-damage|p2a: Terrakion|57/100 brn|[from] brn
|upkeep
|turn|3
|
|t:|1664755574
|switch|p1a: Skyquake|Corviknight, M, shiny|100/100
|-damage|p1a: Skyquake|88/100|[from] Stealth Rock
|-ability|p1a: Skyquake|Pressure
|move|p2a: Terrakion|Rock Tomb|p1a: Skyquake
|-damage|p1a: Skyquake|78/100
|-unboost|p1a: Skyquake|spe|1
|
|-heal|p1a: Skyquake|84/100|[from] item: Leftovers
|-damage|p2a: Terrakion|50/100 brn|[from] brn
|upkeep
|turn|4
|
|t:|1664755585
|move|p2a: Terrakion|Taunt|p1a: Skyquake
|-start|p1a: Skyquake|move: Taunt
|cant|p1a: Skyquake|move: Taunt|Defog
|
|-heal|p1a: Skyquake|90/100|[from] item: Leftovers
|-damage|p2a: Terrakion|44/100 brn|[from] brn
|upkeep
|turn|5
|
|t:|1664755592
|move|p2a: Terrakion|Close Combat|p1a: Skyquake
|-damage|p1a: Skyquake|71/100
|-unboost|p2a: Terrakion|def|1
|-unboost|p2a: Terrakion|spd|1
|move|p1a: Skyquake|Body Press|p2a: Terrakion
|-supereffective|p2a: Terrakion
|-damage|p2a: Terrakion|0 fnt
|faint|p2a: Terrakion
|
|-heal|p1a: Skyquake|77/100|[from] item: Leftovers
|upkeep
|
|t:|1664755596
|switch|p2a: Mew|Mew|100/100
|turn|6
|
|t:|1664755607
|move|p2a: Mew|Spikes|p1a: Skyquake
|-sidestart|p1: cyclonus2|Spikes
|move|p1a: Skyquake|U-turn|p2a: Mew
|-supereffective|p2a: Mew
|-damage|p2a: Mew|78/100
|
|t:|1664755612
|switch|p1a: Sea Monster|Toxapex, F, shiny|100/100|[from]move: U-turn
|-damage|p1a: Sea Monster|88/100|[from] Stealth Rock
|-damage|p1a: Sea Monster|76/100|[from] Spikes
|
|-heal|p1a: Sea Monster|82/100|[from] item: Leftovers
|upkeep
|turn|7
|
|t:|1664755619
|move|p2a: Mew|Taunt|p1a: Sea Monster
|-start|p1a: Sea Monster|move: Taunt
|cant|p1a: Sea Monster|move: Taunt|Toxic
|
|-heal|p1a: Sea Monster|88/100|[from] item: Leftovers
|upkeep
|turn|8
|
|t:|1664755639
|switch|p1a: Sharkticon|Garchomp, M, shiny|100/100
|-damage|p1a: Sharkticon|94/100|[from] Stealth Rock
|-damage|p1a: Sharkticon|82/100|[from] Spikes
|move|p2a: Mew|Thunder Wave|p1a: Sharkticon
|-immune|p1a: Sharkticon
|
|-heal|p1a: Sharkticon|88/100|[from] item: Leftovers
|upkeep
|turn|9
|
|t:|1664755648
|move|p1a: Sharkticon|Swords Dance|p1a: Sharkticon
|-boost|p1a: Sharkticon|atk|2
|move|p2a: Mew|Taunt|p1a: Sharkticon
|-start|p1a: Sharkticon|move: Taunt
|
|-heal|p1a: Sharkticon|94/100|[from] item: Leftovers
|upkeep
|turn|10
|
|t:|1664755655
|move|p1a: Sharkticon|Earthquake|p2a: Mew
|-damage|p2a: Mew|0 fnt
|faint|p2a: Mew
|
|-heal|p1a: Sharkticon|100/100|[from] item: Leftovers
|upkeep
|
|t:|1664755662
|switch|p2a: Weavile|Weavile, M|100/100
|-ability|p2a: Weavile|Pressure
|turn|11
|
|t:|1664755673
|switch|p1a: Sea Monster|Toxapex, F, shiny|100/100
|-damage|p1a: Sea Monster|88/100|[from] Stealth Rock
|-damage|p1a: Sea Monster|76/100|[from] Spikes
|move|p2a: Weavile|Swords Dance|p2a: Weavile
|-boost|p2a: Weavile|atk|2
|
|-heal|p1a: Sea Monster|82/100|[from] item: Leftovers
|upkeep
|turn|12
|
|t:|1664755681
|move|p2a: Weavile|Knock Off|p1a: Sea Monster
|-damage|p1a: Sea Monster|0 fnt
|-enditem|p1a: Sea Monster|Leftovers|[from] move: Knock Off|[of] p2a: Weavile
|faint|p1a: Sea Monster
|-damage|p2a: Weavile|91/100|[from] item: Life Orb
|
|upkeep
|-message|cyclonus2 forfeited.
|
|win|hqstest
|raw|cyclonus2's rating: 1449 &rarr; <strong>1436</strong><br />(-13 for losing)
|raw|hqstest's rating: 1572 &rarr; <strong>1585</strong><br />(+13 for winning)
|l|☆cyclonus2
||Ladder isn't responding, score probably updated but might not have (Request timeout).
