|j|☆sgmartellofficial
|j|☆Blacksponge
|t:|1667526990
|gametype|singles
|player|p1|sgmartellofficial|cyclist-gen4|1613
|player|p2|Blacksponge|lucas|1805
|teamsize|p1|6
|teamsize|p2|6
|gen|8
|tier|[Gen 8] OU
|rated|
|rule|Sleep Clause Mod: Limit one foe put to sleep
|rule|Species Clause: Limit one of each Pokémon
|rule|OHKO Clause: OHKO moves are banned
|rule|Evasion Items Clause: Evasion items are banned
|rule|Evasion Moves Clause: Evasion moves are banned
|rule|Endless Battle Clause: Forcing endless battles is banned
|rule|HP Percentage Mod: HP is shown in percentages
|rule|Dynamax Clause: You cannot dynamax
|clearpoke
|poke|p1|Melmetal|
|poke|p1|Weavile, M|
|poke|p1|Volcanion|
|poke|p1|Zapdos|
|poke|p1|Landorus-Therian, M|
|poke|p1|Kartana|
|poke|p2|Tapu Fini|
|poke|p2|Victini|
|poke|p2|Clefable, M|
|poke|p2|Tornadus-Therian, M|
|poke|p2|Hippowdon, F|
|poke|p2|Dracozolt|
|teampreview
|
|t:|1667527000
|start
|switch|p1a: Volcanion|Volcanion|100/100
|switch|p2a: Victini|Victini|100/100
|turn|1
|inactive|Battle timer is ON: inactive players will automatically lose when time's up. (requested by sgmartellofficial)
|
|t:|1667527030
|switch|p2a: Tornadus|Tornadus-Therian, M|100/100
|move|p1a: Volcanion|Sludge Wave|p2a: Tornadus
|-damage|p2a: Tornadus|34/100
|
|upkeep
|turn|2
|
|t:|1667527037
|switch|p1a: Zapdos|Zapdos|100/100
|move|p2a: Tornadus|Hurricane|p1a: Zapdos
|-resisted|p1a: Zapdos
|-damage|p1a: Zapdos|78/100
|
|upkeep
|turn|3
|
|t:|1667527042
|switch|p2a: Hippowdon|Hippowdon, F|100/100
|-weather|Sandstorm|[from] ability: Sand Stream|[of] p2a: Hippowdon
|move|p1a: Zapdos|Hurricane|p2a: Hippowdon|[miss]
|-miss|p1a: Zapdos|p2a: Hippowdon
|
|-weather|Sandstorm|[upkeep]
|-damage|p1a: Zapdos|72/100|[from] Sandstorm
|upkeep
|turn|4
|
|t:|1667527051
|switch|p1a: Volcanion|Volcanion|100/100
|move|p2a: Hippowdon|Stealth Rock|p1a: Volcanion
|-sidestart|p1: sgmartellofficial|move: Stealth Rock
|
|-weather|Sandstorm|[upkeep]
|-damage|p1a: Volcanion|95/100|[from] Sandstorm
|upkeep
|turn|5
|
|t:|1667527055
|switch|p2a: Tornadus|Tornadus-Therian, M|67/100
|move|p1a: Volcanion|Steam Eruption|p2a: Tornadus
|-damage|p2a: Tornadus|0 fnt
|faint|p2a: Tornadus
|
|-weather|Sandstorm|[upkeep]
|-damage|p1a: Volcanion|89/100|[from] Sandstorm
|upkeep
|
|t:|1667527060
|switch|p2a: Dracozolt|Dracozolt|100/100
|turn|6
|
|t:|1667527071
|switch|p1a: Landorus|Landorus-Therian, M|100/100
|-damage|p1a: Landorus|88/100|[from] Stealth Rock
|-ability|p1a: Landorus|Intimidate|boost
|-unboost|p2a: Dracozolt|atk|1
|move|p2a: Dracozolt|Draco Meteor|p1a: Landorus
|-damage|p1a: Landorus|34/100
|-unboost|p2a: Dracozolt|spa|2
|-damage|p2a: Dracozolt|91/100|[from] item: Life Orb
|
|-weather|Sandstorm|[upkeep]
|-heal|p1a: Landorus|40/100|[from] item: Leftovers
|upkeep
|turn|7
|
|t:|1667527093
|switch|p2a: Hippowdon|Hippowdon, F|100/100
|move|p1a: Landorus|U-turn|p2a: Hippowdon
|-damage|p2a: Hippowdon|85/100
|
|t:|1667527096
|switch|p1a: Volcanion|Volcanion|89/100|[from]move: U-turn
|-damage|p1a: Volcanion|64/100|[from] Stealth Rock
|
|-weather|Sandstorm|[upkeep]
|-damage|p1a: Volcanion|58/100|[from] Sandstorm
|upkeep
|turn|8
|
|t:|1667527108
|switch|p2a: Dracozolt|Dracozolt|91/100
|move|p1a: Volcanion|Steam Eruption|p2a: Dracozolt
|-resisted|p2a: Dracozolt
|-damage|p2a: Dracozolt|17/100
|
|-weather|Sandstorm|[upkeep]
|-damage|p1a: Volcanion|52/100|[from] Sandstorm
|upkeep
|turn|9
|
|t:|1667527124
|switch|p1a: Melmetal|Melmetal|100/100
|-damage|p1a: Melmetal|94/100|[from] Stealth Rock
|move|p2a: Dracozolt|Bolt Beak|p1a: Melmetal
|-damage|p1a: Melmetal|50/100
|-damage|p2a: Dracozolt|7/100|[from] item: Life Orb
|
|-weather|Sandstorm|[upkeep]
|upkeep
|turn|10
|inactive|Blacksponge has 120 seconds left.
|
|t:|1667527159
|switch|p2a: Tapu Fini|Tapu Fini|100/100
|-fieldstart|move: Misty Terrain|[from] ability: Misty Surge|[of] p2a: Tapu Fini
|switch|p1a: Zapdos|Zapdos|72/100
|
|-weather|none
|upkeep
|turn|11
|
|t:|1667527165
|switch|p2a: Hippowdon|Hippowdon, F|85/100
|-weather|Sandstorm|[from] ability: Sand Stream|[of] p2a: Hippowdon
|move|p1a: Zapdos|Hurricane|p2a: Hippowdon
|-damage|p2a: Hippowdon|50/100
|
|-weather|Sandstorm|[upkeep]
|-damage|p1a: Zapdos|65/100|[from] Sandstorm
|upkeep
|turn|12
|inactive|Blacksponge has 120 seconds left.
|
|t:|1667527170
|switch|p1a: Landorus|Landorus-Therian, M|40/100
|-damage|p1a: Landorus|27/100|[from] Stealth Rock
|-ability|p1a: Landorus|Intimidate|boost
|-unboost|p2a: Hippowdon|atk|1
|move|p2a: Hippowdon|Earthquake|p1a: Landorus
|-immune|p1a: Landorus
|
|-weather|Sandstorm|[upkeep]
|-heal|p1a: Landorus|33/100|[from] item: Leftovers
|upkeep
|turn|13
|
|t:|1667527173
|move|p1a: Landorus|Defog|p2a: Hippowdon
|-unboost|p2a: Hippowdon|evasion|1
|-sideend|p1: sgmartellofficial|Stealth Rock|[from] move: Defog|[of] p1a: Landorus
|-fieldend|Misty Terrain
|move|p2a: Hippowdon|Toxic|p1a: Landorus
|-status|p1a: Landorus|tox
|
|-weather|Sandstorm|[upkeep]
|-heal|p1a: Landorus|40/100 tox|[from] item: Leftovers
|-damage|p1a: Landorus|33/100 tox|[from] psn
|upkeep
|turn|14
|
|t:|1667527174
|move|p1a: Landorus|Stealth Rock|p2a: Hippowdon
|-sidestart|p2: Blacksponge|move: Stealth Rock
|move|p2a: Hippowdon|Stealth Rock|p1a: Landorus
|-sidestart|p1: sgmartellofficial|move: Stealth Rock
|
|-weather|Sandstorm|[upkeep]
|-heal|p1a: Landorus|40/100 tox|[from] item: Leftovers
|-damage|p1a: Landorus|27/100 tox|[from] psn
|upkeep
|turn|15
|
|t:|1667527181
|move|p1a: Landorus|Earthquake|p2a: Hippowdon
|-damage|p2a: Hippowdon|15/100
|move|p2a: Hippowdon|Slack Off|p2a: Hippowdon
|-heal|p2a: Hippowdon|65/100
|
|-weather|Sandstorm|[upkeep]
|-heal|p1a: Landorus|33/100 tox|[from] item: Leftovers
|-damage|p1a: Landorus|15/100 tox|[from] psn
|upkeep
|turn|16
|
|t:|1667527185
|move|p1a: Landorus|U-turn|p2a: Hippowdon
|-damage|p2a: Hippowdon|48/100
|
|t:|1667527187
|switch|p1a: Volcanion|Volcanion|52/100|[from]move: U-turn
|-damage|p1a: Volcanion|27/100|[from] Stealth Rock
|move|p2a: Hippowdon|Earthquake|p1a: Volcanion
|-supereffective|p1a: Volcanion
|-damage|p1a: Volcanion|0 fnt
|faint|p1a: Volcanion
|
|-weather|Sandstorm|[upkeep]
|upkeep
|
|t:|1667527194
|switch|p1a: Kartana|Kartana, shiny|100/100
|-damage|p1a: Kartana|94/100|[from] Stealth Rock
|turn|17
|inactive|Blacksponge has 120 seconds left.
|inactive|Blacksponge has 90 seconds left.
|
|t:|1667527280
|switch|p2a: Clefable|Clefable, M|100/100
|-damage|p2a: Clefable|88/100|[from] Stealth Rock
|move|p1a: Kartana|Leaf Blade|p2a: Clefable
|-damage|p2a: Clefable|41/100
|
|-weather|Sandstorm|[upkeep]
|-damage|p2a: Clefable|35/100|[from] Sandstorm
|-heal|p2a: Clefable|41/100|[from] item: Leftovers
|upkeep
|turn|18
|
|t:|1667527291
|move|p2a: Clefable|Protect|p2a: Clefable
|-singleturn|p2a: Clefable|Protect
|move|p1a: Kartana|Leaf Blade|p2a: Clefable
|-activate|p2a: Clefable|move: Protect
|
|-weather|none
|-heal|p2a: Clefable|47/100|[from] item: Leftovers
|upkeep
|turn|19
|
|t:|1667527294
|switch|p2a: Victini|Victini|100/100
|move|p1a: Kartana|Leaf Blade|p2a: Victini
|-resisted|p2a: Victini
|-damage|p2a: Victini|71/100
|
|upkeep
|turn|20
|
|t:|1667527300
|switch|p1a: Landorus|Landorus-Therian, M|15/100 tox
|-damage|p1a: Landorus|3/100 tox|[from] Stealth Rock
|-ability|p1a: Landorus|Intimidate|boost
|-unboost|p2a: Victini|atk|1
|move|p2a: Victini|Blue Flare|p1a: Landorus
|-damage|p1a: Landorus|0 fnt
|faint|p1a: Landorus
|
|upkeep
|
|t:|1667527306
|switch|p1a: Kartana|Kartana, shiny|94/100
|-damage|p1a: Kartana|88/100|[from] Stealth Rock
|turn|21
|
|t:|1667527314
|switch|p2a: Tapu Fini|Tapu Fini|100/100
|-damage|p2a: Tapu Fini|88/100|[from] Stealth Rock
|-fieldstart|move: Misty Terrain|[from] ability: Misty Surge|[of] p2a: Tapu Fini
|move|p1a: Kartana|Knock Off|p2a: Tapu Fini
|-resisted|p2a: Tapu Fini
|-damage|p2a: Tapu Fini|74/100
|-enditem|p2a: Tapu Fini|Leftovers|[from] move: Knock Off|[of] p1a: Kartana
|
|upkeep
|turn|22
|
|t:|1667527321
|switch|p1a: Zapdos|Zapdos|65/100
|move|p2a: Tapu Fini|Defog|p1a: Zapdos
|-unboost|p1a: Zapdos|evasion|1
|-sideend|p1: sgmartellofficial|Stealth Rock|[from] move: Defog|[of] p2a: Tapu Fini
|-sideend|p2: Blacksponge|Stealth Rock|[from] move: Defog|[of] p2a: Tapu Fini
|-fieldend|Misty Terrain
|
|upkeep
|turn|23
|
|t:|1667527331
|switch|p1a: Weavile|Weavile, M|100/100
|switch|p2a: Hippowdon|Hippowdon, F|48/100
|-weather|Sandstorm|[from] ability: Sand Stream|[of] p2a: Hippowdon
|
|-weather|Sandstorm|[upkeep]
|-damage|p1a: Weavile|94/100|[from] Sandstorm
|upkeep
|turn|24
|
|t:|1667527336
|switch|p2a: Tapu Fini|Tapu Fini|74/100
|-fieldstart|move: Misty Terrain|[from] ability: Misty Surge|[of] p2a: Tapu Fini
|move|p1a: Weavile|Triple Axel|p2a: Tapu Fini
|-resisted|p2a: Tapu Fini
|-damage|p2a: Tapu Fini|69/100
|-resisted|p2a: Tapu Fini
|-damage|p2a: Tapu Fini|60/100
|-resisted|p2a: Tapu Fini
|-damage|p2a: Tapu Fini|44/100
|-hitcount|p2a: Tapu Fini|3
|
|-weather|Sandstorm|[upkeep]
|-damage|p1a: Weavile|88/100|[from] Sandstorm
|-damage|p2a: Tapu Fini|38/100|[from] Sandstorm
|upkeep
|turn|25
|
|t:|1667527344
|switch|p1a: Zapdos|Zapdos|65/100
|move|p2a: Tapu Fini|Draining Kiss|p1a: Zapdos
|-damage|p1a: Zapdos|50/100
|-heal|p2a: Tapu Fini|51/100|[from] drain|[of] p1a: Zapdos
|
|-weather|Sandstorm|[upkeep]
|-damage|p1a: Zapdos|43/100|[from] Sandstorm
|-damage|p2a: Tapu Fini|45/100|[from] Sandstorm
|upkeep
|turn|26
|inactive|Blacksponge has 120 seconds left.
|
|t:|1667527366
|switch|p2a: Dracozolt|Dracozolt|7/100
|move|p1a: Zapdos|Roost|p1a: Zapdos
|-heal|p1a: Zapdos|93/100
|-singleturn|p1a: Zapdos|move: Roost
|
|-weather|Sandstorm|[upkeep]
|-damage|p1a: Zapdos|87/100|[from] Sandstorm
|upkeep
|turn|27
|inactive|Blacksponge has 120 seconds left.
|
|t:|1667527389
|switch|p2a: Clefable|Clefable, M|47/100
|switch|p1a: Melmetal|Melmetal|50/100
|
|-weather|Sandstorm|[upkeep]
|-damage|p2a: Clefable|41/100|[from] Sandstorm
|-heal|p2a: Clefable|47/100|[from] item: Leftovers
|upkeep
|turn|28
|
|t:|1667527399
|move|p2a: Clefable|Protect|p2a: Clefable
|-singleturn|p2a: Clefable|Protect
|move|p1a: Melmetal|Double Iron Bash|p2a: Clefable
|-activate|p2a: Clefable|move: Protect
|
|-weather|Sandstorm|[upkeep]
|-damage|p2a: Clefable|41/100|[from] Sandstorm
|-heal|p2a: Clefable|47/100|[from] item: Leftovers
|-fieldend|Misty Terrain
|upkeep
|turn|29
|
|t:|1667527411
|switch|p2a: Dracozolt|Dracozolt|7/100
|move|p1a: Melmetal|Double Iron Bash|p2a: Dracozolt
|-resisted|p2a: Dracozolt
|-damage|p2a: Dracozolt|0 fnt
|faint|p2a: Dracozolt
|-hitcount|p2: Dracozolt|1
|
|-weather|Sandstorm|[upkeep]
|upkeep
|
|t:|1667527413
|switch|p2a: Victini|Victini|71/100
|turn|30
|
|t:|1667527418
|move|p2a: Victini|Blue Flare|p1a: Melmetal
|-supereffective|p1a: Melmetal
|-damage|p1a: Melmetal|0 fnt
|faint|p1a: Melmetal
|
|-weather|none
|upkeep
|
|t:|1667527425
|switch|p1a: Weavile|Weavile, M|88/100
|turn|31
|inactive|Blacksponge has 120 seconds left.
|inactive|Blacksponge has 90 seconds left.
|
|t:|1667527497
|switch|p2a: Hippowdon|Hippowdon, F|48/100
|-weather|Sandstorm|[from] ability: Sand Stream|[of] p2a: Hippowdon
|move|p1a: Weavile|Triple Axel|p2a: Hippowdon
|-supereffective|p2a: Hippowdon
|-damage|p2a: Hippowdon|25/100
|-supereffective|p2a: Hippowdon
|-damage|p2a: Hippowdon|0 fnt
|faint|p2a: Hippowdon
|-hitcount|p2: Hippowdon|2
|
|-weather|Sandstorm|[upkeep]
|-damage|p1a: Weavile|82/100|[from] Sandstorm
|upkeep
|
|t:|1667527501
|switch|p2a: Victini|Victini|71/100
|turn|32
|
|t:|1667527511
|move|p1a: Weavile|Triple Axel|p2a: Victini
|-resisted|p2a: Victini
|-damage|p2a: Victini|63/100
|-resisted|p2a: Victini
|-damage|p2a: Victini|47/100
|-resisted|p2a: Victini
|-damage|p2a: Victini|23/100
|-hitcount|p2a: Victini|3
|move|p2a: Victini|Blue Flare|p1a: Weavile
|-supereffective|p1a: Weavile
|-damage|p1a: Weavile|0 fnt
|faint|p1a: Weavile
|
|-weather|Sandstorm|[upkeep]
|-damage|p2a: Victini|17/100|[from] Sandstorm
|upkeep
|
|t:|1667527518
|switch|p1a: Kartana|Kartana, shiny|88/100
|turn|33
|
|t:|1667527527
|move|p1a: Kartana|Leaf Blade|p2a: Victini
|-resisted|p2a: Victini
|-damage|p2a: Victini|0 fnt
|faint|p2a: Victini
|-ability|p1a: Kartana|Beast Boost|boost
|-boost|p1a: Kartana|atk|1
|
|-weather|Sandstorm|[upkeep]
|upkeep
|-message|Blacksponge forfeited.
|
|win|sgmartellofficial
|raw|sgmartellofficial's rating: 1613 &rarr; <strong>1643</strong><br />(+30 for winning)
|raw|Blacksponge's rating: 1805 &rarr; <strong>1775</strong><br />(-30 for losing)
|l|☆Blacksponge
