|j|☆khaisauce
|j|☆ArcanineSquad
|t:|1603553718
|player|p1|khaisauce|clair|1243
|player|p2|ArcanineSquad|cynthia-gen4|1294
|teamsize|p1|6
|teamsize|p2|6
|gametype|singles
|gen|8
|tier|[Gen 8] OU
|rated|
|clearpoke
|poke|p1|Kyurem-Black|
|poke|p1|Tapu Lele|
|poke|p1|Heatran, M|
|poke|p1|Azelf|
|poke|p1|Toxapex, F|
|poke|p1|Landorus-Therian, M|
|poke|p2|Victini|
|poke|p2|Landorus-Therian, M|
|poke|p2|Magearna|
|poke|p2|Hydreigon, F|
|poke|p2|Tornadus-Therian, M|
|poke|p2|Genesect|
|rule|Sleep Clause Mod: Limit one foe put to sleep
|rule|Species Clause: Limit one of each Pokémon
|rule|OHKO Clause: OHKO moves are banned
|rule|Evasion Moves Clause: Evasion moves are banned
|rule|Endless Battle Clause: Forcing endless battles is banned
|rule|HP Percentage Mod: HP is shown in percentages
|rule|Dynamax Clause: You cannot dynamax
|teampreview
|inactive|Battle timer is ON: inactive players will automatically lose when time's up. (requested by ArcanineSquad)
|
|t:|1603553723
|start
|switch|p1a: Azelf|Azelf|100/100
|switch|p2a: Landorus|Landorus-Therian, M|100/100
|-ability|p2a: Landorus|Intimidate|boost
|-unboost|p1a: Azelf|atk|1
|turn|1
|
|t:|1603553729
|move|p1a: Azelf|Stealth Rock|p2a: Landorus
|-sidestart|p2: ArcanineSquad|move: Stealth Rock
|move|p2a: Landorus|Stealth Rock|p1a: Azelf
|-sidestart|p1: khaisauce|move: Stealth Rock
|
|upkeep
|turn|2
|
|t:|1603553733
|move|p1a: Azelf|Explosion|p2a: Landorus
|-damage|p2a: Landorus|57/100
|faint|p1a: Azelf
|move|p2a: Landorus|U-turn|p1: Azelf|[notarget]
|-fail|p2a: Landorus
|
|upkeep
|
|t:|1603553739
|switch|p1a: Kyurem|Kyurem-Black|100/100
|-damage|p1a: Kyurem|76/100|[from] Stealth Rock
|-ability|p1a: Kyurem|Teravolt
|turn|3
|
|t:|1603553745
|move|p1a: Kyurem|Dragon Dance|p1a: Kyurem
|-boost|p1a: Kyurem|atk|1
|-boost|p1a: Kyurem|spe|1
|move|p2a: Landorus|Earthquake|p1a: Kyurem
|-damage|p1a: Kyurem|37/100
|
|-heal|p1a: Kyurem|43/100|[from] item: Leftovers
|upkeep
|turn|4
|
|t:|1603553752
|switch|p2a: Magearna|Magearna|100/100
|-damage|p2a: Magearna|94/100|[from] Stealth Rock
|move|p1a: Kyurem|Icicle Spear|p2a: Magearna
|-resisted|p2a: Magearna
|-damage|p2a: Magearna|84/100
|-resisted|p2a: Magearna
|-damage|p2a: Magearna|74/100
|-hitcount|p2a: Magearna|2
|
|-heal|p1a: Kyurem|49/100|[from] item: Leftovers
|upkeep
|turn|5
|
|t:|1603553762
|move|p1a: Kyurem|Fusion Bolt|p2a: Magearna
|-damage|p2a: Magearna|11/100
|move|p2a: Magearna|Fleur Cannon|p1a: Kyurem
|-supereffective|p1a: Kyurem
|-damage|p1a: Kyurem|0 fnt
|-unboost|p2a: Magearna|spa|2
|faint|p1a: Kyurem
|-ability|p2a: Magearna|Soul-Heart|boost
|-boost|p2a: Magearna|spa|1
|
|upkeep
|
|t:|1603553771
|switch|p1a: Heatran|Heatran, M|100/100
|-damage|p1a: Heatran|88/100|[from] Stealth Rock
|turn|6
|
|t:|1603553776
|move|p1a: Heatran|Magma Storm|p2a: Magearna
|-supereffective|p2a: Magearna
|-damage|p2a: Magearna|0 fnt
|faint|p2a: Magearna
|
|-heal|p1a: Heatran|94/100|[from] item: Leftovers
|upkeep
|
|t:|1603553782
|switch|p2a: Landorus|Landorus-Therian, M|57/100
|-damage|p2a: Landorus|45/100|[from] Stealth Rock
|-ability|p2a: Landorus|Intimidate|boost
|-unboost|p1a: Heatran|atk|1
|turn|7
|
|t:|1603553788
|move|p1a: Heatran|Protect|p1a: Heatran
|-singleturn|p1a: Heatran|Protect
|move|p2a: Landorus|U-turn|p1a: Heatran
|-activate|p1a: Heatran|move: Protect
|
|-heal|p1a: Heatran|100/100|[from] item: Leftovers
|upkeep
|turn|8
|
|t:|1603553797
|move|p2a: Landorus|Earthquake|p1a: Heatran
|-supereffective|p1a: Heatran
|-damage|p1a: Heatran|0 fnt
|faint|p1a: Heatran
|
|upkeep
|
|t:|1603553799
|switch|p1a: Landorus|Landorus-Therian, M|100/100
|-damage|p1a: Landorus|88/100|[from] Stealth Rock
|-ability|p1a: Landorus|Intimidate|boost
|-unboost|p2a: Landorus|atk|1
|turn|9
|
|t:|1603553809
|switch|p2a: Tornadus|Tornadus-Therian, M|100/100
|move|p1a: Landorus|Swords Dance|p1a: Landorus
|-boost|p1a: Landorus|atk|2
|
|upkeep
|turn|10
|
|t:|1603553815
|move|p2a: Tornadus|Hurricane|p1a: Landorus
|-damage|p1a: Landorus|37/100
|move|p1a: Landorus|Knock Off|p2a: Tornadus
|-damage|p2a: Tornadus|13/100
|-enditem|p2a: Tornadus|Heavy-Duty Boots|[from] move: Knock Off|[of] p1a: Landorus
|
|upkeep
|turn|11
|
|t:|1603553821
|move|p2a: Tornadus|Hurricane|p1a: Landorus
|-damage|p1a: Landorus|0 fnt
|faint|p1a: Landorus
|
|upkeep
|
|t:|1603553828
|switch|p1a: Toxapex|Toxapex, F|100/100
|-damage|p1a: Toxapex|88/100|[from] Stealth Rock
|turn|12
|
|t:|1603553839
|switch|p2a: Hydreigon|Hydreigon, F, shiny|100/100
|-damage|p2a: Hydreigon|88/100|[from] Stealth Rock
|move|p1a: Toxapex|Scald|p2a: Hydreigon
|-resisted|p2a: Hydreigon
|-damage|p2a: Hydreigon|78/100
|-status|p2a: Hydreigon|brn
|
|-heal|p1a: Toxapex|94/100|[from] item: Black Sludge
|-damage|p2a: Hydreigon|72/100 brn|[from] brn
|upkeep
|turn|13
|
|t:|1603553850
|move|p2a: Hydreigon|Nasty Plot|p2a: Hydreigon
|-boost|p2a: Hydreigon|spa|2
|move|p1a: Toxapex|Scald|p2a: Hydreigon
|-resisted|p2a: Hydreigon
|-damage|p2a: Hydreigon|62/100 brn
|
|-heal|p1a: Toxapex|100/100|[from] item: Black Sludge
|-damage|p2a: Hydreigon|56/100 brn|[from] brn
|upkeep
|turn|14
|
|t:|1603553860
|switch|p1a: Tapu Lele|Tapu Lele|100/100
|-damage|p1a: Tapu Lele|88/100|[from] Stealth Rock
|-fieldstart|move: Psychic Terrain|[from] ability: Psychic Surge|[of] p1a: Tapu Lele
|move|p2a: Hydreigon|Nasty Plot|p2a: Hydreigon
|-boost|p2a: Hydreigon|spa|2
|
|-damage|p2a: Hydreigon|50/100 brn|[from] brn
|upkeep
|turn|15
|
|t:|1603553873
|move|p1a: Tapu Lele|Moonblast|p2a: Hydreigon
|-supereffective|p2a: Hydreigon
|-damage|p2a: Hydreigon|0 fnt
|faint|p2a: Hydreigon
|
|upkeep
|
|t:|1603553878
|switch|p2a: Victini|Victini|100/100
|-damage|p2a: Victini|76/100|[from] Stealth Rock
|turn|16
|
|t:|1603553885
|switch|p1a: Toxapex|Toxapex, F|100/100
|-damage|p1a: Toxapex|88/100|[from] Stealth Rock
|move|p2a: Victini|U-turn|p1a: Toxapex
|-resisted|p1a: Toxapex
|-damage|p1a: Toxapex|81/100
|
|t:|1603553892
|switch|p2a: Tornadus|Tornadus-Therian, M|46/100|[from]move: U-turn
|-damage|p2a: Tornadus|22/100|[from] Stealth Rock
|
|-heal|p1a: Toxapex|88/100|[from] item: Black Sludge
|upkeep
|turn|17
|
|t:|1603553901
|move|p1a: Toxapex|Baneful Bunker|p1a: Toxapex
|-singleturn|p1a: Toxapex|move: Protect
|move|p2a: Tornadus|Defog|p1a: Toxapex
|-activate|p1a: Toxapex|move: Protect
|
|-heal|p1a: Toxapex|94/100|[from] item: Black Sludge
|upkeep
|turn|18
|
|t:|1603553908
|move|p2a: Tornadus|Defog|p1a: Toxapex
|-unboost|p1a: Toxapex|evasion|1
|-sideend|p1: khaisauce|Stealth Rock|[from] move: Defog|[of] p2a: Tornadus
|-sideend|p2: ArcanineSquad|Stealth Rock|[from] move: Defog|[of] p2a: Tornadus
|-fieldend|move: Psychic Terrain
|move|p1a: Toxapex|Scald|p2a: Tornadus
|-damage|p2a: Tornadus|4/100
|
|-heal|p1a: Toxapex|99/100|[from] item: Black Sludge
|upkeep
|turn|19
|
|t:|1603553917
|move|p2a: Tornadus|Hurricane|p1a: Toxapex
|-damage|p1a: Toxapex|68/100
|move|p1a: Toxapex|Scald|p2a: Tornadus
|-damage|p2a: Tornadus|0 fnt
|faint|p2a: Tornadus
|
|-heal|p1a: Toxapex|74/100|[from] item: Black Sludge
|upkeep
|
|t:|1603553926
|switch|p2a: Landorus|Landorus-Therian, M|45/100
|-ability|p2a: Landorus|Intimidate|boost
|-unboost|p1a: Toxapex|atk|1
|turn|20
|
|t:|1603553940
|move|p2a: Landorus|Earthquake|p1a: Toxapex
|-supereffective|p1a: Toxapex
|-damage|p1a: Toxapex|12/100
|move|p1a: Toxapex|Scald|p2a: Landorus
|-supereffective|p2a: Landorus
|-damage|p2a: Landorus|11/100
|
|-heal|p1a: Toxapex|18/100|[from] item: Black Sludge
|upkeep
|turn|21
|
|t:|1603553949
|move|p1a: Toxapex|Baneful Bunker|p1a: Toxapex
|-singleturn|p1a: Toxapex|move: Protect
|move|p2a: Landorus|U-turn|p1a: Toxapex
|-activate|p1a: Toxapex|move: Protect
|-status|p2a: Landorus|psn
|
|-heal|p1a: Toxapex|25/100|[from] item: Black Sludge
|-damage|p2a: Landorus|0 fnt|[from] psn
|faint|p2a: Landorus
|upkeep
|
|t:|1603553960
|switch|p2a: Victini|Victini|76/100
|turn|22
|
|t:|1603553969
|move|p1a: Toxapex|Baneful Bunker|p1a: Toxapex
|-singleturn|p1a: Toxapex|move: Protect
|move|p2a: Victini|Bolt Strike|p1a: Toxapex
|-activate|p1a: Toxapex|move: Protect
|-status|p2a: Victini|psn
|
|-heal|p1a: Toxapex|31/100|[from] item: Black Sludge
|-damage|p2a: Victini|63/100 psn|[from] psn
|upkeep
|turn|23
|
|t:|1603553979
|switch|p1a: Tapu Lele|Tapu Lele|88/100
|-fieldstart|move: Psychic Terrain|[from] ability: Psychic Surge|[of] p1a: Tapu Lele
|move|p2a: Victini|Bolt Strike|p1a: Tapu Lele
|-damage|p1a: Tapu Lele|30/100
|
|-damage|p2a: Victini|51/100 psn|[from] psn
|upkeep
|turn|24
|
|t:|1603553987
|move|p2a: Victini|Bolt Strike|p1a: Tapu Lele
|-damage|p1a: Tapu Lele|0 fnt
|faint|p1a: Tapu Lele
|
|-damage|p2a: Victini|39/100 psn|[from] psn
|upkeep
|
|t:|1603553989
|switch|p1a: Toxapex|Toxapex, F|64/100
|turn|25
|
|t:|1603553994
|move|p1a: Toxapex|Baneful Bunker|p1a: Toxapex
|-singleturn|p1a: Toxapex|move: Protect
|move|p2a: Victini|Bolt Strike|p1a: Toxapex
|-activate|p1a: Toxapex|move: Protect
|
|-heal|p1a: Toxapex|70/100|[from] item: Black Sludge
|-damage|p2a: Victini|26/100 psn|[from] psn
|upkeep
|turn|26
|
|t:|1603554002
|move|p2a: Victini|Bolt Strike|p1a: Toxapex
|-supereffective|p1a: Toxapex
|-damage|p1a: Toxapex|26/100
|-status|p1a: Toxapex|par
|move|p1a: Toxapex|Recover|p1a: Toxapex
|-heal|p1a: Toxapex|76/100 par
|
|-heal|p1a: Toxapex|82/100 par|[from] item: Black Sludge
|-damage|p2a: Victini|14/100 psn|[from] psn
|upkeep
|turn|27
|
|t:|1603554012
|move|p1a: Toxapex|Baneful Bunker|p1a: Toxapex
|-singleturn|p1a: Toxapex|move: Protect
|move|p2a: Victini|Bolt Strike|p1a: Toxapex
|-activate|p1a: Toxapex|move: Protect
|
|-heal|p1a: Toxapex|89/100 par|[from] item: Black Sludge
|-damage|p2a: Victini|2/100 psn|[from] psn
|-fieldend|move: Psychic Terrain
|upkeep
|turn|28
|
|t:|1603554036
|move|p2a: Victini|Bolt Strike|p1a: Toxapex
|-supereffective|p1a: Toxapex
|-damage|p1a: Toxapex|41/100 par
|cant|p1a: Toxapex|par
|
|-heal|p1a: Toxapex|47/100 par|[from] item: Black Sludge
|-damage|p2a: Victini|0 fnt|[from] psn
|faint|p2a: Victini
|upkeep
|
|t:|1603554044
|switch|p2a: Genesect|Genesect, shiny|100/100
|-ability|p2a: Genesect|Download|boost
|-boost|p2a: Genesect|spa|1
|turn|29
|
|t:|1603554050
|cant|p1a: Toxapex|par
|move|p2a: Genesect|Extreme Speed|p1a: Toxapex
|-damage|p1a: Toxapex|21/100 par
|
|-heal|p1a: Toxapex|27/100 par|[from] item: Black Sludge
|upkeep
|turn|30
|
|t:|1603554057
|move|p2a: Genesect|Extreme Speed|p1a: Toxapex
|-damage|p1a: Toxapex|1/100 par
|move|p1a: Toxapex|Recover|p1a: Toxapex
|-heal|p1a: Toxapex|51/100 par
|
|-heal|p1a: Toxapex|58/100 par|[from] item: Black Sludge
|upkeep
|turn|31
|
|t:|1603554064
|move|p2a: Genesect|Extreme Speed|p1a: Toxapex
|-damage|p1a: Toxapex|33/100 par
|cant|p1a: Toxapex|par
|
|-heal|p1a: Toxapex|39/100 par|[from] item: Black Sludge
|upkeep
|turn|32
|
|t:|1603554071
|move|p2a: Genesect|Extreme Speed|p1a: Toxapex
|-damage|p1a: Toxapex|15/100 par
|move|p1a: Toxapex|Recover|p1a: Toxapex
|-heal|p1a: Toxapex|65/100 par
|
|-heal|p1a: Toxapex|72/100 par|[from] item: Black Sludge
|upkeep
|turn|33
|
|t:|1603554082
|move|p2a: Genesect|Extreme Speed|p1a: Toxapex
|-damage|p1a: Toxapex|46/100 par
|move|p1a: Toxapex|Recover|p1a: Toxapex
|-heal|p1a: Toxapex|96/100 par
|
|-heal|p1a: Toxapex|100/100 par|[from] item: Black Sludge
|upkeep
|turn|34
|-message|ArcanineSquad forfeited.
|
|win|khaisauce
|l|☆ArcanineSquad
|raw|khaisauce's rating: 1245 &rarr; <strong>1272</strong><br />(+27 for winning)
|raw|ArcanineSquad's rating: 1277 &rarr; <strong>1249</strong><br />(-28 for losing)
