|j|☆Bapspaffer
|j|☆brettfavreguilty
|t:|1667458092
|gametype|singles
|player|p1|Bapspaffer|265|1693
|player|p2|brettfavreguilty|harlequin|1759
|teamsize|p1|6
|teamsize|p2|6
|gen|8
|tier|[Gen 8] OU
|rated|
|rule|Sleep Clause Mod: Limit one foe put to sleep
|rule|Species Clause: Limit one of each Pokémon
|rule|OHKO Clause: OHKO moves are banned
|rule|Evasion Items Clause: Evasion items are banned
|rule|Evasion Moves Clause: Evasion moves are banned
|rule|Endless Battle Clause: Forcing endless battles is banned
|rule|HP Percentage Mod: HP is shown in percentages
|rule|Dynamax Clause: You cannot dynamax
|clearpoke
|poke|p1|Victini|
|poke|p1|Volcanion|
|poke|p1|Necrozma|
|poke|p1|Landorus-Therian, M|
|poke|p1|Kommo-o, F|
|poke|p1|Celesteela|
|poke|p2|Pelipper, M|
|poke|p2|Melmetal|
|poke|p2|Inteleon, M|
|poke|p2|Ferrothorn, F|
|poke|p2|Barraskewda, F|
|poke|p2|Seismitoad, M|
|teampreview
|inactive|Battle timer is ON: inactive players will automatically lose when time's up. (requested by brettfavreguilty)
|
|t:|1667458109
|start
|switch|p1a: Victini|Victini|100/100
|switch|p2a: Pelipper|Pelipper, M|100/100
|-weather|RainDance|[from] ability: Drizzle|[of] p2a: Pelipper
|turn|1
|
|t:|1667458114
|switch|p2a: Ferrothorn|Ferrothorn, F|100/100
|move|p1a: Victini|Final Gambit|p2a: Ferrothorn
|-damage|p2a: Ferrothorn|0 fnt
|faint|p1a: Victini
|faint|p2a: Ferrothorn
|
|-weather|RainDance|[upkeep]
|upkeep
|l|☆Bapspaffer
|inactive|Bapspaffer disconnected and has a minute to reconnect!
|player|p1|
|j|☆Bapspaffer
|inactive|Bapspaffer reconnected and has 135 seconds left.
|player|p1|Bapspaffer|265
|
|t:|1667458139
|switch|p1a: Volcanion|Volcanion|100/100
|switch|p2a: GALARIAN SNIPER|Inteleon, M|100/100
|turn|2
|
|t:|1667458146
|move|p2a: GALARIAN SNIPER|Focus Energy|p2a: GALARIAN SNIPER
|-start|p2a: GALARIAN SNIPER|move: Focus Energy
|move|p1a: Volcanion|Steam Eruption|p2a: GALARIAN SNIPER
|-resisted|p2a: GALARIAN SNIPER
|-damage|p2a: GALARIAN SNIPER|19/100
|-status|p2a: GALARIAN SNIPER|brn
|
|-weather|RainDance|[upkeep]
|-damage|p2a: GALARIAN SNIPER|13/100 brn|[from] brn
|upkeep
|turn|3
|
|t:|1667458159
|switch|p1a: Landorus|Landorus-Therian, M|100/100
|-ability|p1a: Landorus|Intimidate|boost
|-unboost|p2a: GALARIAN SNIPER|atk|1
|move|p2a: GALARIAN SNIPER|Hyper Beam|p1a: Landorus
|-crit|p1a: Landorus
|-damage|p1a: Landorus|0 fnt
|-mustrecharge|p2a: GALARIAN SNIPER
|faint|p1a: Landorus
|
|-weather|RainDance|[upkeep]
|-damage|p2a: GALARIAN SNIPER|7/100 brn|[from] brn
|upkeep
|
|t:|1667458172
|switch|p1a: Volcanion|Volcanion|100/100
|turn|4
|
|t:|1667458174
|cant|p2a: GALARIAN SNIPER|recharge
|move|p1a: Volcanion|Earth Power|p2a: GALARIAN SNIPER
|-damage|p2a: GALARIAN SNIPER|0 fnt
|faint|p2a: GALARIAN SNIPER
|
|-weather|RainDance|[upkeep]
|upkeep
|
|t:|1667458177
|switch|p2a: Seismitoad|Seismitoad, M|100/100
|turn|5
|
|t:|1667458182
|switch|p1a: Celesteela|Celesteela|100/100
|move|p2a: Seismitoad|Weather Ball|p1a: Celesteela
|-damage|p1a: Celesteela|23/100
|-damage|p2a: Seismitoad|91/100|[from] item: Life Orb
|
|-weather|RainDance|[upkeep]
|upkeep
|turn|6
|
|t:|1667458191
|move|p2a: Seismitoad|Weather Ball|p1a: Celesteela
|-damage|p1a: Celesteela|0 fnt
|faint|p1a: Celesteela
|-damage|p2a: Seismitoad|81/100|[from] item: Life Orb
|
|-weather|RainDance|[upkeep]
|upkeep
|
|t:|1667458195
|switch|p1a: Volcanion|Volcanion|100/100
|turn|7
|
|t:|1667458203
|move|p2a: Seismitoad|Earth Power|p1a: Volcanion
|-supereffective|p1a: Volcanion
|-damage|p1a: Volcanion|36/100
|-unboost|p1a: Volcanion|spd|1
|-damage|p2a: Seismitoad|71/100|[from] item: Life Orb
|move|p1a: Volcanion|Steam Eruption|p2a: Seismitoad
|-damage|p2a: Seismitoad|0 fnt
|faint|p2a: Seismitoad
|
|-weather|RainDance|[upkeep]
|upkeep
|j| cypherstest
|
|t:|1667458217
|switch|p2a: Barraskewda|Barraskewda, F|100/100
|turn|8
|
|t:|1667458220
|move|p2a: Barraskewda|Close Combat|p1a: Volcanion
|-damage|p1a: Volcanion|0 fnt
|-unboost|p2a: Barraskewda|def|1
|-unboost|p2a: Barraskewda|spd|1
|faint|p1a: Volcanion
|
|-weather|none
|upkeep
|
|t:|1667458227
|switch|p1a: Kommo-o|Kommo-o, F|100/100
|turn|9
|
|t:|1667458232
|switch|p2a: Melmetal|Melmetal|100/100
|move|p1a: Kommo-o|Clangorous Soul|p1a: Kommo-o
|-boost|p1a: Kommo-o|atk|1
|-boost|p1a: Kommo-o|def|1
|-boost|p1a: Kommo-o|spa|1
|-boost|p1a: Kommo-o|spd|1
|-boost|p1a: Kommo-o|spe|1
|-damage|p1a: Kommo-o|68/100
|-enditem|p1a: Kommo-o|Throat Spray
|-boost|p1a: Kommo-o|spa|1|[from] item: Throat Spray
|
|upkeep
|turn|10
|
|t:|1667458234
|move|p1a: Kommo-o|Aura Sphere|p2a: Melmetal
|-supereffective|p2a: Melmetal
|-damage|p2a: Melmetal|0 fnt
|faint|p2a: Melmetal
|
|upkeep
|
|t:|1667458244
|switch|p2a: Pelipper|Pelipper, M|100/100
|-weather|RainDance|[from] ability: Drizzle|[of] p2a: Pelipper
|turn|11
|
|t:|1667458251
|move|p1a: Kommo-o|Boomburst|p2a: Pelipper
|-damage|p2a: Pelipper|0 fnt
|faint|p2a: Pelipper
|
|-weather|RainDance|[upkeep]
|upkeep
|
|t:|1667458253
|switch|p2a: Barraskewda|Barraskewda, F|100/100
|turn|12
|
|t:|1667458255
|move|p2a: Barraskewda|Ice Fang|p1a: Kommo-o
|-supereffective|p1a: Kommo-o
|-damage|p1a: Kommo-o|21/100
|move|p1a: Kommo-o|Clanging Scales|p2a: Barraskewda
|-damage|p2a: Barraskewda|0 fnt
|faint|p2a: Barraskewda
|
|win|Bapspaffer
|raw|Bapspaffer's rating: 1693 &rarr; <strong>1717</strong><br />(+24 for winning)
|raw|brettfavreguilty's rating: 1759 &rarr; <strong>1735</strong><br />(-24 for losing)
|l|☆brettfavreguilty
