|j|☆galarian dragapult
|j|☆TPerZ
|t:|1662850628
|gametype|singles
|player|p1|galarian dragapult|zinzolin|1783
|player|p2|TPerZ|doctor|1703
|teamsize|p1|6
|teamsize|p2|6
|gen|8
|tier|[Gen 8] OU
|rated|
|rule|Sleep Clause Mod: Limit one foe put to sleep
|rule|Species Clause: Limit one of each Pokémon
|rule|OHKO Clause: OHKO moves are banned
|rule|Evasion Items Clause: Evasion items are banned
|rule|Evasion Moves Clause: Evasion moves are banned
|rule|Endless Battle Clause: Forcing endless battles is banned
|rule|HP Percentage Mod: HP is shown in percentages
|rule|Dynamax Clause: You cannot dynamax
|clearpoke
|poke|p1|Buzzwole|
|poke|p1|Toxapex, M|
|poke|p1|Aegislash, M|
|poke|p1|Hippowdon, F|
|poke|p1|Tornadus-Therian, M|
|poke|p1|Tapu Lele|
|poke|p2|Hydreigon, M|
|poke|p2|Urshifu-*, F|
|poke|p2|Scolipede, M|
|poke|p2|Gastrodon-East, F|
|poke|p2|Ninetales-Alola, F|
|poke|p2|Corviknight, M|
|teampreview
|inactive|Battle timer is ON: inactive players will automatically lose when time's up. (requested by TPerZ)
|
|t:|1662850636
|start
|switch|p1a: Tornadus|Tornadus-Therian, M|100/100
|switch|p2a: German|Hydreigon, M|100/100
|turn|1
|
|t:|1662850641
|switch|p2a: Croaker|Corviknight, M|100/100
|move|p1a: Tornadus|Knock Off|p2a: Croaker
|-damage|p2a: Croaker|86/100
|-damage|p1a: Tornadus|84/100|[from] item: Rocky Helmet|[of] p2a: Croaker
|-enditem|p2a: Croaker|Rocky Helmet|[from] move: Knock Off|[of] p1a: Tornadus
|
|upkeep
|turn|2
|
|t:|1662850648
|move|p1a: Tornadus|Hurricane|p2a: Croaker|[miss]
|-miss|p1a: Tornadus|p2a: Croaker
|move|p2a: Croaker|U-turn|p1a: Tornadus
|-resisted|p1a: Tornadus
|-damage|p1a: Tornadus|76/100
|
|t:|1662850656
|switch|p2a: German|Hydreigon, M|100/100|[from]move: U-turn
|
|upkeep
|turn|3
|j|+Dragonillis
|
|t:|1662850661
|switch|p1a: Aegislash|Aegislash, M|100/100
|move|p2a: German|Nasty Plot|p2a: German
|-boost|p2a: German|spa|2
|
|upkeep
|turn|4
|
|t:|1662850670
|move|p2a: German|Dark Pulse|p1a: Aegislash
|-supereffective|p1a: Aegislash
|-damage|p1a: Aegislash|9/100
|cant|p1a: Aegislash|flinch
|
|-heal|p1a: Aegislash|16/100|[from] item: Leftovers
|upkeep
|turn|5
|
|t:|1662850677
|move|p2a: German|Dark Pulse|p1a: Aegislash
|-supereffective|p1a: Aegislash
|-damage|p1a: Aegislash|0 fnt
|faint|p1a: Aegislash
|
|upkeep
|
|t:|1662850678
|switch|p1a: Tapu Lele|Tapu Lele, shiny|100/100
|-fieldstart|move: Psychic Terrain|[from] ability: Psychic Surge|[of] p1a: Tapu Lele
|turn|6
|
|t:|1662850685
|switch|p2a: Croaker|Corviknight, M|86/100
|move|p1a: Tapu Lele|Thunderbolt|p2a: Croaker
|-supereffective|p2a: Croaker
|-damage|p2a: Croaker|4/100
|
|upkeep
|turn|7
|
|t:|1662850691
|switch|p2a: Pepe|Gastrodon-East, F|100/100
|move|p1a: Tapu Lele|Thunderbolt|p2a: Pepe
|-immune|p2a: Pepe
|
|upkeep
|turn|8
|j| urcarurfly
|
|t:|1662850698
|switch|p1a: Tornadus|Tornadus-Therian, M|100/100
|switch|p2a: Croaker|Corviknight, M|4/100
|
|upkeep
|turn|9
|
|t:|1662850704
|move|p1a: Tornadus|Knock Off|p2a: Croaker
|-damage|p2a: Croaker|0 fnt
|faint|p2a: Croaker
|
|upkeep
|
|t:|1662850709
|switch|p2a: Dimi|Ninetales-Alola, F|100/100
|-weather|Hail|[from] ability: Snow Warning|[of] p2a: Dimi
|turn|10
|
|t:|1662850717
|move|p1a: Tornadus|U-turn|p2a: Dimi
|-resisted|p2a: Dimi
|-damage|p2a: Dimi|89/100
|
|t:|1662850718
|switch|p1a: Hippowdon|Hippowdon, F|100/100|[from]move: U-turn
|-weather|Sandstorm|[from] ability: Sand Stream|[of] p1a: Hippowdon
|move|p2a: Dimi|Blizzard|p1a: Hippowdon
|-supereffective|p1a: Hippowdon
|-damage|p1a: Hippowdon|43/100
|
|-weather|Sandstorm|[upkeep]
|-damage|p2a: Dimi|83/100|[from] Sandstorm
|-heal|p1a: Hippowdon|49/100|[from] item: Leftovers
|-fieldend|move: Psychic Terrain
|upkeep
|turn|11
|j| KappaHalo
|
|t:|1662850731
|switch|p2a: German|Hydreigon, M|100/100
|switch|p1a: Toxapex|Toxapex, M, shiny|100/100
|
|-weather|Sandstorm|[upkeep]
|-damage|p2a: German|94/100|[from] Sandstorm
|-damage|p1a: Toxapex|95/100|[from] Sandstorm
|upkeep
|turn|12
|
|t:|1662850739
|move|p2a: German|Dark Pulse|p1a: Toxapex
|-damage|p1a: Toxapex|59/100
|move|p1a: Toxapex|Poison Jab|p2a: German
|-damage|p2a: German|70/100
|-status|p2a: German|psn
|
|-weather|Sandstorm|[upkeep]
|-damage|p2a: German|64/100 psn|[from] Sandstorm
|-damage|p1a: Toxapex|53/100|[from] Sandstorm
|-damage|p2a: German|52/100 psn|[from] psn
|upkeep
|turn|13
|j| Jongruenwald
|
|t:|1662850749
|switch|p1a: Tornadus|Tornadus-Therian, M|100/100
|move|p2a: German|Draco Meteor|p1a: Tornadus
|-crit|p1a: Tornadus
|-damage|p1a: Tornadus|0 fnt
|-unboost|p2a: German|spa|2
|faint|p1a: Tornadus
|
|-weather|Sandstorm|[upkeep]
|-damage|p2a: German|46/100 psn|[from] Sandstorm
|-damage|p2a: German|33/100 psn|[from] psn
|upkeep
|l| Jongruenwald
|
|t:|1662850753
|switch|p1a: Tapu Lele|Tapu Lele, shiny|100/100
|-fieldstart|move: Psychic Terrain|[from] ability: Psychic Surge|[of] p1a: Tapu Lele
|turn|14
|
|t:|1662850763
|switch|p2a: Pepe|Gastrodon-East, F|100/100
|move|p1a: Tapu Lele|Moonblast|p2a: Pepe
|-damage|p2a: Pepe|27/100
|-unboost|p2a: Pepe|spa|1
|
|-weather|none
|-heal|p2a: Pepe|33/100|[from] item: Leftovers
|upkeep
|turn|15
|
|t:|1662850771
|move|p1a: Tapu Lele|Moonblast|p2a: Pepe
|-damage|p2a: Pepe|0 fnt
|faint|p2a: Pepe
|
|upkeep
|
|t:|1662850779
|switch|p2a: German|Hydreigon, M|33/100 psn
|turn|16
|
|t:|1662850782
|move|p2a: German|Flash Cannon|p1a: Tapu Lele
|-supereffective|p1a: Tapu Lele
|-damage|p1a: Tapu Lele|39/100
|move|p1a: Tapu Lele|Moonblast|p2a: German
|-supereffective|p2a: German
|-damage|p2a: German|0 fnt
|faint|p2a: German
|
|upkeep
|
|t:|1662850793
|switch|p2a: Dimi|Ninetales-Alola, F|83/100
|-weather|Hail|[from] ability: Snow Warning|[of] p2a: Dimi
|turn|17
|
|t:|1662850804
|switch|p1a: Hippowdon|Hippowdon, F|49/100
|-weather|Sandstorm|[from] ability: Sand Stream|[of] p1a: Hippowdon
|move|p2a: Dimi|Blizzard|p1a: Hippowdon
|-supereffective|p1a: Hippowdon
|-damage|p1a: Hippowdon|0 fnt
|faint|p1a: Hippowdon
|
|-weather|Sandstorm|[upkeep]
|-damage|p2a: Dimi|77/100|[from] Sandstorm
|upkeep
|
|t:|1662850807
|switch|p1a: Toxapex|Toxapex, M, shiny|86/100
|turn|18
|
|t:|1662850816
|switch|p2a: Morgan|Scolipede, M|100/100
|move|p1a: Toxapex|Scald|p2a: Morgan
|-damage|p2a: Morgan|73/100
|-status|p2a: Morgan|brn
|
|-weather|Sandstorm|[upkeep]
|-damage|p2a: Morgan|67/100 brn|[from] Sandstorm
|-damage|p1a: Toxapex|80/100|[from] Sandstorm
|-heal|p2a: Morgan|73/100 brn|[from] item: Black Sludge
|-damage|p2a: Morgan|67/100 brn|[from] brn
|-fieldend|move: Psychic Terrain
|upkeep
|turn|19
|l| urcarurfly
|
|t:|1662850828
|switch|p1a: Buzzwole|Buzzwole, shiny|100/100
|move|p2a: Morgan|Swords Dance|p2a: Morgan
|-boost|p2a: Morgan|atk|2
|
|-weather|Sandstorm|[upkeep]
|-damage|p2a: Morgan|61/100 brn|[from] Sandstorm
|-damage|p1a: Buzzwole|94/100|[from] Sandstorm
|-heal|p2a: Morgan|67/100 brn|[from] item: Black Sludge
|-damage|p2a: Morgan|61/100 brn|[from] brn
|-ability|p2a: Morgan|Speed Boost|boost
|-boost|p2a: Morgan|spe|1
|upkeep
|turn|20
|
|t:|1662850839
|switch|p1a: Toxapex|Toxapex, M, shiny|100/100
|move|p2a: Morgan|Swords Dance|p2a: Morgan
|-boost|p2a: Morgan|atk|2
|
|-weather|Sandstorm|[upkeep]
|-damage|p2a: Morgan|55/100 brn|[from] Sandstorm
|-damage|p1a: Toxapex|95/100|[from] Sandstorm
|-heal|p2a: Morgan|61/100 brn|[from] item: Black Sludge
|-damage|p2a: Morgan|55/100 brn|[from] brn
|-ability|p2a: Morgan|Speed Boost|boost
|-boost|p2a: Morgan|spe|1
|upkeep
|turn|21
|
|t:|1662850850
|move|p2a: Morgan|Earthquake|p1a: Toxapex
|-supereffective|p1a: Toxapex
|-damage|p1a: Toxapex|37/100
|move|p1a: Toxapex|Haze|p1a: Toxapex
|-clearallboost
|
|-weather|none
|-heal|p2a: Morgan|61/100 brn|[from] item: Black Sludge
|-damage|p2a: Morgan|55/100 brn|[from] brn
|-ability|p2a: Morgan|Speed Boost|boost
|-boost|p2a: Morgan|spe|1
|upkeep
|turn|22
|
|t:|1662850860
|switch|p2a: Dimi|Ninetales-Alola, F|77/100
|-weather|Hail|[from] ability: Snow Warning|[of] p2a: Dimi
|move|p1a: Toxapex|Recover|p1a: Toxapex
|-heal|p1a: Toxapex|87/100
|
|-weather|Hail|[upkeep]
|-damage|p1a: Toxapex|81/100|[from] Hail
|upkeep
|turn|23
|j| BabyPigsAreLaughin
|
|t:|1662850869
|move|p2a: Dimi|Freeze-Dry|p1a: Toxapex
|-supereffective|p1a: Toxapex
|-damage|p1a: Toxapex|33/100
|move|p1a: Toxapex|Recover|p1a: Toxapex
|-heal|p1a: Toxapex|83/100
|
|-weather|Hail|[upkeep]
|-damage|p1a: Toxapex|77/100|[from] Hail
|upkeep
|turn|24
|
|t:|1662850889
|move|p2a: Dimi|Freeze-Dry|p1a: Toxapex
|-supereffective|p1a: Toxapex
|-damage|p1a: Toxapex|31/100
|move|p1a: Toxapex|Poison Jab|p2a: Dimi
|-supereffective|p2a: Dimi
|-damage|p2a: Dimi|20/100
|
|-weather|Hail|[upkeep]
|-damage|p1a: Toxapex|25/100|[from] Hail
|upkeep
|turn|25
|j| Comfey bean bag
|
|t:|1662850899
|switch|p1a: Tapu Lele|Tapu Lele, shiny|39/100
|-fieldstart|move: Psychic Terrain|[from] ability: Psychic Surge|[of] p1a: Tapu Lele
|move|p2a: Dimi|Freeze-Dry|p1a: Tapu Lele
|-damage|p1a: Tapu Lele|10/100
|
|-weather|Hail|[upkeep]
|-damage|p1a: Tapu Lele|4/100|[from] Hail
|upkeep
|turn|26
|
|t:|1662850908
|move|p2a: Dimi|Freeze-Dry|p1a: Tapu Lele
|-damage|p1a: Tapu Lele|0 fnt
|faint|p1a: Tapu Lele
|
|-weather|none
|upkeep
|
|t:|1662850916
|switch|p1a: Buzzwole|Buzzwole, shiny|94/100
|turn|27
|
|t:|1662850920
|move|p2a: Dimi|Moonblast|p1a: Buzzwole
|-supereffective|p1a: Buzzwole
|-damage|p1a: Buzzwole|0 fnt
|faint|p1a: Buzzwole
|
|upkeep
|
|t:|1662850922
|switch|p1a: Toxapex|Toxapex, M, shiny|59/100
|turn|28
|
|t:|1662850928
|switch|p2a: Chief|Urshifu-Rapid-Strike, F|100/100
|move|p1a: Toxapex|Recover|p1a: Toxapex
|-heal|p1a: Toxapex|100/100
|
|upkeep
|turn|29
|
|t:|1662850934
|move|p2a: Chief|Thunder Punch|p1a: Toxapex
|-supereffective|p1a: Toxapex
|-damage|p1a: Toxapex|66/100
|move|p1a: Toxapex|Scald|p2a: Chief
|-resisted|p2a: Chief
|-damage|p2a: Chief|90/100
|
|-fieldend|move: Psychic Terrain
|upkeep
|turn|30
|
|t:|1662850942
|switch|p2a: Dimi|Ninetales-Alola, F|20/100
|-weather|Hail|[from] ability: Snow Warning|[of] p2a: Dimi
|move|p1a: Toxapex|Recover|p1a: Toxapex
|-heal|p1a: Toxapex|100/100
|
|-weather|Hail|[upkeep]
|-damage|p1a: Toxapex|95/100|[from] Hail
|upkeep
|turn|31
|
|t:|1662850955
|move|p2a: Dimi|Freeze-Dry|p1a: Toxapex
|-supereffective|p1a: Toxapex
|-damage|p1a: Toxapex|47/100
|move|p1a: Toxapex|Poison Jab|p2a: Dimi
|-supereffective|p2a: Dimi
|-damage|p2a: Dimi|0 fnt
|faint|p2a: Dimi
|
|-weather|Hail|[upkeep]
|-damage|p1a: Toxapex|41/100|[from] Hail
|upkeep
|
|t:|1662850964
|switch|p2a: Chief|Urshifu-Rapid-Strike, F|90/100
|turn|32
|
|t:|1662850967
|move|p2a: Chief|Thunder Punch|p1a: Toxapex
|-supereffective|p1a: Toxapex
|-damage|p1a: Toxapex|4/100
|move|p1a: Toxapex|Recover|p1a: Toxapex
|-heal|p1a: Toxapex|54/100
|
|-weather|Hail|[upkeep]
|-damage|p2a: Chief|84/100|[from] Hail
|-damage|p1a: Toxapex|48/100|[from] Hail
|upkeep
|turn|33
|
|t:|1662850975
|move|p2a: Chief|Thunder Punch|p1a: Toxapex
|-supereffective|p1a: Toxapex
|-damage|p1a: Toxapex|15/100
|move|p1a: Toxapex|Recover|p1a: Toxapex
|-heal|p1a: Toxapex|65/100
|
|-weather|Hail|[upkeep]
|-damage|p2a: Chief|78/100|[from] Hail
|-damage|p1a: Toxapex|59/100|[from] Hail
|upkeep
|turn|34
|
|t:|1662850984
|move|p2a: Chief|Thunder Punch|p1a: Toxapex
|-supereffective|p1a: Toxapex
|-damage|p1a: Toxapex|25/100
|move|p1a: Toxapex|Recover|p1a: Toxapex
|-heal|p1a: Toxapex|75/100
|
|-weather|none
|upkeep
|turn|35
|
|t:|1662850990
|move|p2a: Chief|Thunder Punch|p1a: Toxapex
|-supereffective|p1a: Toxapex
|-damage|p1a: Toxapex|42/100
|move|p1a: Toxapex|Recover|p1a: Toxapex
|-heal|p1a: Toxapex|92/100
|
|upkeep
|turn|36
|
|t:|1662850997
|switch|p2a: Morgan|Scolipede, M|55/100 brn
|move|p1a: Toxapex|Scald|p2a: Morgan
|-damage|p2a: Morgan|29/100 brn
|
|-heal|p2a: Morgan|35/100 brn|[from] item: Black Sludge
|-damage|p2a: Morgan|29/100 brn|[from] brn
|upkeep
|turn|37
|
|t:|1662851005
|move|p2a: Morgan|Earthquake|p1a: Toxapex
|-supereffective|p1a: Toxapex
|-damage|p1a: Toxapex|71/100
|move|p1a: Toxapex|Scald|p2a: Morgan
|-damage|p2a: Morgan|4/100 brn
|
|-heal|p2a: Morgan|10/100 brn|[from] item: Black Sludge
|-damage|p2a: Morgan|4/100 brn|[from] brn
|-ability|p2a: Morgan|Speed Boost|boost
|-boost|p2a: Morgan|spe|1
|upkeep
|turn|38
|
|t:|1662851015
|move|p2a: Morgan|Earthquake|p1a: Toxapex
|-supereffective|p1a: Toxapex
|-damage|p1a: Toxapex|52/100
|move|p1a: Toxapex|Recover|p1a: Toxapex
|-heal|p1a: Toxapex|100/100
|
|-heal|p2a: Morgan|10/100 brn|[from] item: Black Sludge
|-damage|p2a: Morgan|4/100 brn|[from] brn
|-ability|p2a: Morgan|Speed Boost|boost
|-boost|p2a: Morgan|spe|1
|upkeep
|turn|39
|
|t:|1662851040
|move|p2a: Morgan|Earthquake|p1a: Toxapex
|-supereffective|p1a: Toxapex
|-damage|p1a: Toxapex|81/100
|move|p1a: Toxapex|Scald|p2a: Morgan
|-damage|p2a: Morgan|0 fnt
|faint|p2a: Morgan
|
|upkeep
|
|t:|1662851049
|switch|p2a: Chief|Urshifu-Rapid-Strike, F|78/100
|turn|40
|
|t:|1662851052
|move|p2a: Chief|Thunder Punch|p1a: Toxapex
|-supereffective|p1a: Toxapex
|-damage|p1a: Toxapex|44/100
|move|p1a: Toxapex|Recover|p1a: Toxapex
|-heal|p1a: Toxapex|95/100
|
|upkeep
|turn|41
|
|t:|1662851062
|move|p2a: Chief|Thunder Punch|p1a: Toxapex
|-supereffective|p1a: Toxapex
|-damage|p1a: Toxapex|58/100
|move|p1a: Toxapex|Scald|p2a: Chief
|-resisted|p2a: Chief
|-damage|p2a: Chief|68/100
|
|upkeep
|turn|42
|
|t:|1662851069
|move|p2a: Chief|Thunder Punch|p1a: Toxapex
|-supereffective|p1a: Toxapex
|-damage|p1a: Toxapex|23/100
|move|p1a: Toxapex|Recover|p1a: Toxapex
|-heal|p1a: Toxapex|73/100
|
|upkeep
|turn|43
|
|t:|1662851075
|move|p2a: Chief|Thunder Punch|p1a: Toxapex
|-supereffective|p1a: Toxapex
|-damage|p1a: Toxapex|35/100
|move|p1a: Toxapex|Recover|p1a: Toxapex
|-heal|p1a: Toxapex|85/100
|
|upkeep
|turn|44
|
|t:|1662851081
|move|p2a: Chief|Thunder Punch|p1a: Toxapex
|-supereffective|p1a: Toxapex
|-damage|p1a: Toxapex|48/100
|move|p1a: Toxapex|Scald|p2a: Chief
|-resisted|p2a: Chief
|-damage|p2a: Chief|59/100
|-status|p2a: Chief|brn
|
|-damage|p2a: Chief|53/100 brn|[from] brn
|upkeep
|turn|45
|c|☆galarian dragapult|ty
|
|t:|1662851089
|move|p2a: Chief|Thunder Punch|p1a: Toxapex
|-supereffective|p1a: Toxapex
|-damage|p1a: Toxapex|30/100
|move|p1a: Toxapex|Recover|p1a: Toxapex
|-heal|p1a: Toxapex|80/100
|
|-damage|p2a: Chief|47/100 brn|[from] brn
|upkeep
|turn|46
|
|t:|1662851101
|move|p2a: Chief|Thunder Punch|p1a: Toxapex
|-supereffective|p1a: Toxapex
|-damage|p1a: Toxapex|62/100
|move|p1a: Toxapex|Poison Jab|p2a: Chief
|-damage|p2a: Chief|31/100 brn
|
|-damage|p2a: Chief|25/100 brn|[from] brn
|upkeep
|turn|47
|j| xHypnosis
|l| xHypnosis
|
|t:|1662851109
|move|p2a: Chief|Thunder Punch|p1a: Toxapex
|-supereffective|p1a: Toxapex
|-damage|p1a: Toxapex|45/100
|move|p1a: Toxapex|Recover|p1a: Toxapex
|-heal|p1a: Toxapex|95/100
|
|-damage|p2a: Chief|18/100 brn|[from] brn
|upkeep
|turn|48
|c|☆galarian dragapult|gg
|
|t:|1662851116
|move|p2a: Chief|Drain Punch|p1a: Toxapex
|-resisted|p1a: Toxapex
|-damage|p1a: Toxapex|89/100
|-heal|p2a: Chief|21/100 brn|[from] drain|[of] p1a: Toxapex
|move|p1a: Toxapex|Poison Jab|p2a: Chief
|-damage|p2a: Chief|4/100 brn
|
|-damage|p2a: Chief|0 fnt|[from] brn
|faint|p2a: Chief
|
|win|galarian dragapult
|upkeep
|raw|galarian dragapult's rating: 1783 &rarr; <strong>1798</strong><br />(+15 for winning)
|raw|TPerZ's rating: 1703 &rarr; <strong>1688</strong><br />(-15 for losing)
|l|☆TPerZ
|l| KappaHalo
|j|☆TPerZ
|player|p2|TPerZ|doctor
|l|☆TPerZ
|player|p2|
|l|☆galarian dragapult
||Ladder isn't responding, score probably updated but might not have (Request timeout).
|j| Jongruenwald
|l| Jongruenwald
|l| Comfey bean bag
