|j|☆im tofa
|j|☆Corumba
|t:|1633775346
|gametype|singles
|player|p1|im tofa|ethan-gen2c|1627
|player|p2|Corumba|schoolkid-gen4|1847
|teamsize|p1|6
|teamsize|p2|6
|gen|8
|tier|[Gen 8] OU
|rated|
|rule|Sleep Clause Mod: Limit one foe put to sleep
|rule|Species Clause: Limit one of each Pokémon
|rule|OHKO Clause: OHKO moves are banned
|rule|Evasion Moves Clause: Evasion moves are banned
|rule|Endless Battle Clause: Forcing endless battles is banned
|rule|HP Percentage Mod: HP is shown in percentages
|rule|Dynamax Clause: You cannot dynamax
|clearpoke
|poke|p1|Volcarona, M|
|poke|p1|Volcanion|
|poke|p1|Buzzwole|
|poke|p1|Heatran, M|
|poke|p1|Garchomp, M|
|poke|p1|Mandibuzz, F|
|poke|p2|Melmetal|
|poke|p2|Mamoswine, F|
|poke|p2|Ferrothorn, F|
|poke|p2|Gyarados, M|
|poke|p2|Dragapult, F|
|poke|p2|Dragonite, M|
|teampreview
|inactive|Battle timer is ON: inactive players will automatically lose when time's up. (requested by im tofa)
|inactive|Corumba has 120 seconds left.
|
|t:|1633775380
|start
|switch|p1a: Buzzwole|Buzzwole|100/100
|switch|p2a: Melmetal|Melmetal|100/100
|turn|1
|
|t:|1633775386
|move|p1a: Buzzwole|Close Combat|p2a: Melmetal
|-supereffective|p2a: Melmetal
|-damage|p2a: Melmetal|7/100
|-unboost|p1a: Buzzwole|def|1
|-unboost|p1a: Buzzwole|spd|1
|move|p2a: Melmetal|Thunder Wave|p1a: Buzzwole
|-status|p1a: Buzzwole|par
|
|upkeep
|turn|2
|
|t:|1633775398
|move|p2a: Melmetal|Double Iron Bash|p1a: Buzzwole
|-damage|p1a: Buzzwole|56/100 par
|-damage|p1a: Buzzwole|9/100 par
|-hitcount|p1a: Buzzwole|2
|move|p1a: Buzzwole|Leech Life|p2a: Melmetal
|-resisted|p2a: Melmetal
|-damage|p2a: Melmetal|0 fnt
|-heal|p1a: Buzzwole|13/100 par|[from] drain|[of] p2a: Melmetal
|faint|p2a: Melmetal
|-ability|p1a: Buzzwole|Beast Boost|boost
|-boost|p1a: Buzzwole|atk|1
|
|-heal|p1a: Buzzwole|19/100 par|[from] item: Leftovers
|upkeep
|
|t:|1633775410
|switch|p2a: Garydos|Gyarados, M|100/100
|turn|3
|
|t:|1633775425
|switch|p1a: Volcanion|Volcanion|100/100
|move|p2a: Garydos|Waterfall|p1a: Volcanion
|-immune|p1a: Volcanion|[from] ability: Water Absorb
|
|upkeep
|turn|4
|
|t:|1633775435
|switch|p2a: Dragonite|Dragonite, M|100/100
|move|p1a: Volcanion|Sludge Wave|p2a: Dragonite
|-damage|p2a: Dragonite|79/100
|
|upkeep
|turn|5
|
|t:|1633775454
|switch|p1a: Garchomp|Garchomp, M|100/100
|move|p2a: Dragonite|Roost|p2a: Dragonite
|-heal|p2a: Dragonite|100/100
|-singleturn|p2a: Dragonite|move: Roost
|
|upkeep
|turn|6
|
|t:|1633775465
|switch|p2a: Ferrothorn|Ferrothorn, F|100/100
|move|p1a: Garchomp|Toxic|p2a: Ferrothorn
|-immune|p2a: Ferrothorn
|
|upkeep
|turn|7
|
|t:|1633775468
|move|p1a: Garchomp|Stealth Rock|p2a: Ferrothorn
|-sidestart|p2: Corumba|move: Stealth Rock
|move|p2a: Ferrothorn|Spikes|p1a: Garchomp
|-sidestart|p1: im tofa|Spikes
|
|upkeep
|turn|8
|
|t:|1633775485
|switch|p1a: Buzzwole|Buzzwole|19/100 par
|-damage|p1a: Buzzwole|6/100 par|[from] Spikes
|switch|p2a: Mamoswine|Mamoswine, F|100/100
|
|-heal|p1a: Buzzwole|13/100 par|[from] item: Leftovers
|upkeep
|turn|9
|
|t:|1633775496
|move|p2a: Mamoswine|Icicle Crash|p1a: Buzzwole
|-damage|p1a: Buzzwole|0 fnt
|faint|p1a: Buzzwole
|
|upkeep
|
|t:|1633775500
|switch|p1a: Volcarona|Volcarona, M|100/100
|turn|10
|
|t:|1633775504
|switch|p2a: Dragonite|Dragonite, M|100/100
|move|p1a: Volcarona|Quiver Dance|p1a: Volcarona
|-boost|p1a: Volcarona|spa|1
|-boost|p1a: Volcarona|spd|1
|-boost|p1a: Volcarona|spe|1
|
|upkeep
|turn|11
|
|t:|1633775517
|move|p1a: Volcarona|Psychic|p2a: Dragonite
|-damage|p2a: Dragonite|84/100
|move|p2a: Dragonite|Thunder Wave|p1a: Volcarona
|-status|p1a: Volcarona|par
|
|upkeep
|turn|12
|
|t:|1633775522
|move|p2a: Dragonite|Earthquake|p1a: Volcarona
|-damage|p1a: Volcarona|76/100 par
|cant|p1a: Volcarona|par
|
|upkeep
|turn|13
|
|t:|1633775527
|switch|p2a: Dragapult|Dragapult, F|100/100
|move|p1a: Volcarona|Quiver Dance|p1a: Volcarona
|-boost|p1a: Volcarona|spa|1
|-boost|p1a: Volcarona|spd|1
|-boost|p1a: Volcarona|spe|1
|
|upkeep
|turn|14
|
|t:|1633775532
|move|p2a: Dragapult|Dragon Darts|p1a: Volcarona
|-damage|p1a: Volcarona|51/100 par
|-anim|p2a: Dragapult|Dragon Darts|p1a: Volcarona
|-damage|p1a: Volcarona|28/100 par
|move|p1a: Volcarona|Psychic|p2a: Dragapult
|-damage|p2a: Dragapult|32/100
|
|upkeep
|turn|15
|
|t:|1633775548
|switch|p1a: Heatran|Heatran, M|100/100
|-item|p1a: Heatran|Air Balloon
|move|p2a: Dragapult|Dragon Darts|p1a: Heatran
|-resisted|p1a: Heatran
|-damage|p1a: Heatran|89/100
|-enditem|p1a: Heatran|Air Balloon
|-anim|p2a: Dragapult|Dragon Darts|p1a: Heatran
|-resisted|p1a: Heatran
|-damage|p1a: Heatran|78/100
|
|upkeep
|turn|16
|
|t:|1633775560
|switch|p2a: Dragonite|Dragonite, M|84/100
|move|p1a: Heatran|Magma Storm|p2a: Dragonite
|-resisted|p2a: Dragonite
|-damage|p2a: Dragonite|65/100
|-activate|p2a: Dragonite|move: Magma Storm|[of] p1a: Heatran
|
|-damage|p2a: Dragonite|52/100|[from] move: Magma Storm|[partiallytrapped]
|upkeep
|turn|17
|j| GaryOakFire2021
|
|t:|1633775571
|move|p2a: Dragonite|Roost|p2a: Dragonite
|-heal|p2a: Dragonite|100/100
|-singleturn|p2a: Dragonite|move: Roost
|move|p1a: Heatran|Toxic|p2a: Dragonite
|-status|p2a: Dragonite|tox
|
|-damage|p2a: Dragonite|94/100 tox|[from] psn
|-damage|p2a: Dragonite|82/100 tox|[from] move: Magma Storm|[partiallytrapped]
|upkeep
|turn|18
|
|t:|1633775578
|switch|p1a: Mandibuzz|Mandibuzz, F|100/100
|move|p2a: Dragonite|Earthquake|p1a: Mandibuzz
|-immune|p1a: Mandibuzz
|
|-damage|p2a: Dragonite|69/100 tox|[from] psn
|-end|p2a: Dragonite|Magma Storm|[partiallytrapped]|[silent]
|upkeep
|turn|19
|
|t:|1633775581
|move|p2a: Dragonite|Thunder Wave|p1a: Mandibuzz
|-status|p1a: Mandibuzz|par
|cant|p1a: Mandibuzz|par
|
|-damage|p2a: Dragonite|51/100 tox|[from] psn
|upkeep
|turn|20
|
|t:|1633775585
|switch|p2a: Ferrothorn|Ferrothorn, F|100/100
|-damage|p2a: Ferrothorn|95/100|[from] Stealth Rock
|cant|p1a: Mandibuzz|par
|
|-heal|p2a: Ferrothorn|100/100|[from] item: Leftovers
|upkeep
|turn|21
|
|t:|1633775593
|cant|p1a: Mandibuzz|par
|move|p2a: Ferrothorn|Spikes|p1a: Mandibuzz
|-sidestart|p1: im tofa|Spikes
|
|upkeep
|turn|22
|
|t:|1633775596
|move|p1a: Mandibuzz|Knock Off|p2a: Ferrothorn
|-damage|p2a: Ferrothorn|83/100
|-damage|p1a: Mandibuzz|88/100 par|[from] ability: Iron Barbs|[of] p2a: Ferrothorn
|-enditem|p2a: Ferrothorn|Leftovers|[from] move: Knock Off|[of] p1a: Mandibuzz
|move|p2a: Ferrothorn|Leech Seed|p1a: Mandibuzz
|-start|p1a: Mandibuzz|move: Leech Seed
|
|-damage|p1a: Mandibuzz|76/100 par|[from] Leech Seed|[of] p2a: Ferrothorn
|-heal|p2a: Ferrothorn|98/100|[silent]
|upkeep
|turn|23
|
|t:|1633775602
|cant|p1a: Mandibuzz|par
|move|p2a: Ferrothorn|Spikes|p1a: Mandibuzz
|-sidestart|p1: im tofa|Spikes
|
|-damage|p1a: Mandibuzz|64/100 par|[from] Leech Seed|[of] p2a: Ferrothorn
|-heal|p2a: Ferrothorn|100/100|[silent]
|upkeep
|turn|24
|
|t:|1633775607
|switch|p2a: Mamoswine|Mamoswine, F|100/100
|move|p1a: Mandibuzz|Defog|p2a: Mamoswine
|-unboost|p2a: Mamoswine|evasion|1
|-sideend|p2: Corumba|Stealth Rock|[from] move: Defog|[of] p1a: Mandibuzz
|-sideend|p1: im tofa|Spikes|[from] move: Defog|[of] p1a: Mandibuzz
|
|-damage|p1a: Mandibuzz|51/100 par|[from] Leech Seed|[of] p2a: Mamoswine
|upkeep
|turn|25
|
|t:|1633775614
|move|p2a: Mamoswine|Icicle Crash|p1a: Mandibuzz
|-supereffective|p1a: Mandibuzz
|-damage|p1a: Mandibuzz|0 fnt
|faint|p1a: Mandibuzz
|
|upkeep
|
|t:|1633775632
|switch|p1a: Volcanion|Volcanion|100/100
|turn|26
|
|t:|1633775645
|switch|p2a: Dragonite|Dragonite, M|51/100 tox
|move|p1a: Volcanion|Steam Eruption|p2a: Dragonite
|-resisted|p2a: Dragonite
|-damage|p2a: Dragonite|12/100 tox
|
|-damage|p2a: Dragonite|6/100 tox|[from] psn
|upkeep
|turn|27
|j| Shuckleisgud
|
|t:|1633775653
|move|p2a: Dragonite|Roost|p2a: Dragonite
|-heal|p2a: Dragonite|56/100 tox
|-singleturn|p2a: Dragonite|move: Roost
|move|p1a: Volcanion|Steam Eruption|p2a: Dragonite
|-resisted|p2a: Dragonite
|-damage|p2a: Dragonite|18/100 tox
|
|-damage|p2a: Dragonite|6/100 tox|[from] psn
|upkeep
|turn|28
|
|t:|1633775660
|switch|p1a: Garchomp|Garchomp, M|100/100
|move|p2a: Dragonite|Thunder Wave|p1a: Garchomp
|-immune|p1a: Garchomp
|
|-damage|p2a: Dragonite|0 fnt|[from] psn
|faint|p2a: Dragonite
|upkeep
|
|t:|1633775665
|switch|p2a: Dragapult|Dragapult, F|32/100
|turn|29
|
|t:|1633775675
|switch|p1a: Volcarona|Volcarona, M|28/100 par
|move|p2a: Dragapult|Dragon Darts|p1a: Volcarona
|-damage|p1a: Volcarona|3/100 par
|-anim|p2a: Dragapult|Dragon Darts|p1a: Volcarona
|-damage|p1a: Volcarona|0 fnt
|faint|p1a: Volcarona
|
|upkeep
|
|t:|1633775680
|switch|p1a: Heatran|Heatran, M|78/100
|turn|30
|
|t:|1633775695
|switch|p2a: Mamoswine|Mamoswine, F|100/100
|move|p1a: Heatran|Toxic|p2a: Mamoswine
|-status|p2a: Mamoswine|tox
|
|-damage|p2a: Mamoswine|94/100 tox|[from] psn
|upkeep
|turn|31
|
|t:|1633775719
|switch|p1a: Garchomp|Garchomp, M|100/100
|move|p2a: Mamoswine|Earthquake|p1a: Garchomp
|-damage|p1a: Garchomp|52/100
|
|-damage|p2a: Mamoswine|82/100 tox|[from] psn
|upkeep
|turn|32
|
|t:|1633775730
|move|p2a: Mamoswine|Ice Shard|p1a: Garchomp
|-supereffective|p1a: Garchomp
|-damage|p1a: Garchomp|0 fnt
|faint|p1a: Garchomp
|
|-damage|p2a: Mamoswine|64/100 tox|[from] psn
|upkeep
|
|t:|1633775738
|switch|p1a: Volcanion|Volcanion|100/100
|turn|33
|
|t:|1633775744
|move|p1a: Volcanion|Steam Eruption|p2a: Mamoswine
|-supereffective|p2a: Mamoswine
|-damage|p2a: Mamoswine|0 fnt
|faint|p2a: Mamoswine
|
|upkeep
|
|t:|1633775755
|switch|p2a: Ferrothorn|Ferrothorn, F|100/100
|turn|34
|
|t:|1633775758
|switch|p1a: Heatran|Heatran, M|78/100
|move|p2a: Ferrothorn|Thunder Wave|p1a: Heatran
|-status|p1a: Heatran|par
|
|upkeep
|turn|35
|
|t:|1633775768
|move|p1a: Heatran|Magma Storm|p2a: Ferrothorn
|-supereffective|p2a: Ferrothorn
|-damage|p2a: Ferrothorn|0 fnt
|faint|p2a: Ferrothorn
|
|upkeep
|
|t:|1633775771
|switch|p2a: Garydos|Gyarados, M|100/100
|turn|36
|
|t:|1633775783
|move|p2a: Garydos|Dragon Dance|p2a: Garydos
|-boost|p2a: Garydos|atk|1
|-boost|p2a: Garydos|spe|1
|move|p1a: Heatran|Toxic|p2a: Garydos
|-status|p2a: Garydos|tox
|
|-damage|p2a: Garydos|95/100 tox|[from] psn
|upkeep
|turn|37
|
|t:|1633775790
|switch|p1a: Volcanion|Volcanion|100/100
|move|p2a: Garydos|Waterfall|p1a: Volcanion
|-immune|p1a: Volcanion|[from] ability: Water Absorb
|
|-damage|p2a: Garydos|83/100 tox|[from] psn
|upkeep
|turn|38
|
|t:|1633775797
|switch|p1a: Heatran|Heatran, M|78/100 par
|move|p2a: Garydos|Power Whip|p1a: Heatran
|-resisted|p1a: Heatran
|-damage|p1a: Heatran|66/100 par
|
|-damage|p2a: Garydos|65/100 tox|[from] psn
|upkeep
|turn|39
|j| Detail Geek
|
|t:|1633775807
|move|p2a: Garydos|Waterfall|p1a: Heatran
|-supereffective|p1a: Heatran
|-damage|p1a: Heatran|0 fnt
|faint|p1a: Heatran
|-ability|p2a: Garydos|Moxie|boost
|-boost|p2a: Garydos|atk|1
|
|-damage|p2a: Garydos|41/100 tox|[from] psn
|upkeep
|
|t:|1633775810
|switch|p1a: Volcanion|Volcanion|100/100
|turn|40
|
|t:|1633775819
|move|p2a: Garydos|Power Whip|p1a: Volcanion|[miss]
|-miss|p2a: Garydos|p1a: Volcanion
|move|p1a: Volcanion|Sludge Wave|p2a: Garydos
|-damage|p2a: Garydos|0 fnt
|faint|p2a: Garydos
|
|upkeep
|
|t:|1633775824
|switch|p2a: Dragapult|Dragapult, F|32/100
|turn|41
|
|t:|1633775827
|move|p2a: Dragapult|Dragon Darts|p1a: Volcanion
|-damage|p1a: Volcanion|73/100
|-anim|p2a: Dragapult|Dragon Darts|p1a: Volcanion
|-damage|p1a: Volcanion|45/100
|move|p1a: Volcanion|Sludge Wave|p2a: Dragapult
|-resisted|p2a: Dragapult
|-damage|p2a: Dragapult|0 fnt
|faint|p2a: Dragapult
|
|win|im tofa
|raw|im tofa's rating: 1627 &rarr; <strong>1658</strong><br />(+31 for winning)
|raw|Corumba's rating: 1847 &rarr; <strong>1816</strong><br />(-31 for losing)
|l|☆Corumba
