|j|☆LT_Alt1
|j|☆LT94 Jester
|t:|1661330417
|gametype|singles
|player|p1|LT_Alt1|2|1628
|player|p2|LT94 Jester|preschooler|1714
|teamsize|p1|6
|teamsize|p2|6
|gen|8
|tier|[Gen 8] OU
|rated|
|rule|Sleep Clause Mod: Limit one foe put to sleep
|rule|Species Clause: Limit one of each Pokémon
|rule|OHKO Clause: OHKO moves are banned
|rule|Evasion Items Clause: Evasion items are banned
|rule|Evasion Moves Clause: Evasion moves are banned
|rule|Endless Battle Clause: Forcing endless battles is banned
|rule|HP Percentage Mod: HP is shown in percentages
|rule|Dynamax Clause: You cannot dynamax
|clearpoke
|poke|p1|Alakazam, M|
|poke|p1|Chansey, F|
|poke|p1|Zapdos|
|poke|p1|Clefable, F|
|poke|p1|Slowbro, M|
|poke|p1|Rhydon, M|
|poke|p2|Zeraora|
|poke|p2|Clefable, F|
|poke|p2|Victini|
|poke|p2|Blissey, F|
|poke|p2|Skarmory, M|
|poke|p2|Dragonite, M|
|teampreview
|c|☆LT94 Jester|hf hf
|
|t:|1661330428
|start
|switch|p1a: Rhydon|Rhydon, M|100/100
|switch|p2a: diabolical one|Clefable, F|100/100
|turn|1
|
|t:|1661330436
|switch|p1a: Slowbro|Slowbro, M|100/100
|move|p2a: diabolical one|Knock Off|p1a: Slowbro
|-supereffective|p1a: Slowbro
|-damage|p1a: Slowbro|83/100
|-enditem|p1a: Slowbro|Rocky Helmet|[from] move: Knock Off|[of] p2a: diabolical one
|
|upkeep
|turn|2
|
|t:|1661330442
|move|p2a: diabolical one|Stealth Rock|p1a: Slowbro
|-sidestart|p1: LT_Alt1|move: Stealth Rock
|move|p1a: Slowbro|Future Sight|p2a: diabolical one
|-start|p1a: Slowbro|move: Future Sight
|
|upkeep
|turn|3
|
|t:|1661330451
|move|p2a: diabolical one|Moonblast|p1a: Slowbro
|-damage|p1a: Slowbro|50/100
|-unboost|p1a: Slowbro|spa|1
|move|p1a: Slowbro|Teleport|p1a: Slowbro
|
|t:|1661330455
|switch|p1a: Rhydon|Rhydon, M|100/100|[from]move: Teleport
|-damage|p1a: Rhydon|94/100|[from] Stealth Rock
|
|upkeep
|turn|4
|
|t:|1661330461
|move|p1a: Rhydon|Stealth Rock|p2a: diabolical one
|-sidestart|p2: LT94 Jester|move: Stealth Rock
|move|p2a: diabolical one|Knock Off|p1a: Rhydon
|-damage|p1a: Rhydon|86/100
|-enditem|p1a: Rhydon|Eviolite|[from] move: Knock Off|[of] p2a: diabolical one
|
|-end|p2a: diabolical one|move: Future Sight
|-damage|p2a: diabolical one|64/100
|upkeep
|turn|5
|
|t:|1661330469
|move|p1a: Rhydon|Earthquake|p2a: diabolical one
|-damage|p2a: diabolical one|17/100
|move|p2a: diabolical one|Soft-Boiled|p2a: diabolical one
|-heal|p2a: diabolical one|67/100
|
|upkeep
|turn|6
|
|t:|1661330492
|switch|p2a: chick magnet|Skarmory, M|100/100
|-damage|p2a: chick magnet|88/100|[from] Stealth Rock
|move|p1a: Rhydon|Stone Edge|p2a: chick magnet
|-damage|p2a: chick magnet|57/100
|
|upkeep
|turn|7
|
|t:|1661330499
|switch|p1a: Clefable|Clefable, F|100/100
|move|p2a: chick magnet|Roost|p2a: chick magnet
|-heal|p2a: chick magnet|100/100
|-singleturn|p2a: chick magnet|move: Roost
|
|upkeep
|turn|8
|
|t:|1661330512
|switch|p2a: don't abuse me 😦|Blissey, F|100/100
|move|p1a: Clefable|Calm Mind|p1a: Clefable
|-boost|p1a: Clefable|spa|1
|-boost|p1a: Clefable|spd|1
|
|upkeep
|turn|9
|
|t:|1661330518
|switch|p1a: Zapdos|Zapdos|100/100
|move|p2a: don't abuse me 😦|Thunder Wave|p1a: Zapdos|[miss]
|-miss|p2a: don't abuse me 😦|p1a: Zapdos
|
|upkeep
|turn|10
|
|t:|1661330524
|move|p1a: Zapdos|Hurricane|p2a: don't abuse me 😦
|-damage|p2a: don't abuse me 😦|82/100
|move|p2a: don't abuse me 😦|Teleport|p2a: don't abuse me 😦
|
|t:|1661330526
|switch|p2a: sea waves back|Zeraora|100/100|[from]move: Teleport
|
|upkeep
|turn|11
|
|t:|1661330532
|move|p2a: sea waves back|Plasma Fists|p1a: Zapdos
|-damage|p1a: Zapdos|62/100
|-fieldactivate|move: Ion Deluge
|-hint|Normal-type moves become Electric-type after using Plasma Fists.
|move|p1a: Zapdos|Hurricane|p2a: sea waves back
|-resisted|p2a: sea waves back
|-damage|p2a: sea waves back|73/100
|
|upkeep
|turn|12
|
|t:|1661330542
|switch|p1a: Rhydon|Rhydon, M|86/100
|-damage|p1a: Rhydon|80/100|[from] Stealth Rock
|move|p2a: sea waves back|Plasma Fists|p1a: Rhydon
|-ability|p1a: Rhydon|Lightning Rod|boost
|-boost|p1a: Rhydon|spa|1
|
|upkeep
|turn|13
|
|t:|1661330552
|switch|p2a: chick magnet|Skarmory, M|100/100
|-damage|p2a: chick magnet|88/100|[from] Stealth Rock
|switch|p1a: Zapdos|Zapdos|62/100
|
|upkeep
|turn|14
|
|t:|1661330574
|switch|p1a: Rhydon|Rhydon, M|80/100
|-damage|p1a: Rhydon|73/100|[from] Stealth Rock
|switch|p2a: don't abuse me 😦|Blissey, F|82/100
|
|upkeep
|turn|15
|
|t:|1661330586
|switch|p1a: Zapdos|Zapdos|62/100
|switch|p2a: diabolical one|Clefable, F|67/100
|
|upkeep
|turn|16
|
|t:|1661330591
|move|p1a: Zapdos|Volt Switch|p2a: diabolical one
|-damage|p2a: diabolical one|41/100
|
|t:|1661330595
|switch|p1a: Rhydon|Rhydon, M|73/100|[from]move: Volt Switch
|-damage|p1a: Rhydon|67/100|[from] Stealth Rock
|move|p2a: diabolical one|Soft-Boiled|p2a: diabolical one
|-heal|p2a: diabolical one|91/100
|
|upkeep
|turn|17
|
|t:|1661330606
|switch|p1a: Chansey|Chansey, F|100/100
|-damage|p1a: Chansey|88/100|[from] Stealth Rock
|move|p2a: diabolical one|Moonblast|p1a: Chansey
|-damage|p1a: Chansey|79/100
|
|upkeep
|turn|18
|
|t:|1661330613
|switch|p2a: sea waves back|Zeraora|73/100
|move|p1a: Chansey|Reflect|p1a: Chansey
|-sidestart|p1: LT_Alt1|Reflect
|
|upkeep
|turn|19
|
|t:|1661330617
|move|p2a: sea waves back|Volt Switch|p1a: Chansey
|-damage|p1a: Chansey|71/100
|
|t:|1661330621
|switch|p2a: diabolical one|Clefable, F|91/100|[from]move: Volt Switch
|move|p1a: Chansey|Seismic Toss|p2a: diabolical one
|-damage|p2a: diabolical one|66/100
|-damage|p1a: Chansey|55/100|[from] item: Rocky Helmet|[of] p2a: diabolical one
|
|upkeep
|turn|20
|
|t:|1661330627
|move|p2a: diabolical one|Soft-Boiled|p2a: diabolical one
|-heal|p2a: diabolical one|100/100
|move|p1a: Chansey|Soft-Boiled|p1a: Chansey
|-heal|p1a: Chansey|100/100
|
|upkeep
|turn|21
|
|t:|1661330639
|switch|p2a: chick magnet|Skarmory, M|88/100
|-damage|p2a: chick magnet|76/100|[from] Stealth Rock
|move|p1a: Chansey|Teleport|p1a: Chansey
|
|t:|1661330644
|switch|p1a: Zapdos|Zapdos|62/100|[from]move: Teleport
|
|upkeep
|turn|22
|
|t:|1661330648
|move|p1a: Zapdos|Volt Switch|p2a: chick magnet
|-supereffective|p2a: chick magnet
|-damage|p2a: chick magnet|0 fnt
|faint|p2a: chick magnet
|
|t:|1661330656
|switch|p1a: Clefable|Clefable, F|100/100|[from]move: Volt Switch
|
|-sideend|p1: LT_Alt1|Reflect
|upkeep
|
|t:|1661330663
|switch|p2a: don't abuse me 😦|Blissey, F|82/100
|turn|23
|
|t:|1661330667
|switch|p1a: Zapdos|Zapdos|62/100
|move|p2a: don't abuse me 😦|Seismic Toss|p1a: Zapdos
|-damage|p1a: Zapdos|36/100
|
|upkeep
|turn|24
|
|t:|1661330672
|move|p1a: Zapdos|Roost|p1a: Zapdos
|-heal|p1a: Zapdos|86/100
|-singleturn|p1a: Zapdos|move: Roost
|move|p2a: don't abuse me 😦|Teleport|p2a: don't abuse me 😦
|
|t:|1661330675
|switch|p2a: sea waves back|Zeraora|73/100|[from]move: Teleport
|
|upkeep
|turn|25
|
|t:|1661330687
|switch|p1a: Clefable|Clefable, F|100/100
|move|p2a: sea waves back|Volt Switch|p1a: Clefable
|-damage|p1a: Clefable|80/100
|
|t:|1661330689
|switch|p2a: whoa whoa|Victini|100/100|[from]move: Volt Switch
|
|upkeep
|turn|26
|
|t:|1661330695
|move|p2a: whoa whoa|V-create|p1a: Clefable
|-damage|p1a: Clefable|7/100
|-unboost|p2a: whoa whoa|spe|1
|-unboost|p2a: whoa whoa|def|1
|-unboost|p2a: whoa whoa|spd|1
|move|p1a: Clefable|Thunder|p2a: whoa whoa
|-damage|p2a: whoa whoa|54/100
|
|upkeep
|turn|27
|
|t:|1661330727
|switch|p1a: Zapdos|Zapdos|86/100
|move|p2a: whoa whoa|U-turn|p1a: Zapdos
|-resisted|p1a: Zapdos
|-damage|p1a: Zapdos|78/100
|
|t:|1661330730
|switch|p2a: sea waves back|Zeraora|73/100|[from]move: U-turn
|
|upkeep
|turn|28
|
|t:|1661330734
|move|p2a: sea waves back|Toxic|p1a: Zapdos
|-status|p1a: Zapdos|tox
|move|p1a: Zapdos|Hurricane|p2a: sea waves back|[miss]
|-miss|p1a: Zapdos|p2a: sea waves back
|
|-damage|p1a: Zapdos|72/100 tox|[from] psn
|upkeep
|turn|29
|
|t:|1661330742
|switch|p1a: Rhydon|Rhydon, M|67/100
|-damage|p1a: Rhydon|61/100|[from] Stealth Rock
|move|p2a: sea waves back|Knock Off|p1a: Rhydon
|-damage|p1a: Rhydon|46/100
|
|upkeep
|turn|30
|
|t:|1661330750
|switch|p2a: diabolical one|Clefable, F|100/100
|move|p1a: Rhydon|Stone Edge|p2a: diabolical one
|-damage|p2a: diabolical one|55/100
|
|upkeep
|turn|31
|
|t:|1661330757
|move|p1a: Rhydon|Earthquake|p2a: diabolical one
|-damage|p2a: diabolical one|7/100
|move|p2a: diabolical one|Soft-Boiled|p2a: diabolical one
|-heal|p2a: diabolical one|57/100
|
|upkeep
|turn|32
|
|t:|1661330763
|move|p1a: Rhydon|Earthquake|p2a: diabolical one
|-damage|p2a: diabolical one|14/100
|move|p2a: diabolical one|Soft-Boiled|p2a: diabolical one
|-heal|p2a: diabolical one|64/100
|
|upkeep
|turn|33
|
|t:|1661330769
|switch|p1a: Clefable|Clefable, F|7/100
|move|p2a: diabolical one|Soft-Boiled|p2a: diabolical one
|-heal|p2a: diabolical one|100/100
|
|upkeep
|turn|34
|
|t:|1661330774
|switch|p2a: whoa whoa|Victini|54/100
|move|p1a: Clefable|Soft-Boiled|p1a: Clefable
|-heal|p1a: Clefable|57/100
|
|upkeep
|turn|35
|
|t:|1661330781
|switch|p1a: Slowbro|Slowbro, M|83/100
|-damage|p1a: Slowbro|71/100|[from] Stealth Rock
|move|p2a: whoa whoa|U-turn|p1a: Slowbro
|-supereffective|p1a: Slowbro
|-crit|p1a: Slowbro
|-damage|p1a: Slowbro|35/100
|
|t:|1661330784
|switch|p2a: sea waves back|Zeraora|73/100|[from]move: U-turn
|
|upkeep
|turn|36
|
|t:|1661330802
|switch|p1a: Rhydon|Rhydon, M|46/100
|-damage|p1a: Rhydon|40/100|[from] Stealth Rock
|move|p2a: sea waves back|Plasma Fists|p1a: Rhydon
|-ability|p1a: Rhydon|Lightning Rod|boost
|-boost|p1a: Rhydon|spa|1
|
|upkeep
|turn|37
|
|t:|1661330815
|switch|p2a: diabolical one|Clefable, F|100/100
|switch|p1a: Clefable|Clefable, F|57/100
|
|upkeep
|turn|38
|
|t:|1661330820
|move|p1a: Clefable|Soft-Boiled|p1a: Clefable
|-heal|p1a: Clefable|100/100
|move|p2a: diabolical one|Knock Off|p1a: Clefable
|-resisted|p1a: Clefable
|-damage|p1a: Clefable|93/100
|-enditem|p1a: Clefable|Life Orb|[from] move: Knock Off|[of] p2a: diabolical one
|
|upkeep
|turn|39
|
|t:|1661330827
|switch|p2a: don't abuse me 😦|Blissey, F|82/100
|move|p1a: Clefable|Calm Mind|p1a: Clefable
|-boost|p1a: Clefable|spa|1
|-boost|p1a: Clefable|spd|1
|
|upkeep
|turn|40
|
|t:|1661330836
|switch|p1a: Chansey|Chansey, F|100/100
|-damage|p1a: Chansey|88/100|[from] Stealth Rock
|move|p2a: don't abuse me 😦|Thunder Wave|p1a: Chansey
|-status|p1a: Chansey|par
|
|upkeep
|turn|41
|
|t:|1661330844
|move|p2a: don't abuse me 😦|Seismic Toss|p1a: Chansey
|-damage|p1a: Chansey|74/100 par
|cant|p1a: Chansey|par
|
|upkeep
|turn|42
|
|t:|1661330849
|cant|p1a: Chansey|par
|move|p2a: don't abuse me 😦|Teleport|p2a: don't abuse me 😦
|
|t:|1661330854
|switch|p2a: sea waves back|Zeraora|73/100|[from]move: Teleport
|
|upkeep
|turn|43
|
|t:|1661330858
|-curestatus|p1a: Chansey|par|[from] ability: Natural Cure
|switch|p1a: Clefable|Clefable, F|93/100
|move|p2a: sea waves back|Knock Off|p1a: Clefable
|-resisted|p1a: Clefable
|-damage|p1a: Clefable|83/100
|
|upkeep
|turn|44
|
|t:|1661330864
|move|p2a: sea waves back|Volt Switch|p1a: Clefable
|-damage|p1a: Clefable|64/100
|
|t:|1661330868
|switch|p2a: don't abuse me 😦|Blissey, F|82/100|[from]move: Volt Switch
|move|p1a: Clefable|Thunder|p2a: don't abuse me 😦
|-damage|p2a: don't abuse me 😦|73/100
|
|upkeep
|turn|45
|
|t:|1661330880
|switch|p1a: Chansey|Chansey, F|74/100
|-damage|p1a: Chansey|61/100|[from] Stealth Rock
|move|p2a: don't abuse me 😦|Seismic Toss|p1a: Chansey
|-damage|p1a: Chansey|47/100
|
|upkeep
|turn|46
|
|t:|1661330886
|move|p1a: Chansey|Reflect|p1a: Chansey
|-sidestart|p1: LT_Alt1|Reflect
|move|p2a: don't abuse me 😦|Teleport|p2a: don't abuse me 😦
|
|t:|1661330891
|switch|p2a: sea waves back|Zeraora|73/100|[from]move: Teleport
|
|upkeep
|turn|47
|
|t:|1661330896
|switch|p1a: Clefable|Clefable, F|64/100
|move|p2a: sea waves back|Knock Off|p1a: Clefable
|-resisted|p1a: Clefable
|-damage|p1a: Clefable|60/100
|
|upkeep
|turn|48
|
|t:|1661330902
|move|p2a: sea waves back|Volt Switch|p1a: Clefable
|-damage|p1a: Clefable|42/100
|
|t:|1661330906
|switch|p2a: don't abuse me 😦|Blissey, F|73/100|[from]move: Volt Switch
|move|p1a: Clefable|Soft-Boiled|p1a: Clefable
|-heal|p1a: Clefable|92/100
|
|upkeep
|turn|49
|
|t:|1661330912
|switch|p1a: Rhydon|Rhydon, M|40/100
|-damage|p1a: Rhydon|34/100|[from] Stealth Rock
|move|p2a: don't abuse me 😦|Teleport|p2a: don't abuse me 😦
|
|t:|1661330920
|switch|p2a: diabolical one|Clefable, F|100/100|[from]move: Teleport
|
|upkeep
|turn|50
|
|t:|1661330926
|switch|p1a: Clefable|Clefable, F|92/100
|move|p2a: diabolical one|Moonblast|p1a: Clefable
|-damage|p1a: Clefable|66/100
|-unboost|p1a: Clefable|spa|1
|
|-sideend|p1: LT_Alt1|Reflect
|upkeep
|turn|51
|
|t:|1661330937
|switch|p2a: don't abuse me 😦|Blissey, F|73/100
|move|p1a: Clefable|Calm Mind|p1a: Clefable
|-boost|p1a: Clefable|spa|1
|-boost|p1a: Clefable|spd|1
|
|upkeep
|turn|52
|
|t:|1661330951
|switch|p1a: Chansey|Chansey, F|47/100
|-damage|p1a: Chansey|35/100|[from] Stealth Rock
|move|p2a: don't abuse me 😦|Teleport|p2a: don't abuse me 😦
|
|t:|1661330961
|switch|p2a: whoa whoa|Victini|54/100|[from]move: Teleport
|
|upkeep
|turn|53
|
|t:|1661330968
|switch|p1a: Slowbro|Slowbro, M|68/100
|-damage|p1a: Slowbro|55/100|[from] Stealth Rock
|move|p2a: whoa whoa|V-create|p1a: Slowbro
|-resisted|p1a: Slowbro
|-damage|p1a: Slowbro|33/100
|-unboost|p2a: whoa whoa|spe|1
|-unboost|p2a: whoa whoa|def|1
|-unboost|p2a: whoa whoa|spd|1
|
|upkeep
|turn|54
|
|t:|1661330977
|switch|p1a: Zapdos|Zapdos|72/100 tox
|move|p2a: whoa whoa|Bolt Strike|p1a: Zapdos|[miss]
|-miss|p2a: whoa whoa|p1a: Zapdos
|
|-damage|p1a: Zapdos|66/100 tox|[from] psn
|upkeep
|turn|55
|
|t:|1661330986
|switch|p2a: don't abuse me 😦|Blissey, F|73/100
|move|p1a: Zapdos|Hurricane|p2a: don't abuse me 😦
|-damage|p2a: don't abuse me 😦|58/100
|
|-damage|p1a: Zapdos|54/100 tox|[from] psn
|upkeep
|turn|56
|
|t:|1661330994
|switch|p1a: Clefable|Clefable, F|66/100
|switch|p2a: sea waves back|Zeraora|73/100
|
|upkeep
|turn|57
|
|t:|1661331000
|move|p2a: sea waves back|Volt Switch|p1a: Clefable
|-crit|p1a: Clefable
|-damage|p1a: Clefable|37/100
|
|t:|1661331012
|switch|p2a: don't abuse me 😦|Blissey, F|58/100|[from]move: Volt Switch
|move|p1a: Clefable|Soft-Boiled|p1a: Clefable
|-heal|p1a: Clefable|87/100
|
|upkeep
|turn|58
|
|t:|1661331022
|move|p1a: Clefable|Calm Mind|p1a: Clefable
|-boost|p1a: Clefable|spa|1
|-boost|p1a: Clefable|spd|1
|move|p2a: don't abuse me 😦|Teleport|p2a: don't abuse me 😦
|
|t:|1661331025
|switch|p2a: whoa whoa|Victini|54/100|[from]move: Teleport
|
|upkeep
|turn|59
|
|t:|1661331031
|switch|p1a: Alakazam|Alakazam, M|100/100
|move|p2a: whoa whoa|Encore||[still]
|-fail|p2a: whoa whoa
|
|upkeep
|turn|60
|c|☆LT94 Jester|wp
|
|t:|1661331041
|switch|p2a: good nite|Dragonite, M|100/100
|move|p1a: Alakazam|Psychic|p2a: good nite
|-damage|p2a: good nite|80/100
|
|upkeep
|turn|61
|
|t:|1661331047
|move|p1a: Alakazam|Dazzling Gleam|p2a: good nite
|-supereffective|p2a: good nite
|-damage|p2a: good nite|26/100
|move|p2a: good nite|Earthquake|p1a: Alakazam
|-damage|p1a: Alakazam|30/100
|
|upkeep
|turn|62
|
|t:|1661331056
|move|p1a: Alakazam|Psychic|p2a: good nite
|-damage|p2a: good nite|0 fnt
|faint|p2a: good nite
|
|upkeep
|
|t:|1661331059
|switch|p2a: sea waves back|Zeraora|73/100
|turn|63
|
|t:|1661331068
|switch|p1a: Rhydon|Rhydon, M|34/100
|-damage|p1a: Rhydon|28/100|[from] Stealth Rock
|move|p2a: sea waves back|Plasma Fists|p1a: Rhydon
|-ability|p1a: Rhydon|Lightning Rod|boost
|-boost|p1a: Rhydon|spa|1
|
|upkeep
|turn|64
|
|t:|1661331085
|switch|p2a: diabolical one|Clefable, F|100/100
|switch|p1a: Alakazam|Alakazam, M|30/100
|
|upkeep
|turn|65
|
|t:|1661331090
|move|p1a: Alakazam|Psychic|p2a: diabolical one
|-damage|p2a: diabolical one|45/100
|move|p2a: diabolical one|Knock Off|p1a: Alakazam
|-supereffective|p1a: Alakazam
|-damage|p1a: Alakazam|0 fnt
|-enditem|p1a: Alakazam|Life Orb|[from] move: Knock Off|[of] p2a: diabolical one
|faint|p1a: Alakazam
|
|upkeep
|
|t:|1661331097
|switch|p1a: Rhydon|Rhydon, M|28/100
|-damage|p1a: Rhydon|21/100|[from] Stealth Rock
|turn|66
|
|t:|1661331111
|move|p1a: Rhydon|Earthquake|p2a: diabolical one
|-damage|p2a: diabolical one|2/100
|move|p2a: diabolical one|Moonblast|p1a: Rhydon
|-damage|p1a: Rhydon|0 fnt
|faint|p1a: Rhydon
|
|upkeep
|
|t:|1661331119
|switch|p1a: Clefable|Clefable, F|87/100
|turn|67
|
|t:|1661331122
|switch|p2a: whoa whoa|Victini|54/100
|move|p1a: Clefable|Moonblast|p2a: whoa whoa
|-resisted|p2a: whoa whoa
|-damage|p2a: whoa whoa|37/100
|
|upkeep
|turn|68
|
|t:|1661331134
|move|p2a: whoa whoa|Encore|p1a: Clefable
|-start|p1a: Clefable|Encore
|move|p1a: Clefable|Moonblast|p2a: whoa whoa
|-resisted|p2a: whoa whoa
|-damage|p2a: whoa whoa|22/100
|
|upkeep
|turn|69
|
|t:|1661331140
|move|p2a: whoa whoa|Bolt Strike|p1a: Clefable
|-damage|p1a: Clefable|56/100
|-status|p1a: Clefable|par
|move|p1a: Clefable|Moonblast|p2a: whoa whoa
|-resisted|p2a: whoa whoa
|-damage|p2a: whoa whoa|5/100
|
|upkeep
|turn|70
|
|t:|1661331149
|switch|p1a: Slowbro|Slowbro, M|66/100
|-damage|p1a: Slowbro|54/100|[from] Stealth Rock
|move|p2a: whoa whoa|Bolt Strike|p1a: Slowbro
|-supereffective|p1a: Slowbro
|-damage|p1a: Slowbro|13/100
|
|upkeep
|turn|71
|
|t:|1661331158
|switch|p1a: Zapdos|Zapdos|54/100 tox
|move|p2a: whoa whoa|Bolt Strike|p1a: Zapdos
|-damage|p1a: Zapdos|24/100 tox
|
|-damage|p1a: Zapdos|18/100 tox|[from] psn
|upkeep
|turn|72
|
|t:|1661331164
|move|p2a: whoa whoa|Bolt Strike|p1a: Zapdos
|-damage|p1a: Zapdos|0 fnt
|faint|p1a: Zapdos
|
|upkeep
|
|t:|1661331170
|switch|p1a: Clefable|Clefable, F|56/100 par
|turn|73
|
|t:|1661331173
|move|p2a: whoa whoa|V-create|p1a: Clefable
|-damage|p1a: Clefable|0 fnt
|-unboost|p2a: whoa whoa|spe|1
|-unboost|p2a: whoa whoa|def|1
|-unboost|p2a: whoa whoa|spd|1
|faint|p1a: Clefable
|
|upkeep
|c|☆LT_Alt1|touched the zap 10 times and never got staticed
|c|☆LT_Alt1|are you kidding me
|c|☆LT94 Jester|:(
|-message|LT_Alt1 forfeited.
|
|win|LT94 Jester
|raw|LT_Alt1's rating: 1628 &rarr; <strong>1613</strong><br />(-15 for losing)
|raw|LT94 Jester's rating: 1714 &rarr; <strong>1729</strong><br />(+15 for winning)
|l|☆LT_Alt1
|l|☆LT94 Jester
|j|☆LT94 Jester
|player|p2|LT94 Jester|preschooler
