|j|☆POLYKlNG
|j|☆chinmaydagod
|t:|1641493814
|gametype|singles
|player|p1|POLYKlNG|hilbert|1516
|player|p2|chinmaydagod|170|1593
|teamsize|p1|6
|teamsize|p2|6
|gen|8
|tier|[Gen 8] OU
|rated|
|rule|Sleep Clause Mod: Limit one foe put to sleep
|rule|Species Clause: Limit one of each Pokémon
|rule|OHKO Clause: OHKO moves are banned
|rule|Evasion Moves Clause: Evasion moves are banned
|rule|Endless Battle Clause: Forcing endless battles is banned
|rule|HP Percentage Mod: HP is shown in percentages
|rule|Dynamax Clause: You cannot dynamax
|clearpoke
|poke|p1|Mamoswine, F|
|poke|p1|Volcarona, F|
|poke|p1|Rillaboom, F|
|poke|p1|Bisharp, M|
|poke|p1|Dragapult, F|
|poke|p1|Melmetal|
|poke|p2|Hydreigon, F|
|poke|p2|Melmetal|
|poke|p2|Blacephalon|
|poke|p2|Landorus-Therian, M|
|poke|p2|Tapu Fini|
|poke|p2|Scizor, M|
|teampreview
|inactive|Battle timer is ON: inactive players will automatically lose when time's up. (requested by POLYKlNG)
|
|t:|1641493836
|start
|switch|p1a: Mamoswine|Mamoswine, F|100/100
|switch|p2a: Janken|Scizor, M|100/100
|turn|1
|
|t:|1641493844
|move|p2a: Janken|Bullet Punch|p1a: Mamoswine
|-supereffective|p1a: Mamoswine
|-damage|p1a: Mamoswine|62/100
|move|p1a: Mamoswine|Earthquake|p2a: Janken
|-damage|p2a: Janken|39/100
|
|upkeep
|turn|2
|
|t:|1641493867
|move|p1a: Mamoswine|Ice Shard|p2a: Janken
|-resisted|p2a: Janken
|-damage|p2a: Janken|28/100
|move|p2a: Janken|U-turn|p1a: Mamoswine
|-damage|p1a: Mamoswine|7/100
|
|t:|1641493873
|switch|p2a: Clown|Blacephalon|100/100|[from]move: U-turn
|
|upkeep
|turn|3
|inactive|POLYKlNG has 120 seconds left.
|j| The Owl Boy
|inactive|POLYKlNG has 90 seconds left.
|
|t:|1641493939
|move|p2a: Clown|Shadow Ball|p1a: Mamoswine
|-damage|p1a: Mamoswine|0 fnt
|faint|p1a: Mamoswine
|-ability|p2a: Clown|Beast Boost|boost
|-boost|p2a: Clown|spa|1
|
|upkeep
|
|t:|1641493944
|switch|p1a: Bisharp|Bisharp, M|100/100
|turn|4
|
|t:|1641493948
|switch|p2a: Chimera|Hydreigon, F|100/100
|move|p1a: Bisharp|Swords Dance|p1a: Bisharp
|-boost|p1a: Bisharp|atk|2
|
|upkeep
|turn|5
|
|t:|1641493962
|move|p1a: Bisharp|Sucker Punch|p2a: Chimera
|-resisted|p2a: Chimera
|-damage|p2a: Chimera|52/100
|move|p2a: Chimera|Superpower|p1a: Bisharp
|-supereffective|p1a: Bisharp
|-damage|p1a: Bisharp|0 fnt
|-unboost|p2a: Chimera|atk|1
|-unboost|p2a: Chimera|def|1
|faint|p1a: Bisharp
|
|-heal|p2a: Chimera|58/100|[from] item: Leftovers
|upkeep
|inactive|POLYKlNG has 90 seconds left.
|
|t:|1641493979
|switch|p1a: Volcarona|Volcarona, F|100/100
|turn|6
|
|t:|1641493982
|move|p1a: Volcarona|Bug Buzz|p2a: Chimera
|-supereffective|p2a: Chimera
|-damage|p2a: Chimera|0 fnt
|faint|p2a: Chimera
|
|upkeep
|
|t:|1641493990
|switch|p2a: Simba|Landorus-Therian, M|100/100
|-ability|p2a: Simba|Intimidate|boost
|-unboost|p1a: Volcarona|atk|1
|turn|7
|
|t:|1641493994
|switch|p1a: Rillaboom|Rillaboom, F|100/100
|-fieldstart|move: Grassy Terrain|[from] ability: Grassy Surge|[of] p1a: Rillaboom
|move|p2a: Simba|Earthquake|p1a: Rillaboom
|-resisted|p1a: Rillaboom
|-damage|p1a: Rillaboom|87/100
|
|-heal|p1a: Rillaboom|93/100|[from] Grassy Terrain
|upkeep
|turn|8
|
|t:|1641493998
|move|p1a: Rillaboom|Swords Dance|p1a: Rillaboom
|-boost|p1a: Rillaboom|atk|2
|move|p2a: Simba|U-turn|p1a: Rillaboom
|-supereffective|p1a: Rillaboom
|-damage|p1a: Rillaboom|41/100
|
|t:|1641494013
|switch|p2a: Ursula|Tapu Fini|100/100|[from]move: U-turn
|-fieldstart|move: Misty Terrain|[from] ability: Misty Surge|[of] p2a: Ursula
|
|upkeep
|turn|9
|
|t:|1641494024
|switch|p2a: Janken|Scizor, M|28/100
|move|p1a: Rillaboom|Grassy Glide|p2a: Janken
|-resisted|p2a: Janken
|-damage|p2a: Janken|2/100
|-damage|p1a: Rillaboom|31/100|[from] item: Life Orb
|
|upkeep
|turn|10
|
|t:|1641494029
|switch|p1a: Volcarona|Volcarona, F|100/100
|move|p2a: Janken|Bullet Punch|p1a: Volcarona
|-resisted|p1a: Volcarona
|-damage|p1a: Volcarona|87/100
|
|upkeep
|turn|11
|
|t:|1641494036
|switch|p2a: Simba|Landorus-Therian, M|100/100
|-ability|p2a: Simba|Intimidate|boost
|-unboost|p1a: Volcarona|atk|1
|move|p1a: Volcarona|Psychic|p2a: Simba
|-damage|p2a: Simba|77/100
|
|-heal|p2a: Simba|83/100|[from] item: Leftovers
|upkeep
|turn|12
|
|t:|1641494058
|switch|p1a: Melmetal|Melmetal|100/100
|move|p2a: Simba|Earthquake|p1a: Melmetal
|-supereffective|p1a: Melmetal
|-damage|p1a: Melmetal|51/100
|
|-heal|p2a: Simba|89/100|[from] item: Leftovers
|-fieldend|Misty Terrain
|upkeep
|turn|13
|inactive|POLYKlNG has 120 seconds left.
|
|t:|1641494080
|move|p2a: Simba|U-turn|p1a: Melmetal
|-resisted|p1a: Melmetal
|-damage|p1a: Melmetal|44/100
|
|t:|1641494083
|switch|p2a: Janken|Scizor, M|2/100|[from]move: U-turn
|move|p1a: Melmetal|Ice Punch|p2a: Janken
|-resisted|p2a: Janken
|-damage|p2a: Janken|0 fnt
|faint|p2a: Janken
|
|upkeep
|
|t:|1641494087
|switch|p2a: Clown|Blacephalon|100/100
|turn|14
|
|t:|1641494097
|move|p2a: Clown|Flamethrower|p1a: Melmetal
|-supereffective|p1a: Melmetal
|-damage|p1a: Melmetal|0 fnt
|faint|p1a: Melmetal
|-ability|p2a: Clown|Beast Boost|boost
|-boost|p2a: Clown|spa|1
|
|upkeep
|
|t:|1641494099
|switch|p1a: Dragapult|Dragapult, F|100/100
|turn|15
|
|t:|1641494110
|switch|p2a: Baymax|Melmetal|100/100
|move|p1a: Dragapult|Dragon Dance|p1a: Dragapult
|-boost|p1a: Dragapult|atk|1
|-boost|p1a: Dragapult|spe|1
|
|upkeep
|turn|16
|
|t:|1641494120
|switch|p1a: Volcarona|Volcarona, F|87/100
|move|p2a: Baymax|Double Iron Bash|p1a: Volcarona
|-resisted|p1a: Volcarona
|-damage|p1a: Volcarona|34/100
|-resisted|p1a: Volcarona
|-damage|p1a: Volcarona|0 fnt
|faint|p1a: Volcarona
|-hitcount|p1: Volcarona|2
|
|upkeep
|
|t:|1641494125
|switch|p1a: Rillaboom|Rillaboom, F|31/100
|-fieldstart|move: Grassy Terrain|[from] ability: Grassy Surge|[of] p1a: Rillaboom
|turn|17
|
|t:|1641494132
|move|p1a: Rillaboom|Superpower|p2a: Baymax
|-supereffective|p2a: Baymax
|-damage|p2a: Baymax|27/100
|-unboost|p1a: Rillaboom|atk|1
|-unboost|p1a: Rillaboom|def|1
|-damage|p1a: Rillaboom|21/100|[from] item: Life Orb
|move|p2a: Baymax|Double Iron Bash|p1a: Rillaboom
|-damage|p1a: Rillaboom|0 fnt
|faint|p1a: Rillaboom
|-hitcount|p1: Rillaboom|1
|
|-heal|p2a: Baymax|33/100|[from] Grassy Terrain
|upkeep
|
|t:|1641494135
|switch|p1a: Dragapult|Dragapult, F|100/100
|turn|18
|
|t:|1641494139
|move|p1a: Dragapult|Dragon Dance|p1a: Dragapult
|-boost|p1a: Dragapult|atk|1
|-boost|p1a: Dragapult|spe|1
|move|p2a: Baymax|Double Iron Bash|p1a: Dragapult
|-damage|p1a: Dragapult|15/100
|-damage|p1a: Dragapult|0 fnt
|faint|p1a: Dragapult
|-hitcount|p1: Dragapult|2
|
|win|chinmaydagod
|raw|POLYKlNG's rating: 1516 &rarr; <strong>1500</strong><br />(-16 for losing)
|raw|chinmaydagod's rating: 1593 &rarr; <strong>1609</strong><br />(+16 for winning)
|c|☆POLYKlNG|gg
|c|☆chinmaydagod|gg
|l|☆POLYKlNG
