|raw|<div class="broadcast-blue"><strong>This battle is required to be public due to a player having a name starting with 'lt94je'.</div>
|j|☆wish kisser
|j|☆LT94JE Insurgencia
|t:|1661567204
|gametype|singles
|player|p1|wish kisser|ethan|1827
|player|p2|LT94JE Insurgencia|ingo|1819
|teamsize|p1|6
|teamsize|p2|6
|gen|8
|tier|[Gen 8] OU
|rated|
|rule|Sleep Clause Mod: Limit one foe put to sleep
|rule|Species Clause: Limit one of each Pokémon
|rule|OHKO Clause: OHKO moves are banned
|rule|Evasion Items Clause: Evasion items are banned
|rule|Evasion Moves Clause: Evasion moves are banned
|rule|Endless Battle Clause: Forcing endless battles is banned
|rule|HP Percentage Mod: HP is shown in percentages
|rule|Dynamax Clause: You cannot dynamax
|clearpoke
|poke|p1|Urshifu-*, F|
|poke|p1|Tyranitar, M|
|poke|p1|Excadrill, F|
|poke|p1|Zapdos|
|poke|p1|Ferrothorn, M|
|poke|p1|Tapu Lele|
|poke|p2|Magnezone|
|poke|p2|Garchomp, M|
|poke|p2|Tornadus-Therian, M|
|poke|p2|Clefable, M|
|poke|p2|Slowbro, M|
|poke|p2|Melmetal|
|teampreview
|c|☆wish kisser|h
|c|☆wish kisser|f
|c|☆LT94JE Insurgencia|too
|j| LT94JE AL
|j| tony pizza
|
|t:|1661567258
|start
|switch|p1a: Tyranitar|Tyranitar, M|100/100
|switch|p2a: Clefable|Clefable, M|100/100
|-weather|Sandstorm|[from] ability: Sand Stream|[of] p1a: Tyranitar
|turn|1
|j| SussyIndividual
|l| SussyIndividual
|j| Amigento1958
|j| isabela000◥▶_◀◤
|j| GabeEu
|inactive|Battle timer is ON: inactive players will automatically lose when time's up. (requested by wish kisser)
|l| GabeEu
|inactive|LT94JE Insurgencia has 120 seconds left.
|
|t:|1661567354
|switch|p2a: Slowbro|Slowbro, M|100/100
|move|p1a: Tyranitar|Crunch|p2a: Slowbro
|-supereffective|p2a: Slowbro
|-damage|p2a: Slowbro|4/100
|
|-weather|Sandstorm|[upkeep]
|-damage|p2a: Slowbro|0 fnt|[from] Sandstorm
|faint|p2a: Slowbro
|upkeep
|
|t:|1661567357
|switch|p2a: Clefable|Clefable, M|100/100
|turn|2
|j| paradise cove
|
|t:|1661567364
|switch|p1a: Ferrothorn|Ferrothorn, M|100/100
|move|p2a: Clefable|Stealth Rock|p1a: Ferrothorn
|-sidestart|p1: wish kisser|move: Stealth Rock
|
|-weather|Sandstorm|[upkeep]
|upkeep
|turn|3
|
|t:|1661567389
|move|p2a: Clefable|Knock Off|p1a: Ferrothorn
|-damage|p1a: Ferrothorn|89/100
|-activate|p1a: Ferrothorn|ability: Iron Barbs
|-enditem|p1a: Ferrothorn|Leftovers|[from] move: Knock Off|[of] p2a: Clefable
|move|p1a: Ferrothorn|Stealth Rock|p2a: Clefable
|-sidestart|p2: LT94JE Insurgencia|move: Stealth Rock
|
|-weather|Sandstorm|[upkeep]
|upkeep
|turn|4
|
|t:|1661567394
|move|p2a: Clefable|Moonblast|p1a: Ferrothorn
|-resisted|p1a: Ferrothorn
|-damage|p1a: Ferrothorn|78/100
|-unboost|p1a: Ferrothorn|spa|1
|move|p1a: Ferrothorn|Knock Off|p2a: Clefable
|-resisted|p2a: Clefable
|-damage|p2a: Clefable|92/100
|-damage|p1a: Ferrothorn|61/100|[from] item: Rocky Helmet|[of] p2a: Clefable
|-enditem|p2a: Clefable|Rocky Helmet|[from] move: Knock Off|[of] p1a: Ferrothorn
|
|-weather|Sandstorm|[upkeep]
|upkeep
|turn|5
|
|t:|1661567397
|switch|p1a: Excadrill|Excadrill, F|100/100
|-damage|p1a: Excadrill|97/100|[from] Stealth Rock
|move|p2a: Clefable|Moonblast|p1a: Excadrill
|-resisted|p1a: Excadrill
|-damage|p1a: Excadrill|78/100
|-unboost|p1a: Excadrill|spa|1
|
|-weather|none
|upkeep
|turn|6
|
|t:|1661567404
|move|p1a: Excadrill|Rapid Spin|p2a: Clefable
|-damage|p2a: Clefable|70/100
|-boost|p1a: Excadrill|spe|1
|-sideend|p1: wish kisser|Stealth Rock|[from] move: Rapid Spin|[of] p1a: Excadrill
|move|p2a: Clefable|Moonblast|p1a: Excadrill
|-resisted|p1a: Excadrill
|-damage|p1a: Excadrill|59/100
|-unboost|p1a: Excadrill|spa|1
|
|upkeep
|turn|7
|j| Smash Time steez
|l| Smash Time steez
|j| lt94je nick
|
|t:|1661567410
|switch|p1a: Tyranitar|Tyranitar, M|100/100
|-weather|Sandstorm|[from] ability: Sand Stream|[of] p1a: Tyranitar
|move|p2a: Clefable|Stealth Rock|p1a: Tyranitar
|-sidestart|p1: wish kisser|move: Stealth Rock
|
|-weather|Sandstorm|[upkeep]
|upkeep
|turn|8
|j| anique
|
|t:|1661567414
|move|p1a: Tyranitar|Stone Edge|p2a: Clefable|[miss]
|-miss|p1a: Tyranitar|p2a: Clefable
|move|p2a: Clefable|Soft-Boiled|p2a: Clefable
|-heal|p2a: Clefable|100/100
|
|-weather|Sandstorm|[upkeep]
|upkeep
|turn|9
|
|t:|1661567418
|switch|p1a: Excadrill|Excadrill, F|59/100
|-damage|p1a: Excadrill|56/100|[from] Stealth Rock
|switch|p2a: Melmetal|Melmetal|100/100
|-damage|p2a: Melmetal|94/100|[from] Stealth Rock
|
|-weather|Sandstorm|[upkeep]
|-heal|p2a: Melmetal|100/100|[from] item: Leftovers
|upkeep
|turn|10
|
|t:|1661567421
|move|p2a: Melmetal|Protect|p2a: Melmetal
|-singleturn|p2a: Melmetal|Protect
|move|p1a: Excadrill|Earthquake|p2a: Melmetal
|-activate|p2a: Melmetal|move: Protect
|
|-weather|Sandstorm|[upkeep]
|upkeep
|turn|11
|l| paradise cove
|j| qianying
|
|t:|1661567437
|switch|p2a: Tornadus|Tornadus-Therian, M|100/100
|move|p1a: Excadrill|Earthquake|p2a: Tornadus
|-immune|p2a: Tornadus
|
|-weather|none
|upkeep
|turn|12
|
|t:|1661567443
|switch|p1a: Zapdos|Zapdos|100/100
|move|p2a: Tornadus|Toxic|p1a: Zapdos
|-status|p1a: Zapdos|tox
|
|-damage|p1a: Zapdos|94/100 tox|[from] psn
|upkeep
|turn|13
|c|☆wish kisser|oh
|c|☆wish kisser|i dont have same ver
|
|t:|1661567461
|switch|p2a: Magnezone|Magnezone|100/100
|-damage|p2a: Magnezone|94/100|[from] Stealth Rock
|move|p1a: Zapdos|Hurricane|p2a: Magnezone
|-resisted|p2a: Magnezone
|-damage|p2a: Magnezone|82/100
|
|-heal|p2a: Magnezone|88/100|[from] item: Leftovers
|-damage|p1a: Zapdos|82/100 tox|[from] psn
|upkeep
|turn|14
|j| SHSP
|
|t:|1661567465
|switch|p2a: Garchomp|Garchomp, M|100/100
|-damage|p2a: Garchomp|94/100|[from] Stealth Rock
|move|p1a: Zapdos|Heat Wave|p2a: Garchomp
|-resisted|p2a: Garchomp
|-damage|p2a: Garchomp|81/100
|
|-heal|p2a: Garchomp|87/100|[from] item: Leftovers
|-damage|p1a: Zapdos|64/100 tox|[from] psn
|upkeep
|turn|15
|
|t:|1661567469
|switch|p1a: Urshifu|Urshifu-Rapid-Strike, F|100/100
|-damage|p1a: Urshifu|94/100|[from] Stealth Rock
|move|p2a: Garchomp|Swords Dance|p2a: Garchomp
|-boost|p2a: Garchomp|atk|2
|
|-heal|p2a: Garchomp|93/100|[from] item: Leftovers
|upkeep
|turn|16
|l| SHSP
|j| LT93OQ JD
|
|t:|1661567475
|switch|p2a: Clefable|Clefable, M|100/100
|move|p1a: Urshifu|Surging Strikes|p2a: Clefable
|-crit|p2a: Clefable
|-damage|p2a: Clefable|84/100
|-crit|p2a: Clefable
|-damage|p2a: Clefable|69/100
|-crit|p2a: Clefable
|-damage|p2a: Clefable|52/100
|-hitcount|p2a: Clefable|3
|
|upkeep
|turn|17
|
|t:|1661567479
|move|p1a: Urshifu|U-turn|p2a: Clefable
|-resisted|p2a: Clefable
|-damage|p2a: Clefable|42/100
|
|t:|1661567481
|switch|p1a: Excadrill|Excadrill, F|56/100|[from]move: U-turn
|-damage|p1a: Excadrill|53/100|[from] Stealth Rock
|move|p2a: Clefable|Moonblast|p1a: Excadrill
|-resisted|p1a: Excadrill
|-damage|p1a: Excadrill|33/100
|-unboost|p1a: Excadrill|spa|1
|
|upkeep
|turn|18
|
|t:|1661567485
|switch|p2a: Magnezone|Magnezone|88/100
|-damage|p2a: Magnezone|82/100|[from] Stealth Rock
|move|p1a: Excadrill|Rapid Spin|p2a: Magnezone
|-resisted|p2a: Magnezone
|-damage|p2a: Magnezone|71/100
|-boost|p1a: Excadrill|spe|1
|-sideend|p1: wish kisser|Stealth Rock|[from] move: Rapid Spin|[of] p1a: Excadrill
|
|-heal|p2a: Magnezone|77/100|[from] item: Leftovers
|upkeep
|turn|19
|j| loking87
|
|t:|1661567489
|move|p1a: Excadrill|Rapid Spin|p2a: Magnezone
|-resisted|p2a: Magnezone
|-damage|p2a: Magnezone|66/100
|-boost|p1a: Excadrill|spe|1
|move|p2a: Magnezone|Iron Defense|p2a: Magnezone
|-boost|p2a: Magnezone|def|2
|
|-heal|p2a: Magnezone|72/100|[from] item: Leftovers
|upkeep
|turn|20
|
|t:|1661567492
|move|p1a: Excadrill|Rapid Spin|p2a: Magnezone
|-resisted|p2a: Magnezone
|-damage|p2a: Magnezone|67/100
|-boost|p1a: Excadrill|spe|1
|move|p2a: Magnezone|Iron Defense|p2a: Magnezone
|-boost|p2a: Magnezone|def|2
|
|-heal|p2a: Magnezone|74/100|[from] item: Leftovers
|upkeep
|turn|21
|j| Currently building
|
|t:|1661567494
|move|p1a: Excadrill|Rapid Spin|p2a: Magnezone
|-resisted|p2a: Magnezone
|-damage|p2a: Magnezone|70/100
|-boost|p1a: Excadrill|spe|1
|move|p2a: Magnezone|Iron Defense|p2a: Magnezone
|-boost|p2a: Magnezone|def|2
|
|-heal|p2a: Magnezone|76/100|[from] item: Leftovers
|upkeep
|turn|22
|j| I DONT REPLY
|c|☆wish kisser|just click sub or body press
|
|t:|1661567520
|move|p1a: Excadrill|Rapid Spin|p2a: Magnezone
|-resisted|p2a: Magnezone
|-damage|p2a: Magnezone|74/100
|-boost|p1a: Excadrill|spe|1
|move|p2a: Magnezone|Iron Defense|p2a: Magnezone
|-boost|p2a: Magnezone|def|0
|
|-heal|p2a: Magnezone|80/100|[from] item: Leftovers
|upkeep
|turn|23
|c|☆LT94JE Insurgencia|i want this full
|c|☆LT94JE Insurgencia|srry
|c|☆LT94JE Insurgencia|kek
|
|t:|1661567531
|move|p1a: Excadrill|Rapid Spin|p2a: Magnezone
|-resisted|p2a: Magnezone
|-damage|p2a: Magnezone|77/100
|-boost|p1a: Excadrill|spe|1
|move|p2a: Magnezone|Iron Defense|p2a: Magnezone
|-boost|p2a: Magnezone|def|0
|
|-heal|p2a: Magnezone|84/100|[from] item: Leftovers
|upkeep
|turn|24
|c|☆wish kisser|so dont take time for click
|c|☆wish kisser|lol
|
|t:|1661567536
|move|p1a: Excadrill|Rapid Spin|p2a: Magnezone
|-resisted|p2a: Magnezone
|-damage|p2a: Magnezone|81/100
|move|p2a: Magnezone|Toxic|p1a: Excadrill
|-immune|p1a: Excadrill
|
|-heal|p2a: Magnezone|87/100|[from] item: Leftovers
|upkeep
|turn|25
|c|☆LT94JE Insurgencia|im in another game
|c|☆LT94JE Insurgencia|tahts why
|
|t:|1661567543
|move|p1a: Excadrill|Rapid Spin|p2a: Magnezone
|-resisted|p2a: Magnezone
|-crit|p2a: Magnezone
|-damage|p2a: Magnezone|73/100
|move|p2a: Magnezone|Toxic|p1a: Excadrill
|-immune|p1a: Excadrill
|
|-heal|p2a: Magnezone|80/100|[from] item: Leftovers
|upkeep
|turn|26
|
|t:|1661567549
|move|p1a: Excadrill|Rapid Spin|p2a: Magnezone
|-resisted|p2a: Magnezone
|-damage|p2a: Magnezone|77/100
|move|p2a: Magnezone|Iron Defense|p2a: Magnezone
|-boost|p2a: Magnezone|def|0
|
|-heal|p2a: Magnezone|83/100|[from] item: Leftovers
|upkeep
|turn|27
|
|t:|1661567552
|move|p1a: Excadrill|Rapid Spin|p2a: Magnezone
|-resisted|p2a: Magnezone
|-damage|p2a: Magnezone|81/100
|move|p2a: Magnezone|Toxic|p1a: Excadrill
|-immune|p1a: Excadrill
|
|-heal|p2a: Magnezone|87/100|[from] item: Leftovers
|upkeep
|turn|28
|
|t:|1661567554
|move|p1a: Excadrill|Rapid Spin|p2a: Magnezone
|-resisted|p2a: Magnezone
|-damage|p2a: Magnezone|84/100
|move|p2a: Magnezone|Discharge|p1a: Excadrill
|-immune|p1a: Excadrill
|
|-heal|p2a: Magnezone|91/100|[from] item: Leftovers
|upkeep
|turn|29
|
|t:|1661567555
|move|p1a: Excadrill|Rapid Spin|p2a: Magnezone
|-resisted|p2a: Magnezone
|-damage|p2a: Magnezone|88/100
|move|p2a: Magnezone|Discharge|p1a: Excadrill
|-immune|p1a: Excadrill
|
|-heal|p2a: Magnezone|94/100|[from] item: Leftovers
|upkeep
|turn|30
|
|t:|1661567557
|move|p1a: Excadrill|Rapid Spin|p2a: Magnezone
|-resisted|p2a: Magnezone
|-damage|p2a: Magnezone|91/100
|move|p2a: Magnezone|Discharge|p1a: Excadrill
|-immune|p1a: Excadrill
|
|-heal|p2a: Magnezone|98/100|[from] item: Leftovers
|upkeep
|turn|31
|
|t:|1661567560
|move|p1a: Excadrill|Rapid Spin|p2a: Magnezone
|-resisted|p2a: Magnezone
|-damage|p2a: Magnezone|95/100
|move|p2a: Magnezone|Discharge|p1a: Excadrill
|-immune|p1a: Excadrill
|
|-heal|p2a: Magnezone|100/100|[from] item: Leftovers
|upkeep
|turn|32
|
|t:|1661567562
|move|p1a: Excadrill|Rapid Spin|p2a: Magnezone
|-resisted|p2a: Magnezone
|-damage|p2a: Magnezone|98/100
|move|p2a: Magnezone|Body Press|p1a: Excadrill
|-supereffective|p1a: Excadrill
|-damage|p1a: Excadrill|0 fnt
|faint|p1a: Excadrill
|
|-heal|p2a: Magnezone|100/100|[from] item: Leftovers
|upkeep
|
|t:|1661567564
|switch|p1a: Tapu Lele|Tapu Lele, shiny|100/100
|-fieldstart|move: Psychic Terrain|[from] ability: Psychic Surge|[of] p1a: Tapu Lele
|turn|33
|
|t:|1661567568
|move|p1a: Tapu Lele|Focus Blast|p2a: Magnezone
|-supereffective|p2a: Magnezone
|-damage|p2a: Magnezone|0 fnt
|faint|p2a: Magnezone
|
|upkeep
|
|t:|1661567570
|switch|p2a: Tornadus|Tornadus-Therian, M|100/100
|turn|34
|c|☆wish kisser|all this
|c|☆wish kisser|for that
|
|t:|1661567574
|switch|p1a: Tyranitar|Tyranitar, M|100/100
|-weather|Sandstorm|[from] ability: Sand Stream|[of] p1a: Tyranitar
|move|p2a: Tornadus|Defog|p1a: Tyranitar
|-unboost|p1a: Tyranitar|evasion|1
|-sideend|p2: LT94JE Insurgencia|Stealth Rock|[from] move: Defog|[of] p2a: Tornadus
|-fieldend|move: Psychic Terrain
|
|-weather|Sandstorm|[upkeep]
|-damage|p2a: Tornadus|94/100|[from] Sandstorm
|upkeep
|turn|35
|c|☆LT94JE Insurgencia|yea
|
|t:|1661567581
|move|p2a: Tornadus|U-turn|p1a: Tyranitar
|-supereffective|p1a: Tyranitar
|-damage|p1a: Tyranitar|75/100
|
|t:|1661567584
|switch|p2a: Melmetal|Melmetal|100/100|[from]move: U-turn
|move|p1a: Tyranitar|Crunch|p2a: Melmetal
|-damage|p2a: Melmetal|56/100
|
|-weather|Sandstorm|[upkeep]
|-heal|p2a: Melmetal|62/100|[from] item: Leftovers
|upkeep
|turn|36
|
|t:|1661567589
|switch|p1a: Zapdos|Zapdos|64/100 tox
|move|p2a: Melmetal|Superpower|p1a: Zapdos
|-resisted|p1a: Zapdos
|-damage|p1a: Zapdos|47/100 tox
|-unboost|p2a: Melmetal|atk|1
|-unboost|p2a: Melmetal|def|1
|
|-weather|Sandstorm|[upkeep]
|-damage|p1a: Zapdos|41/100 tox|[from] Sandstorm
|-heal|p2a: Melmetal|68/100|[from] item: Leftovers
|-damage|p1a: Zapdos|35/100 tox|[from] psn
|upkeep
|turn|37
|l| anique
|
|t:|1661567597
|switch|p1a: Tapu Lele|Tapu Lele, shiny|100/100
|-fieldstart|move: Psychic Terrain|[from] ability: Psychic Surge|[of] p1a: Tapu Lele
|switch|p2a: Garchomp|Garchomp, M|93/100
|
|-weather|Sandstorm|[upkeep]
|-damage|p1a: Tapu Lele|94/100|[from] Sandstorm
|-heal|p2a: Garchomp|99/100|[from] item: Leftovers
|upkeep
|turn|38
|
|t:|1661567600
|switch|p2a: Melmetal|Melmetal|68/100
|move|p1a: Tapu Lele|Moonblast|p2a: Melmetal
|-resisted|p2a: Melmetal
|-damage|p2a: Melmetal|47/100
|-unboost|p2a: Melmetal|spa|1
|
|-weather|none
|-heal|p2a: Melmetal|53/100|[from] item: Leftovers
|upkeep
|turn|39
|
|t:|1661567607
|switch|p1a: Zapdos|Zapdos|35/100 tox
|move|p2a: Melmetal|Superpower|p1a: Zapdos
|-resisted|p1a: Zapdos
|-damage|p1a: Zapdos|18/100 tox
|-unboost|p2a: Melmetal|atk|1
|-unboost|p2a: Melmetal|def|1
|
|-heal|p2a: Melmetal|59/100|[from] item: Leftovers
|-damage|p1a: Zapdos|12/100 tox|[from] psn
|upkeep
|turn|40
|l| lt94je nick
|
|t:|1661567614
|move|p2a: Melmetal|Protect|p2a: Melmetal
|-singleturn|p2a: Melmetal|Protect
|move|p1a: Zapdos|Roost|p1a: Zapdos
|-heal|p1a: Zapdos|62/100 tox
|-singleturn|p1a: Zapdos|move: Roost
|
|-heal|p2a: Melmetal|65/100|[from] item: Leftovers
|-damage|p1a: Zapdos|50/100 tox|[from] psn
|upkeep
|turn|41
|
|t:|1661567620
|switch|p1a: Tapu Lele|Tapu Lele, shiny|94/100
|switch|p2a: Garchomp|Garchomp, M|99/100
|
|-heal|p2a: Garchomp|100/100|[from] item: Leftovers
|-fieldend|move: Psychic Terrain
|upkeep
|turn|42
|
|t:|1661567623
|switch|p2a: Tornadus|Tornadus-Therian, M|100/100
|move|p1a: Tapu Lele|Focus Blast|p2a: Tornadus
|-resisted|p2a: Tornadus
|-damage|p2a: Tornadus|80/100
|
|upkeep
|turn|43
|
|t:|1661567626
|switch|p1a: Zapdos|Zapdos|50/100 tox
|move|p2a: Tornadus|U-turn|p1a: Zapdos
|-resisted|p1a: Zapdos
|-damage|p1a: Zapdos|44/100 tox
|-status|p2a: Tornadus|par|[from] ability: Static|[of] p1a: Zapdos
|
|t:|1661567628
|switch|p2a: Garchomp|Garchomp, M|100/100|[from]move: U-turn
|
|-damage|p1a: Zapdos|38/100 tox|[from] psn
|upkeep
|turn|44
|
|t:|1661567633
|switch|p1a: Tapu Lele|Tapu Lele, shiny|94/100
|-fieldstart|move: Psychic Terrain|[from] ability: Psychic Surge|[of] p1a: Tapu Lele
|move|p2a: Garchomp|Scale Shot|p1a: Tapu Lele
|-immune|p1a: Tapu Lele
|
|upkeep
|turn|45
|n| lt94je JD|lt93oqjd
|
|t:|1661567641
|switch|p2a: Tornadus|Tornadus-Therian, M|100/100 par
|move|p1a: Tapu Lele|Moonblast|p2a: Tornadus
|-damage|p2a: Tornadus|51/100 par
|
|upkeep
|turn|46
|
|t:|1661567644
|switch|p2a: Melmetal|Melmetal|65/100
|move|p1a: Tapu Lele|Moonblast|p2a: Melmetal
|-resisted|p2a: Melmetal
|-damage|p2a: Melmetal|43/100
|
|-heal|p2a: Melmetal|49/100|[from] item: Leftovers
|upkeep
|turn|47
|l| lt94je JD
|j| Pokemh
|
|t:|1661567650
|switch|p1a: Ferrothorn|Ferrothorn, M|61/100
|move|p2a: Melmetal|Superpower|p1a: Ferrothorn
|-supereffective|p1a: Ferrothorn
|-crit|p1a: Ferrothorn
|-damage|p1a: Ferrothorn|0 fnt
|-unboost|p2a: Melmetal|atk|1
|-unboost|p2a: Melmetal|def|1
|-damage|p2a: Melmetal|37/100|[from] ability: Iron Barbs|[of] p1a: Ferrothorn
|faint|p1a: Ferrothorn
|
|-heal|p2a: Melmetal|43/100|[from] item: Leftovers
|upkeep
|
|t:|1661567652
|switch|p1a: Urshifu|Urshifu-Rapid-Strike, F|94/100
|turn|48
|
|t:|1661567657
|switch|p2a: Clefable|Clefable, M|42/100
|move|p1a: Urshifu|Surging Strikes|p2a: Clefable
|-crit|p2a: Clefable
|-damage|p2a: Clefable|25/100
|-crit|p2a: Clefable
|-damage|p2a: Clefable|10/100
|-crit|p2a: Clefable
|-damage|p2a: Clefable|0 fnt
|faint|p2a: Clefable
|-hitcount|p2: Clefable|3
|
|-fieldend|move: Psychic Terrain
|upkeep
|
|t:|1661567658
|switch|p2a: Garchomp|Garchomp, M|100/100
|turn|49
|
|t:|1661567670
|move|p2a: Garchomp|Earthquake|p1a: Urshifu
|-damage|p1a: Urshifu|39/100
|move|p1a: Urshifu|Close Combat|p2a: Garchomp
|-damage|p2a: Garchomp|39/100
|-unboost|p1a: Urshifu|def|1
|-unboost|p1a: Urshifu|spd|1
|-activate|p2a: Garchomp|ability: Rough Skin
|-activate|p1a: Urshifu|item: Protective Pads
|
|-heal|p2a: Garchomp|45/100|[from] item: Leftovers
|upkeep
|turn|50
|
|t:|1661567678
|switch|p1a: Tapu Lele|Tapu Lele, shiny|94/100
|-fieldstart|move: Psychic Terrain|[from] ability: Psychic Surge|[of] p1a: Tapu Lele
|move|p2a: Garchomp|Scale Shot|p1a: Tapu Lele
|-immune|p1a: Tapu Lele
|
|-heal|p2a: Garchomp|51/100|[from] item: Leftovers
|upkeep
|turn|51
|
|t:|1661567684
|switch|p1a: Urshifu|Urshifu-Rapid-Strike, F|39/100
|switch|p2a: Tornadus|Tornadus-Therian, M|84/100 par
|
|upkeep
|turn|52
|
|t:|1661567687
|move|p1a: Urshifu|Surging Strikes|p2a: Tornadus
|-crit|p2a: Tornadus
|-damage|p2a: Tornadus|65/100 par
|-crit|p2a: Tornadus
|-damage|p2a: Tornadus|46/100 par
|-crit|p2a: Tornadus
|-damage|p2a: Tornadus|24/100 par
|-hitcount|p2a: Tornadus|3
|move|p2a: Tornadus|U-turn|p1a: Urshifu
|-resisted|p1a: Urshifu
|-damage|p1a: Urshifu|32/100
|
|t:|1661567689
|switch|p2a: Garchomp|Garchomp, M|51/100|[from]move: U-turn
|
|-heal|p2a: Garchomp|58/100|[from] item: Leftovers
|upkeep
|turn|53
|
|t:|1661567697
|move|p2a: Garchomp|Earthquake|p1a: Urshifu
|-damage|p1a: Urshifu|0 fnt
|faint|p1a: Urshifu
|
|-heal|p2a: Garchomp|64/100|[from] item: Leftovers
|upkeep
|
|t:|1661567699
|switch|p1a: Tapu Lele|Tapu Lele, shiny|94/100
|turn|54
|
|t:|1661567702
|switch|p2a: Tornadus|Tornadus-Therian, M|57/100 par
|move|p1a: Tapu Lele|Moonblast|p2a: Tornadus
|-damage|p2a: Tornadus|7/100 par
|
|-fieldend|move: Psychic Terrain
|upkeep
|turn|55
|
|t:|1661567704
|switch|p2a: Melmetal|Melmetal|43/100
|move|p1a: Tapu Lele|Moonblast|p2a: Melmetal
|-resisted|p2a: Melmetal
|-damage|p2a: Melmetal|22/100
|
|-heal|p2a: Melmetal|28/100|[from] item: Leftovers
|upkeep
|turn|56
|
|t:|1661567707
|switch|p1a: Zapdos|Zapdos|38/100 tox
|move|p2a: Melmetal|Double Iron Bash|p1a: Zapdos
|-resisted|p1a: Zapdos
|-damage|p1a: Zapdos|23/100 tox
|-resisted|p1a: Zapdos
|-damage|p1a: Zapdos|6/100 tox
|-status|p2a: Melmetal|par|[from] ability: Static|[of] p1a: Zapdos
|-hitcount|p1a: Zapdos|2
|
|-heal|p2a: Melmetal|35/100 par|[from] item: Leftovers
|-damage|p1a: Zapdos|0 fnt|[from] psn
|faint|p1a: Zapdos
|upkeep
|
|t:|1661567711
|switch|p1a: Tyranitar|Tyranitar, M|75/100
|-weather|Sandstorm|[from] ability: Sand Stream|[of] p1a: Tyranitar
|turn|57
|
|t:|1661567713
|switch|p2a: Tornadus|Tornadus-Therian, M|41/100 par
|move|p1a: Tyranitar|Crunch|p2a: Tornadus
|-damage|p2a: Tornadus|0 fnt
|faint|p2a: Tornadus
|
|-weather|Sandstorm|[upkeep]
|upkeep
|
|t:|1661567715
|switch|p2a: Garchomp|Garchomp, M|64/100
|turn|58
|j| Randbats enjoyer
|
|t:|1661567736
|switch|p1a: Tapu Lele|Tapu Lele, shiny|94/100
|-fieldstart|move: Psychic Terrain|[from] ability: Psychic Surge|[of] p1a: Tapu Lele
|move|p2a: Garchomp|Earthquake|p1a: Tapu Lele
|-damage|p1a: Tapu Lele|19/100
|
|-weather|Sandstorm|[upkeep]
|-damage|p1a: Tapu Lele|13/100|[from] Sandstorm
|-heal|p2a: Garchomp|70/100|[from] item: Leftovers
|upkeep
|turn|59
|
|t:|1661567752
|switch|p2a: Melmetal|Melmetal|35/100 par
|move|p1a: Tapu Lele|Moonblast|p2a: Melmetal
|-resisted|p2a: Melmetal
|-damage|p2a: Melmetal|10/100 par
|-unboost|p2a: Melmetal|spa|1
|
|-weather|Sandstorm|[upkeep]
|-damage|p1a: Tapu Lele|7/100|[from] Sandstorm
|-heal|p2a: Melmetal|17/100 par|[from] item: Leftovers
|upkeep
|turn|60
|
|t:|1661567760
|move|p2a: Melmetal|Protect|p2a: Melmetal
|-singleturn|p2a: Melmetal|Protect
|move|p1a: Tapu Lele|Moonblast|p2a: Melmetal
|-activate|p2a: Melmetal|move: Protect
|
|-weather|Sandstorm|[upkeep]
|-damage|p1a: Tapu Lele|1/100|[from] Sandstorm
|-heal|p2a: Melmetal|23/100 par|[from] item: Leftovers
|upkeep
|turn|61
|
|t:|1661567765
|move|p1a: Tapu Lele|Moonblast|p2a: Melmetal
|-resisted|p2a: Melmetal
|-damage|p2a: Melmetal|1/100 par
|-unboost|p2a: Melmetal|spa|1
|cant|p2a: Melmetal|par
|
|-weather|none
|-heal|p2a: Melmetal|7/100 par|[from] item: Leftovers
|upkeep
|turn|62
|c|☆LT94JE Insurgencia|weird
|l| Currently building
|
|t:|1661567771
|move|p2a: Melmetal|Protect|p2a: Melmetal
|-singleturn|p2a: Melmetal|Protect
|move|p1a: Tapu Lele|Moonblast|p2a: Melmetal
|-activate|p2a: Melmetal|move: Protect
|
|-heal|p2a: Melmetal|13/100 par|[from] item: Leftovers
|-fieldend|move: Psychic Terrain
|upkeep
|turn|63
|
|t:|1661567774
|cant|p2a: Melmetal|par
|move|p1a: Tapu Lele|Moonblast|p2a: Melmetal
|-resisted|p2a: Melmetal
|-damage|p2a: Melmetal|0 fnt
|faint|p2a: Melmetal
|
|upkeep
|
|t:|1661567776
|switch|p2a: Garchomp|Garchomp, M|70/100
|turn|64
|
|t:|1661567778
|move|p1a: Tapu Lele|Moonblast|p2a: Garchomp
|-supereffective|p2a: Garchomp
|-damage|p2a: Garchomp|0 fnt
|faint|p2a: Garchomp
|
|win|wish kisser
|raw|wish kisser's rating: 1827 &rarr; <strong>1845</strong><br />(+18 for winning)
|raw|LT94JE Insurgencia's rating: 1795 &rarr; <strong>1777</strong><br />(-18 for losing)
|l| Amigento1958
|l|☆LT94JE Insurgencia
|l| I DONT REPLY
