|j|‽Maitredouard2
|j|☆QiYu5
|t:|1664269104
|gametype|singles
|player|p1|Maitredouard2|lance|1668
|player|p2|QiYu5|drayden|1775
|teamsize|p1|6
|teamsize|p2|6
|gen|8
|tier|[Gen 8] OU
|rated|
|rule|Sleep Clause Mod: Limit one foe put to sleep
|rule|Species Clause: Limit one of each Pokémon
|rule|OHKO Clause: OHKO moves are banned
|rule|Evasion Items Clause: Evasion items are banned
|rule|Evasion Moves Clause: Evasion moves are banned
|rule|Endless Battle Clause: Forcing endless battles is banned
|rule|HP Percentage Mod: HP is shown in percentages
|rule|Dynamax Clause: You cannot dynamax
|clearpoke
|poke|p1|Mandibuzz, F|
|poke|p1|Landorus-Therian, M|
|poke|p1|Blissey, F|
|poke|p1|Heatran, M|
|poke|p1|Toxapex, M|
|poke|p1|Tapu Lele|
|poke|p2|Slowbro, M|
|poke|p2|Clefable, M|
|poke|p2|Volcarona, F|
|poke|p2|Slowking-Galar, M|
|poke|p2|Mandibuzz, F|
|poke|p2|Hippowdon, M|
|teampreview
|
|t:|1664269117
|start
|switch|p1a: Mandibuzz|Mandibuzz, F|100/100
|switch|p2a: 窗外的麻雀在电线杆上啵嘴|Mandibuzz, F|100/100
|turn|1
|inactive|Battle timer is ON: inactive players will automatically lose when time's up. (requested by Maitredouard2)
|
|t:|1664269124
|move|p2a: 窗外的麻雀在电线杆上啵嘴|Knock Off|p1a: Mandibuzz
|-resisted|p1a: Mandibuzz
|-damage|p1a: Mandibuzz|93/100
|-enditem|p1a: Mandibuzz|Heavy-Duty Boots|[from] move: Knock Off|[of] p2a: 窗外的麻雀在电线杆上啵嘴
|move|p1a: Mandibuzz|Taunt|p2a: 窗外的麻雀在电线杆上啵嘴
|-start|p2a: 窗外的麻雀在电线杆上啵嘴|move: Taunt
|
|upkeep
|turn|2
|
|t:|1664269131
|switch|p2a: 钓鱼不忘戴头盔|Slowbro, M|100/100
|move|p1a: Mandibuzz|Toxic|p2a: 钓鱼不忘戴头盔
|-status|p2a: 钓鱼不忘戴头盔|tox
|
|-damage|p2a: 钓鱼不忘戴头盔|94/100 tox|[from] psn
|upkeep
|turn|3
|
|t:|1664269139
|move|p1a: Mandibuzz|Taunt|p2a: 钓鱼不忘戴头盔
|-start|p2a: 钓鱼不忘戴头盔|move: Taunt
|cant|p2a: 钓鱼不忘戴头盔|move: Taunt|Thunder Wave
|
|-damage|p2a: 钓鱼不忘戴头盔|82/100 tox|[from] psn
|upkeep
|turn|4
|
|t:|1664269146
|move|p1a: Mandibuzz|Foul Play|p2a: 钓鱼不忘戴头盔
|-supereffective|p2a: 钓鱼不忘戴头盔
|-damage|p2a: 钓鱼不忘戴头盔|53/100 tox
|-damage|p1a: Mandibuzz|76/100|[from] item: Rocky Helmet|[of] p2a: 钓鱼不忘戴头盔
|move|p2a: 钓鱼不忘戴头盔|Scald|p1a: Mandibuzz
|-damage|p1a: Mandibuzz|58/100
|
|-damage|p2a: 钓鱼不忘戴头盔|35/100 tox|[from] psn
|upkeep
|turn|5
|
|t:|1664269163
|switch|p2a: 月爆不疼不要钱|Clefable, M|100/100
|move|p1a: Mandibuzz|Toxic|p2a: 月爆不疼不要钱
|-status|p2a: 月爆不疼不要钱|tox
|
|-damage|p2a: 月爆不疼不要钱|94/100 tox|[from] psn
|upkeep
|turn|6
|
|t:|1664269171
|move|p1a: Mandibuzz|Taunt|p2a: 月爆不疼不要钱
|-start|p2a: 月爆不疼不要钱|move: Taunt
|cant|p2a: 月爆不疼不要钱|move: Taunt|Aromatherapy
|
|-damage|p2a: 月爆不疼不要钱|82/100 tox|[from] psn
|upkeep
|turn|7
|
|t:|1664269178
|move|p1a: Mandibuzz|Roost|p1a: Mandibuzz
|-heal|p1a: Mandibuzz|100/100
|-singleturn|p1a: Mandibuzz|move: Roost
|move|p2a: 月爆不疼不要钱|Moonblast|p1a: Mandibuzz
|-supereffective|p1a: Mandibuzz
|-damage|p1a: Mandibuzz|57/100
|
|-damage|p2a: 月爆不疼不要钱|64/100 tox|[from] psn
|upkeep
|turn|8
|
|t:|1664269188
|switch|p2a: 钓鱼不忘戴头盔|Slowbro, M|68/100 tox
|move|p1a: Mandibuzz|Roost|p1a: Mandibuzz
|-heal|p1a: Mandibuzz|100/100
|-singleturn|p1a: Mandibuzz|move: Roost
|
|-damage|p2a: 钓鱼不忘戴头盔|62/100 tox|[from] psn
|upkeep
|turn|9
|
|t:|1664269197
|switch|p1a: Tapu Lele|Tapu Lele|100/100
|-fieldstart|move: Psychic Terrain|[from] ability: Psychic Surge|[of] p1a: Tapu Lele
|move|p2a: 钓鱼不忘戴头盔|Scald|p1a: Tapu Lele
|-damage|p1a: Tapu Lele|74/100
|-status|p1a: Tapu Lele|brn
|
|-damage|p2a: 钓鱼不忘戴头盔|50/100 tox|[from] psn
|-damage|p1a: Tapu Lele|68/100 brn|[from] brn
|upkeep
|turn|10
|j| Kyurem
|
|t:|1664269210
|switch|p2a: 打架不忘戴头盔|Slowking-Galar, M|100/100
|move|p1a: Tapu Lele|Psyshock|p2a: 打架不忘戴头盔
|-damage|p2a: 打架不忘戴头盔|10/100
|
|-damage|p1a: Tapu Lele|61/100 brn|[from] brn
|upkeep
|turn|11
|
|t:|1664269218
|switch|p1a: Heatran|Heatran, M|100/100
|-item|p1a: Heatran|Air Balloon
|switch|p2a: 窗外的麻雀在电线杆上啵嘴|Mandibuzz, F|100/100
|
|upkeep
|turn|12
|
|t:|1664269231
|move|p2a: 窗外的麻雀在电线杆上啵嘴|Foul Play|p1a: Heatran
|-damage|p1a: Heatran|82/100
|-enditem|p1a: Heatran|Air Balloon
|move|p1a: Heatran|Magma Storm|p2a: 窗外的麻雀在电线杆上啵嘴
|-damage|p2a: 窗外的麻雀在电线杆上啵嘴|53/100
|-activate|p2a: 窗外的麻雀在电线杆上啵嘴|move: Magma Storm|[of] p1a: Heatran
|
|-damage|p2a: 窗外的麻雀在电线杆上啵嘴|41/100|[from] move: Magma Storm|[partiallytrapped]
|upkeep
|turn|13
|
|t:|1664269245
|move|p2a: 窗外的麻雀在电线杆上啵嘴|Roost|p2a: 窗外的麻雀在电线杆上啵嘴
|-heal|p2a: 窗外的麻雀在电线杆上啵嘴|91/100
|-singleturn|p2a: 窗外的麻雀在电线杆上啵嘴|move: Roost
|move|p1a: Heatran|Stealth Rock|p2a: 窗外的麻雀在电线杆上啵嘴
|-sidestart|p2: QiYu5|move: Stealth Rock
|
|-damage|p2a: 窗外的麻雀在电线杆上啵嘴|79/100|[from] move: Magma Storm|[partiallytrapped]
|-fieldend|move: Psychic Terrain
|upkeep
|turn|14
|j| Adopted
|
|t:|1664269254
|move|p2a: 窗外的麻雀在电线杆上啵嘴|Defog|p1a: Heatran
|-unboost|p1a: Heatran|evasion|1
|-sideend|p2: QiYu5|Stealth Rock|[from] move: Defog|[of] p2a: 窗外的麻雀在电线杆上啵嘴
|move|p1a: Heatran|Taunt|p2a: 窗外的麻雀在电线杆上啵嘴
|-start|p2a: 窗外的麻雀在电线杆上啵嘴|move: Taunt
|
|-damage|p2a: 窗外的麻雀在电线杆上啵嘴|66/100|[from] move: Magma Storm|[partiallytrapped]
|upkeep
|turn|15
|
|t:|1664269262
|move|p2a: 窗外的麻雀在电线杆上啵嘴|Foul Play|p1a: Heatran
|-damage|p1a: Heatran|63/100
|move|p1a: Heatran|Magma Storm|p2a: 窗外的麻雀在电线杆上啵嘴|[miss]
|-miss|p1a: Heatran|p2a: 窗外的麻雀在电线杆上啵嘴
|
|-damage|p2a: 窗外的麻雀在电线杆上啵嘴|54/100|[from] move: Magma Storm|[partiallytrapped]
|upkeep
|turn|16
|
|t:|1664269271
|move|p2a: 窗外的麻雀在电线杆上啵嘴|Foul Play|p1a: Heatran
|-damage|p1a: Heatran|42/100
|move|p1a: Heatran|Magma Storm|p2a: 窗外的麻雀在电线杆上啵嘴
|-crit|p2a: 窗外的麻雀在电线杆上啵嘴
|-damage|p2a: 窗外的麻雀在电线杆上啵嘴|0 fnt
|faint|p2a: 窗外的麻雀在电线杆上啵嘴
|
|upkeep
|
|t:|1664269274
|switch|p2a: 天空它下着沙 也在笑我太傻|Hippowdon, M|100/100
|-weather|Sandstorm|[from] ability: Sand Stream|[of] p2a: 天空它下着沙 也在笑我太傻
|turn|17
|
|t:|1664269285
|move|p1a: Heatran|Magma Storm|p2a: 天空它下着沙 也在笑我太傻
|-damage|p2a: 天空它下着沙 也在笑我太傻|54/100
|-activate|p2a: 天空它下着沙 也在笑我太傻|move: Magma Storm|[of] p1a: Heatran
|move|p2a: 天空它下着沙 也在笑我太傻|Stealth Rock|p1a: Heatran
|-sidestart|p1: Maitredouard2|move: Stealth Rock
|
|-weather|Sandstorm|[upkeep]
|-heal|p2a: 天空它下着沙 也在笑我太傻|60/100|[from] item: Leftovers
|-damage|p2a: 天空它下着沙 也在笑我太傻|48/100|[from] move: Magma Storm|[partiallytrapped]
|upkeep
|turn|18
|
|t:|1664269294
|move|p1a: Heatran|Taunt|p2a: 天空它下着沙 也在笑我太傻
|-start|p2a: 天空它下着沙 也在笑我太傻|move: Taunt
|move|p2a: 天空它下着沙 也在笑我太傻|Earthquake|p1a: Heatran
|-supereffective|p1a: Heatran
|-damage|p1a: Heatran|0 fnt
|faint|p1a: Heatran
|
|-weather|Sandstorm|[upkeep]
|-heal|p2a: 天空它下着沙 也在笑我太傻|54/100|[from] item: Leftovers
|-end|p2a: 天空它下着沙 也在笑我太傻|Magma Storm|[partiallytrapped]|[silent]
|upkeep
|l| Adopted
|j| chalirge
|
|t:|1664269306
|switch|p1a: Tapu Lele|Tapu Lele|61/100 brn
|-damage|p1a: Tapu Lele|49/100 brn|[from] Stealth Rock
|-fieldstart|move: Psychic Terrain|[from] ability: Psychic Surge|[of] p1a: Tapu Lele
|turn|19
|
|t:|1664269313
|switch|p2a: 钓鱼不忘戴头盔|Slowbro, M|83/100 tox
|move|p1a: Tapu Lele|Moonblast|p2a: 钓鱼不忘戴头盔
|-damage|p2a: 钓鱼不忘戴头盔|18/100 tox
|
|-weather|Sandstorm|[upkeep]
|-damage|p1a: Tapu Lele|43/100 brn|[from] Sandstorm
|-damage|p2a: 钓鱼不忘戴头盔|12/100 tox|[from] Sandstorm
|-damage|p2a: 钓鱼不忘戴头盔|6/100 tox|[from] psn
|-damage|p1a: Tapu Lele|37/100 brn|[from] brn
|upkeep
|turn|20
|l| chalirge
|
|t:|1664269324
|switch|p2a: 我的心脏脉搏为你跳动为你狂|Volcarona, F|100/100
|move|p1a: Tapu Lele|Moonblast|p2a: 我的心脏脉搏为你跳动为你狂
|-resisted|p2a: 我的心脏脉搏为你跳动为你狂
|-damage|p2a: 我的心脏脉搏为你跳动为你狂|70/100
|
|-weather|Sandstorm|[upkeep]
|-damage|p1a: Tapu Lele|31/100 brn|[from] Sandstorm
|-damage|p2a: 我的心脏脉搏为你跳动为你狂|64/100|[from] Sandstorm
|-damage|p1a: Tapu Lele|25/100 brn|[from] brn
|upkeep
|turn|21
|
|t:|1664269335
|switch|p2a: 月爆不疼不要钱|Clefable, M|64/100 tox
|move|p1a: Tapu Lele|Moonblast|p2a: 月爆不疼不要钱
|-damage|p2a: 月爆不疼不要钱|0 fnt
|faint|p2a: 月爆不疼不要钱
|
|-weather|none
|-damage|p1a: Tapu Lele|19/100 brn|[from] brn
|upkeep
|
|t:|1664269337
|switch|p2a: 我的心脏脉搏为你跳动为你狂|Volcarona, F|64/100
|turn|22
|
|t:|1664269347
|move|p1a: Tapu Lele|Moonblast|p2a: 我的心脏脉搏为你跳动为你狂
|-resisted|p2a: 我的心脏脉搏为你跳动为你狂
|-damage|p2a: 我的心脏脉搏为你跳动为你狂|30/100
|move|p2a: 我的心脏脉搏为你跳动为你狂|Quiver Dance|p2a: 我的心脏脉搏为你跳动为你狂
|-boost|p2a: 我的心脏脉搏为你跳动为你狂|spa|1
|-boost|p2a: 我的心脏脉搏为你跳动为你狂|spd|1
|-boost|p2a: 我的心脏脉搏为你跳动为你狂|spe|1
|
|-damage|p1a: Tapu Lele|13/100 brn|[from] brn
|upkeep
|turn|23
|
|t:|1664269356
|move|p2a: 我的心脏脉搏为你跳动为你狂|Quiver Dance|p2a: 我的心脏脉搏为你跳动为你狂
|-boost|p2a: 我的心脏脉搏为你跳动为你狂|spa|1
|-boost|p2a: 我的心脏脉搏为你跳动为你狂|spd|1
|-boost|p2a: 我的心脏脉搏为你跳动为你狂|spe|1
|move|p1a: Tapu Lele|Moonblast|p2a: 我的心脏脉搏为你跳动为你狂
|-resisted|p2a: 我的心脏脉搏为你跳动为你狂
|-damage|p2a: 我的心脏脉搏为你跳动为你狂|14/100
|
|-damage|p1a: Tapu Lele|7/100 brn|[from] brn
|-fieldend|move: Psychic Terrain
|upkeep
|turn|24
|
|t:|1664269366
|move|p2a: 我的心脏脉搏为你跳动为你狂|Roost|p2a: 我的心脏脉搏为你跳动为你狂
|-heal|p2a: 我的心脏脉搏为你跳动为你狂|64/100
|-singleturn|p2a: 我的心脏脉搏为你跳动为你狂|move: Roost
|move|p1a: Tapu Lele|Moonblast|p2a: 我的心脏脉搏为你跳动为你狂
|-resisted|p2a: 我的心脏脉搏为你跳动为你狂
|-damage|p2a: 我的心脏脉搏为你跳动为你狂|48/100
|-unboost|p2a: 我的心脏脉搏为你跳动为你狂|spa|1
|
|-damage|p1a: Tapu Lele|1/100 brn|[from] brn
|upkeep
|turn|25
|
|t:|1664269375
|move|p2a: 我的心脏脉搏为你跳动为你狂|Quiver Dance|p2a: 我的心脏脉搏为你跳动为你狂
|-boost|p2a: 我的心脏脉搏为你跳动为你狂|spa|1
|-boost|p2a: 我的心脏脉搏为你跳动为你狂|spd|1
|-boost|p2a: 我的心脏脉搏为你跳动为你狂|spe|1
|move|p1a: Tapu Lele|Moonblast|p2a: 我的心脏脉搏为你跳动为你狂
|-resisted|p2a: 我的心脏脉搏为你跳动为你狂
|-damage|p2a: 我的心脏脉搏为你跳动为你狂|35/100
|
|-damage|p1a: Tapu Lele|0 fnt|[from] brn
|faint|p1a: Tapu Lele
|upkeep
|
|t:|1664269385
|switch|p1a: Blissey|Blissey, F|100/100
|turn|26
|j| midsummer page
|
|t:|1664269391
|move|p2a: 我的心脏脉搏为你跳动为你狂|Roost|p2a: 我的心脏脉搏为你跳动为你狂
|-heal|p2a: 我的心脏脉搏为你跳动为你狂|85/100
|-singleturn|p2a: 我的心脏脉搏为你跳动为你狂|move: Roost
|move|p1a: Blissey|Toxic|p2a: 我的心脏脉搏为你跳动为你狂
|-status|p2a: 我的心脏脉搏为你跳动为你狂|tox
|
|-damage|p2a: 我的心脏脉搏为你跳动为你狂|79/100 tox|[from] psn
|upkeep
|turn|27
|
|t:|1664269400
|move|p2a: 我的心脏脉搏为你跳动为你狂|Fiery Dance|p1a: Blissey
|-damage|p1a: Blissey|76/100
|-boost|p2a: 我的心脏脉搏为你跳动为你狂|spa|1
|move|p1a: Blissey|Seismic Toss|p2a: 我的心脏脉搏为你跳动为你狂
|-damage|p2a: 我的心脏脉搏为你跳动为你狂|52/100 tox
|-status|p1a: Blissey|brn|[from] ability: Flame Body|[of] p2a: 我的心脏脉搏为你跳动为你狂
|
|-damage|p2a: 我的心脏脉搏为你跳动为你狂|39/100 tox|[from] psn
|-damage|p1a: Blissey|70/100 brn|[from] brn
|upkeep
|turn|28
|j| wiiimicks
|
|t:|1664269412
|move|p2a: 我的心脏脉搏为你跳动为你狂|Roost|p2a: 我的心脏脉搏为你跳动为你狂
|-heal|p2a: 我的心脏脉搏为你跳动为你狂|90/100 tox
|-singleturn|p2a: 我的心脏脉搏为你跳动为你狂|move: Roost
|move|p1a: Blissey|Teleport|p1a: Blissey
|
|t:|1664269416
|-curestatus|p1a: Blissey|brn|[from] ability: Natural Cure
|switch|p1a: Toxapex|Toxapex, M|100/100|[from]move: Teleport
|-damage|p1a: Toxapex|88/100|[from] Stealth Rock
|
|-damage|p2a: 我的心脏脉搏为你跳动为你狂|71/100 tox|[from] psn
|upkeep
|turn|29
|
|t:|1664269424
|switch|p2a: 钓鱼不忘戴头盔|Slowbro, M|39/100 tox
|move|p1a: Toxapex|Haze|p1a: Toxapex
|-clearallboost
|
|-damage|p2a: 钓鱼不忘戴头盔|33/100 tox|[from] psn
|upkeep
|turn|30
|
|t:|1664269434
|switch|p1a: Landorus|Landorus-Therian, M|100/100
|-damage|p1a: Landorus|88/100|[from] Stealth Rock
|-ability|p1a: Landorus|Intimidate|boost
|-unboost|p2a: 钓鱼不忘戴头盔|atk|1
|move|p2a: 钓鱼不忘戴头盔|Slack Off|p2a: 钓鱼不忘戴头盔
|-heal|p2a: 钓鱼不忘戴头盔|83/100 tox
|
|-damage|p2a: 钓鱼不忘戴头盔|71/100 tox|[from] psn
|upkeep
|turn|31
|
|t:|1664269444
|move|p1a: Landorus|Knock Off|p2a: 钓鱼不忘戴头盔
|-supereffective|p2a: 钓鱼不忘戴头盔
|-damage|p2a: 钓鱼不忘戴头盔|22/100 tox
|-damage|p1a: Landorus|71/100|[from] item: Rocky Helmet|[of] p2a: 钓鱼不忘戴头盔
|-enditem|p2a: 钓鱼不忘戴头盔|Rocky Helmet|[from] move: Knock Off|[of] p1a: Landorus
|move|p2a: 钓鱼不忘戴头盔|Teleport|p2a: 钓鱼不忘戴头盔
|
|t:|1664269449
|switch|p2a: 天空它下着沙 也在笑我太傻|Hippowdon, M|54/100|[from]move: Teleport
|-weather|Sandstorm|[from] ability: Sand Stream|[of] p2a: 天空它下着沙 也在笑我太傻
|
|-weather|Sandstorm|[upkeep]
|-heal|p2a: 天空它下着沙 也在笑我太傻|60/100|[from] item: Leftovers
|upkeep
|turn|32
|
|t:|1664269457
|move|p1a: Landorus|Knock Off|p2a: 天空它下着沙 也在笑我太傻
|-crit|p2a: 天空它下着沙 也在笑我太傻
|-damage|p2a: 天空它下着沙 也在笑我太傻|22/100
|-enditem|p2a: 天空它下着沙 也在笑我太傻|Leftovers|[from] move: Knock Off|[of] p1a: Landorus
|move|p2a: 天空它下着沙 也在笑我太傻|Slack Off|p2a: 天空它下着沙 也在笑我太傻
|-heal|p2a: 天空它下着沙 也在笑我太傻|72/100
|
|-weather|Sandstorm|[upkeep]
|upkeep
|turn|33
|j| Ctannn
|inactive|QiYu5 has 120 seconds left.
|j| No Nice Names Left
|
|t:|1664269495
|switch|p1a: Toxapex|Toxapex, M|100/100
|-damage|p1a: Toxapex|88/100|[from] Stealth Rock
|move|p2a: 天空它下着沙 也在笑我太傻|Toxic|p1a: Toxapex
|-immune|p1a: Toxapex
|
|-weather|Sandstorm|[upkeep]
|-damage|p1a: Toxapex|82/100|[from] Sandstorm
|upkeep
|turn|34
|l| midsummer page
|
|t:|1664269520
|move|p2a: 天空它下着沙 也在笑我太傻|Toxic|p1a: Toxapex
|-immune|p1a: Toxapex
|move|p1a: Toxapex|Toxic|p2a: 天空它下着沙 也在笑我太傻
|-status|p2a: 天空它下着沙 也在笑我太傻|tox
|
|-weather|Sandstorm|[upkeep]
|-damage|p1a: Toxapex|75/100|[from] Sandstorm
|-damage|p2a: 天空它下着沙 也在笑我太傻|66/100 tox|[from] psn
|upkeep
|turn|35
|
|t:|1664269529
|move|p2a: 天空它下着沙 也在笑我太傻|Slack Off|p2a: 天空它下着沙 也在笑我太傻
|-heal|p2a: 天空它下着沙 也在笑我太傻|100/100 tox
|move|p1a: Toxapex|Scald|p2a: 天空它下着沙 也在笑我太傻
|-supereffective|p2a: 天空它下着沙 也在笑我太傻
|-damage|p2a: 天空它下着沙 也在笑我太傻|73/100 tox
|
|-weather|none
|-damage|p2a: 天空它下着沙 也在笑我太傻|61/100 tox|[from] psn
|upkeep
|turn|36
|
|t:|1664269539
|switch|p2a: 打架不忘戴头盔|Slowking-Galar, M|43/100
|move|p1a: Toxapex|Scald|p2a: 打架不忘戴头盔
|-damage|p2a: 打架不忘戴头盔|35/100
|
|upkeep
|turn|37
|j| Ran Kob
|
|t:|1664269547
|move|p1a: Toxapex|Scald|p2a: 打架不忘戴头盔
|-damage|p2a: 打架不忘戴头盔|27/100
|move|p2a: 打架不忘戴头盔|Future Sight|p1a: Toxapex
|-start|p2a: 打架不忘戴头盔|move: Future Sight
|
|upkeep
|turn|38
|
|t:|1664269553
|switch|p2a: 钓鱼不忘戴头盔|Slowbro, M|56/100 tox
|move|p1a: Toxapex|Scald|p2a: 钓鱼不忘戴头盔
|-resisted|p2a: 钓鱼不忘戴头盔
|-damage|p2a: 钓鱼不忘戴头盔|48/100 tox
|
|-damage|p2a: 钓鱼不忘戴头盔|42/100 tox|[from] psn
|upkeep
|turn|39
|
|t:|1664269561
|move|p1a: Toxapex|Scald|p2a: 钓鱼不忘戴头盔
|-resisted|p2a: 钓鱼不忘戴头盔
|-damage|p2a: 钓鱼不忘戴头盔|34/100 tox
|move|p2a: 钓鱼不忘戴头盔|Teleport|p2a: 钓鱼不忘戴头盔
|
|t:|1664269564
|switch|p2a: 天空它下着沙 也在笑我太傻|Hippowdon, M|61/100 tox|[from]move: Teleport
|-weather|Sandstorm|[from] ability: Sand Stream|[of] p2a: 天空它下着沙 也在笑我太傻
|
|-weather|Sandstorm|[upkeep]
|-damage|p1a: Toxapex|69/100|[from] Sandstorm
|-end|p1a: Toxapex|move: Future Sight
|-supereffective|p1a: Toxapex
|-damage|p1a: Toxapex|0 fnt
|faint|p1a: Toxapex
|-damage|p2a: 天空它下着沙 也在笑我太傻|55/100 tox|[from] psn
|upkeep
|
|t:|1664269577
|switch|p1a: Mandibuzz|Mandibuzz, F|100/100
|-damage|p1a: Mandibuzz|75/100|[from] Stealth Rock
|turn|40
|
|t:|1664269581
|switch|p2a: 打架不忘戴头盔|Slowking-Galar, M|60/100
|move|p1a: Mandibuzz|Taunt|p2a: 打架不忘戴头盔
|-start|p2a: 打架不忘戴头盔|move: Taunt
|
|-weather|Sandstorm|[upkeep]
|-damage|p2a: 打架不忘戴头盔|54/100|[from] Sandstorm
|upkeep
|turn|41
|
|t:|1664269589
|move|p1a: Mandibuzz|Foul Play|p2a: 打架不忘戴头盔
|-supereffective|p2a: 打架不忘戴头盔
|-damage|p2a: 打架不忘戴头盔|4/100
|move|p2a: 打架不忘戴头盔|Ice Beam|p1a: Mandibuzz
|-supereffective|p1a: Mandibuzz
|-damage|p1a: Mandibuzz|42/100
|
|-weather|Sandstorm|[upkeep]
|-damage|p2a: 打架不忘戴头盔|0 fnt|[from] Sandstorm
|faint|p2a: 打架不忘戴头盔
|upkeep
|l| Ran Kob
|
|t:|1664269608
|switch|p2a: 我的心脏脉搏为你跳动为你狂|Volcarona, F|71/100 tox
|turn|42
|
|t:|1664269613
|move|p2a: 我的心脏脉搏为你跳动为你狂|Fiery Dance|p1a: Mandibuzz
|-damage|p1a: Mandibuzz|17/100
|-boost|p2a: 我的心脏脉搏为你跳动为你狂|spa|1
|move|p1a: Mandibuzz|Roost|p1a: Mandibuzz
|-heal|p1a: Mandibuzz|67/100
|-singleturn|p1a: Mandibuzz|move: Roost
|
|-weather|Sandstorm|[upkeep]
|-damage|p2a: 我的心脏脉搏为你跳动为你狂|65/100 tox|[from] Sandstorm
|-damage|p2a: 我的心脏脉搏为你跳动为你狂|59/100 tox|[from] psn
|upkeep
|turn|43
|
|t:|1664269626
|switch|p1a: Blissey|Blissey, F|70/100
|move|p2a: 我的心脏脉搏为你跳动为你狂|Fiery Dance|p1a: Blissey
|-damage|p1a: Blissey|50/100
|-boost|p2a: 我的心脏脉搏为你跳动为你狂|spa|1
|
|-weather|none
|-damage|p2a: 我的心脏脉搏为你跳动为你狂|46/100 tox|[from] psn
|upkeep
|turn|44
|
|t:|1664269636
|switch|p2a: 天空它下着沙 也在笑我太傻|Hippowdon, M|55/100 tox
|-weather|Sandstorm|[from] ability: Sand Stream|[of] p2a: 天空它下着沙 也在笑我太傻
|move|p1a: Blissey|Soft-Boiled|p1a: Blissey
|-heal|p1a: Blissey|100/100
|
|-weather|Sandstorm|[upkeep]
|-damage|p1a: Blissey|94/100|[from] Sandstorm
|-damage|p2a: 天空它下着沙 也在笑我太傻|49/100 tox|[from] psn
|upkeep
|turn|45
|-message|QiYu5 forfeited.
|
|win|Maitredouard2
|raw|Maitredouard2's rating: 1668 &rarr; <strong>1694</strong><br />(+26 for winning)
|raw|QiYu5's rating: 1775 &rarr; <strong>1749</strong><br />(-26 for losing)
|l|☆QiYu5
|l|‽Maitredouard2
||Ladder isn't responding, score probably updated but might not have (Request timeout).
|l| Ctannn
