|raw|<div class="broadcast-blue"><strong>This battle is required to be public due to a player having a name starting with 'LT73IU'.</div>
|j|☆ezwz
|j|☆LT73IU ARAVEX
|t:|1598452476
|player|p1|ezwz|youngster-gen4|1935
|player|p2|LT73IU ARAVEX|marley|1799
|teamsize|p1|6
|teamsize|p2|6
|gametype|singles
|gen|8
|tier|[Gen 8] OU
|rated|
|clearpoke
|poke|p1|Excadrill, F|
|poke|p1|Ferrothorn, M|
|poke|p1|Volcarona, F|
|poke|p1|Primarina, F|
|poke|p1|Clefable, M|
|poke|p1|Hydreigon, F|
|poke|p2|Mew|
|poke|p2|Rillaboom, M|
|poke|p2|Diggersby, M|
|poke|p2|Dragapult, F|
|poke|p2|Azumarill, F|
|poke|p2|Zeraora|
|rule|Sleep Clause Mod: Limit one foe put to sleep
|rule|Species Clause: Limit one of each Pokémon
|rule|OHKO Clause: OHKO moves are banned
|rule|Evasion Moves Clause: Evasion moves are banned
|rule|Endless Battle Clause: Forcing endless battles is banned
|rule|HP Percentage Mod: HP is shown in percentages
|rule|Dynamax Clause: You cannot dynamax
|teampreview
|inactive|Battle timer is ON: inactive players will automatically lose when time's up. (requested by LT73IU ARAVEX)
|j| Livio ElTito
|
|t:|1598452511
|start
|switch|p1a: Excadrill|Excadrill, F|100/100
|switch|p2a: Mew|Mew|100/100
|-ability|p1a: Excadrill|Mold Breaker
|turn|1
|
|t:|1598452516
|move|p2a: Mew|Taunt|p1a: Excadrill
|-start|p1a: Excadrill|move: Taunt
|move|p1a: Excadrill|Rapid Spin|p2a: Mew
|-damage|p2a: Mew|89/100
|-boost|p1a: Excadrill|spe|1
|
|upkeep
|turn|2
|
|t:|1598452521
|move|p1a: Excadrill|Iron Head|p2a: Mew
|-damage|p2a: Mew|58/100
|move|p2a: Mew|Stealth Rock|p1a: Excadrill
|-sidestart|p1: ezwz|move: Stealth Rock
|
|upkeep
|turn|3
|
|t:|1598452527
|switch|p2a: Dragapult|Dragapult, F|100/100
|move|p1a: Excadrill|Earthquake|p2a: Dragapult
|-damage|p2a: Dragapult|44/100
|
|-end|p1a: Excadrill|move: Taunt
|upkeep
|turn|4
|
|t:|1598452534
|switch|p2a: Mew|Mew|58/100
|move|p1a: Excadrill|Stealth Rock|p2a: Mew
|-sidestart|p2: LT73IU ARAVEX|move: Stealth Rock
|
|upkeep
|turn|5
|
|t:|1598452545
|move|p1a: Excadrill|Rapid Spin|p2a: Mew
|-damage|p2a: Mew|46/100
|-boost|p1a: Excadrill|spe|1
|-sideend|p1: ezwz|Stealth Rock|[from] move: Rapid Spin|[of] p1a: Excadrill
|move|p2a: Mew|Stealth Rock|p1a: Excadrill
|-sidestart|p1: ezwz|move: Stealth Rock
|
|upkeep
|turn|6
|
|t:|1598452550
|move|p1a: Excadrill|Rapid Spin|p2a: Mew
|-damage|p2a: Mew|33/100
|-boost|p1a: Excadrill|spe|1
|-sideend|p1: ezwz|Stealth Rock|[from] move: Rapid Spin|[of] p1a: Excadrill
|move|p2a: Mew|Stealth Rock|p1a: Excadrill
|-sidestart|p1: ezwz|move: Stealth Rock
|
|upkeep
|turn|7
|
|t:|1598452554
|move|p1a: Excadrill|Rapid Spin|p2a: Mew
|-damage|p2a: Mew|21/100
|-boost|p1a: Excadrill|spe|1
|-sideend|p1: ezwz|Stealth Rock|[from] move: Rapid Spin|[of] p1a: Excadrill
|move|p2a: Mew|Stealth Rock|p1a: Excadrill
|-sidestart|p1: ezwz|move: Stealth Rock
|
|upkeep
|turn|8
|
|t:|1598452560
|move|p1a: Excadrill|Rapid Spin|p2a: Mew
|-damage|p2a: Mew|8/100
|-boost|p1a: Excadrill|spe|1
|-sideend|p1: ezwz|Stealth Rock|[from] move: Rapid Spin|[of] p1a: Excadrill
|move|p2a: Mew|Stealth Rock|p1a: Excadrill
|-sidestart|p1: ezwz|move: Stealth Rock
|
|upkeep
|turn|9
|
|t:|1598452566
|switch|p2a: Dragapult|Dragapult, F|44/100
|-damage|p2a: Dragapult|31/100|[from] Stealth Rock
|move|p1a: Excadrill|Rapid Spin|p2a: Dragapult
|-immune|p2a: Dragapult
|
|upkeep
|turn|10
|
|t:|1598452572
|switch|p2a: Mew|Mew|8/100
|-damage|p2a: Mew|0 fnt|[from] Stealth Rock
|faint|p2a: Mew
|move|p1a: Excadrill|Iron Head|p2: Mew|[notarget]
|-fail|p1a: Excadrill
|
|upkeep
|
|t:|1598452578
|switch|p2a: Rillaboom|Rillaboom, M|100/100
|-damage|p2a: Rillaboom|88/100|[from] Stealth Rock
|-fieldstart|move: Grassy Terrain|[from] ability: Grassy Surge|[of] p2a: Rillaboom
|-enditem|p2a: Rillaboom|Grassy Seed
|-boost|p2a: Rillaboom|def|1|[from] item: Grassy Seed
|turn|11
|
|t:|1598452605
|move|p1a: Excadrill|Rapid Spin|p2a: Rillaboom
|-damage|p2a: Rillaboom|78/100
|-boost|p1a: Excadrill|spe|1
|-sideend|p1: ezwz|Stealth Rock|[from] move: Rapid Spin|[of] p1a: Excadrill
|move|p2a: Rillaboom|Acrobatics|p1a: Excadrill
|-resisted|p1a: Excadrill
|-damage|p1a: Excadrill|74/100
|
|-heal|p1a: Excadrill|80/100|[from] item: Leftovers
|-heal|p1a: Excadrill|86/100|[from] Grassy Terrain
|-heal|p2a: Rillaboom|84/100|[from] Grassy Terrain
|upkeep
|turn|12
|inactive|ezwz has 120 seconds left.
|inactive|ezwz has 90 seconds left.
|
|t:|1598452662
|move|p1a: Excadrill|Iron Head|p2a: Rillaboom
|-damage|p2a: Rillaboom|59/100
|move|p2a: Rillaboom|Swords Dance|p2a: Rillaboom
|-boost|p2a: Rillaboom|atk|2
|
|-heal|p1a: Excadrill|92/100|[from] item: Leftovers
|-heal|p1a: Excadrill|98/100|[from] Grassy Terrain
|-heal|p2a: Rillaboom|65/100|[from] Grassy Terrain
|upkeep
|turn|13
|inactive|ezwz has 90 seconds left.
|j| lt73iu leo
|
|t:|1598452674
|move|p2a: Rillaboom|Grassy Glide|p1a: Excadrill
|-damage|p1a: Excadrill|0 fnt
|faint|p1a: Excadrill
|
|-heal|p2a: Rillaboom|71/100|[from] Grassy Terrain
|upkeep
|
|t:|1598452677
|switch|p1a: Volcarona|Volcarona, F|100/100
|turn|14
|
|t:|1598452682
|switch|p2a: Azumarill|Azumarill, F|100/100
|-damage|p2a: Azumarill|88/100|[from] Stealth Rock
|move|p1a: Volcarona|Flamethrower|p2a: Azumarill
|-resisted|p2a: Azumarill
|-damage|p2a: Azumarill|62/100
|
|-heal|p2a: Azumarill|68/100|[from] Grassy Terrain
|upkeep
|turn|15
|
|t:|1598452698
|switch|p1a: Hydreigon|Hydreigon, F|100/100
|move|p2a: Azumarill|Play Rough|p1a: Hydreigon
|-supereffective|p1a: Hydreigon
|-damage|p1a: Hydreigon|0 fnt
|faint|p1a: Hydreigon
|
|-heal|p2a: Azumarill|74/100|[from] Grassy Terrain
|-fieldend|move: Grassy Terrain
|upkeep
|
|t:|1598452704
|switch|p1a: Ferrothorn|Ferrothorn, M|100/100
|turn|16
|
|t:|1598452721
|switch|p2a: Rillaboom|Rillaboom, M|71/100
|-damage|p2a: Rillaboom|59/100|[from] Stealth Rock
|-fieldstart|move: Grassy Terrain|[from] ability: Grassy Surge|[of] p2a: Rillaboom
|move|p1a: Ferrothorn|Spikes|p2a: Rillaboom
|-sidestart|p2: LT73IU ARAVEX|Spikes
|
|-heal|p2a: Rillaboom|65/100|[from] Grassy Terrain
|upkeep
|turn|17
|inactive|ezwz has 120 seconds left.
|
|t:|1598452731
|switch|p1a: Volcarona|Volcarona, F|100/100
|move|p2a: Rillaboom|Swords Dance|p2a: Rillaboom
|-boost|p2a: Rillaboom|atk|2
|
|-heal|p2a: Rillaboom|71/100|[from] Grassy Terrain
|upkeep
|turn|18
|
|t:|1598452740
|move|p2a: Rillaboom|Grassy Glide|p1a: Volcarona
|-resisted|p1a: Volcarona
|-damage|p1a: Volcarona|74/100
|move|p1a: Volcarona|Flamethrower|p2a: Rillaboom
|-supereffective|p2a: Rillaboom
|-damage|p2a: Rillaboom|0 fnt
|faint|p2a: Rillaboom
|
|-heal|p1a: Volcarona|80/100|[from] Grassy Terrain
|upkeep
|
|t:|1598452745
|switch|p2a: Dragapult|Dragapult, F|31/100
|-damage|p2a: Dragapult|19/100|[from] Stealth Rock
|-damage|p2a: Dragapult|7/100|[from] Spikes
|turn|19
|
|t:|1598452752
|switch|p1a: Ferrothorn|Ferrothorn, M|100/100
|move|p2a: Dragapult|Dragon Darts|p1a: Ferrothorn
|-resisted|p1a: Ferrothorn
|-damage|p1a: Ferrothorn|91/100
|-anim|p2a: Dragapult|Dragon Darts|p1a: Ferrothorn
|-resisted|p1a: Ferrothorn
|-damage|p1a: Ferrothorn|80/100
|-damage|p2a: Dragapult|0 fnt|[from] item: Life Orb
|faint|p2a: Dragapult
|
|-heal|p1a: Ferrothorn|87/100|[from] item: Leftovers
|-heal|p1a: Ferrothorn|93/100|[from] Grassy Terrain
|upkeep
|
|t:|1598452756
|switch|p2a: Diggersby|Diggersby, M|100/100
|-damage|p2a: Diggersby|88/100|[from] Spikes
|-damage|p2a: Diggersby|82/100|[from] Stealth Rock
|turn|20
|
|t:|1598452758
|move|p2a: Diggersby|Fire Punch|p1a: Ferrothorn
|-supereffective|p1a: Ferrothorn
|-damage|p1a: Ferrothorn|0 fnt
|-damage|p2a: Diggersby|70/100|[from] ability: Iron Barbs|[of] p1a: Ferrothorn
|-damage|p2a: Diggersby|60/100|[from] item: Life Orb
|faint|p1a: Ferrothorn
|
|-heal|p2a: Diggersby|66/100|[from] Grassy Terrain
|-fieldend|move: Grassy Terrain
|upkeep
|
|t:|1598452778
|switch|p1a: Primarina|Primarina, F|100/100
|turn|21
|
|t:|1598452793
|move|p2a: Diggersby|Mega Kick|p1a: Primarina
|-damage|p1a: Primarina|12/100
|-damage|p2a: Diggersby|56/100|[from] item: Life Orb
|move|p1a: Primarina|Scald|p2a: Diggersby
|-supereffective|p2a: Diggersby
|-damage|p2a: Diggersby|0 fnt
|faint|p2a: Diggersby
|
|-heal|p1a: Primarina|18/100|[from] item: Leftovers
|upkeep
|
|t:|1598452804
|switch|p2a: Zeraora|Zeraora|100/100
|turn|22
|
|t:|1598452818
|move|p2a: Zeraora|Plasma Fists|p1a: Primarina
|-supereffective|p1a: Primarina
|-damage|p1a: Primarina|0 fnt
|-fieldactivate|move: Ion Deluge
|faint|p1a: Primarina
|
|upkeep
|
|t:|1598452819
|switch|p1a: Clefable|Clefable, M|100/100
|turn|23
|
|t:|1598452827
|move|p2a: Zeraora|Bulk Up|p2a: Zeraora
|-boost|p2a: Zeraora|atk|1
|-boost|p2a: Zeraora|def|1
|move|p1a: Clefable|Calm Mind|p1a: Clefable
|-boost|p1a: Clefable|spa|1
|-boost|p1a: Clefable|spd|1
|
|upkeep
|turn|24
|
|t:|1598452832
|move|p2a: Zeraora|Plasma Fists|p1a: Clefable
|-damage|p1a: Clefable|49/100
|-fieldactivate|move: Ion Deluge
|move|p1a: Clefable|Trick|p2a: Zeraora
|-activate|p1a: Clefable|move: Trick|[of] p2a: Zeraora
|-item|p2a: Zeraora|Sticky Barb|[from] move: Trick
|-item|p1a: Clefable|Heavy-Duty Boots|[from] move: Trick
|
|-damage|p2a: Zeraora|88/100|[from] item: Sticky Barb
|upkeep
|turn|25
|c|☆ezwz|oh
|c|☆LT73IU ARAVEX|gg
|inactive|ezwz has 120 seconds left.
|c|☆LT73IU ARAVEX|ig
|
|t:|1598452869
|switch|p1a: Volcarona|Volcarona, F|80/100
|move|p2a: Zeraora|Plasma Fists|p1a: Volcarona
|-damage|p1a: Volcarona|6/100
|-fieldactivate|move: Ion Deluge
|
|-damage|p2a: Zeraora|76/100|[from] item: Sticky Barb
|upkeep
|turn|26
|inactive|ezwz has 120 seconds left.
|c|☆ezwz|ye
|
|t:|1598452887
|move|p2a: Zeraora|Plasma Fists|p1a: Volcarona
|-crit|p1a: Volcarona
|-damage|p1a: Volcarona|0 fnt
|-fieldactivate|move: Ion Deluge
|faint|p1a: Volcarona
|
|-damage|p2a: Zeraora|64/100|[from] item: Sticky Barb
|upkeep
|
|t:|1598452890
|switch|p1a: Clefable|Clefable, M|49/100
|turn|27
|-message|ezwz forfeited.
|
|win|LT73IU ARAVEX
|l|☆ezwz
|c|☆LT73IU ARAVEX|phew
|l|☆LT73IU ARAVEX
|raw|ezwz's rating: 1936 &rarr; <strong>1908</strong><br />(-28 for losing)
|raw|LT73IU ARAVEX's rating: 1785 &rarr; <strong>1813</strong><br />(+28 for winning)
|l| lt73iu leo
