|j|☆shiawasenostory
|j|☆NoHattChallenge
|t:|1663448230
|gametype|singles
|player|p1|shiawasenostory|169|1628
|player|p2|NoHattChallenge|bede|1772
|teamsize|p1|6
|teamsize|p2|6
|gen|8
|tier|[Gen 8] OU
|rated|
|rule|Sleep Clause Mod: Limit one foe put to sleep
|rule|Species Clause: Limit one of each Pokémon
|rule|OHKO Clause: OHKO moves are banned
|rule|Evasion Items Clause: Evasion items are banned
|rule|Evasion Moves Clause: Evasion moves are banned
|rule|Endless Battle Clause: Forcing endless battles is banned
|rule|HP Percentage Mod: HP is shown in percentages
|rule|Dynamax Clause: You cannot dynamax
|clearpoke
|poke|p1|Rillaboom, F|
|poke|p1|Tornadus-Therian, M|
|poke|p1|Blaziken, M|
|poke|p1|Melmetal|
|poke|p1|Garchomp, M|
|poke|p1|Slowbro, F|
|poke|p2|Hatterene, F|
|poke|p2|Melmetal|
|poke|p2|Porygon2|
|poke|p2|Marowak-Alola, F|
|poke|p2|Slowbro, F|
|poke|p2|Crawdaunt, F|
|teampreview
|
|t:|1663448246
|start
|switch|p1a: Melmetal|Melmetal|100/100
|switch|p2a: Slowbro|Slowbro, F|100/100
|turn|1
|
|t:|1663448251
|switch|p1a: Rillaboom|Rillaboom, F|100/100
|-fieldstart|move: Grassy Terrain|[from] ability: Grassy Surge|[of] p1a: Rillaboom
|move|p2a: Slowbro|Trick Room|p2a: Slowbro
|-fieldstart|move: Trick Room|[of] p2a: Slowbro
|
|upkeep
|turn|2
|j| KappaHalo
|
|t:|1663448265
|switch|p2a: Melmetal|Melmetal|100/100
|switch|p1a: Garchomp|Garchomp, M|100/100
|
|upkeep
|turn|3
|
|t:|1663448271
|move|p1a: Garchomp|Protect|p1a: Garchomp
|-singleturn|p1a: Garchomp|Protect
|move|p2a: Melmetal|Double Iron Bash|p1a: Garchomp
|-activate|p1a: Garchomp|move: Protect
|
|upkeep
|turn|4
|
|t:|1663448275
|switch|p2a: Crawdaunt|Crawdaunt, F|100/100
|switch|p1a: Slowbro|Slowbro, F|100/100
|
|upkeep
|turn|5
|
|t:|1663448284
|switch|p1a: Blaziken|Blaziken, M|100/100
|move|p2a: Crawdaunt|Knock Off|p1a: Blaziken
|-resisted|p1a: Blaziken
|-damage|p1a: Blaziken|41/100
|-enditem|p1a: Blaziken|Leftovers|[from] move: Knock Off|[of] p2a: Crawdaunt
|-damage|p2a: Crawdaunt|91/100|[from] item: Life Orb
|
|-heal|p2a: Crawdaunt|97/100|[from] Grassy Terrain
|-heal|p1a: Blaziken|48/100|[from] Grassy Terrain
|-fieldend|move: Trick Room
|-fieldend|move: Grassy Terrain
|upkeep
|turn|6
|
|t:|1663448287
|switch|p1a: Rillaboom|Rillaboom, F|100/100
|-fieldstart|move: Grassy Terrain|[from] ability: Grassy Surge|[of] p1a: Rillaboom
|move|p2a: Crawdaunt|Aqua Jet|p1a: Rillaboom
|-resisted|p1a: Rillaboom
|-damage|p1a: Rillaboom|84/100
|-damage|p2a: Crawdaunt|87/100|[from] item: Life Orb
|
|-heal|p1a: Rillaboom|90/100|[from] Grassy Terrain
|-heal|p1a: Rillaboom|96/100|[from] item: Leftovers
|-heal|p2a: Crawdaunt|93/100|[from] Grassy Terrain
|upkeep
|turn|7
|
|t:|1663448293
|switch|p2a: Melmetal|Melmetal|100/100
|move|p1a: Rillaboom|Swords Dance|p1a: Rillaboom
|-boost|p1a: Rillaboom|atk|2
|
|-heal|p1a: Rillaboom|100/100|[from] Grassy Terrain
|upkeep
|turn|8
|
|t:|1663448299
|move|p1a: Rillaboom|Knock Off|p2a: Melmetal
|-damage|p2a: Melmetal|56/100
|-enditem|p2a: Melmetal|Life Orb|[from] move: Knock Off|[of] p1a: Rillaboom
|move|p2a: Melmetal|Double Iron Bash|p1a: Rillaboom
|-damage|p1a: Rillaboom|62/100
|-damage|p1a: Rillaboom|20/100
|-hitcount|p1a: Rillaboom|2
|
|-heal|p1a: Rillaboom|26/100|[from] Grassy Terrain
|-heal|p1a: Rillaboom|33/100|[from] item: Leftovers
|-heal|p2a: Melmetal|62/100|[from] Grassy Terrain
|upkeep
|turn|9
|
|t:|1663448302
|switch|p2a: Slowbro|Slowbro, F|100/100
|move|p1a: Rillaboom|Drain Punch|p2a: Slowbro
|-resisted|p2a: Slowbro
|-damage|p2a: Slowbro|83/100
|-heal|p1a: Rillaboom|41/100|[from] drain|[of] p2a: Slowbro
|-damage|p1a: Rillaboom|25/100|[from] item: Rocky Helmet|[of] p2a: Slowbro
|
|-heal|p1a: Rillaboom|31/100|[from] Grassy Terrain
|-heal|p1a: Rillaboom|37/100|[from] item: Leftovers
|-heal|p2a: Slowbro|90/100|[from] Grassy Terrain
|upkeep
|turn|10
|
|t:|1663448315
|switch|p2a: Melmetal|Melmetal|62/100
|move|p1a: Rillaboom|Grassy Glide|p2a: Melmetal
|-resisted|p2a: Melmetal
|-damage|p2a: Melmetal|33/100
|
|-heal|p1a: Rillaboom|43/100|[from] Grassy Terrain
|-heal|p1a: Rillaboom|50/100|[from] item: Leftovers
|-heal|p2a: Melmetal|39/100|[from] Grassy Terrain
|-fieldend|move: Grassy Terrain
|upkeep
|turn|11
|
|t:|1663448318
|move|p1a: Rillaboom|Drain Punch|p2a: Melmetal
|-supereffective|p2a: Melmetal
|-damage|p2a: Melmetal|0 fnt
|-heal|p1a: Rillaboom|70/100|[from] drain|[of] p2a: Melmetal
|faint|p2a: Melmetal
|
|-heal|p1a: Rillaboom|76/100|[from] item: Leftovers
|upkeep
|
|t:|1663448322
|switch|p2a: Hatterene|Hatterene, F|100/100
|turn|12
|
|t:|1663448329
|move|p1a: Rillaboom|Knock Off|p2a: Hatterene
|-damage|p2a: Hatterene|45/100
|-enditem|p2a: Hatterene|Focus Sash|[from] move: Knock Off|[of] p1a: Rillaboom
|move|p2a: Hatterene|Trick Room|p2a: Hatterene
|-fieldstart|move: Trick Room|[of] p2a: Hatterene
|
|-heal|p1a: Rillaboom|82/100|[from] item: Leftovers
|upkeep
|turn|13
|
|t:|1663448334
|move|p2a: Hatterene|Misty Explosion|p1a: Rillaboom
|-damage|p1a: Rillaboom|31/100
|faint|p2a: Hatterene
|move|p1a: Rillaboom|Grassy Glide|p2: Hatterene|[notarget]
|-fail|p1a: Rillaboom
|
|-heal|p1a: Rillaboom|37/100|[from] item: Leftovers
|upkeep
|
|t:|1663448338
|switch|p2a: Crawdaunt|Crawdaunt, F|93/100
|turn|14
|
|t:|1663448342
|switch|p1a: Blaziken|Blaziken, M|48/100
|move|p2a: Crawdaunt|Knock Off|p1a: Blaziken
|-resisted|p1a: Blaziken
|-damage|p1a: Blaziken|4/100
|-damage|p2a: Crawdaunt|83/100|[from] item: Life Orb
|
|upkeep
|turn|15
|
|t:|1663448346
|move|p1a: Blaziken|Protect|p1a: Blaziken
|-singleturn|p1a: Blaziken|Protect
|move|p2a: Crawdaunt|Knock Off|p1a: Blaziken
|-activate|p1a: Blaziken|move: Protect
|
|-ability|p1a: Blaziken|Speed Boost|boost
|-boost|p1a: Blaziken|spe|1
|upkeep
|turn|16
|
|t:|1663448349
|move|p2a: Crawdaunt|Knock Off|p1a: Blaziken
|-resisted|p1a: Blaziken
|-damage|p1a: Blaziken|0 fnt
|faint|p1a: Blaziken
|-damage|p2a: Crawdaunt|74/100|[from] item: Life Orb
|
|-fieldend|move: Trick Room
|upkeep
|
|t:|1663448351
|switch|p1a: Rillaboom|Rillaboom, F|37/100
|-fieldstart|move: Grassy Terrain|[from] ability: Grassy Surge|[of] p1a: Rillaboom
|turn|17
|
|t:|1663448354
|move|p1a: Rillaboom|Grassy Glide|p2a: Crawdaunt
|-supereffective|p2a: Crawdaunt
|-damage|p2a: Crawdaunt|0 fnt
|faint|p2a: Crawdaunt
|
|-heal|p1a: Rillaboom|43/100|[from] Grassy Terrain
|-heal|p1a: Rillaboom|50/100|[from] item: Leftovers
|upkeep
|
|t:|1663448360
|switch|p2a: Porygon2|Porygon2|100/100
|-ability|p2a: Porygon2|Grassy Surge|[from] ability: Trace|[of] p1a: Rillaboom
|turn|18
|
|t:|1663448365
|move|p1a: Rillaboom|Swords Dance|p1a: Rillaboom
|-boost|p1a: Rillaboom|atk|2
|move|p2a: Porygon2|Ice Beam|p1a: Rillaboom
|-supereffective|p1a: Rillaboom
|-damage|p1a: Rillaboom|0 fnt
|faint|p1a: Rillaboom
|
|upkeep
|
|t:|1663448374
|switch|p1a: Garchomp|Garchomp, M|100/100
|turn|19
|
|t:|1663448379
|move|p1a: Garchomp|Protect|p1a: Garchomp
|-singleturn|p1a: Garchomp|Protect
|move|p2a: Porygon2|Ice Beam|p1a: Garchomp
|-activate|p1a: Garchomp|move: Protect
|
|upkeep
|turn|20
|
|t:|1663448381
|switch|p1a: Slowbro|Slowbro, F|100/100
|move|p2a: Porygon2|Ice Beam|p1a: Slowbro
|-resisted|p1a: Slowbro
|-damage|p1a: Slowbro|89/100
|
|-heal|p1a: Slowbro|95/100|[from] Grassy Terrain
|upkeep
|turn|21
|
|t:|1663448384
|move|p1a: Slowbro|Toxic|p2a: Porygon2
|-status|p2a: Porygon2|tox
|move|p2a: Porygon2|Teleport|p2a: Porygon2
|
|t:|1663448385
|switch|p2a: Marowak|Marowak-Alola, F|100/100|[from]move: Teleport
|
|-heal|p1a: Slowbro|100/100|[from] Grassy Terrain
|-fieldend|move: Grassy Terrain
|upkeep
|turn|22
|
|t:|1663448388
|move|p2a: Marowak|Poltergeist|p1a: Slowbro
|-activate|p1a: Slowbro|move: Poltergeist|Rocky Helmet
|-supereffective|p1a: Slowbro
|-damage|p1a: Slowbro|0 fnt
|faint|p1a: Slowbro
|
|upkeep
|
|t:|1663448391
|switch|p1a: Garchomp|Garchomp, M|100/100
|turn|23
|
|t:|1663448396
|switch|p2a: Slowbro|Slowbro, F|100/100
|move|p1a: Garchomp|Earthquake|p2a: Slowbro
|-damage|p2a: Slowbro|76/100
|
|upkeep
|turn|24
|
|t:|1663448400
|move|p1a: Garchomp|Toxic|p2a: Slowbro
|-status|p2a: Slowbro|tox
|move|p2a: Slowbro|Future Sight|p1a: Garchomp
|-start|p2a: Slowbro|move: Future Sight
|
|-damage|p2a: Slowbro|70/100 tox|[from] psn
|upkeep
|turn|25
|
|t:|1663448403
|switch|p1a: Tornadus|Tornadus-Therian, M|100/100
|move|p2a: Slowbro|Teleport|p2a: Slowbro
|
|t:|1663448405
|switch|p2a: Porygon2|Porygon2|100/100 tox|[from]move: Teleport
|-ability|p2a: Porygon2|Regenerator|[from] ability: Trace|[of] p1a: Tornadus
|
|-damage|p2a: Porygon2|94/100 tox|[from] psn
|upkeep
|turn|26
|
|t:|1663448408
|move|p1a: Tornadus|Knock Off|p2a: Porygon2
|-damage|p2a: Porygon2|80/100 tox
|-enditem|p2a: Porygon2|Eviolite|[from] move: Knock Off|[of] p1a: Tornadus
|move|p2a: Porygon2|Trick Room|p2a: Porygon2
|-fieldstart|move: Trick Room|[of] p2a: Porygon2
|
|-end|p1a: Tornadus|move: Future Sight
|-damage|p1a: Tornadus|62/100
|-damage|p2a: Porygon2|68/100 tox|[from] psn
|upkeep
|turn|27
|
|t:|1663448413
|switch|p1a: Melmetal|Melmetal|100/100
|move|p2a: Porygon2|Teleport|p2a: Porygon2
|
|t:|1663448414
|switch|p2a: Marowak|Marowak-Alola, F|100/100|[from]move: Teleport
|
|upkeep
|turn|28
|
|t:|1663448418
|move|p1a: Melmetal|Protect|p1a: Melmetal
|-singleturn|p1a: Melmetal|Protect
|move|p2a: Marowak|Swords Dance|p2a: Marowak
|-boost|p2a: Marowak|atk|2
|
|upkeep
|turn|29
|
|t:|1663448432
|move|p1a: Melmetal|Protect|p1a: Melmetal
|-singleturn|p1a: Melmetal|Protect
|move|p2a: Marowak|Poltergeist|p1a: Melmetal
|-activate|p1a: Melmetal|move: Protect
|
|upkeep
|turn|30
|
|t:|1663448436
|move|p1a: Melmetal|Protect||[still]
|-fail|p1a: Melmetal
|move|p2a: Marowak|Poltergeist|p1a: Melmetal
|-activate|p1a: Melmetal|move: Poltergeist|Leftovers
|-crit|p1a: Melmetal
|-damage|p1a: Melmetal|0 fnt
|faint|p1a: Melmetal
|
|-fieldend|move: Trick Room
|upkeep
|
|t:|1663448437
|switch|p1a: Garchomp|Garchomp, M|100/100
|turn|31
|
|t:|1663448446
|move|p1a: Garchomp|Earthquake|p2a: Marowak
|-supereffective|p2a: Marowak
|-damage|p2a: Marowak|22/100
|move|p2a: Marowak|Poltergeist|p1a: Garchomp
|-activate|p1a: Garchomp|move: Poltergeist|Leftovers
|-damage|p1a: Garchomp|0 fnt
|faint|p1a: Garchomp
|
|upkeep
|
|t:|1663448449
|switch|p1a: Tornadus|Tornadus-Therian, M|96/100
|turn|32
|
|t:|1663448451
|switch|p2a: Slowbro|Slowbro, F|100/100 tox
|move|p1a: Tornadus|Knock Off|p2a: Slowbro
|-supereffective|p2a: Slowbro
|-damage|p2a: Slowbro|77/100 tox
|-damage|p1a: Tornadus|79/100|[from] item: Rocky Helmet|[of] p2a: Slowbro
|-enditem|p2a: Slowbro|Rocky Helmet|[from] move: Knock Off|[of] p1a: Tornadus
|
|-damage|p2a: Slowbro|70/100 tox|[from] psn
|upkeep
|turn|33
|
|t:|1663448456
|move|p1a: Tornadus|Knock Off|p2a: Slowbro
|-supereffective|p2a: Slowbro
|-damage|p2a: Slowbro|55/100 tox
|move|p2a: Slowbro|Trick Room|p2a: Slowbro
|-fieldstart|move: Trick Room|[of] p2a: Slowbro
|
|-damage|p2a: Slowbro|43/100 tox|[from] psn
|upkeep
|turn|34
|-message|shiawasenostory forfeited.
|
|win|NoHattChallenge
|raw|shiawasenostory's rating: 1628 &rarr; <strong>1616</strong><br />(-12 for losing)
|raw|NoHattChallenge's rating: 1772 &rarr; <strong>1784</strong><br />(+12 for winning)
|l|☆shiawasenostory
