|j|☆hOmer iS dEad '_>'
|j|☆Forcemew2
|t:|1612950262
|player|p1|hOmer iS dEad '_>'|burglar-gen1|1810
|player|p2|Forcemew2|blue|1685
|teamsize|p1|6
|teamsize|p2|6
|gametype|singles
|gen|8
|tier|[Gen 8] OU
|rated|
|clearpoke
|poke|p1|Ferrothorn, F|
|poke|p1|Dragapult, F|
|poke|p1|Landorus-Therian, M|
|poke|p1|Dragonite, F|
|poke|p1|Magnezone|
|poke|p1|Garchomp, F|
|poke|p2|Blaziken, M|
|poke|p2|Corviknight, F|
|poke|p2|Kyurem|
|poke|p2|Dragapult, M|
|poke|p2|Tyranitar, M|
|poke|p2|Tapu Koko|
|rule|Sleep Clause Mod: Limit one foe put to sleep
|rule|Species Clause: Limit one of each Pokémon
|rule|OHKO Clause: OHKO moves are banned
|rule|Evasion Moves Clause: Evasion moves are banned
|rule|Endless Battle Clause: Forcing endless battles is banned
|rule|HP Percentage Mod: HP is shown in percentages
|rule|Dynamax Clause: You cannot dynamax
|teampreview
|
|t:|1612950273
|start
|switch|p1a: Ferrothorn|Ferrothorn, F|100/100
|switch|p2a: Kyurem|Kyurem|100/100
|-ability|p2a: Kyurem|Pressure
|turn|1
|inactive|Battle timer is ON: inactive players will automatically lose when time's up. (requested by hOmer iS dEad '_>')
|
|t:|1612950286
|switch|p2a: Blaziken|Blaziken, M|100/100
|move|p1a: Ferrothorn|Gyro Ball|p2a: Blaziken
|-resisted|p2a: Blaziken
|-damage|p2a: Blaziken|56/100
|
|upkeep
|turn|2
|
|t:|1612950294
|switch|p1a: Dragonite|Dragonite, F|100/100
|move|p2a: Blaziken|Flare Blitz|p1a: Dragonite
|-resisted|p1a: Dragonite
|-damage|p1a: Dragonite|84/100
|-status|p1a: Dragonite|brn
|-damage|p2a: Blaziken|49/100|[from] Recoil
|-damage|p2a: Blaziken|39/100|[from] item: Life Orb
|
|-damage|p1a: Dragonite|77/100 brn|[from] brn
|-ability|p2a: Blaziken|Speed Boost|boost
|-boost|p2a: Blaziken|spe|1
|upkeep
|turn|3
|c|☆hOmer iS dEad '_>'|hah
|c|☆hOmer iS dEad '_>'|classic
|
|t:|1612950311
|switch|p2a: Tyranitar|Tyranitar, M|100/100
|-weather|Sandstorm|[from] ability: Sand Stream|[of] p2a: Tyranitar
|move|p1a: Dragonite|Roost|p1a: Dragonite
|-heal|p1a: Dragonite|100/100 brn
|-singleturn|p1a: Dragonite|move: Roost
|
|-weather|Sandstorm|[upkeep]
|-damage|p1a: Dragonite|94/100 brn|[from] Sandstorm
|-damage|p1a: Dragonite|88/100 brn|[from] brn
|upkeep
|turn|4
|
|t:|1612950321
|switch|p1a: Ferrothorn|Ferrothorn, F|100/100
|move|p2a: Tyranitar|Stealth Rock|p1a: Ferrothorn
|-sidestart|p1: hOmer iS dEad '_>'|move: Stealth Rock
|
|-weather|Sandstorm|[upkeep]
|upkeep
|turn|5
|
|t:|1612950336
|move|p2a: Tyranitar|Crunch|p1a: Ferrothorn
|-damage|p1a: Ferrothorn|69/100
|-damage|p2a: Tyranitar|88/100|[from] ability: Iron Barbs|[of] p1a: Ferrothorn
|-damage|p2a: Tyranitar|71/100|[from] item: Rocky Helmet|[of] p1a: Ferrothorn
|move|p1a: Ferrothorn|Stealth Rock|p2a: Tyranitar
|-sidestart|p2: Forcemew2|move: Stealth Rock
|
|-weather|Sandstorm|[upkeep]
|-heal|p2a: Tyranitar|78/100|[from] item: Leftovers
|upkeep
|turn|6
|
|t:|1612950346
|switch|p2a: Blaziken|Blaziken, M|39/100
|-damage|p2a: Blaziken|26/100|[from] Stealth Rock
|move|p1a: Ferrothorn|Spikes|p2a: Blaziken
|-sidestart|p2: Forcemew2|Spikes
|
|-weather|Sandstorm|[upkeep]
|-damage|p2a: Blaziken|20/100|[from] Sandstorm
|upkeep
|turn|7
|
|t:|1612950353
|switch|p1a: Dragonite|Dragonite, F|88/100 brn
|move|p2a: Blaziken|Swords Dance|p2a: Blaziken
|-boost|p2a: Blaziken|atk|2
|
|-weather|none
|-damage|p1a: Dragonite|82/100 brn|[from] brn
|-ability|p2a: Blaziken|Speed Boost|boost
|-boost|p2a: Blaziken|spe|1
|upkeep
|turn|8
|
|t:|1612950357
|move|p2a: Blaziken|Flare Blitz|p1a: Dragonite
|-resisted|p1a: Dragonite
|-damage|p1a: Dragonite|10/100 brn
|-damage|p2a: Blaziken|0 fnt|[from] Recoil
|faint|p2a: Blaziken
|move|p1a: Dragonite|Roost|p1a: Dragonite
|-heal|p1a: Dragonite|60/100 brn
|-singleturn|p1a: Dragonite|move: Roost
|
|-damage|p1a: Dragonite|54/100 brn|[from] brn
|upkeep
|
|t:|1612950369
|switch|p2a: Dragapult|Dragapult, M|100/100
|-damage|p2a: Dragapult|88/100|[from] Stealth Rock
|-damage|p2a: Dragapult|76/100|[from] Spikes
|turn|9
|
|t:|1612950374
|move|p2a: Dragapult|Dragon Darts|p1a: Dragonite
|-supereffective|p1a: Dragonite
|-damage|p1a: Dragonite|0 fnt
|-damage|p2a: Dragapult|66/100|[from] item: Life Orb
|faint|p1a: Dragonite
|
|upkeep
|
|t:|1612950378
|switch|p1a: Ferrothorn|Ferrothorn, F|69/100
|-damage|p1a: Ferrothorn|63/100|[from] Stealth Rock
|turn|10
|
|t:|1612950389
|move|p2a: Dragapult|Fire Blast|p1a: Ferrothorn
|-supereffective|p1a: Ferrothorn
|-damage|p1a: Ferrothorn|0 fnt
|-damage|p2a: Dragapult|56/100|[from] item: Life Orb
|faint|p1a: Ferrothorn
|
|upkeep
|
|t:|1612950393
|switch|p1a: Landorus|Landorus-Therian, M|100/100
|-damage|p1a: Landorus|88/100|[from] Stealth Rock
|-ability|p1a: Landorus|Intimidate|boost
|-unboost|p2a: Dragapult|atk|1
|turn|11
|
|t:|1612950408
|switch|p2a: Corviknight|Corviknight, F|100/100
|-damage|p2a: Corviknight|88/100|[from] Stealth Rock
|-ability|p2a: Corviknight|Pressure
|move|p1a: Landorus|Rock Polish|p1a: Landorus
|-boost|p1a: Landorus|spe|2
|
|upkeep
|turn|12
|
|t:|1612950417
|switch|p1a: Magnezone|Magnezone|100/100
|-damage|p1a: Magnezone|94/100|[from] Stealth Rock
|move|p2a: Corviknight|Defog|p1a: Magnezone
|-unboost|p1a: Magnezone|evasion|1
|-sideend|p1: hOmer iS dEad '_>'|Stealth Rock|[from] move: Defog|[of] p2a: Corviknight
|-sideend|p2: Forcemew2|Spikes|[from] move: Defog|[of] p2a: Corviknight
|-sideend|p2: Forcemew2|Stealth Rock|[from] move: Defog|[of] p2a: Corviknight
|
|-heal|p1a: Magnezone|100/100|[from] item: Leftovers
|upkeep
|turn|13
|
|t:|1612950423
|move|p1a: Magnezone|Discharge|p2a: Corviknight
|-supereffective|p2a: Corviknight
|-damage|p2a: Corviknight|1/100
|move|p2a: Corviknight|U-turn|p1a: Magnezone
|-resisted|p1a: Magnezone
|-damage|p1a: Magnezone|95/100
|
|t:|1612950434
|switch|p2a: Tyranitar|Tyranitar, M|78/100|[from]move: U-turn
|-weather|Sandstorm|[from] ability: Sand Stream|[of] p2a: Tyranitar
|
|-weather|Sandstorm|[upkeep]
|-heal|p1a: Magnezone|100/100|[from] item: Leftovers
|-heal|p2a: Tyranitar|84/100|[from] item: Leftovers
|upkeep
|turn|14
|
|t:|1612950442
|move|p1a: Magnezone|Body Press|p2a: Tyranitar
|-supereffective|p2a: Tyranitar
|-damage|p2a: Tyranitar|4/100
|move|p2a: Tyranitar|Earthquake|p1a: Magnezone
|-supereffective|p1a: Magnezone
|-damage|p1a: Magnezone|0 fnt
|faint|p1a: Magnezone
|
|-weather|Sandstorm|[upkeep]
|-heal|p2a: Tyranitar|11/100|[from] item: Leftovers
|upkeep
|c|☆hOmer iS dEad '_>'|hahaha
|c|☆hOmer iS dEad '_>'|burn and 2 min rolls
|c|☆hOmer iS dEad '_>'|so  epic
|
|t:|1612950453
|switch|p1a: Landorus|Landorus-Therian, M|88/100
|-ability|p1a: Landorus|Intimidate|boost
|-unboost|p2a: Tyranitar|atk|1
|turn|15
|
|t:|1612950466
|move|p1a: Landorus|Rock Polish|p1a: Landorus
|-boost|p1a: Landorus|spe|2
|move|p2a: Tyranitar|Stone Edge|p1a: Landorus|[miss]
|-miss|p2a: Tyranitar|p1a: Landorus
|
|-weather|Sandstorm|[upkeep]
|-heal|p2a: Tyranitar|17/100|[from] item: Leftovers
|upkeep
|turn|16
|
|t:|1612950470
|move|p1a: Landorus|Swords Dance|p1a: Landorus
|-boost|p1a: Landorus|atk|2
|move|p2a: Tyranitar|Stone Edge|p1a: Landorus|[miss]
|-miss|p2a: Tyranitar|p1a: Landorus
|
|-weather|Sandstorm|[upkeep]
|-heal|p2a: Tyranitar|23/100|[from] item: Leftovers
|upkeep
|turn|17
|
|t:|1612950474
|move|p1a: Landorus|Earthquake|p2a: Tyranitar
|-supereffective|p2a: Tyranitar
|-damage|p2a: Tyranitar|0 fnt
|faint|p2a: Tyranitar
|
|-weather|none
|upkeep
|
|t:|1612950480
|switch|p2a: Corviknight|Corviknight, F|1/100
|-ability|p2a: Corviknight|Pressure
|turn|18
|
|t:|1612950484
|move|p1a: Landorus|Stone Edge|p2a: Corviknight
|-damage|p2a: Corviknight|0 fnt
|faint|p2a: Corviknight
|
|upkeep
|
|t:|1612950488
|switch|p2a: Kyurem|Kyurem|100/100
|-ability|p2a: Kyurem|Pressure
|turn|19
|inactive|hOmer iS dEad '_>' has 120 seconds left.
|j| Pellegrinxi2
|
|t:|1612950527
|move|p1a: Landorus|Earthquake|p2a: Kyurem
|-damage|p2a: Kyurem|0 fnt
|faint|p2a: Kyurem
|
|upkeep
|-message|Forcemew2 forfeited.
|
|win|hOmer iS dEad '_>'
|l|☆Forcemew2
|raw|hOmer iS dEad &apos;_&gt;&apos;'s rating: 1789 &rarr; <strong>1803</strong><br />(+14 for winning)
|raw|Forcemew2's rating: 1685 &rarr; <strong>1671</strong><br />(-14 for losing)
