|j|☆friedfreak
|j|☆Ahsan-219
|t:|1614676052
|player|p1|friedfreak|1|1921
|player|p2|Ahsan-219|clemont|1825
|teamsize|p1|6
|teamsize|p2|6
|gametype|singles
|gen|8
|tier|[Gen 8] OU
|rated|
|clearpoke
|poke|p1|Magnezone|
|poke|p1|Kartana|
|poke|p1|Landorus-Therian, M|
|poke|p1|Corviknight, M|
|poke|p1|Tapu Fini|
|poke|p1|Heatran, M|
|poke|p2|Dragapult, F|
|poke|p2|Buzzwole|
|poke|p2|Latios, M|
|poke|p2|Excadrill, M|
|poke|p2|Tapu Lele|
|poke|p2|Toxapex, M|
|rule|Sleep Clause Mod: Limit one foe put to sleep
|rule|Species Clause: Limit one of each Pokémon
|rule|OHKO Clause: OHKO moves are banned
|rule|Evasion Moves Clause: Evasion moves are banned
|rule|Endless Battle Clause: Forcing endless battles is banned
|rule|HP Percentage Mod: HP is shown in percentages
|rule|Dynamax Clause: You cannot dynamax
|teampreview
|
|t:|1614676066
|start
|switch|p1a: Landorus|Landorus-Therian, M|100/100
|switch|p2a: Tapu Lele|Tapu Lele|100/100
|-fieldstart|move: Psychic Terrain|[from] ability: Psychic Surge|[of] p2a: Tapu Lele
|-ability|p1a: Landorus|Intimidate|boost
|-unboost|p2a: Tapu Lele|atk|1
|turn|1
|inactive|Battle timer is ON: inactive players will automatically lose when time's up. (requested by Ahsan-219)
|
|t:|1614676079
|switch|p1a: Heatran|Heatran, M|100/100
|move|p2a: Tapu Lele|Psychic|p1a: Heatran
|-resisted|p1a: Heatran
|-damage|p1a: Heatran|83/100
|
|-heal|p1a: Heatran|89/100|[from] item: Leftovers
|upkeep
|turn|2
|j| eZ Bro
|
|t:|1614676084
|switch|p2a: Latios|Latios, M|100/100
|move|p1a: Heatran|Stealth Rock|p2a: Latios
|-sidestart|p2: Ahsan-219|move: Stealth Rock
|
|-heal|p1a: Heatran|96/100|[from] item: Leftovers
|upkeep
|turn|3
|
|t:|1614676094
|move|p1a: Heatran|Protect|p1a: Heatran
|-singleturn|p1a: Heatran|Protect
|move|p2a: Latios|Calm Mind|p2a: Latios
|-boost|p2a: Latios|spa|1
|-boost|p2a: Latios|spd|1
|
|-heal|p1a: Heatran|100/100|[from] item: Leftovers
|upkeep
|turn|4
|j| Throwaway8362917uu
|
|t:|1614676108
|switch|p1a: Tapu Fini|Tapu Fini|100/100
|-fieldstart|move: Misty Terrain|[from] ability: Misty Surge|[of] p1a: Tapu Fini
|move|p2a: Latios|Calm Mind|p2a: Latios
|-boost|p2a: Latios|spa|1
|-boost|p2a: Latios|spd|1
|
|upkeep
|turn|5
|
|t:|1614676113
|move|p2a: Latios|Thunderbolt|p1a: Tapu Fini
|-supereffective|p1a: Tapu Fini
|-damage|p1a: Tapu Fini|0 fnt
|-damage|p2a: Latios|91/100|[from] item: Life Orb
|faint|p1a: Tapu Fini
|
|upkeep
|
|t:|1614676118
|switch|p1a: Landorus|Landorus-Therian, M|100/100
|-ability|p1a: Landorus|Intimidate|boost
|-unboost|p2a: Latios|atk|1
|turn|6
|j| epsilon_xd
|
|t:|1614676126
|move|p1a: Landorus|Knock Off|p2a: Latios
|-supereffective|p2a: Latios
|-damage|p2a: Latios|0 fnt
|-enditem|p2a: Latios|Life Orb|[from] move: Knock Off|[of] p1a: Landorus
|faint|p2a: Latios
|
|upkeep
|
|t:|1614676143
|switch|p2a: Toxapex|Toxapex, M|100/100
|-damage|p2a: Toxapex|88/100|[from] Stealth Rock
|turn|7
|
|t:|1614676157
|switch|p1a: Corviknight|Corviknight, M|100/100
|-ability|p1a: Corviknight|Pressure
|move|p2a: Toxapex|Knock Off|p1a: Corviknight
|-damage|p1a: Corviknight|92/100
|-damage|p2a: Toxapex|72/100|[from] item: Rocky Helmet|[of] p1a: Corviknight
|-enditem|p1a: Corviknight|Rocky Helmet|[from] move: Knock Off|[of] p2a: Toxapex
|
|-heal|p2a: Toxapex|78/100|[from] item: Black Sludge
|upkeep
|turn|8
|
|t:|1614676167
|move|p1a: Corviknight|U-turn|p2a: Toxapex
|-resisted|p2a: Toxapex
|-damage|p2a: Toxapex|72/100
|
|t:|1614676171
|switch|p1a: Magnezone|Magnezone|100/100|[from]move: U-turn
|move|p2a: Toxapex|Scald|p1a: Magnezone
|-damage|p1a: Magnezone|80/100
|
|-heal|p2a: Toxapex|78/100|[from] item: Black Sludge
|-fieldend|Misty Terrain
|upkeep
|turn|9
|
|t:|1614676184
|switch|p2a: Excadrill|Excadrill, M|100/100
|-damage|p2a: Excadrill|97/100|[from] Stealth Rock
|-ability|p2a: Excadrill|Mold Breaker
|move|p1a: Magnezone|Flash Cannon|p2a: Excadrill
|-resisted|p2a: Excadrill
|-damage|p2a: Excadrill|68/100
|
|-heal|p2a: Excadrill|74/100|[from] item: Leftovers
|upkeep
|turn|10
|j| jbisokwbf
|
|t:|1614676192
|switch|p1a: Corviknight|Corviknight, M|92/100
|-ability|p1a: Corviknight|Pressure
|move|p2a: Excadrill|Rapid Spin|p1a: Corviknight
|-resisted|p1a: Corviknight
|-damage|p1a: Corviknight|88/100
|-boost|p2a: Excadrill|spe|1
|-sideend|p2: Ahsan-219|Stealth Rock|[from] move: Rapid Spin|[of] p2a: Excadrill
|
|-heal|p2a: Excadrill|80/100|[from] item: Leftovers
|upkeep
|turn|11
|
|t:|1614676201
|move|p2a: Excadrill|Stealth Rock|p1a: Corviknight
|-sidestart|p1: friedfreak|move: Stealth Rock
|move|p1a: Corviknight|U-turn|p2a: Excadrill
|-resisted|p2a: Excadrill
|-damage|p2a: Excadrill|71/100
|
|t:|1614676204
|switch|p1a: Landorus|Landorus-Therian, M|100/100|[from]move: U-turn
|-damage|p1a: Landorus|88/100|[from] Stealth Rock
|-ability|p1a: Landorus|Intimidate|boost
|-unboost|p2a: Excadrill|atk|1
|
|-heal|p2a: Excadrill|78/100|[from] item: Leftovers
|upkeep
|turn|12
|
|t:|1614676211
|switch|p2a: Buzzwole|Buzzwole|100/100
|move|p1a: Landorus|U-turn|p2a: Buzzwole
|-resisted|p2a: Buzzwole
|-damage|p2a: Buzzwole|94/100
|
|t:|1614676221
|switch|p1a: Heatran|Heatran, M|100/100|[from]move: U-turn
|-damage|p1a: Heatran|88/100|[from] Stealth Rock
|
|-heal|p1a: Heatran|94/100|[from] item: Leftovers
|upkeep
|turn|13
|
|t:|1614676229
|switch|p1a: Landorus|Landorus-Therian, M|88/100
|-damage|p1a: Landorus|76/100|[from] Stealth Rock
|-ability|p1a: Landorus|Intimidate|boost
|-unboost|p2a: Buzzwole|atk|1
|move|p2a: Buzzwole|Drain Punch|p1a: Landorus
|-resisted|p1a: Landorus
|-damage|p1a: Landorus|62/100
|-heal|p2a: Buzzwole|99/100|[from] drain|[of] p1a: Landorus
|
|upkeep
|turn|14
|
|t:|1614676235
|move|p1a: Landorus|U-turn|p2a: Buzzwole
|-resisted|p2a: Buzzwole
|-damage|p2a: Buzzwole|93/100
|
|t:|1614676238
|switch|p1a: Corviknight|Corviknight, M|88/100|[from]move: U-turn
|-damage|p1a: Corviknight|75/100|[from] Stealth Rock
|-ability|p1a: Corviknight|Pressure
|move|p2a: Buzzwole|Ice Punch|p1a: Corviknight
|-damage|p1a: Corviknight|66/100
|
|upkeep
|turn|15
|
|t:|1614676243
|switch|p2a: Toxapex|Toxapex, M|100/100
|move|p1a: Corviknight|Defog|p2a: Toxapex
|-unboost|p2a: Toxapex|evasion|1
|-sideend|p1: friedfreak|Stealth Rock|[from] move: Defog|[of] p1a: Corviknight
|
|upkeep
|turn|16
|
|t:|1614676256
|switch|p1a: Magnezone|Magnezone|80/100
|move|p2a: Toxapex|Scald|p1a: Magnezone
|-damage|p1a: Magnezone|57/100
|
|upkeep
|turn|17
|
|t:|1614676267
|switch|p1a: Kartana|Kartana|100/100
|switch|p2a: Excadrill|Excadrill, M|78/100
|-ability|p2a: Excadrill|Mold Breaker
|
|-heal|p2a: Excadrill|84/100|[from] item: Leftovers
|upkeep
|turn|18
|
|t:|1614676280
|switch|p2a: Buzzwole|Buzzwole|93/100
|move|p1a: Kartana|Leaf Blade|p2a: Buzzwole
|-resisted|p2a: Buzzwole
|-damage|p2a: Buzzwole|67/100
|
|upkeep
|turn|19
|
|t:|1614676292
|switch|p1a: Corviknight|Corviknight, M|66/100
|-ability|p1a: Corviknight|Pressure
|move|p2a: Buzzwole|Drain Punch|p1a: Corviknight
|-damage|p1a: Corviknight|45/100
|-heal|p2a: Buzzwole|78/100|[from] drain|[of] p1a: Corviknight
|
|upkeep
|turn|20
|
|t:|1614676300
|switch|p2a: Excadrill|Excadrill, M|84/100
|-ability|p2a: Excadrill|Mold Breaker
|move|p1a: Corviknight|Roost|p1a: Corviknight
|-heal|p1a: Corviknight|95/100
|-singleturn|p1a: Corviknight|move: Roost
|
|-heal|p2a: Excadrill|90/100|[from] item: Leftovers
|upkeep
|turn|21
|
|t:|1614676303
|move|p2a: Excadrill|Stealth Rock|p1a: Corviknight
|-sidestart|p1: friedfreak|move: Stealth Rock
|move|p1a: Corviknight|Brave Bird|p2a: Excadrill
|-resisted|p2a: Excadrill
|-damage|p2a: Excadrill|66/100
|-damage|p1a: Corviknight|86/100|[from] Recoil
|
|-heal|p2a: Excadrill|73/100|[from] item: Leftovers
|upkeep
|turn|22
|
|t:|1614676309
|move|p2a: Excadrill|Iron Head|p1a: Corviknight
|-resisted|p1a: Corviknight
|-damage|p1a: Corviknight|76/100
|cant|p1a: Corviknight|flinch
|
|-heal|p2a: Excadrill|79/100|[from] item: Leftovers
|upkeep
|turn|23
|
|t:|1614676317
|switch|p2a: Toxapex|Toxapex, M|100/100
|move|p1a: Corviknight|Defog|p2a: Toxapex
|-unboost|p2a: Toxapex|evasion|1
|-sideend|p1: friedfreak|Stealth Rock|[from] move: Defog|[of] p1a: Corviknight
|
|upkeep
|turn|24
|
|t:|1614676336
|switch|p1a: Magnezone|Magnezone|57/100
|move|p2a: Toxapex|Scald|p1a: Magnezone
|-damage|p1a: Magnezone|35/100
|-status|p1a: Magnezone|brn
|
|-damage|p1a: Magnezone|29/100 brn|[from] brn
|upkeep
|turn|25
|j| GodsAlterius
|
|t:|1614676354
|switch|p2a: Excadrill|Excadrill, M|79/100
|-ability|p2a: Excadrill|Mold Breaker
|move|p1a: Magnezone|Thunderbolt|p2a: Excadrill
|-immune|p2a: Excadrill
|
|-heal|p2a: Excadrill|85/100|[from] item: Leftovers
|-damage|p1a: Magnezone|23/100 brn|[from] brn
|upkeep
|turn|26
|
|t:|1614676361
|switch|p1a: Landorus|Landorus-Therian, M|62/100
|-ability|p1a: Landorus|Intimidate|boost
|-unboost|p2a: Excadrill|atk|1
|move|p2a: Excadrill|Stealth Rock|p1a: Landorus
|-sidestart|p1: friedfreak|move: Stealth Rock
|
|-heal|p2a: Excadrill|91/100|[from] item: Leftovers
|upkeep
|turn|27
|j| DittoTang
|
|t:|1614676367
|switch|p2a: Buzzwole|Buzzwole|78/100
|move|p1a: Landorus|U-turn|p2a: Buzzwole
|-resisted|p2a: Buzzwole
|-damage|p2a: Buzzwole|71/100
|
|t:|1614676375
|switch|p1a: Heatran|Heatran, M|94/100|[from]move: U-turn
|-damage|p1a: Heatran|82/100|[from] Stealth Rock
|
|-heal|p1a: Heatran|88/100|[from] item: Leftovers
|upkeep
|turn|28
|
|t:|1614676378
|switch|p2a: Toxapex|Toxapex, M|100/100
|move|p1a: Heatran|Magma Storm|p2a: Toxapex
|-resisted|p2a: Toxapex
|-damage|p2a: Toxapex|86/100
|-activate|p2a: Toxapex|move: Magma Storm|[of] p1a: Heatran
|
|-heal|p1a: Heatran|94/100|[from] item: Leftovers
|-heal|p2a: Toxapex|92/100|[from] item: Black Sludge
|-damage|p2a: Toxapex|80/100|[from] move: Magma Storm|[partiallytrapped]
|upkeep
|turn|29
|
|t:|1614676391
|move|p1a: Heatran|Earth Power|p2a: Toxapex
|-supereffective|p2a: Toxapex
|-damage|p2a: Toxapex|46/100
|move|p2a: Toxapex|Knock Off|p1a: Heatran
|-damage|p1a: Heatran|83/100
|-enditem|p1a: Heatran|Leftovers|[from] move: Knock Off|[of] p2a: Toxapex
|
|-heal|p2a: Toxapex|52/100|[from] item: Black Sludge
|-damage|p2a: Toxapex|40/100|[from] move: Magma Storm|[partiallytrapped]
|upkeep
|turn|30
|
|t:|1614676402
|move|p1a: Heatran|Earth Power|p2a: Toxapex
|-supereffective|p2a: Toxapex
|-damage|p2a: Toxapex|6/100
|move|p2a: Toxapex|Recover|p2a: Toxapex
|-heal|p2a: Toxapex|56/100
|
|-heal|p2a: Toxapex|62/100|[from] item: Black Sludge
|-damage|p2a: Toxapex|50/100|[from] move: Magma Storm|[partiallytrapped]
|upkeep
|turn|31
|
|t:|1614676411
|move|p1a: Heatran|Earth Power|p2a: Toxapex
|-supereffective|p2a: Toxapex
|-damage|p2a: Toxapex|17/100
|move|p2a: Toxapex|Recover|p2a: Toxapex
|-heal|p2a: Toxapex|67/100
|
|-heal|p2a: Toxapex|73/100|[from] item: Black Sludge
|-damage|p2a: Toxapex|60/100|[from] move: Magma Storm|[partiallytrapped]
|upkeep
|turn|32
|
|t:|1614676417
|move|p1a: Heatran|Earth Power|p2a: Toxapex
|-supereffective|p2a: Toxapex
|-damage|p2a: Toxapex|29/100
|-unboost|p2a: Toxapex|spd|1
|move|p2a: Toxapex|Recover|p2a: Toxapex
|-heal|p2a: Toxapex|79/100
|
|-heal|p2a: Toxapex|85/100|[from] item: Black Sludge
|-end|p2a: Toxapex|Magma Storm|[partiallytrapped]
|upkeep
|turn|33
|
|t:|1614676427
|switch|p2a: Dragapult|Dragapult, F|100/100
|move|p1a: Heatran|Magma Storm|p2a: Dragapult
|-resisted|p2a: Dragapult
|-damage|p2a: Dragapult|69/100
|-activate|p2a: Dragapult|move: Magma Storm|[of] p1a: Heatran
|
|-damage|p2a: Dragapult|57/100|[from] move: Magma Storm|[partiallytrapped]
|upkeep
|turn|34
|
|t:|1614676438
|move|p1a: Heatran|Protect|p1a: Heatran
|-singleturn|p1a: Heatran|Protect
|move|p2a: Dragapult|Phantom Force||[still]
|-prepare|p2a: Dragapult|Phantom Force
|
|-damage|p2a: Dragapult|45/100|[from] move: Magma Storm|[partiallytrapped]
|upkeep
|turn|35
|
|t:|1614676446
|move|p2a: Dragapult|Phantom Force|p1a: Heatran|[from]lockedmove
|-damage|p1a: Heatran|25/100
|move|p1a: Heatran|Stealth Rock|p2a: Dragapult
|-sidestart|p2: Ahsan-219|move: Stealth Rock
|
|-damage|p2a: Dragapult|32/100|[from] move: Magma Storm|[partiallytrapped]
|upkeep
|turn|36
|
|t:|1614676464
|switch|p2a: Toxapex|Toxapex, M|100/100
|-damage|p2a: Toxapex|88/100|[from] Stealth Rock
|move|p1a: Heatran|Protect||[still]
|-fail|p1a: Heatran
|
|-heal|p2a: Toxapex|94/100|[from] item: Black Sludge
|upkeep
|turn|37
|
|t:|1614676470
|move|p1a: Heatran|Earth Power|p2a: Toxapex
|-supereffective|p2a: Toxapex
|-damage|p2a: Toxapex|63/100
|move|p2a: Toxapex|Scald|p1a: Heatran
|-supereffective|p1a: Heatran
|-damage|p1a: Heatran|6/100
|
|-heal|p2a: Toxapex|70/100|[from] item: Black Sludge
|upkeep
|turn|38
|l| GodsAlterius
|
|t:|1614676488
|move|p1a: Heatran|Earth Power|p2a: Toxapex
|-supereffective|p2a: Toxapex
|-damage|p2a: Toxapex|39/100
|move|p2a: Toxapex|Recover|p2a: Toxapex
|-heal|p2a: Toxapex|89/100
|
|-heal|p2a: Toxapex|96/100|[from] item: Black Sludge
|upkeep
|turn|39
|
|t:|1614676491
|move|p1a: Heatran|Earth Power|p2a: Toxapex
|-supereffective|p2a: Toxapex
|-crit|p2a: Toxapex
|-damage|p2a: Toxapex|42/100
|move|p2a: Toxapex|Scald|p1a: Heatran
|-supereffective|p1a: Heatran
|-damage|p1a: Heatran|0 fnt
|faint|p1a: Heatran
|
|-heal|p2a: Toxapex|49/100|[from] item: Black Sludge
|upkeep
|
|t:|1614676495
|switch|p1a: Kartana|Kartana|100/100
|-damage|p1a: Kartana|94/100|[from] Stealth Rock
|turn|40
|
|t:|1614676514
|switch|p2a: Dragapult|Dragapult, F|32/100
|-damage|p2a: Dragapult|20/100|[from] Stealth Rock
|move|p1a: Kartana|Leaf Blade|p2a: Dragapult
|-resisted|p2a: Dragapult
|-damage|p2a: Dragapult|0 fnt
|faint|p2a: Dragapult
|-ability|p1a: Kartana|Beast Boost|boost
|-boost|p1a: Kartana|atk|1
|
|upkeep
|
|t:|1614676522
|switch|p2a: Tapu Lele|Tapu Lele|100/100
|-damage|p2a: Tapu Lele|88/100|[from] Stealth Rock
|-fieldstart|move: Psychic Terrain|[from] ability: Psychic Surge|[of] p2a: Tapu Lele
|turn|41
|
|t:|1614676532
|switch|p1a: Magnezone|Magnezone|23/100 brn
|-damage|p1a: Magnezone|17/100 brn|[from] Stealth Rock
|move|p2a: Tapu Lele|Psychic|p1a: Magnezone
|-resisted|p1a: Magnezone
|-damage|p1a: Magnezone|0 fnt
|faint|p1a: Magnezone
|
|upkeep
|
|t:|1614676538
|switch|p1a: Corviknight|Corviknight, M|76/100
|-damage|p1a: Corviknight|64/100|[from] Stealth Rock
|-ability|p1a: Corviknight|Pressure
|turn|42
|l| jbisokwbf
|
|t:|1614676541
|switch|p2a: Excadrill|Excadrill, M|91/100
|-damage|p2a: Excadrill|88/100|[from] Stealth Rock
|-ability|p2a: Excadrill|Mold Breaker
|move|p1a: Corviknight|Roost|p1a: Corviknight
|-heal|p1a: Corviknight|100/100
|-singleturn|p1a: Corviknight|move: Roost
|
|-heal|p2a: Excadrill|94/100|[from] item: Leftovers
|upkeep
|turn|43
|
|t:|1614676551
|move|p2a: Excadrill|Rapid Spin|p1a: Corviknight
|-resisted|p1a: Corviknight
|-damage|p1a: Corviknight|96/100
|-boost|p2a: Excadrill|spe|1
|-sideend|p2: Ahsan-219|Stealth Rock|[from] move: Rapid Spin|[of] p2a: Excadrill
|move|p1a: Corviknight|Brave Bird|p2a: Excadrill
|-resisted|p2a: Excadrill
|-damage|p2a: Excadrill|71/100
|-damage|p1a: Corviknight|88/100|[from] Recoil
|
|-heal|p2a: Excadrill|77/100|[from] item: Leftovers
|upkeep
|turn|44
|
|t:|1614676560
|move|p2a: Excadrill|Iron Head|p1a: Corviknight
|-resisted|p1a: Corviknight
|-crit|p1a: Corviknight
|-damage|p1a: Corviknight|71/100
|move|p1a: Corviknight|U-turn|p2a: Excadrill
|-resisted|p2a: Excadrill
|-damage|p2a: Excadrill|68/100
|
|t:|1614676566
|switch|p1a: Landorus|Landorus-Therian, M|62/100|[from]move: U-turn
|-damage|p1a: Landorus|49/100|[from] Stealth Rock
|-ability|p1a: Landorus|Intimidate|boost
|-unboost|p2a: Excadrill|atk|1
|
|-heal|p2a: Excadrill|74/100|[from] item: Leftovers
|upkeep
|turn|45
|j| cardons
|l| cardons
|
|t:|1614676576
|switch|p2a: Buzzwole|Buzzwole|71/100
|move|p1a: Landorus|U-turn|p2a: Buzzwole
|-resisted|p2a: Buzzwole
|-damage|p2a: Buzzwole|64/100
|
|t:|1614676581
|switch|p1a: Corviknight|Corviknight, M|71/100|[from]move: U-turn
|-damage|p1a: Corviknight|59/100|[from] Stealth Rock
|-ability|p1a: Corviknight|Pressure
|
|-fieldend|move: Psychic Terrain
|upkeep
|turn|46
|
|t:|1614676585
|switch|p2a: Toxapex|Toxapex, M|82/100
|move|p1a: Corviknight|Brave Bird|p2a: Toxapex
|-damage|p2a: Toxapex|55/100
|-damage|p1a: Corviknight|52/100|[from] Recoil
|
|-heal|p2a: Toxapex|61/100|[from] item: Black Sludge
|upkeep
|turn|47
|
|t:|1614676594
|move|p1a: Corviknight|Roost|p1a: Corviknight
|-heal|p1a: Corviknight|100/100
|-singleturn|p1a: Corviknight|move: Roost
|move|p2a: Toxapex|Scald|p1a: Corviknight
|-damage|p1a: Corviknight|85/100
|
|-heal|p2a: Toxapex|67/100|[from] item: Black Sludge
|upkeep
|turn|48
|
|t:|1614676597
|move|p1a: Corviknight|Defog|p2a: Toxapex
|-unboost|p2a: Toxapex|evasion|1
|-sideend|p1: friedfreak|Stealth Rock|[from] move: Defog|[of] p1a: Corviknight
|move|p2a: Toxapex|Scald|p1a: Corviknight
|-damage|p1a: Corviknight|67/100
|
|-heal|p2a: Toxapex|74/100|[from] item: Black Sludge
|upkeep
|turn|49
|j| what is this bruh
|
|t:|1614676601
|move|p1a: Corviknight|Roost|p1a: Corviknight
|-heal|p1a: Corviknight|100/100
|-singleturn|p1a: Corviknight|move: Roost
|move|p2a: Toxapex|Scald|p1a: Corviknight
|-damage|p1a: Corviknight|84/100
|-status|p1a: Corviknight|brn
|
|-heal|p2a: Toxapex|80/100|[from] item: Black Sludge
|-damage|p1a: Corviknight|78/100 brn|[from] brn
|upkeep
|turn|50
|
|t:|1614676608
|move|p1a: Corviknight|Brave Bird|p2a: Toxapex
|-damage|p2a: Toxapex|66/100
|-damage|p1a: Corviknight|74/100 brn|[from] Recoil
|move|p2a: Toxapex|Scald|p1a: Corviknight
|-damage|p1a: Corviknight|59/100 brn
|
|-heal|p2a: Toxapex|72/100|[from] item: Black Sludge
|-damage|p1a: Corviknight|53/100 brn|[from] brn
|upkeep
|turn|51
|
|t:|1614676614
|switch|p2a: Buzzwole|Buzzwole|64/100
|move|p1a: Corviknight|Roost|p1a: Corviknight
|-heal|p1a: Corviknight|100/100 brn
|-singleturn|p1a: Corviknight|move: Roost
|
|-damage|p1a: Corviknight|94/100 brn|[from] brn
|upkeep
|turn|52
|
|t:|1614676618
|move|p2a: Buzzwole|Roost|p2a: Buzzwole
|-heal|p2a: Buzzwole|100/100
|-singleturn|p2a: Buzzwole|move: Roost
|move|p1a: Corviknight|Brave Bird|p2a: Buzzwole
|-supereffective|p2a: Buzzwole
|-damage|p2a: Buzzwole|58/100
|-damage|p1a: Corviknight|80/100 brn|[from] Recoil
|
|-damage|p1a: Corviknight|74/100 brn|[from] brn
|upkeep
|turn|53
|
|t:|1614676623
|move|p2a: Buzzwole|Roost|p2a: Buzzwole
|-heal|p2a: Buzzwole|100/100
|-singleturn|p2a: Buzzwole|move: Roost
|move|p1a: Corviknight|Brave Bird|p2a: Buzzwole
|-supereffective|p2a: Buzzwole
|-damage|p2a: Buzzwole|64/100
|-damage|p1a: Corviknight|61/100 brn|[from] Recoil
|
|-damage|p1a: Corviknight|55/100 brn|[from] brn
|upkeep
|turn|54
|l| epsilon_xd
|j| GodsAlterius
|
|t:|1614676641
|move|p2a: Buzzwole|Roost|p2a: Buzzwole
|-heal|p2a: Buzzwole|100/100
|-singleturn|p2a: Buzzwole|move: Roost
|move|p1a: Corviknight|Brave Bird|p2a: Buzzwole
|-supereffective|p2a: Buzzwole
|-damage|p2a: Buzzwole|61/100
|-damage|p1a: Corviknight|42/100 brn|[from] Recoil
|
|-damage|p1a: Corviknight|36/100 brn|[from] brn
|upkeep
|turn|55
|
|t:|1614676645
|move|p2a: Buzzwole|Roost|p2a: Buzzwole
|-heal|p2a: Buzzwole|100/100
|-singleturn|p2a: Buzzwole|move: Roost
|move|p1a: Corviknight|Brave Bird|p2a: Buzzwole
|-supereffective|p2a: Buzzwole
|-damage|p2a: Buzzwole|64/100
|-damage|p1a: Corviknight|23/100 brn|[from] Recoil
|
|-damage|p1a: Corviknight|17/100 brn|[from] brn
|upkeep
|turn|56
|
|t:|1614676647
|move|p2a: Buzzwole|Drain Punch|p1a: Corviknight
|-damage|p1a: Corviknight|0 fnt
|-heal|p2a: Buzzwole|72/100|[from] drain|[of] p1a: Corviknight
|faint|p1a: Corviknight
|-ability|p2a: Buzzwole|Beast Boost|boost
|-boost|p2a: Buzzwole|def|1
|
|upkeep
|-message|friedfreak forfeited.
|
|win|Ahsan-219
|l|☆friedfreak
|l| GodsAlterius
|l|☆Ahsan-219
