|j|☆roboPOKE
|j|☆testotesto321
|player|p1|roboPOKE|266|1626
|player|p2|testotesto321|bellelba|1593
|teamsize|p1|6
|teamsize|p2|6
|gametype|singles
|gen|8
|tier|[Gen 8] OU
|rated|
|clearpoke
|poke|p1|Hippowdon, F|
|poke|p1|Urshifu, F|
|poke|p1|Magearna|
|poke|p1|Centiskorch, F|
|poke|p1|Starmie|
|poke|p1|Scyther, M|
|poke|p2|Alakazam, F|
|poke|p2|Cinderace, M|
|poke|p2|Urshifu, F|
|poke|p2|Hippowdon, M|
|poke|p2|Corviknight, F|
|poke|p2|Toxapex, F|
|rule|Sleep Clause Mod: Limit one foe put to sleep
|rule|Species Clause: Limit one of each Pokémon
|rule|OHKO Clause: OHKO moves are banned
|rule|Evasion Moves Clause: Evasion moves are banned
|rule|Endless Battle Clause: Forcing endless battles is banned
|rule|HP Percentage Mod: HP is shown in percentages
|rule|Dynamax Clause: You cannot dynamax
|teampreview
|
|start
|switch|p1a: Hippowdon|Hippowdon, F|100/100
|switch|p2a: Cinderace|Cinderace, M|100/100
|-weather|Sandstorm|[from] ability: Sand Stream|[of] p1a: Hippowdon
|turn|1
|
|switch|p2a: Hippowdon|Hippowdon, M|100/100
|move|p1a: Hippowdon|Stealth Rock|p2a: Hippowdon
|-sidestart|p2: testotesto321|move: Stealth Rock
|
|-weather|Sandstorm|[upkeep]
|upkeep
|turn|2
|
|move|p1a: Hippowdon|Scorching Sands|p2a: Hippowdon
|-damage|p2a: Hippowdon|81/100
|move|p2a: Hippowdon|Stealth Rock|p1a: Hippowdon
|-sidestart|p1: roboPOKE|move: Stealth Rock
|
|-weather|Sandstorm|[upkeep]
|upkeep
|turn|3
|
|move|p2a: Hippowdon|Toxic|p1a: Hippowdon
|-status|p1a: Hippowdon|tox
|move|p1a: Hippowdon|Whirlwind|p2a: Hippowdon
|drag|p2a: Cinderace|Cinderace, M|100/100
|
|-weather|Sandstorm|[upkeep]
|-damage|p2a: Cinderace|95/100|[from] Sandstorm
|-damage|p1a: Hippowdon|94/100 tox|[from] psn
|upkeep
|turn|4
|
|switch|p2a: Corviknight|Corviknight, F|100/100
|-damage|p2a: Corviknight|88/100|[from] Stealth Rock
|-ability|p2a: Corviknight|Pressure
|move|p1a: Hippowdon|Whirlwind|p2a: Corviknight
|drag|p2a: Hippowdon|Hippowdon, M|81/100
|-damage|p2a: Hippowdon|75/100|[from] Stealth Rock
|
|-weather|Sandstorm|[upkeep]
|-heal|p1a: Hippowdon|100/100 tox|[from] item: Leftovers
|-damage|p1a: Hippowdon|88/100 tox|[from] psn
|upkeep
|turn|5
|
|switch|p1a: Starmie|Starmie|100/100
|-damage|p1a: Starmie|88/100|[from] Stealth Rock
|move|p2a: Hippowdon|Slack Off|p2a: Hippowdon
|-heal|p2a: Hippowdon|100/100
|
|-weather|none
|upkeep
|turn|6
|
|switch|p2a: Alakazam|Alakazam, F|100/100
|move|p1a: Starmie|Psychic|p2a: Alakazam
|-resisted|p2a: Alakazam
|-damage|p2a: Alakazam|40/100
|
|upkeep
|turn|7
|
|switch|p1a: Hippowdon|Hippowdon, F|88/100 tox
|-damage|p1a: Hippowdon|82/100 tox|[from] Stealth Rock
|-weather|Sandstorm|[from] ability: Sand Stream|[of] p1a: Hippowdon
|move|p2a: Alakazam|Knock Off|p1a: Hippowdon
|-damage|p1a: Hippowdon|73/100 tox
|-enditem|p1a: Hippowdon|Leftovers|[from] move: Knock Off|[of] p2a: Alakazam
|
|-weather|Sandstorm|[upkeep]
|-damage|p1a: Hippowdon|67/100 tox|[from] psn
|upkeep
|turn|8
|
|switch|p2a: Corviknight|Corviknight, F|88/100
|-damage|p2a: Corviknight|75/100|[from] Stealth Rock
|-ability|p2a: Corviknight|Pressure
|switch|p1a: Urshifu|Urshifu, F|100/100
|-damage|p1a: Urshifu|94/100|[from] Stealth Rock
|
|-weather|Sandstorm|[upkeep]
|-damage|p1a: Urshifu|88/100|[from] Sandstorm
|-heal|p2a: Corviknight|82/100|[from] item: Leftovers
|upkeep
|turn|9
|
|switch|p2a: Hippowdon|Hippowdon, M|100/100
|-damage|p2a: Hippowdon|94/100|[from] Stealth Rock
|move|p1a: Urshifu|U-turn|p2a: Hippowdon
|-damage|p2a: Hippowdon|74/100
|-damage|p1a: Urshifu|72/100|[from] item: Rocky Helmet|[of] p2a: Hippowdon
|
|switch|p1a: Starmie|Starmie|88/100|[from]move: U-turn
|-damage|p1a: Starmie|76/100|[from] Stealth Rock
|
|-weather|Sandstorm|[upkeep]
|-damage|p1a: Starmie|70/100|[from] Sandstorm
|upkeep
|turn|10
|
|switch|p2a: Corviknight|Corviknight, F|82/100
|-damage|p2a: Corviknight|69/100|[from] Stealth Rock
|-ability|p2a: Corviknight|Pressure
|move|p1a: Starmie|Surf|p2a: Corviknight
|-damage|p2a: Corviknight|13/100
|
|-weather|Sandstorm|[upkeep]
|-damage|p1a: Starmie|64/100|[from] Sandstorm
|-heal|p2a: Corviknight|19/100|[from] item: Leftovers
|upkeep
|turn|11
|
|switch|p2a: Toxapex|Toxapex, F, shiny|100/100
|-damage|p2a: Toxapex|88/100|[from] Stealth Rock
|move|p1a: Starmie|Surf|p2a: Toxapex
|-resisted|p2a: Toxapex
|-damage|p2a: Toxapex|51/100
|
|-weather|none
|-heal|p2a: Toxapex|57/100|[from] item: Black Sludge
|upkeep
|turn|12
|
|switch|p1a: Magearna|Magearna|100/100
|-damage|p1a: Magearna|94/100|[from] Stealth Rock
|move|p2a: Toxapex|Scald|p1a: Magearna
|-damage|p1a: Magearna|79/100
|
|-heal|p2a: Toxapex|64/100|[from] item: Black Sludge
|upkeep
|turn|13
|
|move|p1a: Magearna|Calm Mind|p1a: Magearna
|-boost|p1a: Magearna|spa|1
|-boost|p1a: Magearna|spd|1
|move|p2a: Toxapex|Scald|p1a: Magearna
|-damage|p1a: Magearna|70/100
|-status|p1a: Magearna|brn
|
|-heal|p2a: Toxapex|70/100|[from] item: Black Sludge
|-damage|p1a: Magearna|63/100 brn|[from] brn
|upkeep
|turn|14
|
|move|p1a: Magearna|Thunderbolt|p2a: Toxapex
|-supereffective|p2a: Toxapex
|-damage|p2a: Toxapex|0 fnt
|faint|p2a: Toxapex
|-ability|p1a: Magearna|Soul-Heart|boost
|-boost|p1a: Magearna|spa|1
|
|-damage|p1a: Magearna|57/100 brn|[from] brn
|upkeep
|
|switch|p2a: Cinderace|Cinderace, M|95/100
|turn|15
|
|move|p2a: Cinderace|Pyro Ball|p1a: Magearna|[miss]
|-miss|p2a: Cinderace|p1a: Magearna
|move|p1a: Magearna|Misty Explosion|p2a: Cinderace
|-resisted|p2a: Cinderace
|-damage|p2a: Cinderace|11/100
|faint|p1a: Magearna
|
|upkeep
|
|switch|p1a: Scyther|Scyther, M|100/100
|turn|16
|
|switch|p2a: Hippowdon|Hippowdon, M|74/100
|-damage|p2a: Hippowdon|67/100|[from] Stealth Rock
|-weather|Sandstorm|[from] ability: Sand Stream|[of] p2a: Hippowdon
|move|p1a: Scyther|Quick Attack|p2a: Hippowdon
|-damage|p2a: Hippowdon|58/100
|-damage|p1a: Scyther|84/100|[from] item: Rocky Helmet|[of] p2a: Hippowdon
|
|-weather|Sandstorm|[upkeep]
|-damage|p1a: Scyther|78/100|[from] Sandstorm
|upkeep
|turn|17
|
|move|p1a: Scyther|U-turn|p2a: Hippowdon
|-damage|p2a: Hippowdon|40/100
|-damage|p1a: Scyther|62/100|[from] item: Rocky Helmet|[of] p2a: Hippowdon
|
|switch|p1a: Hippowdon|Hippowdon, F|67/100 tox|[from]move: U-turn
|-damage|p1a: Hippowdon|61/100 tox|[from] Stealth Rock
|move|p2a: Hippowdon|Earthquake|p1a: Hippowdon
|-damage|p1a: Hippowdon|41/100 tox
|
|-weather|Sandstorm|[upkeep]
|-damage|p1a: Hippowdon|35/100 tox|[from] psn
|upkeep
|turn|18
|
|move|p1a: Hippowdon|Slack Off|p1a: Hippowdon
|-heal|p1a: Hippowdon|85/100 tox
|move|p2a: Hippowdon|Slack Off|p2a: Hippowdon
|-heal|p2a: Hippowdon|90/100
|
|-weather|Sandstorm|[upkeep]
|-damage|p1a: Hippowdon|72/100 tox|[from] psn
|upkeep
|turn|19
|
|switch|p1a: Starmie|Starmie|64/100
|-damage|p1a: Starmie|51/100|[from] Stealth Rock
|move|p2a: Hippowdon|Earthquake|p1a: Starmie
|-damage|p1a: Starmie|0 fnt
|faint|p1a: Starmie
|
|-weather|Sandstorm|[upkeep]
|upkeep
|
|switch|p1a: Centiskorch|Centiskorch, F|100/100
|turn|20
|
|move|p1a: Centiskorch|Fire Lash|p2a: Hippowdon
|-damage|p2a: Hippowdon|68/100
|-unboost|p2a: Hippowdon|def|1
|-damage|p1a: Centiskorch|84/100|[from] item: Rocky Helmet|[of] p2a: Hippowdon
|move|p2a: Hippowdon|Toxic|p1a: Centiskorch
|-status|p1a: Centiskorch|tox
|
|-weather|none
|-damage|p1a: Centiskorch|78/100 tox|[from] psn
|upkeep
|turn|21
|
|switch|p2a: Corviknight|Corviknight, F|19/100
|-damage|p2a: Corviknight|6/100|[from] Stealth Rock
|-ability|p2a: Corviknight|Pressure
|move|p1a: Centiskorch|Knock Off|p2a: Corviknight
|-crit|p2a: Corviknight
|-damage|p2a: Corviknight|0 fnt
|-enditem|p2a: Corviknight|Leftovers|[from] move: Knock Off|[of] p1a: Centiskorch
|faint|p2a: Corviknight
|
|-damage|p1a: Centiskorch|65/100 tox|[from] psn
|upkeep
|
|switch|p2a: Alakazam|Alakazam, F|40/100
|turn|22
|
|switch|p1a: Hippowdon|Hippowdon, F|72/100 tox
|-damage|p1a: Hippowdon|66/100 tox|[from] Stealth Rock
|-weather|Sandstorm|[from] ability: Sand Stream|[of] p1a: Hippowdon
|move|p2a: Alakazam|Psychic|p1a: Hippowdon
|-damage|p1a: Hippowdon|0 fnt
|faint|p1a: Hippowdon
|
|-weather|Sandstorm|[upkeep]
|upkeep
|
|switch|p1a: Scyther|Scyther, M|62/100
|turn|23
|
|switch|p2a: Hippowdon|Hippowdon, M|68/100
|-damage|p2a: Hippowdon|62/100|[from] Stealth Rock
|move|p1a: Scyther|Quick Attack|p2a: Hippowdon
|-damage|p2a: Hippowdon|53/100
|-damage|p1a: Scyther|45/100|[from] item: Rocky Helmet|[of] p2a: Hippowdon
|
|-weather|Sandstorm|[upkeep]
|-damage|p1a: Scyther|39/100|[from] Sandstorm
|upkeep
|turn|24
|
|switch|p1a: Centiskorch|Centiskorch, F|65/100 tox
|move|p2a: Hippowdon|Slack Off|p2a: Hippowdon
|-heal|p2a: Hippowdon|100/100
|
|-weather|Sandstorm|[upkeep]
|-damage|p1a: Centiskorch|59/100 tox|[from] Sandstorm
|-damage|p1a: Centiskorch|53/100 tox|[from] psn
|upkeep
|turn|25
|
|move|p1a: Centiskorch|Rest|p1a: Centiskorch
|-status|p1a: Centiskorch|slp|[from] move: Rest
|-heal|p1a: Centiskorch|100/100 slp|[silent]
|move|p2a: Hippowdon|Earthquake|p1a: Centiskorch
|-damage|p1a: Centiskorch|52/100 slp
|
|-weather|Sandstorm|[upkeep]
|-damage|p1a: Centiskorch|46/100 slp|[from] Sandstorm
|upkeep
|turn|26
|
|switch|p1a: Scyther|Scyther, M|39/100
|move|p2a: Hippowdon|Earthquake|p1a: Scyther
|-immune|p1a: Scyther
|
|-weather|none
|upkeep
|turn|27
|
|move|p1a: Scyther|Swords Dance|p1a: Scyther
|-boost|p1a: Scyther|atk|2
|move|p2a: Hippowdon|Earthquake|p1a: Scyther
|-immune|p1a: Scyther
|
|upkeep
|turn|28
|
|move|p1a: Scyther|Swords Dance|p1a: Scyther
|-boost|p1a: Scyther|atk|2
|move|p2a: Hippowdon|Toxic|p1a: Scyther
|-status|p1a: Scyther|tox
|
|-damage|p1a: Scyther|33/100 tox|[from] psn
|upkeep
|turn|29
|
|move|p1a: Scyther|Swords Dance|p1a: Scyther
|-boost|p1a: Scyther|atk|2
|move|p2a: Hippowdon|Slack Off||[still]
|-fail|p2a: Hippowdon|heal
|
|-damage|p1a: Scyther|21/100 tox|[from] psn
|upkeep
|turn|30
|
|move|p1a: Scyther|Dual Wingbeat|p2a: Hippowdon
|-damage|p2a: Hippowdon|47/100
|-damage|p1a: Scyther|5/100 tox|[from] item: Rocky Helmet|[of] p2a: Hippowdon
|-damage|p2a: Hippowdon|0 fnt
|-damage|p1a: Scyther|0 fnt|[from] item: Rocky Helmet|[of] p2a: Hippowdon
|-hitcount|p2a: Hippowdon|2
|faint|p2a: Hippowdon
|faint|p1a: Scyther
|
|upkeep
|
|switch|p1a: Urshifu|Urshifu, F|72/100
|switch|p2a: Urshifu|Urshifu, F|100/100
|-damage|p2a: Urshifu|94/100|[from] Stealth Rock
|-damage|p1a: Urshifu|66/100|[from] Stealth Rock
|turn|31
|
|move|p2a: Urshifu|Close Combat|p1a: Urshifu
|-supereffective|p1a: Urshifu
|-damage|p1a: Urshifu|0 fnt
|-unboost|p2a: Urshifu|def|1
|-unboost|p2a: Urshifu|spd|1
|faint|p1a: Urshifu
|
|upkeep
|
|switch|p1a: Centiskorch|Centiskorch, F|46/100 slp
|turn|32
|
|switch|p2a: Alakazam|Alakazam, F|40/100
|cant|p1a: Centiskorch|slp
|move|p1a: Centiskorch|Sleep Talk|p1a: Centiskorch
|move|p1a: Centiskorch|Fire Lash|p2a: Alakazam|[from]Sleep Talk
|-damage|p2a: Alakazam|0 fnt
|faint|p2a: Alakazam
|
|upkeep
|
|switch|p2a: Urshifu|Urshifu, F|94/100
|-damage|p2a: Urshifu|88/100|[from] Stealth Rock
|turn|33
|
|move|p2a: Urshifu|Wicked Blow|p1a: Centiskorch
|-crit|p1a: Centiskorch
|-damage|p1a: Centiskorch|0 fnt
|faint|p1a: Centiskorch
|
|win|testotesto321
