|j|☆30orless
|j|☆rigmortus
|t:|1658075754
|gametype|singles
|player|p1|30orless|102|1853
|player|p2|rigmortus|101|1897
|teamsize|p1|6
|teamsize|p2|6
|gen|8
|tier|[Gen 8] OU
|rated|
|rule|Sleep Clause Mod: Limit one foe put to sleep
|rule|Species Clause: Limit one of each Pokémon
|rule|OHKO Clause: OHKO moves are banned
|rule|Evasion Moves Clause: Evasion moves are banned
|rule|Endless Battle Clause: Forcing endless battles is banned
|rule|HP Percentage Mod: HP is shown in percentages
|rule|Dynamax Clause: You cannot dynamax
|clearpoke
|poke|p1|Heatran, M|
|poke|p1|Hydreigon, M|
|poke|p1|Blaziken, F|
|poke|p1|Volcanion|
|poke|p1|Zapdos|
|poke|p1|Mamoswine, M|
|poke|p2|Slowbro, M|
|poke|p2|Garchomp, M|
|poke|p2|Weavile, M|
|poke|p2|Tornadus-Therian, M|
|poke|p2|Landorus-Therian, M|
|poke|p2|Melmetal|
|teampreview
|inactive|Battle timer is ON: inactive players will automatically lose when time's up. (requested by 30orless)
|
|t:|1658075771
|start
|switch|p1a: Hydreigon|Hydreigon, M|100/100
|switch|p2a: Weavile|Weavile, M|100/100
|turn|1
|
|t:|1658075777
|move|p1a: Hydreigon|Draco Meteor|p2a: Weavile
|-damage|p2a: Weavile|0 fnt
|-unboost|p1a: Hydreigon|spa|2
|faint|p2a: Weavile
|
|upkeep
|
|t:|1658075780
|switch|p2a: Landorus|Landorus-Therian, M|100/100
|-ability|p2a: Landorus|Intimidate|boost
|-unboost|p1a: Hydreigon|atk|1
|turn|2
|
|t:|1658075784
|move|p1a: Hydreigon|Draco Meteor|p2a: Landorus
|-damage|p2a: Landorus|75/100
|-unboost|p1a: Hydreigon|spa|2
|move|p2a: Landorus|Stealth Rock|p1a: Hydreigon
|-sidestart|p1: 30orless|move: Stealth Rock
|
|-heal|p2a: Landorus|81/100|[from] item: Leftovers
|upkeep
|turn|3
|
|t:|1658075789
|switch|p1a: Volcanion|Volcanion|100/100
|move|p2a: Landorus|Toxic|p1a: Volcanion
|-status|p1a: Volcanion|tox
|
|-heal|p2a: Landorus|87/100|[from] item: Leftovers
|-damage|p1a: Volcanion|95/100 tox|[from] psn
|upkeep
|turn|4
|
|t:|1658075794
|switch|p2a: Slowbro|Slowbro, M|100/100
|move|p1a: Volcanion|Steam Eruption|p2a: Slowbro
|-resisted|p2a: Slowbro
|-damage|p2a: Slowbro|72/100
|-status|p2a: Slowbro|brn
|
|-damage|p1a: Volcanion|83/100 tox|[from] psn
|-damage|p2a: Slowbro|65/100 brn|[from] brn
|upkeep
|turn|5
|
|t:|1658075796
|move|p1a: Volcanion|Defog|p2a: Slowbro
|-unboost|p2a: Slowbro|evasion|1
|-sideend|p1: 30orless|Stealth Rock|[from] move: Defog|[of] p1a: Volcanion
|move|p2a: Slowbro|Teleport|p2a: Slowbro
|
|t:|1658075798
|switch|p2a: Garchomp|Garchomp, M|100/100|[from]move: Teleport
|
|-damage|p1a: Volcanion|65/100 tox|[from] psn
|upkeep
|turn|6
|
|t:|1658075801
|switch|p1a: Hydreigon|Hydreigon, M|100/100
|move|p2a: Garchomp|Earthquake|p1a: Hydreigon
|-immune|p1a: Hydreigon|[from] ability: Levitate
|
|upkeep
|turn|7
|
|t:|1658075804
|switch|p2a: Tornadus|Tornadus-Therian, M|100/100
|move|p1a: Hydreigon|Draco Meteor|p2a: Tornadus
|-damage|p2a: Tornadus|22/100
|-unboost|p1a: Hydreigon|spa|2
|
|upkeep
|turn|8
|
|t:|1658075807
|switch|p2a: Landorus|Landorus-Therian, M|87/100
|-ability|p2a: Landorus|Intimidate|boost
|-unboost|p1a: Hydreigon|atk|1
|move|p1a: Hydreigon|Draco Meteor|p2a: Landorus
|-damage|p2a: Landorus|59/100
|-unboost|p1a: Hydreigon|spa|2
|
|-heal|p2a: Landorus|65/100|[from] item: Leftovers
|upkeep
|turn|9
|
|t:|1658075811
|switch|p1a: Mamoswine|Mamoswine, M|100/100
|move|p2a: Landorus|Stealth Rock|p1a: Mamoswine
|-sidestart|p1: 30orless|move: Stealth Rock
|
|-heal|p2a: Landorus|71/100|[from] item: Leftovers
|upkeep
|turn|10
|
|t:|1658075816
|switch|p2a: Slowbro|Slowbro, M|99/100 brn
|move|p1a: Mamoswine|Stealth Rock|p2a: Slowbro
|-sidestart|p2: rigmortus|move: Stealth Rock
|
|-damage|p2a: Slowbro|93/100 brn|[from] brn
|upkeep
|turn|11
|
|t:|1658075819
|switch|p1a: Hydreigon|Hydreigon, M|100/100
|-damage|p1a: Hydreigon|88/100|[from] Stealth Rock
|move|p2a: Slowbro|Future Sight|p1a: Hydreigon
|-start|p2a: Slowbro|move: Future Sight
|
|-damage|p2a: Slowbro|87/100 brn|[from] brn
|upkeep
|turn|12
|j| simplegent
|
|t:|1658075821
|move|p1a: Hydreigon|Dark Pulse|p2a: Slowbro
|-supereffective|p2a: Slowbro
|-enditem|p2a: Slowbro|Colbur Berry|[eat]
|-enditem|p2a: Slowbro|Colbur Berry|[weaken]
|-damage|p2a: Slowbro|48/100 brn
|move|p2a: Slowbro|Teleport|p2a: Slowbro
|
|t:|1658075827
|switch|p2a: Melmetal|Melmetal|100/100|[from]move: Teleport
|-damage|p2a: Melmetal|94/100|[from] Stealth Rock
|
|-heal|p2a: Melmetal|100/100|[from] item: Leftovers
|upkeep
|turn|13
|
|t:|1658075840
|switch|p1a: Zapdos|Zapdos|100/100
|move|p2a: Melmetal|Superpower|p1a: Zapdos
|-resisted|p1a: Zapdos
|-damage|p1a: Zapdos|74/100
|-unboost|p2a: Melmetal|atk|1
|-unboost|p2a: Melmetal|def|1
|-status|p2a: Melmetal|par|[from] ability: Static|[of] p1a: Zapdos
|
|-end|p1a: Zapdos|move: Future Sight
|-damage|p1a: Zapdos|36/100
|upkeep
|turn|14
|
|t:|1658075847
|move|p1a: Zapdos|Roost|p1a: Zapdos
|-heal|p1a: Zapdos|86/100
|-singleturn|p1a: Zapdos|move: Roost
|move|p2a: Melmetal|Toxic|p1a: Zapdos
|-status|p1a: Zapdos|tox
|
|-damage|p1a: Zapdos|80/100 tox|[from] psn
|upkeep
|turn|15
|
|t:|1658075852
|move|p2a: Melmetal|Protect|p2a: Melmetal
|-singleturn|p2a: Melmetal|Protect
|move|p1a: Zapdos|Defog|p2a: Melmetal
|-activate|p2a: Melmetal|move: Protect
|
|-damage|p1a: Zapdos|68/100 tox|[from] psn
|upkeep
|turn|16
|
|t:|1658075855
|switch|p2a: Landorus|Landorus-Therian, M|71/100
|-damage|p2a: Landorus|59/100|[from] Stealth Rock
|-ability|p2a: Landorus|Intimidate|boost
|-unboost|p1a: Zapdos|atk|1
|move|p1a: Zapdos|Defog|p2a: Landorus
|-unboost|p2a: Landorus|evasion|1
|-sideend|p2: rigmortus|Stealth Rock|[from] move: Defog|[of] p1a: Zapdos
|-sideend|p1: 30orless|Stealth Rock|[from] move: Defog|[of] p1a: Zapdos
|
|-heal|p2a: Landorus|65/100|[from] item: Leftovers
|-damage|p1a: Zapdos|50/100 tox|[from] psn
|upkeep
|turn|17
|
|t:|1658075858
|move|p1a: Zapdos|Hurricane|p2a: Landorus
|-damage|p2a: Landorus|16/100
|-start|p2a: Landorus|confusion
|-activate|p2a: Landorus|confusion
|-damage|p2a: Landorus|4/100|[from] confusion
|
|-heal|p2a: Landorus|10/100|[from] item: Leftovers
|-damage|p1a: Zapdos|26/100 tox|[from] psn
|upkeep
|turn|18
|
|t:|1658075863
|move|p1a: Zapdos|Hurricane|p2a: Landorus
|-damage|p2a: Landorus|0 fnt
|faint|p2a: Landorus
|
|-damage|p1a: Zapdos|0 fnt|[from] psn
|faint|p1a: Zapdos
|upkeep
|
|t:|1658075873
|switch|p1a: Volcanion|Volcanion|65/100 tox
|switch|p2a: Tornadus|Tornadus-Therian, M|55/100
|turn|19
|
|t:|1658075877
|move|p2a: Tornadus|U-turn|p1a: Volcanion
|-resisted|p1a: Volcanion
|-damage|p1a: Volcanion|58/100 tox
|
|t:|1658075879
|switch|p2a: Slowbro|Slowbro, M|81/100 brn|[from]move: U-turn
|move|p1a: Volcanion|Steam Eruption|p2a: Slowbro
|-resisted|p2a: Slowbro
|-damage|p2a: Slowbro|56/100 brn
|
|-damage|p1a: Volcanion|52/100 tox|[from] psn
|-damage|p2a: Slowbro|49/100 brn|[from] brn
|upkeep
|turn|20
|
|t:|1658075884
|move|p1a: Volcanion|Earth Power|p2a: Slowbro
|-damage|p2a: Slowbro|20/100 brn
|move|p2a: Slowbro|Teleport|p2a: Slowbro
|
|t:|1658075886
|switch|p2a: Garchomp|Garchomp, M|100/100|[from]move: Teleport
|
|-damage|p1a: Volcanion|40/100 tox|[from] psn
|upkeep
|turn|21
|
|t:|1658075892
|move|p2a: Garchomp|Earthquake|p1a: Volcanion
|-supereffective|p1a: Volcanion
|-damage|p1a: Volcanion|0 fnt
|faint|p1a: Volcanion
|
|upkeep
|
|t:|1658075895
|switch|p1a: Mamoswine|Mamoswine, M|100/100
|turn|22
|j| GoldenStateIdiots
|
|t:|1658075900
|move|p2a: Garchomp|Earthquake|p1a: Mamoswine
|-damage|p1a: Mamoswine|44/100
|move|p1a: Mamoswine|Stealth Rock|p2a: Garchomp
|-sidestart|p2: rigmortus|move: Stealth Rock
|
|upkeep
|turn|23
|
|t:|1658075905
|switch|p2a: Melmetal|Melmetal|100/100 par
|-damage|p2a: Melmetal|94/100 par|[from] Stealth Rock
|move|p1a: Mamoswine|Ice Shard|p2a: Melmetal
|-resisted|p2a: Melmetal
|-damage|p2a: Melmetal|88/100 par
|
|-heal|p2a: Melmetal|94/100 par|[from] item: Leftovers
|upkeep
|turn|24
|
|t:|1658075915
|switch|p1a: Blaziken|Blaziken, F|100/100
|move|p2a: Melmetal|Double Iron Bash|p1a: Blaziken
|-resisted|p1a: Blaziken
|-damage|p1a: Blaziken|64/100
|-resisted|p1a: Blaziken
|-damage|p1a: Blaziken|33/100
|-hitcount|p1a: Blaziken|2
|
|-heal|p2a: Melmetal|99/100 par|[from] item: Leftovers
|upkeep
|turn|25
|
|t:|1658075923
|switch|p2a: Tornadus|Tornadus-Therian, M|89/100
|move|p1a: Blaziken|Overheat|p2a: Tornadus
|-damage|p2a: Tornadus|11/100
|-unboost|p1a: Blaziken|spa|2
|-damage|p1a: Blaziken|23/100|[from] item: Life Orb
|
|-ability|p1a: Blaziken|Speed Boost|boost
|-boost|p1a: Blaziken|spe|1
|upkeep
|turn|26
|
|t:|1658075928
|switch|p2a: Slowbro|Slowbro, M|53/100 brn
|-damage|p2a: Slowbro|41/100 brn|[from] Stealth Rock
|move|p1a: Blaziken|Knock Off|p2a: Slowbro
|-supereffective|p2a: Slowbro
|-crit|p2a: Slowbro
|-damage|p2a: Slowbro|0 fnt
|faint|p2a: Slowbro
|-damage|p1a: Blaziken|13/100|[from] item: Life Orb
|
|-ability|p1a: Blaziken|Speed Boost|boost
|-boost|p1a: Blaziken|spe|1
|upkeep
|
|t:|1658075937
|switch|p2a: Tornadus|Tornadus-Therian, M|44/100
|turn|27
|
|t:|1658075943
|move|p1a: Blaziken|Close Combat|p2a: Tornadus
|-resisted|p2a: Tornadus
|-damage|p2a: Tornadus|9/100
|-unboost|p1a: Blaziken|def|1
|-unboost|p1a: Blaziken|spd|1
|-damage|p1a: Blaziken|3/100|[from] item: Life Orb
|move|p2a: Tornadus|Defog|p1a: Blaziken
|-unboost|p1a: Blaziken|evasion|1
|-sideend|p2: rigmortus|Stealth Rock|[from] move: Defog|[of] p2a: Tornadus
|
|-ability|p1a: Blaziken|Speed Boost|boost
|-boost|p1a: Blaziken|spe|1
|upkeep
|turn|28
|
|t:|1658075950
|move|p1a: Blaziken|Close Combat|p2a: Tornadus
|-resisted|p2a: Tornadus
|-damage|p2a: Tornadus|0 fnt
|-unboost|p1a: Blaziken|def|1
|-unboost|p1a: Blaziken|spd|1
|faint|p2a: Tornadus
|-damage|p1a: Blaziken|0 fnt|[from] item: Life Orb
|faint|p1a: Blaziken
|
|upkeep
|
|t:|1658075955
|switch|p2a: Melmetal|Melmetal|99/100 par
|switch|p1a: Hydreigon|Hydreigon, M|88/100
|turn|29
|
|t:|1658075966
|move|p1a: Hydreigon|Earth Power|p2a: Melmetal
|-supereffective|p2a: Melmetal
|-damage|p2a: Melmetal|43/100 par
|move|p2a: Melmetal|Double Iron Bash|p1a: Hydreigon
|-damage|p1a: Hydreigon|36/100
|-damage|p1a: Hydreigon|0 fnt
|faint|p1a: Hydreigon
|-hitcount|p1: Hydreigon|2
|
|-heal|p2a: Melmetal|49/100 par|[from] item: Leftovers
|upkeep
|
|t:|1658075970
|switch|p1a: Heatran|Heatran, M|100/100
|turn|30
|
|t:|1658075980
|move|p1a: Heatran|Eruption|p2a: Melmetal
|-supereffective|p2a: Melmetal
|-damage|p2a: Melmetal|0 fnt
|faint|p2a: Melmetal
|
|upkeep
|
|t:|1658075982
|switch|p2a: Garchomp|Garchomp, M|100/100
|turn|31
|
|t:|1658075984
|move|p2a: Garchomp|Earthquake|p1a: Heatran
|-supereffective|p1a: Heatran
|-damage|p1a: Heatran|0 fnt
|faint|p1a: Heatran
|
|upkeep
|
|t:|1658075986
|switch|p1a: Mamoswine|Mamoswine, M|44/100
|turn|32
|
|t:|1658075989
|move|p1a: Mamoswine|Ice Shard|p2a: Garchomp
|-supereffective|p2a: Garchomp
|-damage|p2a: Garchomp|0 fnt
|faint|p2a: Garchomp
|
|win|30orless
|raw|30orless's rating: 1853 &rarr; <strong>1876</strong><br />(+23 for winning)
|raw|rigmortus's rating: 1897 &rarr; <strong>1874</strong><br />(-23 for losing)
|l|☆rigmortus
