|raw|<div class="broadcast-blue"><strong>This battle is required to be public due to a player having a name starting with 'lt92pf'.</div>
|j|☆LT92PF STP
|j|☆Coach Jones 6fifth
|t:|1659963772
|gametype|singles
|player|p1|LT92PF STP|lucas|1892
|player|p2|Coach Jones 6fifth|lusamine-nihilego|1849
|teamsize|p1|6
|teamsize|p2|6
|gen|8
|tier|[Gen 8] OU
|rated|
|rule|Sleep Clause Mod: Limit one foe put to sleep
|rule|Species Clause: Limit one of each Pokémon
|rule|OHKO Clause: OHKO moves are banned
|rule|Evasion Items Clause: Evasion items are banned
|rule|Evasion Moves Clause: Evasion moves are banned
|rule|Endless Battle Clause: Forcing endless battles is banned
|rule|HP Percentage Mod: HP is shown in percentages
|rule|Dynamax Clause: You cannot dynamax
|clearpoke
|poke|p1|Blissey, F|
|poke|p1|Skarmory, M|
|poke|p1|Clefable, F|
|poke|p1|Gastrodon, F|
|poke|p1|Toxapex, F|
|poke|p1|Hydreigon, F|
|poke|p2|Ferrothorn, F|
|poke|p2|Rotom-Wash|
|poke|p2|Clefable, F|
|poke|p2|Zapdos|
|poke|p2|Tyranitar, F|
|poke|p2|Excadrill, F|
|teampreview
|
|t:|1659963787
|start
|switch|p1a: Toxapex|Toxapex, F, shiny|100/100
|switch|p2a: Ferrothorn|Ferrothorn, F, shiny|100/100
|turn|1
|
|t:|1659963790
|move|p1a: Toxapex|Knock Off|p2a: Ferrothorn
|-damage|p2a: Ferrothorn|89/100
|-damage|p1a: Toxapex|88/100|[from] ability: Iron Barbs|[of] p2a: Ferrothorn
|-enditem|p2a: Ferrothorn|Leftovers|[from] move: Knock Off|[of] p1a: Toxapex
|move|p2a: Ferrothorn|Knock Off|p1a: Toxapex
|-damage|p1a: Toxapex|74/100
|-damage|p2a: Ferrothorn|72/100|[from] item: Rocky Helmet|[of] p1a: Toxapex
|-enditem|p1a: Toxapex|Rocky Helmet|[from] move: Knock Off|[of] p2a: Ferrothorn
|
|upkeep
|turn|2
|
|t:|1659963797
|switch|p1a: Skarmory|Skarmory, M|100/100
|move|p2a: Ferrothorn|Leech Seed|p1a: Skarmory
|-start|p1a: Skarmory|move: Leech Seed
|
|-damage|p1a: Skarmory|88/100|[from] Leech Seed|[of] p2a: Ferrothorn
|-heal|p2a: Ferrothorn|84/100|[silent]
|upkeep
|turn|3
|
|t:|1659963803
|move|p1a: Skarmory|Spikes|p2a: Ferrothorn
|-sidestart|p2: Coach Jones 6fifth|Spikes
|move|p2a: Ferrothorn|Knock Off|p1a: Skarmory
|-damage|p1a: Skarmory|76/100
|-enditem|p1a: Skarmory|Shed Shell|[from] move: Knock Off|[of] p2a: Ferrothorn
|
|-damage|p1a: Skarmory|64/100|[from] Leech Seed|[of] p2a: Ferrothorn
|-heal|p2a: Ferrothorn|95/100|[silent]
|upkeep
|turn|4
|j| Pond Fan Pee
|j| Seleukus
|
|t:|1659963811
|move|p1a: Skarmory|Roost|p1a: Skarmory
|-heal|p1a: Skarmory|100/100
|-singleturn|p1a: Skarmory|move: Roost
|move|p2a: Ferrothorn|Stealth Rock|p1a: Skarmory
|-sidestart|p1: LT92PF STP|move: Stealth Rock
|
|-damage|p1a: Skarmory|88/100|[from] Leech Seed|[of] p2a: Ferrothorn
|-heal|p2a: Ferrothorn|100/100|[silent]
|upkeep
|turn|5
|
|t:|1659963817
|switch|p2a: Zapdos|Zapdos|100/100
|move|p1a: Skarmory|Spikes|p2a: Zapdos
|-sidestart|p2: Coach Jones 6fifth|Spikes
|
|-damage|p1a: Skarmory|76/100|[from] Leech Seed|[of] p2a: Zapdos
|upkeep
|turn|6
|
|t:|1659963821
|switch|p1a: Gastrodon|Gastrodon, F|100/100
|move|p2a: Zapdos|Toxic|p1a: Gastrodon
|-status|p1a: Gastrodon|tox
|
|-damage|p1a: Gastrodon|94/100 tox|[from] psn
|upkeep
|turn|7
|
|t:|1659963826
|switch|p2a: Clefable|Clefable, F, shiny|100/100
|move|p1a: Gastrodon|Scald|p2a: Clefable
|-damage|p2a: Clefable|77/100
|
|-damage|p1a: Gastrodon|82/100 tox|[from] psn
|upkeep
|turn|8
|l| Seleukus
|
|t:|1659963830
|switch|p1a: Blissey|Blissey, F|100/100
|move|p2a: Clefable|Calm Mind|p2a: Clefable
|-boost|p2a: Clefable|spa|1
|-boost|p2a: Clefable|spd|1
|
|upkeep
|turn|9
|j| skylink42\
|
|t:|1659963838
|switch|p2a: Excadrill|Excadrill, F, shiny|100/100
|-damage|p2a: Excadrill|84/100|[from] Spikes
|move|p1a: Blissey|Stealth Rock|p2a: Excadrill
|-sidestart|p2: Coach Jones 6fifth|move: Stealth Rock
|
|-heal|p2a: Excadrill|90/100|[from] item: Leftovers
|upkeep
|turn|10
|
|t:|1659963844
|move|p2a: Excadrill|Rapid Spin|p1a: Blissey
|-damage|p1a: Blissey|85/100
|-boost|p2a: Excadrill|spe|1
|-sideend|p2: Coach Jones 6fifth|Spikes|[from] move: Rapid Spin|[of] p2a: Excadrill
|-sideend|p2: Coach Jones 6fifth|Stealth Rock|[from] move: Rapid Spin|[of] p2a: Excadrill
|move|p1a: Blissey|Wish|p1a: Blissey
|
|-heal|p2a: Excadrill|96/100|[from] item: Leftovers
|upkeep
|turn|11
|
|t:|1659963848
|switch|p1a: Skarmory|Skarmory, M|76/100
|-damage|p1a: Skarmory|64/100|[from] Stealth Rock
|move|p2a: Excadrill|Swords Dance|p2a: Excadrill
|-boost|p2a: Excadrill|atk|2
|
|-heal|p1a: Skarmory|100/100|[from] move: Wish|[wisher] Blissey
|-heal|p2a: Excadrill|100/100|[from] item: Leftovers
|upkeep
|turn|12
|
|t:|1659963855
|switch|p2a: Zapdos|Zapdos|100/100
|move|p1a: Skarmory|Body Press|p2a: Zapdos
|-resisted|p2a: Zapdos
|-damage|p2a: Zapdos|90/100
|-status|p1a: Skarmory|par|[from] ability: Static|[of] p2a: Zapdos
|
|upkeep
|turn|13
|j| Linkerrr
|
|t:|1659963862
|switch|p1a: Blissey|Blissey, F|85/100
|move|p2a: Zapdos|Volt Switch|p1a: Blissey
|-damage|p1a: Blissey|75/100
|j| LT92PF Ash
|
|t:|1659963864
|switch|p2a: Tyranitar|Tyranitar, F|100/100|[from]move: Volt Switch
|-weather|Sandstorm|[from] ability: Sand Stream|[of] p2a: Tyranitar
|
|-weather|Sandstorm|[upkeep]
|-damage|p1a: Blissey|69/100|[from] Sandstorm
|upkeep
|turn|14
|
|t:|1659963868
|switch|p1a: Toxapex|Toxapex, F, shiny|100/100
|-damage|p1a: Toxapex|88/100|[from] Stealth Rock
|move|p2a: Tyranitar|Stone Edge|p1a: Toxapex
|-damage|p1a: Toxapex|39/100
|
|-weather|Sandstorm|[upkeep]
|-damage|p1a: Toxapex|32/100|[from] Sandstorm
|upkeep
|turn|15
|
|t:|1659963873
|switch|p1a: Gastrodon|Gastrodon, F|82/100 tox
|move|p2a: Tyranitar|Stone Edge|p1a: Gastrodon|[miss]
|-miss|p2a: Tyranitar|p1a: Gastrodon
|
|-weather|Sandstorm|[upkeep]
|-damage|p1a: Gastrodon|76/100 tox|[from] psn
|upkeep
|turn|16
|
|t:|1659963876
|switch|p2a: Clefable|Clefable, F, shiny|77/100
|move|p1a: Gastrodon|Recover|p1a: Gastrodon
|-heal|p1a: Gastrodon|100/100 tox
|
|-weather|Sandstorm|[upkeep]
|-damage|p1a: Gastrodon|88/100 tox|[from] psn
|upkeep
|turn|17
|
|t:|1659963881
|switch|p1a: Clefable|Clefable, F|100/100
|move|p2a: Clefable|Calm Mind|p2a: Clefable
|-boost|p2a: Clefable|spa|1
|-boost|p2a: Clefable|spd|1
|
|-weather|none
|upkeep
|turn|18
|
|t:|1659963884
|move|p2a: Clefable|Moonblast|p1a: Clefable
|-damage|p1a: Clefable|62/100
|-unboost|p1a: Clefable|spa|1
|move|p1a: Clefable|Aromatherapy|p1a: Clefable
|-activate|p1a: Clefable|move: Aromatherapy
|-curestatus|p1: Gastrodon|tox|[msg]
|-curestatus|p1: Skarmory|par|[msg]
|
|upkeep
|turn|19
|j| Noktuska
|
|t:|1659963891
|switch|p2a: Tyranitar|Tyranitar, F|100/100
|-weather|Sandstorm|[from] ability: Sand Stream|[of] p2a: Tyranitar
|move|p1a: Clefable|Soft-Boiled|p1a: Clefable
|-heal|p1a: Clefable|100/100
|
|-weather|Sandstorm|[upkeep]
|-damage|p1a: Clefable|94/100|[from] Sandstorm
|upkeep
|turn|20
|
|t:|1659963896
|switch|p2a: Ferrothorn|Ferrothorn, F, shiny|100/100
|switch|p1a: Toxapex|Toxapex, F, shiny|66/100
|-damage|p1a: Toxapex|53/100|[from] Stealth Rock
|
|-weather|Sandstorm|[upkeep]
|-damage|p1a: Toxapex|47/100|[from] Sandstorm
|upkeep
|turn|21
|j| LT92PF Black Lotus
|l| LT92PF Ash
|
|t:|1659963901
|move|p1a: Toxapex|Recover|p1a: Toxapex
|-heal|p1a: Toxapex|97/100
|move|p2a: Ferrothorn|Leech Seed|p1a: Toxapex
|-start|p1a: Toxapex|move: Leech Seed
|
|-weather|Sandstorm|[upkeep]
|-damage|p1a: Toxapex|91/100|[from] Sandstorm
|-damage|p1a: Toxapex|78/100|[from] Leech Seed|[of] p2a: Ferrothorn
|upkeep
|turn|22
|
|t:|1659963906
|switch|p1a: Blissey|Blissey, F|69/100
|switch|p2a: Zapdos|Zapdos|90/100
|
|-weather|Sandstorm|[upkeep]
|-damage|p2a: Zapdos|84/100|[from] Sandstorm
|-damage|p1a: Blissey|63/100|[from] Sandstorm
|upkeep
|turn|23
|j|@ironwater
|
|t:|1659963918
|move|p2a: Zapdos|Volt Switch|p1a: Blissey
|-damage|p1a: Blissey|52/100
|
|t:|1659963920
|switch|p2a: Excadrill|Excadrill, F, shiny|100/100|[from]move: Volt Switch
|move|p1a: Blissey|Soft-Boiled|p1a: Blissey
|-heal|p1a: Blissey|100/100
|
|-weather|none
|upkeep
|turn|24
|
|t:|1659963927
|switch|p2a: Rotom|Rotom-Wash, shiny|100/100
|move|p1a: Blissey|Stealth Rock|p2a: Rotom
|-sidestart|p2: Coach Jones 6fifth|move: Stealth Rock
|
|upkeep
|turn|25
|
|t:|1659963934
|move|p2a: Rotom|Volt Switch|p1a: Blissey
|-damage|p1a: Blissey|92/100
|
|t:|1659963935
|switch|p2a: Excadrill|Excadrill, F, shiny|100/100|[from]move: Volt Switch
|-damage|p2a: Excadrill|97/100|[from] Stealth Rock
|move|p1a: Blissey|Wish|p1a: Blissey
|
|-heal|p2a: Excadrill|100/100|[from] item: Leftovers
|upkeep
|turn|26
|
|t:|1659963944
|switch|p1a: Skarmory|Skarmory, M|100/100
|-damage|p1a: Skarmory|88/100|[from] Stealth Rock
|move|p2a: Excadrill|Rapid Spin|p1a: Skarmory
|-resisted|p1a: Skarmory
|-damage|p1a: Skarmory|83/100
|-boost|p2a: Excadrill|spe|1
|-sideend|p2: Coach Jones 6fifth|Stealth Rock|[from] move: Rapid Spin|[of] p2a: Excadrill
|
|-heal|p1a: Skarmory|100/100|[from] move: Wish|[wisher] Blissey
|upkeep
|turn|27
|
|t:|1659963950
|switch|p2a: Zapdos|Zapdos|84/100
|move|p1a: Skarmory|Toxic|p2a: Zapdos
|-status|p2a: Zapdos|tox
|
|-damage|p2a: Zapdos|78/100 tox|[from] psn
|upkeep
|turn|28
|
|t:|1659963955
|switch|p1a: Gastrodon|Gastrodon, F|88/100
|move|p2a: Zapdos|Toxic|p1a: Gastrodon
|-status|p1a: Gastrodon|tox
|
|-damage|p2a: Zapdos|66/100 tox|[from] psn
|-damage|p1a: Gastrodon|82/100 tox|[from] psn
|upkeep
|turn|29
|
|t:|1659963960
|switch|p1a: Blissey|Blissey, F|92/100
|move|p2a: Zapdos|Volt Switch|p1a: Blissey
|-damage|p1a: Blissey|81/100
|
|t:|1659963962
|switch|p2a: Tyranitar|Tyranitar, F|100/100|[from]move: Volt Switch
|-weather|Sandstorm|[from] ability: Sand Stream|[of] p2a: Tyranitar
|
|-weather|Sandstorm|[upkeep]
|-damage|p1a: Blissey|75/100|[from] Sandstorm
|upkeep
|turn|30
|
|t:|1659963968
|switch|p1a: Toxapex|Toxapex, F, shiny|100/100
|-damage|p1a: Toxapex|88/100|[from] Stealth Rock
|move|p2a: Tyranitar|Crunch|p1a: Toxapex
|-damage|p1a: Toxapex|47/100
|
|-weather|Sandstorm|[upkeep]
|-damage|p1a: Toxapex|41/100|[from] Sandstorm
|upkeep
|turn|31
|
|t:|1659963975
|switch|p2a: Excadrill|Excadrill, F, shiny|100/100
|switch|p1a: Hydreigon|Hydreigon, F|100/100
|-damage|p1a: Hydreigon|88/100|[from] Stealth Rock
|
|-weather|Sandstorm|[upkeep]
|-damage|p1a: Hydreigon|82/100|[from] Sandstorm
|-heal|p1a: Hydreigon|88/100|[from] item: Leftovers
|upkeep
|turn|32
|l| skylink42\
|
|t:|1659963981
|switch|p2a: Clefable|Clefable, F, shiny|77/100
|move|p1a: Hydreigon|Dark Pulse|p2a: Clefable
|-resisted|p2a: Clefable
|-damage|p2a: Clefable|56/100
|
|-weather|Sandstorm|[upkeep]
|-damage|p1a: Hydreigon|82/100|[from] Sandstorm
|-heal|p1a: Hydreigon|88/100|[from] item: Leftovers
|upkeep
|turn|33
|
|t:|1659963985
|move|p1a: Hydreigon|Flash Cannon|p2a: Clefable
|-supereffective|p2a: Clefable
|-damage|p2a: Clefable|4/100
|-unboost|p2a: Clefable|spd|1
|move|p2a: Clefable|Moonblast|p1a: Hydreigon
|-supereffective|p1a: Hydreigon
|-crit|p1a: Hydreigon
|-damage|p1a: Hydreigon|0 fnt
|faint|p1a: Hydreigon
|
|-weather|none
|upkeep
|
|t:|1659963999
|switch|p1a: Clefable|Clefable, F|94/100
|turn|34
|
|t:|1659964004
|switch|p2a: Excadrill|Excadrill, F, shiny|100/100
|move|p1a: Clefable|Moonblast|p2a: Excadrill
|-resisted|p2a: Excadrill
|-damage|p2a: Excadrill|79/100
|-unboost|p2a: Excadrill|spa|1
|
|-heal|p2a: Excadrill|85/100|[from] item: Leftovers
|upkeep
|turn|35
|
|t:|1659964008
|switch|p1a: Skarmory|Skarmory, M|100/100
|-damage|p1a: Skarmory|88/100|[from] Stealth Rock
|move|p2a: Excadrill|Iron Head|p1a: Skarmory
|-resisted|p1a: Skarmory
|-damage|p1a: Skarmory|76/100
|
|-heal|p2a: Excadrill|91/100|[from] item: Leftovers
|upkeep
|turn|36
|
|t:|1659964013
|switch|p2a: Rotom|Rotom-Wash, shiny|100/100
|move|p1a: Skarmory|Spikes|p2a: Rotom
|-sidestart|p2: Coach Jones 6fifth|Spikes
|
|upkeep
|turn|37
|
|t:|1659964017
|switch|p1a: Gastrodon|Gastrodon, F|82/100 tox
|move|p2a: Rotom|Volt Switch|p1a: Gastrodon
|-immune|p1a: Gastrodon
|
|-damage|p1a: Gastrodon|76/100 tox|[from] psn
|upkeep
|turn|38
|
|t:|1659964021
|switch|p2a: Zapdos|Zapdos|66/100 tox
|move|p1a: Gastrodon|Scald|p2a: Zapdos
|-damage|p2a: Zapdos|39/100 tox
|
|-damage|p2a: Zapdos|33/100 tox|[from] psn
|-damage|p1a: Gastrodon|64/100 tox|[from] psn
|upkeep
|turn|39
|
|t:|1659964026
|move|p2a: Zapdos|Roost|p2a: Zapdos
|-heal|p2a: Zapdos|84/100 tox
|-singleturn|p2a: Zapdos|move: Roost
|move|p1a: Gastrodon|Earth Power|p2a: Zapdos
|-supereffective|p2a: Zapdos
|-damage|p2a: Zapdos|26/100 tox
|
|-damage|p2a: Zapdos|14/100 tox|[from] psn
|-damage|p1a: Gastrodon|46/100 tox|[from] psn
|upkeep
|turn|40
|
|t:|1659964032
|switch|p2a: Rotom|Rotom-Wash, shiny|100/100
|move|p1a: Gastrodon|Recover|p1a: Gastrodon
|-heal|p1a: Gastrodon|96/100 tox
|
|-damage|p1a: Gastrodon|71/100 tox|[from] psn
|upkeep
|turn|41
|
|t:|1659964037
|switch|p2a: Ferrothorn|Ferrothorn, F, shiny|100/100
|-damage|p2a: Ferrothorn|88/100|[from] Spikes
|switch|p1a: Blissey|Blissey, F|75/100
|
|upkeep
|turn|42
|
|t:|1659964041
|switch|p2a: Excadrill|Excadrill, F, shiny|91/100
|-damage|p2a: Excadrill|78/100|[from] Spikes
|move|p1a: Blissey|Wish|p1a: Blissey
|
|-heal|p2a: Excadrill|84/100|[from] item: Leftovers
|upkeep
|turn|43
|
|t:|1659964045
|switch|p1a: Skarmory|Skarmory, M|76/100
|-damage|p1a: Skarmory|63/100|[from] Stealth Rock
|move|p2a: Excadrill|Rapid Spin|p1a: Skarmory
|-resisted|p1a: Skarmory
|-damage|p1a: Skarmory|58/100
|-boost|p2a: Excadrill|spe|1
|-sideend|p2: Coach Jones 6fifth|Spikes|[from] move: Rapid Spin|[of] p2a: Excadrill
|
|-heal|p1a: Skarmory|100/100|[from] move: Wish|[wisher] Blissey
|-heal|p2a: Excadrill|91/100|[from] item: Leftovers
|upkeep
|turn|44
|l| LT92PF Black Lotus
|
|t:|1659964052
|switch|p2a: Rotom|Rotom-Wash, shiny|100/100
|move|p1a: Skarmory|Spikes|p2a: Rotom
|-sidestart|p2: Coach Jones 6fifth|Spikes
|
|upkeep
|turn|45
|
|t:|1659964061
|switch|p2a: Zapdos|Zapdos|14/100 tox
|switch|p1a: Gastrodon|Gastrodon, F|71/100 tox
|
|-damage|p2a: Zapdos|8/100 tox|[from] psn
|-damage|p1a: Gastrodon|65/100 tox|[from] psn
|upkeep
|turn|46
|
|t:|1659964066
|switch|p2a: Ferrothorn|Ferrothorn, F, shiny|88/100
|-damage|p2a: Ferrothorn|75/100|[from] Spikes
|move|p1a: Gastrodon|Earth Power|p2a: Ferrothorn
|-damage|p2a: Ferrothorn|56/100
|
|-damage|p1a: Gastrodon|53/100 tox|[from] psn
|upkeep
|turn|47
|j| Lt92pf addicted
|
|t:|1659964072
|switch|p1a: Clefable|Clefable, F|94/100
|move|p2a: Ferrothorn|Knock Off|p1a: Clefable
|-resisted|p1a: Clefable
|-damage|p1a: Clefable|86/100
|-enditem|p1a: Clefable|Heavy-Duty Boots|[from] move: Knock Off|[of] p2a: Ferrothorn
|
|upkeep
|turn|48
|
|t:|1659964076
|move|p1a: Clefable|Aromatherapy|p1a: Clefable
|-activate|p1a: Clefable|move: Aromatherapy
|-curestatus|p1: Gastrodon|tox|[msg]
|move|p2a: Ferrothorn|Leech Seed|p1a: Clefable
|-start|p1a: Clefable|move: Leech Seed
|
|-damage|p1a: Clefable|74/100|[from] Leech Seed|[of] p2a: Ferrothorn
|-heal|p2a: Ferrothorn|70/100|[silent]
|upkeep
|turn|49
|
|t:|1659964079
|switch|p1a: Toxapex|Toxapex, F, shiny|74/100
|-damage|p1a: Toxapex|62/100|[from] Stealth Rock
|move|p2a: Ferrothorn|Gyro Ball|p1a: Toxapex
|-resisted|p1a: Toxapex
|-damage|p1a: Toxapex|55/100
|
|upkeep
|turn|50
|
|t:|1659964083
|move|p1a: Toxapex|Recover|p1a: Toxapex
|-heal|p1a: Toxapex|100/100
|move|p2a: Ferrothorn|Leech Seed|p1a: Toxapex
|-start|p1a: Toxapex|move: Leech Seed
|
|-damage|p1a: Toxapex|88/100|[from] Leech Seed|[of] p2a: Ferrothorn
|-heal|p2a: Ferrothorn|81/100|[silent]
|upkeep
|turn|51
|
|t:|1659964086
|switch|p1a: Blissey|Blissey, F|75/100
|move|p2a: Ferrothorn|Knock Off|p1a: Blissey
|-damage|p1a: Blissey|58/100
|-enditem|p1a: Blissey|Heavy-Duty Boots|[from] move: Knock Off|[of] p2a: Ferrothorn
|
|upkeep
|turn|52
|
|t:|1659964088
|move|p1a: Blissey|Soft-Boiled|p1a: Blissey
|-heal|p1a: Blissey|100/100
|move|p2a: Ferrothorn|Leech Seed|p1a: Blissey
|-start|p1a: Blissey|move: Leech Seed
|
|-damage|p1a: Blissey|88/100|[from] Leech Seed|[of] p2a: Ferrothorn
|-heal|p2a: Ferrothorn|100/100|[silent]
|upkeep
|turn|53
|
|t:|1659964092
|move|p1a: Blissey|Wish|p1a: Blissey
|move|p2a: Ferrothorn|Knock Off|p1a: Blissey
|-damage|p1a: Blissey|75/100
|
|-damage|p1a: Blissey|62/100|[from] Leech Seed|[of] p2a: Ferrothorn
|upkeep
|turn|54
|
|t:|1659964096
|switch|p1a: Gastrodon|Gastrodon, F|53/100
|move|p2a: Ferrothorn|Gyro Ball|p1a: Gastrodon
|-resisted|p1a: Gastrodon
|-damage|p1a: Gastrodon|39/100
|
|-heal|p1a: Gastrodon|100/100|[from] move: Wish|[wisher] Blissey
|upkeep
|turn|55
|
|t:|1659964106
|move|p1a: Gastrodon|Scald|p2a: Ferrothorn
|-resisted|p2a: Ferrothorn
|-damage|p2a: Ferrothorn|92/100
|move|p2a: Ferrothorn|Knock Off|p1a: Gastrodon
|-damage|p1a: Gastrodon|78/100
|-activate|p1a: Gastrodon|ability: Sticky Hold
|
|upkeep
|turn|56
|
|t:|1659964111
|move|p1a: Gastrodon|Scald|p2a: Ferrothorn
|-resisted|p2a: Ferrothorn
|-damage|p2a: Ferrothorn|83/100
|move|p2a: Ferrothorn|Leech Seed|p1a: Gastrodon|[miss]
|-miss|p2a: Ferrothorn|p1a: Gastrodon
|
|upkeep
|turn|57
|
|t:|1659964114
|move|p1a: Gastrodon|Scald|p2a: Ferrothorn
|-resisted|p2a: Ferrothorn
|-damage|p2a: Ferrothorn|75/100
|move|p2a: Ferrothorn|Leech Seed|p1a: Gastrodon
|-start|p1a: Gastrodon|move: Leech Seed
|
|-damage|p1a: Gastrodon|66/100|[from] Leech Seed|[of] p2a: Ferrothorn
|-heal|p2a: Ferrothorn|90/100|[silent]
|upkeep
|turn|58
|
|t:|1659964118
|switch|p1a: Toxapex|Toxapex, F, shiny|100/100
|-damage|p1a: Toxapex|88/100|[from] Stealth Rock
|switch|p2a: Rotom|Rotom-Wash, shiny|100/100
|
|upkeep
|turn|59
|
|t:|1659964123
|switch|p1a: Gastrodon|Gastrodon, F|66/100
|move|p2a: Rotom|Volt Switch|p1a: Gastrodon
|-immune|p1a: Gastrodon
|
|upkeep
|turn|60
|
|t:|1659964128
|move|p2a: Rotom|Will-O-Wisp|p1a: Gastrodon
|-status|p1a: Gastrodon|brn
|move|p1a: Gastrodon|Scald|p2a: Rotom
|-resisted|p2a: Rotom
|-damage|p2a: Rotom|86/100
|-status|p2a: Rotom|brn
|
|-damage|p2a: Rotom|80/100 brn|[from] brn
|-damage|p1a: Gastrodon|60/100 brn|[from] brn
|upkeep
|turn|61
|
|t:|1659964131
|move|p2a: Rotom|Hydro Pump|p1a: Gastrodon
|-damage|p1a: Gastrodon|36/100 brn
|move|p1a: Gastrodon|Recover|p1a: Gastrodon
|-heal|p1a: Gastrodon|86/100 brn
|
|-damage|p2a: Rotom|74/100 brn|[from] brn
|-damage|p1a: Gastrodon|80/100 brn|[from] brn
|upkeep
|turn|62
|
|t:|1659964143
|move|p2a: Rotom|Volt Switch|p1a: Gastrodon
|-immune|p1a: Gastrodon
|move|p1a: Gastrodon|Scald|p2a: Rotom
|-resisted|p2a: Rotom
|-damage|p2a: Rotom|62/100 brn
|
|-damage|p2a: Rotom|56/100 brn|[from] brn
|-damage|p1a: Gastrodon|74/100 brn|[from] brn
|upkeep
|turn|63
|l| Lt92pf addicted
|
|t:|1659964152
|move|p2a: Rotom|Volt Switch|p1a: Gastrodon
|-immune|p1a: Gastrodon
|move|p1a: Gastrodon|Recover|p1a: Gastrodon
|-heal|p1a: Gastrodon|100/100 brn
|
|-damage|p2a: Rotom|50/100 brn|[from] brn
|-damage|p1a: Gastrodon|94/100 brn|[from] brn
|upkeep
|turn|64
|
|t:|1659964157
|move|p2a: Rotom|Volt Switch|p1a: Gastrodon
|-immune|p1a: Gastrodon
|move|p1a: Gastrodon|Scald|p2a: Rotom
|-resisted|p2a: Rotom
|-damage|p2a: Rotom|36/100 brn
|
|-damage|p2a: Rotom|30/100 brn|[from] brn
|-damage|p1a: Gastrodon|88/100 brn|[from] brn
|upkeep
|turn|65
|j| LT91BB Dally
|
|t:|1659964163
|switch|p1a: Clefable|Clefable, F|74/100
|-damage|p1a: Clefable|61/100|[from] Stealth Rock
|move|p2a: Rotom|Pain Split|p1a: Clefable
|-sethp|p1a: Clefable|42/100|[from] move: Pain Split|[silent]
|-sethp|p2a: Rotom|55/100 brn|[from] move: Pain Split
|
|-damage|p2a: Rotom|49/100 brn|[from] brn
|upkeep
|turn|66
|
|t:|1659964170
|move|p2a: Rotom|Hydro Pump|p1a: Clefable|[miss]
|-miss|p2a: Rotom|p1a: Clefable
|move|p1a: Clefable|Soft-Boiled|p1a: Clefable
|-heal|p1a: Clefable|92/100
|
|-damage|p2a: Rotom|43/100 brn|[from] brn
|upkeep
|turn|67
|
|t:|1659964174
|move|p2a: Rotom|Pain Split|p1a: Clefable
|-sethp|p1a: Clefable|62/100|[from] move: Pain Split|[silent]
|-sethp|p2a: Rotom|81/100 brn|[from] move: Pain Split
|move|p1a: Clefable|Calm Mind|p1a: Clefable
|-boost|p1a: Clefable|spa|1
|-boost|p1a: Clefable|spd|1
|
|-damage|p2a: Rotom|75/100 brn|[from] brn
|upkeep
|turn|68
|
|t:|1659964177
|move|p2a: Rotom|Volt Switch|p1a: Clefable
|-damage|p1a: Clefable|48/100
|
|t:|1659964178
|switch|p2a: Excadrill|Excadrill, F, shiny|91/100|[from]move: Volt Switch
|-damage|p2a: Excadrill|78/100|[from] Spikes
|move|p1a: Clefable|Soft-Boiled|p1a: Clefable
|-heal|p1a: Clefable|98/100
|
|-heal|p2a: Excadrill|84/100|[from] item: Leftovers
|upkeep
|turn|69
|
|t:|1659964183
|switch|p1a: Skarmory|Skarmory, M|100/100
|-damage|p1a: Skarmory|88/100|[from] Stealth Rock
|move|p2a: Excadrill|Rapid Spin|p1a: Skarmory
|-resisted|p1a: Skarmory
|-damage|p1a: Skarmory|83/100
|-boost|p2a: Excadrill|spe|1
|-sideend|p2: Coach Jones 6fifth|Spikes|[from] move: Rapid Spin|[of] p2a: Excadrill
|
|-heal|p2a: Excadrill|90/100|[from] item: Leftovers
|upkeep
|turn|70
|
|t:|1659964191
|switch|p2a: Rotom|Rotom-Wash, shiny|75/100 brn
|move|p1a: Skarmory|Body Press|p2a: Rotom
|-damage|p2a: Rotom|48/100 brn
|-damage|p1a: Skarmory|67/100|[from] item: Rocky Helmet|[of] p2a: Rotom
|
|-damage|p2a: Rotom|42/100 brn|[from] brn
|upkeep
|turn|71
|
|t:|1659964200
|switch|p1a: Blissey|Blissey, F|62/100
|-damage|p1a: Blissey|50/100|[from] Stealth Rock
|move|p2a: Rotom|Volt Switch|p1a: Blissey
|-damage|p1a: Blissey|41/100
|
|t:|1659964205
|switch|p2a: Tyranitar|Tyranitar, F|100/100|[from]move: Volt Switch
|-weather|Sandstorm|[from] ability: Sand Stream|[of] p2a: Tyranitar
|
|-weather|Sandstorm|[upkeep]
|-damage|p1a: Blissey|35/100|[from] Sandstorm
|upkeep
|turn|72
|
|t:|1659964209
|switch|p1a: Toxapex|Toxapex, F, shiny|100/100
|-damage|p1a: Toxapex|88/100|[from] Stealth Rock
|move|p2a: Tyranitar|Crunch|p1a: Toxapex
|-damage|p1a: Toxapex|48/100
|
|-weather|Sandstorm|[upkeep]
|-damage|p1a: Toxapex|42/100|[from] Sandstorm
|upkeep
|turn|73
|
|t:|1659964214
|switch|p1a: Clefable|Clefable, F|98/100
|-damage|p1a: Clefable|85/100|[from] Stealth Rock
|move|p2a: Tyranitar|Crunch|p1a: Clefable
|-resisted|p1a: Clefable
|-damage|p1a: Clefable|60/100
|-unboost|p1a: Clefable|def|1
|
|-weather|Sandstorm|[upkeep]
|-damage|p1a: Clefable|54/100|[from] Sandstorm
|upkeep
|turn|74
|
|t:|1659964217
|move|p2a: Tyranitar|Crunch|p1a: Clefable
|-resisted|p1a: Clefable
|-damage|p1a: Clefable|12/100
|-unboost|p1a: Clefable|def|1
|move|p1a: Clefable|Soft-Boiled|p1a: Clefable
|-heal|p1a: Clefable|62/100
|
|-weather|Sandstorm|[upkeep]
|-damage|p1a: Clefable|56/100|[from] Sandstorm
|upkeep
|turn|75
|inactive|Battle timer is ON: inactive players will automatically lose when time's up. (requested by Coach Jones 6fifth)
|
|t:|1659964232
|switch|p1a: Toxapex|Toxapex, F, shiny|75/100
|-damage|p1a: Toxapex|63/100|[from] Stealth Rock
|move|p2a: Tyranitar|Crunch|p1a: Toxapex
|-damage|p1a: Toxapex|19/100
|
|-weather|none
|upkeep
|turn|76
|
|t:|1659964240
|switch|p1a: Blissey|Blissey, F|35/100
|-damage|p1a: Blissey|23/100|[from] Stealth Rock
|move|p2a: Tyranitar|Crunch|p1a: Blissey
|-damage|p1a: Blissey|0 fnt
|faint|p1a: Blissey
|
|upkeep
|
|t:|1659964242
|switch|p1a: Clefable|Clefable, F|56/100
|-damage|p1a: Clefable|43/100|[from] Stealth Rock
|turn|77
|
|t:|1659964246
|switch|p2a: Excadrill|Excadrill, F, shiny|90/100
|move|p1a: Clefable|Soft-Boiled|p1a: Clefable
|-heal|p1a: Clefable|93/100
|
|-heal|p2a: Excadrill|96/100|[from] item: Leftovers
|upkeep
|turn|78
|
|t:|1659964251
|switch|p2a: Rotom|Rotom-Wash, shiny|42/100 brn
|switch|p1a: Skarmory|Skarmory, M|67/100
|-damage|p1a: Skarmory|54/100|[from] Stealth Rock
|
|-damage|p2a: Rotom|36/100 brn|[from] brn
|upkeep
|turn|79
|j| miss.sl
|l| miss.sl
|
|t:|1659964256
|switch|p1a: Gastrodon|Gastrodon, F|88/100 brn
|move|p2a: Rotom|Volt Switch|p1a: Gastrodon
|-immune|p1a: Gastrodon
|
|-damage|p2a: Rotom|30/100 brn|[from] brn
|-damage|p1a: Gastrodon|82/100 brn|[from] brn
|upkeep
|turn|80
|
|t:|1659964262
|switch|p1a: Clefable|Clefable, F|93/100
|-damage|p1a: Clefable|81/100|[from] Stealth Rock
|move|p2a: Rotom|Volt Switch|p1a: Clefable
|-damage|p1a: Clefable|57/100
|
|t:|1659964267
|switch|p2a: Clefable|Clefable, F, shiny|4/100|[from]move: Volt Switch
|
|upkeep
|turn|81
|
|t:|1659964270
|move|p2a: Clefable|Soft-Boiled|p2a: Clefable
|-heal|p2a: Clefable|54/100
|move|p1a: Clefable|Moonblast|p2a: Clefable
|-damage|p2a: Clefable|22/100
|-unboost|p2a: Clefable|spa|1
|
|upkeep
|turn|82
|
|t:|1659964273
|move|p2a: Clefable|Soft-Boiled|p2a: Clefable
|-heal|p2a: Clefable|72/100
|move|p1a: Clefable|Soft-Boiled|p1a: Clefable
|-heal|p1a: Clefable|100/100
|
|upkeep
|turn|83
|
|t:|1659964278
|switch|p2a: Excadrill|Excadrill, F, shiny|96/100
|move|p1a: Clefable|Calm Mind|p1a: Clefable
|-boost|p1a: Clefable|spa|1
|-boost|p1a: Clefable|spd|1
|
|-heal|p2a: Excadrill|100/100|[from] item: Leftovers
|upkeep
|turn|84
|
|t:|1659964282
|move|p2a: Excadrill|Iron Head|p1a: Clefable
|-supereffective|p1a: Clefable
|-damage|p1a: Clefable|30/100
|cant|p1a: Clefable|flinch
|
|upkeep
|turn|85
|-message|LT92PF STP forfeited.
|
|win|Coach Jones 6fifth
|raw|LT92PF STP's rating: 1892 &rarr; <strong>1870</strong><br />(-22 for losing)
|raw|Coach Jones 6fifth's rating: 1849 &rarr; <strong>1871</strong><br />(+22 for winning)
|l|☆LT92PF STP
|l|@ironwater
|l| Pond Fan Pee
||Ladder isn't responding, score probably updated but might not have (Request timeout).
