|j|☆Raph369
|j|☆Seby Baby
|t:|1662232598
|gametype|singles
|player|p1|Raph369|rocketgrunt|
|player|p2|Seby Baby|volo|
|teamsize|p1|6
|teamsize|p2|6
|gen|8
|tier|[Gen 8] OU
|rule|Sleep Clause Mod: Limit one foe put to sleep
|rule|Species Clause: Limit one of each Pokémon
|rule|OHKO Clause: OHKO moves are banned
|rule|Evasion Items Clause: Evasion items are banned
|rule|Evasion Moves Clause: Evasion moves are banned
|rule|Endless Battle Clause: Forcing endless battles is banned
|rule|HP Percentage Mod: HP is shown in percentages
|rule|Dynamax Clause: You cannot dynamax
|clearpoke
|poke|p1|Crawdaunt, M|
|poke|p1|Tapu Fini|
|poke|p1|Ferrothorn, M|
|poke|p1|Zeraora|
|poke|p1|Landorus-Therian, M|
|poke|p1|Heatran, M|
|poke|p2|Ferrothorn, M|
|poke|p2|Rotom-Wash|
|poke|p2|Tyranitar, F|
|poke|p2|Excadrill, F|
|poke|p2|Clefable, F|
|poke|p2|Dragapult, F|
|teampreview
|c|☆Raph369|hf
|
|t:|1662232630
|start
|switch|p1a: Ferrothorn|Ferrothorn, M|100/100
|switch|p2a: Rotom|Rotom-Wash|100/100
|turn|1
|inactive|Battle timer is ON: inactive players will automatically lose when time's up. (requested by Raph369)
|
|t:|1662232637
|move|p2a: Rotom|Volt Switch|p1a: Ferrothorn
|-resisted|p1a: Ferrothorn
|-damage|p1a: Ferrothorn|90/100
|
|t:|1662232643
|switch|p2a: Ferrothorn|Ferrothorn, M|100/100|[from]move: Volt Switch
|move|p1a: Ferrothorn|Knock Off|p2a: Ferrothorn
|-damage|p2a: Ferrothorn|89/100
|-damage|p1a: Ferrothorn|77/100|[from] ability: Iron Barbs|[of] p2a: Ferrothorn
|-enditem|p2a: Ferrothorn|Leftovers|[from] move: Knock Off|[of] p1a: Ferrothorn
|
|-heal|p1a: Ferrothorn|84/100|[from] item: Leftovers
|upkeep
|turn|2
|
|t:|1662232655
|switch|p1a: Heatran|Heatran, M|100/100
|move|p2a: Ferrothorn|Body Press|p1a: Heatran
|-supereffective|p1a: Heatran
|-damage|p1a: Heatran|53/100
|
|-heal|p1a: Heatran|60/100|[from] item: Leftovers
|upkeep
|turn|3
|
|t:|1662232678
|switch|p2a: Rotom|Rotom-Wash|100/100
|move|p1a: Heatran|Toxic|p2a: Rotom
|-status|p2a: Rotom|tox
|
|-heal|p1a: Heatran|66/100|[from] item: Leftovers
|-damage|p2a: Rotom|94/100 tox|[from] psn
|upkeep
|turn|4
|
|t:|1662232690
|switch|p1a: Landorus|Landorus-Therian, M|100/100
|-ability|p1a: Landorus|Intimidate|boost
|-unboost|p2a: Rotom|atk|1
|move|p2a: Rotom|Volt Switch|p1a: Landorus
|-immune|p1a: Landorus
|
|-heal|p2a: Rotom|100/100 tox|[from] item: Leftovers
|-damage|p2a: Rotom|88/100 tox|[from] psn
|upkeep
|turn|5
|
|t:|1662232697
|switch|p1a: Ferrothorn|Ferrothorn, M|84/100
|move|p2a: Rotom|Volt Switch|p1a: Ferrothorn
|-resisted|p1a: Ferrothorn
|-damage|p1a: Ferrothorn|73/100
|
|t:|1662232706
|switch|p2a: Dragapult|Dragapult, F|100/100|[from]move: Volt Switch
|
|-heal|p1a: Ferrothorn|79/100|[from] item: Leftovers
|upkeep
|turn|6
|
|t:|1662232710
|switch|p1a: Tapu Fini|Tapu Fini|100/100
|-fieldstart|move: Misty Terrain|[from] ability: Misty Surge|[of] p1a: Tapu Fini
|move|p2a: Dragapult|U-turn|p1a: Tapu Fini
|-resisted|p1a: Tapu Fini
|-damage|p1a: Tapu Fini|94/100
|
|t:|1662232712
|switch|p2a: Ferrothorn|Ferrothorn, M|89/100|[from]move: U-turn
|
|-heal|p1a: Tapu Fini|99/100|[from] item: Leftovers
|upkeep
|turn|7
|
|t:|1662232721
|move|p1a: Tapu Fini|Taunt|p2a: Ferrothorn
|-start|p2a: Ferrothorn|move: Taunt
|cant|p2a: Ferrothorn|move: Taunt|Leech Seed
|
|-heal|p1a: Tapu Fini|100/100|[from] item: Leftovers
|upkeep
|turn|8
|
|t:|1662232731
|switch|p1a: Landorus|Landorus-Therian, M|100/100
|-ability|p1a: Landorus|Intimidate|boost
|-unboost|p2a: Ferrothorn|atk|1
|move|p2a: Ferrothorn|Body Press|p1a: Landorus
|-resisted|p1a: Landorus
|-damage|p1a: Landorus|86/100
|
|-heal|p1a: Landorus|92/100|[from] item: Leftovers
|upkeep
|turn|9
|
|t:|1662232736
|move|p1a: Landorus|Stealth Rock|p2a: Ferrothorn
|-sidestart|p2: Seby Baby|move: Stealth Rock
|move|p2a: Ferrothorn|Body Press|p1a: Landorus
|-resisted|p1a: Landorus
|-damage|p1a: Landorus|75/100
|
|-heal|p1a: Landorus|81/100|[from] item: Leftovers
|-end|p2a: Ferrothorn|move: Taunt
|upkeep
|turn|10
|
|t:|1662232742
|move|p1a: Landorus|Earthquake|p2a: Ferrothorn
|-damage|p2a: Ferrothorn|62/100
|move|p2a: Ferrothorn|Leech Seed|p1a: Landorus
|-start|p1a: Landorus|move: Leech Seed
|
|-heal|p1a: Landorus|87/100|[from] item: Leftovers
|-damage|p1a: Landorus|75/100|[from] Leech Seed|[of] p2a: Ferrothorn
|-heal|p2a: Ferrothorn|75/100|[silent]
|-fieldend|Misty Terrain
|upkeep
|turn|11
|
|t:|1662232747
|switch|p1a: Tapu Fini|Tapu Fini|100/100
|-fieldstart|move: Misty Terrain|[from] ability: Misty Surge|[of] p1a: Tapu Fini
|move|p2a: Ferrothorn|Spikes|p1a: Tapu Fini
|-sidestart|p1: Raph369|Spikes
|
|upkeep
|turn|12
|
|t:|1662232752
|switch|p2a: Rotom|Rotom-Wash|88/100 tox
|-damage|p2a: Rotom|75/100 tox|[from] Stealth Rock
|move|p1a: Tapu Fini|Taunt|p2a: Rotom
|-start|p2a: Rotom|move: Taunt
|
|-heal|p2a: Rotom|82/100 tox|[from] item: Leftovers
|-damage|p2a: Rotom|75/100 tox|[from] psn
|upkeep
|turn|13
|
|t:|1662232764
|switch|p2a: Clefable|Clefable, F|100/100
|switch|p1a: Ferrothorn|Ferrothorn, M|79/100
|-damage|p1a: Ferrothorn|67/100|[from] Spikes
|
|-heal|p1a: Ferrothorn|73/100|[from] item: Leftovers
|upkeep
|turn|14
|inactive|Raph369 has 270 seconds left.
|
|t:|1662232799
|switch|p1a: Heatran|Heatran, M|66/100
|-damage|p1a: Heatran|53/100|[from] Spikes
|move|p2a: Clefable|Knock Off|p1a: Heatran
|-damage|p1a: Heatran|41/100
|-enditem|p1a: Heatran|Leftovers|[from] move: Knock Off|[of] p2a: Clefable
|
|upkeep
|turn|15
|inactive|Raph369 has 270 seconds left.
|
|t:|1662232812
|switch|p2a: Tyranitar|Tyranitar, F|100/100
|-damage|p2a: Tyranitar|88/100|[from] Stealth Rock
|-weather|Sandstorm|[from] ability: Sand Stream|[of] p2a: Tyranitar
|move|p1a: Heatran|Magma Storm|p2a: Tyranitar|[miss]
|-miss|p1a: Heatran|p2a: Tyranitar
|
|-weather|Sandstorm|[upkeep]
|-fieldend|Misty Terrain
|upkeep
|turn|16
|inactive|Raph369 has 270 seconds left.
|
|t:|1662232840
|move|p2a: Tyranitar|Stone Edge|p1a: Heatran
|-damage|p1a: Heatran|0 fnt
|faint|p1a: Heatran
|
|-weather|Sandstorm|[upkeep]
|upkeep
|inactive|Raph369 has 240 seconds left.
|
|t:|1662232874
|switch|p1a: Landorus|Landorus-Therian, M|75/100
|-ability|p1a: Landorus|Intimidate|boost
|-unboost|p2a: Tyranitar|atk|1
|turn|17
|
|t:|1662232886
|switch|p2a: Rotom|Rotom-Wash|75/100 tox
|-damage|p2a: Rotom|63/100 tox|[from] Stealth Rock
|move|p1a: Landorus|U-turn|p2a: Rotom
|-damage|p2a: Rotom|40/100 tox
|
|t:|1662232892
|switch|p1a: Zeraora|Zeraora|100/100|[from]move: U-turn
|
|-weather|Sandstorm|[upkeep]
|-damage|p1a: Zeraora|95/100|[from] Sandstorm
|-damage|p2a: Rotom|34/100 tox|[from] Sandstorm
|-heal|p2a: Rotom|40/100 tox|[from] item: Leftovers
|-damage|p2a: Rotom|34/100 tox|[from] psn
|upkeep
|turn|18
|inactive|Raph369 has 240 seconds left.
|
|t:|1662232927
|move|p1a: Zeraora|Plasma Fists|p2a: Rotom
|-damage|p2a: Rotom|0 fnt
|-fieldactivate|move: Ion Deluge
|-hint|Normal-type moves become Electric-type after using Plasma Fists.
|faint|p2a: Rotom
|
|-weather|Sandstorm|[upkeep]
|-damage|p1a: Zeraora|89/100|[from] Sandstorm
|upkeep
|
|t:|1662232934
|switch|p2a: Excadrill|Excadrill, F|100/100
|-damage|p2a: Excadrill|97/100|[from] Stealth Rock
|turn|19
|
|t:|1662232937
|switch|p1a: Landorus|Landorus-Therian, M|75/100
|-ability|p1a: Landorus|Intimidate|boost
|-unboost|p2a: Excadrill|atk|1
|move|p2a: Excadrill|Rapid Spin|p1a: Landorus
|-damage|p1a: Landorus|63/100
|-boost|p2a: Excadrill|spe|1
|-sideend|p2: Seby Baby|Stealth Rock|[from] move: Rapid Spin|[of] p2a: Excadrill
|
|-weather|none
|-heal|p2a: Excadrill|100/100|[from] item: Leftovers
|-heal|p1a: Landorus|69/100|[from] item: Leftovers
|upkeep
|turn|20
|inactive|Raph369 has 240 seconds left.
|
|t:|1662232945
|switch|p2a: Dragapult|Dragapult, F|100/100
|move|p1a: Landorus|Earthquake|p2a: Dragapult
|-damage|p2a: Dragapult|36/100
|
|-heal|p1a: Landorus|75/100|[from] item: Leftovers
|upkeep
|turn|21
|
|t:|1662232952
|switch|p1a: Tapu Fini|Tapu Fini|100/100
|-damage|p1a: Tapu Fini|88/100|[from] Spikes
|-fieldstart|move: Misty Terrain|[from] ability: Misty Surge|[of] p1a: Tapu Fini
|move|p2a: Dragapult|Draco Meteor|p1a: Tapu Fini
|-immune|p1a: Tapu Fini
|
|-heal|p1a: Tapu Fini|94/100|[from] item: Leftovers
|upkeep
|turn|22
|inactive|Raph369 has 240 seconds left.
|
|t:|1662232968
|switch|p2a: Clefable|Clefable, F|100/100
|move|p1a: Tapu Fini|Calm Mind|p1a: Tapu Fini
|-boost|p1a: Tapu Fini|spa|1
|-boost|p1a: Tapu Fini|spd|1
|
|-heal|p1a: Tapu Fini|99/100|[from] item: Leftovers
|upkeep
|turn|23
|
|t:|1662232973
|move|p1a: Tapu Fini|Calm Mind|p1a: Tapu Fini
|-boost|p1a: Tapu Fini|spa|1
|-boost|p1a: Tapu Fini|spd|1
|move|p2a: Clefable|Knock Off|p1a: Tapu Fini
|-resisted|p1a: Tapu Fini
|-damage|p1a: Tapu Fini|94/100
|-enditem|p1a: Tapu Fini|Leftovers|[from] move: Knock Off|[of] p2a: Clefable
|
|upkeep
|turn|24
|
|t:|1662232986
|switch|p2a: Ferrothorn|Ferrothorn, M|75/100
|move|p1a: Tapu Fini|Calm Mind|p1a: Tapu Fini
|-boost|p1a: Tapu Fini|spa|1
|-boost|p1a: Tapu Fini|spd|1
|
|upkeep
|turn|25
|
|t:|1662232990
|move|p1a: Tapu Fini|Taunt|p2a: Ferrothorn
|-start|p2a: Ferrothorn|move: Taunt
|cant|p2a: Ferrothorn|move: Taunt|Leech Seed
|
|-fieldend|Misty Terrain
|upkeep
|turn|26
|inactive|Raph369 has 270 seconds left.
|
|t:|1662233016
|move|p1a: Tapu Fini|Scald|p2a: Ferrothorn
|-resisted|p2a: Ferrothorn
|-damage|p2a: Ferrothorn|49/100
|-status|p2a: Ferrothorn|brn
|move|p2a: Ferrothorn|Body Press|p1a: Tapu Fini
|-resisted|p1a: Tapu Fini
|-damage|p1a: Tapu Fini|89/100
|
|-damage|p2a: Ferrothorn|42/100 brn|[from] brn
|upkeep
|turn|27
|inactive|Raph369 has 240 seconds left.
|
|t:|1662233042
|move|p1a: Tapu Fini|Calm Mind|p1a: Tapu Fini
|-boost|p1a: Tapu Fini|spa|1
|-boost|p1a: Tapu Fini|spd|1
|move|p2a: Ferrothorn|Body Press|p1a: Tapu Fini
|-resisted|p1a: Tapu Fini
|-damage|p1a: Tapu Fini|83/100
|
|-damage|p2a: Ferrothorn|36/100 brn|[from] brn
|-end|p2a: Ferrothorn|move: Taunt
|upkeep
|turn|28
|
|t:|1662233047
|move|p1a: Tapu Fini|Taunt|p2a: Ferrothorn
|-start|p2a: Ferrothorn|move: Taunt
|move|p2a: Ferrothorn|Body Press|p1a: Tapu Fini
|-resisted|p1a: Tapu Fini
|-crit|p1a: Tapu Fini
|-damage|p1a: Tapu Fini|75/100
|
|-damage|p2a: Ferrothorn|30/100 brn|[from] brn
|upkeep
|turn|29
|inactive|Raph369 has 240 seconds left.
|
|t:|1662233066
|move|p1a: Tapu Fini|Scald|p2a: Ferrothorn
|-resisted|p2a: Ferrothorn
|-damage|p2a: Ferrothorn|0 fnt
|faint|p2a: Ferrothorn
|
|upkeep
|inactive|Seby Baby has 270 seconds left.
|
|t:|1662233120
|switch|p2a: Excadrill|Excadrill, F|100/100
|turn|30
|inactive|Raph369 has 240 seconds left.
|
|t:|1662233145
|move|p2a: Excadrill|Iron Head|p1a: Tapu Fini
|-damage|p1a: Tapu Fini|39/100
|move|p1a: Tapu Fini|Scald|p2a: Excadrill
|-supereffective|p2a: Excadrill
|-damage|p2a: Excadrill|0 fnt
|faint|p2a: Excadrill
|
|upkeep
|
|t:|1662233150
|switch|p2a: Tyranitar|Tyranitar, F|88/100
|-weather|Sandstorm|[from] ability: Sand Stream|[of] p2a: Tyranitar
|turn|31
|
|t:|1662233152
|move|p1a: Tapu Fini|Scald|p2a: Tyranitar
|-supereffective|p2a: Tyranitar
|-damage|p2a: Tyranitar|0 fnt
|faint|p2a: Tyranitar
|
|-weather|Sandstorm|[upkeep]
|-damage|p1a: Tapu Fini|33/100|[from] Sandstorm
|upkeep
|
|t:|1662233155
|switch|p2a: Dragapult|Dragapult, F|36/100
|turn|32
|
|t:|1662233156
|move|p2a: Dragapult|Shadow Ball|p1a: Tapu Fini
|-damage|p1a: Tapu Fini|18/100
|move|p1a: Tapu Fini|Draining Kiss|p2a: Dragapult
|-supereffective|p2a: Dragapult
|-damage|p2a: Dragapult|0 fnt
|-heal|p1a: Tapu Fini|42/100|[from] drain|[of] p2a: Dragapult
|faint|p2a: Dragapult
|
|-weather|Sandstorm|[upkeep]
|-damage|p1a: Tapu Fini|36/100|[from] Sandstorm
|upkeep
|
|t:|1662233158
|switch|p2a: Clefable|Clefable, F|100/100
|turn|33
|
|t:|1662233160
|move|p1a: Tapu Fini|Draining Kiss|p2a: Clefable
|-damage|p2a: Clefable|58/100
|-heal|p1a: Tapu Fini|73/100|[from] drain|[of] p2a: Clefable
|-damage|p1a: Tapu Fini|57/100|[from] item: Rocky Helmet|[of] p2a: Clefable
|move|p2a: Clefable|Moonblast|p1a: Tapu Fini
|-damage|p1a: Tapu Fini|49/100
|
|-weather|Sandstorm|[upkeep]
|-damage|p1a: Tapu Fini|43/100|[from] Sandstorm
|upkeep
|turn|34
|
|t:|1662233162
|move|p1a: Tapu Fini|Scald|p2a: Clefable
|-damage|p2a: Clefable|0 fnt
|faint|p2a: Clefable
|
|win|Raph369
|c|☆Raph369|gg
|l|☆Seby Baby
|l|☆Raph369
|j|☆Raph369
|player|p1|Raph369|rocketgrunt
|l|☆Raph369
|player|p1|
|j|☆Raph369
|player|p1|Raph369|rocketgrunt
|j| Terrak lover
