|j|☆AmygdalanResponse
|j|☆Gotham Paladin
|inactive|Battle timer is ON: inactive players will automatically lose when time's up.
|t:|1662944961
|gametype|singles
|player|p1|AmygdalanResponse|az|
|player|p2|Gotham Paladin|red|
|teamsize|p1|6
|teamsize|p2|6
|gen|8
|tier|[Gen 8] OU
|rated|Tournament battle
|rule|Sleep Clause Mod: Limit one foe put to sleep
|rule|Species Clause: Limit one of each Pokémon
|rule|OHKO Clause: OHKO moves are banned
|rule|Evasion Items Clause: Evasion items are banned
|rule|Evasion Moves Clause: Evasion moves are banned
|rule|Endless Battle Clause: Forcing endless battles is banned
|rule|HP Percentage Mod: HP is shown in percentages
|rule|Dynamax Clause: You cannot dynamax
|clearpoke
|poke|p1|Tapu Koko|
|poke|p1|Regieleki|
|poke|p1|Weavile, M|
|poke|p1|Hawlucha, F|
|poke|p1|Landorus-Therian, M|
|poke|p1|Slowbro, F|
|poke|p2|Hippowdon, M|
|poke|p2|Dracozolt|
|poke|p2|Ferrothorn, F|
|poke|p2|Zapdos|
|poke|p2|Heatran, M|
|poke|p2|Buzzwole|
|teampreview
|c|☆AmygdalanResponse|gl hf
|c|☆Gotham Paladin|hf
|inactive|AmygdalanResponse has 120 seconds left.
|
|t:|1662944993
|start
|switch|p1a: Slowbro|Slowbro, F|100/100
|switch|p2a: Waylon Jones|Hippowdon, M|100/100
|-weather|Sandstorm|[from] ability: Sand Stream|[of] p2a: Waylon Jones
|turn|1
|
|t:|1662945001
|switch|p2a: Pamela Isley|Ferrothorn, F|100/100
|move|p1a: Slowbro|Scald|p2a: Pamela Isley
|-resisted|p2a: Pamela Isley
|-damage|p2a: Pamela Isley|91/100
|
|-weather|Sandstorm|[upkeep]
|-damage|p1a: Slowbro|94/100|[from] Sandstorm
|upkeep
|turn|2
|
|t:|1662945007
|move|p2a: Pamela Isley|Spikes|p1a: Slowbro
|-sidestart|p1: AmygdalanResponse|Spikes
|move|p1a: Slowbro|Teleport|p1a: Slowbro
|
|t:|1662945017
|switch|p1a: Tapu Koko|Tapu Koko|100/100|[from]move: Teleport
|-damage|p1a: Tapu Koko|88/100|[from] Spikes
|-fieldstart|move: Electric Terrain|[from] ability: Electric Surge|[of] p1a: Tapu Koko
|
|-weather|Sandstorm|[upkeep]
|-damage|p1a: Tapu Koko|82/100|[from] Sandstorm
|upkeep
|turn|3
|
|t:|1662945023
|move|p1a: Tapu Koko|U-turn|p2a: Pamela Isley
|-damage|p2a: Pamela Isley|80/100
|-damage|p1a: Tapu Koko|70/100|[from] ability: Iron Barbs|[of] p2a: Pamela Isley
|
|t:|1662945025
|switch|p1a: Slowbro|Slowbro, F|100/100|[from]move: U-turn
|move|p2a: Pamela Isley|Leech Seed|p1a: Slowbro
|-start|p1a: Slowbro|move: Leech Seed
|
|-weather|Sandstorm|[upkeep]
|-damage|p1a: Slowbro|94/100|[from] Sandstorm
|-damage|p1a: Slowbro|82/100|[from] Leech Seed|[of] p2a: Pamela Isley
|-heal|p2a: Pamela Isley|94/100|[silent]
|upkeep
|turn|4
|
|t:|1662945030
|move|p2a: Pamela Isley|Thunder Wave|p1a: Slowbro
|-status|p1a: Slowbro|par
|move|p1a: Slowbro|Teleport|p1a: Slowbro
|
|t:|1662945036
|switch|p1a: Regieleki|Regieleki|100/100|[from]move: Teleport
|-damage|p1a: Regieleki|88/100|[from] Spikes
|
|-weather|Sandstorm|[upkeep]
|-damage|p1a: Regieleki|82/100|[from] Sandstorm
|upkeep
|turn|5
|
|t:|1662945040
|move|p1a: Regieleki|Rising Voltage|p2a: Pamela Isley
|-hint|Rising Voltage's BP doubled on grounded target.
|-resisted|p2a: Pamela Isley
|-damage|p2a: Pamela Isley|35/100
|move|p2a: Pamela Isley|Power Whip|p1a: Regieleki
|-damage|p1a: Regieleki|5/100
|
|-weather|none
|upkeep
|turn|6
|
|t:|1662945053
|switch|p1a: Slowbro|Slowbro, F|100/100 par
|move|p2a: Pamela Isley|Leech Seed|p1a: Slowbro|[miss]
|-miss|p2a: Pamela Isley|p1a: Slowbro
|
|upkeep
|turn|7
|c|☆AmygdalanResponse|Surprised you stayed in there tbh
|c|☆Gotham Paladin|well
|c|☆Gotham Paladin|i knew you knew i had a hippo
|inactive|AmygdalanResponse has 120 seconds left.
|
|t:|1662945085
|switch|p2a: Kirk Langstrom|Zapdos|100/100
|move|p1a: Slowbro|Teleport|p1a: Slowbro
|inactive|AmygdalanResponse has 120 seconds left.
|
|t:|1662945093
|switch|p1a: Weavile|Weavile, M|100/100|[from]move: Teleport
|-ability|p1a: Weavile|Pressure
|
|upkeep
|turn|8
|
|t:|1662945096
|switch|p2a: Bane|Buzzwole|100/100
|move|p1a: Weavile|Triple Axel|p2a: Bane|[miss]
|-miss|p1a: Weavile|p2a: Bane
|
|upkeep
|turn|9
|
|t:|1662945102
|switch|p1a: Slowbro|Slowbro, F|100/100 par
|switch|p2a: Kirk Langstrom|Zapdos|100/100
|
|-fieldend|move: Electric Terrain
|upkeep
|turn|10
|
|t:|1662945109
|switch|p1a: Landorus|Landorus-Therian, M|100/100
|-ability|p1a: Landorus|Intimidate|boost
|-unboost|p2a: Kirk Langstrom|atk|1
|move|p2a: Kirk Langstrom|Hurricane|p1a: Landorus
|-damage|p1a: Landorus|31/100
|
|-heal|p1a: Landorus|37/100|[from] item: Leftovers
|upkeep
|turn|11
|
|t:|1662945117
|move|p2a: Kirk Langstrom|Hurricane|p1a: Landorus
|-damage|p1a: Landorus|0 fnt
|faint|p1a: Landorus
|
|upkeep
|
|t:|1662945119
|switch|p1a: Tapu Koko|Tapu Koko|70/100
|-damage|p1a: Tapu Koko|57/100|[from] Spikes
|-fieldstart|move: Electric Terrain|[from] ability: Electric Surge|[of] p1a: Tapu Koko
|turn|12
|
|t:|1662945125
|switch|p2a: Waylon Jones|Hippowdon, M|100/100
|-weather|Sandstorm|[from] ability: Sand Stream|[of] p2a: Waylon Jones
|move|p1a: Tapu Koko|Dazzling Gleam|p2a: Waylon Jones
|-damage|p2a: Waylon Jones|75/100
|
|-weather|Sandstorm|[upkeep]
|-damage|p1a: Tapu Koko|51/100|[from] Sandstorm
|-heal|p2a: Waylon Jones|82/100|[from] item: Leftovers
|upkeep
|turn|13
|
|t:|1662945132
|move|p1a: Tapu Koko|U-turn|p2a: Waylon Jones
|-damage|p2a: Waylon Jones|70/100
|
|t:|1662945137
|switch|p1a: Slowbro|Slowbro, F|100/100 par|[from]move: U-turn
|move|p2a: Waylon Jones|Stealth Rock|p1a: Slowbro
|-sidestart|p1: AmygdalanResponse|move: Stealth Rock
|
|-weather|Sandstorm|[upkeep]
|-damage|p1a: Slowbro|94/100 par|[from] Sandstorm
|-heal|p2a: Waylon Jones|76/100|[from] item: Leftovers
|upkeep
|turn|14
|
|t:|1662945146
|switch|p2a: Kirk Langstrom|Zapdos|100/100
|move|p1a: Slowbro|Scald|p2a: Kirk Langstrom
|-damage|p2a: Kirk Langstrom|69/100
|-status|p2a: Kirk Langstrom|brn
|
|-weather|Sandstorm|[upkeep]
|-damage|p2a: Kirk Langstrom|62/100 brn|[from] Sandstorm
|-damage|p1a: Slowbro|88/100 par|[from] Sandstorm
|-damage|p2a: Kirk Langstrom|56/100 brn|[from] brn
|upkeep
|turn|15
|
|t:|1662945160
|switch|p1a: Regieleki|Regieleki|5/100
|-damage|p1a: Regieleki|0 fnt|[from] Spikes
|faint|p1a: Regieleki
|move|p2a: Kirk Langstrom|Roost|p2a: Kirk Langstrom
|-heal|p2a: Kirk Langstrom|100/100 brn
|-singleturn|p2a: Kirk Langstrom|move: Roost
|
|-weather|Sandstorm|[upkeep]
|-damage|p2a: Kirk Langstrom|94/100 brn|[from] Sandstorm
|-damage|p2a: Kirk Langstrom|88/100 brn|[from] brn
|upkeep
|
|t:|1662945177
|switch|p1a: Weavile|Weavile, M|100/100
|-ability|p1a: Weavile|Pressure
|turn|16
|
|t:|1662945180
|switch|p2a: Bane|Buzzwole|100/100
|move|p1a: Weavile|Knock Off|p2a: Bane
|-resisted|p2a: Bane
|-damage|p2a: Bane|88/100
|-damage|p1a: Weavile|84/100|[from] item: Rocky Helmet|[of] p2a: Bane
|-enditem|p2a: Bane|Rocky Helmet|[from] move: Knock Off|[of] p1a: Weavile
|
|-weather|none
|upkeep
|turn|17
|
|t:|1662945188
|switch|p1a: Slowbro|Slowbro, F|100/100 par
|move|p2a: Bane|Ice Punch|p1a: Slowbro
|-resisted|p1a: Slowbro
|-damage|p1a: Slowbro|93/100 par
|
|upkeep
|turn|18
|
|t:|1662945197
|switch|p2a: Pamela Isley|Ferrothorn, F|35/100
|cant|p1a: Slowbro|par
|
|upkeep
|turn|19
|
|t:|1662945203
|move|p2a: Pamela Isley|Power Whip|p1a: Slowbro
|-supereffective|p1a: Slowbro
|-damage|p1a: Slowbro|49/100 par
|move|p1a: Slowbro|Teleport|p1a: Slowbro
|
|t:|1662945211
|switch|p1a: Hawlucha|Hawlucha, F|100/100|[from]move: Teleport
|-damage|p1a: Hawlucha|88/100|[from] Stealth Rock
|-enditem|p1a: Hawlucha|Electric Seed
|-boost|p1a: Hawlucha|def|1|[from] item: Electric Seed
|
|-fieldend|move: Electric Terrain
|upkeep
|turn|20
|
|t:|1662945221
|move|p1a: Hawlucha|Close Combat|p2a: Pamela Isley
|-supereffective|p2a: Pamela Isley
|-damage|p2a: Pamela Isley|0 fnt
|-unboost|p1a: Hawlucha|def|1
|-unboost|p1a: Hawlucha|spd|1
|-damage|p1a: Hawlucha|76/100|[from] ability: Iron Barbs|[of] p2a: Pamela Isley
|faint|p2a: Pamela Isley
|
|upkeep
|
|t:|1662945224
|switch|p2a: Kirk Langstrom|Zapdos|88/100 brn
|turn|21
|
|t:|1662945230
|move|p1a: Hawlucha|Stone Edge|p2a: Kirk Langstrom|[miss]
|-miss|p1a: Hawlucha|p2a: Kirk Langstrom
|move|p2a: Kirk Langstrom|Discharge|p1a: Hawlucha
|-supereffective|p1a: Hawlucha
|-crit|p1a: Hawlucha
|-damage|p1a: Hawlucha|0 fnt
|faint|p1a: Hawlucha
|
|-damage|p2a: Kirk Langstrom|82/100 brn|[from] brn
|upkeep
|
|t:|1662945238
|switch|p1a: Tapu Koko|Tapu Koko|51/100
|-damage|p1a: Tapu Koko|39/100|[from] Spikes
|-damage|p1a: Tapu Koko|26/100|[from] Stealth Rock
|-fieldstart|move: Electric Terrain|[from] ability: Electric Surge|[of] p1a: Tapu Koko
|turn|22
|
|t:|1662945241
|move|p1a: Tapu Koko|Roost|p1a: Tapu Koko
|-heal|p1a: Tapu Koko|76/100
|-singleturn|p1a: Tapu Koko|move: Roost
|move|p2a: Kirk Langstrom|Discharge|p1a: Tapu Koko
|-resisted|p1a: Tapu Koko
|-crit|p1a: Tapu Koko
|-damage|p1a: Tapu Koko|32/100
|
|-damage|p2a: Kirk Langstrom|76/100 brn|[from] brn
|upkeep
|turn|23
|
|t:|1662945248
|switch|p2a: Waylon Jones|Hippowdon, M|76/100
|-weather|Sandstorm|[from] ability: Sand Stream|[of] p2a: Waylon Jones
|move|p1a: Tapu Koko|Roost|p1a: Tapu Koko
|-heal|p1a: Tapu Koko|82/100
|-singleturn|p1a: Tapu Koko|move: Roost
|
|-weather|Sandstorm|[upkeep]
|-damage|p1a: Tapu Koko|76/100|[from] Sandstorm
|-heal|p2a: Waylon Jones|83/100|[from] item: Leftovers
|upkeep
|turn|24
|
|t:|1662945251
|move|p1a: Tapu Koko|U-turn|p2a: Waylon Jones
|-damage|p2a: Waylon Jones|72/100
|
|t:|1662945252
|switch|p1a: Slowbro|Slowbro, F|82/100 par|[from]move: U-turn
|move|p2a: Waylon Jones|Earthquake|p1a: Slowbro
|-damage|p1a: Slowbro|60/100 par
|
|-weather|Sandstorm|[upkeep]
|-damage|p1a: Slowbro|54/100 par|[from] Sandstorm
|-heal|p2a: Waylon Jones|78/100|[from] item: Leftovers
|upkeep
|turn|25
|
|t:|1662945258
|switch|p2a: Lester Buchinsky|Dracozolt|100/100
|move|p1a: Slowbro|Teleport|p1a: Slowbro
|
|t:|1662945262
|switch|p1a: Weavile|Weavile, M|84/100|[from]move: Teleport
|-ability|p1a: Weavile|Pressure
|
|-weather|Sandstorm|[upkeep]
|-damage|p1a: Weavile|78/100|[from] Sandstorm
|upkeep
|turn|26
|
|t:|1662945265
|move|p1a: Weavile|Ice Shard|p2a: Lester Buchinsky
|-supereffective|p2a: Lester Buchinsky
|-damage|p2a: Lester Buchinsky|52/100
|move|p2a: Lester Buchinsky|Bolt Beak|p1a: Weavile
|-damage|p1a: Weavile|0 fnt
|faint|p1a: Weavile
|
|-weather|Sandstorm|[upkeep]
|-heal|p2a: Lester Buchinsky|58/100|[from] item: Leftovers
|upkeep
|c|☆AmygdalanResponse|gg
|
|t:|1662945268
|switch|p1a: Tapu Koko|Tapu Koko|76/100
|-damage|p1a: Tapu Koko|63/100|[from] Spikes
|-damage|p1a: Tapu Koko|51/100|[from] Stealth Rock
|turn|27
|c|☆Gotham Paladin|gg
|
|t:|1662945273
|move|p2a: Lester Buchinsky|Earthquake|p1a: Tapu Koko
|-supereffective|p1a: Tapu Koko
|-damage|p1a: Tapu Koko|0 fnt
|faint|p1a: Tapu Koko
|
|-weather|none
|-heal|p2a: Lester Buchinsky|64/100|[from] item: Leftovers
|upkeep
|
|t:|1662945275
|switch|p1a: Slowbro|Slowbro, F|87/100 par
|turn|28
|
|t:|1662945276
|move|p2a: Lester Buchinsky|Bolt Beak|p1a: Slowbro
|-supereffective|p1a: Slowbro
|-damage|p1a: Slowbro|0 fnt
|faint|p1a: Slowbro
|
|win|Gotham Paladin
|n|☆AmygdalanResponse|amygdalanresponse
|n|☆Gotham Paladin|gothampaladin
|l|☆Gotham Paladin
