|j|☆MrDexteria
|j|☆gaijineagle
|t:|1596526871
|player|p1|MrDexteria|boarder|1281
|player|p2|gaijineagle|102|1251
|teamsize|p1|6
|teamsize|p2|6
|gametype|singles
|gen|8
|tier|[Gen 8] OU
|rated|
|html|<div class="broadcast-blue"><strong>OU is currently suspecting Magearna! For information on how to participate check out the <a href="https://www.smogon.com/forums/threads/3667669/">suspect thread</a>.</strong></div>
|clearpoke
|poke|p1|Clefable, M|
|poke|p1|Zeraora|
|poke|p1|Gengar, F|
|poke|p1|Rillaboom, F|
|poke|p1|Hawlucha, M|
|poke|p1|Crawdaunt, F|
|poke|p2|Shuckle, M|
|poke|p2|Urshifu-*, M|
|poke|p2|Lycanroc-Dusk, M|
|poke|p2|Alakazam, F|
|poke|p2|Cinderace, M|
|poke|p2|Dragapult, M|
|rule|Sleep Clause Mod: Limit one foe put to sleep
|rule|Species Clause: Limit one of each Pokémon
|rule|OHKO Clause: OHKO moves are banned
|rule|Evasion Moves Clause: Evasion moves are banned
|rule|Endless Battle Clause: Forcing endless battles is banned
|rule|HP Percentage Mod: HP is shown in percentages
|rule|Dynamax Clause: You cannot dynamax
|teampreview
|inactive|Battle timer is ON: inactive players will automatically lose when time's up. (requested by gaijineagle)
|inactive|gaijineagle has 120 seconds left.
|inactive|gaijineagle has 90 seconds left.
|inactive|gaijineagle has 60 seconds left.
|inactive|gaijineagle has 30 seconds left.
|inactive|gaijineagle has 20 seconds left.
|inactiveoff|Battle timer is now OFF.
|
|t:|1596527010
|start
|switch|p1a: Crawdaunt|Crawdaunt, F|100/100
|switch|p2a: Shuckle|Shuckle, M|100/100
|turn|1
|
|t:|1596527021
|move|p1a: Crawdaunt|Aqua Jet|p2a: Shuckle
|-supereffective|p2a: Shuckle
|-damage|p2a: Shuckle|47/100
|-damage|p1a: Crawdaunt|91/100|[from] item: Life Orb
|move|p2a: Shuckle|Sticky Web|p1a: Crawdaunt
|-sidestart|p1: MrDexteria|move: Sticky Web
|
|upkeep
|turn|2
|
|t:|1596527055
|move|p1a: Crawdaunt|Aqua Jet|p2a: Shuckle
|-supereffective|p2a: Shuckle
|-damage|p2a: Shuckle|0 fnt
|-damage|p1a: Crawdaunt|81/100|[from] item: Life Orb
|faint|p2a: Shuckle
|
|upkeep
|
|t:|1596527074
|switch|p2a: Lycanroc|Lycanroc-Dusk, M|100/100
|turn|3
|
|t:|1596527084
|move|p1a: Crawdaunt|Aqua Jet|p2a: Lycanroc
|-supereffective|p2a: Lycanroc
|-damage|p2a: Lycanroc|0 fnt
|-damage|p1a: Crawdaunt|71/100|[from] item: Life Orb
|faint|p2a: Lycanroc
|
|upkeep
|
|t:|1596527095
|switch|p2a: Urshifu|Urshifu, M|100/100
|turn|4
|
|t:|1596527103
|move|p2a: Urshifu|Close Combat|p1a: Crawdaunt
|-supereffective|p1a: Crawdaunt
|-damage|p1a: Crawdaunt|0 fnt
|-unboost|p2a: Urshifu|def|1
|-unboost|p2a: Urshifu|spd|1
|-damage|p2a: Urshifu|91/100|[from] item: Life Orb
|faint|p1a: Crawdaunt
|
|upkeep
|
|t:|1596527120
|switch|p1a: Clefable|Clefable, M|100/100
|-activate|p1a: Clefable|move: Sticky Web
|-unboost|p1a: Clefable|spe|1
|turn|5
|
|t:|1596527139
|move|p2a: Urshifu|Close Combat|p1a: Clefable
|-resisted|p1a: Clefable
|-damage|p1a: Clefable|48/100
|-unboost|p2a: Urshifu|def|1
|-unboost|p2a: Urshifu|spd|1
|-damage|p2a: Urshifu|81/100|[from] item: Life Orb
|move|p1a: Clefable|Moonblast|p2a: Urshifu
|-supereffective|p2a: Urshifu
|-damage|p2a: Urshifu|0 fnt
|faint|p2a: Urshifu
|
|upkeep
|
|t:|1596527161
|switch|p2a: Cinderace|Cinderace, M|100/100
|turn|6
|
|t:|1596527166
|move|p2a: Cinderace|Pyro Ball|p1a: Clefable
|-damage|p1a: Clefable|0 fnt
|faint|p1a: Clefable
|
|upkeep
|
|t:|1596527185
|switch|p1a: Rillaboom|Rillaboom, F|100/100
|-activate|p1a: Rillaboom|move: Sticky Web
|-unboost|p1a: Rillaboom|spe|1
|-fieldstart|move: Grassy Terrain|[from] ability: Grassy Surge|[of] p1a: Rillaboom
|turn|7
|
|t:|1596527197
|move|p2a: Cinderace|Pyro Ball|p1a: Rillaboom|[miss]
|-miss|p2a: Cinderace|p1a: Rillaboom
|move|p1a: Rillaboom|Swords Dance|p1a: Rillaboom
|-boost|p1a: Rillaboom|atk|2
|
|upkeep
|turn|8
|
|t:|1596527204
|move|p1a: Rillaboom|Grassy Glide|p2a: Cinderace
|-resisted|p2a: Cinderace
|-damage|p2a: Cinderace|28/100
|move|p2a: Cinderace|Pyro Ball|p1a: Rillaboom
|-supereffective|p1a: Rillaboom
|-enditem|p1a: Rillaboom|Occa Berry|[eat]
|-enditem|p1a: Rillaboom|Occa Berry|[weaken]
|-damage|p1a: Rillaboom|39/100
|-status|p1a: Rillaboom|brn
|
|-heal|p2a: Cinderace|34/100|[from] Grassy Terrain
|-heal|p1a: Rillaboom|45/100 brn|[from] Grassy Terrain
|-damage|p1a: Rillaboom|39/100 brn|[from] brn
|upkeep
|turn|9
|
|t:|1596527216
|move|p2a: Cinderace|Sucker Punch|p1a: Rillaboom
|-start|p2a: Cinderace|typechange|Dark|[from] ability: Libero
|-damage|p1a: Rillaboom|1/100 brn
|move|p1a: Rillaboom|Grassy Glide|p2a: Cinderace
|-damage|p2a: Cinderace|0 fnt
|faint|p2a: Cinderace
|
|-heal|p1a: Rillaboom|8/100 brn|[from] Grassy Terrain
|-damage|p1a: Rillaboom|1/100 brn|[from] brn
|upkeep
|
|t:|1596527231
|switch|p2a: Dragapult|Dragapult, M|100/100
|turn|10
|
|t:|1596527244
|move|p1a: Rillaboom|Grassy Glide|p2a: Dragapult
|-resisted|p2a: Dragapult
|-damage|p2a: Dragapult|69/100
|move|p2a: Dragapult|Phantom Force||[still]
|-prepare|p2a: Dragapult|Phantom Force
|
|-heal|p1a: Rillaboom|8/100 brn|[from] Grassy Terrain
|-damage|p1a: Rillaboom|1/100 brn|[from] brn
|upkeep
|turn|11
|
|t:|1596527259
|switch|p1a: Zeraora|Zeraora|100/100
|-activate|p1a: Zeraora|move: Sticky Web
|-unboost|p1a: Zeraora|spe|1
|move|p2a: Dragapult|Phantom Force|p1a: Zeraora|[from]lockedmove
|-damage|p1a: Zeraora|20/100
|-damage|p2a: Dragapult|59/100|[from] item: Life Orb
|
|-heal|p2a: Dragapult|65/100|[from] Grassy Terrain
|-heal|p1a: Zeraora|26/100|[from] Grassy Terrain
|-fieldend|move: Grassy Terrain
|upkeep
|turn|12
|
|t:|1596527273
|move|p2a: Dragapult|Dragon Darts|p1a: Zeraora
|-damage|p1a: Zeraora|0 fnt
|-damage|p2a: Dragapult|55/100|[from] item: Life Orb
|faint|p1a: Zeraora
|
|upkeep
|
|t:|1596527280
|switch|p1a: Rillaboom|Rillaboom, F|1/100 brn
|-activate|p1a: Rillaboom|move: Sticky Web
|-unboost|p1a: Rillaboom|spe|1
|-fieldstart|move: Grassy Terrain|[from] ability: Grassy Surge|[of] p1a: Rillaboom
|turn|13
|
|t:|1596527302
|move|p1a: Rillaboom|Grassy Glide|p2a: Dragapult
|-resisted|p2a: Dragapult
|-damage|p2a: Dragapult|39/100
|move|p2a: Dragapult|Dragon Darts|p1a: Rillaboom
|-damage|p1a: Rillaboom|0 fnt
|-damage|p2a: Dragapult|30/100|[from] item: Life Orb
|faint|p1a: Rillaboom
|
|-heal|p2a: Dragapult|36/100|[from] Grassy Terrain
|upkeep
|
|t:|1596527311
|switch|p1a: Hawlucha|Hawlucha, M|100/100
|-enditem|p1a: Hawlucha|Grassy Seed
|-boost|p1a: Hawlucha|def|1|[from] item: Grassy Seed
|turn|14
|
|t:|1596527326
|move|p1a: Hawlucha|Acrobatics|p2a: Dragapult
|-damage|p2a: Dragapult|0 fnt
|faint|p2a: Dragapult
|
|upkeep
|
|t:|1596527331
|switch|p2a: Alakazam|Alakazam, F|100/100
|turn|15
|
|t:|1596527351
|move|p1a: Hawlucha|Acrobatics|p2a: Alakazam
|-enditem|p2a: Alakazam|Focus Sash
|-damage|p2a: Alakazam|1/100
|move|p2a: Alakazam|Psychic|p1a: Hawlucha
|-supereffective|p1a: Hawlucha
|-damage|p1a: Hawlucha|0 fnt
|faint|p1a: Hawlucha
|
|-heal|p2a: Alakazam|7/100|[from] Grassy Terrain
|upkeep
|
|t:|1596527360
|switch|p1a: Gengar|Gengar, F|100/100
|-activate|p1a: Gengar|move: Sticky Web
|-unboost|p1a: Gengar|spe|1
|turn|16
|
|t:|1596527367
|move|p2a: Alakazam|Psychic|p1a: Gengar
|-supereffective|p1a: Gengar
|-damage|p1a: Gengar|0 fnt
|-start|p2a: Alakazam|Disable|Psychic|[from] ability: Cursed Body|[of] p1a: Gengar
|faint|p1a: Gengar
|
|win|gaijineagle
|raw|MrDexteria's rating: 1281 &rarr; <strong>1254</strong><br />(-27 for losing)
|raw|gaijineagle's rating: 1252 &rarr; <strong>1279</strong><br />(+27 for winning)
|c|☆gaijineagle|gg
|l|☆MrDexteria
