|j|☆mimilimi ♫☯
|j|☆Volcaronium
|inactive|Battle timer is ON: inactive players will automatically lose when time's up.
|t:|1660246695
|gametype|singles
|player|p1|mimilimi ♫☯|juggler|
|player|p2|Volcaronium|youngcouple|
|teamsize|p1|6
|teamsize|p2|6
|gen|8
|tier|[Gen 8] OU
|rated|Tournament battle
|rule|Sleep Clause Mod: Limit one foe put to sleep
|rule|Species Clause: Limit one of each Pokémon
|rule|OHKO Clause: OHKO moves are banned
|rule|Evasion Items Clause: Evasion items are banned
|rule|Evasion Moves Clause: Evasion moves are banned
|rule|Endless Battle Clause: Forcing endless battles is banned
|rule|HP Percentage Mod: HP is shown in percentages
|rule|Dynamax Clause: You cannot dynamax
|clearpoke
|poke|p1|Kartana|
|poke|p1|Heatran, M|
|poke|p1|Rotom-Wash|
|poke|p1|Tornadus-Therian, M|
|poke|p1|Tapu Lele|
|poke|p1|Ferrothorn, M|
|poke|p2|Weavile, F|
|poke|p2|Volcanion|
|poke|p2|Zapdos|
|poke|p2|Kartana|
|poke|p2|Melmetal|
|poke|p2|Landorus-Therian, M|
|teampreview
|j|@kAbiL「。°」Apok‱…❄
|j| pokyy
|j| Diamond_Apa
|c|☆mimilimi ♫☯|Gl
|c|☆Volcaronium|Bonne game
|inactive|Volcaronium has 120 seconds left.
|
|t:|1660246727
|start
|switch|p1a: Rotom|Rotom-Wash|100/100
|switch|p2a: Zapdos|Zapdos|100/100
|turn|1
|
|t:|1660246732
|move|p2a: Zapdos|Thunderbolt|p1a: Rotom
|-damage|p1a: Rotom|61/100
|move|p1a: Rotom|Pain Split|p2a: Zapdos
|-sethp|p2a: Zapdos|77/100|[from] move: Pain Split|[silent]
|-sethp|p1a: Rotom|87/100|[from] move: Pain Split
|
|-heal|p1a: Rotom|93/100|[from] item: Leftovers
|upkeep
|turn|2
|
|t:|1660246745
|move|p2a: Zapdos|Thunderbolt|p1a: Rotom
|-damage|p1a: Rotom|50/100
|move|p1a: Rotom|Volt Switch|p2a: Zapdos
|-damage|p2a: Zapdos|48/100
|j| zornoza
|
|t:|1660246752
|switch|p1a: Tapu Lele|Tapu Lele|100/100|[from]move: Volt Switch
|-fieldstart|move: Psychic Terrain|[from] ability: Psychic Surge|[of] p1a: Tapu Lele
|
|upkeep
|turn|3
|
|t:|1660246759
|switch|p2a: Landorus|Landorus-Therian, M|100/100
|-ability|p2a: Landorus|Intimidate|boost
|-unboost|p1a: Tapu Lele|atk|1
|move|p1a: Tapu Lele|Psyshock|p2a: Landorus
|-damage|p2a: Landorus|37/100
|
|-heal|p2a: Landorus|43/100|[from] item: Leftovers
|upkeep
|turn|4
|
|t:|1660246769
|switch|p1a: Ferrothorn|Ferrothorn, M|100/100
|switch|p2a: Melmetal|Melmetal|100/100
|
|upkeep
|turn|5
|inactive|Volcaronium has 120 seconds left.
|
|t:|1660246801
|switch|p2a: Zapdos|Zapdos|48/100
|move|p1a: Ferrothorn|Leech Seed|p2a: Zapdos
|-start|p2a: Zapdos|move: Leech Seed
|
|-damage|p2a: Zapdos|36/100|[from] Leech Seed|[of] p1a: Ferrothorn
|upkeep
|turn|6
|
|t:|1660246812
|switch|p1a: Heatran|Heatran, M|100/100
|move|p2a: Zapdos|Volt Switch|p1a: Heatran
|-damage|p1a: Heatran|75/100
|c|☆mimilimi ♫☯|:(
|inactive|Volcaronium has 120 seconds left.
|
|t:|1660246830
|switch|p2a: Volcanion|Volcanion|100/100|[from]move: Volt Switch
|
|-heal|p1a: Heatran|81/100|[from] item: Leftovers
|-fieldend|move: Psychic Terrain
|upkeep
|turn|7
|l| Diamond_Apa
|
|t:|1660246846
|switch|p1a: Rotom|Rotom-Wash|50/100
|move|p2a: Volcanion|Steam Eruption|p1a: Rotom
|-resisted|p1a: Rotom
|-damage|p1a: Rotom|11/100
|
|-heal|p1a: Rotom|17/100|[from] item: Leftovers
|upkeep
|turn|8
|
|t:|1660246860
|move|p2a: Volcanion|Steam Eruption|p1a: Rotom
|-resisted|p1a: Rotom
|-damage|p1a: Rotom|0 fnt
|faint|p1a: Rotom
|
|upkeep
|c|☆mimilimi ♫☯|Ah j’outspeed pas :(
|
|t:|1660246880
|switch|p1a: Tornadus|Tornadus-Therian, M|100/100
|turn|9
|
|t:|1660246894
|move|p1a: Tornadus|Hurricane|p2a: Volcanion|[miss]
|-miss|p1a: Tornadus|p2a: Volcanion
|move|p2a: Volcanion|Steam Eruption|p1a: Tornadus
|-damage|p1a: Tornadus|5/100
|-status|p1a: Tornadus|brn
|
|-damage|p1a: Tornadus|0 fnt|[from] brn
|faint|p1a: Tornadus
|upkeep
|c|☆mimilimi ♫☯|Mdr
|inactive|mimilimi ♫☯ has 120 seconds left.
|c|☆Volcaronium|Boulot
|
|t:|1660246916
|switch|p1a: Ferrothorn|Ferrothorn, M|100/100
|turn|10
|
|t:|1660246930
|switch|p2a: Zapdos|Zapdos|36/100
|move|p1a: Ferrothorn|Spikes|p2a: Zapdos
|-sidestart|p2: Volcaronium|Spikes
|
|upkeep
|turn|11
|
|t:|1660246940
|switch|p1a: Heatran|Heatran, M|81/100
|move|p2a: Zapdos|Volt Switch|p1a: Heatran
|-damage|p1a: Heatran|55/100
|
|t:|1660246947
|switch|p2a: Volcanion|Volcanion|100/100|[from]move: Volt Switch
|-damage|p2a: Volcanion|88/100|[from] Spikes
|
|-heal|p1a: Heatran|62/100|[from] item: Leftovers
|upkeep
|turn|12
|
|t:|1660246951
|switch|p1a: Ferrothorn|Ferrothorn, M|100/100
|move|p2a: Volcanion|Steam Eruption|p1a: Ferrothorn
|-resisted|p1a: Ferrothorn
|-damage|p1a: Ferrothorn|61/100
|
|upkeep
|turn|13
|
|t:|1660246956
|move|p2a: Volcanion|Steam Eruption|p1a: Ferrothorn
|-resisted|p1a: Ferrothorn
|-damage|p1a: Ferrothorn|19/100
|-status|p1a: Ferrothorn|brn
|move|p1a: Ferrothorn|Leech Seed|p2a: Volcanion
|-start|p2a: Volcanion|move: Leech Seed
|
|-damage|p2a: Volcanion|76/100|[from] Leech Seed|[of] p1a: Ferrothorn
|-heal|p1a: Ferrothorn|29/100 brn|[silent]
|-damage|p1a: Ferrothorn|23/100 brn|[from] brn
|upkeep
|turn|14
|
|t:|1660246964
|move|p2a: Volcanion|Steam Eruption|p1a: Ferrothorn
|-resisted|p1a: Ferrothorn
|-damage|p1a: Ferrothorn|0 fnt
|faint|p1a: Ferrothorn
|
|upkeep
|
|t:|1660246966
|switch|p1a: Kartana|Kartana|100/100
|turn|15
|
|t:|1660246974
|move|p1a: Kartana|Leaf Blade|p2a: Volcanion
|-crit|p2a: Volcanion
|-damage|p2a: Volcanion|0 fnt
|faint|p2a: Volcanion
|-ability|p1a: Kartana|Beast Boost|boost
|-boost|p1a: Kartana|atk|1
|
|upkeep
|
|t:|1660246982
|switch|p2a: Kartana|Kartana|100/100
|-damage|p2a: Kartana|88/100|[from] Spikes
|turn|16
|
|t:|1660246995
|move|p2a: Kartana|Knock Off|p1a: Kartana
|-damage|p1a: Kartana|52/100
|-enditem|p1a: Kartana|Protective Pads|[from] move: Knock Off|[of] p2a: Kartana
|move|p1a: Kartana|Knock Off|p2a: Kartana
|-damage|p2a: Kartana|25/100
|-enditem|p2a: Kartana|Choice Scarf|[from] move: Knock Off|[of] p1a: Kartana
|
|upkeep
|turn|17
|
|t:|1660247005
|move|p1a: Kartana|Knock Off|p2a: Kartana
|-damage|p2a: Kartana|0 fnt
|faint|p2a: Kartana
|-ability|p1a: Kartana|Beast Boost|boost
|-boost|p1a: Kartana|atk|1
|
|upkeep
|
|t:|1660247008
|switch|p2a: Weavile|Weavile, F|100/100
|-damage|p2a: Weavile|88/100|[from] Spikes
|turn|18
|
|t:|1660247021
|switch|p1a: Heatran|Heatran, M|62/100
|move|p2a: Weavile|Triple Axel|p1a: Heatran
|-resisted|p1a: Heatran
|-damage|p1a: Heatran|59/100
|-resisted|p1a: Heatran
|-damage|p1a: Heatran|53/100
|-resisted|p1a: Heatran
|-damage|p1a: Heatran|44/100
|-hitcount|p1a: Heatran|3
|
|-heal|p1a: Heatran|50/100|[from] item: Leftovers
|upkeep
|turn|19
|j| Chose ♤ Truc
|l| Chose ♤ Truc
|inactive|Volcaronium has 120 seconds left.
|c|☆mimilimi ♫☯|Par contre quand la burn?
|inactive|Volcaronium has 90 seconds left.
|inactive|Volcaronium has 60 seconds left.
|
|t:|1660247119
|switch|p2a: Zapdos|Zapdos|36/100
|move|p1a: Heatran|Magma Storm|p2a: Zapdos
|-damage|p2a: Zapdos|0 fnt
|faint|p2a: Zapdos
|
|-heal|p1a: Heatran|56/100|[from] item: Leftovers
|upkeep
|
|t:|1660247122
|switch|p2a: Landorus|Landorus-Therian, M|43/100
|-ability|p2a: Landorus|Intimidate|boost
|-unboost|p1a: Heatran|atk|1
|turn|20
|inactive|Volcaronium has 60 seconds left.
|
|t:|1660247137
|switch|p1a: Tapu Lele|Tapu Lele|100/100
|-fieldstart|move: Psychic Terrain|[from] ability: Psychic Surge|[of] p1a: Tapu Lele
|move|p2a: Landorus|Earthquake|p1a: Tapu Lele
|-damage|p1a: Tapu Lele|25/100
|
|-heal|p2a: Landorus|49/100|[from] item: Leftovers
|upkeep
|turn|21
|inactive|Volcaronium has 60 seconds left.
|
|t:|1660247149
|move|p1a: Tapu Lele|Psyshock|p2a: Landorus
|-damage|p2a: Landorus|0 fnt
|faint|p2a: Landorus
|
|upkeep
|
|t:|1660247151
|switch|p2a: Melmetal|Melmetal|100/100
|-damage|p2a: Melmetal|88/100|[from] Spikes
|turn|22
|
|t:|1660247160
|move|p1a: Tapu Lele|Psyshock|p2a: Melmetal
|-resisted|p2a: Melmetal
|-damage|p2a: Melmetal|72/100
|move|p2a: Melmetal|Earthquake|p1a: Tapu Lele
|-damage|p1a: Tapu Lele|0 fnt
|faint|p1a: Tapu Lele
|
|upkeep
|j| Chose ♤ Truc
|
|t:|1660247163
|switch|p1a: Kartana|Kartana|52/100
|turn|23
|c|☆Volcaronium|Je suis un clicker
|
|t:|1660247188
|move|p1a: Kartana|Swords Dance|p1a: Kartana
|-boost|p1a: Kartana|atk|2
|move|p2a: Melmetal|Earthquake|p1a: Kartana
|-damage|p1a: Kartana|15/100
|
|upkeep
|turn|24
|
|t:|1660247194
|move|p1a: Kartana|Synthesis|p1a: Kartana
|-heal|p1a: Kartana|65/100
|move|p2a: Melmetal|Earthquake|p1a: Kartana
|-damage|p1a: Kartana|31/100
|
|-fieldend|move: Psychic Terrain
|upkeep
|turn|25
|
|t:|1660247200
|move|p1a: Kartana|Synthesis|p1a: Kartana
|-heal|p1a: Kartana|80/100
|move|p2a: Melmetal|Earthquake|p1a: Kartana
|-damage|p1a: Kartana|43/100
|
|upkeep
|turn|26
|
|t:|1660247207
|move|p1a: Kartana|Knock Off|p2a: Melmetal
|-damage|p2a: Melmetal|26/100
|-enditem|p2a: Melmetal|Assault Vest|[from] move: Knock Off|[of] p1a: Kartana
|move|p2a: Melmetal|Earthquake|p1a: Kartana
|-damage|p1a: Kartana|6/100
|
|upkeep
|turn|27
|
|t:|1660247213
|switch|p2a: Weavile|Weavile, F|88/100
|-damage|p2a: Weavile|76/100|[from] Spikes
|move|p1a: Kartana|Synthesis|p1a: Kartana
|-heal|p1a: Kartana|56/100
|
|upkeep
|turn|28
|l|☆mimilimi ♫☯
|inactive|mimilimi ♫☯ disconnected and has a minute to reconnect!
|player|p1|
|j|☆mimilimi ♫☯
|inactive|mimilimi ♫☯ reconnected and has 105 seconds left.
|player|p1|mimilimi ♫☯|juggler
|
|t:|1660247268
|move|p2a: Weavile|Triple Axel|p1a: Kartana
|-damage|p1a: Kartana|41/100
|-damage|p1a: Kartana|9/100
|-damage|p1a: Kartana|0 fnt
|faint|p1a: Kartana
|-hitcount|p1: Kartana|3
|
|upkeep
|j| Amphinobi 94
|
|t:|1660247271
|switch|p1a: Heatran|Heatran, M|56/100
|turn|29
|
|t:|1660247274
|switch|p2a: Melmetal|Melmetal|26/100
|-damage|p2a: Melmetal|13/100|[from] Spikes
|move|p1a: Heatran|Earth Power|p2a: Melmetal
|-supereffective|p2a: Melmetal
|-damage|p2a: Melmetal|0 fnt
|faint|p2a: Melmetal
|
|-heal|p1a: Heatran|62/100|[from] item: Leftovers
|upkeep
|
|t:|1660247276
|switch|p2a: Weavile|Weavile, F|76/100
|-damage|p2a: Weavile|63/100|[from] Spikes
|turn|30
|inactive|mimilimi ♫☯ has 120 seconds left.
|
|t:|1660247294
|move|p2a: Weavile|Knock Off|p1a: Heatran
|-damage|p1a: Heatran|0 fnt
|-status|p2a: Weavile|brn|[from] ability: Flame Body|[of] p1a: Heatran
|-enditem|p1a: Heatran|Leftovers|[from] move: Knock Off|[of] p2a: Weavile
|faint|p1a: Heatran
|
|win|Volcaronium
|n|☆Volcaronium|volcaronium
|n| kAbiL「。°」Apok‱…❄|kabilapok
|n| pokyy|pokyy
|n| zornoza|zornoza
|n| Chose ♤ Truc|chosetruc
|n|☆mimilimi ♫☯|mimilimi
|n| Amphinobi 94|amphinobi94
