|j|☆Sww-Suwa
|j|☆LuisRZ21
|inactive|Battle timer is ON: inactive players will automatically lose when time's up.
|t:|1662486863
|gametype|singles
|player|p1|Sww-Suwa|elaine|
|player|p2|LuisRZ21|richboy|
|teamsize|p1|6
|teamsize|p2|6
|gen|8
|tier|[Gen 8] OU
|rated|Tournament battle
|rule|Sleep Clause Mod: Limit one foe put to sleep
|rule|Species Clause: Limit one of each Pokémon
|rule|OHKO Clause: OHKO moves are banned
|rule|Evasion Items Clause: Evasion items are banned
|rule|Evasion Moves Clause: Evasion moves are banned
|rule|Endless Battle Clause: Forcing endless battles is banned
|rule|HP Percentage Mod: HP is shown in percentages
|rule|Dynamax Clause: You cannot dynamax
|clearpoke
|poke|p1|Hatterene, F|
|poke|p1|Cresselia, F|
|poke|p1|Porygon2|
|poke|p1|Necrozma-Dawn-Wings|
|poke|p1|Marowak-Alola, M|
|poke|p1|Melmetal|
|poke|p2|Bisharp, F|
|poke|p2|Grimmsnarl, M|
|poke|p2|Excadrill, F|
|poke|p2|Dragapult, F|
|poke|p2|Cloyster, F|
|poke|p2|Kommo-o, M|
|teampreview
|c|☆Sww-Suwa|hf
|j| Rubiaa
|j| okaiokaiokai
|j| Mon cappuccino
|j|#ironwater
|j| Fairy Gods
|
|t:|1662486879
|start
|switch|p1a: Hatterene|Hatterene, F|100/100
|switch|p2a: Grimmsnarl|Grimmsnarl, M|100/100
|turn|1
|c| Mon cappuccino|Sww-Suwa how do you feel about being the first so far to use ndw
|
|t:|1662486894
|move|p2a: Grimmsnarl|Light Screen|p2a: Grimmsnarl
|-sidestart|p2: LuisRZ21|move: Light Screen
|move|p1a: Hatterene|Trick Room|p1a: Hatterene
|-fieldstart|move: Trick Room|[of] p1a: Hatterene
|
|upkeep
|turn|2
|
|t:|1662486899
|move|p2a: Grimmsnarl|Reflect|p2a: Grimmsnarl
|-sidestart|p2: LuisRZ21|Reflect
|move|p1a: Hatterene|Healing Wish|p1a: Hatterene
|faint|p1a: Hatterene
|
|upkeep
|c|☆Sww-Suwa|i feel alr
|
|t:|1662486906
|switch|p1a: Melmetal|Melmetal|100/100
|turn|3
|c|☆Sww-Suwa|idk how to use trick room
|
|t:|1662486926
|switch|p2a: Kommo-o|Kommo-o, M|100/100
|move|p1a: Melmetal|Double Iron Bash|p2a: Kommo-o
|-damage|p2a: Kommo-o|72/100
|-damage|p2a: Kommo-o|45/100
|-hitcount|p2a: Kommo-o|2
|-damage|p1a: Melmetal|91/100|[from] item: Life Orb
|
|upkeep
|turn|4
|c|☆Sww-Suwa|oh i am doing great
|c|☆Sww-Suwa|lmao
|
|t:|1662486938
|move|p1a: Melmetal|Double Iron Bash|p2a: Kommo-o
|-damage|p2a: Kommo-o|18/100
|-damage|p2a: Kommo-o|0 fnt
|faint|p2a: Kommo-o
|-hitcount|p2: Kommo-o|2
|-damage|p1a: Melmetal|81/100|[from] item: Life Orb
|
|upkeep
|inactive|LuisRZ21 has 120 seconds left.
|
|t:|1662486954
|switch|p2a: Bisharp|Bisharp, F|100/100
|turn|5
|
|t:|1662486956
|move|p1a: Melmetal|Superpower|p2a: Bisharp
|-supereffective|p2a: Bisharp
|-damage|p2a: Bisharp|0 fnt
|-unboost|p1a: Melmetal|atk|1
|-unboost|p1a: Melmetal|def|1
|faint|p2a: Bisharp
|-damage|p1a: Melmetal|71/100|[from] item: Life Orb
|
|-fieldend|move: Trick Room
|upkeep
|
|t:|1662486961
|switch|p2a: Excadrill|Excadrill, F|100/100
|-ability|p2a: Excadrill|Mold Breaker
|turn|6
|
|t:|1662486965
|switch|p1a: Cresselia|Cresselia, F, shiny|100/100
|move|p2a: Excadrill|Earthquake|p1a: Cresselia
|-damage|p1a: Cresselia|74/100
|
|upkeep
|turn|7
|
|t:|1662486975
|move|p2a: Excadrill|Stealth Rock|p1a: Cresselia
|-sidestart|p1: Sww-Suwa|move: Stealth Rock
|move|p1a: Cresselia|Moonblast|p2a: Excadrill
|-resisted|p2a: Excadrill
|-damage|p2a: Excadrill|94/100
|
|upkeep
|turn|8
|
|t:|1662486982
|move|p2a: Excadrill|Rapid Spin|p1a: Cresselia
|-damage|p1a: Cresselia|64/100
|-boost|p2a: Excadrill|spe|1
|-damage|p2a: Excadrill|78/100|[from] item: Rocky Helmet|[of] p1a: Cresselia
|move|p1a: Cresselia|Trick Room|p1a: Cresselia
|-fieldstart|move: Trick Room|[of] p1a: Cresselia
|
|-sideend|p2: LuisRZ21|move: Light Screen
|upkeep
|turn|9
|
|t:|1662486989
|switch|p1a: Melmetal|Melmetal|71/100
|-heal|p1a: Melmetal|100/100|[from] move: Healing Wish
|-damage|p1a: Melmetal|94/100|[from] Stealth Rock
|move|p2a: Excadrill|Rapid Spin|p1a: Melmetal
|-resisted|p1a: Melmetal
|-damage|p1a: Melmetal|90/100
|-boost|p2a: Excadrill|spe|1
|
|-sideend|p2: LuisRZ21|Reflect
|upkeep
|turn|10
|c|☆Sww-Suwa|do you all think
|c|☆Sww-Suwa|it dies to bash?
|inactive|Sww-Suwa has 120 seconds left.
|c| okaiokaiokai|no
|c| okaiokaiokai|but flinch
|
|t:|1662487030
|switch|p2a: Grimmsnarl|Grimmsnarl, M|100/100
|move|p1a: Melmetal|Double Iron Bash|p2a: Grimmsnarl
|-supereffective|p2a: Grimmsnarl
|-damage|p2a: Grimmsnarl|0 fnt
|faint|p2a: Grimmsnarl
|-hitcount|p2: Grimmsnarl|1
|-damage|p1a: Melmetal|80/100|[from] item: Life Orb
|
|upkeep
|c|☆Sww-Suwa|well that one died
|inactive|LuisRZ21 has 120 seconds left.
|c| okaiokaiokai|actually
|c|☆LuisRZ21|Fuck Trick Room teams
|
|t:|1662487054
|switch|p2a: Dragapult|Dragapult, F|100/100
|turn|11
|c| okaiokaiokai|it probably dies
|
|t:|1662487057
|move|p1a: Melmetal|Double Iron Bash|p2a: Dragapult
|-damage|p2a: Dragapult|36/100
|-damage|p2a: Dragapult|0 fnt
|faint|p2a: Dragapult
|-hitcount|p2: Dragapult|2
|-damage|p1a: Melmetal|70/100|[from] item: Life Orb
|
|upkeep
|
|t:|1662487061
|switch|p2a: Cloyster|Cloyster, F|100/100
|turn|12
|
|t:|1662487064
|move|p1a: Melmetal|Double Iron Bash|p2a: Cloyster
|-damage|p2a: Cloyster|54/100
|-damage|p2a: Cloyster|3/100
|-hitcount|p2a: Cloyster|2
|-damage|p1a: Melmetal|60/100|[from] item: Life Orb
|cant|p2a: Cloyster|flinch
|
|-fieldend|move: Trick Room
|upkeep
|turn|13
|c| Mon cappuccino|LuisRZ21 bring countermeasures then
|-message|LuisRZ21 forfeited.
|
|win|Sww-Suwa
|n|☆Sww-Suwa|swwsuwa
|n|☆LuisRZ21|luisrz21
|n| Rubiaa|rubiaa
|n| okaiokaiokai|okaiokaiokai
|n| Mon cappuccino|moncappuccino
|n|@ironwater|ironwater
|n| Fairy Gods|fairygods
|l|☆LuisRZ21
|c|☆Sww-Suwa|ggs
