|j|☆tester113
|j|☆Colonel Rivai
|t:|1650802288
|gametype|singles
|player|p1|tester113|unknown|1553
|player|p2|Colonel Rivai|265|1579
|teamsize|p1|6
|teamsize|p2|6
|gen|8
|tier|[Gen 8] OU
|rated|
|rule|Sleep Clause Mod: Limit one foe put to sleep
|rule|Species Clause: Limit one of each Pokémon
|rule|OHKO Clause: OHKO moves are banned
|rule|Evasion Moves Clause: Evasion moves are banned
|rule|Endless Battle Clause: Forcing endless battles is banned
|rule|HP Percentage Mod: HP is shown in percentages
|rule|Dynamax Clause: You cannot dynamax
|clearpoke
|poke|p1|Zeraora|
|poke|p1|Dragapult, M|
|poke|p1|Heatran, M|
|poke|p1|Rillaboom, F|
|poke|p1|Clefable, F|
|poke|p1|Mandibuzz, F|
|poke|p2|Glastrier|
|poke|p2|Tapu Fini|
|poke|p2|Ferrothorn, F|
|poke|p2|Krookodile, M|
|poke|p2|Zapdos|
|poke|p2|Victini|
|teampreview
|inactive|Battle timer is ON: inactive players will automatically lose when time's up. (requested by tester113)
|
|t:|1650802302
|start
|switch|p1a: Dragapult|Dragapult, M, shiny|100/100
|switch|p2a: Hellcat|Victini|100/100
|turn|1
|
|t:|1650802313
|switch|p2a: F-150|Ferrothorn, F|100/100
|move|p1a: Dragapult|U-turn|p2a: F-150
|-damage|p2a: F-150|91/100
|-damage|p1a: Dragapult|88/100|[from] ability: Iron Barbs|[of] p2a: F-150
|-damage|p1a: Dragapult|72/100|[from] item: Rocky Helmet|[of] p2a: F-150
|
|t:|1650802320
|switch|p1a: Heatran|Heatran, M|100/100|[from]move: U-turn
|
|upkeep
|turn|2
|
|t:|1650802329
|switch|p2a: Hellcat|Victini|100/100
|move|p1a: Heatran|Magma Storm|p2a: Hellcat
|-resisted|p2a: Hellcat
|-damage|p2a: Hellcat|71/100
|-activate|p2a: Hellcat|move: Magma Storm|[of] p1a: Heatran
|
|-damage|p2a: Hellcat|59/100|[from] move: Magma Storm|[partiallytrapped]
|upkeep
|turn|3
|
|t:|1650802336
|move|p2a: Hellcat|U-turn|p1a: Heatran
|-resisted|p1a: Heatran
|-damage|p1a: Heatran|95/100
|
|t:|1650802340
|switch|p2a: Shelby|Tapu Fini|100/100|[from]move: U-turn
|-fieldstart|move: Misty Terrain|[from] ability: Misty Surge|[of] p2a: Shelby
|move|p1a: Heatran|Earth Power|p2a: Shelby
|-damage|p2a: Shelby|75/100
|
|-heal|p1a: Heatran|100/100|[from] item: Leftovers
|-heal|p2a: Shelby|81/100|[from] item: Leftovers
|upkeep
|turn|4
|j| CloseCombatChansey
|
|t:|1650802351
|switch|p1a: Rillaboom|Rillaboom, F|100/100
|-fieldstart|move: Grassy Terrain|[from] ability: Grassy Surge|[of] p1a: Rillaboom
|move|p2a: Shelby|Scald|p1a: Rillaboom
|-resisted|p1a: Rillaboom
|-damage|p1a: Rillaboom|82/100
|-status|p1a: Rillaboom|brn
|
|-heal|p1a: Rillaboom|88/100 brn|[from] Grassy Terrain
|-heal|p2a: Shelby|87/100|[from] Grassy Terrain
|-heal|p2a: Shelby|93/100|[from] item: Leftovers
|-damage|p1a: Rillaboom|82/100 brn|[from] brn
|upkeep
|turn|5
|
|t:|1650802364
|switch|p2a: F-150|Ferrothorn, F|91/100
|move|p1a: Rillaboom|U-turn|p2a: F-150
|-damage|p2a: F-150|80/100
|-damage|p1a: Rillaboom|70/100 brn|[from] ability: Iron Barbs|[of] p2a: F-150
|-damage|p1a: Rillaboom|53/100 brn|[from] item: Rocky Helmet|[of] p2a: F-150
|
|t:|1650802371
|switch|p1a: Heatran|Heatran, M|100/100|[from]move: U-turn
|
|-heal|p2a: F-150|86/100|[from] Grassy Terrain
|upkeep
|turn|6
|
|t:|1650802376
|switch|p2a: Hellcat|Victini|59/100
|move|p1a: Heatran|Magma Storm|p2a: Hellcat
|-resisted|p2a: Hellcat
|-damage|p2a: Hellcat|31/100
|-activate|p2a: Hellcat|move: Magma Storm|[of] p1a: Heatran
|
|-heal|p2a: Hellcat|37/100|[from] Grassy Terrain
|-damage|p2a: Hellcat|25/100|[from] move: Magma Storm|[partiallytrapped]
|upkeep
|turn|7
|
|t:|1650802385
|move|p2a: Hellcat|U-turn|p1a: Heatran
|-resisted|p1a: Heatran
|-damage|p1a: Heatran|96/100
|
|t:|1650802386
|switch|p2a: Shelby|Tapu Fini|93/100|[from]move: U-turn
|-fieldstart|move: Misty Terrain|[from] ability: Misty Surge|[of] p2a: Shelby
|move|p1a: Heatran|Magma Storm|p2a: Shelby
|-resisted|p2a: Shelby
|-damage|p2a: Shelby|70/100
|-activate|p2a: Shelby|move: Magma Storm|[of] p1a: Heatran
|
|-heal|p1a: Heatran|100/100|[from] item: Leftovers
|-heal|p2a: Shelby|76/100|[from] item: Leftovers
|-damage|p2a: Shelby|63/100|[from] move: Magma Storm|[partiallytrapped]
|upkeep
|turn|8
|
|t:|1650802398
|move|p1a: Heatran|Earth Power|p2a: Shelby
|-damage|p2a: Shelby|36/100
|-unboost|p2a: Shelby|spd|1
|move|p2a: Shelby|Draining Kiss|p1a: Heatran
|-resisted|p1a: Heatran
|-damage|p1a: Heatran|97/100
|-heal|p2a: Shelby|39/100|[from] drain|[of] p1a: Heatran
|
|-heal|p1a: Heatran|100/100|[from] item: Leftovers
|-heal|p2a: Shelby|45/100|[from] item: Leftovers
|-damage|p2a: Shelby|33/100|[from] move: Magma Storm|[partiallytrapped]
|upkeep
|turn|9
|
|t:|1650802409
|move|p1a: Heatran|Earth Power|p2a: Shelby
|-damage|p2a: Shelby|0 fnt
|faint|p2a: Shelby
|
|upkeep
|
|t:|1650802411
|switch|p2a: Charger|Krookodile, M|100/100
|turn|10
|
|t:|1650802415
|switch|p1a: Clefable|Clefable, F|100/100
|move|p2a: Charger|Stealth Rock|p1a: Clefable
|-sidestart|p1: tester113|move: Stealth Rock
|
|upkeep
|turn|11
|
|t:|1650802420
|switch|p2a: Panamera|Glastrier|100/100
|move|p1a: Clefable|Stealth Rock|p2a: Panamera
|-sidestart|p2: Colonel Rivai|move: Stealth Rock
|
|-fieldend|Misty Terrain
|upkeep
|turn|12
|
|t:|1650802425
|switch|p1a: Rillaboom|Rillaboom, F|53/100 brn
|-damage|p1a: Rillaboom|41/100 brn|[from] Stealth Rock
|-fieldstart|move: Grassy Terrain|[from] ability: Grassy Surge|[of] p1a: Rillaboom
|move|p2a: Panamera|High Horsepower|p1a: Rillaboom
|-resisted|p1a: Rillaboom
|-damage|p1a: Rillaboom|10/100 brn
|
|-heal|p1a: Rillaboom|16/100 brn|[from] Grassy Terrain
|-damage|p1a: Rillaboom|10/100 brn|[from] brn
|upkeep
|turn|13
|
|t:|1650802436
|switch|p2a: Tesla|Zapdos|100/100
|move|p1a: Rillaboom|Superpower|p2a: Tesla
|-resisted|p2a: Tesla
|-damage|p2a: Tesla|89/100
|-unboost|p1a: Rillaboom|atk|1
|-unboost|p1a: Rillaboom|def|1
|
|-heal|p1a: Rillaboom|16/100 brn|[from] Grassy Terrain
|-damage|p1a: Rillaboom|10/100 brn|[from] brn
|upkeep
|turn|14
|
|t:|1650802452
|switch|p1a: Heatran|Heatran, M|100/100
|-damage|p1a: Heatran|88/100|[from] Stealth Rock
|move|p2a: Tesla|Volt Switch|p1a: Heatran
|-damage|p1a: Heatran|57/100
|
|t:|1650802456
|switch|p2a: Charger|Krookodile, M|100/100|[from]move: Volt Switch
|-damage|p2a: Charger|94/100|[from] Stealth Rock
|
|-heal|p2a: Charger|100/100|[from] Grassy Terrain
|-heal|p1a: Heatran|64/100|[from] Grassy Terrain
|-heal|p1a: Heatran|70/100|[from] item: Leftovers
|upkeep
|turn|15
|
|t:|1650802466
|switch|p1a: Rillaboom|Rillaboom, F|10/100 brn
|-damage|p1a: Rillaboom|0 fnt|[from] Stealth Rock
|faint|p1a: Rillaboom
|move|p2a: Charger|Knock Off|p1: Rillaboom|[notarget]
|-fail|p2a: Charger
|
|upkeep
|
|t:|1650802476
|switch|p1a: Zeraora|Zeraora|100/100
|-damage|p1a: Zeraora|88/100|[from] Stealth Rock
|turn|16
|
|t:|1650802480
|switch|p2a: F-150|Ferrothorn, F|86/100
|-damage|p2a: F-150|80/100|[from] Stealth Rock
|move|p1a: Zeraora|Close Combat|p2a: F-150
|-supereffective|p2a: F-150
|-damage|p2a: F-150|23/100
|-unboost|p1a: Zeraora|def|1
|-unboost|p1a: Zeraora|spd|1
|-damage|p1a: Zeraora|76/100|[from] ability: Iron Barbs|[of] p2a: F-150
|-damage|p1a: Zeraora|59/100|[from] item: Rocky Helmet|[of] p2a: F-150
|
|-heal|p1a: Zeraora|65/100|[from] Grassy Terrain
|-heal|p2a: F-150|29/100|[from] Grassy Terrain
|-fieldend|move: Grassy Terrain
|upkeep
|turn|17
|
|t:|1650802493
|switch|p2a: Tesla|Zapdos|89/100
|move|p1a: Zeraora|Close Combat|p2a: Tesla
|-resisted|p2a: Tesla
|-damage|p2a: Tesla|74/100
|-unboost|p1a: Zeraora|def|1
|-unboost|p1a: Zeraora|spd|1
|
|upkeep
|turn|18
|
|t:|1650802502
|move|p1a: Zeraora|Knock Off|p2a: Tesla
|-damage|p2a: Tesla|52/100
|-enditem|p2a: Tesla|Heavy-Duty Boots|[from] move: Knock Off|[of] p1a: Zeraora
|move|p2a: Tesla|Volt Switch|p1a: Zeraora
|-heal|p1a: Zeraora|90/100|[from] ability: Volt Absorb|[of] p2a: Tesla
|
|upkeep
|turn|19
|
|t:|1650802511
|switch|p1a: Clefable|Clefable, F|100/100
|move|p2a: Tesla|Roost|p2a: Tesla
|-heal|p2a: Tesla|100/100
|-singleturn|p2a: Tesla|move: Roost
|
|upkeep
|turn|20
|l| CloseCombatChansey
|j| pogohs
|
|t:|1650802517
|move|p2a: Tesla|Defog|p1a: Clefable
|-unboost|p1a: Clefable|evasion|1
|-sideend|p1: tester113|Stealth Rock|[from] move: Defog|[of] p2a: Tesla
|-sideend|p2: Colonel Rivai|Stealth Rock|[from] move: Defog|[of] p2a: Tesla
|move|p1a: Clefable|Wish|p1a: Clefable
|
|upkeep
|turn|21
|j| LiberaMeDomine
|
|t:|1650802523
|switch|p1a: Dragapult|Dragapult, M, shiny|72/100
|move|p2a: Tesla|Hurricane|p1a: Dragapult
|-damage|p1a: Dragapult|12/100
|-start|p1a: Dragapult|confusion
|
|-heal|p1a: Dragapult|74/100|[from] move: Wish|[wisher] Clefable
|upkeep
|turn|22
|j| CloseCombatChansey
|
|t:|1650802533
|switch|p1a: Clefable|Clefable, F|100/100
|move|p2a: Tesla|Volt Switch|p1a: Clefable
|-damage|p1a: Clefable|71/100
|
|t:|1650802535
|switch|p2a: Panamera|Glastrier|100/100|[from]move: Volt Switch
|
|-heal|p1a: Clefable|77/100|[from] item: Leftovers
|upkeep
|turn|23
|
|t:|1650802545
|move|p1a: Clefable|Moonblast|p2a: Panamera
|-damage|p2a: Panamera|76/100
|move|p2a: Panamera|Icicle Crash|p1a: Clefable
|-damage|p1a: Clefable|14/100
|
|-heal|p1a: Clefable|20/100|[from] item: Leftovers
|upkeep
|turn|24
|
|t:|1650802553
|move|p1a: Clefable|Moonblast|p2a: Panamera
|-damage|p2a: Panamera|48/100
|move|p2a: Panamera|Icicle Crash|p1a: Clefable
|-damage|p1a: Clefable|0 fnt
|faint|p1a: Clefable
|-ability|p2a: Panamera|Chilling Neigh|boost
|-boost|p2a: Panamera|atk|1
|
|upkeep
|l| LiberaMeDomine
|
|t:|1650802568
|switch|p1a: Heatran|Heatran, M|70/100
|turn|25
|
|t:|1650802577
|move|p1a: Heatran|Earth Power|p2a: Panamera
|-damage|p2a: Panamera|20/100
|move|p2a: Panamera|Icicle Crash|p1a: Heatran
|-resisted|p1a: Heatran
|-damage|p1a: Heatran|40/100
|
|-heal|p1a: Heatran|47/100|[from] item: Leftovers
|upkeep
|turn|26
|
|t:|1650802585
|move|p1a: Heatran|Earth Power|p2a: Panamera
|-damage|p2a: Panamera|0 fnt
|faint|p2a: Panamera
|
|-heal|p1a: Heatran|53/100|[from] item: Leftovers
|upkeep
|
|t:|1650802588
|switch|p2a: Charger|Krookodile, M|100/100
|turn|27
|
|t:|1650802597
|switch|p1a: Mandibuzz|Mandibuzz, F|100/100
|move|p2a: Charger|Knock Off|p1a: Mandibuzz
|-resisted|p1a: Mandibuzz
|-damage|p1a: Mandibuzz|84/100
|-enditem|p1a: Mandibuzz|Heavy-Duty Boots|[from] move: Knock Off|[of] p2a: Charger
|
|upkeep
|turn|28
|
|t:|1650802605
|switch|p2a: F-150|Ferrothorn, F|29/100
|move|p1a: Mandibuzz|U-turn|p2a: F-150
|-damage|p2a: F-150|23/100
|-damage|p1a: Mandibuzz|72/100|[from] ability: Iron Barbs|[of] p2a: F-150
|-damage|p1a: Mandibuzz|55/100|[from] item: Rocky Helmet|[of] p2a: F-150
|
|t:|1650802614
|switch|p1a: Dragapult|Dragapult, M, shiny|74/100|[from]move: U-turn
|
|upkeep
|turn|29
|
|t:|1650802619
|move|p1a: Dragapult|Flamethrower|p2a: F-150
|-supereffective|p2a: F-150
|-damage|p2a: F-150|0 fnt
|faint|p2a: F-150
|
|upkeep
|
|t:|1650802622
|switch|p2a: Charger|Krookodile, M|100/100
|turn|30
|j| CoronavirusEUW
|
|t:|1650802626
|switch|p1a: Mandibuzz|Mandibuzz, F|55/100
|move|p2a: Charger|Stone Edge|p1a: Mandibuzz
|-supereffective|p1a: Mandibuzz
|-damage|p1a: Mandibuzz|11/100
|
|upkeep
|turn|31
|
|t:|1650802638
|move|p2a: Charger|Stone Edge|p1a: Mandibuzz
|-supereffective|p1a: Mandibuzz
|-damage|p1a: Mandibuzz|0 fnt
|faint|p1a: Mandibuzz
|-ability|p2a: Charger|Moxie|boost
|-boost|p2a: Charger|atk|1
|
|upkeep
|
|t:|1650802644
|switch|p1a: Zeraora|Zeraora|90/100
|turn|32
|
|t:|1650802650
|switch|p2a: Tesla|Zapdos|100/100
|move|p1a: Zeraora|Close Combat|p2a: Tesla
|-resisted|p2a: Tesla
|-damage|p2a: Tesla|87/100
|-unboost|p1a: Zeraora|def|1
|-unboost|p1a: Zeraora|spd|1
|
|upkeep
|turn|33
|
|t:|1650802658
|switch|p1a: Heatran|Heatran, M|53/100
|move|p2a: Tesla|Volt Switch|p1a: Heatran
|-damage|p1a: Heatran|23/100
|
|t:|1650802661
|switch|p2a: Charger|Krookodile, M|100/100|[from]move: Volt Switch
|
|-heal|p1a: Heatran|29/100|[from] item: Leftovers
|upkeep
|turn|34
|
|t:|1650802666
|move|p2a: Charger|Earthquake|p1a: Heatran
|-supereffective|p1a: Heatran
|-damage|p1a: Heatran|0 fnt
|faint|p1a: Heatran
|-ability|p2a: Charger|Moxie|boost
|-boost|p2a: Charger|atk|1
|
|upkeep
|
|t:|1650802672
|switch|p1a: Dragapult|Dragapult, M, shiny|74/100
|turn|35
|
|t:|1650802675
|move|p2a: Charger|Earthquake|p1a: Dragapult
|-damage|p1a: Dragapult|0 fnt
|faint|p1a: Dragapult
|-ability|p2a: Charger|Moxie|boost
|-boost|p2a: Charger|atk|1
|
|upkeep
|l|☆tester113
|inactive|tester113 disconnected and has a minute to reconnect!
|player|p1|
|j| ikoero
|l| CloseCombatChansey
|l| ikoero
|inactive|tester113 has 30 seconds to reconnect!
|inactive|tester113 has 20 seconds to reconnect!
|inactive|tester113 has 15 seconds to reconnect!
|inactive|tester113 has 10 seconds to reconnect!
|inactive|tester113 has 5 seconds to reconnect!
|-message|tester113 lost due to inactivity.
|
|win|Colonel Rivai
|raw|tester113's rating: 1553 &rarr; <strong>1534</strong><br />(-19 for losing)
|raw|Colonel Rivai's rating: 1579 &rarr; <strong>1598</strong><br />(+19 for winning)
|l|☆Colonel Rivai
|l| CoronavirusEUW
|l| pogohs
|j|☆Colonel Rivai
|player|p2|Colonel Rivai|265
