|j|☆Q114
|j|☆Fakery King
|player|p1|Q114|101|1807
|player|p2|Fakery King|pokemonranger-gen4|1755
|teamsize|p1|6
|teamsize|p2|6
|gametype|singles
|gen|8
|tier|[Gen 8] OU
|rated|
|clearpoke
|poke|p1|Chansey, F|
|poke|p1|Toxapex, M|
|poke|p1|Clefable, M|
|poke|p1|Corviknight, M|
|poke|p1|Mew|
|poke|p1|Mandibuzz, F|
|poke|p2|Cinderace, F|
|poke|p2|Jirachi|
|poke|p2|Magearna|
|poke|p2|Urshifu-*, M|
|poke|p2|Dragapult, F|
|poke|p2|Clefable, F|
|rule|Sleep Clause Mod: Limit one foe put to sleep
|rule|Species Clause: Limit one of each Pokémon
|rule|OHKO Clause: OHKO moves are banned
|rule|Evasion Moves Clause: Evasion moves are banned
|rule|Endless Battle Clause: Forcing endless battles is banned
|rule|HP Percentage Mod: HP is shown in percentages
|rule|Dynamax Clause: You cannot dynamax
|teampreview
|
|start
|switch|p1a: Toxapex|Toxapex, M, shiny|100/100
|switch|p2a: Dragapult|Dragapult, F|100/100
|turn|1
|j| Haunted Diamond
|
|move|p2a: Dragapult|Substitute|p2a: Dragapult
|-start|p2a: Dragapult|Substitute
|-damage|p2a: Dragapult|76/100
|move|p1a: Toxapex|Knock Off|p2a: Dragapult
|-supereffective|p2a: Dragapult
|-crit|p2a: Dragapult
|-end|p2a: Dragapult|Substitute
|
|upkeep
|turn|2
|
|switch|p2a: Cinderace|Cinderace, F|100/100
|move|p1a: Toxapex|Knock Off|p2a: Cinderace
|-damage|p2a: Cinderace|79/100
|-enditem|p2a: Cinderace|Choice Scarf|[from] move: Knock Off|[of] p1a: Toxapex
|
|upkeep
|turn|3
|
|move|p2a: Cinderace|U-turn|p1a: Toxapex
|-start|p2a: Cinderace|typechange|Bug|[from] ability: Libero
|-resisted|p1a: Toxapex
|-damage|p1a: Toxapex|90/100
|
|switch|p2a: Clefable|Clefable, F|100/100|[from]move: U-turn
|move|p1a: Toxapex|Scald|p2a: Clefable
|-damage|p2a: Clefable|85/100
|
|-heal|p1a: Toxapex|96/100|[from] item: Black Sludge
|upkeep
|turn|4
|
|move|p2a: Clefable|Trick|p1a: Toxapex
|-activate|p2a: Clefable|move: Trick|[of] p1a: Toxapex
|-item|p1a: Toxapex|Sticky Barb|[from] move: Trick
|-item|p2a: Clefable|Black Sludge|[from] move: Trick
|move|p1a: Toxapex|Knock Off|p2a: Clefable
|-resisted|p2a: Clefable
|-damage|p2a: Clefable|79/100
|-enditem|p2a: Clefable|Black Sludge|[from] move: Knock Off|[of] p1a: Toxapex
|
|-damage|p1a: Toxapex|84/100|[from] item: Sticky Barb
|upkeep
|turn|5
|
|move|p2a: Clefable|Soft-Boiled|p2a: Clefable
|-heal|p2a: Clefable|100/100
|move|p1a: Toxapex|Toxic Spikes|p2a: Clefable
|-sidestart|p2: Fakery King|move: Toxic Spikes
|
|-damage|p1a: Toxapex|71/100|[from] item: Sticky Barb
|upkeep
|turn|6
|
|move|p2a: Clefable|Moonblast|p1a: Toxapex
|-resisted|p1a: Toxapex
|-damage|p1a: Toxapex|58/100
|move|p1a: Toxapex|Poison Jab|p2a: Clefable
|-supereffective|p2a: Clefable
|-damage|p2a: Clefable|73/100
|
|-damage|p1a: Toxapex|45/100|[from] item: Sticky Barb
|upkeep
|turn|7
|
|switch|p1a: Corviknight|Corviknight, M|100/100
|-ability|p1a: Corviknight|Pressure
|move|p2a: Clefable|Moonblast|p1a: Corviknight
|-resisted|p1a: Corviknight
|-damage|p1a: Corviknight|85/100
|
|upkeep
|turn|8
|j| lark134
|j| Meroz
|j| Commando 55
|
|switch|p1a: Toxapex|Toxapex, M, shiny|79/100
|switch|p2a: Jirachi|Jirachi|100/100
|
|-damage|p1a: Toxapex|67/100|[from] item: Sticky Barb
|upkeep
|turn|9
|l| Commando 55
|
|switch|p1a: Corviknight|Corviknight, M|85/100
|-ability|p1a: Corviknight|Pressure
|move|p2a: Jirachi|Thunder Wave|p1a: Corviknight
|-status|p1a: Corviknight|par
|
|upkeep
|turn|10
|l| Haunted Diamond
|
|switch|p2a: Magearna|Magearna|100/100
|switch|p1a: Toxapex|Toxapex, M, shiny|99/100
|
|-damage|p1a: Toxapex|88/100|[from] item: Sticky Barb
|upkeep
|turn|11
|
|move|p2a: Magearna|Volt Switch|p1a: Toxapex
|-supereffective|p1a: Toxapex
|-damage|p1a: Toxapex|21/100
|inactive|Battle timer is ON: inactive players will automatically lose when time's up. (requested by Fakery King)
|
|switch|p2a: Clefable|Clefable, F|73/100|[from]move: Volt Switch
|-status|p2a: Clefable|psn
|move|p1a: Toxapex|Knock Off|p2a: Clefable
|-resisted|p2a: Clefable
|-damage|p2a: Clefable|69/100 psn
|
|-damage|p1a: Toxapex|9/100|[from] item: Sticky Barb
|upkeep
|turn|12
|l| lark134
|
|switch|p1a: Chansey|Chansey, F|100/100
|move|p2a: Clefable|Stealth Rock|p1a: Chansey
|-sidestart|p1: Q114|move: Stealth Rock
|
|upkeep
|turn|13
|
|move|p2a: Clefable|Trick|p1a: Chansey
|-activate|p2a: Clefable|move: Trick|[of] p1a: Chansey
|-enditem|p1a: Chansey|Eviolite|[silent]|[from] move: Trick
|-item|p2a: Clefable|Eviolite|[from] move: Trick
|move|p1a: Chansey|Stealth Rock|p2a: Clefable
|-sidestart|p2: Fakery King|move: Stealth Rock
|
|upkeep
|turn|14
|
|move|p2a: Clefable|Soft-Boiled|p2a: Clefable
|-heal|p2a: Clefable|100/100 psn
|move|p1a: Chansey|Seismic Toss|p2a: Clefable
|-damage|p2a: Clefable|75/100 psn
|
|upkeep
|turn|15
|
|move|p2a: Clefable|Soft-Boiled|p2a: Clefable
|-heal|p2a: Clefable|100/100 psn
|move|p1a: Chansey|Seismic Toss|p2a: Clefable
|-damage|p2a: Clefable|75/100 psn
|
|upkeep
|turn|16
|
|switch|p2a: Jirachi|Jirachi|100/100
|-damage|p2a: Jirachi|94/100|[from] Stealth Rock
|move|p1a: Chansey|Seismic Toss|p2a: Jirachi
|-damage|p2a: Jirachi|69/100
|
|-heal|p2a: Jirachi|75/100|[from] item: Leftovers
|upkeep
|turn|17
|
|move|p2a: Jirachi|Zen Headbutt|p1a: Chansey
|-damage|p1a: Chansey|66/100
|cant|p1a: Chansey|flinch
|
|-heal|p2a: Jirachi|81/100|[from] item: Leftovers
|upkeep
|turn|18
|
|switch|p1a: Corviknight|Corviknight, M|85/100 par
|-damage|p1a: Corviknight|73/100 par|[from] Stealth Rock
|-ability|p1a: Corviknight|Pressure
|move|p2a: Jirachi|Iron Head|p1a: Corviknight
|-resisted|p1a: Corviknight
|-damage|p1a: Corviknight|61/100 par
|-damage|p2a: Jirachi|65/100|[from] item: Rocky Helmet|[of] p1a: Corviknight
|
|-heal|p2a: Jirachi|71/100|[from] item: Leftovers
|upkeep
|turn|19
|
|switch|p2a: Magearna|Magearna|100/100
|-damage|p2a: Magearna|94/100|[from] Stealth Rock
|cant|p1a: Corviknight|par
|
|upkeep
|turn|20
|
|switch|p1a: Mew|Mew|100/100
|-damage|p1a: Mew|88/100|[from] Stealth Rock
|move|p2a: Magearna|Volt Switch|p1a: Mew
|-damage|p1a: Mew|63/100
|
|switch|p2a: Urshifu|Urshifu, M|100/100|[from]move: Volt Switch
|-damage|p2a: Urshifu|94/100|[from] Stealth Rock
|-status|p2a: Urshifu|psn
|
|-damage|p2a: Urshifu|82/100 psn|[from] psn
|upkeep
|turn|21
|
|switch|p1a: Clefable|Clefable, M|100/100
|-damage|p1a: Clefable|88/100|[from] Stealth Rock
|switch|p2a: Magearna|Magearna|94/100
|-damage|p2a: Magearna|88/100|[from] Stealth Rock
|
|-heal|p1a: Clefable|94/100|[from] item: Leftovers
|upkeep
|turn|22
|
|move|p1a: Clefable|Protect|p1a: Clefable
|-singleturn|p1a: Clefable|Protect
|move|p2a: Magearna|Flash Cannon|p1a: Clefable
|-activate|p1a: Clefable|move: Protect
|
|-heal|p1a: Clefable|99/100|[from] item: Leftovers
|upkeep
|turn|23
|
|switch|p1a: Chansey|Chansey, F|66/100
|-damage|p1a: Chansey|54/100|[from] Stealth Rock
|move|p2a: Magearna|Flash Cannon|p1a: Chansey
|-damage|p1a: Chansey|24/100
|
|upkeep
|turn|24
|
|move|p2a: Magearna|Flash Cannon|p1a: Chansey
|-damage|p1a: Chansey|0 fnt
|faint|p1a: Chansey
|-ability|p2a: Magearna|Soul-Heart|boost
|-boost|p2a: Magearna|spa|1
|
|upkeep
|j| Deepintheabyss
|
|switch|p1a: Mandibuzz|Mandibuzz, F, shiny|100/100
|turn|25
|
|move|p1a: Mandibuzz|Defog|p2a: Magearna
|-unboost|p2a: Magearna|evasion|1
|-sideend|p2: Fakery King|Toxic Spikes|[from] move: Defog|[of] p1a: Mandibuzz
|-sideend|p2: Fakery King|Stealth Rock|[from] move: Defog|[of] p1a: Mandibuzz
|-sideend|p1: Q114|Stealth Rock|[from] move: Defog|[of] p1a: Mandibuzz
|move|p2a: Magearna|Flash Cannon|p1a: Mandibuzz
|-damage|p1a: Mandibuzz|18/100
|
|upkeep
|turn|26
|
|switch|p1a: Corviknight|Corviknight, M|61/100 par
|-ability|p1a: Corviknight|Pressure
|move|p2a: Magearna|Flash Cannon|p1a: Corviknight
|-resisted|p1a: Corviknight
|-damage|p1a: Corviknight|10/100 par
|
|upkeep
|turn|27
|
|switch|p1a: Toxapex|Toxapex, M, shiny|42/100
|move|p2a: Magearna|Flash Cannon|p1a: Toxapex
|-resisted|p1a: Toxapex
|-damage|p1a: Toxapex|0 fnt
|faint|p1a: Toxapex
|-ability|p2a: Magearna|Soul-Heart|boost
|-boost|p2a: Magearna|spa|1
|
|upkeep
|c|☆Fakery King|gg
|
|switch|p1a: Clefable|Clefable, M|99/100
|turn|28
|
|move|p1a: Clefable|Protect|p1a: Clefable
|-singleturn|p1a: Clefable|Protect
|move|p2a: Magearna|Flash Cannon|p1a: Clefable
|-activate|p1a: Clefable|move: Protect
|
|-heal|p1a: Clefable|100/100|[from] item: Leftovers
|upkeep
|turn|29
|j| 654654m
|inactive|Q114 has 120 seconds left.
|j| tyuityuryty
|c|☆Fakery King|can't rate stall users
|c|☆Fakery King|6-0'd
|c|☆Fakery King|how sad
|inactive|Q114 has 90 seconds left.
|c|☆Fakery King|eat this 6-0
|inactive|Q114 has 60 seconds left.
|c|☆Fakery King|opeb wide
|c|☆Fakery King|open
|inactive|Q114 has 30 seconds left.
|c|☆Fakery King|nomnom
|inactive|Q114 has 20 seconds left.
|c|☆Fakery King|munchmunch
|inactive|Q114 has 15 seconds left.
|inactive|Q114 has 10 seconds left.
|c|☆Fakery King|slurpslurp
|inactive|Q114 has 5 seconds left.
|-message|Q114 lost due to inactivity.
|
|win|Fakery King
|raw|Q114's rating: 1788 &rarr; <strong>1767</strong><br />(-21 for losing)
|raw|Fakery King's rating: 1773 &rarr; <strong>1794</strong><br />(+21 for winning)
