|j|☆Darkside2906
|j|☆Meracx
|inactive|Battle timer is ON: inactive players will automatically lose when time's up.
|t:|1663404291
|gametype|singles
|player|p1|Darkside2906|grimsley-gen7|
|player|p2|Meracx|thorton|
|teamsize|p1|5
|teamsize|p2|5
|gen|8
|tier|[Gen 8] OU
|rated|Tournament battle
|rule|Sleep Clause Mod: Limit one foe put to sleep
|rule|Species Clause: Limit one of each Pokémon
|rule|OHKO Clause: OHKO moves are banned
|rule|Evasion Items Clause: Evasion items are banned
|rule|Evasion Moves Clause: Evasion moves are banned
|rule|Endless Battle Clause: Forcing endless battles is banned
|rule|HP Percentage Mod: HP is shown in percentages
|rule|Dynamax Clause: You cannot dynamax
|clearpoke
|poke|p1|Bisharp, F|
|poke|p1|Boldore, F|
|poke|p1|Zigzagoon, M|
|poke|p1|Vibrava, M|
|poke|p1|Vullaby, F|
|poke|p2|Mienshao, F|
|poke|p2|Sinistea|
|poke|p2|Zorua, M|
|poke|p2|Bonsly, M|
|poke|p2|Dragonair, F|
|teampreview
|j|*Lady Monita
|
|t:|1663404300
|start
|switch|p1a: Boldore|Boldore, F, shiny|100/100
|switch|p2a: Bonsly|Bonsly, M|100/100
|turn|1
|c|☆Darkside2906|glhf
|c|☆Meracx|hf
|
|t:|1663404307
|move|p1a: Boldore|Stealth Rock|p2a: Bonsly
|-sidestart|p2: Meracx|move: Stealth Rock
|move|p2a: Bonsly|Stealth Rock|p1a: Boldore
|-sidestart|p1: Darkside2906|move: Stealth Rock
|
|upkeep
|turn|2
|
|t:|1663404315
|move|p1a: Boldore|Body Press|p2a: Bonsly
|-supereffective|p2a: Bonsly
|-damage|p2a: Bonsly|54/100
|move|p2a: Bonsly|Rock Slide|p1a: Boldore
|-damage|p1a: Boldore|80/100
|
|upkeep
|turn|3
|j| Sandy_27
|
|t:|1663404323
|move|p1a: Boldore|Body Press|p2a: Bonsly
|-supereffective|p2a: Bonsly
|-damage|p2a: Bonsly|6/100
|move|p2a: Bonsly|Rock Slide|p1a: Boldore
|-damage|p1a: Boldore|59/100
|
|upkeep
|turn|4
|-enditem|p2a: Bonsly|Custap Berry|[eat]
|-activate|p2a: Bonsly|item: Custap Berry|[consumed]
|
|t:|1663404339
|move|p2a: Bonsly|Explosion|p1a: Boldore
|-resisted|p1a: Boldore
|-crit|p1a: Boldore
|-damage|p1a: Boldore|25/100
|faint|p2a: Bonsly
|move|p1a: Boldore|Body Press|p2: Bonsly|[notarget]
|-fail|p1a: Boldore
|
|upkeep
|
|t:|1663404346
|switch|p2a: Sinistea|Sinistea|100/100
|-damage|p2a: Sinistea|88/100|[from] Stealth Rock
|turn|5
|
|t:|1663404352
|move|p2a: Sinistea|Giga Drain|p1a: Boldore
|-supereffective|p1a: Boldore
|-damage|p1a: Boldore|0 fnt
|-heal|p2a: Sinistea|100/100|[from] drain|[of] p1a: Boldore
|faint|p1a: Boldore
|
|upkeep
|
|t:|1663404361
|switch|p1a: Bisharp|Bisharp, F, shiny|100/100
|-damage|p1a: Bisharp|95/100|[from] Stealth Rock
|turn|6
|
|t:|1663404366
|move|p1a: Bisharp|Knock Off|p2a: Sinistea
|-supereffective|p2a: Sinistea
|-enditem|p2a: Sinistea|Focus Sash
|-damage|p2a: Sinistea|1/100
|-ability|p2a: Sinistea|Weak Armor|boost
|-unboost|p2a: Sinistea|def|1
|-boost|p2a: Sinistea|spe|2
|-damage|p1a: Bisharp|85/100|[from] item: Life Orb
|move|p2a: Sinistea|Shadow Ball|p1a: Bisharp
|-resisted|p1a: Bisharp
|-damage|p1a: Bisharp|60/100
|-unboost|p1a: Bisharp|spd|1
|-ability|p1a: Bisharp|Defiant
|-boost|p1a: Bisharp|atk|2
|
|upkeep
|turn|7
|j| RAJYOG
|
|t:|1663404381
|move|p2a: Sinistea|Shell Smash|p2a: Sinistea
|-unboost|p2a: Sinistea|def|1
|-unboost|p2a: Sinistea|spd|1
|-boost|p2a: Sinistea|atk|2
|-boost|p2a: Sinistea|spa|2
|-boost|p2a: Sinistea|spe|2
|move|p1a: Bisharp|Knock Off|p2a: Sinistea
|-supereffective|p2a: Sinistea
|-damage|p2a: Sinistea|0 fnt
|faint|p2a: Sinistea
|-damage|p1a: Bisharp|50/100|[from] item: Life Orb
|
|upkeep
|
|t:|1663404392
|switch|p2a: Mienshao|Mienshao, F|100/100
|-damage|p2a: Mienshao|95/100|[from] Stealth Rock
|turn|8
|
|t:|1663404396
|move|p2a: Mienshao|High Jump Kick|p1a: Bisharp
|-supereffective|p1a: Bisharp
|-crit|p1a: Bisharp
|-damage|p1a: Bisharp|0 fnt
|faint|p1a: Bisharp
|
|upkeep
|
|t:|1663404402
|switch|p1a: Vullaby|Vullaby, F, shiny|100/100
|-damage|p1a: Vullaby|76/100|[from] Stealth Rock
|turn|9
|
|t:|1663404407
|move|p2a: Mienshao|High Jump Kick|p1a: Vullaby|[miss]
|-miss|p2a: Mienshao|p1a: Vullaby
|-damage|p2a: Mienshao|45/100|[from] highjumpkick
|move|p1a: Vullaby|Toxic|p2a: Mienshao
|-status|p2a: Mienshao|tox
|
|-damage|p2a: Mienshao|39/100 tox|[from] psn
|upkeep
|turn|10
|j|^ETJX
|
|t:|1663404416
|move|p2a: Mienshao|High Jump Kick|p1a: Vullaby
|-damage|p1a: Vullaby|9/100
|move|p1a: Vullaby|Roost|p1a: Vullaby
|-heal|p1a: Vullaby|59/100
|-singleturn|p1a: Vullaby|move: Roost
|
|-damage|p2a: Mienshao|27/100 tox|[from] psn
|upkeep
|turn|11
|
|t:|1663404426
|move|p2a: Mienshao|High Jump Kick|p1a: Vullaby
|-damage|p1a: Vullaby|0 fnt
|faint|p1a: Vullaby
|
|-damage|p2a: Mienshao|9/100 tox|[from] psn
|upkeep
|
|t:|1663404435
|switch|p1a: Vibrava|Vibrava, M, shiny|100/100
|-damage|p1a: Vibrava|95/100|[from] Stealth Rock
|turn|12
|
|t:|1663404441
|move|p1a: Vibrava|First Impression|p2a: Mienshao
|-resisted|p2a: Mienshao
|-damage|p2a: Mienshao|0 fnt
|faint|p2a: Mienshao
|
|upkeep
|
|t:|1663404448
|switch|p2a: Dragonair|Dragonair, F|100/100
|-damage|p2a: Dragonair|88/100|[from] Stealth Rock
|turn|13
|
|t:|1663404454
|move|p2a: Dragonair|Outrage|p1a: Vibrava
|-supereffective|p1a: Vibrava
|-damage|p1a: Vibrava|0 fnt
|faint|p1a: Vibrava
|
|-status|p2a: Dragonair|brn|[from] item: Flame Orb
|upkeep
|
|t:|1663404462
|switch|p1a: Zigzagoon|Zigzagoon, M, shiny|100/100
|-damage|p1a: Zigzagoon|88/100|[from] Stealth Rock
|turn|14
|
|t:|1663404468
|move|p1a: Zigzagoon|Extreme Speed|p2a: Dragonair
|-damage|p2a: Dragonair|66/100 brn
|move|p2a: Dragonair|Outrage|p1a: Zigzagoon|[from]lockedmove
|-damage|p1a: Zigzagoon|2/100
|-enditem|p1a: Zigzagoon|Mago Berry|[eat]
|-heal|p1a: Zigzagoon|35/100|[from] item: Mago Berry
|-start|p2a: Dragonair|confusion|[fatigue]
|
|-damage|p2a: Dragonair|59/100 brn|[from] brn
|upkeep
|turn|15
|
|t:|1663404481
|-activate|p2a: Dragonair|confusion
|move|p2a: Dragonair|Facade|p1a: Zigzagoon
|-damage|p1a: Zigzagoon|0 fnt
|faint|p1a: Zigzagoon
|
|win|Meracx
|n|☆Darkside2906|darkside2906
|n|☆Meracx|meracx
|n|*Lady Monita|ladymonita
|n| Sandy_27|sandy27
|n| RAJYOG|rajyog
|n| ETJX|etjx
