|j|☆bramitoboy
|j|☆Casino Boi
|t:|1661382446
|gametype|singles
|player|p1|bramitoboy|170|1800
|player|p2|Casino Boi|gambler|1890
|teamsize|p1|6
|teamsize|p2|6
|gen|8
|tier|[Gen 8] OU
|rated|
|rule|Sleep Clause Mod: Limit one foe put to sleep
|rule|Species Clause: Limit one of each Pokémon
|rule|OHKO Clause: OHKO moves are banned
|rule|Evasion Items Clause: Evasion items are banned
|rule|Evasion Moves Clause: Evasion moves are banned
|rule|Endless Battle Clause: Forcing endless battles is banned
|rule|HP Percentage Mod: HP is shown in percentages
|rule|Dynamax Clause: You cannot dynamax
|clearpoke
|poke|p1|Zarude-Dada|
|poke|p1|Keldeo-Resolute|
|poke|p1|Tapu Lele|
|poke|p1|Tapu Koko|
|poke|p1|Heatran, M|
|poke|p1|Landorus-Therian, M|
|poke|p2|Melmetal|
|poke|p2|Bisharp, F|
|poke|p2|Landorus-Therian, M|
|poke|p2|Dragonite, M|
|poke|p2|Dragapult, F|
|poke|p2|Weavile, M|
|teampreview
|inactive|Battle timer is ON: inactive players will automatically lose when time's up. (requested by Casino Boi)
|
|t:|1661382457
|start
|switch|p1a: Tapu Koko|Tapu Koko|100/100
|switch|p2a: Bisharp|Bisharp, F, shiny|100/100
|-fieldstart|move: Electric Terrain|[from] ability: Electric Surge|[of] p1a: Tapu Koko
|turn|1
|
|t:|1661382469
|move|p1a: Tapu Koko|Dazzling Gleam|p2a: Bisharp
|-damage|p2a: Bisharp|38/100
|move|p2a: Bisharp|Iron Head|p1a: Tapu Koko
|-damage|p1a: Tapu Koko|36/100
|
|upkeep
|turn|2
|
|t:|1661382477
|switch|p1a: Heatran|Heatran, M|100/100
|-item|p1a: Heatran|Air Balloon
|switch|p2a: Landorus|Landorus-Therian, M, shiny|100/100
|-ability|p2a: Landorus|Intimidate|boost
|-unboost|p1a: Heatran|atk|1
|
|upkeep
|turn|3
|
|t:|1661382487
|move|p2a: Landorus|U-turn|p1a: Heatran
|-resisted|p1a: Heatran
|-damage|p1a: Heatran|96/100
|-enditem|p1a: Heatran|Air Balloon
|j| IndeedyReedy
|
|t:|1661382499
|switch|p2a: Dragapult|Dragapult, F, shiny|100/100|[from]move: U-turn
|move|p1a: Heatran|Stealth Rock|p2a: Dragapult
|-sidestart|p2: Casino Boi|move: Stealth Rock
|
|upkeep
|turn|4
|
|t:|1661382505
|move|p2a: Dragapult|U-turn|p1a: Heatran
|-resisted|p1a: Heatran
|-damage|p1a: Heatran|88/100
|
|t:|1661382508
|switch|p2a: Landorus|Landorus-Therian, M, shiny|100/100|[from]move: U-turn
|-damage|p2a: Landorus|88/100|[from] Stealth Rock
|-ability|p2a: Landorus|Intimidate|boost
|-unboost|p1a: Heatran|atk|1
|move|p1a: Heatran|Magma Storm|p2a: Landorus|[miss]
|-miss|p1a: Heatran|p2a: Landorus
|
|upkeep
|turn|5
|
|t:|1661382516
|switch|p1a: Landorus|Landorus-Therian, M|100/100
|-ability|p1a: Landorus|Intimidate|boost
|-unboost|p2a: Landorus|atk|1
|move|p2a: Landorus|Stealth Rock|p1a: Landorus
|-sidestart|p1: bramitoboy|move: Stealth Rock
|
|-fieldend|move: Electric Terrain
|upkeep
|turn|6
|
|t:|1661382521
|move|p2a: Landorus|Toxic|p1a: Landorus
|-status|p1a: Landorus|tox
|move|p1a: Landorus|Knock Off|p2a: Landorus
|-damage|p2a: Landorus|57/100
|-enditem|p2a: Landorus|Eject Button|[from] move: Knock Off|[of] p1a: Landorus
|
|-damage|p1a: Landorus|94/100 tox|[from] psn
|upkeep
|turn|7
|
|t:|1661382537
|move|p2a: Landorus|U-turn|p1a: Landorus
|-resisted|p1a: Landorus
|-damage|p1a: Landorus|89/100 tox
|-damage|p2a: Landorus|40/100|[from] item: Rocky Helmet|[of] p1a: Landorus
|
|t:|1661382542
|switch|p2a: Weavile|Weavile, M, shiny|100/100|[from]move: U-turn
|-damage|p2a: Weavile|76/100|[from] Stealth Rock
|-ability|p2a: Weavile|Pressure
|move|p1a: Landorus|Knock Off|p2a: Weavile
|-resisted|p2a: Weavile
|-damage|p2a: Weavile|45/100
|-enditem|p2a: Weavile|Life Orb|[from] move: Knock Off|[of] p1a: Landorus
|
|-damage|p1a: Landorus|77/100 tox|[from] psn
|upkeep
|turn|8
|
|t:|1661382550
|switch|p1a: Keldeo|Keldeo-Resolute|100/100
|-damage|p1a: Keldeo|94/100|[from] Stealth Rock
|move|p2a: Weavile|Triple Axel|p1a: Keldeo
|-resisted|p1a: Keldeo
|-damage|p1a: Keldeo|88/100
|-resisted|p1a: Keldeo
|-damage|p1a: Keldeo|76/100
|-resisted|p1a: Keldeo
|-damage|p1a: Keldeo|59/100
|-hitcount|p1a: Keldeo|3
|
|-heal|p1a: Keldeo|65/100|[from] item: Leftovers
|upkeep
|turn|9
|
|t:|1661382554
|switch|p2a: Dragapult|Dragapult, F, shiny|100/100
|-damage|p2a: Dragapult|88/100|[from] Stealth Rock
|move|p1a: Keldeo|Scald|p2a: Dragapult
|-resisted|p2a: Dragapult
|-damage|p2a: Dragapult|58/100
|
|-heal|p1a: Keldeo|71/100|[from] item: Leftovers
|upkeep
|turn|10
|
|t:|1661382565
|switch|p1a: Zarude|Zarude-Dada|100/100
|-damage|p1a: Zarude|88/100|[from] Stealth Rock
|move|p2a: Dragapult|Dragon Darts|p1a: Zarude
|-damage|p1a: Zarude|49/100
|-anim|p2a: Dragapult|Dragon Darts|p1a: Zarude
|-damage|p1a: Zarude|8/100
|
|upkeep
|turn|11
|
|t:|1661382573
|switch|p2a: Landorus|Landorus-Therian, M, shiny|40/100
|-damage|p2a: Landorus|28/100|[from] Stealth Rock
|-ability|p2a: Landorus|Intimidate|boost
|-unboost|p1a: Zarude|atk|1
|move|p1a: Zarude|Synthesis|p1a: Zarude
|-heal|p1a: Zarude|58/100
|
|upkeep
|turn|12
|
|t:|1661382579
|move|p1a: Zarude|Darkest Lariat|p2a: Landorus
|-damage|p2a: Landorus|0 fnt
|faint|p2a: Landorus
|-damage|p1a: Zarude|48/100|[from] item: Life Orb
|
|upkeep
|
|t:|1661382585
|switch|p2a: Weavile|Weavile, M, shiny|45/100
|-damage|p2a: Weavile|20/100|[from] Stealth Rock
|-ability|p2a: Weavile|Pressure
|turn|13
|
|t:|1661382596
|move|p2a: Weavile|Triple Axel|p1a: Zarude
|-supereffective|p1a: Zarude
|-damage|p1a: Zarude|27/100
|-supereffective|p1a: Zarude
|-damage|p1a: Zarude|0 fnt
|faint|p1a: Zarude
|-hitcount|p1: Zarude|2
|
|upkeep
|
|t:|1661382601
|switch|p1a: Keldeo|Keldeo-Resolute|71/100
|-damage|p1a: Keldeo|65/100|[from] Stealth Rock
|turn|14
|
|t:|1661382607
|move|p2a: Weavile|Knock Off|p1a: Keldeo
|-resisted|p1a: Keldeo
|-damage|p1a: Keldeo|33/100
|-ability|p1a: Keldeo|Justified|boost
|-boost|p1a: Keldeo|atk|1
|-enditem|p1a: Keldeo|Leftovers|[from] move: Knock Off|[of] p2a: Weavile
|move|p1a: Keldeo|Scald|p2a: Weavile
|-damage|p2a: Weavile|0 fnt
|faint|p2a: Weavile
|
|upkeep
|
|t:|1661382615
|switch|p2a: Dragapult|Dragapult, F, shiny|58/100
|-damage|p2a: Dragapult|45/100|[from] Stealth Rock
|turn|15
|
|t:|1661382623
|switch|p1a: Tapu Lele|Tapu Lele|100/100
|-damage|p1a: Tapu Lele|88/100|[from] Stealth Rock
|-fieldstart|move: Psychic Terrain|[from] ability: Psychic Surge|[of] p1a: Tapu Lele
|move|p2a: Dragapult|Phantom Force||[still]
|-prepare|p2a: Dragapult|Phantom Force
|
|upkeep
|turn|16
|
|t:|1661382628
|switch|p1a: Landorus|Landorus-Therian, M|77/100 tox
|-damage|p1a: Landorus|65/100 tox|[from] Stealth Rock
|-ability|p1a: Landorus|Intimidate|boost
|-fail|p2a: Dragapult|unboost|[from] ability: Clear Body|[of] p2a: Dragapult
|move|p2a: Dragapult|Phantom Force|p1a: Landorus|[from]lockedmove
|-damage|p1a: Landorus|9/100 tox
|-damage|p2a: Dragapult|29/100|[from] item: Rocky Helmet|[of] p1a: Landorus
|
|-damage|p1a: Landorus|3/100 tox|[from] psn
|upkeep
|turn|17
|
|t:|1661382637
|move|p2a: Dragapult|Phantom Force||[still]
|-prepare|p2a: Dragapult|Phantom Force
|move|p1a: Landorus|Earthquake|p2a: Dragapult|[miss]
|-miss|p1a: Landorus|p2a: Dragapult
|
|-damage|p1a: Landorus|0 fnt|[from] psn
|faint|p1a: Landorus
|upkeep
|
|t:|1661382646
|switch|p1a: Heatran|Heatran, M|88/100
|-damage|p1a: Heatran|76/100|[from] Stealth Rock
|turn|18
|
|t:|1661382651
|move|p2a: Dragapult|Phantom Force|p1a: Heatran|[from]lockedmove
|-damage|p1a: Heatran|14/100
|move|p1a: Heatran|Earth Power|p2a: Dragapult
|-damage|p2a: Dragapult|0 fnt
|faint|p2a: Dragapult
|
|upkeep
|
|t:|1661382675
|switch|p2a: Bisharp|Bisharp, F, shiny|38/100
|-damage|p2a: Bisharp|31/100|[from] Stealth Rock
|turn|19
|
|t:|1661382691
|move|p2a: Bisharp|Beat Up|p1a: Heatran
|-damage|p1a: Heatran|6/100
|-damage|p1a: Heatran|0 fnt
|faint|p1a: Heatran
|-hitcount|p1: Heatran|2
|
|-fieldend|move: Psychic Terrain
|upkeep
|
|t:|1661382696
|switch|p1a: Tapu Lele|Tapu Lele|88/100
|-damage|p1a: Tapu Lele|76/100|[from] Stealth Rock
|-fieldstart|move: Psychic Terrain|[from] ability: Psychic Surge|[of] p1a: Tapu Lele
|turn|20
|
|t:|1661382698
|move|p1a: Tapu Lele|Moonblast|p2a: Bisharp
|-damage|p2a: Bisharp|0 fnt
|faint|p2a: Bisharp
|
|upkeep
|
|t:|1661382700
|switch|p2a: Melmetal|Melmetal, shiny|100/100
|-damage|p2a: Melmetal|94/100|[from] Stealth Rock
|turn|21
|
|t:|1661382706
|move|p1a: Tapu Lele|Focus Blast|p2a: Melmetal
|-supereffective|p2a: Melmetal
|-damage|p2a: Melmetal|0 fnt
|faint|p2a: Melmetal
|
|upkeep
|
|t:|1661382709
|switch|p2a: Dragonite|Dragonite, M, shiny|100/100
|turn|22
|j| diufbfdjhgbdfg
|
|t:|1661382719
|move|p1a: Tapu Lele|Moonblast|p2a: Dragonite
|-supereffective|p2a: Dragonite
|-damage|p2a: Dragonite|38/100
|move|p2a: Dragonite|Dragon Dance|p2a: Dragonite
|-boost|p2a: Dragonite|atk|1
|-boost|p2a: Dragonite|spe|1
|
|upkeep
|turn|23
|
|t:|1661382723
|move|p2a: Dragonite|Earthquake|p1a: Tapu Lele
|-damage|p1a: Tapu Lele|0 fnt
|faint|p1a: Tapu Lele
|
|upkeep
|
|t:|1661382727
|switch|p1a: Tapu Koko|Tapu Koko|36/100
|-damage|p1a: Tapu Koko|23/100|[from] Stealth Rock
|-fieldstart|move: Electric Terrain|[from] ability: Electric Surge|[of] p1a: Tapu Koko
|turn|24
|
|t:|1661382730
|move|p1a: Tapu Koko|Dazzling Gleam|p2a: Dragonite
|-supereffective|p2a: Dragonite
|-damage|p2a: Dragonite|0 fnt
|faint|p2a: Dragonite
|
|win|bramitoboy
|raw|bramitoboy's rating: 1800 &rarr; <strong>1825</strong><br />(+25 for winning)
|raw|Casino Boi's rating: 1890 &rarr; <strong>1865</strong><br />(-25 for losing)
|l| IndeedyReedy
|c|☆Casino Boi|Scarf Koko?
|c|☆bramitoboy|yes, why not?
|c|☆Casino Boi|Oh nothing
|c|☆bramitoboy|speed control
|c|☆Casino Boi|Just caught me off guard
|c|☆bramitoboy|in late game
|l|☆Casino Boi
|c|☆bramitoboy|yes, good surprise effect
||Ladder isn't responding, score probably updated but might not have (Request timeout).
