|j|☆quixana
|j|☆TheonReekGreyjoy
|t:|1663355027
|gametype|singles
|player|p1|quixana|101|1733
|player|p2|TheonReekGreyjoy|2|1815
|teamsize|p1|6
|teamsize|p2|6
|gen|8
|tier|[Gen 8] OU
|rated|
|rule|Sleep Clause Mod: Limit one foe put to sleep
|rule|Species Clause: Limit one of each Pokémon
|rule|OHKO Clause: OHKO moves are banned
|rule|Evasion Items Clause: Evasion items are banned
|rule|Evasion Moves Clause: Evasion moves are banned
|rule|Endless Battle Clause: Forcing endless battles is banned
|rule|HP Percentage Mod: HP is shown in percentages
|rule|Dynamax Clause: You cannot dynamax
|clearpoke
|poke|p1|Dragapult, M|
|poke|p1|Ninetales-Alola, M|
|poke|p1|Landorus-Therian, M|
|poke|p1|Nihilego|
|poke|p1|Arctozolt|
|poke|p1|Magnezone|
|poke|p2|Arctozolt|
|poke|p2|Tornadus-Therian, M|
|poke|p2|Heatran, M|
|poke|p2|Landorus-Therian, M|
|poke|p2|Hatterene, F|
|poke|p2|Vanilluxe, F|
|teampreview
|inactive|Battle timer is ON: inactive players will automatically lose when time's up. (requested by TheonReekGreyjoy)
|
|t:|1663355050
|start
|switch|p1a: Magnezone|Magnezone|100/100
|switch|p2a: Tornadus|Tornadus-Therian, M|100/100
|turn|1
|
|t:|1663355055
|move|p2a: Tornadus|Heat Wave|p1a: Magnezone
|-supereffective|p1a: Magnezone
|-damage|p1a: Magnezone|50/100
|move|p1a: Magnezone|Discharge|p2a: Tornadus
|-supereffective|p2a: Tornadus
|-damage|p2a: Tornadus|48/100
|
|upkeep
|turn|2
|
|t:|1663355083
|switch|p1a: Landorus|Landorus-Therian, M|100/100
|-ability|p1a: Landorus|Intimidate|boost
|-unboost|p2a: Tornadus|atk|1
|move|p2a: Tornadus|U-turn|p1a: Landorus
|-resisted|p1a: Landorus
|-damage|p1a: Landorus|94/100
|inactive|TheonReekGreyjoy has 120 seconds left.
|
|t:|1663355122
|switch|p2a: Vanilluxe|Vanilluxe, F|100/100|[from]move: U-turn
|-weather|Hail|[from] ability: Snow Warning|[of] p2a: Vanilluxe
|
|-weather|Hail|[upkeep]
|-damage|p1a: Landorus|88/100|[from] Hail
|upkeep
|turn|3
|inactive|TheonReekGreyjoy has 120 seconds left.
|
|t:|1663355139
|switch|p2a: Landorus|Landorus-Therian, M|100/100
|-ability|p2a: Landorus|Intimidate|boost
|-unboost|p1a: Landorus|atk|1
|move|p1a: Landorus|U-turn|p2a: Landorus
|-resisted|p2a: Landorus
|-damage|p2a: Landorus|92/100
|inactive|quixana has 120 seconds left.
|
|t:|1663355157
|switch|p1a: Arctozolt|Arctozolt|100/100|[from]move: U-turn
|
|-weather|Hail|[upkeep]
|-damage|p2a: Landorus|86/100|[from] Hail
|-heal|p2a: Landorus|92/100|[from] item: Leftovers
|upkeep
|turn|4
|inactive|quixana has 120 seconds left.
|
|t:|1663355171
|switch|p2a: Heatran|Heatran, M|100/100
|move|p1a: Arctozolt|Blizzard|p2a: Heatran
|-resisted|p2a: Heatran
|-damage|p2a: Heatran|95/100
|
|-weather|Hail|[upkeep]
|-damage|p2a: Heatran|88/100|[from] Hail
|-heal|p2a: Heatran|95/100|[from] item: Leftovers
|upkeep
|turn|5
|inactive|quixana has 120 seconds left.
|
|t:|1663355189
|switch|p1a: Landorus|Landorus-Therian, M|88/100
|-ability|p1a: Landorus|Intimidate|boost
|-unboost|p2a: Heatran|atk|1
|move|p2a: Heatran|Lava Plume|p1a: Landorus
|-damage|p1a: Landorus|47/100
|
|-weather|Hail|[upkeep]
|-damage|p1a: Landorus|41/100|[from] Hail
|-damage|p2a: Heatran|88/100|[from] Hail
|-heal|p2a: Heatran|95/100|[from] item: Leftovers
|upkeep
|turn|6
|
|t:|1663355200
|move|p2a: Heatran|Protect|p2a: Heatran
|-singleturn|p2a: Heatran|Protect
|move|p1a: Landorus|Knock Off|p2a: Heatran
|-activate|p2a: Heatran|move: Protect
|
|-weather|none
|-heal|p2a: Heatran|100/100|[from] item: Leftovers
|upkeep
|turn|7
|
|t:|1663355211
|switch|p2a: Vanilluxe|Vanilluxe, F|100/100
|-weather|Hail|[from] ability: Snow Warning|[of] p2a: Vanilluxe
|move|p1a: Landorus|Knock Off|p2a: Vanilluxe
|-damage|p2a: Vanilluxe|50/100
|-enditem|p2a: Vanilluxe|Never-Melt Ice|[from] move: Knock Off|[of] p1a: Landorus
|
|-weather|Hail|[upkeep]
|-damage|p1a: Landorus|35/100|[from] Hail
|upkeep
|turn|8
|
|t:|1663355218
|move|p1a: Landorus|Earthquake|p2a: Vanilluxe
|-damage|p2a: Vanilluxe|0 fnt
|faint|p2a: Vanilluxe
|
|-weather|Hail|[upkeep]
|-damage|p1a: Landorus|29/100|[from] Hail
|upkeep
|
|t:|1663355222
|switch|p2a: Arctozolt|Arctozolt|100/100
|turn|9
|
|t:|1663355244
|switch|p1a: Magnezone|Magnezone|50/100
|move|p2a: Arctozolt|Blizzard|p1a: Magnezone
|-resisted|p1a: Magnezone
|-damage|p1a: Magnezone|27/100
|
|-weather|Hail|[upkeep]
|-damage|p1a: Magnezone|22/100|[from] Hail
|upkeep
|turn|10
|
|t:|1663355256
|move|p2a: Arctozolt|Low Kick|p1a: Magnezone
|-supereffective|p1a: Magnezone
|-enditem|p1a: Magnezone|Chople Berry|[eat]
|-enditem|p1a: Magnezone|Chople Berry|[weaken]
|-damage|p1a: Magnezone|3/100
|move|p1a: Magnezone|Flash Cannon|p2a: Arctozolt
|-damage|p2a: Arctozolt|54/100
|
|-weather|Hail|[upkeep]
|-damage|p1a: Magnezone|0 fnt|[from] Hail
|faint|p1a: Magnezone
|upkeep
|j| ChrisPacket
|
|t:|1663355270
|switch|p1a: Ninetales|Ninetales-Alola, M|100/100
|turn|11
|l| ChrisPacket
|
|t:|1663355277
|switch|p2a: Heatran|Heatran, M|100/100
|move|p1a: Ninetales|Moonblast|p2a: Heatran
|-resisted|p2a: Heatran
|-damage|p2a: Heatran|94/100
|
|-weather|none
|-heal|p2a: Heatran|99/100|[from] item: Leftovers
|upkeep
|turn|12
|
|t:|1663355291
|switch|p1a: Nihilego|Nihilego|100/100
|move|p2a: Heatran|Stealth Rock|p1a: Nihilego
|-sidestart|p1: quixana|move: Stealth Rock
|
|-heal|p2a: Heatran|100/100|[from] item: Leftovers
|upkeep
|turn|13
|
|t:|1663355295
|move|p1a: Nihilego|Meteor Beam||[still]
|-prepare|p1a: Nihilego|Meteor Beam
|-boost|p1a: Nihilego|spa|1
|-enditem|p1a: Nihilego|Power Herb
|-anim|p1a: Nihilego|Meteor Beam|p2a: Heatran
|-damage|p2a: Heatran|37/100
|move|p2a: Heatran|Heavy Slam|p1a: Nihilego
|-supereffective|p1a: Nihilego
|-damage|p1a: Nihilego|0 fnt
|faint|p1a: Nihilego
|
|-heal|p2a: Heatran|43/100|[from] item: Leftovers
|upkeep
|
|t:|1663355304
|switch|p1a: Landorus|Landorus-Therian, M|29/100
|-damage|p1a: Landorus|17/100|[from] Stealth Rock
|-ability|p1a: Landorus|Intimidate|boost
|-unboost|p2a: Heatran|atk|1
|turn|14
|
|t:|1663355313
|switch|p2a: Landorus|Landorus-Therian, M|92/100
|-ability|p2a: Landorus|Intimidate|boost
|-unboost|p1a: Landorus|atk|1
|move|p1a: Landorus|Defog|p2a: Landorus
|-unboost|p2a: Landorus|evasion|1
|-sideend|p1: quixana|Stealth Rock|[from] move: Defog|[of] p1a: Landorus
|
|-heal|p2a: Landorus|98/100|[from] item: Leftovers
|upkeep
|turn|15
|
|t:|1663355321
|move|p1a: Landorus|Knock Off|p2a: Landorus
|-damage|p2a: Landorus|73/100
|-enditem|p2a: Landorus|Leftovers|[from] move: Knock Off|[of] p1a: Landorus
|move|p2a: Landorus|U-turn|p1a: Landorus
|-resisted|p1a: Landorus
|-damage|p1a: Landorus|4/100
|j| Goat Vesuvius
|
|t:|1663355325
|switch|p2a: Tornadus|Tornadus-Therian, M|82/100|[from]move: U-turn
|
|upkeep
|turn|16
|
|t:|1663355338
|move|p2a: Tornadus|U-turn|p1a: Landorus
|-resisted|p1a: Landorus
|-damage|p1a: Landorus|0 fnt
|faint|p1a: Landorus
|
|t:|1663355341
|switch|p2a: Heatran|Heatran, M|43/100|[from]move: U-turn
|
|-heal|p2a: Heatran|50/100|[from] item: Leftovers
|upkeep
|
|t:|1663355349
|switch|p1a: Arctozolt|Arctozolt|100/100
|turn|17
|j| KeiserKing
|
|t:|1663355353
|move|p2a: Heatran|Protect|p2a: Heatran
|-singleturn|p2a: Heatran|Protect
|move|p1a: Arctozolt|Low Kick|p2a: Heatran
|-activate|p2a: Heatran|move: Protect
|
|-heal|p2a: Heatran|56/100|[from] item: Leftovers
|upkeep
|turn|18
|
|t:|1663355358
|switch|p2a: Landorus|Landorus-Therian, M|73/100
|-ability|p2a: Landorus|Intimidate|boost
|-unboost|p1a: Arctozolt|atk|1
|move|p1a: Arctozolt|Bolt Beak|p2a: Landorus
|-immune|p2a: Landorus
|
|upkeep
|turn|19
|
|t:|1663355371
|move|p1a: Arctozolt|Blizzard|p2a: Landorus
|-supereffective|p2a: Landorus
|-damage|p2a: Landorus|0 fnt
|faint|p2a: Landorus
|
|upkeep
|
|t:|1663355373
|switch|p2a: Heatran|Heatran, M|56/100
|turn|20
|
|t:|1663355379
|switch|p1a: Dragapult|Dragapult, M|100/100
|move|p2a: Heatran|Stealth Rock|p1a: Dragapult
|-sidestart|p1: quixana|move: Stealth Rock
|
|-heal|p2a: Heatran|62/100|[from] item: Leftovers
|upkeep
|turn|21
|
|t:|1663355384
|switch|p2a: Tornadus|Tornadus-Therian, M|100/100
|move|p1a: Dragapult|Phantom Force||[still]
|-prepare|p1a: Dragapult|Phantom Force
|
|upkeep
|turn|22
|j| Maxx___13
|
|t:|1663355393
|move|p1a: Dragapult|Phantom Force|p2a: Tornadus|[from]lockedmove
|-damage|p2a: Tornadus|27/100
|move|p2a: Tornadus|Knock Off|p1a: Dragapult
|-supereffective|p1a: Dragapult
|-damage|p1a: Dragapult|41/100
|-enditem|p1a: Dragapult|Choice Band|[from] move: Knock Off|[of] p2a: Tornadus
|
|upkeep
|turn|23
|
|t:|1663355401
|switch|p2a: Hatterene|Hatterene, F|100/100
|move|p1a: Dragapult|Phantom Force||[still]
|-prepare|p1a: Dragapult|Phantom Force
|
|upkeep
|turn|24
|
|t:|1663355410
|switch|p2a: Heatran|Heatran, M|62/100
|move|p1a: Dragapult|Phantom Force|p2a: Heatran|[from]lockedmove
|-damage|p2a: Heatran|32/100
|
|-heal|p2a: Heatran|38/100|[from] item: Leftovers
|upkeep
|turn|25
|
|t:|1663355418
|move|p1a: Dragapult|Phantom Force||[still]
|-prepare|p1a: Dragapult|Phantom Force
|move|p2a: Heatran|Heavy Slam|p1a: Dragapult|[miss]
|-miss|p2a: Heatran|p1a: Dragapult
|
|-heal|p2a: Heatran|44/100|[from] item: Leftovers
|upkeep
|turn|26
|
|t:|1663355424
|move|p1a: Dragapult|Phantom Force|p2a: Heatran|[from]lockedmove
|-damage|p2a: Heatran|10/100
|-status|p1a: Dragapult|brn|[from] ability: Flame Body|[of] p2a: Heatran
|move|p2a: Heatran|Heavy Slam|p1a: Dragapult
|-damage|p1a: Dragapult|0 fnt
|faint|p1a: Dragapult
|
|-heal|p2a: Heatran|17/100|[from] item: Leftovers
|upkeep
|
|t:|1663355429
|switch|p1a: Arctozolt|Arctozolt|100/100
|turn|27
|
|t:|1663355438
|move|p1a: Arctozolt|Bolt Beak|p2a: Heatran
|-damage|p2a: Heatran|0 fnt
|faint|p2a: Heatran
|
|upkeep
|j| guardian psyduck
|
|t:|1663355453
|switch|p2a: Tornadus|Tornadus-Therian, M|60/100
|turn|28
|
|t:|1663355478
|switch|p1a: Ninetales|Ninetales-Alola, M|100/100
|-damage|p1a: Ninetales|76/100|[from] Stealth Rock
|-weather|Hail|[from] ability: Snow Warning|[of] p1a: Ninetales
|move|p2a: Tornadus|Heat Wave|p1a: Ninetales|[miss]
|-miss|p2a: Tornadus|p1a: Ninetales
|
|-weather|Hail|[upkeep]
|-damage|p2a: Tornadus|54/100|[from] Hail
|upkeep
|turn|29
|
|t:|1663355491
|move|p1a: Ninetales|Blizzard|p2a: Tornadus
|-supereffective|p2a: Tornadus
|-crit|p2a: Tornadus
|-damage|p2a: Tornadus|0 fnt
|faint|p2a: Tornadus
|
|-weather|Hail|[upkeep]
|upkeep
|
|t:|1663355494
|switch|p2a: Arctozolt|Arctozolt|54/100
|turn|30
|
|t:|1663355497
|move|p1a: Ninetales|Blizzard|p2a: Arctozolt
|-resisted|p2a: Arctozolt
|-damage|p2a: Arctozolt|24/100
|move|p2a: Arctozolt|Bolt Beak|p1a: Ninetales
|-damage|p1a: Ninetales|23/100
|
|-weather|Hail|[upkeep]
|upkeep
|turn|31
|
|t:|1663355505
|move|p1a: Ninetales|Blizzard|p2a: Arctozolt
|-resisted|p2a: Arctozolt
|-damage|p2a: Arctozolt|0 fnt
|faint|p2a: Arctozolt
|
|-weather|Hail|[upkeep]
|upkeep
|
|t:|1663355506
|switch|p2a: Hatterene|Hatterene, F|100/100
|turn|32
|
|t:|1663355509
|move|p1a: Ninetales|Blizzard|p2a: Hatterene
|-damage|p2a: Hatterene|60/100
|move|p2a: Hatterene|Draining Kiss|p1a: Ninetales
|-damage|p1a: Ninetales|0 fnt
|-heal|p2a: Hatterene|75/100|[from] drain|[of] p1a: Ninetales
|faint|p1a: Ninetales
|
|-weather|none
|-heal|p2a: Hatterene|81/100|[from] item: Leftovers
|upkeep
|
|t:|1663355512
|switch|p1a: Arctozolt|Arctozolt|100/100
|turn|33
|
|t:|1663355520
|move|p1a: Arctozolt|Bolt Beak|p2a: Hatterene
|-damage|p2a: Hatterene|24/100
|move|p2a: Hatterene|Draining Kiss|p1a: Arctozolt
|-damage|p1a: Arctozolt|67/100
|-heal|p2a: Hatterene|50/100|[from] drain|[of] p1a: Arctozolt
|
|-heal|p2a: Hatterene|56/100|[from] item: Leftovers
|upkeep
|turn|34
|
|t:|1663355527
|move|p1a: Arctozolt|Bolt Beak|p2a: Hatterene
|-damage|p2a: Hatterene|0 fnt
|faint|p2a: Hatterene
|
|win|quixana
|raw|quixana's rating: 1733 &rarr; <strong>1758</strong><br />(+25 for winning)
|raw|TheonReekGreyjoy's rating: 1815 &rarr; <strong>1790</strong><br />(-25 for losing)
|l| Goat Vesuvius
|l| Maxx___13
||Ladder isn't responding, score probably updated but might not have (Request timeout).
