|raw|<div class="broadcast-blue"><strong>This battle is required to be public due to a player having a name starting with 'lt91bb'.</div>
|j|☆LT91BB N
|j|☆dmt dreams
|t:|1659601187
|gametype|singles
|player|p1|LT91BB N|blue-gen3|1981
|player|p2|dmt dreams|byron|1959
|teamsize|p1|6
|teamsize|p2|6
|gen|8
|tier|[Gen 8] OU
|rated|
|rule|Sleep Clause Mod: Limit one foe put to sleep
|rule|Species Clause: Limit one of each Pokémon
|rule|OHKO Clause: OHKO moves are banned
|rule|Evasion Items Clause: Evasion items are banned
|rule|Evasion Moves Clause: Evasion moves are banned
|rule|Endless Battle Clause: Forcing endless battles is banned
|rule|HP Percentage Mod: HP is shown in percentages
|rule|Dynamax Clause: You cannot dynamax
|clearpoke
|poke|p1|Garchomp, M|
|poke|p1|Rillaboom, M|
|poke|p1|Hawlucha, M|
|poke|p1|Ninetales-Alola, F|
|poke|p1|Weavile, M|
|poke|p1|Heatran, M|
|poke|p2|Mew|
|poke|p2|Landorus-Therian, M|
|poke|p2|Nihilego|
|poke|p2|Zeraora|
|poke|p2|Celesteela|
|poke|p2|Dragapult, M|
|teampreview
|inactive|Battle timer is ON: inactive players will automatically lose when time's up. (requested by LT91BB N)
|j| Lunarr
|
|t:|1659601200
|start
|switch|p1a: Weavile|Weavile, M|100/100
|switch|p2a: Mew|Mew|100/100
|-ability|p1a: Weavile|Pressure
|turn|1
|
|t:|1659601227
|move|p1a: Weavile|Knock Off|p2a: Mew
|-supereffective|p2a: Mew
|-damage|p2a: Mew|17/100
|-enditem|p2a: Mew|Kasib Berry|[from] move: Knock Off|[of] p1a: Weavile
|move|p2a: Mew|Stealth Rock|p1a: Weavile
|-sidestart|p1: LT91BB N|move: Stealth Rock
|
|upkeep
|turn|2
|
|t:|1659601234
|move|p1a: Weavile|Knock Off|p2a: Mew
|-supereffective|p2a: Mew
|-damage|p2a: Mew|0 fnt
|faint|p2a: Mew
|
|upkeep
|
|t:|1659601236
|switch|p2a: Zeraora|Zeraora|100/100
|turn|3
|
|t:|1659601240
|switch|p1a: Garchomp|Garchomp, M|100/100
|-damage|p1a: Garchomp|94/100|[from] Stealth Rock
|move|p2a: Zeraora|Close Combat|p1a: Garchomp
|-damage|p1a: Garchomp|56/100
|-unboost|p2a: Zeraora|def|1
|-unboost|p2a: Zeraora|spd|1
|-damage|p2a: Zeraora|88/100|[from] ability: Rough Skin|[of] p1a: Garchomp
|
|upkeep
|turn|4
|
|t:|1659601244
|move|p2a: Zeraora|Knock Off|p1a: Garchomp
|-damage|p1a: Garchomp|26/100
|-damage|p2a: Zeraora|76/100|[from] ability: Rough Skin|[of] p1a: Garchomp
|-enditem|p1a: Garchomp|Life Orb|[from] move: Knock Off|[of] p2a: Zeraora
|move|p1a: Garchomp|Swords Dance|p1a: Garchomp
|-boost|p1a: Garchomp|atk|2
|
|upkeep
|turn|5
|
|t:|1659601247
|switch|p1a: Heatran|Heatran, M|100/100
|-damage|p1a: Heatran|88/100|[from] Stealth Rock
|-item|p1a: Heatran|Air Balloon
|move|p2a: Zeraora|Close Combat|p1a: Heatran
|-supereffective|p1a: Heatran
|-damage|p1a: Heatran|37/100
|-unboost|p2a: Zeraora|def|1
|-unboost|p2a: Zeraora|spd|1
|-enditem|p1a: Heatran|Air Balloon
|
|upkeep
|turn|6
|
|t:|1659601252
|move|p2a: Zeraora|Close Combat|p1a: Heatran
|-supereffective|p1a: Heatran
|-damage|p1a: Heatran|0 fnt
|-unboost|p2a: Zeraora|def|1
|-unboost|p2a: Zeraora|spd|1
|faint|p1a: Heatran
|
|upkeep
|
|t:|1659601254
|switch|p1a: Rillaboom|Rillaboom, M|100/100
|-damage|p1a: Rillaboom|88/100|[from] Stealth Rock
|-fieldstart|move: Grassy Terrain|[from] ability: Grassy Surge|[of] p1a: Rillaboom
|turn|7
|
|t:|1659601257
|move|p2a: Zeraora|Taunt|p1a: Rillaboom
|-start|p1a: Rillaboom|move: Taunt
|cant|p1a: Rillaboom|move: Taunt|Swords Dance
|
|-heal|p2a: Zeraora|82/100|[from] Grassy Terrain
|-heal|p1a: Rillaboom|94/100|[from] Grassy Terrain
|upkeep
|turn|8
|
|t:|1659601266
|switch|p2a: Landorus|Landorus-Therian, M|100/100
|-ability|p2a: Landorus|Intimidate|boost
|-unboost|p1a: Rillaboom|atk|1
|move|p1a: Rillaboom|Knock Off|p2a: Landorus
|-damage|p2a: Landorus|61/100
|-enditem|p2a: Landorus|Soft Sand|[from] move: Knock Off|[of] p1a: Rillaboom
|-damage|p1a: Rillaboom|84/100|[from] item: Life Orb
|
|-heal|p1a: Rillaboom|91/100|[from] Grassy Terrain
|upkeep
|turn|9
|inactive|LT91BB N has 120 seconds left.
|j| LT91BB Storm
|j| jgjsj
|
|t:|1659601320
|switch|p2a: Zeraora|Zeraora|82/100
|switch|p1a: Ninetales|Ninetales-Alola, F|100/100
|-damage|p1a: Ninetales|76/100|[from] Stealth Rock
|-weather|Hail|[from] ability: Snow Warning|[of] p1a: Ninetales
|
|-weather|Hail|[upkeep]
|-damage|p2a: Zeraora|76/100|[from] Hail
|-heal|p2a: Zeraora|82/100|[from] Grassy Terrain
|-heal|p1a: Ninetales|82/100|[from] Grassy Terrain
|upkeep
|turn|10
|
|t:|1659601330
|switch|p1a: Rillaboom|Rillaboom, M|91/100
|-damage|p1a: Rillaboom|78/100|[from] Stealth Rock
|move|p2a: Zeraora|Taunt|p1a: Rillaboom
|-start|p1a: Rillaboom|move: Taunt
|
|-weather|Hail|[upkeep]
|-damage|p2a: Zeraora|76/100|[from] Hail
|-damage|p1a: Rillaboom|72/100|[from] Hail
|-heal|p2a: Zeraora|82/100|[from] Grassy Terrain
|-heal|p1a: Rillaboom|78/100|[from] Grassy Terrain
|upkeep
|turn|11
|inactive|LT91BB N has 90 seconds left.
|
|t:|1659601363
|move|p1a: Rillaboom|Grassy Glide|p2a: Zeraora
|-damage|p2a: Zeraora|0 fnt
|faint|p2a: Zeraora
|-damage|p1a: Rillaboom|68/100|[from] item: Life Orb
|
|-weather|Hail|[upkeep]
|-damage|p1a: Rillaboom|62/100|[from] Hail
|-heal|p1a: Rillaboom|68/100|[from] Grassy Terrain
|-fieldend|move: Grassy Terrain
|upkeep
|
|t:|1659601366
|switch|p2a: Celesteela|Celesteela|100/100
|turn|12
|inactive|LT91BB N has 90 seconds left.
|
|t:|1659601373
|move|p1a: Rillaboom|Superpower|p2a: Celesteela
|-damage|p2a: Celesteela|43/100
|-unboost|p1a: Rillaboom|atk|1
|-unboost|p1a: Rillaboom|def|1
|-damage|p1a: Rillaboom|58/100|[from] item: Life Orb
|move|p2a: Celesteela|Autotomize|p2a: Celesteela
|-boost|p2a: Celesteela|spe|2
|-start|p2a: Celesteela|Autotomize
|
|-weather|Hail|[upkeep]
|-damage|p2a: Celesteela|38/100|[from] Hail
|-damage|p1a: Rillaboom|52/100|[from] Hail
|-end|p1a: Rillaboom|move: Taunt
|upkeep
|turn|13
|inactive|LT91BB N has 90 seconds left.
|
|t:|1659601384
|switch|p1a: Garchomp|Garchomp, M|26/100
|-damage|p1a: Garchomp|20/100|[from] Stealth Rock
|move|p2a: Celesteela|Autotomize|p2a: Celesteela
|-boost|p2a: Celesteela|spe|2
|-start|p2a: Celesteela|Autotomize
|
|-weather|none
|upkeep
|turn|14
|
|t:|1659601389
|switch|p1a: Ninetales|Ninetales-Alola, F|82/100
|-damage|p1a: Ninetales|57/100|[from] Stealth Rock
|-weather|Hail|[from] ability: Snow Warning|[of] p1a: Ninetales
|move|p2a: Celesteela|Meteor Beam||[still]
|-prepare|p2a: Celesteela|Meteor Beam
|-boost|p2a: Celesteela|spa|1
|-enditem|p2a: Celesteela|Power Herb
|-anim|p2a: Celesteela|Meteor Beam|p1a: Ninetales
|-supereffective|p1a: Ninetales
|-damage|p1a: Ninetales|0 fnt
|faint|p1a: Ninetales
|-ability|p2a: Celesteela|Beast Boost|boost
|-boost|p2a: Celesteela|spa|1
|
|-weather|Hail|[upkeep]
|-damage|p2a: Celesteela|32/100|[from] Hail
|upkeep
|inactive|LT91BB N has 90 seconds left.
|
|t:|1659601429
|switch|p1a: Garchomp|Garchomp, M|20/100
|-damage|p1a: Garchomp|14/100|[from] Stealth Rock
|turn|15
|
|t:|1659601445
|move|p2a: Celesteela|Air Slash|p1a: Garchomp
|-damage|p1a: Garchomp|0 fnt
|faint|p1a: Garchomp
|-ability|p2a: Celesteela|Beast Boost|boost
|-boost|p2a: Celesteela|spa|1
|
|-weather|Hail|[upkeep]
|-damage|p2a: Celesteela|26/100|[from] Hail
|upkeep
|inactive|LT91BB N has 60 seconds left.
|
|t:|1659601466
|switch|p1a: Weavile|Weavile, M|100/100
|-damage|p1a: Weavile|76/100|[from] Stealth Rock
|-ability|p1a: Weavile|Pressure
|turn|16
|
|t:|1659601469
|move|p1a: Weavile|Ice Shard|p2a: Celesteela
|-damage|p2a: Celesteela|2/100
|move|p2a: Celesteela|Flash Cannon|p1a: Weavile
|-supereffective|p1a: Weavile
|-damage|p1a: Weavile|0 fnt
|faint|p1a: Weavile
|-ability|p2a: Celesteela|Beast Boost|boost
|-boost|p2a: Celesteela|spa|1
|
|-weather|Hail|[upkeep]
|-damage|p2a: Celesteela|0 fnt|[from] Hail
|faint|p2a: Celesteela
|upkeep
|inactive|dmt dreams has 120 seconds left.
|
|t:|1659601511
|switch|p1a: Rillaboom|Rillaboom, M|52/100
|switch|p2a: Landorus|Landorus-Therian, M|61/100
|-ability|p2a: Landorus|Intimidate|boost
|-unboost|p1a: Rillaboom|atk|1
|-damage|p1a: Rillaboom|40/100|[from] Stealth Rock
|-fieldstart|move: Grassy Terrain|[from] ability: Grassy Surge|[of] p1a: Rillaboom
|turn|17
|
|t:|1659601520
|switch|p2a: Nihilego|Nihilego|100/100
|move|p1a: Rillaboom|Grassy Glide|p2a: Nihilego
|-damage|p2a: Nihilego|20/100
|-damage|p1a: Rillaboom|30/100|[from] item: Life Orb
|
|-weather|Hail|[upkeep]
|-damage|p2a: Nihilego|14/100|[from] Hail
|-damage|p1a: Rillaboom|23/100|[from] Hail
|-heal|p2a: Nihilego|20/100|[from] Grassy Terrain
|-heal|p1a: Rillaboom|30/100|[from] Grassy Terrain
|upkeep
|turn|18
|
|t:|1659601526
|switch|p2a: Landorus|Landorus-Therian, M|61/100
|-ability|p2a: Landorus|Intimidate|boost
|-unboost|p1a: Rillaboom|atk|1
|move|p1a: Rillaboom|Grassy Glide|p2a: Landorus
|-damage|p2a: Landorus|22/100
|-damage|p1a: Rillaboom|20/100|[from] item: Life Orb
|
|-weather|none
|-heal|p1a: Rillaboom|26/100|[from] Grassy Terrain
|upkeep
|turn|19
|inactive|LT91BB N has 90 seconds left.
|
|t:|1659601537
|switch|p2a: Nihilego|Nihilego|20/100
|move|p1a: Rillaboom|Grassy Glide|p2a: Nihilego
|-damage|p2a: Nihilego|0 fnt
|faint|p2a: Nihilego
|-damage|p1a: Rillaboom|16/100|[from] item: Life Orb
|
|-heal|p1a: Rillaboom|22/100|[from] Grassy Terrain
|upkeep
|
|t:|1659601542
|switch|p2a: Dragapult|Dragapult, M|100/100
|turn|20
|inactive|LT91BB N has 90 seconds left.
|
|t:|1659601561
|move|p2a: Dragapult|Dragon Dance|p2a: Dragapult
|-boost|p2a: Dragapult|atk|1
|-boost|p2a: Dragapult|spe|1
|move|p1a: Rillaboom|Knock Off|p2a: Dragapult
|-supereffective|p2a: Dragapult
|-damage|p2a: Dragapult|37/100
|-enditem|p2a: Dragapult|Life Orb|[from] move: Knock Off|[of] p1a: Rillaboom
|-damage|p1a: Rillaboom|12/100|[from] item: Life Orb
|
|-heal|p2a: Dragapult|43/100|[from] Grassy Terrain
|-heal|p1a: Rillaboom|19/100|[from] Grassy Terrain
|upkeep
|turn|21
|inactive|LT91BB N has 90 seconds left.
|
|t:|1659601571
|switch|p1a: Hawlucha|Hawlucha, M|100/100
|-damage|p1a: Hawlucha|88/100|[from] Stealth Rock
|-enditem|p1a: Hawlucha|Grassy Seed
|-boost|p1a: Hawlucha|def|1|[from] item: Grassy Seed
|move|p2a: Dragapult|Dragon Dance|p2a: Dragapult
|-boost|p2a: Dragapult|atk|1
|-boost|p2a: Dragapult|spe|1
|
|-heal|p2a: Dragapult|49/100|[from] Grassy Terrain
|-fieldend|move: Grassy Terrain
|upkeep
|turn|22
|
|t:|1659601577
|move|p2a: Dragapult|Dragon Darts|p1a: Hawlucha
|-damage|p1a: Hawlucha|38/100
|-anim|p2a: Dragapult|Dragon Darts|p1a: Hawlucha
|-damage|p1a: Hawlucha|0 fnt
|faint|p1a: Hawlucha
|
|upkeep
|
|t:|1659601580
|switch|p1a: Rillaboom|Rillaboom, M|19/100
|-damage|p1a: Rillaboom|6/100|[from] Stealth Rock
|-fieldstart|move: Grassy Terrain|[from] ability: Grassy Surge|[of] p1a: Rillaboom
|turn|23
|-message|LT91BB N forfeited.
|
|win|dmt dreams
|raw|LT91BB N's rating: 1959 &rarr; <strong>1939</strong><br />(-20 for losing)
|raw|dmt dreams's rating: 1959 &rarr; <strong>1979</strong><br />(+20 for winning)
|l|☆LT91BB N
|c|☆dmt dreams|GG
|l| Lunarr
