|j|☆Cmj755
|j|☆Arnaud senju vgc
|player|p1|Cmj755|cynthia-gen4|1631
|player|p2|Arnaud senju vgc|170|1631
|teamsize|p1|6
|teamsize|p2|6
|gametype|singles
|gen|8
|tier|[Gen 8] OU
|rated|
|clearpoke
|poke|p1|Cinderace, F|
|poke|p1|Conkeldurr, F|
|poke|p1|Hippowdon, F|
|poke|p1|Corviknight, F|
|poke|p1|Terrakion|
|poke|p1|Dragapult, M|
|poke|p2|Togekiss, F|
|poke|p2|Ribombee, F|
|poke|p2|Necrozma|
|poke|p2|Cloyster, F|
|poke|p2|Excadrill, F|
|poke|p2|Zeraora|
|rule|Sleep Clause Mod: Limit one foe put to sleep
|rule|Species Clause: Limit one of each Pokémon
|rule|OHKO Clause: OHKO moves are banned
|rule|Evasion Moves Clause: Evasion moves are banned
|rule|Endless Battle Clause: Forcing endless battles is banned
|rule|HP Percentage Mod: HP is shown in percentages
|rule|Dynamax Clause: You cannot dynamax
|teampreview
|inactive|Battle timer is ON: inactive players will automatically lose when time's up. (requested by Arnaud senju vgc)
|
|start
|switch|p1a: Corviknight|Corviknight, F, shiny|100/100
|switch|p2a: Ribombee|Ribombee, F|100/100
|-ability|p1a: Corviknight|Pressure
|turn|1
|
|move|p2a: Ribombee|Stun Spore|p1a: Corviknight
|-status|p1a: Corviknight|par
|cant|p1a: Corviknight|par
|
|upkeep
|turn|2
|
|move|p2a: Ribombee|Sticky Web|p1a: Corviknight
|-sidestart|p1: Cmj755|move: Sticky Web
|move|p1a: Corviknight|Iron Head|p2a: Ribombee
|-supereffective|p2a: Ribombee
|-damage|p2a: Ribombee|8/100
|
|upkeep
|turn|3
|
|move|p2a: Ribombee|U-turn|p1a: Corviknight
|-resisted|p1a: Corviknight
|-damage|p1a: Corviknight|98/100 par
|
|switch|p2a: Drako hely|Cloyster, F, shiny|100/100|[from]move: U-turn
|move|p1a: Corviknight|Defog|p2a: Drako hely
|-unboost|p2a: Drako hely|evasion|1
|-sideend|p1: Cmj755|Sticky Web|[from] move: Defog|[of] p1a: Corviknight
|
|-heal|p1a: Corviknight|100/100 par|[from] item: Leftovers
|upkeep
|turn|4
|
|move|p2a: Drako hely|Shell Smash|p2a: Drako hely
|-unboost|p2a: Drako hely|def|1
|-unboost|p2a: Drako hely|spd|1
|-boost|p2a: Drako hely|atk|2
|-boost|p2a: Drako hely|spa|2
|-boost|p2a: Drako hely|spe|2
|cant|p1a: Corviknight|par
|
|upkeep
|turn|5
|
|move|p2a: Drako hely|Icicle Spear|p1a: Corviknight
|-damage|p1a: Corviknight|86/100 par
|-damage|p1a: Corviknight|72/100 par
|-damage|p1a: Corviknight|57/100 par
|-damage|p1a: Corviknight|43/100 par
|-damage|p1a: Corviknight|30/100 par
|-hitcount|p1a: Corviknight|5
|move|p1a: Corviknight|Body Press|p2a: Drako hely
|-supereffective|p2a: Drako hely
|-damage|p2a: Drako hely|32/100
|
|-heal|p1a: Corviknight|36/100 par|[from] item: Leftovers
|upkeep
|turn|6
|j| zomgdomo
|j| HeavenStar
|
|move|p2a: Drako hely|Icicle Spear|p1a: Corviknight
|-damage|p1a: Corviknight|22/100 par
|-crit|p1a: Corviknight
|-damage|p1a: Corviknight|0 fnt
|-hitcount|p1a: Corviknight|2
|faint|p1a: Corviknight
|
|upkeep
|
|switch|p1a: Conkeldurr|Conkeldurr, F, shiny|100/100
|turn|7
|
|switch|p2a: Togekiss|Togekiss, F|100/100
|move|p1a: Conkeldurr|Mach Punch|p2a: Togekiss
|-resisted|p2a: Togekiss
|-damage|p2a: Togekiss|93/100
|
|-heal|p2a: Togekiss|99/100|[from] item: Leftovers
|-status|p1a: Conkeldurr|brn|[from] item: Flame Orb
|upkeep
|turn|8
|
|switch|p1a: Cinderace|Cinderace, F, shiny|100/100
|move|p2a: Togekiss|Air Slash|p1a: Cinderace
|-damage|p1a: Cinderace|44/100
|
|-heal|p2a: Togekiss|100/100|[from] item: Leftovers
|upkeep
|turn|9
|
|switch|p2a: Excadrill|Excadrill, F|100/100
|-ability|p2a: Excadrill|Mold Breaker
|move|p1a: Cinderace|Pyro Ball|p2a: Excadrill|[miss]
|-miss|p1a: Cinderace|p2a: Excadrill
|
|upkeep
|turn|10
|
|move|p1a: Cinderace|Pyro Ball|p2a: Excadrill
|-supereffective|p2a: Excadrill
|-damage|p2a: Excadrill|0 fnt
|faint|p2a: Excadrill
|
|upkeep
|j| myjava
|
|switch|p2a: Zeraora|Zeraora|100/100
|turn|11
|
|switch|p1a: Hippowdon|Hippowdon, F|100/100
|-weather|Sandstorm|[from] ability: Sand Stream|[of] p1a: Hippowdon
|move|p2a: Zeraora|Knock Off|p1a: Hippowdon
|-damage|p1a: Hippowdon|85/100
|-enditem|p1a: Hippowdon|Leftovers|[from] move: Knock Off|[of] p2a: Zeraora
|
|-weather|Sandstorm|[upkeep]
|-damage|p2a: Zeraora|95/100|[from] Sandstorm
|-heal|p2a: Zeraora|100/100|[from] item: Leftovers
|upkeep
|turn|12
|
|switch|p2a: Ribombee|Ribombee, F|8/100
|move|p1a: Hippowdon|Earthquake|p2a: Ribombee
|-resisted|p2a: Ribombee
|-damage|p2a: Ribombee|0 fnt
|faint|p2a: Ribombee
|
|-weather|Sandstorm|[upkeep]
|upkeep
|
|switch|p2a: Togekiss|Togekiss, F|100/100
|turn|13
|
|move|p2a: Togekiss|Substitute|p2a: Togekiss
|-start|p2a: Togekiss|Substitute
|-damage|p2a: Togekiss|75/100
|move|p1a: Hippowdon|Stealth Rock|p2a: Togekiss
|-sidestart|p2: Arnaud senju vgc|move: Stealth Rock
|
|-weather|Sandstorm|[upkeep]
|-damage|p2a: Togekiss|69/100|[from] Sandstorm
|-heal|p2a: Togekiss|75/100|[from] item: Leftovers
|upkeep
|turn|14
|
|move|p2a: Togekiss|Air Slash|p1a: Hippowdon
|-damage|p1a: Hippowdon|44/100
|cant|p1a: Hippowdon|flinch
|
|-weather|Sandstorm|[upkeep]
|-damage|p2a: Togekiss|69/100|[from] Sandstorm
|-heal|p2a: Togekiss|75/100|[from] item: Leftovers
|upkeep
|turn|15
|j| difractal
|
|move|p2a: Togekiss|Air Slash|p1a: Hippowdon
|-crit|p1a: Hippowdon
|-damage|p1a: Hippowdon|0 fnt
|faint|p1a: Hippowdon
|
|-weather|none
|-heal|p2a: Togekiss|82/100|[from] item: Leftovers
|upkeep
|
|switch|p1a: Dragapult|Dragapult, M|100/100
|turn|16
|
|move|p1a: Dragapult|Thunderbolt|p2a: Togekiss
|-supereffective|p2a: Togekiss
|-damage|p2a: Togekiss|9/100
|move|p2a: Togekiss|Air Slash|p1a: Dragapult
|-damage|p1a: Dragapult|47/100
|
|-heal|p2a: Togekiss|15/100|[from] item: Leftovers
|upkeep
|turn|17
|
|switch|p2a: Zeraora|Zeraora|100/100
|-damage|p2a: Zeraora|88/100|[from] Stealth Rock
|move|p1a: Dragapult|Thunderbolt|p2a: Zeraora
|-heal|p2a: Zeraora|100/100|[from] ability: Volt Absorb|[of] p1a: Dragapult
|
|upkeep
|turn|18
|
|switch|p1a: Conkeldurr|Conkeldurr, F, shiny|100/100 brn
|move|p2a: Zeraora|Bulk Up|p2a: Zeraora
|-boost|p2a: Zeraora|atk|1
|-boost|p2a: Zeraora|def|1
|
|-damage|p1a: Conkeldurr|94/100 brn|[from] brn
|upkeep
|turn|19
|
|move|p2a: Zeraora|Plasma Fists|p1a: Conkeldurr
|-damage|p1a: Conkeldurr|24/100 brn
|-fieldactivate|move: Ion Deluge
|move|p1a: Conkeldurr|Earthquake|p2a: Zeraora
|-supereffective|p2a: Zeraora
|-damage|p2a: Zeraora|0 fnt
|faint|p2a: Zeraora
|
|-damage|p1a: Conkeldurr|18/100 brn|[from] brn
|upkeep
|
|switch|p2a: Necrozma|Necrozma|100/100
|-damage|p2a: Necrozma|88/100|[from] Stealth Rock
|turn|20
|
|move|p2a: Necrozma|Photon Geyser|p1a: Conkeldurr
|-supereffective|p1a: Conkeldurr
|-damage|p1a: Conkeldurr|0 fnt
|-damage|p2a: Necrozma|78/100|[from] item: Life Orb
|faint|p1a: Conkeldurr
|
|upkeep
|
|switch|p1a: Dragapult|Dragapult, M|47/100
|turn|21
|
|move|p1a: Dragapult|Shadow Ball|p2a: Necrozma
|-supereffective|p2a: Necrozma
|-damage|p2a: Necrozma|0 fnt
|faint|p2a: Necrozma
|
|upkeep
|
|switch|p2a: Drako hely|Cloyster, F, shiny|32/100
|-damage|p2a: Drako hely|8/100|[from] Stealth Rock
|turn|22
|
|move|p2a: Drako hely|Ice Shard|p1a: Dragapult
|-supereffective|p1a: Dragapult
|-damage|p1a: Dragapult|0 fnt
|faint|p1a: Dragapult
|
|upkeep
|
|switch|p1a: Terrakion|Terrakion, shiny|100/100
|turn|23
|
|move|p2a: Drako hely|Ice Shard|p1a: Terrakion
|-damage|p1a: Terrakion|81/100
|move|p1a: Terrakion|Iron Head|p2a: Drako hely
|-damage|p2a: Drako hely|0 fnt
|faint|p2a: Drako hely
|
|upkeep
|-message|Arnaud senju vgc forfeited.
|
|win|Cmj755
|l|☆Arnaud senju vgc
|raw|Cmj755's rating: 1631 &rarr; <strong>1651</strong><br />(+20 for winning)
|raw|Arnaud senju vgc's rating: 1631 &rarr; <strong>1611</strong><br />(-20 for losing)
