|html|<div class="broadcast-blue"><strong>[Gen 8] OU is currently suspecting Melmetal! For information on how to participate check out the <a href="https://www.smogon.com/forums/threads/np-ss-ou-suspect-process-round-12-monster-mash.3709234/">suspect thread</a>.</strong></div>
|j|☆minimax_ai
|j|☆Red Rushun
|t:|1666205954
|gametype|singles
|player|p1|minimax_ai|lusamine-nihilego|1568
|player|p2|Red Rushun|clair|1622
|teamsize|p1|6
|teamsize|p2|6
|gen|8
|tier|[Gen 8] OU
|rated|
|rule|Sleep Clause Mod: Limit one foe put to sleep
|rule|Species Clause: Limit one of each Pokémon
|rule|OHKO Clause: OHKO moves are banned
|rule|Evasion Items Clause: Evasion items are banned
|rule|Evasion Moves Clause: Evasion moves are banned
|rule|Endless Battle Clause: Forcing endless battles is banned
|rule|HP Percentage Mod: HP is shown in percentages
|rule|Dynamax Clause: You cannot dynamax
|clearpoke
|poke|p1|Rotom-Wash|
|poke|p1|Weavile, M|
|poke|p1|Landorus-Therian, M|
|poke|p1|Heatran, M|
|poke|p1|Tangrowth, M|
|poke|p1|Melmetal|
|poke|p2|Dragapult, F|
|poke|p2|Blastoise, M|
|poke|p2|Tapu Lele|
|poke|p2|Cobalion|
|poke|p2|Grimmsnarl, M|
|poke|p2|Landorus-Therian, M|
|teampreview
|c|☆minimax_ai|hf
|inactive|Battle timer is ON: inactive players will automatically lose when time's up. (requested by minimax_ai)
|c|☆Red Rushun|fh
|
|t:|1666205963
|start
|switch|p1a: Melmetal|Melmetal|100/100
|switch|p2a: Cobalion|Cobalion, shiny|100/100
|turn|1
|
|t:|1666205980
|move|p2a: Cobalion|Thunder Wave|p1a: Melmetal|[miss]
|-miss|p2a: Cobalion|p1a: Melmetal
|move|p1a: Melmetal|Earthquake|p2a: Cobalion
|-supereffective|p2a: Cobalion
|-damage|p2a: Cobalion|48/100
|
|upkeep
|turn|2
|
|t:|1666205986
|move|p2a: Cobalion|Stealth Rock|p1a: Melmetal
|-sidestart|p1: minimax_ai|move: Stealth Rock
|move|p1a: Melmetal|Earthquake|p2a: Cobalion
|-supereffective|p2a: Cobalion
|-damage|p2a: Cobalion|0 fnt
|faint|p2a: Cobalion
|
|upkeep
|
|t:|1666205992
|switch|p2a: Landorus|Landorus-Therian, M, shiny|100/100
|-ability|p2a: Landorus|Intimidate|boost
|-unboost|p1a: Melmetal|atk|1
|turn|3
|
|t:|1666205997
|move|p2a: Landorus|Earthquake|p1a: Melmetal
|-supereffective|p1a: Melmetal
|-damage|p1a: Melmetal|36/100
|move|p1a: Melmetal|Double Iron Bash|p2a: Landorus
|-damage|p2a: Landorus|70/100
|-damage|p2a: Landorus|37/100
|-hitcount|p2a: Landorus|2
|
|-heal|p2a: Landorus|43/100|[from] item: Leftovers
|upkeep
|turn|4
|
|t:|1666206010
|switch|p1a: rotomwash|Rotom-Wash|100/100
|-damage|p1a: rotomwash|88/100|[from] Stealth Rock
|move|p2a: Landorus|Substitute|p2a: Landorus
|-start|p2a: Landorus|Substitute
|-damage|p2a: Landorus|18/100
|
|-heal|p2a: Landorus|24/100|[from] item: Leftovers
|-heal|p1a: rotomwash|94/100|[from] item: Leftovers
|upkeep
|turn|5
|
|t:|1666206015
|move|p2a: Landorus|Swords Dance|p2a: Landorus
|-boost|p2a: Landorus|atk|2
|move|p1a: rotomwash|Hydro Pump|p2a: Landorus
|-supereffective|p2a: Landorus
|-end|p2a: Landorus|Substitute
|
|-heal|p2a: Landorus|30/100|[from] item: Leftovers
|-heal|p1a: rotomwash|100/100|[from] item: Leftovers
|upkeep
|turn|6
|
|t:|1666206024
|move|p2a: Landorus|Stone Edge|p1a: rotomwash
|-damage|p1a: rotomwash|14/100
|move|p1a: rotomwash|Hydro Pump|p2a: Landorus
|-supereffective|p2a: Landorus
|-damage|p2a: Landorus|0 fnt
|faint|p2a: Landorus
|
|-heal|p1a: rotomwash|21/100|[from] item: Leftovers
|upkeep
|
|t:|1666206033
|switch|p2a: Dragapult|Dragapult, F|100/100
|turn|7
|
|t:|1666206053
|move|p2a: Dragapult|Phantom Force||[still]
|-prepare|p2a: Dragapult|Phantom Force
|move|p1a: rotomwash|Thunderbolt|p2a: Dragapult|[miss]
|-miss|p1a: rotomwash|p2a: Dragapult
|
|-heal|p1a: rotomwash|27/100|[from] item: Leftovers
|upkeep
|turn|8
|
|t:|1666206060
|switch|p1a: Tangrowth|Tangrowth, M|100/100
|-damage|p1a: Tangrowth|88/100|[from] Stealth Rock
|move|p2a: Dragapult|Phantom Force|p1a: Tangrowth|[from]lockedmove
|-damage|p1a: Tangrowth|53/100
|-damage|p2a: Dragapult|84/100|[from] item: Rocky Helmet|[of] p1a: Tangrowth
|-damage|p2a: Dragapult|74/100|[from] item: Life Orb
|
|upkeep
|turn|9
|
|t:|1666206068
|move|p2a: Dragapult|Dragon Dance|p2a: Dragapult
|-boost|p2a: Dragapult|atk|1
|-boost|p2a: Dragapult|spe|1
|move|p1a: Tangrowth|Giga Drain|p2a: Dragapult
|-resisted|p2a: Dragapult
|-damage|p2a: Dragapult|54/100
|-heal|p1a: Tangrowth|61/100|[from] drain|[of] p2a: Dragapult
|
|upkeep
|turn|10
|
|t:|1666206076
|move|p2a: Dragapult|Dragon Darts|p1a: Tangrowth
|-damage|p1a: Tangrowth|32/100
|-anim|p2a: Dragapult|Dragon Darts|p1a: Tangrowth
|-damage|p1a: Tangrowth|5/100
|-damage|p2a: Dragapult|45/100|[from] item: Life Orb
|move|p1a: Tangrowth|Knock Off|p2a: Dragapult
|-supereffective|p2a: Dragapult
|-damage|p2a: Dragapult|0 fnt
|-enditem|p2a: Dragapult|Life Orb|[from] move: Knock Off|[of] p1a: Tangrowth
|faint|p2a: Dragapult
|
|upkeep
|
|t:|1666206097
|switch|p2a: Tapu Lele|Tapu Lele|100/100
|-fieldstart|move: Psychic Terrain|[from] ability: Psychic Surge|[of] p2a: Tapu Lele
|turn|11
|
|t:|1666206104
|switch|p1a: Melmetal|Melmetal|36/100
|-damage|p1a: Melmetal|30/100|[from] Stealth Rock
|move|p2a: Tapu Lele|Focus Blast|p1a: Melmetal|[miss]
|-miss|p2a: Tapu Lele|p1a: Melmetal
|
|upkeep
|turn|12
|
|t:|1666206109
|move|p2a: Tapu Lele|Focus Blast|p1a: Melmetal
|-supereffective|p1a: Melmetal
|-damage|p1a: Melmetal|0 fnt
|faint|p1a: Melmetal
|
|upkeep
|
|t:|1666206109
|switch|p1a: landorustherian|Landorus-Therian, M|100/100
|-damage|p1a: landorustherian|88/100|[from] Stealth Rock
|-ability|p1a: landorustherian|Intimidate|boost
|-unboost|p2a: Tapu Lele|atk|1
|turn|13
|
|t:|1666206119
|move|p2a: Tapu Lele|Psyshock|p1a: landorustherian
|-damage|p1a: landorustherian|40/100
|move|p1a: landorustherian|Earthquake|p2a: Tapu Lele
|-damage|p2a: Tapu Lele|24/100
|
|-heal|p1a: landorustherian|46/100|[from] item: Leftovers
|upkeep
|turn|14
|
|t:|1666206130
|move|p2a: Tapu Lele|Focus Blast|p1a: landorustherian
|-resisted|p1a: landorustherian
|-damage|p1a: landorustherian|29/100
|move|p1a: landorustherian|Defog|p2a: Tapu Lele
|-unboost|p2a: Tapu Lele|evasion|1
|-sideend|p1: minimax_ai|Stealth Rock|[from] move: Defog|[of] p1a: landorustherian
|-fieldend|move: Psychic Terrain
|
|-heal|p1a: landorustherian|35/100|[from] item: Leftovers
|upkeep
|turn|15
|
|t:|1666206138
|switch|p1a: Tangrowth|Tangrowth, M|38/100
|move|p2a: Tapu Lele|Moonblast|p1a: Tangrowth
|-damage|p1a: Tangrowth|0 fnt
|faint|p1a: Tangrowth
|
|upkeep
|
|t:|1666206138
|switch|p1a: Weavile|Weavile, M|100/100
|-ability|p1a: Weavile|Pressure
|turn|16
|
|t:|1666206150
|switch|p2a: Grimmsnarl|Grimmsnarl, M|100/100
|move|p1a: Weavile|Knock Off|p2a: Grimmsnarl
|-resisted|p2a: Grimmsnarl
|-damage|p2a: Grimmsnarl|77/100
|-enditem|p2a: Grimmsnarl|Light Clay|[from] move: Knock Off|[of] p1a: Weavile
|
|upkeep
|turn|17
|
|t:|1666206162
|switch|p1a: Heatran|Heatran, M|100/100
|-item|p1a: Heatran|Air Balloon
|move|p2a: Grimmsnarl|Reflect|p2a: Grimmsnarl
|-sidestart|p2: Red Rushun|Reflect
|
|upkeep
|turn|18
|
|t:|1666206165
|move|p2a: Grimmsnarl|Thunder Wave|p1a: Heatran|[miss]
|-miss|p2a: Grimmsnarl|p1a: Heatran
|move|p1a: Heatran|Magma Storm|p2a: Grimmsnarl
|-damage|p2a: Grimmsnarl|39/100
|-activate|p2a: Grimmsnarl|move: Magma Storm|[of] p1a: Heatran
|
|-damage|p2a: Grimmsnarl|27/100|[from] move: Magma Storm|[partiallytrapped]
|upkeep
|turn|19
|c|☆Red Rushun|Twave missed 2/2
|c|☆Red Rushun|1% chance
|inactive|Red Rushun has 120 seconds left.
|
|t:|1666206207
|switch|p1a: rotomwash|Rotom-Wash|27/100
|move|p2a: Grimmsnarl|Light Screen|p2a: Grimmsnarl
|-sidestart|p2: Red Rushun|move: Light Screen
|
|-heal|p1a: rotomwash|33/100|[from] item: Leftovers
|-end|p2a: Grimmsnarl|Magma Storm|[partiallytrapped]|[silent]
|upkeep
|turn|20
|
|t:|1666206210
|move|p1a: rotomwash|Thunderbolt|p2a: Grimmsnarl
|-damage|p2a: Grimmsnarl|14/100
|move|p2a: Grimmsnarl|Spirit Break|p1a: rotomwash
|-damage|p1a: rotomwash|3/100
|-unboost|p1a: rotomwash|spa|1
|
|-heal|p1a: rotomwash|10/100|[from] item: Leftovers
|upkeep
|turn|21
|inactive|Red Rushun has 120 seconds left.
|
|t:|1666206222
|move|p1a: rotomwash|Thunderbolt|p2a: Grimmsnarl
|-damage|p2a: Grimmsnarl|5/100
|move|p2a: Grimmsnarl|Spirit Break|p1a: rotomwash
|-damage|p1a: rotomwash|0 fnt
|faint|p1a: rotomwash
|
|-sideend|p2: Red Rushun|Reflect
|upkeep
|
|t:|1666206222
|switch|p1a: Weavile|Weavile, M|100/100
|-ability|p1a: Weavile|Pressure
|turn|22
|
|t:|1666206228
|move|p2a: Grimmsnarl|Reflect|p2a: Grimmsnarl
|-sidestart|p2: Red Rushun|Reflect
|move|p1a: Weavile|Knock Off|p2a: Grimmsnarl
|-resisted|p2a: Grimmsnarl
|-damage|p2a: Grimmsnarl|0 fnt
|faint|p2a: Grimmsnarl
|
|upkeep
|inactive|Red Rushun has 120 seconds left.
|
|t:|1666206248
|switch|p2a: Blastoise|Blastoise, M, shiny|100/100
|turn|23
|
|t:|1666206251
|move|p1a: Weavile|Knock Off|p2a: Blastoise
|-damage|p2a: Blastoise|58/100
|-enditem|p2a: Blastoise|White Herb|[from] move: Knock Off|[of] p1a: Weavile
|move|p2a: Blastoise|Shell Smash|p2a: Blastoise
|-unboost|p2a: Blastoise|def|1
|-unboost|p2a: Blastoise|spd|1
|-boost|p2a: Blastoise|atk|2
|-boost|p2a: Blastoise|spa|2
|-boost|p2a: Blastoise|spe|2
|
|-sideend|p2: Red Rushun|move: Light Screen
|upkeep
|turn|24
|
|t:|1666206261
|switch|p1a: landorustherian|Landorus-Therian, M|35/100
|-ability|p1a: landorustherian|Intimidate|boost
|-unboost|p2a: Blastoise|atk|1
|move|p2a: Blastoise|Surf|p1a: landorustherian
|-supereffective|p1a: landorustherian
|-damage|p1a: landorustherian|0 fnt
|faint|p1a: landorustherian
|
|upkeep
|
|t:|1666206261
|switch|p1a: Weavile|Weavile, M|100/100
|-ability|p1a: Weavile|Pressure
|turn|25
|
|t:|1666206264
|move|p1a: Weavile|Ice Shard|p2a: Blastoise
|-resisted|p2a: Blastoise
|-damage|p2a: Blastoise|45/100
|move|p2a: Blastoise|Surf|p1a: Weavile
|-damage|p1a: Weavile|0 fnt
|faint|p1a: Weavile
|
|upkeep
|
|t:|1666206264
|switch|p1a: Heatran|Heatran, M|100/100
|-item|p1a: Heatran|Air Balloon
|turn|26
|
|t:|1666206270
|move|p2a: Blastoise|Surf|p1a: Heatran
|-supereffective|p1a: Heatran
|-damage|p1a: Heatran|0 fnt
|-enditem|p1a: Heatran|Air Balloon
|faint|p1a: Heatran
|
|win|Red Rushun
|raw|minimax_ai's rating: 1568 &rarr; <strong>1551</strong><br />(-17 for losing)
|raw|Red Rushun's rating: 1622 &rarr; <strong>1639</strong><br />(+17 for winning)
|c|☆minimax_ai|gg
|l|☆minimax_ai
||Ladder isn't responding, score probably updated but might not have (Request timeout).
