|j|☆HOF69
|j|☆higherpls
|t:|1658548884
|gametype|singles
|player|p1|HOF69|red|1820
|player|p2|higherpls|lucas|1734
|teamsize|p1|6
|teamsize|p2|6
|gen|8
|tier|[Gen 8] OU
|rated|
|rule|Sleep Clause Mod: Limit one foe put to sleep
|rule|Species Clause: Limit one of each Pokémon
|rule|OHKO Clause: OHKO moves are banned
|rule|Evasion Moves Clause: Evasion moves are banned
|rule|Endless Battle Clause: Forcing endless battles is banned
|rule|HP Percentage Mod: HP is shown in percentages
|rule|Dynamax Clause: You cannot dynamax
|clearpoke
|poke|p1|Blacephalon|
|poke|p1|Gengar, M|
|poke|p1|Krookodile, M|
|poke|p1|Landorus-Therian, M|
|poke|p1|Kartana|
|poke|p1|Tapu Lele|
|poke|p2|Garchomp, M|
|poke|p2|Slowking-Galar, F|
|poke|p2|Urshifu-*, M|
|poke|p2|Tapu Fini|
|poke|p2|Corviknight, M|
|poke|p2|Tyranitar, F|
|teampreview
|inactive|Battle timer is ON: inactive players will automatically lose when time's up. (requested by higherpls)
|
|t:|1658548899
|start
|switch|p1a: Kartana|Kartana|100/100
|switch|p2a: Urshifu|Urshifu-Rapid-Strike, M|100/100
|turn|1
|j| chandelure2
|
|t:|1658548905
|switch|p1a: Krookodile|Krookodile, M|100/100
|-ability|p1a: Krookodile|Intimidate|boost
|-unboost|p2a: Urshifu|atk|1
|move|p2a: Urshifu|Close Combat|p1a: Krookodile
|-supereffective|p1a: Krookodile
|-enditem|p1a: Krookodile|Focus Sash
|-damage|p1a: Krookodile|1/100
|-unboost|p2a: Urshifu|def|1
|-unboost|p2a: Urshifu|spd|1
|
|upkeep
|turn|2
|
|t:|1658548914
|switch|p1a: Gengar|Gengar, M, shiny|100/100
|move|p2a: Urshifu|Close Combat|p1a: Gengar
|-immune|p1a: Gengar
|
|upkeep
|turn|3
|l|☆higherpls
|inactive|higherpls disconnected and has a minute to reconnect!
|player|p2|
|j|☆higherpls
|inactive|higherpls reconnected and has 130 seconds left.
|player|p2|higherpls|lucas
|
|t:|1658548936
|switch|p2a: Slowking|Slowking-Galar, F|100/100
|move|p1a: Gengar|Focus Blast|p2a: Slowking|[miss]
|-miss|p1a: Gengar|p2a: Slowking
|
|upkeep
|turn|4
|
|t:|1658548943
|move|p1a: Gengar|Shadow Ball|p2a: Slowking
|-supereffective|p2a: Slowking
|-damage|p2a: Slowking|60/100
|move|p2a: Slowking|Scald|p1a: Gengar
|-damage|p1a: Gengar|57/100
|-status|p1a: Gengar|brn
|
|-damage|p1a: Gengar|51/100 brn|[from] brn
|upkeep
|turn|5
|j| t-yeu
|
|t:|1658548950
|move|p1a: Gengar|Shadow Ball|p2a: Slowking
|-supereffective|p2a: Slowking
|-damage|p2a: Slowking|21/100
|-unboost|p2a: Slowking|spd|1
|move|p2a: Slowking|Future Sight|p1a: Gengar
|-start|p2a: Slowking|move: Future Sight
|
|-damage|p1a: Gengar|45/100 brn|[from] brn
|upkeep
|turn|6
|j| WhenUSmellThatZaza
|
|t:|1658548959
|switch|p2a: Tapu Fini|Tapu Fini|100/100
|-fieldstart|move: Misty Terrain|[from] ability: Misty Surge|[of] p2a: Tapu Fini
|move|p1a: Gengar|Focus Blast|p2a: Tapu Fini
|-resisted|p2a: Tapu Fini
|-damage|p2a: Tapu Fini|80/100
|
|-damage|p1a: Gengar|38/100 brn|[from] brn
|upkeep
|turn|7
|
|t:|1658548972
|move|p2a: Tapu Fini|Scald|p1a: Gengar
|-damage|p1a: Gengar|0 fnt
|faint|p1a: Gengar
|
|-hint|Future Sight did not hit because the target is fainted.
|upkeep
|
|t:|1658548990
|switch|p1a: Kartana|Kartana|100/100
|turn|8
|
|t:|1658548992
|switch|p2a: Corviknight|Corviknight, M|100/100
|-ability|p2a: Corviknight|Pressure
|move|p1a: Kartana|Swords Dance|p1a: Kartana
|-boost|p1a: Kartana|atk|2
|
|upkeep
|turn|9
|
|t:|1658548994
|move|p1a: Kartana|Knock Off|p2a: Corviknight
|-damage|p2a: Corviknight|50/100
|-enditem|p2a: Corviknight|Shed Shell|[from] move: Knock Off|[of] p1a: Kartana
|move|p2a: Corviknight|Iron Defense|p2a: Corviknight
|-boost|p2a: Corviknight|def|2
|
|upkeep
|turn|10
|
|t:|1658548999
|move|p1a: Kartana|Sacred Sword|p2a: Corviknight
|-damage|p2a: Corviknight|0 fnt
|faint|p2a: Corviknight
|-ability|p1a: Kartana|Beast Boost|boost
|-boost|p1a: Kartana|atk|1
|
|-fieldend|Misty Terrain
|upkeep
|
|t:|1658549009
|switch|p2a: Garchomp|Garchomp, M|100/100
|turn|11
|
|t:|1658549011
|move|p1a: Kartana|Leaf Blade|p2a: Garchomp
|-damage|p2a: Garchomp|0 fnt
|-activate|p2a: Garchomp|ability: Rough Skin
|-activate|p1a: Kartana|item: Protective Pads
|faint|p2a: Garchomp
|-ability|p1a: Kartana|Beast Boost|boost
|-boost|p1a: Kartana|atk|1
|
|upkeep
|
|t:|1658549016
|switch|p2a: Tapu Fini|Tapu Fini|80/100
|-fieldstart|move: Misty Terrain|[from] ability: Misty Surge|[of] p2a: Tapu Fini
|turn|12
|
|t:|1658549019
|move|p2a: Tapu Fini|Trick|p1a: Kartana
|-activate|p2a: Tapu Fini|move: Trick|[of] p1a: Kartana
|-item|p1a: Kartana|Choice Scarf|[from] move: Trick
|-item|p2a: Tapu Fini|Protective Pads|[from] move: Trick
|move|p1a: Kartana|Leaf Blade|p2a: Tapu Fini
|-supereffective|p2a: Tapu Fini
|-crit|p2a: Tapu Fini
|-damage|p2a: Tapu Fini|0 fnt
|faint|p2a: Tapu Fini
|-ability|p1a: Kartana|Beast Boost|boost
|-boost|p1a: Kartana|atk|1
|
|upkeep
|
|t:|1658549024
|switch|p2a: Slowking|Slowking-Galar, F|54/100
|turn|13
|
|t:|1658549027
|switch|p2a: Urshifu|Urshifu-Rapid-Strike, M|100/100
|move|p1a: Kartana|Leaf Blade|p2a: Urshifu
|-supereffective|p2a: Urshifu
|-damage|p2a: Urshifu|0 fnt
|faint|p2a: Urshifu
|-ability|p1a: Kartana|Beast Boost|boost
|-boost|p1a: Kartana|atk|1
|
|upkeep
|
|t:|1658549029
|switch|p2a: Slowking|Slowking-Galar, F|87/100
|turn|14
|c|☆HOF69|gg
|
|t:|1658549035
|move|p1a: Kartana|Leaf Blade|p2a: Slowking
|-resisted|p2a: Slowking
|-damage|p2a: Slowking|0 fnt
|faint|p2a: Slowking
|
|upkeep
|c|☆higherpls|gg
|-message|higherpls forfeited.
|
|win|HOF69
|raw|HOF69's rating: 1820 &rarr; <strong>1835</strong><br />(+15 for winning)
|raw|higherpls's rating: 1734 &rarr; <strong>1719</strong><br />(-15 for losing)
|l|☆higherpls
|l|☆HOF69
