|j|☆Spectre Ace
|j|☆Kasumitot
|t:|1667883276
|gametype|singles
|player|p1|Spectre Ace|juggler|1744
|player|p2|Kasumitot|lady|1699
|teamsize|p1|6
|teamsize|p2|6
|gen|8
|tier|[Gen 8] OU
|rated|
|rule|Sleep Clause Mod: Limit one foe put to sleep
|rule|Species Clause: Limit one of each Pokémon
|rule|OHKO Clause: OHKO moves are banned
|rule|Evasion Items Clause: Evasion items are banned
|rule|Evasion Moves Clause: Evasion moves are banned
|rule|Endless Battle Clause: Forcing endless battles is banned
|rule|HP Percentage Mod: HP is shown in percentages
|rule|Dynamax Clause: You cannot dynamax
|clearpoke
|poke|p1|Raichu-Alola, F|
|poke|p1|Tapu Koko|
|poke|p1|Ferrothorn, M|
|poke|p1|Mandibuzz, F|
|poke|p1|Garchomp, M|
|poke|p1|Clefable, M|
|poke|p2|Tyranitar, M|
|poke|p2|Tapu Lele|
|poke|p2|Landorus-Therian, M|
|poke|p2|Regieleki|
|poke|p2|Toxapex, M|
|poke|p2|Ferrothorn, F|
|teampreview
|
|t:|1667883293
|start
|switch|p1a: Crane|Garchomp, M|100/100
|switch|p2a: Tyranitar|Tyranitar, M|100/100
|-weather|Sandstorm|[from] ability: Sand Stream|[of] p2a: Tyranitar
|turn|1
|
|t:|1667883297
|move|p1a: Crane|Earthquake|p2a: Tyranitar
|-supereffective|p2a: Tyranitar
|-damage|p2a: Tyranitar|8/100
|move|p2a: Tyranitar|Ice Punch|p1a: Crane
|-supereffective|p1a: Crane
|-damage|p1a: Crane|0 fnt
|-damage|p2a: Tyranitar|0 fnt|[from] ability: Rough Skin|[of] p1a: Crane
|faint|p1a: Crane
|faint|p2a: Tyranitar
|
|-weather|Sandstorm|[upkeep]
|upkeep
|j| Cocoon☁Evolution
|
|t:|1667883312
|switch|p1a: Clefable|Clefable, M|100/100
|switch|p2a: Tapu Lele|Tapu Lele|100/100
|-fieldstart|move: Psychic Terrain|[from] ability: Psychic Surge|[of] p2a: Tapu Lele
|turn|2
|
|t:|1667883314
|switch|p1a: Sundowner|Ferrothorn, M|100/100
|move|p2a: Tapu Lele|Psychic|p1a: Sundowner
|-resisted|p1a: Sundowner
|-damage|p1a: Sundowner|69/100
|
|-weather|Sandstorm|[upkeep]
|-damage|p2a: Tapu Lele|94/100|[from] Sandstorm
|-heal|p1a: Sundowner|75/100|[from] item: Leftovers
|upkeep
|turn|3
|
|t:|1667883320
|switch|p2a: Ferrothorn|Ferrothorn, F|100/100
|move|p1a: Sundowner|Spikes|p2a: Ferrothorn
|-sidestart|p2: Kasumitot|Spikes
|
|-weather|Sandstorm|[upkeep]
|-heal|p1a: Sundowner|81/100|[from] item: Leftovers
|upkeep
|turn|4
|
|t:|1667883323
|switch|p1a: Clefable|Clefable, M|100/100
|move|p2a: Ferrothorn|Knock Off|p1a: Clefable
|-resisted|p1a: Clefable
|-damage|p1a: Clefable|92/100
|-enditem|p1a: Clefable|Heavy-Duty Boots|[from] move: Knock Off|[of] p2a: Ferrothorn
|
|-weather|Sandstorm|[upkeep]
|-damage|p1a: Clefable|86/100|[from] Sandstorm
|upkeep
|turn|5
|
|t:|1667883327
|move|p1a: Clefable|Calm Mind|p1a: Clefable
|-boost|p1a: Clefable|spa|1
|-boost|p1a: Clefable|spd|1
|move|p2a: Ferrothorn|Leech Seed|p1a: Clefable
|-start|p1a: Clefable|move: Leech Seed
|
|-weather|none
|-damage|p1a: Clefable|73/100|[from] Leech Seed|[of] p2a: Ferrothorn
|upkeep
|turn|6
|
|t:|1667883331
|move|p1a: Clefable|Flamethrower|p2a: Ferrothorn
|-supereffective|p2a: Ferrothorn
|-damage|p2a: Ferrothorn|28/100
|move|p2a: Ferrothorn|Spikes|p1a: Clefable
|-sidestart|p1: Spectre Ace|Spikes
|
|-damage|p1a: Clefable|61/100|[from] Leech Seed|[of] p2a: Ferrothorn
|-heal|p2a: Ferrothorn|42/100|[silent]
|-fieldend|move: Psychic Terrain
|upkeep
|turn|7
|j| TeamTitan711
|
|t:|1667883338
|move|p1a: Clefable|Moonblast|p2a: Ferrothorn
|-resisted|p2a: Ferrothorn
|-damage|p2a: Ferrothorn|28/100
|-unboost|p2a: Ferrothorn|spa|1
|move|p2a: Ferrothorn|Spikes|p1a: Clefable
|-sidestart|p1: Spectre Ace|Spikes
|
|-damage|p1a: Clefable|48/100|[from] Leech Seed|[of] p2a: Ferrothorn
|-heal|p2a: Ferrothorn|42/100|[silent]
|upkeep
|turn|8
|l| TeamTitan711
|
|t:|1667883347
|move|p1a: Clefable|Flamethrower|p2a: Ferrothorn
|-supereffective|p2a: Ferrothorn
|-damage|p2a: Ferrothorn|0 fnt
|faint|p2a: Ferrothorn
|
|upkeep
|
|t:|1667883355
|switch|p2a: Landorus|Landorus-Therian, M|100/100
|-ability|p2a: Landorus|Intimidate|boost
|-unboost|p1a: Clefable|atk|1
|turn|9
|
|t:|1667883357
|move|p2a: Landorus|Earthquake|p1a: Clefable
|-damage|p1a: Clefable|0 fnt
|faint|p1a: Clefable
|
|upkeep
|
|t:|1667883361
|switch|p1a: Croft|Mandibuzz, F|100/100
|turn|10
|
|t:|1667883370
|move|p2a: Landorus|Stealth Rock|p1a: Croft
|-sidestart|p1: Spectre Ace|move: Stealth Rock
|move|p1a: Croft|Defog|p2a: Landorus
|-unboost|p2a: Landorus|evasion|1
|-sideend|p2: Kasumitot|Spikes|[from] move: Defog|[of] p1a: Croft
|-sideend|p1: Spectre Ace|Spikes|[from] move: Defog|[of] p1a: Croft
|-sideend|p1: Spectre Ace|Stealth Rock|[from] move: Defog|[of] p1a: Croft
|
|upkeep
|turn|11
|
|t:|1667883372
|move|p2a: Landorus|Toxic|p1a: Croft
|-status|p1a: Croft|tox
|move|p1a: Croft|Foul Play|p2a: Landorus
|-damage|p2a: Landorus|37/100
|
|-heal|p2a: Landorus|43/100|[from] item: Leftovers
|-damage|p1a: Croft|94/100 tox|[from] psn
|upkeep
|turn|12
|
|t:|1667883376
|switch|p2a: Toxapex|Toxapex, M|100/100
|move|p1a: Croft|Foul Play|p2a: Toxapex
|-damage|p2a: Toxapex|90/100
|-damage|p1a: Croft|78/100 tox|[from] item: Rocky Helmet|[of] p2a: Toxapex
|
|-damage|p1a: Croft|66/100 tox|[from] psn
|upkeep
|turn|13
|
|t:|1667883379
|move|p1a: Croft|U-turn|p2a: Toxapex
|-resisted|p2a: Toxapex
|-damage|p2a: Toxapex|87/100
|-damage|p1a: Croft|49/100 tox|[from] item: Rocky Helmet|[of] p2a: Toxapex
|
|t:|1667883381
|switch|p1a: Booker|Tapu Koko|100/100|[from]move: U-turn
|-fieldstart|move: Electric Terrain|[from] ability: Electric Surge|[of] p1a: Booker
|move|p2a: Toxapex|Scald|p1a: Booker
|-damage|p1a: Booker|77/100
|-status|p1a: Booker|brn
|
|-damage|p1a: Booker|71/100 brn|[from] brn
|upkeep
|turn|14
|
|t:|1667883390
|move|p1a: Booker|U-turn|p2a: Toxapex
|-resisted|p2a: Toxapex
|-damage|p2a: Toxapex|85/100
|-damage|p1a: Booker|54/100 brn|[from] item: Rocky Helmet|[of] p2a: Toxapex
|
|t:|1667883393
|switch|p1a: Sundowner|Ferrothorn, M|81/100|[from]move: U-turn
|move|p2a: Toxapex|Scald|p1a: Sundowner
|-resisted|p1a: Sundowner
|-damage|p1a: Sundowner|76/100
|
|-heal|p1a: Sundowner|82/100|[from] item: Leftovers
|upkeep
|turn|15
|
|t:|1667883401
|move|p2a: Toxapex|Scald|p1a: Sundowner
|-resisted|p1a: Sundowner
|-damage|p1a: Sundowner|77/100
|move|p1a: Sundowner|Leech Seed|p2a: Toxapex
|-start|p2a: Toxapex|move: Leech Seed
|
|-heal|p1a: Sundowner|83/100|[from] item: Leftovers
|-damage|p2a: Toxapex|72/100|[from] Leech Seed|[of] p1a: Sundowner
|-heal|p1a: Sundowner|93/100|[silent]
|upkeep
|turn|16
|
|t:|1667883405
|switch|p1a: Booker|Tapu Koko|54/100 brn
|move|p2a: Toxapex|Scald|p1a: Booker
|-damage|p1a: Booker|30/100 brn
|
|-damage|p2a: Toxapex|60/100|[from] Leech Seed|[of] p1a: Booker
|-heal|p1a: Booker|44/100 brn|[silent]
|-damage|p1a: Booker|38/100 brn|[from] brn
|upkeep
|turn|17
|
|t:|1667883410
|move|p1a: Booker|Roost|p1a: Booker
|-heal|p1a: Booker|88/100 brn
|-singleturn|p1a: Booker|move: Roost
|move|p2a: Toxapex|Scald|p1a: Booker
|-damage|p1a: Booker|64/100 brn
|
|-damage|p2a: Toxapex|48/100|[from] Leech Seed|[of] p1a: Booker
|-heal|p1a: Booker|77/100 brn|[silent]
|-damage|p1a: Booker|71/100 brn|[from] brn
|upkeep
|turn|18
|
|t:|1667883413
|switch|p2a: Landorus|Landorus-Therian, M|43/100
|-ability|p2a: Landorus|Intimidate|boost
|-unboost|p1a: Booker|atk|1
|move|p1a: Booker|U-turn|p2a: Landorus
|-resisted|p2a: Landorus
|-damage|p2a: Landorus|40/100
|
|t:|1667883415
|switch|p1a: Valentine|Raichu-Alola, F, shiny|100/100|[from]move: U-turn
|
|-heal|p2a: Landorus|46/100|[from] item: Leftovers
|upkeep
|turn|19
|
|t:|1667883424
|switch|p2a: Tapu Lele|Tapu Lele|94/100
|-fieldstart|move: Psychic Terrain|[from] ability: Psychic Surge|[of] p2a: Tapu Lele
|move|p1a: Valentine|Surf|p2a: Tapu Lele
|-damage|p2a: Tapu Lele|54/100
|-damage|p1a: Valentine|91/100|[from] item: Life Orb
|
|upkeep
|turn|20
|
|t:|1667883432
|switch|p1a: Sundowner|Ferrothorn, M|93/100
|move|p2a: Tapu Lele|Focus Blast|p1a: Sundowner|[miss]
|-miss|p2a: Tapu Lele|p1a: Sundowner
|
|-heal|p1a: Sundowner|99/100|[from] item: Leftovers
|upkeep
|turn|21
|
|t:|1667883437
|switch|p1a: Booker|Tapu Koko|71/100 brn
|-fieldstart|move: Electric Terrain|[from] ability: Electric Surge|[of] p1a: Booker
|move|p2a: Tapu Lele|Focus Blast|p1a: Booker
|-resisted|p1a: Booker
|-damage|p1a: Booker|19/100 brn
|
|-damage|p1a: Booker|13/100 brn|[from] brn
|upkeep
|turn|22
|
|t:|1667883447
|switch|p1a: Valentine|Raichu-Alola, F, shiny|91/100
|move|p2a: Tapu Lele|Focus Blast|p1a: Valentine
|-resisted|p1a: Valentine
|-damage|p1a: Valentine|47/100
|
|upkeep
|turn|23
|
|t:|1667883457
|switch|p2a: Landorus|Landorus-Therian, M|46/100
|-ability|p2a: Landorus|Intimidate|boost
|-unboost|p1a: Valentine|atk|1
|move|p1a: Valentine|Rising Voltage|p2a: Landorus
|-immune|p2a: Landorus
|
|-heal|p2a: Landorus|52/100|[from] item: Leftovers
|upkeep
|turn|24
|
|t:|1667883478
|switch|p2a: Tapu Lele|Tapu Lele|54/100
|-fieldstart|move: Psychic Terrain|[from] ability: Psychic Surge|[of] p2a: Tapu Lele
|move|p1a: Valentine|Surf|p2a: Tapu Lele
|-damage|p2a: Tapu Lele|12/100
|-damage|p1a: Valentine|37/100|[from] item: Life Orb
|
|upkeep
|turn|25
|
|t:|1667883487
|move|p1a: Valentine|Surf|p2a: Tapu Lele
|-damage|p2a: Tapu Lele|0 fnt
|faint|p2a: Tapu Lele
|-damage|p1a: Valentine|27/100|[from] item: Life Orb
|
|upkeep
|
|t:|1667883493
|switch|p2a: Regieleki|Regieleki|100/100
|turn|26
|
|t:|1667883498
|switch|p1a: Croft|Mandibuzz, F|49/100 tox
|move|p2a: Regieleki|Volt Switch|p1a: Croft
|-supereffective|p1a: Croft
|-damage|p1a: Croft|0 fnt
|faint|p1a: Croft
|
|t:|1667883508
|switch|p2a: Toxapex|Toxapex, M|81/100|[from]move: Volt Switch
|
|upkeep
|
|t:|1667883510
|switch|p1a: Booker|Tapu Koko|13/100 brn
|-fieldstart|move: Electric Terrain|[from] ability: Electric Surge|[of] p1a: Booker
|turn|27
|j| chargee Q
|j| BabyPigsAreLaughin
|
|t:|1667883532
|move|p1a: Booker|Roost|p1a: Booker
|-heal|p1a: Booker|63/100 brn
|-singleturn|p1a: Booker|move: Roost
|move|p2a: Toxapex|Scald|p1a: Booker
|-damage|p1a: Booker|39/100 brn
|
|-damage|p1a: Booker|33/100 brn|[from] brn
|upkeep
|turn|28
|
|t:|1667883535
|switch|p1a: Sundowner|Ferrothorn, M|99/100
|move|p2a: Toxapex|Scald|p1a: Sundowner
|-resisted|p1a: Sundowner
|-damage|p1a: Sundowner|94/100
|
|-heal|p1a: Sundowner|100/100|[from] item: Leftovers
|upkeep
|turn|29
|
|t:|1667883538
|move|p2a: Toxapex|Scald|p1a: Sundowner
|-resisted|p1a: Sundowner
|-damage|p1a: Sundowner|95/100
|move|p1a: Sundowner|Spikes|p2a: Toxapex
|-sidestart|p2: Kasumitot|Spikes
|
|-heal|p1a: Sundowner|100/100|[from] item: Leftovers
|upkeep
|turn|30
|
|t:|1667883541
|move|p2a: Toxapex|Scald|p1a: Sundowner
|-resisted|p1a: Sundowner
|-damage|p1a: Sundowner|95/100
|move|p1a: Sundowner|Knock Off|p2a: Toxapex
|-damage|p2a: Toxapex|69/100
|-damage|p1a: Sundowner|78/100|[from] item: Rocky Helmet|[of] p2a: Toxapex
|-enditem|p2a: Toxapex|Rocky Helmet|[from] move: Knock Off|[of] p1a: Sundowner
|
|-heal|p1a: Sundowner|85/100|[from] item: Leftovers
|upkeep
|turn|31
|
|t:|1667883543
|move|p2a: Toxapex|Scald|p1a: Sundowner
|-resisted|p1a: Sundowner
|-damage|p1a: Sundowner|79/100
|move|p1a: Sundowner|Leech Seed|p2a: Toxapex
|-start|p2a: Toxapex|move: Leech Seed
|
|-heal|p1a: Sundowner|85/100|[from] item: Leftovers
|-damage|p2a: Toxapex|57/100|[from] Leech Seed|[of] p1a: Sundowner
|-heal|p1a: Sundowner|96/100|[silent]
|upkeep
|turn|32
|
|t:|1667883546
|switch|p2a: Landorus|Landorus-Therian, M|52/100
|-ability|p2a: Landorus|Intimidate|boost
|-unboost|p1a: Sundowner|atk|1
|move|p1a: Sundowner|Spikes|p2a: Landorus
|-sidestart|p2: Kasumitot|Spikes
|
|-heal|p2a: Landorus|58/100|[from] item: Leftovers
|-heal|p1a: Sundowner|100/100|[from] item: Leftovers
|upkeep
|turn|33
|
|t:|1667883552
|move|p2a: Landorus|Knock Off|p1a: Sundowner
|-damage|p1a: Sundowner|73/100
|-damage|p2a: Landorus|46/100|[from] ability: Iron Barbs|[of] p1a: Sundowner
|-enditem|p1a: Sundowner|Leftovers|[from] move: Knock Off|[of] p2a: Landorus
|move|p1a: Sundowner|Leech Seed|p2a: Landorus
|-start|p2a: Landorus|move: Leech Seed
|
|-heal|p2a: Landorus|52/100|[from] item: Leftovers
|-damage|p2a: Landorus|39/100|[from] Leech Seed|[of] p1a: Sundowner
|-heal|p1a: Sundowner|84/100|[silent]
|upkeep
|turn|34
|
|t:|1667883558
|move|p2a: Landorus|Stealth Rock|p1a: Sundowner
|-sidestart|p1: Spectre Ace|move: Stealth Rock
|move|p1a: Sundowner|Spikes|p2a: Landorus
|-sidestart|p2: Kasumitot|Spikes
|
|-heal|p2a: Landorus|45/100|[from] item: Leftovers
|-damage|p2a: Landorus|33/100|[from] Leech Seed|[of] p1a: Sundowner
|-heal|p1a: Sundowner|95/100|[silent]
|-fieldend|move: Electric Terrain
|upkeep
|turn|35
|
|t:|1667883560
|switch|p2a: Toxapex|Toxapex, M|91/100
|-damage|p2a: Toxapex|66/100|[from] Spikes
|move|p1a: Sundowner|Gyro Ball|p2a: Toxapex
|-resisted|p2a: Toxapex
|-damage|p2a: Toxapex|62/100
|
|upkeep
|turn|36
|
|t:|1667883564
|move|p2a: Toxapex|Scald|p1a: Sundowner
|-resisted|p1a: Sundowner
|-damage|p1a: Sundowner|89/100
|move|p1a: Sundowner|Leech Seed|p2a: Toxapex
|-start|p2a: Toxapex|move: Leech Seed
|
|-damage|p2a: Toxapex|50/100|[from] Leech Seed|[of] p1a: Sundowner
|-heal|p1a: Sundowner|99/100|[silent]
|upkeep
|turn|37
|l| chargee Q
|
|t:|1667883571
|move|p2a: Toxapex|Scald|p1a: Sundowner
|-resisted|p1a: Sundowner
|-damage|p1a: Sundowner|94/100
|-status|p1a: Sundowner|brn
|move|p1a: Sundowner|Leech Seed||[still]
|-fail|p1a: Sundowner
|
|-damage|p2a: Toxapex|38/100|[from] Leech Seed|[of] p1a: Sundowner
|-heal|p1a: Sundowner|100/100 brn|[silent]
|-damage|p1a: Sundowner|94/100 brn|[from] brn
|upkeep
|turn|38
|
|t:|1667883574
|switch|p1a: Booker|Tapu Koko|33/100 brn
|-damage|p1a: Booker|21/100 brn|[from] Stealth Rock
|-fieldstart|move: Electric Terrain|[from] ability: Electric Surge|[of] p1a: Booker
|move|p2a: Toxapex|Scald|p1a: Booker
|-damage|p1a: Booker|0 fnt
|faint|p1a: Booker
|
|upkeep
|
|t:|1667883576
|switch|p1a: Valentine|Raichu-Alola, F, shiny|27/100
|-damage|p1a: Valentine|15/100|[from] Stealth Rock
|turn|39
|inactive|Battle timer is ON: inactive players will automatically lose when time's up. (requested by Spectre Ace)
|j| skalala
|
|t:|1667883628
|switch|p2a: Regieleki|Regieleki|100/100
|move|p1a: Valentine|Rising Voltage|p2a: Regieleki
|-hint|Rising Voltage's BP doubled on grounded target.
|-resisted|p2a: Regieleki
|-damage|p2a: Regieleki|0 fnt
|faint|p2a: Regieleki
|-damage|p1a: Valentine|5/100|[from] item: Life Orb
|
|upkeep
|
|t:|1667883643
|switch|p2a: Toxapex|Toxapex, M|71/100
|-damage|p2a: Toxapex|46/100|[from] Spikes
|turn|40
|
|t:|1667883647
|switch|p2a: Landorus|Landorus-Therian, M|33/100
|-ability|p2a: Landorus|Intimidate|boost
|-unboost|p1a: Valentine|atk|1
|move|p1a: Valentine|Psyshock|p2a: Landorus
|-damage|p2a: Landorus|0 fnt
|faint|p2a: Landorus
|-damage|p1a: Valentine|0 fnt|[from] item: Life Orb
|faint|p1a: Valentine
|
|upkeep
|j| Ferchula123
|
|t:|1667883655
|switch|p1a: Sundowner|Ferrothorn, M|94/100 brn
|switch|p2a: Toxapex|Toxapex, M|80/100
|-damage|p2a: Toxapex|55/100|[from] Spikes
|-damage|p1a: Sundowner|88/100 brn|[from] Stealth Rock
|turn|41
|
|t:|1667883663
|move|p2a: Toxapex|Haze|p2a: Toxapex
|-clearallboost
|move|p1a: Sundowner|Leech Seed|p2a: Toxapex
|-start|p2a: Toxapex|move: Leech Seed
|
|-damage|p2a: Toxapex|43/100|[from] Leech Seed|[of] p1a: Sundowner
|-heal|p1a: Sundowner|99/100 brn|[silent]
|-damage|p1a: Sundowner|92/100 brn|[from] brn
|upkeep
|turn|42
|
|t:|1667883669
|move|p2a: Toxapex|Haze|p2a: Toxapex
|-clearallboost
|move|p1a: Sundowner|Spikes||[still]
|-fail|p1a: Sundowner
|
|-damage|p2a: Toxapex|31/100|[from] Leech Seed|[of] p1a: Sundowner
|-heal|p1a: Sundowner|100/100 brn|[silent]
|-damage|p1a: Sundowner|94/100 brn|[from] brn
|upkeep
|turn|43
|
|t:|1667883674
|move|p2a: Toxapex|Recover|p2a: Toxapex
|-heal|p2a: Toxapex|81/100
|move|p1a: Sundowner|Knock Off|p2a: Toxapex
|-damage|p2a: Toxapex|77/100
|
|-damage|p2a: Toxapex|65/100|[from] Leech Seed|[of] p1a: Sundowner
|-heal|p1a: Sundowner|100/100 brn|[silent]
|-damage|p1a: Sundowner|94/100 brn|[from] brn
|upkeep
|turn|44
|
|t:|1667883678
|move|p2a: Toxapex|Haze|p2a: Toxapex
|-clearallboost
|move|p1a: Sundowner|Spikes||[still]
|-fail|p1a: Sundowner
|
|-damage|p2a: Toxapex|52/100|[from] Leech Seed|[of] p1a: Sundowner
|-heal|p1a: Sundowner|100/100 brn|[silent]
|-damage|p1a: Sundowner|94/100 brn|[from] brn
|upkeep
|turn|45
|
|t:|1667883681
|move|p2a: Toxapex|Haze|p2a: Toxapex
|-clearallboost
|move|p1a: Sundowner|Spikes||[still]
|-fail|p1a: Sundowner
|
|-damage|p2a: Toxapex|40/100|[from] Leech Seed|[of] p1a: Sundowner
|-heal|p1a: Sundowner|100/100 brn|[silent]
|-damage|p1a: Sundowner|94/100 brn|[from] brn
|-fieldend|move: Electric Terrain
|upkeep
|turn|46
|
|t:|1667883684
|move|p2a: Toxapex|Haze|p2a: Toxapex
|-clearallboost
|move|p1a: Sundowner|Spikes||[still]
|-fail|p1a: Sundowner
|
|-damage|p2a: Toxapex|28/100|[from] Leech Seed|[of] p1a: Sundowner
|-heal|p1a: Sundowner|100/100 brn|[silent]
|-damage|p1a: Sundowner|94/100 brn|[from] brn
|upkeep
|turn|47
|
|t:|1667883688
|move|p2a: Toxapex|Recover|p2a: Toxapex
|-heal|p2a: Toxapex|78/100
|move|p1a: Sundowner|Spikes||[still]
|-fail|p1a: Sundowner
|
|-damage|p2a: Toxapex|66/100|[from] Leech Seed|[of] p1a: Sundowner
|-heal|p1a: Sundowner|100/100 brn|[silent]
|-damage|p1a: Sundowner|94/100 brn|[from] brn
|upkeep
|turn|48
|
|t:|1667883692
|move|p2a: Toxapex|Toxic||[still]
|-fail|p2a: Toxapex
|move|p1a: Sundowner|Spikes||[still]
|-fail|p1a: Sundowner
|
|-damage|p2a: Toxapex|54/100|[from] Leech Seed|[of] p1a: Sundowner
|-heal|p1a: Sundowner|100/100 brn|[silent]
|-damage|p1a: Sundowner|94/100 brn|[from] brn
|upkeep
|turn|49
|
|t:|1667883696
|move|p2a: Toxapex|Toxic||[still]
|-fail|p2a: Toxapex
|move|p1a: Sundowner|Spikes||[still]
|-fail|p1a: Sundowner
|
|-damage|p2a: Toxapex|41/100|[from] Leech Seed|[of] p1a: Sundowner
|-heal|p1a: Sundowner|100/100 brn|[silent]
|-damage|p1a: Sundowner|94/100 brn|[from] brn
|upkeep
|turn|50
|
|t:|1667883699
|move|p2a: Toxapex|Toxic||[still]
|-fail|p2a: Toxapex
|move|p1a: Sundowner|Spikes||[still]
|-fail|p1a: Sundowner
|
|-damage|p2a: Toxapex|29/100|[from] Leech Seed|[of] p1a: Sundowner
|-heal|p1a: Sundowner|100/100 brn|[silent]
|-damage|p1a: Sundowner|94/100 brn|[from] brn
|upkeep
|turn|51
|
|t:|1667883713
|move|p2a: Toxapex|Toxic||[still]
|-fail|p2a: Toxapex
|move|p1a: Sundowner|Spikes||[still]
|-fail|p1a: Sundowner
|
|-damage|p2a: Toxapex|17/100|[from] Leech Seed|[of] p1a: Sundowner
|-heal|p1a: Sundowner|100/100 brn|[silent]
|-damage|p1a: Sundowner|94/100 brn|[from] brn
|upkeep
|turn|52
|
|t:|1667883716
|move|p2a: Toxapex|Recover|p2a: Toxapex
|-heal|p2a: Toxapex|67/100
|move|p1a: Sundowner|Knock Off|p2a: Toxapex
|-damage|p2a: Toxapex|63/100
|
|-damage|p2a: Toxapex|51/100|[from] Leech Seed|[of] p1a: Sundowner
|-heal|p1a: Sundowner|100/100 brn|[silent]
|-damage|p1a: Sundowner|94/100 brn|[from] brn
|upkeep
|turn|53
|
|t:|1667883719
|move|p2a: Toxapex|Haze|p2a: Toxapex
|-clearallboost
|move|p1a: Sundowner|Spikes||[still]
|-fail|p1a: Sundowner
|
|-damage|p2a: Toxapex|39/100|[from] Leech Seed|[of] p1a: Sundowner
|-heal|p1a: Sundowner|100/100 brn|[silent]
|-damage|p1a: Sundowner|94/100 brn|[from] brn
|upkeep
|turn|54
|j| westcottike
|
|t:|1667883721
|move|p2a: Toxapex|Haze|p2a: Toxapex
|-clearallboost
|move|p1a: Sundowner|Spikes||[still]
|-fail|p1a: Sundowner
|
|-damage|p2a: Toxapex|27/100|[from] Leech Seed|[of] p1a: Sundowner
|-heal|p1a: Sundowner|100/100 brn|[silent]
|-damage|p1a: Sundowner|94/100 brn|[from] brn
|upkeep
|turn|55
|
|t:|1667883725
|move|p2a: Toxapex|Haze|p2a: Toxapex
|-clearallboost
|move|p1a: Sundowner|Spikes||[still]
|-fail|p1a: Sundowner
|
|-damage|p2a: Toxapex|14/100|[from] Leech Seed|[of] p1a: Sundowner
|-heal|p1a: Sundowner|100/100 brn|[silent]
|-damage|p1a: Sundowner|94/100 brn|[from] brn
|upkeep
|turn|56
|
|t:|1667883730
|move|p2a: Toxapex|Recover|p2a: Toxapex
|-heal|p2a: Toxapex|65/100
|move|p1a: Sundowner|Knock Off|p2a: Toxapex
|-damage|p2a: Toxapex|60/100
|
|-damage|p2a: Toxapex|48/100|[from] Leech Seed|[of] p1a: Sundowner
|-heal|p1a: Sundowner|100/100 brn|[silent]
|-damage|p1a: Sundowner|94/100 brn|[from] brn
|upkeep
|turn|57
|
|t:|1667883741
|move|p2a: Toxapex|Toxic||[still]
|-fail|p2a: Toxapex
|move|p1a: Sundowner|Knock Off|p2a: Toxapex
|-damage|p2a: Toxapex|44/100
|
|-damage|p2a: Toxapex|32/100|[from] Leech Seed|[of] p1a: Sundowner
|-heal|p1a: Sundowner|100/100 brn|[silent]
|-damage|p1a: Sundowner|94/100 brn|[from] brn
|upkeep
|turn|58
|
|t:|1667883743
|move|p2a: Toxapex|Toxic||[still]
|-fail|p2a: Toxapex
|move|p1a: Sundowner|Knock Off|p2a: Toxapex
|-damage|p2a: Toxapex|28/100
|
|-damage|p2a: Toxapex|16/100|[from] Leech Seed|[of] p1a: Sundowner
|-heal|p1a: Sundowner|100/100 brn|[silent]
|-damage|p1a: Sundowner|94/100 brn|[from] brn
|upkeep
|turn|59
|
|t:|1667883745
|move|p2a: Toxapex|Recover|p2a: Toxapex
|-heal|p2a: Toxapex|66/100
|move|p1a: Sundowner|Knock Off|p2a: Toxapex
|-damage|p2a: Toxapex|62/100
|
|-damage|p2a: Toxapex|50/100|[from] Leech Seed|[of] p1a: Sundowner
|-heal|p1a: Sundowner|100/100 brn|[silent]
|-damage|p1a: Sundowner|94/100 brn|[from] brn
|upkeep
|turn|60
|j| Eliddibu
|
|t:|1667883751
|move|p2a: Toxapex|Recover|p2a: Toxapex
|-heal|p2a: Toxapex|99/100
|move|p1a: Sundowner|Knock Off|p2a: Toxapex
|-damage|p2a: Toxapex|95/100
|
|-damage|p2a: Toxapex|83/100|[from] Leech Seed|[of] p1a: Sundowner
|-heal|p1a: Sundowner|100/100 brn|[silent]
|-damage|p1a: Sundowner|94/100 brn|[from] brn
|upkeep
|turn|61
|
|t:|1667883754
|move|p2a: Toxapex|Toxic||[still]
|-fail|p2a: Toxapex
|move|p1a: Sundowner|Knock Off|p2a: Toxapex
|-damage|p2a: Toxapex|79/100
|
|-damage|p2a: Toxapex|67/100|[from] Leech Seed|[of] p1a: Sundowner
|-heal|p1a: Sundowner|100/100 brn|[silent]
|-damage|p1a: Sundowner|94/100 brn|[from] brn
|upkeep
|turn|62
|
|t:|1667883756
|move|p2a: Toxapex|Toxic||[still]
|-fail|p2a: Toxapex
|move|p1a: Sundowner|Knock Off|p2a: Toxapex
|-damage|p2a: Toxapex|62/100
|
|-damage|p2a: Toxapex|50/100|[from] Leech Seed|[of] p1a: Sundowner
|-heal|p1a: Sundowner|100/100 brn|[silent]
|-damage|p1a: Sundowner|94/100 brn|[from] brn
|upkeep
|turn|63
|
|t:|1667883758
|move|p2a: Toxapex|Toxic||[still]
|-fail|p2a: Toxapex
|move|p1a: Sundowner|Spikes||[still]
|-fail|p1a: Sundowner
|
|-damage|p2a: Toxapex|37/100|[from] Leech Seed|[of] p1a: Sundowner
|-heal|p1a: Sundowner|100/100 brn|[silent]
|-damage|p1a: Sundowner|94/100 brn|[from] brn
|upkeep
|turn|64
|
|t:|1667883760
|move|p2a: Toxapex|Toxic||[still]
|-fail|p2a: Toxapex
|move|p1a: Sundowner|Spikes||[still]
|-fail|p1a: Sundowner
|
|-damage|p2a: Toxapex|25/100|[from] Leech Seed|[of] p1a: Sundowner
|-heal|p1a: Sundowner|100/100 brn|[silent]
|-damage|p1a: Sundowner|94/100 brn|[from] brn
|upkeep
|turn|65
|
|t:|1667883764
|move|p2a: Toxapex|Haze|p2a: Toxapex
|-clearallboost
|move|p1a: Sundowner|Spikes||[still]
|-fail|p1a: Sundowner
|
|-damage|p2a: Toxapex|13/100|[from] Leech Seed|[of] p1a: Sundowner
|-heal|p1a: Sundowner|100/100 brn|[silent]
|-damage|p1a: Sundowner|94/100 brn|[from] brn
|upkeep
|turn|66
|
|t:|1667883776
|move|p2a: Toxapex|Recover|p2a: Toxapex
|-heal|p2a: Toxapex|63/100
|move|p1a: Sundowner|Knock Off|p2a: Toxapex
|-damage|p2a: Toxapex|59/100
|
|-damage|p2a: Toxapex|47/100|[from] Leech Seed|[of] p1a: Sundowner
|-heal|p1a: Sundowner|100/100 brn|[silent]
|-damage|p1a: Sundowner|94/100 brn|[from] brn
|upkeep
|turn|67
|
|t:|1667883780
|move|p2a: Toxapex|Recover|p2a: Toxapex
|-heal|p2a: Toxapex|97/100
|move|p1a: Sundowner|Spikes||[still]
|-fail|p1a: Sundowner
|
|-damage|p2a: Toxapex|85/100|[from] Leech Seed|[of] p1a: Sundowner
|-heal|p1a: Sundowner|100/100 brn|[silent]
|-damage|p1a: Sundowner|94/100 brn|[from] brn
|upkeep
|turn|68
|
|t:|1667883784
|move|p2a: Toxapex|Scald|p1a: Sundowner
|-resisted|p1a: Sundowner
|-damage|p1a: Sundowner|88/100 brn
|move|p1a: Sundowner|Knock Off|p2a: Toxapex
|-crit|p2a: Toxapex
|-damage|p2a: Toxapex|78/100
|
|-damage|p2a: Toxapex|66/100|[from] Leech Seed|[of] p1a: Sundowner
|-heal|p1a: Sundowner|99/100 brn|[silent]
|-damage|p1a: Sundowner|93/100 brn|[from] brn
|upkeep
|turn|69
|
|t:|1667883786
|move|p2a: Toxapex|Scald|p1a: Sundowner
|-resisted|p1a: Sundowner
|-damage|p1a: Sundowner|86/100 brn
|move|p1a: Sundowner|Knock Off|p2a: Toxapex
|-damage|p2a: Toxapex|62/100
|
|-damage|p2a: Toxapex|50/100|[from] Leech Seed|[of] p1a: Sundowner
|-heal|p1a: Sundowner|97/100 brn|[silent]
|-damage|p1a: Sundowner|91/100 brn|[from] brn
|upkeep
|turn|70
|
|t:|1667883788
|move|p2a: Toxapex|Scald|p1a: Sundowner
|-resisted|p1a: Sundowner
|-damage|p1a: Sundowner|85/100 brn
|move|p1a: Sundowner|Knock Off|p2a: Toxapex
|-damage|p2a: Toxapex|45/100
|
|-damage|p2a: Toxapex|33/100|[from] Leech Seed|[of] p1a: Sundowner
|-heal|p1a: Sundowner|95/100 brn|[silent]
|-damage|p1a: Sundowner|89/100 brn|[from] brn
|upkeep
|turn|71
|
|t:|1667883791
|move|p2a: Toxapex|Scald|p1a: Sundowner
|-resisted|p1a: Sundowner
|-damage|p1a: Sundowner|83/100 brn
|move|p1a: Sundowner|Knock Off|p2a: Toxapex
|-damage|p2a: Toxapex|29/100
|
|-damage|p2a: Toxapex|16/100|[from] Leech Seed|[of] p1a: Sundowner
|-heal|p1a: Sundowner|94/100 brn|[silent]
|-damage|p1a: Sundowner|87/100 brn|[from] brn
|upkeep
|turn|72
|
|t:|1667883794
|move|p2a: Toxapex|Recover|p2a: Toxapex
|-heal|p2a: Toxapex|67/100
|move|p1a: Sundowner|Knock Off|p2a: Toxapex
|-damage|p2a: Toxapex|62/100
|
|-damage|p2a: Toxapex|50/100|[from] Leech Seed|[of] p1a: Sundowner
|-heal|p1a: Sundowner|98/100 brn|[silent]
|-damage|p1a: Sundowner|92/100 brn|[from] brn
|upkeep
|turn|73
|
|t:|1667883797
|move|p2a: Toxapex|Recover|p2a: Toxapex
|-heal|p2a: Toxapex|99/100
|move|p1a: Sundowner|Knock Off|p2a: Toxapex
|-damage|p2a: Toxapex|96/100
|
|-damage|p2a: Toxapex|83/100|[from] Leech Seed|[of] p1a: Sundowner
|-heal|p1a: Sundowner|100/100 brn|[silent]
|-damage|p1a: Sundowner|94/100 brn|[from] brn
|upkeep
|turn|74
|
|t:|1667883801
|move|p2a: Toxapex|Scald|p1a: Sundowner
|-resisted|p1a: Sundowner
|-damage|p1a: Sundowner|89/100 brn
|move|p1a: Sundowner|Leech Seed||[still]
|-fail|p1a: Sundowner
|
|-damage|p2a: Toxapex|71/100|[from] Leech Seed|[of] p1a: Sundowner
|-heal|p1a: Sundowner|99/100 brn|[silent]
|-damage|p1a: Sundowner|93/100 brn|[from] brn
|upkeep
|turn|75
|
|t:|1667883803
|move|p2a: Toxapex|Scald|p1a: Sundowner
|-resisted|p1a: Sundowner
|-damage|p1a: Sundowner|87/100 brn
|move|p1a: Sundowner|Leech Seed|p2a: Toxapex|[miss]
|-miss|p1a: Sundowner|p2a: Toxapex
|
|-damage|p2a: Toxapex|59/100|[from] Leech Seed|[of] p1a: Sundowner
|-heal|p1a: Sundowner|97/100 brn|[silent]
|-damage|p1a: Sundowner|91/100 brn|[from] brn
|upkeep
|turn|76
|
|t:|1667883805
|move|p2a: Toxapex|Scald|p1a: Sundowner
|-resisted|p1a: Sundowner
|-damage|p1a: Sundowner|85/100 brn
|move|p1a: Sundowner|Knock Off|p2a: Toxapex
|-damage|p2a: Toxapex|55/100
|
|-damage|p2a: Toxapex|42/100|[from] Leech Seed|[of] p1a: Sundowner
|-heal|p1a: Sundowner|96/100 brn|[silent]
|-damage|p1a: Sundowner|89/100 brn|[from] brn
|upkeep
|turn|77
|
|t:|1667883807
|move|p2a: Toxapex|Scald|p1a: Sundowner
|-resisted|p1a: Sundowner
|-damage|p1a: Sundowner|84/100 brn
|move|p1a: Sundowner|Spikes||[still]
|-fail|p1a: Sundowner
|
|-damage|p2a: Toxapex|30/100|[from] Leech Seed|[of] p1a: Sundowner
|-heal|p1a: Sundowner|94/100 brn|[silent]
|-damage|p1a: Sundowner|88/100 brn|[from] brn
|upkeep
|turn|78
|
|t:|1667883809
|move|p2a: Toxapex|Scald|p1a: Sundowner
|-resisted|p1a: Sundowner
|-damage|p1a: Sundowner|82/100 brn
|move|p1a: Sundowner|Spikes||[still]
|-fail|p1a: Sundowner
|
|-damage|p2a: Toxapex|18/100|[from] Leech Seed|[of] p1a: Sundowner
|-heal|p1a: Sundowner|93/100 brn|[silent]
|-damage|p1a: Sundowner|86/100 brn|[from] brn
|upkeep
|turn|79
|
|t:|1667883813
|move|p2a: Toxapex|Recover|p2a: Toxapex
|-heal|p2a: Toxapex|68/100
|move|p1a: Sundowner|Spikes||[still]
|-fail|p1a: Sundowner
|
|-damage|p2a: Toxapex|56/100|[from] Leech Seed|[of] p1a: Sundowner
|-heal|p1a: Sundowner|97/100 brn|[silent]
|-damage|p1a: Sundowner|91/100 brn|[from] brn
|upkeep
|turn|80
|
|t:|1667883816
|move|p2a: Toxapex|Scald|p1a: Sundowner
|-resisted|p1a: Sundowner
|-damage|p1a: Sundowner|85/100 brn
|move|p1a: Sundowner|Spikes||[still]
|-fail|p1a: Sundowner
|
|-damage|p2a: Toxapex|44/100|[from] Leech Seed|[of] p1a: Sundowner
|-heal|p1a: Sundowner|95/100 brn|[silent]
|-damage|p1a: Sundowner|89/100 brn|[from] brn
|upkeep
|turn|81
|
|t:|1667883819
|move|p2a: Toxapex|Recover|p2a: Toxapex
|-heal|p2a: Toxapex|94/100
|move|p1a: Sundowner|Spikes||[still]
|-fail|p1a: Sundowner
|
|-damage|p2a: Toxapex|82/100|[from] Leech Seed|[of] p1a: Sundowner
|-heal|p1a: Sundowner|99/100 brn|[silent]
|-damage|p1a: Sundowner|93/100 brn|[from] brn
|upkeep
|turn|82
|
|t:|1667883822
|move|p2a: Toxapex|Scald|p1a: Sundowner
|-resisted|p1a: Sundowner
|-damage|p1a: Sundowner|87/100 brn
|move|p1a: Sundowner|Spikes||[still]
|-fail|p1a: Sundowner
|
|-damage|p2a: Toxapex|69/100|[from] Leech Seed|[of] p1a: Sundowner
|-heal|p1a: Sundowner|98/100 brn|[silent]
|-damage|p1a: Sundowner|91/100 brn|[from] brn
|upkeep
|turn|83
|
|t:|1667883833
|move|p2a: Toxapex|Toxic||[still]
|-fail|p2a: Toxapex
|move|p1a: Sundowner|Spikes||[still]
|-fail|p1a: Sundowner
|
|-damage|p2a: Toxapex|57/100|[from] Leech Seed|[of] p1a: Sundowner
|-heal|p1a: Sundowner|100/100 brn|[silent]
|-damage|p1a: Sundowner|94/100 brn|[from] brn
|upkeep
|turn|84
|
|t:|1667883835
|move|p2a: Toxapex|Toxic||[still]
|-fail|p2a: Toxapex
|move|p1a: Sundowner|Spikes||[still]
|-fail|p1a: Sundowner
|
|-damage|p2a: Toxapex|45/100|[from] Leech Seed|[of] p1a: Sundowner
|-heal|p1a: Sundowner|100/100 brn|[silent]
|-damage|p1a: Sundowner|94/100 brn|[from] brn
|upkeep
|turn|85
|
|t:|1667883837
|move|p2a: Toxapex|Toxic||[still]
|-fail|p2a: Toxapex
|move|p1a: Sundowner|Spikes||[still]
|-fail|p1a: Sundowner
|
|-damage|p2a: Toxapex|33/100|[from] Leech Seed|[of] p1a: Sundowner
|-heal|p1a: Sundowner|100/100 brn|[silent]
|-damage|p1a: Sundowner|94/100 brn|[from] brn
|upkeep
|turn|86
|
|t:|1667883845
|move|p2a: Toxapex|Toxic||[still]
|-fail|p2a: Toxapex
|move|p1a: Sundowner|Spikes||[still]
|-fail|p1a: Sundowner
|
|-damage|p2a: Toxapex|21/100|[from] Leech Seed|[of] p1a: Sundowner
|-heal|p1a: Sundowner|100/100 brn|[silent]
|-damage|p1a: Sundowner|94/100 brn|[from] brn
|upkeep
|turn|87
|
|t:|1667883848
|move|p2a: Toxapex|Toxic||[still]
|-fail|p2a: Toxapex
|move|p1a: Sundowner|Knock Off|p2a: Toxapex
|-damage|p2a: Toxapex|16/100
|
|-damage|p2a: Toxapex|4/100|[from] Leech Seed|[of] p1a: Sundowner
|-heal|p1a: Sundowner|100/100 brn|[silent]
|-damage|p1a: Sundowner|94/100 brn|[from] brn
|upkeep
|turn|88
|
|t:|1667883853
|move|p2a: Toxapex|Recover|p2a: Toxapex
|-heal|p2a: Toxapex|54/100
|move|p1a: Sundowner|Spikes||[still]
|-fail|p1a: Sundowner
|
|-damage|p2a: Toxapex|42/100|[from] Leech Seed|[of] p1a: Sundowner
|-heal|p1a: Sundowner|100/100 brn|[silent]
|-damage|p1a: Sundowner|94/100 brn|[from] brn
|upkeep
|turn|89
|
|t:|1667883858
|move|p2a: Toxapex|Recover|p2a: Toxapex
|-heal|p2a: Toxapex|92/100
|move|p1a: Sundowner|Spikes||[still]
|-fail|p1a: Sundowner
|
|-damage|p2a: Toxapex|80/100|[from] Leech Seed|[of] p1a: Sundowner
|-heal|p1a: Sundowner|100/100 brn|[silent]
|-damage|p1a: Sundowner|94/100 brn|[from] brn
|upkeep
|turn|90
|
|t:|1667883861
|move|p2a: Toxapex|Toxic||[still]
|-fail|p2a: Toxapex
|move|p1a: Sundowner|Leech Seed|p2a: Toxapex|[miss]
|-miss|p1a: Sundowner|p2a: Toxapex
|
|-damage|p2a: Toxapex|68/100|[from] Leech Seed|[of] p1a: Sundowner
|-heal|p1a: Sundowner|100/100 brn|[silent]
|-damage|p1a: Sundowner|94/100 brn|[from] brn
|upkeep
|turn|91
|
|t:|1667883866
|move|p2a: Toxapex|Haze|p2a: Toxapex
|-clearallboost
|move|p1a: Sundowner|Knock Off|p2a: Toxapex
|-damage|p2a: Toxapex|64/100
|
|-damage|p2a: Toxapex|51/100|[from] Leech Seed|[of] p1a: Sundowner
|-heal|p1a: Sundowner|100/100 brn|[silent]
|-damage|p1a: Sundowner|94/100 brn|[from] brn
|upkeep
|turn|92
|
|t:|1667883869
|move|p2a: Toxapex|Haze|p2a: Toxapex
|-clearallboost
|move|p1a: Sundowner|Knock Off|p2a: Toxapex
|-damage|p2a: Toxapex|47/100
|
|-damage|p2a: Toxapex|35/100|[from] Leech Seed|[of] p1a: Sundowner
|-heal|p1a: Sundowner|100/100 brn|[silent]
|-damage|p1a: Sundowner|94/100 brn|[from] brn
|upkeep
|turn|93
|
|t:|1667883871
|move|p2a: Toxapex|Haze|p2a: Toxapex
|-clearallboost
|move|p1a: Sundowner|Knock Off|p2a: Toxapex
|-damage|p2a: Toxapex|31/100
|
|-damage|p2a: Toxapex|18/100|[from] Leech Seed|[of] p1a: Sundowner
|-heal|p1a: Sundowner|100/100 brn|[silent]
|-damage|p1a: Sundowner|94/100 brn|[from] brn
|upkeep
|turn|94
|
|t:|1667883874
|move|p2a: Toxapex|Haze|p2a: Toxapex
|-clearallboost
|move|p1a: Sundowner|Gyro Ball|p2a: Toxapex
|-resisted|p2a: Toxapex
|-damage|p2a: Toxapex|15/100
|
|-damage|p2a: Toxapex|3/100|[from] Leech Seed|[of] p1a: Sundowner
|-heal|p1a: Sundowner|100/100 brn|[silent]
|-damage|p1a: Sundowner|94/100 brn|[from] brn
|upkeep
|turn|95
|
|t:|1667883877
|move|p2a: Toxapex|Recover|p2a: Toxapex
|-heal|p2a: Toxapex|53/100
|move|p1a: Sundowner|Knock Off|p2a: Toxapex
|-damage|p2a: Toxapex|49/100
|
|-damage|p2a: Toxapex|36/100|[from] Leech Seed|[of] p1a: Sundowner
|-heal|p1a: Sundowner|100/100 brn|[silent]
|-damage|p1a: Sundowner|94/100 brn|[from] brn
|upkeep
|turn|96
|
|t:|1667883880
|move|p2a: Toxapex|Recover|p2a: Toxapex
|-heal|p2a: Toxapex|87/100
|move|p1a: Sundowner|Leech Seed||[still]
|-fail|p1a: Sundowner
|
|-damage|p2a: Toxapex|74/100|[from] Leech Seed|[of] p1a: Sundowner
|-heal|p1a: Sundowner|100/100 brn|[silent]
|-damage|p1a: Sundowner|94/100 brn|[from] brn
|upkeep
|turn|97
|-message|Kasumitot forfeited.
|
|win|Spectre Ace
|raw|Spectre Ace's rating: 1744 &rarr; <strong>1761</strong><br />(+17 for winning)
|raw|Kasumitot's rating: 1699 &rarr; <strong>1682</strong><br />(-17 for losing)
|l|☆Kasumitot
|l| Ferchula123
||Ladder isn't responding, score probably updated but might not have (Request timeout).
|l| skalala
