|j|☆Geremo
|j|☆CoconutCrabs
|t:|1656698880
|gametype|singles
|player|p1|Geremo|169|1863
|player|p2|CoconutCrabs|chuck|1890
|teamsize|p1|6
|teamsize|p2|6
|gen|8
|tier|[Gen 8] OU
|rated|
|rule|Sleep Clause Mod: Limit one foe put to sleep
|rule|Species Clause: Limit one of each Pokémon
|rule|OHKO Clause: OHKO moves are banned
|rule|Evasion Moves Clause: Evasion moves are banned
|rule|Endless Battle Clause: Forcing endless battles is banned
|rule|HP Percentage Mod: HP is shown in percentages
|rule|Dynamax Clause: You cannot dynamax
|clearpoke
|poke|p1|Volcarona, M|
|poke|p1|Starmie|
|poke|p1|Blissey, F|
|poke|p1|Seismitoad, F|
|poke|p1|Clefable, M|
|poke|p1|Zapdos|
|poke|p2|Tyranitar, F|
|poke|p2|Excadrill, F|
|poke|p2|Tornadus-Therian, M|
|poke|p2|Toxapex, F|
|poke|p2|Heatran, M|
|poke|p2|Tangrowth, M|
|teampreview
|
|t:|1656698883
|start
|switch|p1a: Seismitoad|Seismitoad, F|100/100
|switch|p2a: Paloma|Tornadus-Therian, M|100/100
|turn|1
|inactive|Battle timer is ON: inactive players will automatically lose when time's up. (requested by CoconutCrabs)
|
|t:|1656698887
|switch|p1a: Clefable|Clefable, M|100/100
|move|p2a: Paloma|Hurricane|p1a: Clefable
|-damage|p1a: Clefable|24/100
|-start|p1a: Clefable|confusion
|
|-heal|p1a: Clefable|30/100|[from] item: Leftovers
|upkeep
|turn|2
|
|t:|1656698891
|switch|p1a: Zapdos|Zapdos|100/100
|-ability|p1a: Zapdos|Pressure
|move|p2a: Paloma|Hurricane|p1a: Zapdos|[miss]
|-miss|p2a: Paloma|p1a: Zapdos
|
|upkeep
|turn|3
|
|t:|1656698896
|switch|p2a: Mole Man|Excadrill, F|100/100
|move|p1a: Zapdos|Discharge|p2a: Mole Man
|-immune|p2a: Mole Man
|
|upkeep
|turn|4
|
|t:|1656698902
|switch|p2a: Boogers|Tyranitar, F|100/100
|-weather|Sandstorm|[from] ability: Sand Stream|[of] p2a: Boogers
|move|p1a: Zapdos|Discharge|p2a: Boogers
|-damage|p2a: Boogers|86/100
|
|-weather|Sandstorm|[upkeep]
|-damage|p1a: Zapdos|94/100|[from] Sandstorm
|-heal|p2a: Boogers|92/100|[from] item: Leftovers
|upkeep
|turn|5
|
|t:|1656698906
|move|p1a: Zapdos|Discharge|p2a: Boogers
|-damage|p2a: Boogers|79/100
|move|p2a: Boogers|Stealth Rock|p1a: Zapdos
|-sidestart|p1: Geremo|move: Stealth Rock
|
|-weather|Sandstorm|[upkeep]
|-damage|p1a: Zapdos|88/100|[from] Sandstorm
|-heal|p2a: Boogers|85/100|[from] item: Leftovers
|upkeep
|turn|6
|
|t:|1656698912
|switch|p1a: Seismitoad|Seismitoad, F|100/100
|-damage|p1a: Seismitoad|94/100|[from] Stealth Rock
|move|p2a: Boogers|Rock Blast|p1a: Seismitoad
|-resisted|p1a: Seismitoad
|-damage|p1a: Seismitoad|90/100
|-resisted|p1a: Seismitoad
|-damage|p1a: Seismitoad|85/100
|-resisted|p1a: Seismitoad
|-damage|p1a: Seismitoad|80/100
|-hitcount|p1a: Seismitoad|3
|
|-weather|Sandstorm|[upkeep]
|-heal|p1a: Seismitoad|86/100|[from] item: Leftovers
|-heal|p2a: Boogers|91/100|[from] item: Leftovers
|upkeep
|turn|7
|
|t:|1656698919
|switch|p2a: Paloma|Tornadus-Therian, M|100/100
|move|p1a: Seismitoad|Stealth Rock|p2a: Paloma
|-sidestart|p2: CoconutCrabs|move: Stealth Rock
|
|-weather|Sandstorm|[upkeep]
|-damage|p2a: Paloma|94/100|[from] Sandstorm
|-heal|p1a: Seismitoad|93/100|[from] item: Leftovers
|upkeep
|turn|8
|
|t:|1656698924
|switch|p1a: Zapdos|Zapdos|88/100
|-ability|p1a: Zapdos|Pressure
|move|p2a: Paloma|Hurricane|p1a: Zapdos
|-resisted|p1a: Zapdos
|-damage|p1a: Zapdos|52/100
|
|-weather|none
|upkeep
|turn|9
|
|t:|1656698934
|switch|p2a: Boogers|Tyranitar, F|91/100
|-damage|p2a: Boogers|79/100|[from] Stealth Rock
|-weather|Sandstorm|[from] ability: Sand Stream|[of] p2a: Boogers
|move|p1a: Zapdos|Roost|p1a: Zapdos
|-heal|p1a: Zapdos|100/100
|-singleturn|p1a: Zapdos|move: Roost
|
|-weather|Sandstorm|[upkeep]
|-damage|p1a: Zapdos|94/100|[from] Sandstorm
|-heal|p2a: Boogers|85/100|[from] item: Leftovers
|upkeep
|turn|10
|
|t:|1656698938
|switch|p2a: Pretty|Tangrowth, M|100/100
|-damage|p2a: Pretty|88/100|[from] Stealth Rock
|move|p1a: Zapdos|Toxic|p2a: Pretty
|-status|p2a: Pretty|tox
|
|-weather|Sandstorm|[upkeep]
|-damage|p1a: Zapdos|88/100|[from] Sandstorm
|-damage|p2a: Pretty|82/100 tox|[from] Sandstorm
|-damage|p2a: Pretty|76/100 tox|[from] psn
|upkeep
|turn|11
|
|t:|1656698956
|switch|p1a: Blissey|Blissey, F|100/100
|switch|p2a: Mole Man|Excadrill, F|100/100
|-damage|p2a: Mole Man|97/100|[from] Stealth Rock
|
|-weather|Sandstorm|[upkeep]
|-damage|p1a: Blissey|94/100|[from] Sandstorm
|-heal|p2a: Mole Man|100/100|[from] item: Leftovers
|upkeep
|turn|12
|
|t:|1656698959
|switch|p1a: Volcarona|Volcarona, M|100/100
|move|p2a: Mole Man|Rapid Spin|p1a: Volcarona
|-damage|p1a: Volcarona|82/100
|-boost|p2a: Mole Man|spe|1
|-status|p2a: Mole Man|brn|[from] ability: Flame Body|[of] p1a: Volcarona
|-sideend|p2: CoconutCrabs|Stealth Rock|[from] move: Rapid Spin|[of] p2a: Mole Man
|
|-weather|Sandstorm|[upkeep]
|-damage|p1a: Volcarona|76/100|[from] Sandstorm
|-damage|p2a: Mole Man|94/100 brn|[from] brn
|upkeep
|turn|13
|
|t:|1656698966
|switch|p1a: Seismitoad|Seismitoad, F|93/100
|-damage|p1a: Seismitoad|86/100|[from] Stealth Rock
|move|p2a: Mole Man|Swords Dance|p2a: Mole Man
|-boost|p2a: Mole Man|atk|2
|
|-weather|none
|-heal|p2a: Mole Man|100/100 brn|[from] item: Leftovers
|-heal|p1a: Seismitoad|93/100|[from] item: Leftovers
|-damage|p2a: Mole Man|94/100 brn|[from] brn
|upkeep
|turn|14
|
|t:|1656698968
|move|p2a: Mole Man|Earthquake|p1a: Seismitoad
|-crit|p1a: Seismitoad
|-damage|p1a: Seismitoad|20/100
|move|p1a: Seismitoad|Earthquake|p2a: Mole Man
|-supereffective|p2a: Mole Man
|-damage|p2a: Mole Man|8/100 brn
|
|-heal|p2a: Mole Man|14/100 brn|[from] item: Leftovers
|-heal|p1a: Seismitoad|27/100|[from] item: Leftovers
|-damage|p2a: Mole Man|8/100 brn|[from] brn
|upkeep
|turn|15
|
|t:|1656698982
|switch|p2a: Boogers|Tyranitar, F|85/100
|-weather|Sandstorm|[from] ability: Sand Stream|[of] p2a: Boogers
|switch|p1a: Zapdos|Zapdos|88/100
|-ability|p1a: Zapdos|Pressure
|
|-weather|Sandstorm|[upkeep]
|-damage|p1a: Zapdos|82/100|[from] Sandstorm
|-heal|p2a: Boogers|91/100|[from] item: Leftovers
|upkeep
|turn|16
|
|t:|1656698996
|move|p1a: Zapdos|Toxic|p2a: Boogers
|-status|p2a: Boogers|tox
|move|p2a: Boogers|Rock Blast|p1a: Zapdos
|-supereffective|p1a: Zapdos
|-crit|p1a: Zapdos
|-damage|p1a: Zapdos|57/100
|-supereffective|p1a: Zapdos
|-damage|p1a: Zapdos|41/100
|-supereffective|p1a: Zapdos
|-damage|p1a: Zapdos|25/100
|-supereffective|p1a: Zapdos
|-crit|p1a: Zapdos
|-damage|p1a: Zapdos|2/100
|-supereffective|p1a: Zapdos
|-damage|p1a: Zapdos|0 fnt
|faint|p1a: Zapdos
|-hitcount|p1: Zapdos|5
|
|-weather|Sandstorm|[upkeep]
|-heal|p2a: Boogers|97/100 tox|[from] item: Leftovers
|-damage|p2a: Boogers|91/100 tox|[from] psn
|upkeep
|inactive|Geremo has 120 seconds left.
|
|t:|1656699056
|switch|p1a: Clefable|Clefable, M|30/100
|-damage|p1a: Clefable|18/100|[from] Stealth Rock
|turn|17
|
|t:|1656699059
|move|p2a: Boogers|Rock Blast|p1a: Clefable
|-damage|p1a: Clefable|9/100
|-damage|p1a: Clefable|0 fnt
|faint|p1a: Clefable
|-hitcount|p1: Clefable|2
|
|-weather|Sandstorm|[upkeep]
|-heal|p2a: Boogers|97/100 tox|[from] item: Leftovers
|-damage|p2a: Boogers|85/100 tox|[from] psn
|upkeep
|
|t:|1656699064
|switch|p1a: Starmie|Starmie|100/100
|-damage|p1a: Starmie|88/100|[from] Stealth Rock
|turn|18
|
|t:|1656699070
|switch|p2a: Paloma|Tornadus-Therian, M|100/100
|move|p1a: Starmie|Rapid Spin|p2a: Paloma
|-damage|p2a: Paloma|90/100
|-boost|p1a: Starmie|spe|1
|-sideend|p1: Geremo|Stealth Rock|[from] move: Rapid Spin|[of] p1a: Starmie
|
|-weather|Sandstorm|[upkeep]
|-damage|p1a: Starmie|82/100|[from] Sandstorm
|-damage|p2a: Paloma|84/100|[from] Sandstorm
|upkeep
|turn|19
|
|t:|1656699077
|switch|p1a: Blissey|Blissey, F|94/100
|switch|p2a: Baby|Toxapex, F|100/100
|
|-weather|none
|upkeep
|turn|20
|
|t:|1656699085
|switch|p1a: Starmie|Starmie|82/100
|move|p2a: Baby|Knock Off|p1a: Starmie
|-supereffective|p1a: Starmie
|-damage|p1a: Starmie|42/100
|-enditem|p1a: Starmie|Weakness Policy
|-boost|p1a: Starmie|atk|2|[from] item: Weakness Policy
|-boost|p1a: Starmie|spa|2|[from] item: Weakness Policy
|
|upkeep
|turn|21
|
|t:|1656699091
|switch|p2a: Mole Man|Excadrill, F|8/100 brn
|move|p1a: Starmie|Psyshock|p2a: Mole Man
|-resisted|p2a: Mole Man
|-damage|p2a: Mole Man|0 fnt
|faint|p2a: Mole Man
|
|upkeep
|
|t:|1656699094
|switch|p2a: Paloma|Tornadus-Therian, M|100/100
|turn|22
|
|t:|1656699096
|move|p2a: Paloma|Hurricane|p1a: Starmie
|-damage|p1a: Starmie|0 fnt
|faint|p1a: Starmie
|
|upkeep
|
|t:|1656699099
|switch|p1a: Volcarona|Volcarona, M|76/100
|turn|23
|
|t:|1656699100
|move|p2a: Paloma|Hurricane|p1a: Volcarona|[miss]
|-miss|p2a: Paloma|p1a: Volcarona
|move|p1a: Volcarona|Quiver Dance|p1a: Volcarona
|-boost|p1a: Volcarona|spa|1
|-boost|p1a: Volcarona|spd|1
|-boost|p1a: Volcarona|spe|1
|
|upkeep
|turn|24
|
|t:|1656699102
|move|p1a: Volcarona|Quiver Dance|p1a: Volcarona
|-boost|p1a: Volcarona|spa|1
|-boost|p1a: Volcarona|spd|1
|-boost|p1a: Volcarona|spe|1
|move|p2a: Paloma|Hurricane|p1a: Volcarona|[miss]
|-miss|p2a: Paloma|p1a: Volcarona
|
|upkeep
|turn|25
|
|t:|1656699107
|move|p1a: Volcarona|Quiver Dance|p1a: Volcarona
|-boost|p1a: Volcarona|spa|1
|-boost|p1a: Volcarona|spd|1
|-boost|p1a: Volcarona|spe|1
|move|p2a: Paloma|Hurricane|p1a: Volcarona
|-supereffective|p1a: Volcarona
|-damage|p1a: Volcarona|21/100
|
|upkeep
|turn|26
|
|t:|1656699109
|move|p1a: Volcarona|Roost|p1a: Volcarona
|-heal|p1a: Volcarona|71/100
|-singleturn|p1a: Volcarona|move: Roost
|move|p2a: Paloma|Hurricane|p1a: Volcarona
|-supereffective|p1a: Volcarona
|-damage|p1a: Volcarona|16/100
|
|upkeep
|turn|27
|
|t:|1656699115
|move|p1a: Volcarona|Roost|p1a: Volcarona
|-heal|p1a: Volcarona|66/100
|-singleturn|p1a: Volcarona|move: Roost
|move|p2a: Paloma|Hurricane|p1a: Volcarona|[miss]
|-miss|p2a: Paloma|p1a: Volcarona
|
|upkeep
|turn|28
|
|t:|1656699118
|move|p1a: Volcarona|Roost|p1a: Volcarona
|-heal|p1a: Volcarona|100/100
|-singleturn|p1a: Volcarona|move: Roost
|move|p2a: Paloma|Hurricane|p1a: Volcarona
|-supereffective|p1a: Volcarona
|-damage|p1a: Volcarona|44/100
|
|upkeep
|turn|29
|
|t:|1656699120
|move|p1a: Volcarona|Roost|p1a: Volcarona
|-heal|p1a: Volcarona|94/100
|-singleturn|p1a: Volcarona|move: Roost
|move|p2a: Paloma|Hurricane|p1a: Volcarona
|-supereffective|p1a: Volcarona
|-damage|p1a: Volcarona|41/100
|
|upkeep
|turn|30
|
|t:|1656699121
|move|p1a: Volcarona|Roost|p1a: Volcarona
|-heal|p1a: Volcarona|91/100
|-singleturn|p1a: Volcarona|move: Roost
|move|p2a: Paloma|Hurricane|p1a: Volcarona
|-supereffective|p1a: Volcarona
|-damage|p1a: Volcarona|31/100
|
|upkeep
|turn|31
|j| RealMadridOfficial
|
|t:|1656699124
|move|p1a: Volcarona|Roost|p1a: Volcarona
|-heal|p1a: Volcarona|81/100
|-singleturn|p1a: Volcarona|move: Roost
|move|p2a: Paloma|Hurricane|p1a: Volcarona
|-supereffective|p1a: Volcarona
|-damage|p1a: Volcarona|26/100
|-start|p1a: Volcarona|confusion
|
|upkeep
|turn|32
|
|t:|1656699127
|switch|p2a: Boogers|Tyranitar, F|85/100 tox
|-weather|Sandstorm|[from] ability: Sand Stream|[of] p2a: Boogers
|-activate|p1a: Volcarona|confusion
|-damage|p1a: Volcarona|21/100|[from] confusion
|
|-weather|Sandstorm|[upkeep]
|-damage|p1a: Volcarona|15/100|[from] Sandstorm
|-heal|p2a: Boogers|91/100 tox|[from] item: Leftovers
|-damage|p2a: Boogers|85/100 tox|[from] psn
|upkeep
|turn|33
|
|t:|1656699129
|-activate|p1a: Volcarona|confusion
|-damage|p1a: Volcarona|11/100|[from] confusion
|move|p2a: Boogers|Rock Blast|p1a: Volcarona
|-supereffective|p1a: Volcarona
|-damage|p1a: Volcarona|0 fnt
|faint|p1a: Volcarona
|-hitcount|p1: Volcarona|1
|
|-weather|Sandstorm|[upkeep]
|-heal|p2a: Boogers|91/100 tox|[from] item: Leftovers
|-damage|p2a: Boogers|79/100 tox|[from] psn
|upkeep
|-message|Geremo forfeited.
|
|win|CoconutCrabs
|raw|Geremo's rating: 1863 &rarr; <strong>1845</strong><br />(-18 for losing)
|raw|CoconutCrabs's rating: 1890 &rarr; <strong>1908</strong><br />(+18 for winning)
|l|☆CoconutCrabs
|l|☆Geremo
