|j|☆Pok et glace
|j|☆SCALD
|inactive|Battle timer is ON: inactive players will automatically lose when time's up.
|t:|1662748414
|gametype|singles
|player|p1|Pok et glace|cynthia-masters|
|player|p2|SCALD|touristf|
|teamsize|p1|6
|teamsize|p2|6
|gen|8
|tier|[Gen 8] OU
|rated|Tournament battle
|rule|Sleep Clause Mod: Limit one foe put to sleep
|rule|Species Clause: Limit one of each Pokémon
|rule|OHKO Clause: OHKO moves are banned
|rule|Evasion Items Clause: Evasion items are banned
|rule|Evasion Moves Clause: Evasion moves are banned
|rule|Endless Battle Clause: Forcing endless battles is banned
|rule|HP Percentage Mod: HP is shown in percentages
|rule|Dynamax Clause: You cannot dynamax
|clearpoke
|poke|p1|Mew|
|poke|p1|Crawdaunt, M|
|poke|p1|Celesteela|
|poke|p1|Garchomp, M|
|poke|p1|Weavile, M|
|poke|p1|Blacephalon|
|poke|p2|Hydreigon, F|
|poke|p2|Corviknight, M|
|poke|p2|Toxapex, F|
|poke|p2|Landorus-Therian, M|
|poke|p2|Tapu Koko|
|poke|p2|Slowking-Galar, F|
|teampreview
|j|*Lady Monita
|inactive|SCALD has 120 seconds left.
|
|t:|1662748465
|start
|switch|p1a: Sperm thing|Mew|100/100
|switch|p2a: Landorus|Landorus-Therian, M|100/100
|-ability|p2a: Landorus|Intimidate|boost
|-unboost|p1a: Sperm thing|atk|1
|turn|1
|
|t:|1662748479
|move|p1a: Sperm thing|Stealth Rock|p2a: Landorus
|-sidestart|p2: SCALD|move: Stealth Rock
|move|p2a: Landorus|U-turn|p1a: Sperm thing
|-supereffective|p1a: Sperm thing
|-damage|p1a: Sperm thing|66/100
|
|t:|1662748488
|switch|p2a: Tapu Koko|Tapu Koko|100/100|[from]move: U-turn
|-fieldstart|move: Electric Terrain|[from] ability: Electric Surge|[of] p2a: Tapu Koko
|
|upkeep
|turn|2
|
|t:|1662748491
|move|p2a: Tapu Koko|Dazzling Gleam|p1a: Sperm thing
|-crit|p1a: Sperm thing
|-damage|p1a: Sperm thing|25/100
|move|p1a: Sperm thing|Spikes|p2a: Tapu Koko
|-sidestart|p2: SCALD|Spikes
|
|upkeep
|turn|3
|
|t:|1662748497
|move|p2a: Tapu Koko|Dazzling Gleam|p1a: Sperm thing
|-damage|p1a: Sperm thing|0 fnt
|faint|p1a: Sperm thing
|
|upkeep
|
|t:|1662748504
|switch|p1a: Garchomp|Garchomp, M|100/100
|turn|4
|inactive|SCALD has 120 seconds left.
|
|t:|1662748556
|move|p2a: Tapu Koko|Dazzling Gleam|p1a: Garchomp
|-supereffective|p1a: Garchomp
|-damage|p1a: Garchomp|28/100
|move|p1a: Garchomp|Swords Dance|p1a: Garchomp
|-boost|p1a: Garchomp|atk|2
|
|upkeep
|turn|5
|
|t:|1662748561
|switch|p1a: Blacephalon|Blacephalon|100/100
|move|p2a: Tapu Koko|Dazzling Gleam|p1a: Blacephalon
|-resisted|p1a: Blacephalon
|-damage|p1a: Blacephalon|73/100
|
|-fieldend|move: Electric Terrain
|upkeep
|turn|6
|inactive|SCALD has 90 seconds left.
|c|☆Pok et glace|considering your fucking tapu koko matchup, why xould you EVER sacrifice it like this
|c|☆Pok et glace|????
|c|☆SCALD|bc sd was obvi
|c|☆SCALD|relax bud
|c|☆SCALD|if u sd into scale shot
|c|☆SCALD|i insta lose
|inactive|SCALD has 60 seconds left.
|c|☆SCALD|use ur head before u start bitching
|c|☆Pok et glace|you have corviknight + lando no you dont
|
|t:|1662748632
|switch|p2a: Hydreigon|Hydreigon, F|100/100
|-damage|p2a: Hydreigon|88/100|[from] Stealth Rock
|move|p1a: Blacephalon|Flamethrower|p2a: Hydreigon
|-resisted|p2a: Hydreigon
|-damage|p2a: Hydreigon|57/100
|
|upkeep
|turn|7
|c|☆SCALD|spd lando
|c|☆SCALD|and its fire fang
|c|☆SCALD|take a chill pill man
|
|t:|1662748652
|switch|p1a: Bod|Celesteela|100/100
|move|p2a: Hydreigon|Roost|p2a: Hydreigon
|-heal|p2a: Hydreigon|100/100
|-singleturn|p2a: Hydreigon|move: Roost
|
|upkeep
|turn|8
|c|☆Pok et glace|i'm aqua tail actually
|c|☆SCALD|okay well
|c|☆SCALD|does that change things
|c|☆Pok et glace|and it's not because you're a spdef lando that you lose to garchomp
|
|t:|1662748675
|move|p2a: Hydreigon|Dark Pulse|p1a: Bod
|-damage|p1a: Bod|45/100
|-damage|p2a: Hydreigon|91/100|[from] item: Life Orb
|cant|p1a: Bod|flinch
|
|upkeep
|turn|9
|
|t:|1662748680
|move|p2a: Hydreigon|Dark Pulse|p1a: Bod
|-damage|p1a: Bod|0 fnt
|faint|p1a: Bod
|-damage|p2a: Hydreigon|81/100|[from] item: Life Orb
|
|upkeep
|
|t:|1662748687
|switch|p1a: Garchomp|Garchomp, M|28/100
|turn|10
|c|☆SCALD|do u need a therapist
|c|☆SCALD|?
|
|t:|1662748701
|switch|p1a: Blacephalon|Blacephalon|73/100
|switch|p2a: Landorus|Landorus-Therian, M|100/100
|-damage|p2a: Landorus|88/100|[from] Stealth Rock
|-ability|p2a: Landorus|Intimidate|boost
|-unboost|p1a: Blacephalon|atk|1
|
|-heal|p2a: Landorus|94/100|[from] item: Leftovers
|upkeep
|turn|11
|
|t:|1662748718
|move|p1a: Blacephalon|Flamethrower|p2a: Landorus
|-damage|p2a: Landorus|50/100
|move|p2a: Landorus|Stealth Rock|p1a: Blacephalon
|-sidestart|p1: Pok et glace|move: Stealth Rock
|
|-heal|p2a: Landorus|56/100|[from] item: Leftovers
|upkeep
|turn|12
|c|☆Pok et glace|that's the least spdef spdef lando i have every seen
|
|t:|1662748732
|switch|p1a: Garchomp|Garchomp, M|28/100
|-damage|p1a: Garchomp|22/100|[from] Stealth Rock
|move|p2a: Landorus|Earthquake|p1a: Garchomp
|-damage|p1a: Garchomp|0 fnt
|faint|p1a: Garchomp
|
|-heal|p2a: Landorus|62/100|[from] item: Leftovers
|upkeep
|
|t:|1662748735
|switch|p1a: Jaw|Crawdaunt, M|100/100
|-damage|p1a: Jaw|88/100|[from] Stealth Rock
|turn|13
|
|t:|1662748741
|move|p1a: Jaw|Aqua Jet|p2a: Landorus
|-supereffective|p2a: Landorus
|-damage|p2a: Landorus|0 fnt
|faint|p2a: Landorus
|-damage|p1a: Jaw|78/100|[from] item: Life Orb
|
|upkeep
|
|t:|1662748747
|switch|p2a: Tapu Koko|Tapu Koko|100/100
|-fieldstart|move: Electric Terrain|[from] ability: Electric Surge|[of] p2a: Tapu Koko
|turn|14
|
|t:|1662748750
|move|p1a: Jaw|Aqua Jet|p2a: Tapu Koko
|-damage|p2a: Tapu Koko|49/100
|-damage|p1a: Jaw|69/100|[from] item: Life Orb
|move|p2a: Tapu Koko|Dazzling Gleam|p1a: Jaw
|-supereffective|p1a: Jaw
|-damage|p1a: Jaw|0 fnt
|faint|p1a: Jaw
|
|upkeep
|
|t:|1662748753
|switch|p1a: Blacephalon|Blacephalon|73/100
|-damage|p1a: Blacephalon|48/100|[from] Stealth Rock
|turn|15
|
|t:|1662748763
|switch|p2a: Slowking|Slowking-Galar, F|100/100
|-damage|p2a: Slowking|88/100|[from] Stealth Rock
|-damage|p2a: Slowking|76/100|[from] Spikes
|move|p1a: Blacephalon|Shadow Ball|p2a: Slowking
|-supereffective|p2a: Slowking
|-damage|p2a: Slowking|4/100
|
|upkeep
|turn|16
|
|t:|1662748767
|move|p1a: Blacephalon|Shadow Ball|p2a: Slowking
|-supereffective|p2a: Slowking
|-damage|p2a: Slowking|0 fnt
|faint|p2a: Slowking
|-ability|p1a: Blacephalon|Beast Boost|boost
|-boost|p1a: Blacephalon|spa|1
|
|upkeep
|inactive|SCALD has 90 seconds left.
|
|t:|1662748778
|switch|p2a: Toxapex|Toxapex, F|100/100
|-damage|p2a: Toxapex|88/100|[from] Stealth Rock
|-damage|p2a: Toxapex|76/100|[from] Spikes
|turn|17
|
|t:|1662748781
|move|p1a: Blacephalon|Shadow Ball|p2a: Toxapex
|-damage|p2a: Toxapex|29/100
|-unboost|p2a: Toxapex|spd|1
|move|p2a: Toxapex|Scald|p1a: Blacephalon
|-supereffective|p1a: Blacephalon
|-damage|p1a: Blacephalon|0 fnt
|faint|p1a: Blacephalon
|
|upkeep
|
|t:|1662748786
|switch|p1a: Hair|Weavile, M|100/100
|-damage|p1a: Hair|76/100|[from] Stealth Rock
|turn|18
|
|t:|1662748790
|move|p1a: Hair|Swords Dance|p1a: Hair
|-boost|p1a: Hair|atk|2
|move|p2a: Toxapex|Haze|p2a: Toxapex
|-clearallboost
|
|-fieldend|move: Electric Terrain
|upkeep
|turn|19
|
|t:|1662748795
|move|p1a: Hair|Swords Dance|p1a: Hair
|-boost|p1a: Hair|atk|2
|move|p2a: Toxapex|Haze|p2a: Toxapex
|-clearallboost
|
|upkeep
|turn|20
|
|t:|1662748798
|move|p1a: Hair|Swords Dance|p1a: Hair
|-boost|p1a: Hair|atk|2
|move|p2a: Toxapex|Haze|p2a: Toxapex
|-clearallboost
|
|upkeep
|turn|21
|
|t:|1662748802
|move|p1a: Hair|Swords Dance|p1a: Hair
|-boost|p1a: Hair|atk|2
|move|p2a: Toxapex|Haze|p2a: Toxapex
|-clearallboost
|
|upkeep
|turn|22
|c|☆SCALD|!code
|c|☆SCALD|/raw <div class="infobox"><details class="readmore code" style="white-space: pre-wrap; display: table; tab-size: 3"><summary>Landorus-Therian (M) @ Leftovers  <br />Ability: Intimidate  <br />EVs: 248 HP &#x2f; 148 SpD &#x2f; 112 Spe  </summary>Jolly Nature  <br />- Stealth Rock  <br />- Earthquake  <br />- U-turn  <br />- Toxic</details></div>
|
|t:|1662748831
|move|p1a: Hair|Swords Dance|p1a: Hair
|-boost|p1a: Hair|atk|2
|move|p2a: Toxapex|Haze|p2a: Toxapex
|-clearallboost
|
|upkeep
|turn|23
|c|☆Pok et glace|not a spdef lando
|c|☆Pok et glace|lol
|inactive|Pok et glace has 120 seconds left.
|
|t:|1662748847
|move|p1a: Hair|Swords Dance|p1a: Hair
|-boost|p1a: Hair|atk|2
|move|p2a: Toxapex|Haze|p2a: Toxapex
|-clearallboost
|
|upkeep
|turn|24
|c|☆SCALD|ur right
|c|☆SCALD|just 1/3 of its evs
|c|☆SCALD|in spd
|inactive|Pok et glace has 120 seconds left.
|c|☆SCALD|like its okay to lose man
|c|☆SCALD|you dont have to react so angrily
|c|☆Pok et glace|that's actually useless investment
|c|☆SCALD|yeah u seem great at OU
|c|☆SCALD|give me some spreads
|inactive|Pok et glace has 90 seconds left.
|c|☆Pok et glace|A spdef lando is supposed to switch in a few times against dragapult
|inactive|Pok et glace has 60 seconds left.
|c|☆SCALD|this team has a mixed def pex as well as corv
|c|☆SCALD|all can be pivots
|c|☆SCALD|!code
|c|☆SCALD|/raw <div class="infobox"><details class="readmore code" style="white-space: pre-wrap; display: table; tab-size: 3"><summary>Toxapex @ Shed Shell  <br />Ability: Regenerator  <br />EVs: 248 HP &#x2f; 60 Def &#x2f; 200 SpD  </summary>Sassy Nature  <br />- Knock Off  <br />- Scald  <br />- Recover  <br />- Haze</details></div>
|inactive|Pok et glace has 30 seconds left.
|c|☆SCALD|also
|inactive|Pok et glace has 20 seconds left.
|c|☆SCALD|didnt make the team so
|inactive|Pok et glace has 15 seconds left.
|inactive|Pok et glace has 10 seconds left.
|c|☆Pok et glace|252 SpA Choice Specs Dragapult Shadow Ball vs. 252 HP / 148 SpD Landorus-Therian: 166-196 (43.4 - 51.3%) -- 62.9% chance to 2HKO after Stealth Rock and Leftovers recovery  LIKE WHAT IS THIS?
|
|t:|1662748970
|move|p1a: Hair|Swords Dance|p1a: Hair
|-boost|p1a: Hair|atk|2
|move|p2a: Toxapex|Haze|p2a: Toxapex
|-clearallboost
|
|upkeep
|turn|25
|inactive|Pok et glace has 20 seconds left this turn.
|c|☆SCALD|i also have a duh duh
|c|☆SCALD|ghost resist!
|
|t:|1662748992
|move|p1a: Hair|Swords Dance|p1a: Hair
|-boost|p1a: Hair|atk|2
|move|p2a: Toxapex|Haze|p2a: Toxapex
|-clearallboost
|
|upkeep
|turn|26
|inactive|Pok et glace has 30 seconds left this turn.
|
|t:|1662748998
|move|p1a: Hair|Swords Dance|p1a: Hair
|-boost|p1a: Hair|atk|2
|move|p2a: Toxapex|Haze|p2a: Toxapex
|-clearallboost
|
|upkeep
|turn|27
|inactive|Pok et glace has 30 seconds left.
|c|☆Pok et glace|nah you still lose to pult
|
|t:|1662749008
|move|p1a: Hair|Swords Dance|p1a: Hair
|-boost|p1a: Hair|atk|2
|move|p2a: Toxapex|Haze|p2a: Toxapex
|-clearallboost
|
|upkeep
|turn|28
|c|☆SCALD|alr lil bro
|c|☆SCALD|good thing u didnt have pult
|c|☆SCALD|right?
|
|t:|1662749018
|move|p1a: Hair|Knock Off|p2a: Toxapex
|-damage|p2a: Toxapex|0 fnt
|-enditem|p2a: Toxapex|Shed Shell|[from] move: Knock Off|[of] p1a: Hair
|faint|p2a: Toxapex
|-damage|p1a: Hair|66/100|[from] item: Life Orb
|
|upkeep
|
|t:|1662749022
|switch|p2a: Corviknight|Corviknight, M|100/100
|-damage|p2a: Corviknight|88/100|[from] Stealth Rock
|-ability|p2a: Corviknight|Pressure
|turn|29
|
|t:|1662749025
|move|p1a: Hair|Triple Axel|p2a: Corviknight
|-damage|p2a: Corviknight|79/100
|-damage|p2a: Corviknight|62/100
|-hitcount|p2a: Corviknight|2
|-damage|p1a: Hair|56/100|[from] item: Life Orb
|move|p2a: Corviknight|Body Press|p1a: Hair
|-supereffective|p1a: Hair
|-damage|p1a: Hair|0 fnt
|faint|p1a: Hair
|
|win|SCALD
|n|☆Pok et glace|poketglace
|n|☆SCALD|scald
|n|*Lady Monita|ladymonita
|l|*Lady Monita
|c|☆SCALD|GG
|c|☆Pok et glace|gg
|c|☆Pok et glace|as in get good lol
|l|☆Pok et glace
