|j|☆ThisFireBurns
|j|☆4funaccount
|player|p1|ThisFireBurns|1|1819
|player|p2|4funaccount|volkner|1754
|teamsize|p1|6
|teamsize|p2|6
|gametype|singles
|gen|8
|tier|[Gen 8] OU
|rated|
|clearpoke
|poke|p1|Dracovish|
|poke|p1|Clefable, M|
|poke|p1|Galvantula, M|
|poke|p1|Bisharp, F|
|poke|p1|Zeraora|
|poke|p1|Aegislash, M|
|poke|p2|Excadrill, M|
|poke|p2|Hippowdon, M|
|poke|p2|Reuniclus, F|
|poke|p2|Ferrothorn, F|
|poke|p2|Clefable, F|
|poke|p2|Hydreigon, F|
|rule|Sleep Clause Mod: Limit one foe put to sleep
|rule|Species Clause: Limit one of each Pokémon
|rule|OHKO Clause: OHKO moves are banned
|rule|Evasion Moves Clause: Evasion moves are banned
|rule|Endless Battle Clause: Forcing endless battles is banned
|rule|HP Percentage Mod: HP is shown in percentages
|rule|Dynamax Clause: You cannot dynamax
|teampreview
|j| ladderlame
|j| jeejee
|inactive|Battle timer is ON: inactive players will automatically lose when time's up. (requested by 4funaccount)
|j| myjava
|inactive|ThisFireBurns has 120 seconds left.
|inactive|ThisFireBurns has 90 seconds left.
|
|start
|switch|p1a: Galvantula|Galvantula, M|100/100
|switch|p2a: Excadrill|Excadrill, M|100/100
|turn|1
|
|switch|p1a: Aegislash|Aegislash, M|100/100
|-item|p1a: Aegislash|Air Balloon
|move|p2a: Excadrill|Rapid Spin|p1a: Aegislash
|-immune|p1a: Aegislash
|
|upkeep
|turn|2
|j| MadKingAlter
|
|switch|p2a: Hippowdon|Hippowdon, M|100/100
|-weather|Sandstorm|[from] ability: Sand Stream|[of] p2a: Hippowdon
|-formechange|p1a: Aegislash|Aegislash-Blade||[from] ability: Stance Change
|move|p1a: Aegislash|Close Combat|p2a: Hippowdon
|-damage|p2a: Hippowdon|75/100
|-unboost|p1a: Aegislash|def|1
|-unboost|p1a: Aegislash|spd|1
|
|-weather|Sandstorm|[upkeep]
|-heal|p2a: Hippowdon|81/100|[from] item: Leftovers
|upkeep
|turn|3
|
|move|p1a: Aegislash|Iron Head|p2a: Hippowdon
|-damage|p2a: Hippowdon|53/100
|move|p2a: Hippowdon|Stealth Rock|p1a: Aegislash
|-sidestart|p1: ThisFireBurns|move: Stealth Rock
|
|-weather|Sandstorm|[upkeep]
|-heal|p2a: Hippowdon|59/100|[from] item: Leftovers
|upkeep
|turn|4
|
|move|p1a: Aegislash|Swords Dance|p1a: Aegislash
|-boost|p1a: Aegislash|atk|2
|move|p2a: Hippowdon|Slack Off|p2a: Hippowdon
|-heal|p2a: Hippowdon|100/100
|
|-weather|Sandstorm|[upkeep]
|upkeep
|turn|5
|l| MadKingAlter
|
|move|p1a: Aegislash|Iron Head|p2a: Hippowdon
|-damage|p2a: Hippowdon|46/100
|move|p2a: Hippowdon|Whirlwind|p1a: Aegislash
|drag|p1a: Zeraora|Zeraora|100/100
|-damage|p1a: Zeraora|88/100|[from] Stealth Rock
|
|-weather|Sandstorm|[upkeep]
|-damage|p1a: Zeraora|82/100|[from] Sandstorm
|-heal|p1a: Zeraora|88/100|[from] item: Leftovers
|-heal|p2a: Hippowdon|52/100|[from] item: Leftovers
|upkeep
|turn|6
|
|switch|p1a: Clefable|Clefable, M|100/100
|switch|p2a: Ferrothorn|Ferrothorn, F|100/100
|
|-weather|none
|upkeep
|turn|7
|
|switch|p2a: Reuniclus|Reuniclus, F|100/100
|move|p1a: Clefable|Fire Blast|p2a: Reuniclus
|-damage|p2a: Reuniclus|82/100
|-status|p2a: Reuniclus|brn
|
|-damage|p2a: Reuniclus|76/100 brn|[from] brn
|upkeep
|turn|8
|
|move|p1a: Clefable|Stealth Rock|p2a: Reuniclus
|-sidestart|p2: 4funaccount|move: Stealth Rock
|move|p2a: Reuniclus|Knock Off|p1a: Clefable
|-resisted|p1a: Clefable
|-damage|p1a: Clefable|96/100
|-enditem|p1a: Clefable|Life Orb|[from] move: Knock Off|[of] p2a: Reuniclus
|
|-damage|p2a: Reuniclus|70/100 brn|[from] brn
|upkeep
|turn|9
|
|move|p1a: Clefable|Moonblast|p2a: Reuniclus
|-damage|p2a: Reuniclus|50/100 brn
|move|p2a: Reuniclus|Future Sight|p1a: Clefable
|-start|p2a: Reuniclus|move: Future Sight
|
|-damage|p2a: Reuniclus|44/100 brn|[from] brn
|upkeep
|turn|10
|
|switch|p1a: Bisharp|Bisharp, F|100/100
|-damage|p1a: Bisharp|95/100|[from] Stealth Rock
|switch|p2a: Excadrill|Excadrill, M|100/100
|-damage|p2a: Excadrill|97/100|[from] Stealth Rock
|
|-heal|p2a: Excadrill|100/100|[from] item: Leftovers
|upkeep
|turn|11
|j| milohatin
|
|move|p1a: Bisharp|Sucker Punch|p2a: Excadrill
|-damage|p2a: Excadrill|45/100
|move|p2a: Excadrill|Iron Head|p1a: Bisharp
|-resisted|p1a: Bisharp
|-damage|p1a: Bisharp|68/100
|
|-end|p1a: Bisharp|move: Future Sight
|-immune|p1a: Bisharp
|-heal|p2a: Excadrill|51/100|[from] item: Leftovers
|upkeep
|turn|12
|
|switch|p2a: Hydreigon|Hydreigon, F|100/100
|-damage|p2a: Hydreigon|88/100|[from] Stealth Rock
|move|p1a: Bisharp|Sucker Punch||[still]
|-fail|p1a: Bisharp
|
|upkeep
|turn|13
|
|move|p2a: Hydreigon|Flamethrower|p1a: Bisharp
|-supereffective|p1a: Bisharp
|-damage|p1a: Bisharp|0 fnt
|-damage|p2a: Hydreigon|78/100|[from] item: Life Orb
|faint|p1a: Bisharp
|
|upkeep
|
|switch|p1a: Galvantula|Galvantula, M|100/100
|-damage|p1a: Galvantula|76/100|[from] Stealth Rock
|turn|14
|
|switch|p2a: Excadrill|Excadrill, M|51/100
|-damage|p2a: Excadrill|48/100|[from] Stealth Rock
|move|p1a: Galvantula|Bug Buzz|p2a: Excadrill
|-resisted|p2a: Excadrill
|-damage|p2a: Excadrill|23/100
|
|-heal|p2a: Excadrill|29/100|[from] item: Leftovers
|upkeep
|turn|15
|
|switch|p1a: Aegislash|Aegislash, M|100/100
|-damage|p1a: Aegislash|94/100|[from] Stealth Rock
|-item|p1a: Aegislash|Air Balloon
|move|p2a: Excadrill|Iron Head|p1a: Aegislash
|-resisted|p1a: Aegislash
|-damage|p1a: Aegislash|74/100
|-enditem|p1a: Aegislash|Air Balloon
|
|-heal|p2a: Excadrill|35/100|[from] item: Leftovers
|upkeep
|turn|16
|
|-formechange|p1a: Aegislash|Aegislash-Blade||[from] ability: Stance Change
|move|p1a: Aegislash|Shadow Sneak|p2a: Excadrill
|-damage|p2a: Excadrill|3/100
|move|p2a: Excadrill|Earthquake|p1a: Aegislash
|-supereffective|p1a: Aegislash
|-damage|p1a: Aegislash|0 fnt
|faint|p1a: Aegislash
|
|-heal|p2a: Excadrill|9/100|[from] item: Leftovers
|upkeep
|
|switch|p1a: Galvantula|Galvantula, M|76/100
|-damage|p1a: Galvantula|51/100|[from] Stealth Rock
|turn|17
|
|switch|p2a: Clefable|Clefable, F|100/100
|move|p1a: Galvantula|Bug Buzz|p2a: Clefable
|-resisted|p2a: Clefable
|-damage|p2a: Clefable|83/100
|
|upkeep
|turn|18
|
|move|p1a: Galvantula|Light Screen|p1a: Galvantula
|-sidestart|p1: ThisFireBurns|move: Light Screen
|move|p2a: Clefable|Calm Mind|p2a: Clefable
|-boost|p2a: Clefable|spa|1
|-boost|p2a: Clefable|spd|1
|
|upkeep
|turn|19
|
|move|p1a: Galvantula|Sticky Web|p2a: Clefable
|-sidestart|p2: 4funaccount|move: Sticky Web
|move|p2a: Clefable|Moonblast|p1a: Galvantula
|-damage|p1a: Galvantula|0 fnt
|faint|p1a: Galvantula
|
|upkeep
|
|switch|p1a: Dracovish|Dracovish|100/100
|-damage|p1a: Dracovish|88/100|[from] Stealth Rock
|turn|20
|
|switch|p2a: Excadrill|Excadrill, M|9/100
|-damage|p2a: Excadrill|6/100|[from] Stealth Rock
|-activate|p2a: Excadrill|move: Sticky Web
|-unboost|p2a: Excadrill|spe|1
|move|p1a: Dracovish|Fishious Rend|p2a: Excadrill
|-supereffective|p2a: Excadrill
|-damage|p2a: Excadrill|0 fnt
|faint|p2a: Excadrill
|
|upkeep
|
|switch|p2a: Ferrothorn|Ferrothorn, F|100/100
|-activate|p2a: Ferrothorn|move: Sticky Web
|-unboost|p2a: Ferrothorn|spe|1
|-damage|p2a: Ferrothorn|94/100|[from] Stealth Rock
|turn|21
|
|switch|p1a: Clefable|Clefable, M|96/100
|move|p2a: Ferrothorn|Spikes|p1a: Clefable
|-sidestart|p1: ThisFireBurns|Spikes
|
|-heal|p2a: Ferrothorn|100/100|[from] item: Leftovers
|upkeep
|turn|22
|
|switch|p2a: Clefable|Clefable, F|83/100
|-activate|p2a: Clefable|move: Sticky Web
|-unboost|p2a: Clefable|spe|1
|move|p1a: Clefable|Fire Blast|p2a: Clefable|[miss]
|-miss|p1a: Clefable|p2a: Clefable
|
|-sideend|p1: ThisFireBurns|move: Light Screen
|upkeep
|turn|23
|
|move|p1a: Clefable|Moonblast|p2a: Clefable
|-damage|p2a: Clefable|48/100
|-unboost|p2a: Clefable|spa|1
|move|p2a: Clefable|Moonblast|p1a: Clefable
|-damage|p1a: Clefable|66/100
|
|upkeep
|turn|24
|
|move|p1a: Clefable|Moonblast|p2a: Clefable
|-damage|p2a: Clefable|9/100
|-unboost|p2a: Clefable|spa|1
|move|p2a: Clefable|Soft-Boiled|p2a: Clefable
|-heal|p2a: Clefable|59/100
|
|upkeep
|turn|25
|
|switch|p1a: Zeraora|Zeraora|88/100
|-damage|p1a: Zeraora|76/100|[from] Spikes
|-damage|p1a: Zeraora|64/100|[from] Stealth Rock
|move|p2a: Clefable|Soft-Boiled|p2a: Clefable
|-heal|p2a: Clefable|100/100
|
|-heal|p1a: Zeraora|70/100|[from] item: Leftovers
|upkeep
|turn|26
|
|switch|p2a: Hippowdon|Hippowdon, M|52/100
|-activate|p2a: Hippowdon|move: Sticky Web
|-unboost|p2a: Hippowdon|spe|1
|-damage|p2a: Hippowdon|46/100|[from] Stealth Rock
|-weather|Sandstorm|[from] ability: Sand Stream|[of] p2a: Hippowdon
|move|p1a: Zeraora|Bulk Up|p1a: Zeraora
|-boost|p1a: Zeraora|atk|1
|-boost|p1a: Zeraora|def|1
|
|-weather|Sandstorm|[upkeep]
|-damage|p1a: Zeraora|64/100|[from] Sandstorm
|-heal|p1a: Zeraora|70/100|[from] item: Leftovers
|-heal|p2a: Hippowdon|52/100|[from] item: Leftovers
|upkeep
|turn|27
|
|move|p1a: Zeraora|Knock Off|p2a: Hippowdon
|-damage|p2a: Hippowdon|28/100
|-enditem|p2a: Hippowdon|Leftovers|[from] move: Knock Off|[of] p1a: Zeraora
|move|p2a: Hippowdon|Earthquake|p1a: Zeraora
|-supereffective|p1a: Zeraora
|-damage|p1a: Zeraora|0 fnt
|faint|p1a: Zeraora
|
|-weather|Sandstorm|[upkeep]
|upkeep
|
|switch|p1a: Clefable|Clefable, M|66/100
|turn|28
|
|move|p1a: Clefable|Moonblast|p2a: Hippowdon
|-damage|p2a: Hippowdon|0 fnt
|faint|p2a: Hippowdon
|
|-weather|Sandstorm|[upkeep]
|upkeep
|
|switch|p2a: Hydreigon|Hydreigon, F|78/100
|-damage|p2a: Hydreigon|66/100|[from] Stealth Rock
|turn|29
|
|move|p2a: Hydreigon|Flash Cannon|p1a: Clefable
|-supereffective|p1a: Clefable
|-damage|p1a: Clefable|0 fnt
|-damage|p2a: Hydreigon|56/100|[from] item: Life Orb
|faint|p1a: Clefable
|
|-weather|Sandstorm|[upkeep]
|-damage|p2a: Hydreigon|50/100|[from] Sandstorm
|upkeep
|
|switch|p1a: Dracovish|Dracovish|88/100
|-damage|p1a: Dracovish|76/100|[from] Spikes
|-damage|p1a: Dracovish|63/100|[from] Stealth Rock
|turn|30
|-message|ThisFireBurns forfeited.
|
|win|4funaccount
|l|☆ThisFireBurns
|raw|ThisFireBurns's rating: 1819 &rarr; <strong>1795</strong><br />(-24 for losing)
|raw|4funaccount's rating: 1754 &rarr; <strong>1778</strong><br />(+24 for winning)
|l| myjava
|l| milohatin
|l|☆4funaccount
|l| ladderlame
|l| jeejee
|j|☆4funaccount
|player|p2|4funaccount|volkner
