|j|☆yungtoasterbread
|j|‽fuck mons on gawd
|t:|1661299758
|gametype|singles
|player|p1|yungtoasterbread|bruno|1653
|player|p2|fuck mons on gawd|dawn|1686
|teamsize|p1|6
|teamsize|p2|6
|gen|8
|tier|[Gen 8] OU
|rated|
|rule|Sleep Clause Mod: Limit one foe put to sleep
|rule|Species Clause: Limit one of each Pokémon
|rule|OHKO Clause: OHKO moves are banned
|rule|Evasion Items Clause: Evasion items are banned
|rule|Evasion Moves Clause: Evasion moves are banned
|rule|Endless Battle Clause: Forcing endless battles is banned
|rule|HP Percentage Mod: HP is shown in percentages
|rule|Dynamax Clause: You cannot dynamax
|clearpoke
|poke|p1|Buzzwole|
|poke|p1|Rillaboom, F|
|poke|p1|Swampert, F|
|poke|p1|Blacephalon|
|poke|p1|Mandibuzz, F|
|poke|p1|Melmetal|
|poke|p2|Dragapult, M|
|poke|p2|Landorus-Therian, M|
|poke|p2|Melmetal|
|poke|p2|Kartana|
|poke|p2|Magnezone|
|poke|p2|Dragonite, M|
|teampreview
|
|t:|1661299800
|start
|switch|p1a: Swampert|Swampert, F|100/100
|switch|p2a: Landorus|Landorus-Therian, M, shiny|100/100
|-ability|p2a: Landorus|Intimidate|boost
|-unboost|p1a: Swampert|atk|1
|turn|1
|
|t:|1661299805
|move|p2a: Landorus|Earthquake|p1a: Swampert
|-damage|p1a: Swampert|40/100
|move|p1a: Swampert|Toxic|p2a: Landorus|[miss]
|-miss|p1a: Swampert|p2a: Landorus
|
|-heal|p1a: Swampert|46/100|[from] item: Leftovers
|upkeep
|turn|2
|
|t:|1661299810
|switch|p1a: Mandibuzz|Mandibuzz, F, shiny|100/100
|move|p2a: Landorus|Stealth Rock|p1a: Mandibuzz
|-sidestart|p1: yungtoasterbread|move: Stealth Rock
|
|upkeep
|turn|3
|
|t:|1661299813
|move|p2a: Landorus|Stone Edge|p1a: Mandibuzz
|-supereffective|p1a: Mandibuzz
|-damage|p1a: Mandibuzz|50/100
|move|p1a: Mandibuzz|Defog|p2a: Landorus
|-unboost|p2a: Landorus|evasion|1
|-sideend|p1: yungtoasterbread|Stealth Rock|[from] move: Defog|[of] p1a: Mandibuzz
|
|upkeep
|turn|4
|
|t:|1661299818
|move|p2a: Landorus|Stealth Rock|p1a: Mandibuzz
|-sidestart|p1: yungtoasterbread|move: Stealth Rock
|move|p1a: Mandibuzz|Roost|p1a: Mandibuzz
|-heal|p1a: Mandibuzz|100/100
|-singleturn|p1a: Mandibuzz|move: Roost
|
|upkeep
|turn|5
|
|t:|1661299822
|move|p2a: Landorus|Stone Edge|p1a: Mandibuzz
|-supereffective|p1a: Mandibuzz
|-damage|p1a: Mandibuzz|51/100
|move|p1a: Mandibuzz|Defog|p2a: Landorus
|-unboost|p2a: Landorus|evasion|1
|-sideend|p1: yungtoasterbread|Stealth Rock|[from] move: Defog|[of] p1a: Mandibuzz
|
|upkeep
|turn|6
|
|t:|1661299826
|move|p2a: Landorus|Stone Edge|p1a: Mandibuzz
|-supereffective|p1a: Mandibuzz
|-damage|p1a: Mandibuzz|3/100
|move|p1a: Mandibuzz|Roost|p1a: Mandibuzz
|-heal|p1a: Mandibuzz|53/100
|-singleturn|p1a: Mandibuzz|move: Roost
|
|upkeep
|turn|7
|
|t:|1661299836
|move|p2a: Landorus|U-turn|p1a: Mandibuzz
|-damage|p1a: Mandibuzz|35/100
|
|t:|1661299841
|switch|p2a: Melmetal|Melmetal, shiny|100/100|[from]move: U-turn
|move|p1a: Mandibuzz|Roost|p1a: Mandibuzz
|-heal|p1a: Mandibuzz|85/100
|-singleturn|p1a: Mandibuzz|move: Roost
|
|upkeep
|turn|8
|
|t:|1661299854
|switch|p1a: Melmetal|Melmetal|100/100
|move|p2a: Melmetal|Double Iron Bash|p1a: Melmetal
|-resisted|p1a: Melmetal
|-damage|p1a: Melmetal|82/100
|-resisted|p1a: Melmetal
|-crit|p1a: Melmetal
|-damage|p1a: Melmetal|54/100
|-hitcount|p1a: Melmetal|2
|
|-heal|p1a: Melmetal|60/100|[from] item: Leftovers
|upkeep
|turn|9
|
|t:|1661299859
|switch|p2a: Magnezone|Magnezone, shiny|100/100
|-item|p2a: Magnezone|Air Balloon
|move|p1a: Melmetal|Protect||[still]
|-fail|p1a: Melmetal
|
|-heal|p1a: Melmetal|66/100|[from] item: Leftovers
|upkeep
|turn|10
|
|t:|1661299865
|move|p2a: Magnezone|Iron Defense|p2a: Magnezone
|-boost|p2a: Magnezone|def|2
|move|p1a: Melmetal|Double Iron Bash|p2a: Magnezone
|-resisted|p2a: Magnezone
|-damage|p2a: Magnezone|96/100
|-enditem|p2a: Magnezone|Air Balloon
|-resisted|p2a: Magnezone
|-damage|p2a: Magnezone|93/100
|-hitcount|p2a: Magnezone|2
|
|-heal|p1a: Melmetal|72/100|[from] item: Leftovers
|upkeep
|turn|11
|
|t:|1661299871
|move|p2a: Magnezone|Magnet Rise|p2a: Magnezone
|-start|p2a: Magnezone|Magnet Rise
|move|p1a: Melmetal|High Horsepower|p2a: Magnezone
|-immune|p2a: Magnezone
|
|-heal|p1a: Melmetal|78/100|[from] item: Leftovers
|upkeep
|turn|12
|
|t:|1661299877
|move|p2a: Magnezone|Iron Defense|p2a: Magnezone
|-boost|p2a: Magnezone|def|2
|move|p1a: Melmetal|Double Iron Bash|p2a: Magnezone
|-resisted|p2a: Magnezone
|-damage|p2a: Magnezone|90/100
|-resisted|p2a: Magnezone
|-damage|p2a: Magnezone|88/100
|-hitcount|p2a: Magnezone|2
|
|-heal|p1a: Melmetal|84/100|[from] item: Leftovers
|upkeep
|turn|13
|
|t:|1661299881
|move|p2a: Magnezone|Iron Defense|p2a: Magnezone
|-boost|p2a: Magnezone|def|2
|move|p1a: Melmetal|Double Iron Bash|p2a: Magnezone
|-resisted|p2a: Magnezone
|-damage|p2a: Magnezone|86/100
|-resisted|p2a: Magnezone
|-damage|p2a: Magnezone|85/100
|-hitcount|p2a: Magnezone|2
|
|-heal|p1a: Melmetal|90/100|[from] item: Leftovers
|upkeep
|turn|14
|
|t:|1661299891
|move|p2a: Magnezone|Discharge|p1a: Melmetal
|-damage|p1a: Melmetal|59/100
|-status|p1a: Melmetal|par
|move|p1a: Melmetal|Double Iron Bash|p2a: Magnezone
|-resisted|p2a: Magnezone
|-damage|p2a: Magnezone|83/100
|-resisted|p2a: Magnezone
|-damage|p2a: Magnezone|81/100
|-hitcount|p2a: Magnezone|2
|
|-heal|p1a: Melmetal|65/100 par|[from] item: Leftovers
|upkeep
|turn|15
|
|t:|1661299897
|move|p2a: Magnezone|Discharge|p1a: Melmetal
|-damage|p1a: Melmetal|37/100 par
|move|p1a: Melmetal|Double Iron Bash|p2a: Magnezone
|-resisted|p2a: Magnezone
|-damage|p2a: Magnezone|79/100
|-resisted|p2a: Magnezone
|-damage|p2a: Magnezone|77/100
|-hitcount|p2a: Magnezone|2
|
|-heal|p1a: Melmetal|43/100 par|[from] item: Leftovers
|-end|p2a: Magnezone|Magnet Rise
|upkeep
|turn|16
|
|t:|1661299904
|move|p2a: Magnezone|Magnet Rise|p2a: Magnezone
|-start|p2a: Magnezone|Magnet Rise
|move|p1a: Melmetal|Double Iron Bash|p2a: Magnezone
|-resisted|p2a: Magnezone
|-damage|p2a: Magnezone|75/100
|-resisted|p2a: Magnezone
|-damage|p2a: Magnezone|73/100
|-hitcount|p2a: Magnezone|2
|
|-heal|p1a: Melmetal|49/100 par|[from] item: Leftovers
|upkeep
|turn|17
|
|t:|1661299910
|move|p2a: Magnezone|Discharge|p1a: Melmetal
|-damage|p1a: Melmetal|17/100 par
|move|p1a: Melmetal|Double Iron Bash|p2a: Magnezone
|-resisted|p2a: Magnezone
|-damage|p2a: Magnezone|71/100
|-resisted|p2a: Magnezone
|-damage|p2a: Magnezone|69/100
|-hitcount|p2a: Magnezone|2
|
|-heal|p1a: Melmetal|23/100 par|[from] item: Leftovers
|upkeep
|turn|18
|
|t:|1661299919
|move|p2a: Magnezone|Discharge|p1a: Melmetal
|-damage|p1a: Melmetal|0 fnt
|faint|p1a: Melmetal
|
|upkeep
|
|t:|1661299922
|switch|p1a: Blacephalon|Blacephalon|100/100
|turn|19
|
|t:|1661299925
|switch|p2a: Dragonite|Dragonite, M, shiny|100/100
|move|p1a: Blacephalon|Trick|p2a: Dragonite
|-activate|p1a: Blacephalon|move: Trick|[of] p2a: Dragonite
|-item|p2a: Dragonite|Choice Scarf|[from] move: Trick
|-item|p1a: Blacephalon|Heavy-Duty Boots|[from] move: Trick
|
|upkeep
|turn|20
|
|t:|1661299935
|switch|p1a: Mandibuzz|Mandibuzz, F, shiny|85/100
|move|p2a: Dragonite|Dual Wingbeat|p1a: Mandibuzz|[miss]
|-miss|p2a: Dragonite|p1a: Mandibuzz
|
|upkeep
|turn|21
|
|t:|1661299939
|switch|p2a: Melmetal|Melmetal, shiny|100/100
|move|p1a: Mandibuzz|U-turn|p2a: Melmetal
|-resisted|p2a: Melmetal
|-damage|p2a: Melmetal|98/100
|
|t:|1661299944
|switch|p1a: Swampert|Swampert, F|46/100|[from]move: U-turn
|
|-heal|p1a: Swampert|52/100|[from] item: Leftovers
|upkeep
|turn|22
|
|t:|1661299948
|move|p2a: Melmetal|Superpower|p1a: Swampert
|-damage|p1a: Swampert|0 fnt
|-unboost|p2a: Melmetal|atk|1
|-unboost|p2a: Melmetal|def|1
|faint|p1a: Swampert
|
|upkeep
|
|t:|1661299954
|switch|p1a: Buzzwole|Buzzwole|100/100
|turn|23
|
|t:|1661299963
|switch|p2a: Magnezone|Magnezone, shiny|69/100
|move|p1a: Buzzwole|Ice Punch|p2a: Magnezone
|-resisted|p2a: Magnezone
|-damage|p2a: Magnezone|59/100
|
|upkeep
|turn|24
|
|t:|1661299972
|switch|p2a: Landorus|Landorus-Therian, M, shiny|100/100
|-ability|p2a: Landorus|Intimidate|boost
|-unboost|p1a: Buzzwole|atk|1
|move|p1a: Buzzwole|Ice Punch|p2a: Landorus
|-supereffective|p2a: Landorus
|-damage|p2a: Landorus|4/100
|
|upkeep
|turn|25
|
|t:|1661299980
|move|p2a: Landorus|U-turn|p1a: Buzzwole
|-resisted|p1a: Buzzwole
|-damage|p1a: Buzzwole|91/100
|
|t:|1661299984
|switch|p2a: Melmetal|Melmetal, shiny|98/100|[from]move: U-turn
|move|p1a: Buzzwole|Ice Punch|p2a: Melmetal
|-resisted|p2a: Melmetal
|-damage|p2a: Melmetal|92/100
|
|upkeep
|turn|26
|inactive|Battle timer is ON: inactive players will automatically lose when time's up. (requested by fuck mons on gawd)
|
|t:|1661300005
|switch|p1a: Mandibuzz|Mandibuzz, F, shiny|85/100
|move|p2a: Melmetal|Double Iron Bash|p1a: Mandibuzz
|-damage|p1a: Mandibuzz|43/100
|-damage|p1a: Mandibuzz|0 fnt
|faint|p1a: Mandibuzz
|-hitcount|p1: Mandibuzz|2
|
|upkeep
|-message|yungtoasterbread forfeited.
|
|win|fuck mons on gawd
|raw|yungtoasterbread's rating: 1653 &rarr; <strong>1635</strong><br />(-18 for losing)
|raw|fuck mons on gawd's rating: 1686 &rarr; <strong>1704</strong><br />(+18 for winning)
|l|☆yungtoasterbread
