|html|<div class="broadcast-blue"><strong>[Gen 8] OU is currently suspecting Urshifu-S! For information on how to participate check out the <a href="https://www.smogon.com/forums/threads/np-ss-ou-suspect-process-round-8-aint-no-rest-for-the-wicked.3675310/">suspect thread</a>.</strong></div>
|j|☆lando expando
|j|☆bewearium
|t:|1609850669
|player|p1|lando expando|rocketgrunt|1660
|player|p2|bewearium|165|1543
|teamsize|p1|6
|teamsize|p2|6
|gametype|singles
|gen|8
|tier|[Gen 8] OU
|rated|
|clearpoke
|poke|p1|Mew|
|poke|p1|Lunatone|
|poke|p1|Maractus, F|
|poke|p1|Obstagoon, M|
|poke|p1|Heatran, M|
|poke|p1|Gastrodon, F|
|poke|p2|Magearna|
|poke|p2|Buzzwole|
|poke|p2|Landorus-Therian, M|
|poke|p2|Toxapex, M|
|poke|p2|Rillaboom, F|
|poke|p2|Heatran, M|
|rule|Sleep Clause Mod: Limit one foe put to sleep
|rule|Species Clause: Limit one of each Pokémon
|rule|OHKO Clause: OHKO moves are banned
|rule|Evasion Moves Clause: Evasion moves are banned
|rule|Endless Battle Clause: Forcing endless battles is banned
|rule|HP Percentage Mod: HP is shown in percentages
|rule|Dynamax Clause: You cannot dynamax
|teampreview
|inactive|Battle timer is ON: inactive players will automatically lose when time's up. (requested by bewearium)
|
|t:|1609850695
|start
|switch|p1a: Mew|Mew|100/100
|switch|p2a: Landorus|Landorus-Therian, M|100/100
|-ability|p2a: Landorus|Intimidate|boost
|-unboost|p1a: Mew|atk|1
|turn|1
|
|t:|1609850700
|move|p1a: Mew|Ice Beam|p2a: Landorus
|-supereffective|p2a: Landorus
|-damage|p2a: Landorus|0 fnt
|faint|p2a: Landorus
|
|upkeep
|
|t:|1609850706
|switch|p2a: Heatran|Heatran, M|100/100
|turn|2
|
|t:|1609850709
|switch|p1a: Gastrodon|Gastrodon, F|100/100
|move|p2a: Heatran|Magma Storm|p1a: Gastrodon
|-resisted|p1a: Gastrodon
|-damage|p1a: Gastrodon|83/100
|-activate|p1a: Gastrodon|move: Magma Storm|[of] p2a: Heatran
|
|-heal|p1a: Gastrodon|89/100|[from] item: Leftovers
|-damage|p1a: Gastrodon|77/100|[from] move: Magma Storm|[partiallytrapped]
|upkeep
|turn|3
|
|t:|1609850714
|move|p2a: Heatran|Toxic|p1a: Gastrodon
|-status|p1a: Gastrodon|tox
|move|p1a: Gastrodon|Earthquake|p2a: Heatran
|-supereffective|p2a: Heatran
|-damage|p2a: Heatran|0 fnt
|faint|p2a: Heatran
|
|-heal|p1a: Gastrodon|83/100 tox|[from] item: Leftovers
|-damage|p1a: Gastrodon|77/100 tox|[from] psn
|-end|p1a: Gastrodon|Magma Storm|[partiallytrapped]|[silent]
|upkeep
|
|t:|1609850719
|switch|p2a: Magearna|Magearna|100/100
|turn|4
|
|t:|1609850723
|switch|p1a: Heatran|Heatran, M|100/100
|move|p2a: Magearna|Fleur Cannon|p1a: Heatran
|-resisted|p1a: Heatran
|-damage|p1a: Heatran|83/100
|-unboost|p2a: Magearna|spa|2
|
|upkeep
|turn|5
|
|t:|1609850731
|switch|p2a: Toxapex|Toxapex, M|100/100
|move|p1a: Heatran|Earth Power|p2a: Toxapex
|-supereffective|p2a: Toxapex
|-damage|p2a: Toxapex|27/100
|
|upkeep
|turn|6
|
|t:|1609850740
|switch|p2a: Rillaboom|Rillaboom, F|100/100
|-fieldstart|move: Grassy Terrain|[from] ability: Grassy Surge|[of] p2a: Rillaboom
|move|p1a: Heatran|Earth Power|p2a: Rillaboom
|-resisted|p2a: Rillaboom
|-damage|p2a: Rillaboom|67/100
|
|-heal|p2a: Rillaboom|74/100|[from] Grassy Terrain
|-heal|p1a: Heatran|90/100|[from] Grassy Terrain
|upkeep
|turn|7
|
|t:|1609850748
|switch|p1a: Mew|Mew|100/100
|move|p2a: Rillaboom|Superpower|p1a: Mew
|-resisted|p1a: Mew
|-damage|p1a: Mew|66/100
|-unboost|p2a: Rillaboom|atk|1
|-unboost|p2a: Rillaboom|def|1
|
|-heal|p1a: Mew|72/100|[from] Grassy Terrain
|-heal|p2a: Rillaboom|80/100|[from] Grassy Terrain
|upkeep
|turn|8
|
|t:|1609850754
|switch|p2a: Magearna|Magearna|100/100
|move|p1a: Mew|Psychic|p2a: Magearna
|-resisted|p2a: Magearna
|-damage|p2a: Magearna|79/100
|
|-heal|p1a: Mew|79/100|[from] Grassy Terrain
|-heal|p2a: Magearna|85/100|[from] Grassy Terrain
|upkeep
|turn|9
|
|t:|1609850757
|switch|p1a: Gastrodon|Gastrodon, F|77/100 tox
|move|p2a: Magearna|Volt Switch|p1a: Gastrodon
|-immune|p1a: Gastrodon
|
|-heal|p2a: Magearna|91/100|[from] Grassy Terrain
|-heal|p1a: Gastrodon|83/100 tox|[from] item: Leftovers
|-heal|p1a: Gastrodon|89/100 tox|[from] Grassy Terrain
|-damage|p1a: Gastrodon|83/100 tox|[from] psn
|upkeep
|turn|10
|
|t:|1609850763
|switch|p2a: Rillaboom|Rillaboom, F|80/100
|move|p1a: Gastrodon|Earthquake|p2a: Rillaboom
|-resisted|p2a: Rillaboom
|-damage|p2a: Rillaboom|71/100
|
|-heal|p2a: Rillaboom|78/100|[from] Grassy Terrain
|-heal|p1a: Gastrodon|89/100 tox|[from] item: Leftovers
|-heal|p1a: Gastrodon|95/100 tox|[from] Grassy Terrain
|-fieldend|move: Grassy Terrain
|-damage|p1a: Gastrodon|83/100 tox|[from] psn
|upkeep
|turn|11
|
|t:|1609850767
|switch|p1a: Maractus|Maractus, F|100/100
|move|p2a: Rillaboom|Superpower|p1a: Maractus
|-damage|p1a: Maractus|5/100
|-unboost|p2a: Rillaboom|atk|1
|-unboost|p2a: Rillaboom|def|1
|
|upkeep
|turn|12
|
|t:|1609850772
|switch|p1a: Mew|Mew|79/100
|move|p2a: Rillaboom|Superpower|p1a: Mew
|-resisted|p1a: Mew
|-damage|p1a: Mew|57/100
|-unboost|p2a: Rillaboom|atk|1
|-unboost|p2a: Rillaboom|def|1
|
|upkeep
|turn|13
|
|t:|1609850775
|switch|p2a: Magearna|Magearna|91/100
|move|p1a: Mew|U-turn|p2a: Magearna
|-resisted|p2a: Magearna
|-damage|p2a: Magearna|87/100
|
|t:|1609850778
|switch|p1a: Heatran|Heatran, M|90/100|[from]move: U-turn
|
|upkeep
|turn|14
|
|t:|1609850782
|move|p2a: Magearna|Volt Switch|p1a: Heatran
|-damage|p1a: Heatran|64/100
|
|t:|1609850785
|switch|p2a: Toxapex|Toxapex, M|60/100|[from]move: Volt Switch
|move|p1a: Heatran|Eruption|p2a: Toxapex
|-resisted|p2a: Toxapex
|-damage|p2a: Toxapex|31/100
|
|upkeep
|turn|15
|
|t:|1609850788
|switch|p2a: Rillaboom|Rillaboom, F|78/100
|-fieldstart|move: Grassy Terrain|[from] ability: Grassy Surge|[of] p2a: Rillaboom
|move|p1a: Heatran|Eruption|p2a: Rillaboom
|-supereffective|p2a: Rillaboom
|-damage|p2a: Rillaboom|0 fnt
|faint|p2a: Rillaboom
|
|-heal|p1a: Heatran|70/100|[from] Grassy Terrain
|upkeep
|-message|bewearium forfeited.
|
|win|lando expando
|l|☆bewearium
