|j|☆Stads
|j|☆corumba
|t:|1667227441
|gametype|singles
|player|p1|Stads|266|1778
|player|p2|corumba|schoolkid-gen4|1757
|teamsize|p1|6
|teamsize|p2|6
|gen|8
|tier|[Gen 8] OU
|rated|
|rule|Sleep Clause Mod: Limit one foe put to sleep
|rule|Species Clause: Limit one of each Pokémon
|rule|OHKO Clause: OHKO moves are banned
|rule|Evasion Items Clause: Evasion items are banned
|rule|Evasion Moves Clause: Evasion moves are banned
|rule|Endless Battle Clause: Forcing endless battles is banned
|rule|HP Percentage Mod: HP is shown in percentages
|rule|Dynamax Clause: You cannot dynamax
|clearpoke
|poke|p1|Tornadus-Therian, M|
|poke|p1|Corviknight, F|
|poke|p1|Kartana|
|poke|p1|Toxapex, F|
|poke|p1|Hippowdon, M|
|poke|p1|Heatran, F|
|poke|p2|Landorus-Therian, M|
|poke|p2|Rotom-Wash|
|poke|p2|Gengar, F|
|poke|p2|Melmetal|
|poke|p2|Heatran, F|
|poke|p2|Dragapult, F|
|teampreview
|inactive|Battle timer is ON: inactive players will automatically lose when time's up. (requested by Stads)
|j| inv kerapac plz
|l| inv kerapac plz
|
|t:|1667227460
|start
|switch|p1a: Tornadus|Tornadus-Therian, M|100/100
|switch|p2a: Rotom|Rotom-Wash|100/100
|turn|1
|
|t:|1667227467
|move|p1a: Tornadus|Knock Off|p2a: Rotom
|-damage|p2a: Rotom|84/100
|-enditem|p2a: Rotom|Leftovers|[from] move: Knock Off|[of] p1a: Tornadus
|move|p2a: Rotom|Volt Switch|p1a: Tornadus
|-supereffective|p1a: Tornadus
|-damage|p1a: Tornadus|62/100
|
|t:|1667227475
|switch|p2a: Dragapult|Dragapult, F|100/100|[from]move: Volt Switch
|
|upkeep
|turn|2
|
|t:|1667227482
|switch|p1a: Heatran|Heatran, F|100/100
|move|p2a: Dragapult|U-turn|p1a: Heatran
|-resisted|p1a: Heatran
|-damage|p1a: Heatran|92/100
|
|t:|1667227486
|switch|p2a: Landorus|Landorus-Therian, M|100/100|[from]move: U-turn
|-ability|p2a: Landorus|Intimidate|boost
|-unboost|p1a: Heatran|atk|1
|
|-heal|p1a: Heatran|98/100|[from] item: Leftovers
|upkeep
|turn|3
|j| t-yeu
|
|t:|1667227490
|switch|p1a: Corviknight|Corviknight, F|100/100
|-ability|p1a: Corviknight|Pressure
|move|p2a: Landorus|Knock Off|p1a: Corviknight
|-damage|p1a: Corviknight|74/100
|-enditem|p1a: Corviknight|Leftovers|[from] move: Knock Off|[of] p2a: Landorus
|
|upkeep
|turn|4
|
|t:|1667227501
|move|p2a: Landorus|Smack Down|p1a: Corviknight
|-damage|p1a: Corviknight|60/100
|-start|p1a: Corviknight|Smack Down
|move|p1a: Corviknight|Roost|p1a: Corviknight
|-heal|p1a: Corviknight|100/100
|-singleturn|p1a: Corviknight|move: Roost
|
|upkeep
|turn|5
|
|t:|1667227509
|switch|p1a: Tornadus|Tornadus-Therian, M|95/100
|move|p2a: Landorus|Knock Off|p1a: Tornadus
|-damage|p1a: Tornadus|37/100
|-enditem|p1a: Tornadus|Assault Vest|[from] move: Knock Off|[of] p2a: Landorus
|
|upkeep
|turn|6
|j| Tegalik
|
|t:|1667227516
|switch|p2a: Heatran|Heatran, F|100/100
|move|p1a: Tornadus|U-turn|p2a: Heatran
|-resisted|p2a: Heatran
|-damage|p2a: Heatran|98/100
|
|t:|1667227519
|switch|p1a: Hippowdon|Hippowdon, M|100/100|[from]move: U-turn
|-weather|Sandstorm|[from] ability: Sand Stream|[of] p1a: Hippowdon
|
|-weather|Sandstorm|[upkeep]
|-heal|p2a: Heatran|100/100|[from] item: Leftovers
|upkeep
|turn|7
|
|t:|1667227526
|switch|p2a: Rotom|Rotom-Wash|84/100
|move|p1a: Hippowdon|Stealth Rock|p2a: Rotom
|-sidestart|p2: corumba|move: Stealth Rock
|
|-weather|Sandstorm|[upkeep]
|-damage|p2a: Rotom|78/100|[from] Sandstorm
|upkeep
|turn|8
|
|t:|1667227532
|move|p2a: Rotom|Defog|p1a: Hippowdon
|-unboost|p1a: Hippowdon|evasion|1
|-sideend|p2: corumba|Stealth Rock|[from] move: Defog|[of] p2a: Rotom
|move|p1a: Hippowdon|Toxic|p2a: Rotom
|-status|p2a: Rotom|tox
|
|-weather|Sandstorm|[upkeep]
|-damage|p2a: Rotom|72/100 tox|[from] Sandstorm
|-damage|p2a: Rotom|66/100 tox|[from] psn
|upkeep
|turn|9
|
|t:|1667227535
|move|p2a: Rotom|Hydro Pump|p1a: Hippowdon
|-supereffective|p1a: Hippowdon
|-damage|p1a: Hippowdon|44/100
|move|p1a: Hippowdon|Slack Off|p1a: Hippowdon
|-heal|p1a: Hippowdon|94/100
|
|-weather|Sandstorm|[upkeep]
|-damage|p2a: Rotom|60/100 tox|[from] Sandstorm
|-heal|p1a: Hippowdon|100/100|[from] item: Leftovers
|-damage|p2a: Rotom|48/100 tox|[from] psn
|upkeep
|turn|10
|
|t:|1667227543
|move|p2a: Rotom|Pain Split|p1a: Hippowdon
|-sethp|p1a: Hippowdon|68/100|[from] move: Pain Split|[silent]
|-sethp|p2a: Rotom|94/100 tox|[from] move: Pain Split
|move|p1a: Hippowdon|Stealth Rock|p2a: Rotom
|-sidestart|p2: corumba|move: Stealth Rock
|
|-weather|none
|-heal|p1a: Hippowdon|74/100|[from] item: Leftovers
|-damage|p2a: Rotom|76/100 tox|[from] psn
|upkeep
|turn|11
|
|t:|1667227553
|move|p2a: Rotom|Hydro Pump|p1a: Hippowdon
|-supereffective|p1a: Hippowdon
|-damage|p1a: Hippowdon|14/100
|move|p1a: Hippowdon|Slack Off|p1a: Hippowdon
|-heal|p1a: Hippowdon|64/100
|
|-heal|p1a: Hippowdon|70/100|[from] item: Leftovers
|-damage|p2a: Rotom|52/100 tox|[from] psn
|upkeep
|turn|12
|
|t:|1667227560
|switch|p2a: Landorus|Landorus-Therian, M|100/100
|-damage|p2a: Landorus|88/100|[from] Stealth Rock
|-ability|p2a: Landorus|Intimidate|boost
|-unboost|p1a: Hippowdon|atk|1
|switch|p1a: Tornadus|Tornadus-Therian, M|70/100
|
|upkeep
|turn|13
|
|t:|1667227569
|move|p1a: Tornadus|Hurricane|p2a: Landorus|[miss]
|-miss|p1a: Tornadus|p2a: Landorus
|move|p2a: Landorus|Smack Down|p1a: Tornadus
|-supereffective|p1a: Tornadus
|-damage|p1a: Tornadus|10/100
|-start|p1a: Tornadus|Smack Down
|
|upkeep
|turn|14
|
|t:|1667227579
|move|p1a: Tornadus|U-turn|p2a: Landorus
|-resisted|p2a: Landorus
|-damage|p2a: Landorus|80/100
|
|t:|1667227582
|switch|p1a: Toxapex|Toxapex, F|100/100|[from]move: U-turn
|move|p2a: Landorus|Smack Down|p1a: Toxapex
|-damage|p1a: Toxapex|89/100
|
|upkeep
|turn|15
|
|t:|1667227587
|switch|p1a: Corviknight|Corviknight, F|100/100
|-ability|p1a: Corviknight|Pressure
|move|p2a: Landorus|Earthquake|p1a: Corviknight
|-immune|p1a: Corviknight
|
|upkeep
|turn|16
|
|t:|1667227590
|switch|p2a: Heatran|Heatran, F|100/100
|-damage|p2a: Heatran|88/100|[from] Stealth Rock
|move|p1a: Corviknight|U-turn|p2a: Heatran
|-resisted|p2a: Heatran
|-damage|p2a: Heatran|86/100
|
|t:|1667227592
|switch|p1a: Hippowdon|Hippowdon, M|70/100|[from]move: U-turn
|-weather|Sandstorm|[from] ability: Sand Stream|[of] p1a: Hippowdon
|
|-weather|Sandstorm|[upkeep]
|-heal|p2a: Heatran|92/100|[from] item: Leftovers
|-heal|p1a: Hippowdon|76/100|[from] item: Leftovers
|upkeep
|turn|17
|
|t:|1667227596
|switch|p2a: Rotom|Rotom-Wash|52/100 tox
|-damage|p2a: Rotom|40/100 tox|[from] Stealth Rock
|move|p1a: Hippowdon|Earthquake|p2a: Rotom
|-immune|p2a: Rotom|[from] ability: Levitate
|
|-weather|Sandstorm|[upkeep]
|-damage|p2a: Rotom|34/100 tox|[from] Sandstorm
|-heal|p1a: Hippowdon|82/100|[from] item: Leftovers
|-damage|p2a: Rotom|28/100 tox|[from] psn
|upkeep
|turn|18
|
|t:|1667227599
|switch|p1a: Tornadus|Tornadus-Therian, M|43/100
|move|p2a: Rotom|Pain Split|p1a: Tornadus
|-sethp|p1a: Tornadus|35/100|[from] move: Pain Split|[silent]
|-sethp|p2a: Rotom|36/100 tox|[from] move: Pain Split
|
|-weather|Sandstorm|[upkeep]
|-damage|p1a: Tornadus|29/100|[from] Sandstorm
|-damage|p2a: Rotom|30/100 tox|[from] Sandstorm
|-damage|p2a: Rotom|18/100 tox|[from] psn
|upkeep
|turn|19
|j| Routeamtester
|
|t:|1667227604
|switch|p2a: Heatran|Heatran, F|92/100
|-damage|p2a: Heatran|80/100|[from] Stealth Rock
|move|p1a: Tornadus|U-turn|p2a: Heatran
|-resisted|p2a: Heatran
|-damage|p2a: Heatran|78/100
|-status|p1a: Tornadus|brn|[from] ability: Flame Body|[of] p2a: Heatran
|
|t:|1667227611
|switch|p1a: Hippowdon|Hippowdon, M|82/100|[from]move: U-turn
|
|-weather|Sandstorm|[upkeep]
|-heal|p2a: Heatran|84/100|[from] item: Leftovers
|-heal|p1a: Hippowdon|89/100|[from] item: Leftovers
|upkeep
|turn|20
|
|t:|1667227620
|switch|p2a: Landorus|Landorus-Therian, M|80/100
|-damage|p2a: Landorus|67/100|[from] Stealth Rock
|-ability|p2a: Landorus|Intimidate|boost
|-unboost|p1a: Hippowdon|atk|1
|switch|p1a: Tornadus|Tornadus-Therian, M|62/100 brn
|
|-weather|none
|-damage|p1a: Tornadus|56/100 brn|[from] brn
|upkeep
|turn|21
|
|t:|1667227625
|switch|p2a: Heatran|Heatran, F|84/100
|-damage|p2a: Heatran|71/100|[from] Stealth Rock
|move|p1a: Tornadus|U-turn|p2a: Heatran
|-resisted|p2a: Heatran
|-damage|p2a: Heatran|70/100
|
|t:|1667227627
|switch|p1a: Hippowdon|Hippowdon, M|89/100|[from]move: U-turn
|-weather|Sandstorm|[from] ability: Sand Stream|[of] p1a: Hippowdon
|
|-weather|Sandstorm|[upkeep]
|-heal|p2a: Heatran|77/100|[from] item: Leftovers
|-heal|p1a: Hippowdon|95/100|[from] item: Leftovers
|upkeep
|turn|22
|
|t:|1667227631
|switch|p2a: Rotom|Rotom-Wash|18/100 tox
|-damage|p2a: Rotom|6/100 tox|[from] Stealth Rock
|move|p1a: Hippowdon|Earthquake|p2a: Rotom
|-immune|p2a: Rotom|[from] ability: Levitate
|
|-weather|Sandstorm|[upkeep]
|-damage|p2a: Rotom|0 fnt|[from] Sandstorm
|faint|p2a: Rotom
|-heal|p1a: Hippowdon|100/100|[from] item: Leftovers
|upkeep
|
|t:|1667227637
|switch|p2a: Dragapult|Dragapult, F|100/100
|-damage|p2a: Dragapult|88/100|[from] Stealth Rock
|turn|23
|
|t:|1667227643
|move|p2a: Dragapult|Dragon Darts|p1a: Hippowdon
|-damage|p1a: Hippowdon|72/100
|-anim|p2a: Dragapult|Dragon Darts|p1a: Hippowdon
|-damage|p1a: Hippowdon|44/100
|move|p1a: Hippowdon|Toxic|p2a: Dragapult
|-status|p2a: Dragapult|tox
|
|-weather|Sandstorm|[upkeep]
|-damage|p2a: Dragapult|82/100 tox|[from] Sandstorm
|-heal|p1a: Hippowdon|50/100|[from] item: Leftovers
|-damage|p2a: Dragapult|76/100 tox|[from] psn
|upkeep
|turn|24
|
|t:|1667227651
|switch|p2a: Heatran|Heatran, F|77/100
|-damage|p2a: Heatran|64/100|[from] Stealth Rock
|switch|p1a: Corviknight|Corviknight, F|100/100
|-ability|p1a: Corviknight|Pressure
|
|-weather|Sandstorm|[upkeep]
|-heal|p2a: Heatran|70/100|[from] item: Leftovers
|upkeep
|turn|25
|
|t:|1667227654
|switch|p1a: Toxapex|Toxapex, F|100/100
|move|p2a: Heatran|Stealth Rock|p1a: Toxapex
|-sidestart|p1: Stads|move: Stealth Rock
|
|-weather|none
|-heal|p2a: Heatran|77/100|[from] item: Leftovers
|upkeep
|turn|26
|
|t:|1667227663
|move|p2a: Heatran|Earth Power|p1a: Toxapex
|-supereffective|p1a: Toxapex
|-damage|p1a: Toxapex|58/100
|move|p1a: Toxapex|Knock Off|p2a: Heatran
|-damage|p2a: Heatran|68/100
|-status|p1a: Toxapex|brn|[from] ability: Flame Body|[of] p2a: Heatran
|-enditem|p2a: Heatran|Leftovers|[from] move: Knock Off|[of] p1a: Toxapex
|
|-damage|p1a: Toxapex|51/100 brn|[from] brn
|upkeep
|turn|27
|
|t:|1667227677
|switch|p1a: Tornadus|Tornadus-Therian, M|89/100 brn
|-damage|p1a: Tornadus|64/100 brn|[from] Stealth Rock
|move|p2a: Heatran|Earth Power|p1a: Tornadus
|-immune|p1a: Tornadus
|
|-damage|p1a: Tornadus|58/100 brn|[from] brn
|upkeep
|turn|28
|
|t:|1667227681
|move|p1a: Tornadus|U-turn|p2a: Heatran
|-resisted|p2a: Heatran
|-damage|p2a: Heatran|67/100
|
|t:|1667227683
|switch|p1a: Heatran|Heatran, F|98/100|[from]move: U-turn
|-damage|p1a: Heatran|86/100|[from] Stealth Rock
|move|p2a: Heatran|Lava Plume|p1a: Heatran
|-start|p1a: Heatran|ability: Flash Fire
|
|-heal|p1a: Heatran|92/100|[from] item: Leftovers
|upkeep
|turn|29
|
|t:|1667227691
|move|p2a: Heatran|Earth Power|p1a: Heatran
|-supereffective|p1a: Heatran
|-damage|p1a: Heatran|26/100
|-unboost|p1a: Heatran|spd|1
|move|p1a: Heatran|Magma Storm|p2a: Heatran
|-damage|p2a: Heatran|13/100
|-activate|p2a: Heatran|move: Magma Storm|[of] p1a: Heatran
|
|-heal|p1a: Heatran|32/100|[from] item: Leftovers
|-damage|p2a: Heatran|1/100|[from] move: Magma Storm|[partiallytrapped]
|upkeep
|turn|30
|j| Gyosoph
|j| lapad155
|
|t:|1667227701
|move|p1a: Heatran|Protect|p1a: Heatran
|-singleturn|p1a: Heatran|Protect
|move|p2a: Heatran|Earth Power|p1a: Heatran
|-activate|p1a: Heatran|move: Protect
|
|-heal|p1a: Heatran|38/100|[from] item: Leftovers
|-damage|p2a: Heatran|0 fnt|[from] move: Magma Storm|[partiallytrapped]
|faint|p2a: Heatran
|upkeep
|
|t:|1667227710
|switch|p2a: Landorus|Landorus-Therian, M|67/100
|-damage|p2a: Landorus|55/100|[from] Stealth Rock
|-ability|p2a: Landorus|Intimidate|boost
|-unboost|p1a: Heatran|atk|1
|turn|31
|j| Prrpscpt
|
|t:|1667227717
|move|p2a: Landorus|Smack Down|p1a: Heatran
|-damage|p1a: Heatran|20/100
|move|p1a: Heatran|Magma Storm|p2a: Landorus|[miss]
|-miss|p1a: Heatran|p2a: Landorus
|
|-heal|p1a: Heatran|26/100|[from] item: Leftovers
|upkeep
|turn|32
|
|t:|1667227726
|move|p1a: Heatran|Protect|p1a: Heatran
|-singleturn|p1a: Heatran|Protect
|move|p2a: Landorus|Smack Down|p1a: Heatran
|-activate|p1a: Heatran|move: Protect
|
|-heal|p1a: Heatran|32/100|[from] item: Leftovers
|upkeep
|turn|33
|
|t:|1667227729
|move|p2a: Landorus|Earthquake|p1a: Heatran
|-supereffective|p1a: Heatran
|-damage|p1a: Heatran|0 fnt
|faint|p1a: Heatran
|
|upkeep
|
|t:|1667227732
|switch|p1a: Tornadus|Tornadus-Therian, M|91/100 brn
|-damage|p1a: Tornadus|66/100 brn|[from] Stealth Rock
|turn|34
|
|t:|1667227742
|move|p1a: Tornadus|Hurricane|p2a: Landorus|[miss]
|-miss|p1a: Tornadus|p2a: Landorus
|move|p2a: Landorus|Smack Down|p1a: Tornadus
|-supereffective|p1a: Tornadus
|-damage|p1a: Tornadus|8/100 brn
|-start|p1a: Tornadus|Smack Down
|
|-damage|p1a: Tornadus|1/100 brn|[from] brn
|upkeep
|turn|35
|c|☆Stads|Holy shit
|c|☆Stads|I can't touch this lando
|c|☆corumba|you're not allowed to complain about missing hurricane's or magma storms
|c|☆corumba|tbf
|c|☆Stads|Missing like 4 of them?
|
|t:|1667227771
|move|p1a: Tornadus|Hurricane|p2a: Landorus|[miss]
|-miss|p1a: Tornadus|p2a: Landorus
|move|p2a: Landorus|Knock Off|p1a: Tornadus
|-damage|p1a: Tornadus|0 fnt
|faint|p1a: Tornadus
|
|upkeep
|
|t:|1667227775
|switch|p1a: Kartana|Kartana|100/100
|-damage|p1a: Kartana|94/100|[from] Stealth Rock
|turn|36
|c|☆corumba|yes
|c|☆corumba|if you do you clearly haven't played this game enough
|c|☆Stads|Missing 4 of them is <1%
|j| user1_ou
|inactive|corumba has 120 seconds left.
|
|t:|1667227804
|switch|p2a: Melmetal|Melmetal|100/100
|-damage|p2a: Melmetal|94/100|[from] Stealth Rock
|move|p1a: Kartana|Leaf Blade|p2a: Melmetal
|-resisted|p2a: Melmetal
|-damage|p2a: Melmetal|78/100
|
|-heal|p2a: Melmetal|84/100|[from] item: Leftovers
|upkeep
|turn|37
|inactive|corumba has 120 seconds left.
|
|t:|1667227817
|switch|p1a: Corviknight|Corviknight, F|100/100
|-damage|p1a: Corviknight|88/100|[from] Stealth Rock
|-ability|p1a: Corviknight|Pressure
|move|p2a: Melmetal|Ice Punch|p1a: Corviknight
|-damage|p1a: Corviknight|67/100
|
|-heal|p2a: Melmetal|90/100|[from] item: Leftovers
|upkeep
|turn|38
|inactive|corumba has 120 seconds left.
|
|t:|1667227827
|move|p1a: Corviknight|Defog|p2a: Melmetal
|-unboost|p2a: Melmetal|evasion|1
|-sideend|p2: corumba|Stealth Rock|[from] move: Defog|[of] p1a: Corviknight
|-sideend|p1: Stads|Stealth Rock|[from] move: Defog|[of] p1a: Corviknight
|move|p2a: Melmetal|Ice Punch|p1a: Corviknight
|-damage|p1a: Corviknight|48/100
|
|-heal|p2a: Melmetal|96/100|[from] item: Leftovers
|upkeep
|turn|39
|inactive|corumba has 120 seconds left.
|
|t:|1667227836
|switch|p2a: Landorus|Landorus-Therian, M|55/100
|-ability|p2a: Landorus|Intimidate|boost
|-unboost|p1a: Corviknight|atk|1
|move|p1a: Corviknight|Roost|p1a: Corviknight
|-heal|p1a: Corviknight|98/100
|-singleturn|p1a: Corviknight|move: Roost
|
|upkeep
|turn|40
|
|t:|1667227840
|move|p2a: Landorus|Smack Down|p1a: Corviknight
|-damage|p1a: Corviknight|83/100
|-start|p1a: Corviknight|Smack Down
|move|p1a: Corviknight|U-turn|p2a: Landorus
|-resisted|p2a: Landorus
|-damage|p2a: Landorus|50/100
|
|t:|1667227843
|switch|p1a: Kartana|Kartana|94/100|[from]move: U-turn
|
|upkeep
|turn|41
|
|t:|1667227850
|switch|p1a: Corviknight|Corviknight, F|83/100
|-ability|p1a: Corviknight|Pressure
|switch|p2a: Melmetal|Melmetal|96/100
|
|-heal|p2a: Melmetal|100/100|[from] item: Leftovers
|upkeep
|turn|42
|
|t:|1667227855
|move|p1a: Corviknight|Body Press|p2a: Melmetal
|-supereffective|p2a: Melmetal
|-damage|p2a: Melmetal|77/100
|move|p2a: Melmetal|Ice Punch|p1a: Corviknight
|-damage|p1a: Corviknight|64/100
|-status|p1a: Corviknight|frz
|
|-heal|p2a: Melmetal|83/100|[from] item: Leftovers
|upkeep
|turn|43
|
|t:|1667227862
|switch|p2a: Landorus|Landorus-Therian, M|50/100
|-ability|p2a: Landorus|Intimidate|boost
|-unboost|p1a: Corviknight|atk|1
|cant|p1a: Corviknight|frz
|
|upkeep
|turn|44
|
|t:|1667227868
|switch|p1a: Kartana|Kartana|94/100
|move|p2a: Landorus|Smack Down|p1a: Kartana
|-resisted|p1a: Kartana
|-damage|p1a: Kartana|83/100
|
|upkeep
|turn|45
|
|t:|1667227871
|switch|p2a: Melmetal|Melmetal|83/100
|move|p1a: Kartana|Knock Off|p2a: Melmetal
|-damage|p2a: Melmetal|61/100
|-enditem|p2a: Melmetal|Leftovers|[from] move: Knock Off|[of] p1a: Kartana
|
|upkeep
|turn|46
|
|t:|1667227884
|switch|p1a: Toxapex|Toxapex, F|85/100 brn
|move|p2a: Melmetal|Ice Punch|p1a: Toxapex
|-resisted|p1a: Toxapex
|-damage|p1a: Toxapex|76/100 brn
|
|-damage|p1a: Toxapex|70/100 brn|[from] brn
|upkeep
|turn|47
|
|t:|1667227891
|switch|p2a: Dragapult|Dragapult, F|76/100 tox
|switch|p1a: Corviknight|Corviknight, F|64/100 frz
|-ability|p1a: Corviknight|Pressure
|
|-damage|p2a: Dragapult|70/100 tox|[from] psn
|upkeep
|turn|48
|
|t:|1667227896
|move|p2a: Dragapult|U-turn|p1a: Corviknight
|-resisted|p1a: Corviknight
|-damage|p1a: Corviknight|58/100 frz
|
|t:|1667227902
|switch|p2a: Landorus|Landorus-Therian, M|50/100|[from]move: U-turn
|-ability|p2a: Landorus|Intimidate|boost
|-unboost|p1a: Corviknight|atk|1
|cant|p1a: Corviknight|frz
|
|upkeep
|turn|49
|
|t:|1667227914
|move|p2a: Landorus|Smack Down|p1a: Corviknight
|-damage|p1a: Corviknight|44/100 frz
|-start|p1a: Corviknight|Smack Down
|cant|p1a: Corviknight|frz
|
|upkeep
|turn|50
|c|☆Stads|Geezx
|
|t:|1667227926
|switch|p1a: Hippowdon|Hippowdon, M|50/100
|-weather|Sandstorm|[from] ability: Sand Stream|[of] p1a: Hippowdon
|move|p2a: Landorus|Earthquake|p1a: Hippowdon
|-damage|p1a: Hippowdon|2/100
|
|-weather|Sandstorm|[upkeep]
|-heal|p1a: Hippowdon|8/100|[from] item: Leftovers
|upkeep
|turn|51
|
|t:|1667227935
|switch|p1a: Corviknight|Corviknight, F|44/100 frz
|-ability|p1a: Corviknight|Pressure
|move|p2a: Landorus|Knock Off|p1a: Corviknight
|-damage|p1a: Corviknight|26/100 frz
|
|-weather|Sandstorm|[upkeep]
|upkeep
|turn|52
|
|t:|1667227944
|move|p2a: Landorus|Smack Down|p1a: Corviknight
|-damage|p1a: Corviknight|14/100 frz
|-start|p1a: Corviknight|Smack Down
|cant|p1a: Corviknight|frz
|
|-weather|Sandstorm|[upkeep]
|upkeep
|turn|53
|c|☆Stads|There's nothing for me here
|
|t:|1667227951
|move|p2a: Landorus|Earthquake|p1a: Corviknight
|-supereffective|p1a: Corviknight
|-damage|p1a: Corviknight|0 fnt
|faint|p1a: Corviknight
|
|-weather|Sandstorm|[upkeep]
|upkeep
|
|t:|1667227953
|switch|p1a: Kartana|Kartana|83/100
|turn|54
|l| Prrpscpt
|
|t:|1667227959
|switch|p2a: Melmetal|Melmetal|61/100
|move|p1a: Kartana|Leaf Blade|p2a: Melmetal
|-resisted|p2a: Melmetal
|-damage|p2a: Melmetal|47/100
|
|-weather|none
|upkeep
|turn|55
|
|t:|1667227967
|switch|p1a: Toxapex|Toxapex, F|100/100 brn
|move|p2a: Melmetal|Double Iron Bash|p1a: Toxapex
|-resisted|p1a: Toxapex
|-damage|p1a: Toxapex|89/100 brn
|-resisted|p1a: Toxapex
|-damage|p1a: Toxapex|79/100 brn
|-hitcount|p1a: Toxapex|2
|
|-damage|p1a: Toxapex|73/100 brn|[from] brn
|upkeep
|turn|56
|
|t:|1667227971
|switch|p2a: Dragapult|Dragapult, F|70/100 tox
|move|p1a: Toxapex|Scald|p2a: Dragapult
|-resisted|p2a: Dragapult
|-damage|p2a: Dragapult|60/100 tox
|
|-damage|p2a: Dragapult|54/100 tox|[from] psn
|-damage|p1a: Toxapex|66/100 brn|[from] brn
|upkeep
|turn|57
|
|t:|1667227978
|move|p2a: Dragapult|Dragon Darts|p1a: Toxapex
|-damage|p1a: Toxapex|41/100 brn
|-anim|p2a: Dragapult|Dragon Darts|p1a: Toxapex
|-damage|p1a: Toxapex|16/100 brn
|move|p1a: Toxapex|Recover|p1a: Toxapex
|-heal|p1a: Toxapex|66/100 brn
|
|-damage|p2a: Dragapult|42/100 tox|[from] psn
|-damage|p1a: Toxapex|59/100 brn|[from] brn
|upkeep
|turn|58
|j| tapu moxo
|
|t:|1667227987
|switch|p2a: Landorus|Landorus-Therian, M|50/100
|-ability|p2a: Landorus|Intimidate|boost
|-unboost|p1a: Toxapex|atk|1
|switch|p1a: Hippowdon|Hippowdon, M|8/100
|-weather|Sandstorm|[from] ability: Sand Stream|[of] p1a: Hippowdon
|
|-weather|Sandstorm|[upkeep]
|-heal|p1a: Hippowdon|14/100|[from] item: Leftovers
|upkeep
|turn|59
|
|t:|1667227989
|move|p2a: Landorus|Earthquake|p1a: Hippowdon
|-damage|p1a: Hippowdon|0 fnt
|faint|p1a: Hippowdon
|
|-weather|Sandstorm|[upkeep]
|upkeep
|
|t:|1667227991
|switch|p1a: Kartana|Kartana|83/100
|turn|60
|j| Tennia
|
|t:|1667227996
|switch|p2a: Melmetal|Melmetal|47/100
|move|p1a: Kartana|Leaf Blade|p2a: Melmetal
|-resisted|p2a: Melmetal
|-damage|p2a: Melmetal|32/100
|
|-weather|Sandstorm|[upkeep]
|upkeep
|turn|61
|
|t:|1667228005
|move|p1a: Kartana|Leaf Blade|p2a: Melmetal
|-resisted|p2a: Melmetal
|-damage|p2a: Melmetal|15/100
|move|p2a: Melmetal|Double Iron Bash|p1a: Kartana
|-resisted|p1a: Kartana
|-damage|p1a: Kartana|62/100
|-resisted|p1a: Kartana
|-damage|p1a: Kartana|42/100
|-hitcount|p1a: Kartana|2
|
|-weather|Sandstorm|[upkeep]
|upkeep
|turn|62
|
|t:|1667228012
|move|p1a: Kartana|Leaf Blade|p2a: Melmetal
|-resisted|p2a: Melmetal
|-damage|p2a: Melmetal|0 fnt
|faint|p2a: Melmetal
|-ability|p1a: Kartana|Beast Boost|boost
|-boost|p1a: Kartana|atk|1
|
|-weather|none
|upkeep
|
|t:|1667228015
|switch|p2a: Gengar|Gengar, F|100/100
|turn|63
|
|t:|1667228018
|switch|p1a: Toxapex|Toxapex, F|93/100 brn
|move|p2a: Gengar|Shadow Ball|p1a: Toxapex
|-damage|p1a: Toxapex|58/100 brn
|-unboost|p1a: Toxapex|spd|1
|
|-damage|p1a: Toxapex|51/100 brn|[from] brn
|upkeep
|turn|64
|c|☆Stads|Holy shit
|c|☆Stads|Yeah, now I'm laughing
|
|t:|1667228031
|switch|p2a: Landorus|Landorus-Therian, M|50/100
|-ability|p2a: Landorus|Intimidate|boost
|-unboost|p1a: Toxapex|atk|1
|move|p1a: Toxapex|Knock Off|p2a: Landorus
|-damage|p2a: Landorus|44/100
|-enditem|p2a: Landorus|Soft Sand|[from] move: Knock Off|[of] p1a: Toxapex
|
|-damage|p1a: Toxapex|45/100 brn|[from] brn
|upkeep
|turn|65
|
|t:|1667228036
|move|p2a: Landorus|Earthquake|p1a: Toxapex
|-supereffective|p1a: Toxapex
|-damage|p1a: Toxapex|0 fnt
|faint|p1a: Toxapex
|
|upkeep
|
|t:|1667228037
|switch|p1a: Kartana|Kartana|42/100
|turn|66
|
|t:|1667228045
|move|p1a: Kartana|Smart Strike|p2a: Landorus
|-damage|p2a: Landorus|0 fnt
|faint|p2a: Landorus
|-ability|p1a: Kartana|Beast Boost|boost
|-boost|p1a: Kartana|atk|1
|
|upkeep
|
|t:|1667228049
|switch|p2a: Gengar|Gengar, F|100/100
|turn|67
|
|t:|1667228052
|move|p2a: Gengar|Shadow Ball|p1a: Kartana
|-damage|p1a: Kartana|0 fnt
|faint|p1a: Kartana
|
|win|corumba
|raw|Stads's rating: 1778 &rarr; <strong>1757</strong><br />(-21 for losing)
|raw|corumba's rating: 1757 &rarr; <strong>1778</strong><br />(+21 for winning)
|c|☆corumba|pokemon
|c|☆corumba|that was lame though
|c|☆corumba|apologies
|l|☆corumba
|c|☆Stads|If I hit one move on Lando
|c|☆Stads|Is that gg?
|l|☆Stads
||Ladder isn't responding, score probably updated but might not have (Request timeout).
|l| Tegalik
|l| Routeamtester
|l| lapad155
|l| Gyosoph
