|j|☆OU make me yawn ¤
|j|☆IM AT MY LIMIT
|t:|1617342823
|gametype|singles
|player|p1|OU make me yawn ¤|nate|
|player|p2|IM AT MY LIMIT|dawn|
|teamsize|p1|6
|teamsize|p2|6
|gen|8
|tier|[Gen 8] OU
|clearpoke
|poke|p1|Slowking-Galar, F|
|poke|p1|Urshifu-*, F|
|poke|p1|Landorus-Therian, M|
|poke|p1|Tapu Koko|
|poke|p1|Ferrothorn, M|
|poke|p1|Mandibuzz, F|
|poke|p2|Avalugg, F|
|poke|p2|Clefable, F|
|poke|p2|Xatu, F|
|poke|p2|Hydreigon, M|
|poke|p2|Heatran, M|
|poke|p2|Toxapex, F|
|rule|Sleep Clause Mod: Limit one foe put to sleep
|rule|Species Clause: Limit one of each Pokémon
|rule|OHKO Clause: OHKO moves are banned
|rule|Evasion Moves Clause: Evasion moves are banned
|rule|Endless Battle Clause: Forcing endless battles is banned
|rule|HP Percentage Mod: HP is shown in percentages
|rule|Dynamax Clause: You cannot dynamax
|teampreview
|inactive|Battle timer is ON: inactive players will automatically lose when time's up. (requested by OU make me yawn ¤)
|inactive|OU make me yawn ¤ has 270 seconds left.
|inactive|IM AT MY LIMIT has 270 seconds left.
|
|t:|1617342875
|start
|switch|p1a: 👀|Slowking-Galar, F|100/100
|switch|p2a: Asshole|Toxapex, F|100/100
|turn|1
|
|t:|1617342886
|switch|p1a: 😭|Ferrothorn, M, shiny|100/100
|move|p2a: Asshole|Knock Off|p1a: 😭
|-damage|p1a: 😭|92/100
|-damage|p2a: Asshole|88/100|[from] ability: Iron Barbs|[of] p1a: 😭
|-enditem|p1a: 😭|Leftovers|[from] move: Knock Off|[of] p2a: Asshole
|
|upkeep
|turn|2
|
|t:|1617342896
|switch|p2a: ur mom|Xatu, F|100/100
|move|p1a: 😭|Knock Off|p2a: ur mom
|-supereffective|p2a: ur mom
|-damage|p2a: ur mom|60/100
|-enditem|p2a: ur mom|Leftovers|[from] move: Knock Off|[of] p1a: 😭
|
|upkeep
|turn|3
|
|t:|1617342904
|switch|p1a: T|Tapu Koko|100/100
|-fieldstart|move: Electric Terrain|[from] ability: Electric Surge|[of] p1a: T
|move|p2a: ur mom|Roost|p2a: ur mom
|-heal|p2a: ur mom|100/100
|-singleturn|p2a: ur mom|move: Roost
|
|upkeep
|turn|4
|inactive|IM AT MY LIMIT has 270 seconds left.
|c|☆IM AT MY LIMIT|oh my god
|inactive|IM AT MY LIMIT has 240 seconds left.
|c|☆IM AT MY LIMIT|we are 6-0 by a koko team
|c|☆OU make me yawn ¤|use quag or something
|c|☆IM AT MY LIMIT|??????
|c|☆IM AT MY LIMIT|spdF?
|inactive|IM AT MY LIMIT has 210 seconds left.
|c|☆OU make me yawn ¤|yea sure
|inactive|IM AT MY LIMIT has 180 seconds left.
|inactive|IM AT MY LIMIT has 150 seconds left.
|
|t:|1617343054
|switch|p2a: ASS|Clefable, F|100/100
|move|p1a: T|Thunderbolt|p2a: ASS
|-damage|p2a: ASS|53/100
|
|upkeep
|turn|5
|inactive|IM AT MY LIMIT has 150 seconds left.
|
|t:|1617343070
|move|p1a: T|Thunderbolt|p2a: ASS
|-damage|p2a: ASS|9/100
|move|p2a: ASS|Soft-Boiled|p2a: ASS
|-heal|p2a: ASS|59/100
|
|upkeep
|turn|6
|
|t:|1617343078
|move|p1a: T|Thunderbolt|p2a: ASS
|-damage|p2a: ASS|12/100
|-status|p2a: ASS|par
|move|p2a: ASS|Soft-Boiled|p2a: ASS
|-heal|p2a: ASS|62/100 par
|
|upkeep
|turn|7
|
|t:|1617343085
|move|p1a: T|Thunderbolt|p2a: ASS
|-damage|p2a: ASS|18/100 par
|move|p2a: ASS|Soft-Boiled|p2a: ASS
|-heal|p2a: ASS|68/100 par
|
|-fieldend|move: Electric Terrain
|upkeep
|turn|8
|
|t:|1617343093
|move|p1a: T|Thunderbolt|p2a: ASS
|-damage|p2a: ASS|31/100 par
|move|p2a: ASS|Soft-Boiled|p2a: ASS
|-heal|p2a: ASS|81/100 par
|
|upkeep
|turn|9
|
|t:|1617343101
|move|p1a: T|U-turn|p2a: ASS
|-resisted|p2a: ASS
|-crit|p2a: ASS
|-damage|p2a: ASS|71/100 par
|
|t:|1617343105
|switch|p1a: 👀|Slowking-Galar, F|100/100|[from]move: U-turn
|move|p2a: ASS|Heal Bell|p2a: ASS
|-activate|p2a: ASS|move: Heal Bell
|-curestatus|p2a: ASS|par|[msg]
|
|upkeep
|turn|10
|inactive|IM AT MY LIMIT has 180 seconds left.
|
|t:|1617343122
|switch|p2a: NASTY!!!!!!!|Hydreigon, M|100/100
|move|p1a: 👀|Future Sight|p2a: NASTY!!!!!!!
|-start|p1a: 👀|move: Future Sight
|
|upkeep
|turn|11
|
|t:|1617343135
|switch|p1a: The trolleage|Urshifu-Rapid-Strike, F|100/100
|move|p2a: NASTY!!!!!!!|Dark Pulse|p1a: The trolleage
|-resisted|p1a: The trolleage
|-damage|p1a: The trolleage|76/100
|
|upkeep
|turn|12
|inactive|IM AT MY LIMIT has 150 seconds left.
|
|t:|1617343184
|switch|p2a: Asshole|Toxapex, F|100/100
|move|p1a: The trolleage|Close Combat|p2a: Asshole
|-resisted|p2a: Asshole
|-crit|p2a: Asshole
|-damage|p2a: Asshole|57/100
|-unboost|p1a: The trolleage|def|1
|-unboost|p1a: The trolleage|spd|1
|
|-end|p2a: Asshole|move: Future Sight
|-supereffective|p2a: Asshole
|-damage|p2a: Asshole|0 fnt
|upkeep
|faint|p2a: Asshole
|c|☆IM AT MY LIMIT|crit matterd
|inactive|IM AT MY LIMIT has 120 seconds left.
|c|☆OU make me yawn ¤|nah
|
|t:|1617343223
|switch|p2a: ASS|Clefable, F|71/100
|turn|13
|
|t:|1617343228
|switch|p1a: 👀|Slowking-Galar, F|100/100
|move|p2a: ASS|Soft-Boiled|p2a: ASS
|-heal|p2a: ASS|100/100
|
|upkeep
|turn|14
|inactive|IM AT MY LIMIT has 120 seconds left.
|
|t:|1617343235
|switch|p2a: NASTY!!!!!!!|Hydreigon, M|100/100
|move|p1a: 👀|Future Sight|p2a: NASTY!!!!!!!
|-start|p1a: 👀|move: Future Sight
|
|upkeep
|turn|15
|
|t:|1617343243
|switch|p2a: ur mom|Xatu, F|100/100
|switch|p1a: The trolleage|Urshifu-Rapid-Strike, F|76/100
|
|upkeep
|turn|16
|
|t:|1617343249
|switch|p2a: NASTY!!!!!!!|Hydreigon, M|100/100
|move|p1a: The trolleage|Surging Strikes|p2a: NASTY!!!!!!!
|-resisted|p2a: NASTY!!!!!!!
|-crit|p2a: NASTY!!!!!!!
|-damage|p2a: NASTY!!!!!!!|89/100
|-resisted|p2a: NASTY!!!!!!!
|-crit|p2a: NASTY!!!!!!!
|-damage|p2a: NASTY!!!!!!!|79/100
|-resisted|p2a: NASTY!!!!!!!
|-crit|p2a: NASTY!!!!!!!
|-damage|p2a: NASTY!!!!!!!|68/100
|-hitcount|p2a: NASTY!!!!!!!|3
|
|-end|p2a: NASTY!!!!!!!|move: Future Sight
|-immune|p2a: NASTY!!!!!!!
|-heal|p2a: NASTY!!!!!!!|74/100|[from] item: Leftovers
|upkeep
|turn|17
|
|t:|1617343264
|move|p1a: The trolleage|Surging Strikes|p2a: NASTY!!!!!!!
|-resisted|p2a: NASTY!!!!!!!
|-crit|p2a: NASTY!!!!!!!
|-damage|p2a: NASTY!!!!!!!|63/100
|-resisted|p2a: NASTY!!!!!!!
|-crit|p2a: NASTY!!!!!!!
|-damage|p2a: NASTY!!!!!!!|52/100
|-resisted|p2a: NASTY!!!!!!!
|-crit|p2a: NASTY!!!!!!!
|-damage|p2a: NASTY!!!!!!!|41/100
|-hitcount|p2a: NASTY!!!!!!!|3
|move|p2a: NASTY!!!!!!!|Roost|p2a: NASTY!!!!!!!
|-heal|p2a: NASTY!!!!!!!|91/100
|-singleturn|p2a: NASTY!!!!!!!|move: Roost
|
|-heal|p2a: NASTY!!!!!!!|97/100|[from] item: Leftovers
|upkeep
|turn|18
|
|t:|1617343281
|switch|p1a: T|Tapu Koko|100/100
|-fieldstart|move: Electric Terrain|[from] ability: Electric Surge|[of] p1a: T
|switch|p2a: Trolled|Avalugg, F|100/100
|
|upkeep
|turn|19
|
|t:|1617343293
|switch|p2a: ASS|Clefable, F|100/100
|move|p1a: T|Thunderbolt|p2a: ASS
|-damage|p2a: ASS|50/100
|-status|p2a: ASS|par
|
|upkeep
|turn|20
|c|☆IM AT MY LIMIT|!!!
|c|☆OU make me yawn ¤|max roll twice please :)
|inactive|IM AT MY LIMIT has 120 seconds left.
|
|t:|1617343319
|move|p1a: T|Thunderbolt|p2a: ASS
|-damage|p2a: ASS|3/100 par
|cant|p2a: ASS|par
|
|upkeep
|turn|21
|inactive|IM AT MY LIMIT has 120 seconds left.
|c|☆OU make me yawn ¤|that also works
|inactive|OU make me yawn ¤ has 270 seconds left.
|c|☆IM AT MY LIMIT|iuwjhwkle;dw'e
|
|t:|1617343340
|move|p1a: T|U-turn|p2a: ASS
|-resisted|p2a: ASS
|-crit|p2a: ASS
|-damage|p2a: ASS|0 fnt
|faint|p2a: ASS
|inactive|OU make me yawn ¤ has 270 seconds left.
|
|t:|1617343355
|switch|p1a: Not good|Landorus-Therian, M, shiny|100/100|[from]move: U-turn
|
|upkeep
|
|t:|1617343361
|switch|p2a: Trolled|Avalugg, F|100/100
|turn|22
|inactive|OU make me yawn ¤ has 270 seconds left.
|
|t:|1617343368
|move|p1a: Not good|U-turn|p2a: Trolled
|-damage|p2a: Trolled|91/100
|
|t:|1617343371
|switch|p1a: 👀|Slowking-Galar, F|100/100|[from]move: U-turn
|move|p2a: Trolled|Avalanche|p1a: 👀
|-damage|p1a: 👀|77/100
|
|-fieldend|move: Electric Terrain
|upkeep
|turn|23
|
|t:|1617343378
|switch|p2a: NASTY!!!!!!!|Hydreigon, M|97/100
|move|p1a: 👀|Future Sight|p2a: NASTY!!!!!!!
|-start|p1a: 👀|move: Future Sight
|
|-heal|p2a: NASTY!!!!!!!|100/100|[from] item: Leftovers
|upkeep
|turn|24
|
|t:|1617343388
|switch|p1a: The trolleage|Urshifu-Rapid-Strike, F|76/100
|move|p2a: NASTY!!!!!!!|Earth Power|p1a: The trolleage
|-damage|p1a: The trolleage|38/100
|
|upkeep
|turn|25
|
|t:|1617343399
|switch|p2a: ur mom|Xatu, F|100/100
|move|p1a: The trolleage|U-turn|p2a: ur mom
|-damage|p2a: ur mom|65/100
|
|t:|1617343403
|switch|p1a: T|Tapu Koko|100/100|[from]move: U-turn
|-fieldstart|move: Electric Terrain|[from] ability: Electric Surge|[of] p1a: T
|
|-end|p2a: ur mom|move: Future Sight
|-resisted|p2a: ur mom
|-damage|p2a: ur mom|27/100
|upkeep
|turn|26
|
|t:|1617343414
|switch|p2a: harold|Heatran, M|100/100
|move|p1a: T|Thunderbolt|p2a: harold
|-damage|p2a: harold|71/100
|
|-heal|p2a: harold|77/100|[from] item: Leftovers
|upkeep
|turn|27
|
|t:|1617343421
|move|p1a: T|U-turn|p2a: harold
|-resisted|p2a: harold
|-damage|p2a: harold|73/100
|
|t:|1617343431
|switch|p1a: Not good|Landorus-Therian, M, shiny|100/100|[from]move: U-turn
|-ability|p1a: Not good|Intimidate|boost
|-unboost|p2a: harold|atk|1
|move|p2a: harold|Magma Storm|p1a: Not good
|-damage|p1a: Not good|54/100
|-activate|p1a: Not good|move: Magma Storm|[of] p2a: harold
|
|-heal|p1a: Not good|60/100|[from] item: Leftovers
|-heal|p2a: harold|80/100|[from] item: Leftovers
|-damage|p1a: Not good|48/100|[from] move: Magma Storm|[partiallytrapped]
|upkeep
|turn|28
|
|t:|1617343440
|switch|p2a: Trolled|Avalugg, F|91/100
|move|p1a: Not good|U-turn|p2a: Trolled
|-damage|p2a: Trolled|81/100
|
|t:|1617343446
|switch|p1a: T|Tapu Koko|100/100|[from]move: U-turn
|
|upkeep
|turn|29
|
|t:|1617343456
|switch|p2a: harold|Heatran, M|80/100
|move|p1a: T|Thunderbolt|p2a: harold
|-damage|p2a: harold|51/100
|
|-heal|p2a: harold|57/100|[from] item: Leftovers
|-fieldend|move: Electric Terrain
|upkeep
|turn|30
|
|t:|1617343463
|move|p1a: T|U-turn|p2a: harold
|-resisted|p2a: harold
|-damage|p2a: harold|54/100
|
|t:|1617343466
|switch|p1a: 👀|Slowking-Galar, F|100/100|[from]move: U-turn
|move|p2a: harold|Magma Storm|p1a: 👀
|-damage|p1a: 👀|80/100
|-activate|p1a: 👀|move: Magma Storm|[of] p2a: harold
|
|-heal|p2a: harold|60/100|[from] item: Leftovers
|-damage|p1a: 👀|68/100|[from] move: Magma Storm|[partiallytrapped]
|upkeep
|turn|31
|
|t:|1617343473
|move|p2a: harold|Earth Power|p1a: 👀
|-supereffective|p1a: 👀
|-damage|p1a: 👀|44/100
|move|p1a: 👀|Scald|p2a: harold
|-supereffective|p2a: harold
|-damage|p2a: harold|31/100
|
|-heal|p2a: harold|37/100|[from] item: Leftovers
|-damage|p1a: 👀|31/100|[from] move: Magma Storm|[partiallytrapped]
|upkeep
|turn|32
|
|t:|1617343487
|move|p2a: harold|Earth Power|p1a: 👀
|-supereffective|p1a: 👀
|-damage|p1a: 👀|6/100
|move|p1a: 👀|Scald|p2a: harold
|-supereffective|p2a: harold
|-damage|p2a: harold|6/100
|
|-heal|p2a: harold|12/100|[from] item: Leftovers
|-damage|p1a: 👀|0 fnt|[from] move: Magma Storm|[partiallytrapped]
|faint|p1a: 👀
|upkeep
|
|t:|1617343501
|switch|p1a: T|Tapu Koko|100/100
|-fieldstart|move: Electric Terrain|[from] ability: Electric Surge|[of] p1a: T
|turn|33
|
|t:|1617343505
|move|p1a: T|Thunderbolt|p2a: harold
|-damage|p2a: harold|0 fnt
|faint|p2a: harold
|
|upkeep
|
|t:|1617343510
|switch|p2a: NASTY!!!!!!!|Hydreigon, M|100/100
|turn|34
|
|t:|1617343514
|move|p1a: T|Dazzling Gleam|p2a: NASTY!!!!!!!
|-supereffective|p2a: NASTY!!!!!!!
|-damage|p2a: NASTY!!!!!!!|0 fnt
|faint|p2a: NASTY!!!!!!!
|
|upkeep
|inactive|IM AT MY LIMIT has 210 seconds left.
|c|☆IM AT MY LIMIT|Wth man
|c|☆IM AT MY LIMIT|clef got haxxed
|c|☆OU make me yawn ¤|didn't matter
|inactive|IM AT MY LIMIT has 180 seconds left.
|c|☆OU make me yawn ¤|i would have won in the long run anyway
|c|☆IM AT MY LIMIT|BRUHH
|
|t:|1617343566
|switch|p2a: Trolled|Avalugg, F|81/100
|turn|35
|
|t:|1617343572
|move|p1a: T|Thunderbolt|p2a: Trolled
|-damage|p2a: Trolled|5/100
|move|p2a: Trolled|Avalanche|p1a: T
|-damage|p1a: T|44/100
|
|upkeep
|turn|36
|inactive|IM AT MY LIMIT has 180 seconds left.
|
|t:|1617343579
|move|p1a: T|Thunderbolt|p2a: Trolled
|-damage|p2a: Trolled|0 fnt
|faint|p2a: Trolled
|
|upkeep
|
|t:|1617343583
|switch|p2a: ur mom|Xatu, F|27/100
|turn|37
|
|t:|1617343589
|move|p1a: T|U-turn|p2a: ur mom
|-damage|p2a: ur mom|11/100
|
|t:|1617343592
|switch|p1a: The trolleage|Urshifu-Rapid-Strike, F|38/100|[from]move: U-turn
|move|p2a: ur mom|Wish|p2a: ur mom
|
|-fieldend|move: Electric Terrain
|upkeep
|turn|38
|
|t:|1617343599
|move|p1a: The trolleage|Aqua Jet|p2a: ur mom
|-damage|p2a: ur mom|0 fnt
|faint|p2a: ur mom
|
|win|OU make me yawn ¤
|c|☆IM AT MY LIMIT|Use the same team except i have a spdf quag in the mix
|c|☆IM AT MY LIMIT|DONT CHANGE THE KOKO SET!!!
|c|☆OU make me yawn ¤|lol k
|n|☆IM AT MY LIMIT@!|imatmylimit
|n|☆IM AT MY LIMIT|imatmylimit
|player|p1|OU make me yawn ¤|nate
|inactive|Battle timer is ON: inactive players will automatically lose when time's up. (requested by OU make me yawn ¤)
