|j|☆NeoNaruto®++
|j|☆Mimikyu Stardust
|inactive|Battle timer is ON: inactive players will automatically lose when time's up.
|t:|1640676303
|gametype|singles
|player|p1|NeoNaruto®++|medium|
|player|p2|Mimikyu Stardust|#mimikyustardust|
|teamsize|p1|6
|teamsize|p2|6
|gen|8
|tier|[Gen 8] OU
|rated|Tournament battle
|rule|Sleep Clause Mod: Limit one foe put to sleep
|rule|Species Clause: Limit one of each Pokémon
|rule|OHKO Clause: OHKO moves are banned
|rule|Evasion Moves Clause: Evasion moves are banned
|rule|Endless Battle Clause: Forcing endless battles is banned
|rule|HP Percentage Mod: HP is shown in percentages
|rule|Dynamax Clause: You cannot dynamax
|clearpoke
|poke|p1|Landorus-Therian, M|
|poke|p1|Slowbro, M|
|poke|p1|Tapu Koko|
|poke|p1|Dragonite, M|
|poke|p1|Melmetal|
|poke|p1|Tyranitar, F|
|poke|p2|Hydreigon, F|
|poke|p2|Dragapult, M|
|poke|p2|Corviknight, F|
|poke|p2|Slowking-Galar, M|
|poke|p2|Primarina, M|
|poke|p2|Gabite, F|
|teampreview
|inactive|NeoNaruto®++ also wants the timer to be on.
|j| Groundlance
|j| fruityiscool423
|j| Kyurem
|j| heloo anakin
|j| Blastoise Expert
|j| Cra2k
|j| akldajs
|j|@Fusien
|c| Blastoise Expert|not the gabite team lmao
|j| Mani1517
|j| bandiiit
|inactive|Mimikyu Stardust has 120 seconds left.
|c|☆Mimikyu Stardust|u mean, the best team?
|j| ascmad
|c| Blastoise Expert|of course
|c|@Fusien|I wasn’t around for this workshop ;-;
|j| Mikirae
|c|☆Mimikyu Stardust|you really changed darm to melm
|c| heloo anakin|imagine if gabite sweeped
|c|☆Mimikyu Stardust|damn
|inactive|Mimikyu Stardust has 90 seconds left.
|c| ascmad|gabite?
|c|☆NeoNaruto®++|thought you would bring rain
|c|☆Mimikyu Stardust|Fusien thats why i use it, so you'll see
|c|☆Mimikyu Stardust|nah rain is only for ladder
|
|t:|1640676386
|start
|switch|p1a: Bernie Landers|Landorus-Therian, M|100/100
|switch|p2a: Gawr Gura ≥w≤|Gabite, F, shiny|100/100
|-ability|p1a: Bernie Landers|Intimidate|boost
|-unboost|p2a: Gawr Gura ≥w≤|atk|1
|turn|1
|c|☆NeoNaruto®++|hate to see it
|
|t:|1640676390
|move|p2a: Gawr Gura ≥w≤|Toxic|p1a: Bernie Landers
|-status|p1a: Bernie Landers|tox
|move|p1a: Bernie Landers|Stealth Rock|p2a: Gawr Gura ≥w≤
|-sidestart|p2: Mimikyu Stardust|move: Stealth Rock
|
|-damage|p1a: Bernie Landers|94/100 tox|[from] psn
|upkeep
|turn|2
|
|t:|1640676392
|move|p2a: Gawr Gura ≥w≤|Stealth Rock|p1a: Bernie Landers
|-sidestart|p1: NeoNaruto®++|move: Stealth Rock
|move|p1a: Bernie Landers|Toxic|p2a: Gawr Gura ≥w≤
|-status|p2a: Gawr Gura ≥w≤|tox
|
|-damage|p2a: Gawr Gura ≥w≤|94/100 tox|[from] psn
|-damage|p1a: Bernie Landers|82/100 tox|[from] psn
|upkeep
|turn|3
|
|t:|1640676396
|switch|p2a: Nightwing|Corviknight, F|100/100
|-damage|p2a: Nightwing|88/100|[from] Stealth Rock
|-ability|p2a: Nightwing|Pressure
|move|p1a: Bernie Landers|Knock Off|p2a: Nightwing
|-damage|p2a: Nightwing|69/100
|-damage|p1a: Bernie Landers|66/100 tox|[from] item: Rocky Helmet|[of] p2a: Nightwing
|-enditem|p2a: Nightwing|Rocky Helmet|[from] move: Knock Off|[of] p1a: Bernie Landers
|
|-damage|p1a: Bernie Landers|48/100 tox|[from] psn
|upkeep
|turn|4
|
|t:|1640676399
|move|p1a: Bernie Landers|U-turn|p2a: Nightwing
|-resisted|p2a: Nightwing
|-damage|p2a: Nightwing|66/100
|c| ascmad|gharcomp?
|j| memesketch
|
|t:|1640676401
|switch|p1a: spvceghvstpvrrp|Slowbro, M, shiny|100/100|[from]move: U-turn
|-damage|p1a: spvceghvstpvrrp|88/100|[from] Stealth Rock
|move|p2a: Nightwing|Roost|p2a: Nightwing
|-heal|p2a: Nightwing|100/100
|-singleturn|p2a: Nightwing|move: Roost
|
|upkeep
|turn|5
|inactive|NeoNaruto®++ no longer wants the timer on, but the timer is staying on because staff still does.
|j|@pastagirl
|
|t:|1640676406
|switch|p2a: Ghidorah|Hydreigon, F|100/100
|-damage|p2a: Ghidorah|88/100|[from] Stealth Rock
|move|p1a: spvceghvstpvrrp|Future Sight|p2a: Ghidorah
|-start|p1a: spvceghvstpvrrp|move: Future Sight
|
|upkeep
|turn|6
|c|☆NeoNaruto®++|mb
|
|t:|1640676409
|switch|p1a: DA LAST REX(3005)|Tyranitar, F|100/100
|-damage|p1a: DA LAST REX(3005)|88/100|[from] Stealth Rock
|-weather|Sandstorm|[from] ability: Sand Stream|[of] p1a: DA LAST REX(3005)
|move|p2a: Ghidorah|Dark Pulse|p1a: DA LAST REX(3005)
|-resisted|p1a: DA LAST REX(3005)
|-damage|p1a: DA LAST REX(3005)|80/100
|-damage|p2a: Ghidorah|78/100|[from] item: Life Orb
|
|-weather|Sandstorm|[upkeep]
|-damage|p2a: Ghidorah|72/100|[from] Sandstorm
|upkeep
|turn|7
|
|t:|1640676413
|move|p2a: Ghidorah|Superpower|p1a: DA LAST REX(3005)
|-supereffective|p1a: DA LAST REX(3005)
|-damage|p1a: DA LAST REX(3005)|0 fnt
|-unboost|p2a: Ghidorah|atk|1
|-unboost|p2a: Ghidorah|def|1
|faint|p1a: DA LAST REX(3005)
|-damage|p2a: Ghidorah|62/100|[from] item: Life Orb
|
|-weather|Sandstorm|[upkeep]
|-damage|p2a: Ghidorah|56/100|[from] Sandstorm
|-end|p2a: Ghidorah|move: Future Sight
|-immune|p2a: Ghidorah
|upkeep
|
|t:|1640676415
|switch|p1a: PURRP STILL 4 SALE|Melmetal, shiny|100/100
|-damage|p1a: PURRP STILL 4 SALE|94/100|[from] Stealth Rock
|turn|8
|
|t:|1640676420
|switch|p2a: Gawr Gura ≥w≤|Gabite, F, shiny|94/100 tox
|-damage|p2a: Gawr Gura ≥w≤|88/100 tox|[from] Stealth Rock
|move|p1a: PURRP STILL 4 SALE|Thunder Punch|p2a: Gawr Gura ≥w≤
|-immune|p2a: Gawr Gura ≥w≤
|
|-weather|Sandstorm|[upkeep]
|-damage|p2a: Gawr Gura ≥w≤|82/100 tox|[from] psn
|upkeep
|turn|9
|
|t:|1640676423
|switch|p1a: spvceghvstpvrrp|Slowbro, M, shiny|100/100
|-damage|p1a: spvceghvstpvrrp|88/100|[from] Stealth Rock
|move|p2a: Gawr Gura ≥w≤|Earthquake|p1a: spvceghvstpvrrp
|-damage|p1a: spvceghvstpvrrp|69/100
|
|-weather|Sandstorm|[upkeep]
|-damage|p1a: spvceghvstpvrrp|63/100|[from] Sandstorm
|-damage|p2a: Gawr Gura ≥w≤|70/100 tox|[from] psn
|upkeep
|turn|10
|
|t:|1640676426
|move|p2a: Gawr Gura ≥w≤|Toxic|p1a: spvceghvstpvrrp
|-status|p1a: spvceghvstpvrrp|tox
|move|p1a: spvceghvstpvrrp|Teleport|p1a: spvceghvstpvrrp
|
|t:|1640676428
|switch|p1a: VODECi|Tapu Koko|100/100|[from]move: Teleport
|-damage|p1a: VODECi|88/100|[from] Stealth Rock
|-fieldstart|move: Electric Terrain|[from] ability: Electric Surge|[of] p1a: VODECi
|
|-weather|none
|-damage|p2a: Gawr Gura ≥w≤|51/100 tox|[from] psn
|upkeep
|turn|11
|
|t:|1640676431
|switch|p2a: Panties Scourge|Slowking-Galar, M|100/100
|-damage|p2a: Panties Scourge|88/100|[from] Stealth Rock
|move|p1a: VODECi|Volt Switch|p2a: Panties Scourge
|-damage|p2a: Panties Scourge|60/100
|
|t:|1640676435
|switch|p1a: Fat Charizard|Dragonite, M, shiny|100/100|[from]move: Volt Switch
|
|upkeep
|turn|12
|
|t:|1640676441
|switch|p1a: VODECi|Tapu Koko|88/100
|-damage|p1a: VODECi|76/100|[from] Stealth Rock
|move|p2a: Panties Scourge|Ice Beam|p1a: VODECi
|-damage|p1a: VODECi|36/100
|
|upkeep
|turn|13
|
|t:|1640676445
|move|p1a: VODECi|Roost|p1a: VODECi
|-heal|p1a: VODECi|86/100
|-singleturn|p1a: VODECi|move: Roost
|move|p2a: Panties Scourge|Ice Beam|p1a: VODECi
|-damage|p1a: VODECi|48/100
|
|upkeep
|turn|14
|
|t:|1640676448
|switch|p1a: PURRP STILL 4 SALE|Melmetal, shiny|94/100
|-damage|p1a: PURRP STILL 4 SALE|88/100|[from] Stealth Rock
|move|p2a: Panties Scourge|Future Sight|p1a: PURRP STILL 4 SALE
|-start|p2a: Panties Scourge|move: Future Sight
|
|-fieldend|move: Electric Terrain
|upkeep
|turn|15
|
|t:|1640676459
|switch|p2a: Nightwing|Corviknight, F|100/100
|-damage|p2a: Nightwing|88/100|[from] Stealth Rock
|-ability|p2a: Nightwing|Pressure
|move|p1a: PURRP STILL 4 SALE|Double Iron Bash|p2a: Nightwing
|-resisted|p2a: Nightwing
|-damage|p2a: Nightwing|66/100
|-resisted|p2a: Nightwing
|-damage|p2a: Nightwing|44/100
|-hitcount|p2a: Nightwing|2
|
|upkeep
|turn|16
|
|t:|1640676466
|move|p2a: Nightwing|Roost|p2a: Nightwing
|-heal|p2a: Nightwing|94/100
|-singleturn|p2a: Nightwing|move: Roost
|move|p1a: PURRP STILL 4 SALE|Double Iron Bash|p2a: Nightwing
|-resisted|p2a: Nightwing
|-damage|p2a: Nightwing|72/100
|-resisted|p2a: Nightwing
|-damage|p2a: Nightwing|50/100
|-hitcount|p2a: Nightwing|2
|
|-end|p1a: PURRP STILL 4 SALE|move: Future Sight
|-resisted|p1a: PURRP STILL 4 SALE
|-damage|p1a: PURRP STILL 4 SALE|62/100
|upkeep
|turn|17
|
|t:|1640676471
|switch|p1a: spvceghvstpvrrp|Slowbro, M, shiny|96/100 tox
|-damage|p1a: spvceghvstpvrrp|83/100 tox|[from] Stealth Rock
|move|p2a: Nightwing|Body Press|p1a: spvceghvstpvrrp
|-resisted|p1a: spvceghvstpvrrp
|-damage|p1a: spvceghvstpvrrp|76/100 tox
|-damage|p2a: Nightwing|34/100|[from] item: Rocky Helmet|[of] p1a: spvceghvstpvrrp
|
|-damage|p1a: spvceghvstpvrrp|70/100 tox|[from] psn
|upkeep
|turn|18
|
|t:|1640676478
|move|p2a: Nightwing|Roost|p2a: Nightwing
|-heal|p2a: Nightwing|84/100
|-singleturn|p2a: Nightwing|move: Roost
|move|p1a: spvceghvstpvrrp|Teleport|p1a: spvceghvstpvrrp
|
|t:|1640676480
|switch|p1a: VODECi|Tapu Koko|48/100|[from]move: Teleport
|-damage|p1a: VODECi|36/100|[from] Stealth Rock
|-fieldstart|move: Electric Terrain|[from] ability: Electric Surge|[of] p1a: VODECi
|
|upkeep
|turn|19
|
|t:|1640676483
|switch|p2a: Gawr Gura ≥w≤|Gabite, F, shiny|51/100 tox
|-damage|p2a: Gawr Gura ≥w≤|45/100 tox|[from] Stealth Rock
|move|p1a: VODECi|Roost|p1a: VODECi
|-heal|p1a: VODECi|86/100
|-singleturn|p1a: VODECi|move: Roost
|
|-damage|p2a: Gawr Gura ≥w≤|39/100 tox|[from] psn
|upkeep
|turn|20
|
|t:|1640676487
|switch|p1a: spvceghvstpvrrp|Slowbro, M, shiny|100/100 tox
|-damage|p1a: spvceghvstpvrrp|88/100 tox|[from] Stealth Rock
|move|p2a: Gawr Gura ≥w≤|Earthquake|p1a: spvceghvstpvrrp
|-damage|p1a: spvceghvstpvrrp|70/100 tox
|
|-damage|p2a: Gawr Gura ≥w≤|26/100 tox|[from] psn
|-damage|p1a: spvceghvstpvrrp|63/100 tox|[from] psn
|upkeep
|turn|21
|
|t:|1640676492
|switch|p2a: Leviathan|Dragapult, M|100/100
|-damage|p2a: Leviathan|88/100|[from] Stealth Rock
|move|p1a: spvceghvstpvrrp|Teleport|p1a: spvceghvstpvrrp
|
|t:|1640676495
|switch|p1a: PURRP STILL 4 SALE|Melmetal, shiny|62/100|[from]move: Teleport
|-damage|p1a: PURRP STILL 4 SALE|56/100|[from] Stealth Rock
|
|upkeep
|turn|22
|
|t:|1640676499
|move|p2a: Leviathan|U-turn|p1a: PURRP STILL 4 SALE
|-resisted|p1a: PURRP STILL 4 SALE
|-damage|p1a: PURRP STILL 4 SALE|52/100
|
|t:|1640676501
|switch|p2a: Gawr Gura ≥w≤|Gabite, F, shiny|26/100 tox|[from]move: U-turn
|-damage|p2a: Gawr Gura ≥w≤|20/100 tox|[from] Stealth Rock
|move|p1a: PURRP STILL 4 SALE|Double Iron Bash|p2a: Gawr Gura ≥w≤
|-damage|p2a: Gawr Gura ≥w≤|0 fnt
|-damage|p1a: PURRP STILL 4 SALE|40/100|[from] ability: Rough Skin|[of] p2a: Gawr Gura ≥w≤
|faint|p2a: Gawr Gura ≥w≤
|-hitcount|p2: Gawr Gura ≥w≤|1
|
|-fieldend|move: Electric Terrain
|upkeep
|
|t:|1640676511
|switch|p2a: Leviathan|Dragapult, M|88/100
|-damage|p2a: Leviathan|76/100|[from] Stealth Rock
|turn|23
|
|t:|1640676516
|switch|p1a: Bernie Landers|Landorus-Therian, M|48/100 tox
|-damage|p1a: Bernie Landers|36/100 tox|[from] Stealth Rock
|-ability|p1a: Bernie Landers|Intimidate|boost
|-unboost|p2a: Leviathan|atk|1
|move|p2a: Leviathan|Shadow Ball|p1a: Bernie Landers
|-damage|p1a: Bernie Landers|0 fnt
|faint|p1a: Bernie Landers
|
|upkeep
|
|t:|1640676518
|switch|p1a: VODECi|Tapu Koko|86/100
|-damage|p1a: VODECi|73/100|[from] Stealth Rock
|-fieldstart|move: Electric Terrain|[from] ability: Electric Surge|[of] p1a: VODECi
|turn|24
|c| Mani1517|garchomp is on break
|
|t:|1640676548
|move|p2a: Leviathan|Shadow Ball|p1a: VODECi
|-damage|p1a: VODECi|0 fnt
|faint|p1a: VODECi
|
|upkeep
|c| Mani1517|his son gabite is here to do the work
|
|t:|1640676553
|switch|p1a: Fat Charizard|Dragonite, M, shiny|100/100
|turn|25
|
|t:|1640676554
|switch|p1a: PURRP STILL 4 SALE|Melmetal, shiny|40/100
|-damage|p1a: PURRP STILL 4 SALE|33/100|[from] Stealth Rock
|move|p2a: Leviathan|Shadow Ball|p1a: PURRP STILL 4 SALE
|-crit|p1a: PURRP STILL 4 SALE
|-damage|p1a: PURRP STILL 4 SALE|0 fnt
|faint|p1a: PURRP STILL 4 SALE
|
|upkeep
|
|t:|1640676557
|switch|p1a: Fat Charizard|Dragonite, M, shiny|100/100
|turn|26
|
|t:|1640676559
|move|p2a: Leviathan|Shadow Ball|p1a: Fat Charizard
|-damage|p1a: Fat Charizard|74/100
|move|p1a: Fat Charizard|Dragon Dance|p1a: Fat Charizard
|-boost|p1a: Fat Charizard|atk|1
|-boost|p1a: Fat Charizard|spe|1
|
|upkeep
|turn|27
|
|t:|1640676561
|move|p2a: Leviathan|Shadow Ball|p1a: Fat Charizard
|-damage|p1a: Fat Charizard|19/100
|move|p1a: Fat Charizard|Dragon Dance|p1a: Fat Charizard
|-boost|p1a: Fat Charizard|atk|1
|-boost|p1a: Fat Charizard|spe|1
|
|upkeep
|turn|28
|c| memesketch|his son is a menace
|
|t:|1640676563
|move|p1a: Fat Charizard|Dual Wingbeat|p2a: Leviathan
|-damage|p2a: Leviathan|11/100
|-damage|p2a: Leviathan|0 fnt
|faint|p2a: Leviathan
|-hitcount|p2: Leviathan|2
|
|-fieldend|move: Electric Terrain
|upkeep
|
|t:|1640676566
|switch|p2a: Steven|Primarina, M, shiny|100/100
|-damage|p2a: Steven|88/100|[from] Stealth Rock
|turn|29
|
|t:|1640676571
|move|p1a: Fat Charizard|Dual Wingbeat|p2a: Steven
|-damage|p2a: Steven|40/100
|-damage|p2a: Steven|0 fnt
|faint|p2a: Steven
|-hitcount|p2: Steven|2
|
|upkeep
|c|☆Mimikyu Stardust|oh fuck wait
|c|☆Mimikyu Stardust|this is spdef
|
|t:|1640676579
|switch|p2a: Nightwing|Corviknight, F|84/100
|-damage|p2a: Nightwing|71/100|[from] Stealth Rock
|-ability|p2a: Nightwing|Pressure
|turn|30
|
|t:|1640676583
|switch|p1a: spvceghvstpvrrp|Slowbro, M, shiny|97/100 tox
|-damage|p1a: spvceghvstpvrrp|84/100 tox|[from] Stealth Rock
|move|p2a: Nightwing|Iron Head|p1a: spvceghvstpvrrp
|-resisted|p1a: spvceghvstpvrrp
|-damage|p1a: spvceghvstpvrrp|77/100 tox
|-damage|p2a: Nightwing|55/100|[from] item: Rocky Helmet|[of] p1a: spvceghvstpvrrp
|
|-damage|p1a: spvceghvstpvrrp|71/100 tox|[from] psn
|upkeep
|turn|31
|
|t:|1640676591
|switch|p2a: Panties Scourge|Slowking-Galar, M|93/100
|-damage|p2a: Panties Scourge|80/100|[from] Stealth Rock
|move|p1a: spvceghvstpvrrp|Slack Off|p1a: spvceghvstpvrrp
|-heal|p1a: spvceghvstpvrrp|100/100 tox
|
|-damage|p1a: spvceghvstpvrrp|88/100 tox|[from] psn
|upkeep
|turn|32
|
|t:|1640676593
|move|p2a: Panties Scourge|Future Sight|p1a: spvceghvstpvrrp
|-start|p2a: Panties Scourge|move: Future Sight
|move|p1a: spvceghvstpvrrp|Teleport|p1a: spvceghvstpvrrp
|
|t:|1640676595
|switch|p1a: Fat Charizard|Dragonite, M, shiny|19/100|[from]move: Teleport
|
|upkeep
|turn|33
|
|t:|1640676608
|switch|p1a: spvceghvstpvrrp|Slowbro, M, shiny|100/100 tox
|-damage|p1a: spvceghvstpvrrp|88/100 tox|[from] Stealth Rock
|move|p2a: Panties Scourge|Sludge Bomb|p1a: spvceghvstpvrrp
|-damage|p1a: spvceghvstpvrrp|50/100 tox
|
|-damage|p1a: spvceghvstpvrrp|44/100 tox|[from] psn
|upkeep
|turn|34
|
|t:|1640676612
|move|p2a: Panties Scourge|Sludge Bomb|p1a: spvceghvstpvrrp
|-damage|p1a: spvceghvstpvrrp|2/100 tox
|move|p1a: spvceghvstpvrrp|Slack Off|p1a: spvceghvstpvrrp
|-heal|p1a: spvceghvstpvrrp|52/100 tox
|
|-end|p1a: spvceghvstpvrrp|move: Future Sight
|-resisted|p1a: spvceghvstpvrrp
|-damage|p1a: spvceghvstpvrrp|27/100 tox
|-damage|p1a: spvceghvstpvrrp|15/100 tox|[from] psn
|upkeep
|turn|35
|
|t:|1640676616
|move|p2a: Panties Scourge|Future Sight|p1a: spvceghvstpvrrp
|-start|p2a: Panties Scourge|move: Future Sight
|move|p1a: spvceghvstpvrrp|Slack Off|p1a: spvceghvstpvrrp
|-heal|p1a: spvceghvstpvrrp|65/100 tox
|
|-damage|p1a: spvceghvstpvrrp|47/100 tox|[from] psn
|upkeep
|turn|36
|
|t:|1640676617
|move|p2a: Panties Scourge|Sludge Bomb|p1a: spvceghvstpvrrp
|-damage|p1a: spvceghvstpvrrp|9/100 tox
|move|p1a: spvceghvstpvrrp|Teleport|p1a: spvceghvstpvrrp
|
|t:|1640676619
|switch|p1a: Fat Charizard|Dragonite, M, shiny|19/100|[from]move: Teleport
|
|upkeep
|turn|37
|-message|NeoNaruto®++ forfeited.
|
|win|Mimikyu Stardust
|n|☆NeoNaruto®++|neonaruto
|n|☆Mimikyu Stardust|mimikyustardust
|n| Groundlance|groundlance
|n| fruityiscool423|fruityiscool423
|n| Kyurem|kyurem
|n| heloo anakin|helooanakin
|n| Blastoise Expert|blastoiseexpert
|n| Cra2k|cra2k
|n| akldajs|akldajs
|n| Fusien|fusien
|n| Mani1517|mani1517
|n| bandiiit|bandiiit
|n| ascmad|ascmad
|n| Mikirae|mikirae
|n| memesketch|memesketch
|n| pastagirl|pastagirl
|l|☆NeoNaruto®++
|c|☆Mimikyu Stardust|gg
|l| akldajs
|l| Groundlance
|l| memesketch
|l| heloo anakin
|l| Mikirae
|l| Mani1517
|l| ascmad
|l|☆Mimikyu Stardust
|l| Blastoise Expert
|l| Cra2k
|l| Kyurem
|l| Fusien
|j| Fusien
