|j|☆Kaleor
|j|☆Mimikyu Stardust
|t:|1650615142
|gametype|singles
|player|p1|Kaleor|swimmer-gen4dp|1607
|player|p2|Mimikyu Stardust|#mimikyustardust|1790
|teamsize|p1|6
|teamsize|p2|6
|gen|8
|tier|[Gen 8] OU
|rated|
|rule|Sleep Clause Mod: Limit one foe put to sleep
|rule|Species Clause: Limit one of each Pokémon
|rule|OHKO Clause: OHKO moves are banned
|rule|Evasion Moves Clause: Evasion moves are banned
|rule|Endless Battle Clause: Forcing endless battles is banned
|rule|HP Percentage Mod: HP is shown in percentages
|rule|Dynamax Clause: You cannot dynamax
|clearpoke
|poke|p1|Victini|
|poke|p1|Ninetales-Alola, M|
|poke|p1|Volcarona, M|
|poke|p1|Corviknight, M|
|poke|p1|Tapu Fini|
|poke|p1|Garchomp, F|
|poke|p2|Nihilego|
|poke|p2|Skarmory, F|
|poke|p2|Weavile, M|
|poke|p2|Slowking, F|
|poke|p2|Hippowdon, M|
|poke|p2|Zapdos|
|teampreview
|inactive|Battle timer is ON: inactive players will automatically lose when time's up. (requested by Kaleor)
|
|t:|1650615160
|start
|switch|p1a: Victini|Victini|100/100
|switch|p2a: Nihilego|Nihilego|100/100
|turn|1
|
|t:|1650615163
|switch|p2a: Zapdos|Zapdos|100/100
|move|p1a: Victini|Final Gambit|p2a: Zapdos
|-damage|p2a: Zapdos|0 fnt
|faint|p1a: Victini
|faint|p2a: Zapdos
|
|upkeep
|
|t:|1650615167
|switch|p1a: Ninetales|Ninetales-Alola, M|100/100
|switch|p2a: Hippowdon|Hippowdon, M|100/100
|-weather|Hail|[from] ability: Snow Warning|[of] p1a: Ninetales
|-weather|Sandstorm|[from] ability: Sand Stream|[of] p2a: Hippowdon
|turn|2
|
|t:|1650615172
|move|p1a: Ninetales|Freeze-Dry|p2a: Hippowdon
|-supereffective|p2a: Hippowdon
|-damage|p2a: Hippowdon|65/100
|move|p2a: Hippowdon|Toxic|p1a: Ninetales
|-status|p1a: Ninetales|tox
|
|-weather|Sandstorm|[upkeep]
|-damage|p1a: Ninetales|95/100 tox|[from] Sandstorm
|-heal|p2a: Hippowdon|71/100|[from] item: Leftovers
|-damage|p1a: Ninetales|89/100 tox|[from] psn
|upkeep
|turn|3
|
|t:|1650615177
|switch|p1a: Tapu Fini|Tapu Fini|100/100
|-fieldstart|move: Misty Terrain|[from] ability: Misty Surge|[of] p1a: Tapu Fini
|move|p2a: Hippowdon|Slack Off|p2a: Hippowdon
|-heal|p2a: Hippowdon|100/100
|
|-weather|Sandstorm|[upkeep]
|-damage|p1a: Tapu Fini|94/100|[from] Sandstorm
|upkeep
|turn|4
|
|t:|1650615181
|switch|p2a: Nihilego|Nihilego|100/100
|move|p1a: Tapu Fini|Trick|p2a: Nihilego
|-activate|p1a: Tapu Fini|move: Trick|[of] p2a: Nihilego
|-item|p2a: Nihilego|Choice Scarf|[from] move: Trick
|-item|p1a: Tapu Fini|Heavy-Duty Boots|[from] move: Trick
|
|-weather|Sandstorm|[upkeep]
|-damage|p1a: Tapu Fini|88/100|[from] Sandstorm
|upkeep
|turn|5
|
|t:|1650615187
|switch|p1a: Corviknight|Corviknight, M|100/100
|-ability|p1a: Corviknight|Pressure
|move|p2a: Nihilego|Power Gem|p1a: Corviknight
|-damage|p1a: Corviknight|60/100
|
|-weather|Sandstorm|[upkeep]
|upkeep
|turn|6
|
|t:|1650615192
|move|p2a: Nihilego|Power Gem|p1a: Corviknight
|-damage|p1a: Corviknight|17/100
|move|p1a: Corviknight|U-turn|p2a: Nihilego
|-resisted|p2a: Nihilego
|-damage|p2a: Nihilego|89/100
|
|t:|1650615195
|switch|p1a: Garchomp|Garchomp, F|100/100|[from]move: U-turn
|
|-weather|none
|upkeep
|turn|7
|
|t:|1650615202
|switch|p2a: Skarmory|Skarmory, F|100/100
|move|p1a: Garchomp|Swords Dance|p1a: Garchomp
|-boost|p1a: Garchomp|atk|2
|
|-fieldend|Misty Terrain
|upkeep
|turn|8
|
|t:|1650615205
|move|p1a: Garchomp|Fire Fang|p2a: Skarmory
|-supereffective|p2a: Skarmory
|-damage|p2a: Skarmory|31/100
|-damage|p1a: Garchomp|84/100|[from] item: Rocky Helmet|[of] p2a: Skarmory
|-damage|p1a: Garchomp|74/100|[from] item: Life Orb
|move|p2a: Skarmory|Spikes|p1a: Garchomp
|-sidestart|p1: Kaleor|Spikes
|
|upkeep
|turn|9
|
|t:|1650615210
|move|p1a: Garchomp|Fire Fang|p2a: Skarmory
|-supereffective|p2a: Skarmory
|-damage|p2a: Skarmory|0 fnt
|-damage|p1a: Garchomp|58/100|[from] item: Rocky Helmet|[of] p2a: Skarmory
|faint|p2a: Skarmory
|-damage|p1a: Garchomp|48/100|[from] item: Life Orb
|
|upkeep
|
|t:|1650615212
|switch|p2a: Weavile|Weavile, M|100/100
|-ability|p2a: Weavile|Pressure
|turn|10
|
|t:|1650615217
|switch|p1a: Tapu Fini|Tapu Fini|88/100
|-fieldstart|move: Misty Terrain|[from] ability: Misty Surge|[of] p1a: Tapu Fini
|move|p2a: Weavile|Ice Shard|p1a: Tapu Fini
|-resisted|p1a: Tapu Fini
|-damage|p1a: Tapu Fini|77/100
|
|upkeep
|turn|11
|
|t:|1650615225
|switch|p2a: Hippowdon|Hippowdon, M|100/100
|-weather|Sandstorm|[from] ability: Sand Stream|[of] p2a: Hippowdon
|switch|p1a: Corviknight|Corviknight, M|17/100
|-ability|p1a: Corviknight|Pressure
|
|-weather|Sandstorm|[upkeep]
|upkeep
|turn|12
|
|t:|1650615230
|switch|p2a: Nihilego|Nihilego|89/100
|move|p1a: Corviknight|Roost|p1a: Corviknight
|-heal|p1a: Corviknight|67/100
|-singleturn|p1a: Corviknight|move: Roost
|
|-weather|Sandstorm|[upkeep]
|upkeep
|turn|13
|
|t:|1650615235
|move|p2a: Nihilego|Power Gem|p1a: Corviknight
|-damage|p1a: Corviknight|27/100
|move|p1a: Corviknight|Roost|p1a: Corviknight
|-heal|p1a: Corviknight|77/100
|-singleturn|p1a: Corviknight|move: Roost
|
|-weather|Sandstorm|[upkeep]
|upkeep
|turn|14
|
|t:|1650615239
|move|p2a: Nihilego|Power Gem|p1a: Corviknight
|-damage|p1a: Corviknight|37/100
|move|p1a: Corviknight|Roost|p1a: Corviknight
|-heal|p1a: Corviknight|87/100
|-singleturn|p1a: Corviknight|move: Roost
|
|-weather|Sandstorm|[upkeep]
|-fieldend|Misty Terrain
|upkeep
|turn|15
|
|t:|1650615242
|move|p2a: Nihilego|Power Gem|p1a: Corviknight
|-crit|p1a: Corviknight
|-damage|p1a: Corviknight|26/100
|move|p1a: Corviknight|Roost|p1a: Corviknight
|-heal|p1a: Corviknight|76/100
|-singleturn|p1a: Corviknight|move: Roost
|
|-weather|none
|upkeep
|turn|16
|
|t:|1650615245
|move|p2a: Nihilego|Power Gem|p1a: Corviknight
|-damage|p1a: Corviknight|33/100
|move|p1a: Corviknight|Roost|p1a: Corviknight
|-heal|p1a: Corviknight|83/100
|-singleturn|p1a: Corviknight|move: Roost
|
|upkeep
|turn|17
|
|t:|1650615248
|switch|p2a: Slowking|Slowking, F|100/100
|move|p1a: Corviknight|Roost|p1a: Corviknight
|-heal|p1a: Corviknight|100/100
|-singleturn|p1a: Corviknight|move: Roost
|
|upkeep
|turn|18
|
|t:|1650615250
|move|p1a: Corviknight|Defog|p2a: Slowking
|-unboost|p2a: Slowking|evasion|1
|-sideend|p1: Kaleor|Spikes|[from] move: Defog|[of] p1a: Corviknight
|move|p2a: Slowking|Scald|p1a: Corviknight
|-damage|p1a: Corviknight|75/100
|-status|p1a: Corviknight|brn
|
|-damage|p1a: Corviknight|69/100 brn|[from] brn
|upkeep
|turn|19
|
|t:|1650615253
|move|p1a: Corviknight|U-turn|p2a: Slowking
|-supereffective|p2a: Slowking
|-damage|p2a: Slowking|85/100
|
|t:|1650615255
|switch|p1a: Ninetales|Ninetales-Alola, M|89/100 tox|[from]move: U-turn
|-weather|Hail|[from] ability: Snow Warning|[of] p1a: Ninetales
|move|p2a: Slowking|Future Sight|p1a: Ninetales
|-start|p2a: Slowking|move: Future Sight
|
|-weather|Hail|[upkeep]
|-damage|p2a: Slowking|79/100|[from] Hail
|-damage|p1a: Ninetales|83/100 tox|[from] psn
|upkeep
|turn|20
|
|t:|1650615258
|move|p1a: Ninetales|Freeze-Dry|p2a: Slowking
|-supereffective|p2a: Slowking
|-damage|p2a: Slowking|45/100
|move|p2a: Slowking|Teleport|p2a: Slowking
|
|t:|1650615261
|switch|p2a: Nihilego|Nihilego|89/100|[from]move: Teleport
|
|-weather|Hail|[upkeep]
|-damage|p2a: Nihilego|83/100|[from] Hail
|-damage|p1a: Ninetales|71/100 tox|[from] psn
|upkeep
|turn|21
|
|t:|1650615266
|switch|p1a: Tapu Fini|Tapu Fini|77/100
|-fieldstart|move: Misty Terrain|[from] ability: Misty Surge|[of] p1a: Tapu Fini
|move|p2a: Nihilego|Power Gem|p1a: Tapu Fini
|-damage|p1a: Tapu Fini|39/100
|
|-weather|Hail|[upkeep]
|-damage|p2a: Nihilego|77/100|[from] Hail
|-damage|p1a: Tapu Fini|33/100|[from] Hail
|-end|p1a: Tapu Fini|move: Future Sight
|-damage|p1a: Tapu Fini|0 fnt
|faint|p1a: Tapu Fini
|upkeep
|
|t:|1650615272
|switch|p1a: Garchomp|Garchomp, F|48/100
|turn|22
|
|t:|1650615277
|switch|p2a: Hippowdon|Hippowdon, M|100/100
|-weather|Sandstorm|[from] ability: Sand Stream|[of] p2a: Hippowdon
|move|p1a: Garchomp|Earthquake|p2a: Hippowdon
|-damage|p2a: Hippowdon|51/100
|-damage|p1a: Garchomp|38/100|[from] item: Life Orb
|
|-weather|Sandstorm|[upkeep]
|-heal|p2a: Hippowdon|57/100|[from] item: Leftovers
|upkeep
|turn|23
|
|t:|1650615283
|move|p1a: Garchomp|Swords Dance|p1a: Garchomp
|-boost|p1a: Garchomp|atk|2
|move|p2a: Hippowdon|Stealth Rock|p1a: Garchomp
|-sidestart|p1: Kaleor|move: Stealth Rock
|
|-weather|Sandstorm|[upkeep]
|-heal|p2a: Hippowdon|64/100|[from] item: Leftovers
|upkeep
|turn|24
|
|t:|1650615288
|move|p1a: Garchomp|Earthquake|p2a: Hippowdon
|-damage|p2a: Hippowdon|0 fnt
|faint|p2a: Hippowdon
|-damage|p1a: Garchomp|28/100|[from] item: Life Orb
|
|-weather|Sandstorm|[upkeep]
|upkeep
|
|t:|1650615292
|switch|p2a: Weavile|Weavile, M|100/100
|-ability|p2a: Weavile|Pressure
|turn|25
|
|t:|1650615297
|switch|p1a: Corviknight|Corviknight, M|69/100 brn
|-damage|p1a: Corviknight|56/100 brn|[from] Stealth Rock
|-ability|p1a: Corviknight|Pressure
|move|p2a: Weavile|Knock Off|p1a: Corviknight
|-crit|p1a: Corviknight
|-damage|p1a: Corviknight|15/100 brn
|-damage|p2a: Weavile|84/100|[from] item: Rocky Helmet|[of] p1a: Corviknight
|-enditem|p1a: Corviknight|Rocky Helmet|[from] move: Knock Off|[of] p2a: Weavile
|
|-weather|Sandstorm|[upkeep]
|-damage|p2a: Weavile|78/100|[from] Sandstorm
|-damage|p1a: Corviknight|9/100 brn|[from] brn
|-fieldend|Misty Terrain
|upkeep
|turn|26
|
|t:|1650615303
|move|p2a: Weavile|Knock Off|p1a: Corviknight
|-damage|p1a: Corviknight|0 fnt
|faint|p1a: Corviknight
|
|-weather|none
|upkeep
|
|t:|1650615305
|switch|p1a: Volcarona|Volcarona, M|100/100
|turn|27
|
|t:|1650615311
|switch|p2a: Nihilego|Nihilego|77/100
|move|p1a: Volcarona|Fiery Dance|p2a: Nihilego
|-resisted|p2a: Nihilego
|-damage|p2a: Nihilego|61/100
|
|upkeep
|turn|28
|
|t:|1650615316
|switch|p1a: Ninetales|Ninetales-Alola, M|71/100 tox
|-damage|p1a: Ninetales|46/100 tox|[from] Stealth Rock
|-weather|Hail|[from] ability: Snow Warning|[of] p1a: Ninetales
|move|p2a: Nihilego|Power Gem|p1a: Ninetales
|-supereffective|p1a: Ninetales
|-damage|p1a: Ninetales|0 fnt
|faint|p1a: Ninetales
|-ability|p2a: Nihilego|Beast Boost|boost
|-boost|p2a: Nihilego|spa|1
|
|-weather|Hail|[upkeep]
|-damage|p2a: Nihilego|55/100|[from] Hail
|upkeep
|
|t:|1650615318
|switch|p1a: Garchomp|Garchomp, F|28/100
|-damage|p1a: Garchomp|22/100|[from] Stealth Rock
|turn|29
|
|t:|1650615323
|move|p2a: Nihilego|Power Gem|p1a: Garchomp
|-resisted|p1a: Garchomp
|-damage|p1a: Garchomp|0 fnt
|faint|p1a: Garchomp
|-ability|p2a: Nihilego|Beast Boost|boost
|-boost|p2a: Nihilego|spa|1
|
|-weather|Hail|[upkeep]
|-damage|p2a: Nihilego|48/100|[from] Hail
|upkeep
|-message|Kaleor forfeited.
|
|win|Mimikyu Stardust
|raw|Kaleor's rating: 1607 &rarr; <strong>1597</strong><br />(-10 for losing)
|raw|Mimikyu Stardust's rating: 1790 &rarr; <strong>1800</strong><br />(+10 for winning)
|l|☆Kaleor
|j| dmt dreams
