|j|☆HOF69
|j|☆ChiefGreenLeaf3
|t:|1651367225
|gametype|singles
|player|p1|HOF69|red|1788
|player|p2|ChiefGreenLeaf3|giovanni-gen1|1880
|teamsize|p1|6
|teamsize|p2|6
|gen|8
|tier|[Gen 8] OU
|rated|
|rule|Sleep Clause Mod: Limit one foe put to sleep
|rule|Species Clause: Limit one of each Pokémon
|rule|OHKO Clause: OHKO moves are banned
|rule|Evasion Moves Clause: Evasion moves are banned
|rule|Endless Battle Clause: Forcing endless battles is banned
|rule|HP Percentage Mod: HP is shown in percentages
|rule|Dynamax Clause: You cannot dynamax
|clearpoke
|poke|p1|Gengar, M|
|poke|p1|Blacephalon|
|poke|p1|Kartana|
|poke|p1|Tapu Lele|
|poke|p1|Krookodile, M|
|poke|p1|Landorus-Therian, M|
|poke|p2|Melmetal|
|poke|p2|Bisharp, M|
|poke|p2|Landorus-Therian, M|
|poke|p2|Dragonite, F|
|poke|p2|Dragapult, M|
|poke|p2|Weavile, M|
|teampreview
|
|t:|1651367232
|start
|switch|p1a: Kartana|Kartana|100/100
|switch|p2a: Bisharp|Bisharp, M, shiny|100/100
|turn|1
|j| DA COME UP ©
|j| Landon✘A21
|
|t:|1651367245
|switch|p1a: Krookodile|Krookodile, M|100/100
|-ability|p1a: Krookodile|Intimidate|boost
|-unboost|p2a: Bisharp|atk|1
|-ability|p2a: Bisharp|Defiant
|-boost|p2a: Bisharp|atk|2
|switch|p2a: Landorus|Landorus-Therian, M, shiny|100/100
|-ability|p2a: Landorus|Intimidate|boost
|-unboost|p1a: Krookodile|atk|1
|
|upkeep
|turn|2
|
|t:|1651367249
|move|p1a: Krookodile|Stealth Rock|p2a: Landorus
|-sidestart|p2: ChiefGreenLeaf3|move: Stealth Rock
|move|p2a: Landorus|Stealth Rock|p1a: Krookodile
|-sidestart|p1: HOF69|move: Stealth Rock
|
|upkeep
|turn|3
|
|t:|1651367251
|move|p1a: Krookodile|Knock Off|p2a: Landorus
|-damage|p2a: Landorus|71/100
|-enditem|p2a: Landorus|Eject Button|[from] move: Knock Off|[of] p1a: Krookodile
|move|p2a: Landorus|Earthquake|p1a: Krookodile
|-damage|p1a: Krookodile|44/100
|
|upkeep
|turn|4
|
|t:|1651367254
|move|p1a: Krookodile|Knock Off|p2a: Landorus
|-damage|p2a: Landorus|48/100
|move|p2a: Landorus|U-turn|p1a: Krookodile
|-supereffective|p1a: Krookodile
|-damage|p1a: Krookodile|0 fnt
|faint|p1a: Krookodile
|j| ppev
|
|t:|1651367293
|switch|p2a: Weavile|Weavile, M, shiny|100/100|[from]move: U-turn
|-damage|p2a: Weavile|76/100|[from] Stealth Rock
|-ability|p2a: Weavile|Pressure
|
|upkeep
|j| ecall
|
|t:|1651367299
|switch|p1a: Kartana|Kartana|100/100
|-damage|p1a: Kartana|94/100|[from] Stealth Rock
|turn|5
|
|t:|1651367302
|move|p2a: Weavile|Triple Axel|p1a: Kartana
|-damage|p1a: Kartana|79/100
|-damage|p1a: Kartana|48/100
|-damage|p1a: Kartana|7/100
|-hitcount|p1a: Kartana|3
|-damage|p2a: Weavile|66/100|[from] item: Life Orb
|move|p1a: Kartana|Swords Dance|p1a: Kartana
|-boost|p1a: Kartana|atk|2
|
|upkeep
|turn|6
|-message|HOF69 forfeited.
|
|win|ChiefGreenLeaf3
|raw|HOF69's rating: 1788 &rarr; <strong>1773</strong><br />(-15 for losing)
|raw|ChiefGreenLeaf3's rating: 1880 &rarr; <strong>1895</strong><br />(+15 for winning)
|l|☆HOF69
|l| ecall
||Ladder isn't responding, score probably updated but might not have (Request timeout).
