|j|☆ThedebatableReaper
|j|☆Contorted Lies
|t:|1606425709
|player|p1|ThedebatableReaper|102|1963
|player|p2|Contorted Lies|101|2012
|teamsize|p1|6
|teamsize|p2|6
|gametype|singles
|gen|8
|tier|[Gen 8] OU
|rated|
|clearpoke
|poke|p1|Latios, M|
|poke|p1|Cinderace, M|
|poke|p1|Heatran, F|
|poke|p1|Tapu Fini|
|poke|p1|Zapdos-Galar|
|poke|p1|Nidoking, M|
|poke|p2|Weavile, F|
|poke|p2|Urshifu-*, F|
|poke|p2|Magearna|
|poke|p2|Moltres|
|poke|p2|Hippowdon, M|
|poke|p2|Toxapex, F|
|rule|Sleep Clause Mod: Limit one foe put to sleep
|rule|Species Clause: Limit one of each Pokémon
|rule|OHKO Clause: OHKO moves are banned
|rule|Evasion Moves Clause: Evasion moves are banned
|rule|Endless Battle Clause: Forcing endless battles is banned
|rule|HP Percentage Mod: HP is shown in percentages
|rule|Dynamax Clause: You cannot dynamax
|teampreview
|j| heat extinguisher
|j| Julroyal
|j| german hustla
|
|t:|1606425738
|start
|switch|p1a: Tapu Fini|Tapu Fini|100/100
|switch|p2a: Hippowdon|Hippowdon, M|100/100
|-fieldstart|move: Misty Terrain|[from] ability: Misty Surge|[of] p1a: Tapu Fini
|-weather|Sandstorm|[from] ability: Sand Stream|[of] p2a: Hippowdon
|turn|1
|j| BrickBoom
|
|t:|1606425746
|switch|p2a: Toxapex|Toxapex, F|100/100
|move|p1a: Tapu Fini|Surf|p2a: Toxapex
|-resisted|p2a: Toxapex
|-damage|p2a: Toxapex|88/100
|
|-weather|Sandstorm|[upkeep]
|-damage|p1a: Tapu Fini|94/100|[from] Sandstorm
|-damage|p2a: Toxapex|81/100|[from] Sandstorm
|-heal|p1a: Tapu Fini|100/100|[from] item: Leftovers
|-heal|p2a: Toxapex|88/100|[from] item: Black Sludge
|upkeep
|turn|2
|j| huan deeg sev
|j| blackdarkness1
|
|t:|1606425772
|switch|p1a: Latios|Latios, M|100/100
|move|p2a: Toxapex|Knock Off|p1a: Latios
|-supereffective|p1a: Latios
|-damage|p1a: Latios|59/100
|-enditem|p1a: Latios|Choice Specs|[from] move: Knock Off|[of] p2a: Toxapex
|
|-weather|Sandstorm|[upkeep]
|-damage|p1a: Latios|53/100|[from] Sandstorm
|-damage|p2a: Toxapex|81/100|[from] Sandstorm
|-heal|p2a: Toxapex|88/100|[from] item: Black Sludge
|upkeep
|turn|3
|j| blacksquidward
|
|t:|1606425796
|switch|p2a: Hippowdon|Hippowdon, M|100/100
|move|p1a: Latios|Psychic|p2a: Hippowdon
|-damage|p2a: Hippowdon|67/100
|
|-weather|Sandstorm|[upkeep]
|-damage|p1a: Latios|47/100|[from] Sandstorm
|-heal|p2a: Hippowdon|74/100|[from] item: Leftovers
|upkeep
|turn|4
|
|t:|1606425805
|move|p1a: Latios|Psyshock|p2a: Hippowdon
|-damage|p2a: Hippowdon|45/100
|move|p2a: Hippowdon|Slack Off|p2a: Hippowdon
|-heal|p2a: Hippowdon|95/100
|
|-weather|Sandstorm|[upkeep]
|-damage|p1a: Latios|41/100|[from] Sandstorm
|-heal|p2a: Hippowdon|100/100|[from] item: Leftovers
|upkeep
|turn|5
|
|t:|1606425813
|switch|p1a: Tapu Fini|Tapu Fini|100/100
|move|p2a: Hippowdon|Stealth Rock|p1a: Tapu Fini
|-sidestart|p1: ThedebatableReaper|move: Stealth Rock
|
|-weather|none
|-fieldend|Misty Terrain
|upkeep
|turn|6
|j| kirisu sensei
|
|t:|1606425845
|switch|p1a: Latios|Latios, M|41/100
|-damage|p1a: Latios|29/100|[from] Stealth Rock
|move|p2a: Hippowdon|Toxic|p1a: Latios
|-status|p1a: Latios|tox
|
|-damage|p1a: Latios|23/100 tox|[from] psn
|upkeep
|turn|7
|l| heat extinguisher
|
|t:|1606425873
|move|p1a: Latios|Psychic|p2a: Hippowdon
|-damage|p2a: Hippowdon|64/100
|move|p2a: Hippowdon|Earthquake|p1a: Latios
|-immune|p1a: Latios|[from] ability: Levitate
|
|-heal|p2a: Hippowdon|70/100|[from] item: Leftovers
|-damage|p1a: Latios|11/100 tox|[from] psn
|upkeep
|turn|8
|j| 34n35
|
|t:|1606425881
|move|p1a: Latios|Psychic|p2a: Hippowdon
|-damage|p2a: Hippowdon|37/100
|move|p2a: Hippowdon|Slack Off|p2a: Hippowdon
|-heal|p2a: Hippowdon|87/100
|
|-heal|p2a: Hippowdon|93/100|[from] item: Leftovers
|-damage|p1a: Latios|0 fnt|[from] psn
|faint|p1a: Latios
|upkeep
|
|t:|1606425889
|switch|p1a: Tapu Fini|Tapu Fini|100/100
|-damage|p1a: Tapu Fini|88/100|[from] Stealth Rock
|-fieldstart|move: Misty Terrain|[from] ability: Misty Surge|[of] p1a: Tapu Fini
|turn|9
|j| weavile reqs
|
|t:|1606425894
|switch|p2a: Toxapex|Toxapex, F|100/100
|move|p1a: Tapu Fini|Defog|p2a: Toxapex
|-unboost|p2a: Toxapex|evasion|1
|-sideend|p1: ThedebatableReaper|Stealth Rock|[from] move: Defog|[of] p1a: Tapu Fini
|-fieldend|Misty Terrain
|
|-heal|p1a: Tapu Fini|94/100|[from] item: Leftovers
|upkeep
|turn|10
|
|t:|1606425902
|switch|p1a: Heatran|Heatran, F|100/100
|move|p2a: Toxapex|Knock Off|p1a: Heatran
|-damage|p1a: Heatran|87/100
|-enditem|p1a: Heatran|Leftovers|[from] move: Knock Off|[of] p2a: Toxapex
|
|upkeep
|turn|11
|
|t:|1606425910
|switch|p1a: Nidoking|Nidoking, M|100/100
|switch|p2a: Hippowdon|Hippowdon, M|93/100
|-weather|Sandstorm|[from] ability: Sand Stream|[of] p2a: Hippowdon
|
|-weather|Sandstorm|[upkeep]
|-heal|p2a: Hippowdon|99/100|[from] item: Leftovers
|upkeep
|turn|12
|
|t:|1606425918
|move|p1a: Nidoking|Ice Beam|p2a: Hippowdon
|-supereffective|p2a: Hippowdon
|-damage|p2a: Hippowdon|35/100
|move|p2a: Hippowdon|Earthquake|p1a: Nidoking
|-supereffective|p1a: Nidoking
|-damage|p1a: Nidoking|0 fnt
|faint|p1a: Nidoking
|
|-weather|Sandstorm|[upkeep]
|-heal|p2a: Hippowdon|41/100|[from] item: Leftovers
|upkeep
|j| Nathx33
|
|t:|1606425929
|switch|p1a: Cinderace|Cinderace, M|100/100
|turn|13
|
|t:|1606425933
|switch|p2a: Toxapex|Toxapex, F|100/100
|move|p1a: Cinderace|Pyro Ball|p2a: Toxapex
|-resisted|p2a: Toxapex
|-damage|p2a: Toxapex|81/100
|
|-weather|Sandstorm|[upkeep]
|-damage|p1a: Cinderace|95/100|[from] Sandstorm
|-damage|p2a: Toxapex|75/100|[from] Sandstorm
|-heal|p2a: Toxapex|81/100|[from] item: Black Sludge
|upkeep
|turn|14
|-message|ThedebatableReaper forfeited.
|
|win|Contorted Lies
|l|☆ThedebatableReaper
|l| Julroyal
|l| 34n35
||Ladder (probably) updated, but score could not be retrieved (Request timeout).
|l|☆Contorted Lies
|l| german hustla
|j|☆Contorted Lies
|player|p2|Contorted Lies|101
|l| Nathx33
|l|☆Contorted Lies
|player|p2|
|l| blacksquidward
|l| BrickBoom
|l| blackdarkness1
|l| weavile reqs
