|html|<div class="broadcast-blue"><strong>[Gen 8] OU is currently suspecting Melmetal! For information on how to participate check out the <a href="https://www.smogon.com/forums/threads/np-ss-ou-suspect-process-round-12-monster-mash.3709234/">suspect thread</a>.</strong></div>
|j|‽minimax_ai
|j|☆Chikami
|t:|1665703480
|gametype|singles
|player|p1|minimax_ai|101|1677
|player|p2|Chikami|nate|1796
|teamsize|p1|6
|teamsize|p2|6
|gen|8
|tier|[Gen 8] OU
|rated|
|rule|Sleep Clause Mod: Limit one foe put to sleep
|rule|Species Clause: Limit one of each Pokémon
|rule|OHKO Clause: OHKO moves are banned
|rule|Evasion Items Clause: Evasion items are banned
|rule|Evasion Moves Clause: Evasion moves are banned
|rule|Endless Battle Clause: Forcing endless battles is banned
|rule|HP Percentage Mod: HP is shown in percentages
|rule|Dynamax Clause: You cannot dynamax
|clearpoke
|poke|p1|Rotom-Wash|
|poke|p1|Weavile, F|
|poke|p1|Landorus-Therian, M|
|poke|p1|Heatran, M|
|poke|p1|Tangrowth, M|
|poke|p1|Melmetal|
|poke|p2|Scolipede, M|
|poke|p2|Heatran, M|
|poke|p2|Ninetales-Alola, M|
|poke|p2|Bisharp, M|
|poke|p2|Zapdos-Galar|
|poke|p2|Garchomp, M|
|teampreview
|
|t:|1665703484
|start
|switch|p1a: Melmetal|Melmetal|100/100
|switch|p2a: Heatran|Heatran, M|100/100
|-item|p2a: Heatran|Air Balloon
|turn|1
|inactive|Battle timer is ON: inactive players will automatically lose when time's up. (requested by minimax_ai)
|
|t:|1665703489
|switch|p1a: Heatran|Heatran, M|100/100
|-item|p1a: Heatran|Air Balloon
|move|p2a: Heatran|Magma Storm|p1a: Heatran
|-start|p1a: Heatran|ability: Flash Fire
|
|upkeep
|turn|2
|
|t:|1665703493
|move|p1a: Heatran|Stealth Rock|p2a: Heatran
|-sidestart|p2: Chikami|move: Stealth Rock
|move|p2a: Heatran|Stealth Rock|p1a: Heatran
|-sidestart|p1: minimax_ai|move: Stealth Rock
|
|upkeep
|turn|3
|
|t:|1665703509
|switch|p2a: Garchomp|Garchomp, M|100/100
|-damage|p2a: Garchomp|94/100|[from] Stealth Rock
|move|p1a: Heatran|Magma Storm|p2a: Garchomp|[miss]
|-miss|p1a: Heatran|p2a: Garchomp
|
|-heal|p2a: Garchomp|100/100|[from] item: Leftovers
|upkeep
|turn|4
|
|t:|1665703514
|move|p2a: Garchomp|Scale Shot|p1a: Heatran
|-resisted|p1a: Heatran
|-damage|p1a: Heatran|94/100
|-enditem|p1a: Heatran|Air Balloon
|-resisted|p1a: Heatran
|-damage|p1a: Heatran|87/100
|-resisted|p1a: Heatran
|-damage|p1a: Heatran|81/100
|-resisted|p1a: Heatran
|-damage|p1a: Heatran|74/100
|-hitcount|p1a: Heatran|4
|-unboost|p2a: Garchomp|def|1
|-boost|p2a: Garchomp|spe|1
|move|p1a: Heatran|Magma Storm|p2a: Garchomp
|-resisted|p2a: Garchomp
|-damage|p2a: Garchomp|55/100
|-activate|p2a: Garchomp|move: Magma Storm|[of] p1a: Heatran
|
|-heal|p2a: Garchomp|61/100|[from] item: Leftovers
|-damage|p2a: Garchomp|49/100|[from] move: Magma Storm|[partiallytrapped]
|upkeep
|turn|5
|
|t:|1665703523
|-end|p1a: Heatran|ability: Flash Fire|[silent]
|switch|p1a: Tangrowth|Tangrowth, M|100/100
|-damage|p1a: Tangrowth|88/100|[from] Stealth Rock
|move|p2a: Garchomp|Earthquake|p1a: Tangrowth
|-resisted|p1a: Tangrowth
|-damage|p1a: Tangrowth|75/100
|
|-heal|p2a: Garchomp|55/100|[from] item: Leftovers
|-end|p2a: Garchomp|Magma Storm|[partiallytrapped]|[silent]
|upkeep
|turn|6
|
|t:|1665703528
|switch|p2a: Heatran|Heatran, M|100/100
|-damage|p2a: Heatran|88/100|[from] Stealth Rock
|-item|p2a: Heatran|Air Balloon
|move|p1a: Tangrowth|Knock Off|p2a: Heatran
|-damage|p2a: Heatran|70/100
|-enditem|p2a: Heatran|Air Balloon
|
|upkeep
|turn|7
|
|t:|1665703537
|switch|p1a: Rotom|Rotom-Wash|100/100
|-damage|p1a: Rotom|88/100|[from] Stealth Rock
|move|p2a: Heatran|Magma Storm|p1a: Rotom
|-resisted|p1a: Rotom
|-damage|p1a: Rotom|64/100
|-activate|p1a: Rotom|move: Magma Storm|[of] p2a: Heatran
|
|-heal|p1a: Rotom|71/100|[from] item: Leftovers
|-damage|p1a: Rotom|58/100|[from] move: Magma Storm|[partiallytrapped]
|upkeep
|turn|8
|
|t:|1665703556
|move|p1a: Rotom|Thunderbolt|p2a: Heatran
|-damage|p2a: Heatran|40/100
|move|p2a: Heatran|Magma Storm|p1a: Rotom
|-resisted|p1a: Rotom
|-damage|p1a: Rotom|34/100
|
|-heal|p1a: Rotom|41/100|[from] item: Leftovers
|-damage|p1a: Rotom|28/100|[from] move: Magma Storm|[partiallytrapped]
|upkeep
|turn|9
|
|t:|1665703574
|move|p1a: Rotom|Hydro Pump|p2a: Heatran
|-supereffective|p2a: Heatran
|-damage|p2a: Heatran|0 fnt
|faint|p2a: Heatran
|
|-heal|p1a: Rotom|34/100|[from] item: Leftovers
|-end|p1a: Rotom|Magma Storm|[partiallytrapped]|[silent]
|upkeep
|
|t:|1665703584
|switch|p2a: Ninetales|Ninetales-Alola, M|100/100
|-damage|p2a: Ninetales|76/100|[from] Stealth Rock
|-weather|Hail|[from] ability: Snow Warning|[of] p2a: Ninetales
|turn|10
|
|t:|1665703588
|move|p2a: Ninetales|Aurora Veil|p2a: Ninetales
|-sidestart|p2: Chikami|move: Aurora Veil
|move|p1a: Rotom|Hydro Pump|p2a: Ninetales
|-damage|p2a: Ninetales|55/100
|
|-weather|Hail|[upkeep]
|-damage|p1a: Rotom|28/100|[from] Hail
|-heal|p1a: Rotom|34/100|[from] item: Leftovers
|upkeep
|turn|11
|
|t:|1665703593
|switch|p2a: Garchomp|Garchomp, M|55/100
|-damage|p2a: Garchomp|49/100|[from] Stealth Rock
|switch|p1a: Weavile|Weavile, F|100/100
|-damage|p1a: Weavile|76/100|[from] Stealth Rock
|-ability|p1a: Weavile|Pressure
|
|-weather|Hail|[upkeep]
|-damage|p2a: Garchomp|43/100|[from] Hail
|-heal|p2a: Garchomp|49/100|[from] item: Leftovers
|upkeep
|turn|12
|
|t:|1665703604
|move|p1a: Weavile|Triple Axel|p2a: Garchomp|[miss]
|-miss|p1a: Weavile|p2a: Garchomp
|move|p2a: Garchomp|Earthquake|p1a: Weavile
|-damage|p1a: Weavile|0 fnt
|faint|p1a: Weavile
|
|-weather|Hail|[upkeep]
|-damage|p2a: Garchomp|43/100|[from] Hail
|-heal|p2a: Garchomp|49/100|[from] item: Leftovers
|upkeep
|
|t:|1665703604
|switch|p1a: Melmetal|Melmetal|100/100
|-damage|p1a: Melmetal|94/100|[from] Stealth Rock
|turn|13
|
|t:|1665703618
|move|p2a: Garchomp|Earthquake|p1a: Melmetal
|-supereffective|p1a: Melmetal
|-damage|p1a: Melmetal|37/100
|move|p1a: Melmetal|Ice Punch|p2a: Garchomp
|-supereffective|p2a: Garchomp
|-damage|p2a: Garchomp|0 fnt
|-damage|p1a: Melmetal|25/100|[from] ability: Rough Skin|[of] p2a: Garchomp
|faint|p2a: Garchomp
|
|-weather|Hail|[upkeep]
|-damage|p1a: Melmetal|19/100|[from] Hail
|upkeep
|
|t:|1665703636
|switch|p2a: Zapdos|Zapdos-Galar|100/100
|-damage|p2a: Zapdos|88/100|[from] Stealth Rock
|turn|14
|
|t:|1665703642
|move|p2a: Zapdos|Thunderous Kick|p1a: Melmetal
|-supereffective|p1a: Melmetal
|-damage|p1a: Melmetal|0 fnt
|faint|p1a: Melmetal
|
|-weather|none
|upkeep
|
|t:|1665703642
|switch|p1a: Tangrowth|Tangrowth, M|100/100
|-damage|p1a: Tangrowth|88/100|[from] Stealth Rock
|turn|15
|
|t:|1665703659
|switch|p2a: Ninetales|Ninetales-Alola, M|55/100
|-damage|p2a: Ninetales|30/100|[from] Stealth Rock
|-weather|Hail|[from] ability: Snow Warning|[of] p2a: Ninetales
|move|p1a: Tangrowth|Sleep Powder|p2a: Ninetales
|-status|p2a: Ninetales|slp|[from] move: Sleep Powder
|
|-weather|Hail|[upkeep]
|-damage|p1a: Tangrowth|82/100|[from] Hail
|upkeep
|turn|16
|
|t:|1665703675
|switch|p2a: Scolipede|Scolipede, M|100/100
|move|p1a: Tangrowth|Knock Off|p2a: Scolipede
|-damage|p2a: Scolipede|84/100
|-enditem|p2a: Scolipede|Heavy-Duty Boots|[from] move: Knock Off|[of] p1a: Tangrowth
|
|-weather|Hail|[upkeep]
|-damage|p2a: Scolipede|78/100|[from] Hail
|-damage|p1a: Tangrowth|76/100|[from] Hail
|upkeep
|turn|17
|
|t:|1665703677
|switch|p1a: Landorus|Landorus-Therian, M|100/100
|-damage|p1a: Landorus|88/100|[from] Stealth Rock
|-ability|p1a: Landorus|Intimidate|boost
|-unboost|p2a: Scolipede|atk|1
|move|p2a: Scolipede|Swords Dance|p2a: Scolipede
|-boost|p2a: Scolipede|atk|2
|
|-weather|Hail|[upkeep]
|-damage|p2a: Scolipede|72/100|[from] Hail
|-damage|p1a: Landorus|82/100|[from] Hail
|-heal|p1a: Landorus|88/100|[from] item: Leftovers
|-sideend|p2: Chikami|move: Aurora Veil
|-ability|p2a: Scolipede|Speed Boost|boost
|-boost|p2a: Scolipede|spe|1
|upkeep
|turn|18
|
|t:|1665703689
|move|p2a: Scolipede|Aqua Tail|p1a: Landorus
|-supereffective|p1a: Landorus
|-damage|p1a: Landorus|8/100
|move|p1a: Landorus|Earthquake|p2a: Scolipede
|-damage|p2a: Scolipede|0 fnt
|faint|p2a: Scolipede
|
|-weather|Hail|[upkeep]
|-damage|p1a: Landorus|2/100|[from] Hail
|-heal|p1a: Landorus|8/100|[from] item: Leftovers
|upkeep
|
|t:|1665703706
|switch|p2a: Zapdos|Zapdos-Galar|88/100
|-damage|p2a: Zapdos|76/100|[from] Stealth Rock
|turn|19
|
|t:|1665703709
|move|p2a: Zapdos|Brave Bird|p1a: Landorus
|-damage|p1a: Landorus|0 fnt
|faint|p1a: Landorus
|-damage|p2a: Zapdos|73/100|[from] Recoil
|
|-weather|none
|upkeep
|
|t:|1665703709
|switch|p1a: Heatran|Heatran, M|74/100
|-damage|p1a: Heatran|62/100|[from] Stealth Rock
|turn|20
|j| BabyPigsAreLaughin
|
|t:|1665703714
|switch|p2a: Ninetales|Ninetales-Alola, M|30/100 slp
|-damage|p2a: Ninetales|5/100 slp|[from] Stealth Rock
|-weather|Hail|[from] ability: Snow Warning|[of] p2a: Ninetales
|move|p1a: Heatran|Magma Storm|p2a: Ninetales
|-supereffective|p2a: Ninetales
|-damage|p2a: Ninetales|0 fnt
|faint|p2a: Ninetales
|
|-weather|Hail|[upkeep]
|-damage|p1a: Heatran|56/100|[from] Hail
|upkeep
|
|t:|1665703723
|switch|p2a: Zapdos|Zapdos-Galar|73/100
|-damage|p2a: Zapdos|60/100|[from] Stealth Rock
|turn|21
|
|t:|1665703727
|switch|p1a: Rotom|Rotom-Wash|34/100
|-damage|p1a: Rotom|22/100|[from] Stealth Rock
|move|p2a: Zapdos|Thunderous Kick|p1a: Rotom
|-damage|p1a: Rotom|0 fnt
|faint|p1a: Rotom
|
|-weather|Hail|[upkeep]
|-damage|p2a: Zapdos|54/100|[from] Hail
|upkeep
|
|t:|1665703727
|switch|p1a: Tangrowth|Tangrowth, M|100/100
|-damage|p1a: Tangrowth|88/100|[from] Stealth Rock
|turn|22
|
|t:|1665703730
|move|p2a: Zapdos|Thunderous Kick|p1a: Tangrowth
|-crit|p1a: Tangrowth
|-damage|p1a: Tangrowth|53/100
|-unboost|p1a: Tangrowth|def|1
|-damage|p2a: Zapdos|38/100|[from] item: Rocky Helmet|[of] p1a: Tangrowth
|move|p1a: Tangrowth|Knock Off|p2a: Zapdos
|-resisted|p2a: Zapdos
|-damage|p2a: Zapdos|24/100
|-enditem|p2a: Zapdos|Choice Scarf|[from] move: Knock Off|[of] p1a: Tangrowth
|
|-weather|Hail|[upkeep]
|-damage|p2a: Zapdos|18/100|[from] Hail
|-damage|p1a: Tangrowth|47/100|[from] Hail
|upkeep
|turn|23
|
|t:|1665703759
|switch|p2a: Bisharp|Bisharp, M|100/100
|-damage|p2a: Bisharp|95/100|[from] Stealth Rock
|move|p1a: Tangrowth|Focus Blast|p2a: Bisharp
|-supereffective|p2a: Bisharp
|-damage|p2a: Bisharp|0 fnt
|faint|p2a: Bisharp
|
|-weather|Hail|[upkeep]
|-damage|p1a: Tangrowth|41/100|[from] Hail
|upkeep
|
|t:|1665703766
|switch|p2a: Zapdos|Zapdos-Galar|18/100
|-damage|p2a: Zapdos|6/100|[from] Stealth Rock
|turn|24
|
|t:|1665703771
|switch|p1a: Heatran|Heatran, M|56/100
|-damage|p1a: Heatran|44/100|[from] Stealth Rock
|move|p2a: Zapdos|Drill Peck|p1a: Heatran
|-resisted|p1a: Heatran
|-damage|p1a: Heatran|24/100
|
|-weather|none
|upkeep
|turn|25
|
|t:|1665703774
|switch|p1a: Tangrowth|Tangrowth, M|74/100
|-damage|p1a: Tangrowth|62/100|[from] Stealth Rock
|move|p2a: Zapdos|Thunderous Kick|p1a: Tangrowth
|-damage|p1a: Tangrowth|39/100
|-unboost|p1a: Tangrowth|def|1
|-damage|p2a: Zapdos|0 fnt|[from] item: Rocky Helmet|[of] p1a: Tangrowth
|faint|p2a: Zapdos
|
|win|minimax_ai
|raw|minimax_ai's rating: 1650 &rarr; <strong>1678</strong><br />(+28 for winning)
|raw|Chikami's rating: 1796 &rarr; <strong>1768</strong><br />(-28 for losing)
