|raw|<div class="broadcast-blue"><strong>This battle is required to be public due to a player having a name starting with 'lt92pf'.</div>
|j|☆LT92PF Fakyewww
|j|☆tolstoy
|t:|1660146177
|gametype|singles
|player|p1|LT92PF Fakyewww|169|1733
|player|p2|tolstoy|#lax|1786
|teamsize|p1|6
|teamsize|p2|6
|gen|8
|tier|[Gen 8] OU
|rated|
|rule|Sleep Clause Mod: Limit one foe put to sleep
|rule|Species Clause: Limit one of each Pokémon
|rule|OHKO Clause: OHKO moves are banned
|rule|Evasion Items Clause: Evasion items are banned
|rule|Evasion Moves Clause: Evasion moves are banned
|rule|Endless Battle Clause: Forcing endless battles is banned
|rule|HP Percentage Mod: HP is shown in percentages
|rule|Dynamax Clause: You cannot dynamax
|clearpoke
|poke|p1|Weavile, F|
|poke|p1|Tapu Lele|
|poke|p1|Hawlucha, F|
|poke|p1|Ferrothorn, F|
|poke|p1|Rotom-Heat|
|poke|p1|Swampert, M|
|poke|p2|Tornadus-Therian, M|
|poke|p2|Tangrowth, F|
|poke|p2|Tyranitar, F|
|poke|p2|Excadrill, F|
|poke|p2|Clefable, F|
|poke|p2|Slowking, M|
|teampreview
|j| yop on the flux
|inactive|Battle timer is ON: inactive players will automatically lose when time's up. (requested by tolstoy)
|
|t:|1660146206
|start
|switch|p1a: Weavile|Weavile, F|100/100
|switch|p2a: Tyranitar|Tyranitar, F|100/100
|-ability|p1a: Weavile|Pressure
|-weather|Sandstorm|[from] ability: Sand Stream|[of] p2a: Tyranitar
|turn|1
|
|t:|1660146216
|switch|p2a: Tangrowth|Tangrowth, F|100/100
|move|p1a: Weavile|Triple Axel|p2a: Tangrowth
|-supereffective|p2a: Tangrowth
|-damage|p2a: Tangrowth|86/100
|-damage|p1a: Weavile|84/100|[from] item: Rocky Helmet|[of] p2a: Tangrowth
|-supereffective|p2a: Tangrowth
|-damage|p2a: Tangrowth|54/100
|-damage|p1a: Weavile|68/100|[from] item: Rocky Helmet|[of] p2a: Tangrowth
|-supereffective|p2a: Tangrowth
|-damage|p2a: Tangrowth|3/100
|-damage|p1a: Weavile|51/100|[from] item: Rocky Helmet|[of] p2a: Tangrowth
|-hitcount|p2a: Tangrowth|3
|
|-weather|Sandstorm|[upkeep]
|-damage|p1a: Weavile|45/100|[from] Sandstorm
|-damage|p2a: Tangrowth|0 fnt|[from] Sandstorm
|faint|p2a: Tangrowth
|upkeep
|
|t:|1660146228
|switch|p2a: Slowking|Slowking, M|100/100
|turn|2
|
|t:|1660146232
|switch|p1a: Swampert|Swampert, M|100/100
|move|p2a: Slowking|Future Sight|p1a: Swampert
|-start|p2a: Slowking|move: Future Sight
|
|-weather|Sandstorm|[upkeep]
|-damage|p2a: Slowking|94/100|[from] Sandstorm
|upkeep
|turn|3
|
|t:|1660146238
|move|p1a: Swampert|Stealth Rock|p2a: Slowking
|-sidestart|p2: tolstoy|move: Stealth Rock
|move|p2a: Slowking|Teleport|p2a: Slowking
|
|t:|1660146246
|switch|p2a: Clefable|Clefable, F|100/100|[from]move: Teleport
|
|-weather|Sandstorm|[upkeep]
|upkeep
|turn|4
|
|t:|1660146251
|move|p2a: Clefable|Knock Off|p1a: Swampert
|-damage|p1a: Swampert|86/100
|-enditem|p1a: Swampert|Leftovers|[from] move: Knock Off|[of] p2a: Clefable
|move|p1a: Swampert|Yawn|p2a: Clefable
|-start|p2a: Clefable|move: Yawn|[of] p1a: Swampert
|
|-weather|Sandstorm|[upkeep]
|-end|p1a: Swampert|move: Future Sight
|-damage|p1a: Swampert|61/100
|upkeep
|turn|5
|
|t:|1660146260
|switch|p2a: Tornadus|Tornadus-Therian, M|100/100
|move|p1a: Swampert|Flip Turn|p2a: Tornadus
|-crit|p2a: Tornadus
|-damage|p2a: Tornadus|55/100
|
|t:|1660146266
|switch|p1a: Weavile|Weavile, F|45/100|[from]move: Flip Turn
|-ability|p1a: Weavile|Pressure
|
|-weather|Sandstorm|[upkeep]
|-damage|p1a: Weavile|39/100|[from] Sandstorm
|-damage|p2a: Tornadus|49/100|[from] Sandstorm
|upkeep
|turn|6
|
|t:|1660146274
|switch|p2a: Clefable|Clefable, F|100/100
|move|p1a: Weavile|Triple Axel|p2a: Clefable
|-damage|p2a: Clefable|89/100
|-damage|p1a: Weavile|23/100|[from] item: Rocky Helmet|[of] p2a: Clefable
|-damage|p2a: Clefable|66/100
|-damage|p1a: Weavile|7/100|[from] item: Rocky Helmet|[of] p2a: Clefable
|-damage|p2a: Clefable|33/100
|-damage|p1a: Weavile|0 fnt|[from] item: Rocky Helmet|[of] p2a: Clefable
|faint|p1a: Weavile
|-hitcount|p2a: Clefable|3
|
|-weather|Sandstorm|[upkeep]
|upkeep
|
|t:|1660146287
|switch|p1a: Tapu Lele|Tapu Lele|100/100
|-fieldstart|move: Psychic Terrain|[from] ability: Psychic Surge|[of] p1a: Tapu Lele
|turn|7
|
|t:|1660146291
|switch|p2a: Slowking|Slowking, M|100/100
|move|p1a: Tapu Lele|Moonblast|p2a: Slowking
|-damage|p2a: Slowking|48/100
|
|-weather|Sandstorm|[upkeep]
|-damage|p1a: Tapu Lele|94/100|[from] Sandstorm
|-damage|p2a: Slowking|42/100|[from] Sandstorm
|upkeep
|turn|8
|
|t:|1660146299
|switch|p2a: Excadrill|Excadrill, F|100/100
|-damage|p2a: Excadrill|97/100|[from] Stealth Rock
|move|p1a: Tapu Lele|Moonblast|p2a: Excadrill
|-resisted|p2a: Excadrill
|-damage|p2a: Excadrill|41/100
|-unboost|p2a: Excadrill|spa|1
|
|-weather|none
|-heal|p2a: Excadrill|47/100|[from] item: Leftovers
|upkeep
|turn|9
|c|☆tolstoy|that damage is unreal wtf
|c|☆tolstoy|my king is almost max spdef
|
|t:|1660146323
|switch|p1a: Ferrothorn|Ferrothorn, F|100/100
|move|p2a: Excadrill|Rapid Spin|p1a: Ferrothorn
|-resisted|p1a: Ferrothorn
|-damage|p1a: Ferrothorn|95/100
|-boost|p2a: Excadrill|spe|1
|-damage|p2a: Excadrill|35/100|[from] ability: Iron Barbs|[of] p1a: Ferrothorn
|-damage|p2a: Excadrill|18/100|[from] item: Rocky Helmet|[of] p1a: Ferrothorn
|-sideend|p2: tolstoy|Stealth Rock|[from] move: Rapid Spin|[of] p2a: Excadrill
|
|-heal|p2a: Excadrill|24/100|[from] item: Leftovers
|upkeep
|turn|10
|
|t:|1660146333
|switch|p2a: Clefable|Clefable, F|33/100
|switch|p1a: Hawlucha|Hawlucha, F|100/100
|-enditem|p1a: Hawlucha|Psychic Seed
|-boost|p1a: Hawlucha|spd|1|[from] item: Psychic Seed
|
|upkeep
|turn|11
|
|t:|1660146340
|move|p1a: Hawlucha|Acrobatics|p2a: Clefable
|-damage|p2a: Clefable|0 fnt
|-damage|p1a: Hawlucha|84/100|[from] item: Rocky Helmet|[of] p2a: Clefable
|faint|p2a: Clefable
|
|-fieldend|move: Psychic Terrain
|upkeep
|
|t:|1660146344
|switch|p2a: Tornadus|Tornadus-Therian, M|82/100
|turn|12
|
|t:|1660146351
|move|p1a: Hawlucha|Substitute|p1a: Hawlucha
|-start|p1a: Hawlucha|Substitute
|-damage|p1a: Hawlucha|59/100
|move|p2a: Tornadus|Hurricane|p1a: Hawlucha
|-supereffective|p1a: Hawlucha
|-end|p1a: Hawlucha|Substitute
|
|upkeep
|turn|13
|
|t:|1660146357
|move|p1a: Hawlucha|Substitute|p1a: Hawlucha
|-start|p1a: Hawlucha|Substitute
|-damage|p1a: Hawlucha|34/100
|move|p2a: Tornadus|Hurricane|p1a: Hawlucha|[miss]
|-miss|p2a: Tornadus|p1a: Hawlucha
|
|upkeep
|turn|14
|
|t:|1660146363
|move|p1a: Hawlucha|Swords Dance|p1a: Hawlucha
|-boost|p1a: Hawlucha|atk|2
|move|p2a: Tornadus|Hurricane|p1a: Hawlucha
|-supereffective|p1a: Hawlucha
|-end|p1a: Hawlucha|Substitute
|
|upkeep
|turn|15
|
|t:|1660146370
|switch|p2a: Tyranitar|Tyranitar, F|100/100
|-weather|Sandstorm|[from] ability: Sand Stream|[of] p2a: Tyranitar
|move|p1a: Hawlucha|Acrobatics|p2a: Tyranitar
|-resisted|p2a: Tyranitar
|-damage|p2a: Tyranitar|63/100
|
|-weather|Sandstorm|[upkeep]
|-damage|p1a: Hawlucha|28/100|[from] Sandstorm
|upkeep
|turn|16
|
|t:|1660146379
|switch|p2a: Tornadus|Tornadus-Therian, M|100/100
|move|p1a: Hawlucha|Close Combat|p2a: Tornadus
|-resisted|p2a: Tornadus
|-damage|p2a: Tornadus|29/100
|-unboost|p1a: Hawlucha|def|1
|-unboost|p1a: Hawlucha|spd|1
|
|-weather|Sandstorm|[upkeep]
|-damage|p1a: Hawlucha|22/100|[from] Sandstorm
|-damage|p2a: Tornadus|23/100|[from] Sandstorm
|upkeep
|turn|17
|
|t:|1660146389
|switch|p2a: Slowking|Slowking, M|76/100
|move|p1a: Hawlucha|Acrobatics|p2a: Slowking
|-damage|p2a: Slowking|0 fnt
|faint|p2a: Slowking
|
|-weather|Sandstorm|[upkeep]
|-damage|p1a: Hawlucha|15/100|[from] Sandstorm
|upkeep
|
|t:|1660146393
|switch|p2a: Excadrill|Excadrill, F|24/100
|turn|18
|
|t:|1660146400
|move|p2a: Excadrill|Iron Head|p1a: Hawlucha
|-damage|p1a: Hawlucha|0 fnt
|faint|p1a: Hawlucha
|
|-weather|Sandstorm|[upkeep]
|-heal|p2a: Excadrill|30/100|[from] item: Leftovers
|upkeep
|
|t:|1660146407
|switch|p1a: Swampert|Swampert, M|61/100
|turn|19
|
|t:|1660146409
|move|p2a: Excadrill|Earthquake|p1a: Swampert
|-damage|p1a: Swampert|8/100
|move|p1a: Swampert|Flip Turn|p2a: Excadrill
|-supereffective|p2a: Excadrill
|-damage|p2a: Excadrill|0 fnt
|faint|p2a: Excadrill
|
|t:|1660146418
|switch|p1a: Tapu Lele|Tapu Lele|94/100|[from]move: Flip Turn
|-fieldstart|move: Psychic Terrain|[from] ability: Psychic Surge|[of] p1a: Tapu Lele
|
|-weather|Sandstorm|[upkeep]
|-damage|p1a: Tapu Lele|88/100|[from] Sandstorm
|upkeep
|
|t:|1660146420
|switch|p2a: Tornadus|Tornadus-Therian, M|56/100
|turn|20
|
|t:|1660146426
|move|p2a: Tornadus|Hurricane|p1a: Tapu Lele
|-damage|p1a: Tapu Lele|31/100
|move|p1a: Tapu Lele|Moonblast|p2a: Tornadus
|-damage|p2a: Tornadus|0 fnt
|faint|p2a: Tornadus
|
|-weather|Sandstorm|[upkeep]
|-damage|p1a: Tapu Lele|25/100|[from] Sandstorm
|upkeep
|-message|tolstoy forfeited.
|
|win|LT92PF Fakyewww
|raw|LT92PF Fakyewww's rating: 1733 &rarr; <strong>1756</strong><br />(+23 for winning)
|raw|tolstoy's rating: 1786 &rarr; <strong>1763</strong><br />(-23 for losing)
|l|☆tolstoy
|l|☆LT92PF Fakyewww
||Ladder isn't responding, score probably updated but might not have (Request timeout).
