|raw|<div class="broadcast-blue"><strong>This battle is required to be public due to a player having a name starting with 'LT74PF'.</div>
|j|☆Rorschach I
|j|☆LT74PFT TheVarsity
|t:|1599595479
|player|p1|Rorschach I|cynthia|1631
|player|p2|LT74PFT TheVarsity|lance-gen2|1569
|teamsize|p1|6
|teamsize|p2|6
|gametype|singles
|gen|8
|tier|[Gen 8] OU
|rated|
|clearpoke
|poke|p1|Pelipper, M|
|poke|p1|Tangrowth, F|
|poke|p1|Zeraora|
|poke|p1|Urshifu-*, F|
|poke|p1|Excadrill, F|
|poke|p1|Toxapex, M|
|poke|p2|Magnezone|
|poke|p2|Excadrill, M|
|poke|p2|Rotom-Heat|
|poke|p2|Hippowdon, M|
|poke|p2|Hydreigon, F|
|poke|p2|Clefable, F|
|rule|Sleep Clause Mod: Limit one foe put to sleep
|rule|Species Clause: Limit one of each Pokémon
|rule|OHKO Clause: OHKO moves are banned
|rule|Evasion Moves Clause: Evasion moves are banned
|rule|Endless Battle Clause: Forcing endless battles is banned
|rule|HP Percentage Mod: HP is shown in percentages
|rule|Dynamax Clause: You cannot dynamax
|teampreview
|inactive|Battle timer is ON: inactive players will automatically lose when time's up. (requested by LT74PFT TheVarsity)
|
|t:|1599595507
|start
|switch|p1a: Urshifu|Urshifu-Rapid-Strike, F|100/100
|switch|p2a: Clefable|Clefable, F|100/100
|turn|1
|
|t:|1599595513
|move|p1a: Urshifu|U-turn|p2a: Clefable
|-resisted|p2a: Clefable
|-damage|p2a: Clefable|90/100
|
|t:|1599595516
|switch|p1a: Excadrill|Excadrill, F|100/100|[from]move: U-turn
|-ability|p1a: Excadrill|Mold Breaker
|move|p2a: Clefable|Moonblast|p1a: Excadrill
|-resisted|p1a: Excadrill
|-damage|p1a: Excadrill|85/100
|-unboost|p1a: Excadrill|spa|1
|
|-heal|p1a: Excadrill|91/100|[from] item: Leftovers
|upkeep
|turn|2
|
|t:|1599595533
|switch|p2a: Hippowdon|Hippowdon, M|100/100
|-weather|Sandstorm|[from] ability: Sand Stream|[of] p2a: Hippowdon
|move|p1a: Excadrill|Stealth Rock|p2a: Hippowdon
|-sidestart|p2: LT74PFT TheVarsity|move: Stealth Rock
|
|-weather|Sandstorm|[upkeep]
|-heal|p1a: Excadrill|97/100|[from] item: Leftovers
|upkeep
|turn|3
|
|t:|1599595543
|switch|p1a: Pelipper|Pelipper, M|100/100
|-weather|RainDance|[from] ability: Drizzle|[of] p1a: Pelipper
|move|p2a: Hippowdon|Stealth Rock|p1a: Pelipper
|-sidestart|p1: Rorschach I|move: Stealth Rock
|
|-weather|RainDance|[upkeep]
|upkeep
|turn|4
|
|t:|1599595551
|switch|p2a: Hydreigon|Hydreigon, F|100/100
|-damage|p2a: Hydreigon|88/100|[from] Stealth Rock
|move|p1a: Pelipper|Scald|p2a: Hydreigon
|-resisted|p2a: Hydreigon
|-damage|p2a: Hydreigon|37/100
|
|-weather|RainDance|[upkeep]
|upkeep
|turn|5
|
|t:|1599595560
|switch|p1a: Excadrill|Excadrill, F|97/100
|-damage|p1a: Excadrill|94/100|[from] Stealth Rock
|-ability|p1a: Excadrill|Mold Breaker
|move|p2a: Hydreigon|Draco Meteor|p1a: Excadrill
|-resisted|p1a: Excadrill
|-damage|p1a: Excadrill|60/100
|-unboost|p2a: Hydreigon|spa|2
|
|-weather|RainDance|[upkeep]
|-heal|p1a: Excadrill|66/100|[from] item: Leftovers
|upkeep
|turn|6
|
|t:|1599595566
|switch|p2a: Hippowdon|Hippowdon, M|100/100
|-damage|p2a: Hippowdon|94/100|[from] Stealth Rock
|-weather|Sandstorm|[from] ability: Sand Stream|[of] p2a: Hippowdon
|move|p1a: Excadrill|Rapid Spin|p2a: Hippowdon
|-damage|p2a: Hippowdon|84/100
|-boost|p1a: Excadrill|spe|1
|-sideend|p1: Rorschach I|Stealth Rock|[from] move: Rapid Spin|[of] p1a: Excadrill
|
|-weather|Sandstorm|[upkeep]
|-heal|p1a: Excadrill|72/100|[from] item: Leftovers
|upkeep
|turn|7
|
|t:|1599595572
|switch|p1a: Pelipper|Pelipper, M|100/100
|-weather|RainDance|[from] ability: Drizzle|[of] p1a: Pelipper
|switch|p2a: Rotom|Rotom-Heat|100/100
|
|-weather|RainDance|[upkeep]
|upkeep
|turn|8
|
|t:|1599595590
|switch|p1a: Zeraora|Zeraora|100/100
|move|p2a: Rotom|Overheat|p1a: Zeraora
|-damage|p1a: Zeraora|71/100
|-unboost|p2a: Rotom|spa|2
|
|-weather|RainDance|[upkeep]
|upkeep
|turn|9
|
|t:|1599595599
|switch|p2a: Hippowdon|Hippowdon, M|84/100
|-damage|p2a: Hippowdon|77/100|[from] Stealth Rock
|-weather|Sandstorm|[from] ability: Sand Stream|[of] p2a: Hippowdon
|move|p1a: Zeraora|Grass Knot|p2a: Hippowdon
|-supereffective|p2a: Hippowdon
|-damage|p2a: Hippowdon|30/100
|
|-weather|Sandstorm|[upkeep]
|-damage|p1a: Zeraora|65/100|[from] Sandstorm
|upkeep
|turn|10
|
|t:|1599595612
|switch|p2a: Excadrill|Excadrill, M|100/100
|-damage|p2a: Excadrill|97/100|[from] Stealth Rock
|move|p1a: Zeraora|Grass Knot|p2a: Excadrill
|-damage|p2a: Excadrill|75/100
|
|-weather|Sandstorm|[upkeep]
|-damage|p1a: Zeraora|59/100|[from] Sandstorm
|upkeep
|turn|11
|
|t:|1599595617
|switch|p1a: Tangrowth|Tangrowth, F|100/100
|move|p2a: Excadrill|Toxic|p1a: Tangrowth
|-status|p1a: Tangrowth|tox
|
|-weather|Sandstorm|[upkeep]
|-damage|p1a: Tangrowth|94/100 tox|[from] Sandstorm
|-damage|p1a: Tangrowth|88/100 tox|[from] psn
|upkeep
|turn|12
|
|t:|1599595633
|switch|p2a: Magnezone|Magnezone|100/100
|-damage|p2a: Magnezone|94/100|[from] Stealth Rock
|move|p1a: Tangrowth|Sleep Powder|p2a: Magnezone
|-status|p2a: Magnezone|slp|[from] move: Sleep Powder
|
|-weather|Sandstorm|[upkeep]
|-damage|p1a: Tangrowth|82/100 tox|[from] Sandstorm
|-damage|p1a: Tangrowth|70/100 tox|[from] psn
|upkeep
|turn|13
|
|t:|1599595652
|switch|p2a: Clefable|Clefable, F|90/100
|switch|p1a: Excadrill|Excadrill, F|72/100
|-ability|p1a: Excadrill|Mold Breaker
|
|-weather|Sandstorm|[upkeep]
|-heal|p1a: Excadrill|78/100|[from] item: Leftovers
|upkeep
|turn|14
|
|t:|1599595676
|switch|p2a: Hippowdon|Hippowdon, M|30/100
|-damage|p2a: Hippowdon|24/100|[from] Stealth Rock
|move|p1a: Excadrill|Earthquake|p2a: Hippowdon
|-damage|p2a: Hippowdon|0 fnt
|faint|p2a: Hippowdon
|
|-weather|Sandstorm|[upkeep]
|-heal|p1a: Excadrill|84/100|[from] item: Leftovers
|upkeep
|
|t:|1599595680
|switch|p2a: Rotom|Rotom-Heat|100/100
|turn|15
|
|t:|1599595690
|move|p1a: Excadrill|Earthquake|p2a: Rotom
|-supereffective|p2a: Rotom
|-damage|p2a: Rotom|0 fnt
|faint|p2a: Rotom
|
|-weather|Sandstorm|[upkeep]
|-heal|p1a: Excadrill|90/100|[from] item: Leftovers
|upkeep
|c|☆LT74PFT TheVarsity|youre such a fucking stupid
|c|☆LT74PFT TheVarsity|mother fuking
|c|☆LT74PFT TheVarsity|dumb bitch
|c|☆LT74PFT TheVarsity|basic ass ho
|c|☆LT74PFT TheVarsity|making every basic play
|c|☆LT74PFT TheVarsity|like a fucking stupid scrub ass
|c|☆Rorschach I|why ? (:
|c|☆LT74PFT TheVarsity|moron
|inactive|LT74PFT TheVarsity has 120 seconds left.
|
|t:|1599595723
|switch|p2a: Hydreigon|Hydreigon, F|37/100
|-damage|p2a: Hydreigon|25/100|[from] Stealth Rock
|turn|16
|c|☆Rorschach I|im not the one who sac rotom for nothing lol
|
|t:|1599595742
|switch|p1a: Toxapex|Toxapex, M|100/100
|move|p2a: Hydreigon|U-turn|p1a: Toxapex
|-resisted|p1a: Toxapex
|-damage|p1a: Toxapex|95/100
|-damage|p2a: Hydreigon|8/100|[from] item: Rocky Helmet|[of] p1a: Toxapex
|-message|LT74PFT TheVarsity forfeited.
|
|win|Rorschach I
|l|☆LT74PFT TheVarsity
||Ladder (probably) updated, but score could not be retrieved (Request timeout).
