|j|☆samohi0
|j|☆jianshanglaoge
|t:|1661108330
|gametype|singles
|player|p1|samohi0|1|1559
|player|p2|jianshanglaoge|youngster-gen4dp|1590
|teamsize|p1|6
|teamsize|p2|6
|gen|8
|tier|[Gen 8] OU
|rated|
|rule|Sleep Clause Mod: Limit one foe put to sleep
|rule|Species Clause: Limit one of each Pokémon
|rule|OHKO Clause: OHKO moves are banned
|rule|Evasion Items Clause: Evasion items are banned
|rule|Evasion Moves Clause: Evasion moves are banned
|rule|Endless Battle Clause: Forcing endless battles is banned
|rule|HP Percentage Mod: HP is shown in percentages
|rule|Dynamax Clause: You cannot dynamax
|clearpoke
|poke|p1|Hippowdon, M|
|poke|p1|Tyranitar, M|
|poke|p1|Excadrill, M|
|poke|p1|Dracozolt|
|poke|p1|Buzzwole|
|poke|p1|Zapdos|
|poke|p2|Slowbro, M|
|poke|p2|Corviknight, M|
|poke|p2|Clefable, M|
|poke|p2|Blissey, F|
|poke|p2|Slowking-Galar, M|
|poke|p2|Zeraora|
|teampreview
|
|t:|1661108339
|start
|switch|p1a: big pun|Hippowdon, M|100/100
|switch|p2a: Zeraora|Zeraora|100/100
|-weather|Sandstorm|[from] ability: Sand Stream|[of] p1a: big pun
|turn|1
|
|t:|1661108342
|switch|p2a: Corviknight|Corviknight, M|100/100
|-ability|p2a: Corviknight|Pressure
|move|p1a: big pun|Stealth Rock|p2a: Corviknight
|-sidestart|p2: jianshanglaoge|move: Stealth Rock
|
|-weather|Sandstorm|[upkeep]
|upkeep
|turn|2
|
|t:|1661108364
|switch|p1a: nate dogg|Zapdos|100/100
|move|p2a: Corviknight|Defog|p1a: nate dogg
|-unboost|p1a: nate dogg|evasion|1
|-sideend|p2: jianshanglaoge|Stealth Rock|[from] move: Defog|[of] p2a: Corviknight
|
|-weather|Sandstorm|[upkeep]
|-damage|p1a: nate dogg|94/100|[from] Sandstorm
|upkeep
|turn|3
|
|t:|1661108368
|switch|p2a: Zeraora|Zeraora|100/100
|move|p1a: nate dogg|Heat Wave|p2a: Zeraora
|-damage|p2a: Zeraora|75/100
|
|-weather|Sandstorm|[upkeep]
|-damage|p2a: Zeraora|69/100|[from] Sandstorm
|-damage|p1a: nate dogg|88/100|[from] Sandstorm
|-heal|p2a: Zeraora|75/100|[from] item: Leftovers
|upkeep
|turn|4
|
|t:|1661108372
|move|p2a: Zeraora|Toxic|p1a: nate dogg
|-status|p1a: nate dogg|tox
|move|p1a: nate dogg|Heat Wave|p2a: Zeraora|[miss]
|-miss|p1a: nate dogg|p2a: Zeraora
|
|-weather|Sandstorm|[upkeep]
|-damage|p2a: Zeraora|69/100|[from] Sandstorm
|-damage|p1a: nate dogg|82/100 tox|[from] Sandstorm
|-heal|p2a: Zeraora|75/100|[from] item: Leftovers
|-damage|p1a: nate dogg|76/100 tox|[from] psn
|upkeep
|turn|5
|
|t:|1661108392
|move|p2a: Zeraora|Knock Off|p1a: nate dogg
|-damage|p1a: nate dogg|50/100 tox
|-enditem|p1a: nate dogg|Heavy-Duty Boots|[from] move: Knock Off|[of] p2a: Zeraora
|move|p1a: nate dogg|Heat Wave|p2a: Zeraora
|-damage|p2a: Zeraora|49/100
|-status|p2a: Zeraora|brn
|
|-weather|Sandstorm|[upkeep]
|-damage|p2a: Zeraora|43/100 brn|[from] Sandstorm
|-damage|p1a: nate dogg|44/100 tox|[from] Sandstorm
|-heal|p2a: Zeraora|49/100 brn|[from] item: Leftovers
|-damage|p1a: nate dogg|32/100 tox|[from] psn
|-damage|p2a: Zeraora|43/100 brn|[from] brn
|upkeep
|turn|6
|
|t:|1661108406
|move|p2a: Zeraora|Volt Switch|p1a: nate dogg
|-damage|p1a: nate dogg|10/100 tox
|
|t:|1661108412
|switch|p2a: Slowking|Slowking-Galar, M|100/100|[from]move: Volt Switch
|move|p1a: nate dogg|Hurricane|p2a: Slowking
|-damage|p2a: Slowking|74/100
|
|-weather|Sandstorm|[upkeep]
|-damage|p1a: nate dogg|4/100 tox|[from] Sandstorm
|-damage|p2a: Slowking|68/100|[from] Sandstorm
|-damage|p1a: nate dogg|0 fnt|[from] psn
|faint|p1a: nate dogg
|upkeep
|
|t:|1661108423
|switch|p1a: po and dangerous|Dracozolt|100/100
|turn|7
|
|t:|1661108427
|move|p1a: po and dangerous|Earthquake|p2a: Slowking
|-supereffective|p2a: Slowking
|-damage|p2a: Slowking|0 fnt
|faint|p2a: Slowking
|-damage|p1a: po and dangerous|91/100|[from] item: Life Orb
|
|-weather|Sandstorm|[upkeep]
|upkeep
|
|t:|1661108431
|switch|p2a: Slowbro|Slowbro, M|100/100
|turn|8
|
|t:|1661108451
|move|p1a: po and dangerous|Draco Meteor|p2a: Slowbro
|-damage|p2a: Slowbro|36/100
|-unboost|p1a: po and dangerous|spa|2
|-damage|p1a: po and dangerous|81/100|[from] item: Life Orb
|move|p2a: Slowbro|Scald|p1a: po and dangerous
|-resisted|p1a: po and dangerous
|-damage|p1a: po and dangerous|59/100
|-status|p1a: po and dangerous|brn
|
|-weather|none
|-damage|p1a: po and dangerous|53/100 brn|[from] brn
|upkeep
|turn|9
|
|t:|1661108468
|switch|p1a: 50 cent|Buzzwole|100/100
|switch|p2a: Clefable|Clefable, M|100/100
|
|upkeep
|turn|10
|
|t:|1661108473
|switch|p1a: black thought|Tyranitar, M|100/100
|-weather|Sandstorm|[from] ability: Sand Stream|[of] p1a: black thought
|move|p2a: Clefable|Stealth Rock|p1a: black thought
|-sidestart|p1: samohi0|move: Stealth Rock
|
|-weather|Sandstorm|[upkeep]
|-damage|p2a: Clefable|94/100|[from] Sandstorm
|-heal|p2a: Clefable|100/100|[from] item: Leftovers
|upkeep
|turn|11
|
|t:|1661108477
|switch|p1a: mos def|Excadrill, M|100/100
|-damage|p1a: mos def|97/100|[from] Stealth Rock
|move|p2a: Clefable|Knock Off|p1a: mos def
|-damage|p1a: mos def|75/100
|-enditem|p1a: mos def|Life Orb|[from] move: Knock Off|[of] p2a: Clefable
|
|-weather|Sandstorm|[upkeep]
|-damage|p2a: Clefable|94/100|[from] Sandstorm
|-heal|p2a: Clefable|100/100|[from] item: Leftovers
|upkeep
|turn|12
|
|t:|1661108484
|switch|p1a: po and dangerous|Dracozolt|53/100 brn
|-damage|p1a: po and dangerous|41/100 brn|[from] Stealth Rock
|switch|p2a: Corviknight|Corviknight, M|100/100
|-ability|p2a: Corviknight|Pressure
|
|-weather|Sandstorm|[upkeep]
|-damage|p1a: po and dangerous|34/100 brn|[from] brn
|upkeep
|turn|13
|
|t:|1661108494
|move|p1a: po and dangerous|Fire Blast|p2a: Corviknight
|-supereffective|p2a: Corviknight
|-damage|p2a: Corviknight|24/100
|-damage|p1a: po and dangerous|24/100 brn|[from] item: Life Orb
|move|p2a: Corviknight|Roost|p2a: Corviknight
|-heal|p2a: Corviknight|74/100
|-singleturn|p2a: Corviknight|move: Roost
|
|-weather|Sandstorm|[upkeep]
|-heal|p2a: Corviknight|81/100|[from] item: Leftovers
|-damage|p1a: po and dangerous|18/100 brn|[from] brn
|upkeep
|turn|14
|
|t:|1661108506
|switch|p2a: Clefable|Clefable, M|100/100
|move|p1a: po and dangerous|Fire Blast|p2a: Clefable
|-damage|p2a: Clefable|65/100
|-damage|p1a: po and dangerous|8/100 brn|[from] item: Life Orb
|
|-weather|none
|-heal|p2a: Clefable|71/100|[from] item: Leftovers
|-damage|p1a: po and dangerous|2/100 brn|[from] brn
|upkeep
|turn|15
|
|t:|1661108517
|move|p1a: po and dangerous|Earthquake|p2a: Clefable
|-crit|p2a: Clefable
|-damage|p2a: Clefable|52/100
|-damage|p1a: po and dangerous|0 fnt|[from] item: Life Orb
|faint|p1a: po and dangerous
|move|p2a: Clefable|Soft-Boiled|p2a: Clefable
|-heal|p2a: Clefable|100/100
|
|upkeep
|
|t:|1661108519
|switch|p1a: mos def|Excadrill, M|75/100
|-damage|p1a: mos def|72/100|[from] Stealth Rock
|turn|16
|
|t:|1661108523
|switch|p2a: Corviknight|Corviknight, M|81/100
|-ability|p2a: Corviknight|Pressure
|move|p1a: mos def|Swords Dance|p1a: mos def
|-boost|p1a: mos def|atk|2
|
|-heal|p2a: Corviknight|87/100|[from] item: Leftovers
|upkeep
|turn|17
|
|t:|1661108526
|move|p1a: mos def|Rock Slide|p2a: Corviknight
|-damage|p2a: Corviknight|54/100
|move|p2a: Corviknight|Body Press|p1a: mos def
|-supereffective|p1a: mos def
|-damage|p1a: mos def|0 fnt
|faint|p1a: mos def
|
|-heal|p2a: Corviknight|60/100|[from] item: Leftovers
|upkeep
|-message|samohi0 forfeited.
|
|win|jianshanglaoge
|raw|samohi0's rating: 1559 &rarr; <strong>1541</strong><br />(-18 for losing)
|raw|jianshanglaoge's rating: 1590 &rarr; <strong>1608</strong><br />(+18 for winning)
|l|☆samohi0
