|j|☆13luken
|j|☆smollest brian
|inactive|Battle timer is ON: inactive players will automatically lose when time's up.
|t:|1656183985
|gametype|singles
|player|p1|13luken|irida|
|player|p2|smollest brian|sonia|
|teamsize|p1|6
|teamsize|p2|6
|gen|8
|tier|[Gen 8] OU
|rated|Tournament battle
|rule|Sleep Clause Mod: Limit one foe put to sleep
|rule|Species Clause: Limit one of each Pokémon
|rule|OHKO Clause: OHKO moves are banned
|rule|Evasion Moves Clause: Evasion moves are banned
|rule|Endless Battle Clause: Forcing endless battles is banned
|rule|HP Percentage Mod: HP is shown in percentages
|rule|Dynamax Clause: You cannot dynamax
|clearpoke
|poke|p1|Buzzwole|
|poke|p1|Dragapult, F|
|poke|p1|Clefable, M|
|poke|p1|Tapu Fini|
|poke|p1|Heatran, F|
|poke|p1|Landorus-Therian, M|
|poke|p2|Mew|
|poke|p2|Urshifu-*, M|
|poke|p2|Landorus-Therian, M|
|poke|p2|Tapu Koko|
|poke|p2|Tyranitar, F|
|poke|p2|Dragapult, F|
|teampreview
|j|*Lady Monita ☀
|c|☆13luken|glhf
|c|☆smollest brian|we meet again
|c|☆smollest brian|gl hf
|c|☆13luken|indeed brian
|inactive|smollest brian has 120 seconds left.
|
|t:|1656184024
|start
|switch|p1a: stimky|Landorus-Therian, M, shiny|100/100
|switch|p2a: Landorus|Landorus-Therian, M|100/100
|-ability|p2a: Landorus|Intimidate|boost
|-unboost|p1a: stimky|atk|1
|-ability|p1a: stimky|Intimidate|boost
|-unboost|p2a: Landorus|atk|1
|turn|1
|
|t:|1656184030
|move|p2a: Landorus|Stealth Rock|p1a: stimky
|-sidestart|p1: 13luken|move: Stealth Rock
|move|p1a: stimky|Knock Off|p2a: Landorus
|-damage|p2a: Landorus|84/100
|-damage|p1a: stimky|84/100|[from] item: Rocky Helmet|[of] p2a: Landorus
|-enditem|p2a: Landorus|Rocky Helmet|[from] move: Knock Off|[of] p1a: stimky
|
|upkeep
|turn|2
|
|t:|1656184034
|move|p2a: Landorus|Knock Off|p1a: stimky
|-damage|p1a: stimky|66/100
|-damage|p2a: Landorus|68/100|[from] item: Rocky Helmet|[of] p1a: stimky
|-enditem|p1a: stimky|Rocky Helmet|[from] move: Knock Off|[of] p2a: Landorus
|move|p1a: stimky|Defog|p2a: Landorus
|-unboost|p2a: Landorus|evasion|1
|-sideend|p1: 13luken|Stealth Rock|[from] move: Defog|[of] p1a: stimky
|
|upkeep
|turn|3
|
|t:|1656184039
|move|p2a: Landorus|Stealth Rock|p1a: stimky
|-sidestart|p1: 13luken|move: Stealth Rock
|move|p1a: stimky|U-turn|p2a: Landorus
|-resisted|p2a: Landorus
|-crit|p2a: Landorus
|-damage|p2a: Landorus|54/100
|
|t:|1656184043
|switch|p1a: deeeeeeee|Dragapult, F, shiny|100/100|[from]move: U-turn
|-damage|p1a: deeeeeeee|88/100|[from] Stealth Rock
|
|upkeep
|turn|4
|j| Bagebers✔
|
|t:|1656184047
|switch|p2a: Tyranitar|Tyranitar, F|100/100
|-weather|Sandstorm|[from] ability: Sand Stream|[of] p2a: Tyranitar
|move|p1a: deeeeeeee|Hydro Pump|p2a: Tyranitar
|-supereffective|p2a: Tyranitar
|-damage|p2a: Tyranitar|64/100
|-damage|p1a: deeeeeeee|78/100|[from] item: Life Orb
|
|-weather|Sandstorm|[upkeep]
|-damage|p1a: deeeeeeee|72/100|[from] Sandstorm
|upkeep
|turn|5
|
|t:|1656184065
|switch|p1a: buge|Buzzwole, shiny|100/100
|-damage|p1a: buge|88/100|[from] Stealth Rock
|move|p2a: Tyranitar|Ice Beam|p1a: buge
|-damage|p1a: buge|59/100
|
|-weather|Sandstorm|[upkeep]
|-damage|p1a: buge|53/100|[from] Sandstorm
|upkeep
|turn|6
|
|t:|1656184085
|switch|p2a: Dragapult|Dragapult, F|100/100
|move|p1a: buge|Close Combat|p2a: Dragapult
|-immune|p2a: Dragapult
|
|-weather|Sandstorm|[upkeep]
|-damage|p2a: Dragapult|95/100|[from] Sandstorm
|-damage|p1a: buge|47/100|[from] Sandstorm
|upkeep
|turn|7
|
|t:|1656184094
|move|p2a: Dragapult|U-turn|p1a: buge
|-resisted|p1a: buge
|-damage|p1a: buge|41/100
|
|t:|1656184106
|switch|p2a: Dave|Mew|100/100|[from]move: U-turn
|move|p1a: buge|Ice Punch|p2a: Dave
|-damage|p2a: Dave|73/100
|-status|p2a: Dave|frz
|
|-weather|Sandstorm|[upkeep]
|-damage|p2a: Dave|66/100 frz|[from] Sandstorm
|-damage|p1a: buge|35/100|[from] Sandstorm
|upkeep
|turn|8
|
|t:|1656184116
|switch|p2a: Dragapult|Dragapult, F|95/100
|move|p1a: buge|Dynamic Punch|p2a: Dragapult
|-immune|p2a: Dragapult
|
|-weather|none
|upkeep
|turn|9
|
|t:|1656184123
|switch|p1a: stimky|Landorus-Therian, M, shiny|66/100
|-damage|p1a: stimky|53/100|[from] Stealth Rock
|-ability|p1a: stimky|Intimidate|boost
|-unboost|p2a: Dragapult|atk|1
|move|p2a: Dragapult|Shadow Ball|p1a: stimky
|-crit|p1a: stimky
|-damage|p1a: stimky|0 fnt
|faint|p1a: stimky
|
|upkeep
|
|t:|1656184127
|switch|p1a: hehd|Tapu Fini, shiny|100/100
|-damage|p1a: hehd|88/100|[from] Stealth Rock
|-fieldstart|move: Misty Terrain|[from] ability: Misty Surge|[of] p1a: hehd
|turn|10
|inactive|smollest brian has 120 seconds left.
|
|t:|1656184158
|switch|p2a: Tapu Koko|Tapu Koko|100/100
|-fieldstart|move: Electric Terrain|[from] ability: Electric Surge|[of] p2a: Tapu Koko
|move|p1a: hehd|Moonblast|p2a: Tapu Koko
|-damage|p2a: Tapu Koko|44/100
|
|upkeep
|turn|11
|
|t:|1656184167
|switch|p2a: Landorus|Landorus-Therian, M|54/100
|-ability|p2a: Landorus|Intimidate|boost
|-unboost|p1a: hehd|atk|1
|move|p1a: hehd|Moonblast|p2a: Landorus
|-damage|p2a: Landorus|11/100
|
|upkeep
|turn|12
|
|t:|1656184170
|move|p1a: hehd|Moonblast|p2a: Landorus
|-damage|p2a: Landorus|0 fnt
|faint|p2a: Landorus
|
|upkeep
|
|t:|1656184186
|switch|p2a: Tyranitar|Tyranitar, F|64/100
|-weather|Sandstorm|[from] ability: Sand Stream|[of] p2a: Tyranitar
|turn|13
|
|t:|1656184200
|switch|p1a: buge|Buzzwole, shiny|35/100
|-damage|p1a: buge|22/100|[from] Stealth Rock
|move|p2a: Tyranitar|Heavy Slam|p1a: buge
|-damage|p1a: buge|12/100
|
|-weather|Sandstorm|[upkeep]
|-damage|p1a: buge|5/100|[from] Sandstorm
|upkeep
|turn|14
|
|t:|1656184216
|switch|p2a: Urshifu|Urshifu-Rapid-Strike, M|100/100
|move|p1a: buge|Ice Punch|p2a: Urshifu
|-resisted|p2a: Urshifu
|-damage|p2a: Urshifu|84/100
|-status|p2a: Urshifu|frz
|
|-weather|Sandstorm|[upkeep]
|-damage|p2a: Urshifu|78/100 frz|[from] Sandstorm
|-damage|p1a: buge|0 fnt|[from] Sandstorm
|faint|p1a: buge
|-fieldend|move: Electric Terrain
|upkeep
|c|☆13luken|skillful freeze
|
|t:|1656184239
|switch|p1a: deeeeeeee|Dragapult, F, shiny|72/100
|-damage|p1a: deeeeeeee|60/100|[from] Stealth Rock
|turn|15
|
|t:|1656184245
|cant|p2a: Urshifu|frz
|move|p1a: deeeeeeee|Shadow Ball|p2a: Urshifu
|-damage|p2a: Urshifu|4/100 frz
|-damage|p1a: deeeeeeee|50/100|[from] item: Life Orb
|
|-weather|Sandstorm|[upkeep]
|-damage|p2a: Urshifu|0 fnt|[from] Sandstorm
|-damage|p1a: deeeeeeee|44/100|[from] Sandstorm
|faint|p2a: Urshifu
|upkeep
|
|t:|1656184250
|switch|p2a: Tyranitar|Tyranitar, F|64/100
|turn|16
|
|t:|1656184253
|move|p1a: deeeeeeee|Hydro Pump|p2a: Tyranitar
|-supereffective|p2a: Tyranitar
|-damage|p2a: Tyranitar|28/100
|-damage|p1a: deeeeeeee|35/100|[from] item: Life Orb
|move|p2a: Tyranitar|Crunch|p1a: deeeeeeee
|-supereffective|p1a: deeeeeeee
|-damage|p1a: deeeeeeee|0 fnt
|faint|p1a: deeeeeeee
|
|-weather|Sandstorm|[upkeep]
|upkeep
|
|t:|1656184266
|switch|p1a: hehd|Tapu Fini, shiny|88/100
|-damage|p1a: hehd|76/100|[from] Stealth Rock
|-fieldstart|move: Misty Terrain|[from] ability: Misty Surge|[of] p1a: hehd
|turn|17
|
|t:|1656184268
|move|p1a: hehd|Moonblast|p2a: Tyranitar
|-supereffective|p2a: Tyranitar
|-damage|p2a: Tyranitar|0 fnt
|faint|p2a: Tyranitar
|
|-weather|none
|upkeep
|
|t:|1656184273
|switch|p2a: Dragapult|Dragapult, F|95/100
|turn|18
|
|t:|1656184275
|move|p1a: hehd|Moonblast|p2a: Dragapult
|-supereffective|p2a: Dragapult
|-damage|p2a: Dragapult|0 fnt
|faint|p2a: Dragapult
|
|upkeep
|
|t:|1656184278
|switch|p2a: Dave|Mew|66/100 frz
|turn|19
|
|t:|1656184282
|move|p1a: hehd|Moonblast|p2a: Dave
|-damage|p2a: Dave|29/100 frz
|cant|p2a: Dave|frz
|
|upkeep
|turn|20
|
|t:|1656184286
|move|p1a: hehd|Moonblast|p2a: Dave
|-damage|p2a: Dave|0 fnt
|faint|p2a: Dave
|
|upkeep
|c|☆13luken|gg
|c| Bagebers✔|bg
|c|☆smollest brian|man
|c|☆smollest brian|gg
|
|t:|1656184296
|switch|p2a: Tapu Koko|Tapu Koko|44/100
|-fieldstart|move: Electric Terrain|[from] ability: Electric Surge|[of] p2a: Tapu Koko
|turn|21
|c|☆13luken|LOL "bg"
|c|☆13luken|sorry mate
|
|t:|1656184299
|move|p1a: hehd|Moonblast|p2a: Tapu Koko
|-damage|p2a: Tapu Koko|0 fnt
|faint|p2a: Tapu Koko
|
|win|13luken
|n|☆13luken|13luken
|n|☆smollest brian|smollestbrian
|n|*Lady Monita ☀|ladymonita
|n| Bagebers✔|bagebers
|c|*Lady Monita ☀|smollest brian your cloaked Pokemon has fainted!
|l|*Lady Monita ☀
