|raw|<div class="broadcast-blue"><strong>This battle is required to be public due to a player having a name starting with 'lt93oq'.</div>
|j|☆lt93oq devin
|j|☆Coach Jones 6fifth
|t:|1661011075
|gametype|singles
|player|p1|lt93oq devin|proton|1888
|player|p2|Coach Jones 6fifth|lusamine-nihilego|1955
|teamsize|p1|6
|teamsize|p2|6
|gen|8
|tier|[Gen 8] OU
|rated|
|rule|Sleep Clause Mod: Limit one foe put to sleep
|rule|Species Clause: Limit one of each Pokémon
|rule|OHKO Clause: OHKO moves are banned
|rule|Evasion Items Clause: Evasion items are banned
|rule|Evasion Moves Clause: Evasion moves are banned
|rule|Endless Battle Clause: Forcing endless battles is banned
|rule|HP Percentage Mod: HP is shown in percentages
|rule|Dynamax Clause: You cannot dynamax
|clearpoke
|poke|p1|Mew|
|poke|p1|Dragapult, M|
|poke|p1|Weavile, M|
|poke|p1|Kartana|
|poke|p1|Melmetal|
|poke|p1|Landorus-Therian, M|
|poke|p2|Slowking-Galar, F|
|poke|p2|Ferrothorn, F|
|poke|p2|Urshifu-*, F|
|poke|p2|Dragapult, F|
|poke|p2|Landorus-Therian, M|
|poke|p2|Bisharp, M|
|teampreview
|inactive|Battle timer is ON: inactive players will automatically lose when time's up. (requested by lt93oq devin)
|
|t:|1661011090
|start
|switch|p1a: Dragapult|Dragapult, M|100/100
|switch|p2a: Bisharp|Bisharp, M|100/100
|turn|1
|j| zaborgrnh
|j| lt93oq fenomeno
|j| dhehehdh
|j| LT93OQ ivyz
|j| mushroom poisoning
|j| reddit randy
|j| lnternal
|
|t:|1661011110
|move|p2a: Bisharp|Sucker Punch|p1a: Dragapult
|-supereffective|p1a: Dragapult
|-damage|p1a: Dragapult|0 fnt
|faint|p1a: Dragapult
|
|upkeep
|j| Stoutberg
|
|t:|1661011114
|switch|p1a: Weavile|Weavile, M|100/100
|-ability|p1a: Weavile|Pressure
|turn|2
|
|t:|1661011118
|switch|p2a: Urshifu|Urshifu-Rapid-Strike, F|100/100
|move|p1a: Weavile|Low Kick|p2a: Urshifu
|-damage|p2a: Urshifu|42/100
|
|upkeep
|turn|3
|j| Triple Se7en
|j| Yo Bf A Lame
|
|t:|1661011128
|switch|p1a: Mew|Mew|100/100
|switch|p2a: Dragapult|Dragapult, F|100/100
|
|upkeep
|turn|4
|
|t:|1661011133
|switch|p1a: Weavile|Weavile, M|100/100
|-ability|p1a: Weavile|Pressure
|move|p2a: Dragapult|U-turn|p1a: Weavile
|-supereffective|p1a: Weavile
|-damage|p1a: Weavile|40/100
|l| mushroom poisoning
|
|t:|1661011139
|switch|p2a: Urshifu|Urshifu-Rapid-Strike, F|42/100|[from]move: U-turn
|
|upkeep
|turn|5
|j| Swag like Ohio
|
|t:|1661011144
|switch|p1a: Kartana|Kartana|100/100
|move|p2a: Urshifu|Aqua Jet|p1a: Kartana
|-resisted|p1a: Kartana
|-damage|p1a: Kartana|84/100
|
|upkeep
|turn|6
|
|t:|1661011151
|switch|p1a: Landorus|Landorus-Therian, M|100/100
|-ability|p1a: Landorus|Intimidate|boost
|-unboost|p2a: Urshifu|atk|1
|switch|p2a: Landorus|Landorus-Therian, M|100/100
|-ability|p2a: Landorus|Intimidate|boost
|-unboost|p1a: Landorus|atk|1
|
|upkeep
|turn|7
|
|t:|1661011156
|move|p1a: Landorus|Stealth Rock|p2a: Landorus
|-sidestart|p2: Coach Jones 6fifth|move: Stealth Rock
|move|p2a: Landorus|U-turn|p1a: Landorus
|-resisted|p1a: Landorus
|-damage|p1a: Landorus|88/100
|
|t:|1661011158
|switch|p2a: Urshifu|Urshifu-Rapid-Strike, F|42/100|[from]move: U-turn
|-damage|p2a: Urshifu|36/100|[from] Stealth Rock
|
|upkeep
|turn|8
|j| soadns
|
|t:|1661011160
|switch|p1a: Kartana|Kartana|84/100
|move|p2a: Urshifu|Surging Strikes|p1a: Kartana
|-resisted|p1a: Kartana
|-crit|p1a: Kartana
|-damage|p1a: Kartana|70/100
|-resisted|p1a: Kartana
|-crit|p1a: Kartana
|-damage|p1a: Kartana|53/100
|-resisted|p1a: Kartana
|-crit|p1a: Kartana
|-damage|p1a: Kartana|38/100
|-hitcount|p1a: Kartana|3
|
|upkeep
|turn|9
|
|t:|1661011167
|move|p1a: Kartana|Knock Off|p2a: Urshifu
|-resisted|p2a: Urshifu
|-damage|p2a: Urshifu|16/100
|-enditem|p2a: Urshifu|Choice Band|[from] move: Knock Off|[of] p1a: Kartana
|move|p2a: Urshifu|Surging Strikes|p1a: Kartana
|-resisted|p1a: Kartana
|-crit|p1a: Kartana
|-damage|p1a: Kartana|28/100
|-resisted|p1a: Kartana
|-crit|p1a: Kartana
|-damage|p1a: Kartana|17/100
|-resisted|p1a: Kartana
|-crit|p1a: Kartana
|-damage|p1a: Kartana|7/100
|-hitcount|p1a: Kartana|3
|
|upkeep
|turn|10
|
|t:|1661011173
|switch|p1a: Mew|Mew|100/100
|move|p2a: Urshifu|Aqua Jet|p1a: Mew
|-damage|p1a: Mew|81/100
|
|-heal|p1a: Mew|87/100|[from] item: Leftovers
|upkeep
|turn|11
|
|t:|1661011177
|move|p1a: Mew|Psychic Fangs|p2a: Urshifu
|-supereffective|p2a: Urshifu
|-damage|p2a: Urshifu|0 fnt
|faint|p2a: Urshifu
|
|-heal|p1a: Mew|93/100|[from] item: Leftovers
|upkeep
|
|t:|1661011182
|switch|p2a: Dragapult|Dragapult, F|100/100
|-damage|p2a: Dragapult|88/100|[from] Stealth Rock
|turn|12
|j| LT93OQ SERPI
|
|t:|1661011189
|switch|p1a: Landorus|Landorus-Therian, M|88/100
|-ability|p1a: Landorus|Intimidate|boost
|-unboost|p2a: Dragapult|atk|1
|move|p2a: Dragapult|Shadow Ball|p1a: Landorus
|-damage|p1a: Landorus|3/100
|
|upkeep
|turn|13
|-enditem|p1a: Landorus|Custap Berry|[eat]
|-activate|p1a: Landorus|item: Custap Berry|[consumed]
|
|t:|1661011202
|switch|p2a: Landorus|Landorus-Therian, M|100/100
|-damage|p2a: Landorus|88/100|[from] Stealth Rock
|-ability|p2a: Landorus|Intimidate|boost
|-unboost|p1a: Landorus|atk|1
|move|p1a: Landorus|Knock Off|p2a: Landorus
|-damage|p2a: Landorus|63/100
|-enditem|p2a: Landorus|Leftovers|[from] move: Knock Off|[of] p1a: Landorus
|
|upkeep
|turn|14
|
|t:|1661011207
|switch|p2a: Dragapult|Dragapult, F|88/100
|-damage|p2a: Dragapult|76/100|[from] Stealth Rock
|move|p1a: Landorus|Explosion|p2a: Dragapult
|-immune|p2a: Dragapult
|faint|p1a: Landorus
|
|upkeep
|
|t:|1661011212
|switch|p1a: Kartana|Kartana|7/100
|turn|15
|
|t:|1661011215
|switch|p1a: Weavile|Weavile, M|40/100
|-ability|p1a: Weavile|Pressure
|switch|p2a: Landorus|Landorus-Therian, M|63/100
|-damage|p2a: Landorus|51/100|[from] Stealth Rock
|-ability|p2a: Landorus|Intimidate|boost
|-unboost|p1a: Weavile|atk|1
|
|upkeep
|turn|16
|
|t:|1661011235
|switch|p2a: Ferrothorn|Ferrothorn, F, shiny|100/100
|-damage|p2a: Ferrothorn|95/100|[from] Stealth Rock
|move|p1a: Weavile|Low Kick|p2a: Ferrothorn
|-supereffective|p2a: Ferrothorn
|-damage|p2a: Ferrothorn|43/100
|-damage|p1a: Weavile|28/100|[from] ability: Iron Barbs|[of] p2a: Ferrothorn
|
|upkeep
|turn|17
|j| LT93OQ T
|
|t:|1661011243
|switch|p1a: Kartana|Kartana|7/100
|move|p2a: Ferrothorn|Gyro Ball|p1a: Kartana
|-resisted|p1a: Kartana
|-damage|p1a: Kartana|0 fnt
|faint|p1a: Kartana
|
|upkeep
|
|t:|1661011249
|switch|p1a: Melmetal|Melmetal|100/100
|turn|18
|
|t:|1661011251
|move|p1a: Melmetal|Superpower|p2a: Ferrothorn
|-supereffective|p2a: Ferrothorn
|-damage|p2a: Ferrothorn|0 fnt
|-unboost|p1a: Melmetal|atk|1
|-unboost|p1a: Melmetal|def|1
|-damage|p1a: Melmetal|88/100|[from] ability: Iron Barbs|[of] p2a: Ferrothorn
|faint|p2a: Ferrothorn
|
|upkeep
|
|t:|1661011254
|switch|p2a: Bisharp|Bisharp, M|100/100
|-damage|p2a: Bisharp|95/100|[from] Stealth Rock
|turn|19
|
|t:|1661011272
|switch|p2a: Slowking|Slowking-Galar, F|100/100
|-damage|p2a: Slowking|88/100|[from] Stealth Rock
|move|p1a: Melmetal|Superpower|p2a: Slowking
|-resisted|p2a: Slowking
|-damage|p2a: Slowking|79/100
|-unboost|p1a: Melmetal|atk|1
|-unboost|p1a: Melmetal|def|1
|
|upkeep
|turn|20
|
|t:|1661011279
|move|p1a: Melmetal|Double Iron Bash|p2a: Slowking
|-damage|p2a: Slowking|58/100
|-damage|p2a: Slowking|33/100
|-hitcount|p2a: Slowking|2
|cant|p2a: Slowking|flinch
|
|upkeep
|turn|21
|l| LT93OQ T
|
|t:|1661011287
|switch|p1a: Weavile|Weavile, M|28/100
|-ability|p1a: Weavile|Pressure
|move|p2a: Slowking|Sludge Bomb|p1a: Weavile
|-damage|p1a: Weavile|0 fnt
|faint|p1a: Weavile
|
|upkeep
|
|t:|1661011293
|switch|p1a: Mew|Mew|93/100
|turn|22
|l| Swag like Ohio
|
|t:|1661011296
|move|p1a: Mew|Dragon Dance|p1a: Mew
|-boost|p1a: Mew|atk|1
|-boost|p1a: Mew|spe|1
|move|p2a: Slowking|Sludge Bomb|p1a: Mew
|-damage|p1a: Mew|61/100
|
|-heal|p1a: Mew|68/100|[from] item: Leftovers
|upkeep
|turn|23
|
|t:|1661011300
|move|p1a: Mew|Psychic Fangs|p2a: Slowking
|-damage|p2a: Slowking|0 fnt
|faint|p2a: Slowking
|
|-heal|p1a: Mew|74/100|[from] item: Leftovers
|upkeep
|
|t:|1661011302
|switch|p2a: Landorus|Landorus-Therian, M|51/100
|-damage|p2a: Landorus|39/100|[from] Stealth Rock
|-ability|p2a: Landorus|Intimidate|boost
|-unboost|p1a: Mew|atk|1
|turn|24
|j| LT93OQ T
|
|t:|1661011305
|move|p1a: Mew|Triple Axel|p2a: Landorus
|-supereffective|p2a: Landorus
|-damage|p2a: Landorus|14/100
|-supereffective|p2a: Landorus
|-crit|p2a: Landorus
|-damage|p2a: Landorus|0 fnt
|faint|p2a: Landorus
|-hitcount|p2: Landorus|2
|
|-heal|p1a: Mew|80/100|[from] item: Leftovers
|upkeep
|
|t:|1661011307
|switch|p2a: Bisharp|Bisharp, M|95/100
|-damage|p2a: Bisharp|89/100|[from] Stealth Rock
|turn|25
|
|t:|1661011311
|switch|p1a: Melmetal|Melmetal|88/100
|move|p2a: Bisharp|Sucker Punch||[still]
|-fail|p2a: Bisharp
|
|upkeep
|turn|26
|
|t:|1661011316
|switch|p1a: Mew|Mew|80/100
|move|p2a: Bisharp|Sucker Punch||[still]
|-fail|p2a: Bisharp
|
|-heal|p1a: Mew|86/100|[from] item: Leftovers
|upkeep
|turn|27
|j| ivehadenoughshit
|
|t:|1661011321
|switch|p2a: Dragapult|Dragapult, F|76/100
|-damage|p2a: Dragapult|64/100|[from] Stealth Rock
|move|p1a: Mew|Dragon Dance|p1a: Mew
|-boost|p1a: Mew|atk|1
|-boost|p1a: Mew|spe|1
|
|-heal|p1a: Mew|92/100|[from] item: Leftovers
|upkeep
|turn|28
|
|t:|1661011325
|switch|p2a: Bisharp|Bisharp, M|89/100
|-damage|p2a: Bisharp|83/100|[from] Stealth Rock
|move|p1a: Mew|Triple Axel|p2a: Bisharp
|-resisted|p2a: Bisharp
|-damage|p2a: Bisharp|78/100
|-hitcount|p2a: Bisharp|1
|
|-heal|p1a: Mew|98/100|[from] item: Leftovers
|upkeep
|turn|29
|
|t:|1661011330
|move|p2a: Bisharp|Sucker Punch|p1a: Mew
|-supereffective|p1a: Mew
|-damage|p1a: Mew|0 fnt
|faint|p1a: Mew
|
|upkeep
|
|t:|1661011332
|switch|p1a: Melmetal|Melmetal|88/100
|turn|30
|
|t:|1661011334
|move|p2a: Bisharp|Sucker Punch|p1a: Melmetal
|-crit|p1a: Melmetal
|-damage|p1a: Melmetal|37/100
|move|p1a: Melmetal|Earthquake|p2a: Bisharp
|-supereffective|p2a: Bisharp
|-damage|p2a: Bisharp|0 fnt
|faint|p2a: Bisharp
|
|upkeep
|
|t:|1661011336
|switch|p2a: Dragapult|Dragapult, F|64/100
|-damage|p2a: Dragapult|51/100|[from] Stealth Rock
|turn|31
|
|t:|1661011337
|move|p2a: Dragapult|Flamethrower|p1a: Melmetal
|-supereffective|p1a: Melmetal
|-enditem|p1a: Melmetal|Occa Berry|[eat]
|-enditem|p1a: Melmetal|Occa Berry|[weaken]
|-damage|p1a: Melmetal|0 fnt
|faint|p1a: Melmetal
|
|win|Coach Jones 6fifth
|raw|lt93oq devin's rating: 1888 &rarr; <strong>1872</strong><br />(-16 for losing)
|raw|Coach Jones 6fifth's rating: 1955 &rarr; <strong>1971</strong><br />(+16 for winning)
|c|☆lt93oq devin|man,
