|html|<div class="broadcast-blue"><strong>[Gen 8] OU is currently suspecting Kyurem! For information on how to participate check out the <a href="https://www.smogon.com/forums/threads/np-ss-ou-suspect-process-round-11-break-the-ice.3694129/">suspect thread</a>.</strong></div>
|j|☆LudwigFrog
|j|☆Wildchu ☾★
|t:|1638225416
|gametype|singles
|player|p1|LudwigFrog|hilbert-wonderlauncher|1572
|player|p2|Wildchu ☾★|shauntal|1569
|teamsize|p1|6
|teamsize|p2|6
|gen|8
|tier|[Gen 8] OU
|rated|
|rule|Sleep Clause Mod: Limit one foe put to sleep
|rule|Species Clause: Limit one of each Pokémon
|rule|OHKO Clause: OHKO moves are banned
|rule|Evasion Moves Clause: Evasion moves are banned
|rule|Endless Battle Clause: Forcing endless battles is banned
|rule|HP Percentage Mod: HP is shown in percentages
|rule|Dynamax Clause: You cannot dynamax
|clearpoke
|poke|p1|Dragonite, M|
|poke|p1|Magnezone|
|poke|p1|Corviknight, F|
|poke|p1|Tapu Fini|
|poke|p1|Kartana|
|poke|p1|Garchomp, M|
|poke|p2|Aegislash, M|
|poke|p2|Moltres-Galar|
|poke|p2|Tapu Lele|
|poke|p2|Urshifu-*, F|
|poke|p2|Kartana|
|poke|p2|Landorus-Therian, M|
|teampreview
|inactive|Battle timer is ON: inactive players will automatically lose when time's up. (requested by LudwigFrog)
|inactive|Wildchu ☾★ has 120 seconds left.
|
|t:|1638225467
|start
|switch|p1a: Dragonite|Dragonite, M|100/100
|switch|p2a: Landorus|Landorus-Therian, M|100/100
|-ability|p2a: Landorus|Intimidate|boost
|-unboost|p1a: Dragonite|atk|1
|turn|1
|
|t:|1638225471
|move|p1a: Dragonite|Ice Punch|p2a: Landorus
|-supereffective|p2a: Landorus
|-damage|p2a: Landorus|0 fnt
|-damage|p1a: Dragonite|84/100|[from] item: Rocky Helmet|[of] p2a: Landorus
|faint|p2a: Landorus
|
|upkeep
|
|t:|1638225484
|switch|p2a: Aegislash|Aegislash, M|100/100
|turn|2
|
|t:|1638225488
|switch|p1a: Garchomp|Garchomp, M|100/100
|-formechange|p2a: Aegislash|Aegislash-Blade||[from] ability: Stance Change
|move|p2a: Aegislash|Shadow Ball|p1a: Garchomp
|-damage|p1a: Garchomp|50/100
|
|-heal|p1a: Garchomp|56/100|[from] item: Leftovers
|upkeep
|turn|3
|
|t:|1638225500
|switch|p2a: Kartana|Kartana|100/100
|move|p1a: Garchomp|Earthquake|p2a: Kartana
|-damage|p2a: Kartana|61/100
|
|-heal|p1a: Garchomp|62/100|[from] item: Leftovers
|upkeep
|turn|4
|
|t:|1638225507
|switch|p1a: Magnezone|Magnezone|100/100
|move|p2a: Kartana|Swords Dance|p2a: Kartana
|-boost|p2a: Kartana|atk|2
|
|upkeep
|turn|5
|
|t:|1638225515
|move|p2a: Kartana|Sacred Sword|p1a: Magnezone
|-supereffective|p1a: Magnezone
|-damage|p1a: Magnezone|0 fnt
|faint|p1a: Magnezone
|-ability|p2a: Kartana|Beast Boost|boost
|-boost|p2a: Kartana|spe|1
|-damage|p2a: Kartana|51/100|[from] item: Life Orb
|
|upkeep
|
|t:|1638225520
|switch|p1a: Corviknight|Corviknight, F|100/100
|-ability|p1a: Corviknight|Pressure
|turn|6
|
|t:|1638225529
|switch|p2a: Aegislash|Aegislash, M|100/100
|move|p1a: Corviknight|Brave Bird|p2a: Aegislash
|-resisted|p2a: Aegislash
|-damage|p2a: Aegislash|82/100
|-damage|p1a: Corviknight|96/100|[from] Recoil
|
|-heal|p1a: Corviknight|100/100|[from] item: Leftovers
|upkeep
|turn|7
|
|t:|1638225534
|-formechange|p2a: Aegislash|Aegislash-Blade||[from] ability: Stance Change
|move|p2a: Aegislash|Shadow Ball|p1a: Corviknight
|-damage|p1a: Corviknight|51/100
|move|p1a: Corviknight|Brave Bird|p2a: Aegislash
|-resisted|p2a: Aegislash
|-damage|p2a: Aegislash|40/100
|-damage|p1a: Corviknight|42/100|[from] Recoil
|
|-heal|p1a: Corviknight|48/100|[from] item: Leftovers
|upkeep
|turn|8
|
|t:|1638225541
|switch|p1a: Tapu Fini|Tapu Fini|100/100
|-fieldstart|move: Misty Terrain|[from] ability: Misty Surge|[of] p1a: Tapu Fini
|move|p2a: Aegislash|Shadow Ball|p1a: Tapu Fini
|-damage|p1a: Tapu Fini|47/100
|
|-heal|p1a: Tapu Fini|53/100|[from] item: Leftovers
|upkeep
|turn|9
|
|t:|1638225544
|move|p1a: Tapu Fini|Scald|p2a: Aegislash
|-damage|p2a: Aegislash|0 fnt
|faint|p2a: Aegislash
|
|-heal|p1a: Tapu Fini|60/100|[from] item: Leftovers
|upkeep
|
|t:|1638225569
|switch|p2a: Kartana|Kartana|51/100
|turn|10
|inactive|Wildchu ☾★ has 120 seconds left.
|
|t:|1638225587
|switch|p1a: Dragonite|Dragonite, M|84/100
|move|p2a: Kartana|Leaf Blade|p1a: Dragonite
|-resisted|p1a: Dragonite
|-damage|p1a: Dragonite|67/100
|-damage|p2a: Kartana|41/100|[from] item: Life Orb
|
|upkeep
|turn|11
|
|t:|1638225591
|move|p2a: Kartana|Knock Off|p1a: Dragonite
|-damage|p1a: Dragonite|18/100
|-enditem|p1a: Dragonite|Choice Band|[from] move: Knock Off|[of] p2a: Kartana
|-damage|p2a: Kartana|32/100|[from] item: Life Orb
|move|p1a: Dragonite|Dual Wingbeat|p2a: Kartana
|-crit|p2a: Kartana
|-damage|p2a: Kartana|0 fnt
|faint|p2a: Kartana
|-hitcount|p2: Kartana|1
|
|upkeep
|inactive|Wildchu ☾★ has 120 seconds left.
|
|t:|1638225624
|switch|p2a: Tapu Lele|Tapu Lele|100/100
|-fieldstart|move: Psychic Terrain|[from] ability: Psychic Surge|[of] p2a: Tapu Lele
|turn|12
|
|t:|1638225635
|switch|p1a: Garchomp|Garchomp, M|62/100
|move|p2a: Tapu Lele|Psychic|p1a: Garchomp
|-damage|p1a: Garchomp|18/100
|
|-heal|p1a: Garchomp|24/100|[from] item: Leftovers
|upkeep
|turn|13
|
|t:|1638225639
|move|p2a: Tapu Lele|Psychic|p1a: Garchomp
|-damage|p1a: Garchomp|0 fnt
|faint|p1a: Garchomp
|
|upkeep
|
|t:|1638225640
|switch|p1a: Corviknight|Corviknight, F|48/100
|-ability|p1a: Corviknight|Pressure
|turn|14
|
|t:|1638225651
|switch|p2a: Urshifu|Urshifu-Rapid-Strike, F|100/100
|move|p1a: Corviknight|Roost|p1a: Corviknight
|-heal|p1a: Corviknight|98/100
|-singleturn|p1a: Corviknight|move: Roost
|
|-heal|p1a: Corviknight|100/100|[from] item: Leftovers
|upkeep
|turn|15
|
|t:|1638225667
|switch|p2a: Tapu Lele|Tapu Lele|100/100
|move|p1a: Corviknight|Brave Bird|p2a: Tapu Lele
|-damage|p2a: Tapu Lele|48/100
|-damage|p1a: Corviknight|88/100|[from] Recoil
|
|-heal|p1a: Corviknight|94/100|[from] item: Leftovers
|upkeep
|turn|16
|
|t:|1638225671
|move|p2a: Tapu Lele|Thunder|p1a: Corviknight
|-supereffective|p1a: Corviknight
|-damage|p1a: Corviknight|43/100
|move|p1a: Corviknight|Brave Bird|p2a: Tapu Lele
|-damage|p2a: Tapu Lele|0 fnt
|faint|p2a: Tapu Lele
|-damage|p1a: Corviknight|32/100|[from] Recoil
|
|-heal|p1a: Corviknight|38/100|[from] item: Leftovers
|-fieldend|move: Psychic Terrain
|upkeep
|
|t:|1638225686
|switch|p2a: Moltres|Moltres-Galar|100/100
|turn|17
|
|t:|1638225689
|move|p2a: Moltres|Nasty Plot|p2a: Moltres
|-boost|p2a: Moltres|spa|2
|move|p1a: Corviknight|U-turn|p2a: Moltres
|-damage|p2a: Moltres|85/100
|
|t:|1638225693
|switch|p1a: Dragonite|Dragonite, M|18/100|[from]move: U-turn
|
|upkeep
|turn|18
|
|t:|1638225713
|move|p1a: Dragonite|Extreme Speed|p2a: Moltres
|-damage|p2a: Moltres|50/100
|-ability|p2a: Moltres|Berserk|boost
|-boost|p2a: Moltres|spa|1
|move|p2a: Moltres|Agility|p2a: Moltres
|-boost|p2a: Moltres|spe|2
|
|upkeep
|turn|19
|
|t:|1638225725
|move|p1a: Dragonite|Extreme Speed|p2a: Moltres
|-damage|p2a: Moltres|16/100
|move|p2a: Moltres|Fiery Wrath|p1a: Dragonite
|-damage|p1a: Dragonite|0 fnt
|faint|p1a: Dragonite
|
|upkeep
|
|t:|1638225729
|switch|p1a: Tapu Fini|Tapu Fini|60/100
|-fieldstart|move: Misty Terrain|[from] ability: Misty Surge|[of] p1a: Tapu Fini
|turn|20
|
|t:|1638225733
|move|p2a: Moltres|Rest|p2a: Moltres
|-status|p2a: Moltres|slp|[from] move: Rest
|-heal|p2a: Moltres|100/100 slp|[silent]
|-enditem|p2a: Moltres|Chesto Berry|[eat]
|-curestatus|p2a: Moltres|slp|[msg]
|move|p1a: Tapu Fini|Draining Kiss|p2a: Moltres
|-supereffective|p2a: Moltres
|-damage|p2a: Moltres|74/100
|-heal|p1a: Tapu Fini|80/100|[from] drain|[of] p2a: Moltres
|
|-heal|p1a: Tapu Fini|87/100|[from] item: Leftovers
|upkeep
|turn|21
|j| Cattibob
|
|t:|1638225739
|move|p2a: Moltres|Fiery Wrath|p1a: Tapu Fini
|-resisted|p1a: Tapu Fini
|-damage|p1a: Tapu Fini|43/100
|move|p1a: Tapu Fini|Draining Kiss|p2a: Moltres
|-supereffective|p2a: Moltres
|-damage|p2a: Moltres|48/100
|-heal|p1a: Tapu Fini|63/100|[from] drain|[of] p2a: Moltres
|-ability|p2a: Moltres|Berserk|boost
|-boost|p2a: Moltres|spa|1
|
|-heal|p1a: Tapu Fini|69/100|[from] item: Leftovers
|upkeep
|turn|22
|
|t:|1638225745
|move|p2a: Moltres|Fiery Wrath|p1a: Tapu Fini
|-resisted|p1a: Tapu Fini
|-damage|p1a: Tapu Fini|18/100
|move|p1a: Tapu Fini|Calm Mind|p1a: Tapu Fini
|-boost|p1a: Tapu Fini|spa|1
|-boost|p1a: Tapu Fini|spd|1
|
|-heal|p1a: Tapu Fini|24/100|[from] item: Leftovers
|upkeep
|turn|23
|
|t:|1638225750
|move|p2a: Moltres|Fiery Wrath|p1a: Tapu Fini
|-resisted|p1a: Tapu Fini
|-damage|p1a: Tapu Fini|0 fnt
|faint|p1a: Tapu Fini
|
|upkeep
|-message|LudwigFrog forfeited.
|
|win|Wildchu ☾★
|raw|LudwigFrog's rating: 1572 &rarr; <strong>1552</strong><br />(-20 for losing)
|raw|Wildchu ☾★'s rating: 1569 &rarr; <strong>1589</strong><br />(+20 for winning)
|l|☆LudwigFrog
|l| Cattibob
||Ladder isn't responding, score probably updated but might not have (Request timeout).
