|j|☆Ayante
|j|☆large owl
|inactive|Battle timer is ON: inactive players will automatically lose when time's up.
|player|p1|Ayante|koga|
|player|p2|large owl|1|
|teamsize|p1|6
|teamsize|p2|6
|gametype|singles
|gen|8
|tier|[Gen 8] OU
|rated|Tournament battle
|clearpoke
|poke|p1|Mew|
|poke|p1|Urshifu-*, M|
|poke|p1|Cinderace, M|
|poke|p1|Rillaboom, F|
|poke|p1|Toxapex, F|
|poke|p1|Kommo-o, M|
|poke|p2|Hippowdon, M|
|poke|p2|Urshifu-*, F|
|poke|p2|Kyurem|
|poke|p2|Slowbro, M|
|poke|p2|Excadrill, F|
|poke|p2|Togekiss, M|
|rule|Sleep Clause Mod: Limit one foe put to sleep
|rule|Species Clause: Limit one of each Pokémon
|rule|OHKO Clause: OHKO moves are banned
|rule|Evasion Moves Clause: Evasion moves are banned
|rule|Endless Battle Clause: Forcing endless battles is banned
|rule|HP Percentage Mod: HP is shown in percentages
|rule|Dynamax Clause: You cannot dynamax
|teampreview
|j| Electric win
|j| Pterodactlyl
|c| Electric win|kh
|c|☆large owl|electric win!
|c|☆large owl|omg!!!
|c| Electric win|u suck
|c|☆large owl|is that the wcop player?
|c|☆large owl|3-0 himself?
|j|%Primal Unova
|
|start
|switch|p1a: Kommo-o|Kommo-o, M|100/100
|switch|p2a: Kyurem|Kyurem|100/100
|-ability|p2a: Kyurem|Pressure
|turn|1
|j| tigers jaw
|c| Electric win|yes it is
|c| Electric win|uwu
|inactive|Ayante has 120 seconds left.
|j| Dread Arceus
|j| RuneSlayerMaster
|
|switch|p1a: Cinderace|Cinderace, M|100/100
|move|p2a: Kyurem|Freeze-Dry|p1a: Cinderace
|-resisted|p1a: Cinderace
|-damage|p1a: Cinderace|60/100
|
|upkeep
|turn|2
|inactive|Ayante has 120 seconds left.
|
|switch|p1a: Rillaboom|Rillaboom, F|100/100
|-fieldstart|move: Grassy Terrain|[from] ability: Grassy Surge|[of] p1a: Rillaboom
|switch|p2a: Hippowdon|Hippowdon, M|100/100
|-weather|Sandstorm|[from] ability: Sand Stream|[of] p2a: Hippowdon
|
|-weather|Sandstorm|[upkeep]
|-damage|p1a: Rillaboom|94/100|[from] Sandstorm
|-heal|p1a: Rillaboom|100/100|[from] item: Leftovers
|upkeep
|turn|3
|c|☆large owl|omg!!!
|c|☆large owl|electric loser!
|
|switch|p2a: Togekiss|Togekiss, M|100/100
|move|p1a: Rillaboom|Drain Punch|p2a: Togekiss
|-resisted|p2a: Togekiss
|-damage|p2a: Togekiss|92/100
|
|-weather|Sandstorm|[upkeep]
|-damage|p2a: Togekiss|86/100|[from] Sandstorm
|-damage|p1a: Rillaboom|94/100|[from] Sandstorm
|-heal|p1a: Rillaboom|100/100|[from] item: Leftovers
|upkeep
|turn|4
|c| Electric win|is
|c| Electric win|sugar on iot
|c| Electric win|too
|c| Electric win|it*
|c|☆large owl|jus me
|
|switch|p2a: Kyurem|Kyurem|100/100
|-ability|p2a: Kyurem|Pressure
|switch|p1a: Toxapex|Toxapex, F|100/100
|
|-weather|Sandstorm|[upkeep]
|-damage|p2a: Kyurem|94/100|[from] Sandstorm
|-damage|p1a: Toxapex|94/100|[from] Sandstorm
|-heal|p2a: Kyurem|100/100|[from] Grassy Terrain
|-heal|p1a: Toxapex|100/100|[from] item: Black Sludge
|upkeep
|turn|5
|
|move|p2a: Kyurem|Freeze-Dry|p1a: Toxapex
|-supereffective|p1a: Toxapex
|-damage|p1a: Toxapex|3/100
|-status|p1a: Toxapex|frz
|cant|p1a: Toxapex|frz
|
|-weather|Sandstorm|[upkeep]
|-damage|p2a: Kyurem|94/100|[from] Sandstorm
|-damage|p1a: Toxapex|0 fnt|[from] Sandstorm
|faint|p1a: Toxapex
|-heal|p2a: Kyurem|100/100|[from] Grassy Terrain
|upkeep
|c| Electric win|yup kh always lucks
|c|☆large owl|hm
|c|☆large owl|ging was right
|
|switch|p1a: Mew|Mew|100/100
|turn|6
|c|☆large owl|this is a well trained kyurem
|c|☆large owl|it freezes every game
|c|☆large owl|btw whats ur mew
|
|switch|p2a: Urshifu|Urshifu, F|100/100
|move|p1a: Mew|Psychic|p2a: Urshifu
|-immune|p2a: Urshifu
|
|-weather|none
|-fieldend|move: Grassy Terrain
|upkeep
|turn|7
|
|switch|p1a: Kommo-o|Kommo-o, M|100/100
|move|p2a: Urshifu|U-turn|p1a: Kommo-o
|-resisted|p1a: Kommo-o
|-damage|p1a: Kommo-o|83/100
|l| Electric win
|
|switch|p2a: Kyurem|Kyurem|100/100|[from]move: U-turn
|-ability|p2a: Kyurem|Pressure
|
|-heal|p1a: Kommo-o|90/100|[from] item: Leftovers
|upkeep
|turn|8
|inactive|Ayante has 90 seconds left.
|
|move|p2a: Kyurem|Ice Beam|p1a: Kommo-o
|-supereffective|p1a: Kommo-o
|-damage|p1a: Kommo-o|0 fnt
|faint|p1a: Kommo-o
|
|upkeep
|inactive|Ayante has 90 seconds left.
|
|switch|p1a: Mew|Mew|100/100
|turn|9
|inactive|Ayante has 90 seconds left.
|
|switch|p2a: Slowbro|Slowbro, M|100/100
|move|p1a: Mew|Sludge Wave|p2a: Slowbro
|-damage|p2a: Slowbro|52/100
|
|upkeep
|turn|10
|
|switch|p2a: Excadrill|Excadrill, F|100/100
|move|p1a: Mew|Sludge Wave|p2a: Excadrill
|-immune|p2a: Excadrill
|
|upkeep
|turn|11
|c|☆large owl|ok
|-message|Ayante forfeited.
|
|win|large owl
|l|☆Ayante
|c|☆large owl|gg.
