|j|☆FENDINI
|j|☆Trois_ailes
|t:|1650119738
|gametype|singles
|player|p1|FENDINI|n|1757
|player|p2|Trois_ailes|crasherwake|1714
|teamsize|p1|6
|teamsize|p2|6
|gen|8
|tier|[Gen 8] OU
|rated|
|rule|Sleep Clause Mod: Limit one foe put to sleep
|rule|Species Clause: Limit one of each Pokémon
|rule|OHKO Clause: OHKO moves are banned
|rule|Evasion Moves Clause: Evasion moves are banned
|rule|Endless Battle Clause: Forcing endless battles is banned
|rule|HP Percentage Mod: HP is shown in percentages
|rule|Dynamax Clause: You cannot dynamax
|clearpoke
|poke|p1|Weavile, M|
|poke|p1|Garchomp, M|
|poke|p1|Tornadus-Therian, M|
|poke|p1|Clefable, F|
|poke|p1|Rotom-Wash|
|poke|p1|Ferrothorn, M|
|poke|p2|Bisharp, M|
|poke|p2|Mew|
|poke|p2|Garchomp, F|
|poke|p2|Zapdos-Galar|
|poke|p2|Dragapult, M|
|poke|p2|Rillaboom, M|
|teampreview
|inactive|Battle timer is ON: inactive players will automatically lose when time's up. (requested by Trois_ailes)
|inactive|FENDINI also wants the timer to be on.
|j| laprrah
|
|t:|1650119749
|start
|switch|p1a: Weavile|Weavile, M|100/100
|switch|p2a: Zapdos|Zapdos-Galar|100/100
|-ability|p1a: Weavile|Pressure
|turn|1
|j| ppev
|
|t:|1650119753
|move|p2a: Zapdos|Thunderous Kick|p1a: Weavile
|-supereffective|p1a: Weavile
|-damage|p1a: Weavile|0 fnt
|faint|p1a: Weavile
|
|upkeep
|j| GarenplaysPokemon
|
|t:|1650119761
|switch|p1a: Clefable|Clefable, F|100/100
|turn|2
|
|t:|1650119765
|switch|p2a: Mew|Mew|100/100
|move|p1a: Clefable|Calm Mind|p1a: Clefable
|-boost|p1a: Clefable|spa|1
|-boost|p1a: Clefable|spd|1
|
|upkeep
|turn|3
|
|t:|1650119769
|move|p2a: Mew|Taunt|p1a: Clefable
|-start|p1a: Clefable|move: Taunt
|move|p1a: Clefable|Moonblast|p2a: Mew
|-damage|p2a: Mew|41/100
|
|upkeep
|turn|4
|j| 0SiegeWarfare
|
|t:|1650119772
|move|p2a: Mew|Stealth Rock|p1a: Clefable
|-sidestart|p1: FENDINI|move: Stealth Rock
|move|p1a: Clefable|Moonblast|p2a: Mew
|-damage|p2a: Mew|0 fnt
|faint|p2a: Mew
|
|upkeep
|
|t:|1650119774
|switch|p2a: Bisharp|Bisharp, M|100/100
|turn|5
|
|t:|1650119778
|switch|p1a: Ferrothorn|Ferrothorn, M|100/100
|-damage|p1a: Ferrothorn|95/100|[from] Stealth Rock
|move|p2a: Bisharp|Knock Off|p1a: Ferrothorn
|-damage|p1a: Ferrothorn|57/100
|-damage|p2a: Bisharp|88/100|[from] ability: Iron Barbs|[of] p1a: Ferrothorn
|-enditem|p1a: Ferrothorn|Leftovers|[from] move: Knock Off|[of] p2a: Bisharp
|
|upkeep
|turn|6
|
|t:|1650119786
|switch|p2a: Zapdos|Zapdos-Galar|100/100
|move|p1a: Ferrothorn|Knock Off|p2a: Zapdos
|-resisted|p2a: Zapdos
|-damage|p2a: Zapdos|88/100
|-enditem|p2a: Zapdos|Choice Scarf|[from] move: Knock Off|[of] p1a: Ferrothorn
|
|upkeep
|turn|7
|
|t:|1650119790
|switch|p1a: Tornadus|Tornadus-Therian, M|100/100
|move|p2a: Zapdos|Close Combat|p1a: Tornadus
|-resisted|p1a: Tornadus
|-damage|p1a: Tornadus|67/100
|-unboost|p2a: Zapdos|def|1
|-unboost|p2a: Zapdos|spd|1
|
|upkeep
|turn|8
|
|t:|1650119797
|move|p1a: Tornadus|Hurricane|p2a: Zapdos|[miss]
|-miss|p1a: Tornadus|p2a: Zapdos
|move|p2a: Zapdos|U-turn|p1a: Tornadus
|-resisted|p1a: Tornadus
|-damage|p1a: Tornadus|55/100
|
|t:|1650119800
|switch|p2a: Dragapult|Dragapult, M|100/100|[from]move: U-turn
|
|upkeep
|turn|9
|
|t:|1650119808
|switch|p1a: Clefable|Clefable, F|100/100
|move|p2a: Dragapult|Dragon Darts|p1a: Clefable
|-immune|p1a: Clefable
|
|upkeep
|turn|10
|
|t:|1650119814
|switch|p2a: Bisharp|Bisharp, M|88/100
|move|p1a: Clefable|Moonblast|p2a: Bisharp
|-damage|p2a: Bisharp|21/100
|
|upkeep
|turn|11
|
|t:|1650119818
|switch|p1a: Ferrothorn|Ferrothorn, M|57/100
|-damage|p1a: Ferrothorn|51/100|[from] Stealth Rock
|move|p2a: Bisharp|Iron Head|p1a: Ferrothorn
|-resisted|p1a: Ferrothorn
|-damage|p1a: Ferrothorn|38/100
|-damage|p2a: Bisharp|9/100|[from] ability: Iron Barbs|[of] p1a: Ferrothorn
|
|upkeep
|turn|12
|
|t:|1650119826
|switch|p2a: Garchomp|Garchomp, F|100/100
|move|p1a: Ferrothorn|Spikes|p2a: Garchomp
|-sidestart|p2: Trois_ailes|Spikes
|
|upkeep
|turn|13
|
|t:|1650119834
|move|p2a: Garchomp|Swords Dance|p2a: Garchomp
|-boost|p2a: Garchomp|atk|2
|move|p1a: Ferrothorn|Knock Off|p2a: Garchomp
|-damage|p2a: Garchomp|79/100
|-damage|p1a: Ferrothorn|26/100|[from] ability: Rough Skin|[of] p2a: Garchomp
|-enditem|p2a: Garchomp|Leftovers|[from] move: Knock Off|[of] p1a: Ferrothorn
|
|upkeep
|turn|14
|
|t:|1650119844
|switch|p1a: Tornadus|Tornadus-Therian, M|88/100
|move|p2a: Garchomp|Scale Shot|p1a: Tornadus
|-damage|p1a: Tornadus|58/100
|-damage|p1a: Tornadus|31/100
|-damage|p1a: Tornadus|0 fnt
|faint|p1a: Tornadus
|-hitcount|p1: Tornadus|3
|-unboost|p2a: Garchomp|def|1
|-boost|p2a: Garchomp|spe|1
|
|upkeep
|
|t:|1650119847
|switch|p1a: Clefable|Clefable, F|100/100
|turn|15
|
|t:|1650119849
|move|p2a: Garchomp|Earthquake|p1a: Clefable
|-crit|p1a: Clefable
|-damage|p1a: Clefable|0 fnt
|faint|p1a: Clefable
|
|upkeep
|-message|FENDINI forfeited.
|
|win|Trois_ailes
|raw|FENDINI's rating: 1757 &rarr; <strong>1735</strong><br />(-22 for losing)
|raw|Trois_ailes's rating: 1714 &rarr; <strong>1736</strong><br />(+22 for winning)
|l|☆FENDINI
|l|☆Trois_ailes
||Ladder isn't responding, score probably updated but might not have (Request timeout).
