|j|☆Batataplays
|j|☆Kwaga
|t:|1653702170
|gametype|singles
|player|p1|Batataplays|leaguestafff|1769
|player|p2|Kwaga|bruno|1751
|teamsize|p1|6
|teamsize|p2|6
|gen|8
|tier|[Gen 8] OU
|rated|
|rule|Sleep Clause Mod: Limit one foe put to sleep
|rule|Species Clause: Limit one of each Pokémon
|rule|OHKO Clause: OHKO moves are banned
|rule|Evasion Moves Clause: Evasion moves are banned
|rule|Endless Battle Clause: Forcing endless battles is banned
|rule|HP Percentage Mod: HP is shown in percentages
|rule|Dynamax Clause: You cannot dynamax
|clearpoke
|poke|p1|Seismitoad, M|
|poke|p1|Volcanion|
|poke|p1|Zapdos|
|poke|p1|Pelipper, M|
|poke|p1|Ferrothorn, M|
|poke|p1|Crawdaunt, M|
|poke|p2|Tapu Lele|
|poke|p2|Dragapult, M|
|poke|p2|Kartana|
|poke|p2|Rotom-Wash|
|poke|p2|Heatran, M|
|poke|p2|Landorus-Therian, M|
|teampreview
|j| Camael5S
|
|t:|1653702188
|start
|switch|p1a: BigDaddyPel|Pelipper, M|100/100
|switch|p2a: Dragapult|Dragapult, M, shiny|100/100
|-weather|RainDance|[from] ability: Drizzle|[of] p1a: BigDaddyPel
|turn|1
|
|t:|1653702193
|switch|p1a: BallzOfSteel|Ferrothorn, M|100/100
|move|p2a: Dragapult|Shadow Ball|p1a: BallzOfSteel
|-damage|p1a: BallzOfSteel|67/100
|
|-weather|RainDance|[upkeep]
|-heal|p1a: BallzOfSteel|73/100|[from] item: Leftovers
|upkeep
|turn|2
|
|t:|1653702203
|switch|p2a: Heatran|Heatran, M, shiny|100/100
|move|p1a: BallzOfSteel|Iron Head|p2a: Heatran
|-resisted|p2a: Heatran
|-damage|p2a: Heatran|95/100
|
|-weather|RainDance|[upkeep]
|-heal|p2a: Heatran|100/100|[from] item: Leftovers
|-heal|p1a: BallzOfSteel|79/100|[from] item: Leftovers
|upkeep
|turn|3
|j| Quagshi
|
|t:|1653702206
|switch|p1a: Kilimanjaro|Volcanion|100/100
|move|p2a: Heatran|Stealth Rock|p1a: Kilimanjaro
|-sidestart|p1: Batataplays|move: Stealth Rock
|
|-weather|RainDance|[upkeep]
|upkeep
|turn|4
|
|t:|1653702216
|move|p1a: Kilimanjaro|Steam Eruption|p2a: Heatran
|-supereffective|p2a: Heatran
|-damage|p2a: Heatran|0 fnt
|faint|p2a: Heatran
|
|-weather|RainDance|[upkeep]
|upkeep
|
|t:|1653702228
|switch|p2a: Dragapult|Dragapult, M, shiny|100/100
|turn|5
|
|t:|1653702231
|move|p2a: Dragapult|Shadow Ball|p1a: Kilimanjaro
|-crit|p1a: Kilimanjaro
|-damage|p1a: Kilimanjaro|8/100
|move|p1a: Kilimanjaro|Steam Eruption|p2a: Dragapult
|-resisted|p2a: Dragapult
|-damage|p2a: Dragapult|10/100
|-status|p2a: Dragapult|brn
|
|-weather|RainDance|[upkeep]
|-damage|p2a: Dragapult|4/100 brn|[from] brn
|upkeep
|turn|6
|
|t:|1653702243
|switch|p1a: Dauntless|Crawdaunt, M|100/100
|-damage|p1a: Dauntless|88/100|[from] Stealth Rock
|move|p2a: Dragapult|Shadow Ball|p1a: Dauntless
|-resisted|p1a: Dauntless
|-damage|p1a: Dauntless|33/100
|
|-weather|RainDance|[upkeep]
|-damage|p2a: Dragapult|0 fnt|[from] brn
|faint|p2a: Dragapult
|upkeep
|
|t:|1653702250
|switch|p2a: Kartana|Kartana, shiny|100/100
|turn|7
|
|t:|1653702254
|move|p1a: Dauntless|Aqua Jet|p2a: Kartana
|-resisted|p2a: Kartana
|-damage|p2a: Kartana|70/100
|-damage|p1a: Dauntless|24/100|[from] item: Life Orb
|move|p2a: Kartana|Swords Dance|p2a: Kartana
|-boost|p2a: Kartana|atk|2
|
|-weather|RainDance|[upkeep]
|upkeep
|turn|8
|
|t:|1653702261
|switch|p1a: Kilimanjaro|Volcanion|8/100
|-damage|p1a: Kilimanjaro|0 fnt|[from] Stealth Rock
|faint|p1a: Kilimanjaro
|move|p2a: Kartana|Knock Off|p1: Kilimanjaro|[notarget]
|-fail|p2a: Kartana
|
|-weather|none
|upkeep
|
|t:|1653702264
|switch|p1a: BigDaddyPel|Pelipper, M|100/100
|-damage|p1a: BigDaddyPel|76/100|[from] Stealth Rock
|-weather|RainDance|[from] ability: Drizzle|[of] p1a: BigDaddyPel
|turn|9
|
|t:|1653702270
|move|p2a: Kartana|Knock Off|p1a: BigDaddyPel
|-crit|p1a: BigDaddyPel
|-damage|p1a: BigDaddyPel|0 fnt
|-enditem|p1a: BigDaddyPel|Damp Rock|[from] move: Knock Off|[of] p2a: Kartana
|faint|p1a: BigDaddyPel
|-ability|p2a: Kartana|Beast Boost|boost
|-boost|p2a: Kartana|atk|1
|
|-weather|RainDance|[upkeep]
|upkeep
|
|t:|1653702273
|switch|p1a: BigPoppaToad|Seismitoad, M|100/100
|-damage|p1a: BigPoppaToad|95/100|[from] Stealth Rock
|turn|10
|
|t:|1653702291
|switch|p2a: Landorus|Landorus-Therian, M, shiny|100/100
|-ability|p2a: Landorus|Intimidate|boost
|-unboost|p1a: BigPoppaToad|atk|1
|move|p1a: BigPoppaToad|Weather Ball|p2a: Landorus
|-supereffective|p2a: Landorus
|-damage|p2a: Landorus|0 fnt
|faint|p2a: Landorus
|
|-weather|RainDance|[upkeep]
|upkeep
|
|t:|1653702295
|switch|p2a: Rotom|Rotom-Wash, shiny|100/100
|turn|11
|
|t:|1653702298
|move|p1a: BigPoppaToad|Weather Ball|p2a: Rotom
|-resisted|p2a: Rotom
|-damage|p2a: Rotom|49/100
|move|p2a: Rotom|Hydro Pump|p1a: BigPoppaToad
|-damage|p1a: BigPoppaToad|26/100
|
|-weather|RainDance|[upkeep]
|upkeep
|turn|12
|
|t:|1653702304
|move|p1a: BigPoppaToad|Weather Ball|p2a: Rotom
|-resisted|p2a: Rotom
|-damage|p2a: Rotom|2/100
|move|p2a: Rotom|Hydro Pump|p1a: BigPoppaToad
|-damage|p1a: BigPoppaToad|0 fnt
|faint|p1a: BigPoppaToad
|
|-weather|RainDance|[upkeep]
|upkeep
|
|t:|1653702311
|switch|p1a: BigBird|Zapdos|100/100
|turn|13
|
|t:|1653702317
|move|p1a: BigBird|Thunder|p2a: Rotom
|-damage|p2a: Rotom|0 fnt
|faint|p2a: Rotom
|
|-weather|RainDance|[upkeep]
|upkeep
|
|t:|1653702322
|switch|p2a: Tapu Lele|Tapu Lele, shiny|100/100
|-fieldstart|move: Psychic Terrain|[from] ability: Psychic Surge|[of] p2a: Tapu Lele
|turn|14
|
|t:|1653702327
|move|p2a: Tapu Lele|Moonblast|p1a: BigBird
|-damage|p1a: BigBird|49/100
|-unboost|p1a: BigBird|spa|1
|move|p1a: BigBird|Thunder|p2a: Tapu Lele
|-damage|p2a: Tapu Lele|67/100
|
|-weather|RainDance|[upkeep]
|upkeep
|turn|15
|
|t:|1653702333
|switch|p2a: Kartana|Kartana, shiny|70/100
|switch|p1a: Dauntless|Crawdaunt, M|24/100
|-damage|p1a: Dauntless|11/100|[from] Stealth Rock
|
|-weather|RainDance|[upkeep]
|upkeep
|turn|16
|
|t:|1653702340
|move|p2a: Kartana|Knock Off|p1a: Dauntless
|-resisted|p1a: Dauntless
|-damage|p1a: Dauntless|0 fnt
|-enditem|p1a: Dauntless|Life Orb|[from] move: Knock Off|[of] p2a: Kartana
|faint|p1a: Dauntless
|-ability|p2a: Kartana|Beast Boost|boost
|-boost|p2a: Kartana|atk|1
|
|-weather|none
|upkeep
|
|t:|1653702344
|switch|p1a: BigBird|Zapdos|49/100
|turn|17
|
|t:|1653702346
|move|p2a: Kartana|Knock Off|p1a: BigBird
|-crit|p1a: BigBird
|-damage|p1a: BigBird|0 fnt
|-enditem|p1a: BigBird|Heavy-Duty Boots|[from] move: Knock Off|[of] p2a: Kartana
|faint|p1a: BigBird
|-ability|p2a: Kartana|Beast Boost|boost
|-boost|p2a: Kartana|atk|1
|
|upkeep
|c|☆Batataplays|Ban rotom
|-message|Batataplays forfeited.
|
|win|Kwaga
|raw|Batataplays's rating: 1769 &rarr; <strong>1748</strong><br />(-21 for losing)
|raw|Kwaga's rating: 1751 &rarr; <strong>1772</strong><br />(+21 for winning)
|l|☆Batataplays
|c|☆Kwaga|lmao
|l| Quagshi
|l| Camael5S
|j| Sp0onl0rd
|l| Sp0onl0rd
|j| tomatosoup110
||Ladder isn't responding, score probably updated but might not have (Request timeout).
