|raw|<div class="broadcast-blue"><strong>This battle is required to be public due to a player having a name starting with 'lt82zw'.</div>
|j|☆LT82ZW pj
|j|☆BestixL
|t:|1626107595
|gametype|singles
|player|p1|LT82ZW pj|shauntal|1790
|player|p2|BestixL|dawn-gen4pt|1803
|teamsize|p1|6
|teamsize|p2|6
|gen|8
|tier|[Gen 8] OU
|rated|
|rule|Sleep Clause Mod: Limit one foe put to sleep
|rule|Species Clause: Limit one of each Pokémon
|rule|OHKO Clause: OHKO moves are banned
|rule|Evasion Moves Clause: Evasion moves are banned
|rule|Endless Battle Clause: Forcing endless battles is banned
|rule|HP Percentage Mod: HP is shown in percentages
|rule|Dynamax Clause: You cannot dynamax
|clearpoke
|poke|p1|Dragapult, M|
|poke|p1|Aegislash, F|
|poke|p1|Urshifu-*, F|
|poke|p1|Bisharp, M|
|poke|p1|Rillaboom, F|
|poke|p1|Garchomp, F|
|poke|p2|Slowking-Galar, M|
|poke|p2|Weavile, F|
|poke|p2|Landorus-Therian, M|
|poke|p2|Toxapex, M|
|poke|p2|Tapu Fini|
|poke|p2|Corviknight, M|
|teampreview
|inactive|Battle timer is ON: inactive players will automatically lose when time's up. (requested by BestixL)
|
|t:|1626107633
|start
|switch|p1a: Urshifu|Urshifu-Rapid-Strike, F|100/100
|switch|p2a: Yotsuba|Weavile, F|100/100
|-ability|p2a: Yotsuba|Pressure
|turn|1
|j| a rabbit
|
|t:|1626107639
|switch|p2a: just friends|Toxapex, M|100/100
|move|p1a: Urshifu|U-turn|p2a: just friends
|-resisted|p2a: just friends
|-damage|p2a: just friends|91/100
|-damage|p1a: Urshifu|84/100|[from] item: Rocky Helmet|[of] p2a: just friends
|
|t:|1626107642
|switch|p1a: Garchomp|Garchomp, F|100/100|[from]move: U-turn
|
|upkeep
|turn|2
|j| I am testttting
|
|t:|1626107647
|switch|p2a: the reaper|Corviknight, M|100/100
|-ability|p2a: the reaper|Pressure
|move|p1a: Garchomp|Stealth Rock|p2a: the reaper
|-sidestart|p2: BestixL|move: Stealth Rock
|
|upkeep
|turn|3
|j| LT82ZWps
|
|t:|1626107665
|switch|p1a: Aegislash|Aegislash, F|100/100
|move|p2a: the reaper|Defog|p1a: Aegislash
|-unboost|p1a: Aegislash|evasion|1
|-sideend|p2: BestixL|Stealth Rock|[from] move: Defog|[of] p2a: the reaper
|
|upkeep
|turn|4
|
|t:|1626107668
|switch|p2a: just friends|Toxapex, M|100/100
|-formechange|p1a: Aegislash|Aegislash-Blade||[from] ability: Stance Change
|move|p1a: Aegislash|Shadow Ball|p2a: just friends
|-damage|p2a: just friends|51/100
|
|upkeep
|turn|5
|
|t:|1626107676
|switch|p1a: Garchomp|Garchomp, F|100/100
|move|p2a: just friends|Knock Off|p1a: Garchomp
|-crit|p1a: Garchomp
|-damage|p1a: Garchomp|86/100
|-damage|p2a: just friends|38/100|[from] ability: Rough Skin|[of] p1a: Garchomp
|-damage|p2a: just friends|22/100|[from] item: Rocky Helmet|[of] p1a: Garchomp
|-enditem|p1a: Garchomp|Rocky Helmet|[from] move: Knock Off|[of] p2a: just friends
|
|upkeep
|turn|6
|
|t:|1626107699
|switch|p2a: the reaper|Corviknight, M|100/100
|-ability|p2a: the reaper|Pressure
|move|p1a: Garchomp|Stealth Rock|p2a: the reaper
|-sidestart|p2: BestixL|move: Stealth Rock
|
|upkeep
|turn|7
|
|t:|1626107707
|switch|p1a: Aegislash|Aegislash, F|100/100
|move|p2a: the reaper|Defog|p1a: Aegislash
|-unboost|p1a: Aegislash|evasion|1
|-sideend|p2: BestixL|Stealth Rock|[from] move: Defog|[of] p2a: the reaper
|
|upkeep
|turn|8
|
|t:|1626107719
|switch|p2a: 2 soon|Slowking-Galar, M|100/100
|-formechange|p1a: Aegislash|Aegislash-Blade||[from] ability: Stance Change
|move|p1a: Aegislash|Shadow Ball|p2a: 2 soon
|-supereffective|p2a: 2 soon
|-damage|p2a: 2 soon|38/100
|
|upkeep
|turn|9
|
|t:|1626107733
|switch|p2a: Yotsuba|Weavile, F|100/100
|-ability|p2a: Yotsuba|Pressure
|move|p1a: Aegislash|Shadow Ball|p2a: Yotsuba
|-resisted|p2a: Yotsuba
|-damage|p2a: Yotsuba|52/100
|
|upkeep
|turn|10
|j| Time kekker
|
|t:|1626107745
|switch|p1a: Urshifu|Urshifu-Rapid-Strike, F|84/100
|move|p2a: Yotsuba|Knock Off|p1a: Urshifu
|-resisted|p1a: Urshifu
|-damage|p1a: Urshifu|59/100
|-enditem|p1a: Urshifu|Choice Scarf|[from] move: Knock Off|[of] p2a: Yotsuba
|
|upkeep
|turn|11
|j| forestcave
|
|t:|1626107753
|switch|p2a: just friends|Toxapex, M|55/100
|switch|p1a: Aegislash|Aegislash, F|100/100
|
|upkeep
|turn|12
|
|t:|1626107759
|-formechange|p1a: Aegislash|Aegislash-Blade||[from] ability: Stance Change
|move|p1a: Aegislash|Shadow Ball|p2a: just friends
|-damage|p2a: just friends|9/100
|-unboost|p2a: just friends|spd|1
|move|p2a: just friends|Recover|p2a: just friends
|-heal|p2a: just friends|59/100
|
|upkeep
|turn|13
|inactive|BestixL has 120 seconds left.
|j| Rubyblood
|inactive|BestixL has 90 seconds left.
|j| LT82ZW Kibo
|
|t:|1626107849
|switch|p2a: 2 soon|Slowking-Galar, M|71/100
|move|p1a: Aegislash|Shadow Ball|p2a: 2 soon
|-supereffective|p2a: 2 soon
|-damage|p2a: 2 soon|16/100
|
|upkeep
|turn|14
|inactive|BestixL has 60 seconds left.
|
|t:|1626107867
|switch|p2a: just friends|Toxapex, M|93/100
|move|p1a: Aegislash|Shadow Ball|p2a: just friends
|-damage|p2a: just friends|46/100
|
|upkeep
|turn|15
|inactive|BestixL has 60 seconds left.
|
|t:|1626107888
|switch|p2a: 2 soon|Slowking-Galar, M|49/100
|move|p1a: Aegislash|Shadow Ball|p2a: 2 soon
|-supereffective|p2a: 2 soon
|-damage|p2a: 2 soon|0 fnt
|faint|p2a: 2 soon
|
|upkeep
|
|t:|1626107892
|switch|p2a: just friends|Toxapex, M|79/100
|turn|16
|
|t:|1626107898
|switch|p1a: Garchomp|Garchomp, F|86/100
|move|p2a: just friends|Recover|p2a: just friends
|-heal|p2a: just friends|100/100
|
|upkeep
|turn|17
|
|t:|1626107900
|switch|p2a: the reaper|Corviknight, M|100/100
|-ability|p2a: the reaper|Pressure
|move|p1a: Garchomp|Stealth Rock|p2a: the reaper
|-sidestart|p2: BestixL|move: Stealth Rock
|
|upkeep
|turn|18
|
|t:|1626107907
|switch|p1a: Aegislash|Aegislash, F|100/100
|move|p2a: the reaper|Defog|p1a: Aegislash
|-unboost|p1a: Aegislash|evasion|1
|-sideend|p2: BestixL|Stealth Rock|[from] move: Defog|[of] p2a: the reaper
|
|upkeep
|turn|19
|
|t:|1626107910
|switch|p2a: just friends|Toxapex, M|100/100
|-formechange|p1a: Aegislash|Aegislash-Blade||[from] ability: Stance Change
|move|p1a: Aegislash|Shadow Ball|p2a: just friends
|-damage|p2a: just friends|54/100
|
|upkeep
|turn|20
|
|t:|1626107923
|switch|p1a: Garchomp|Garchomp, F|86/100
|move|p2a: just friends|Recover|p2a: just friends
|-heal|p2a: just friends|100/100
|
|upkeep
|turn|21
|
|t:|1626107926
|switch|p2a: the reaper|Corviknight, M|100/100
|-ability|p2a: the reaper|Pressure
|move|p1a: Garchomp|Stealth Rock|p2a: the reaper
|-sidestart|p2: BestixL|move: Stealth Rock
|
|upkeep
|turn|22
|
|t:|1626107932
|switch|p1a: Aegislash|Aegislash, F|100/100
|move|p2a: the reaper|Defog|p1a: Aegislash
|-unboost|p1a: Aegislash|evasion|1
|-sideend|p2: BestixL|Stealth Rock|[from] move: Defog|[of] p2a: the reaper
|
|upkeep
|turn|23
|
|t:|1626107935
|switch|p2a: just friends|Toxapex, M|100/100
|-formechange|p1a: Aegislash|Aegislash-Blade||[from] ability: Stance Change
|move|p1a: Aegislash|Shadow Ball|p2a: just friends
|-damage|p2a: just friends|51/100
|
|upkeep
|turn|24
|
|t:|1626107938
|move|p1a: Aegislash|Shadow Ball|p2a: just friends
|-damage|p2a: just friends|6/100
|-unboost|p2a: just friends|spd|1
|move|p2a: just friends|Recover|p2a: just friends
|-heal|p2a: just friends|56/100
|
|upkeep
|turn|25
|
|t:|1626107943
|switch|p2a: no space|Landorus-Therian, M|100/100
|-ability|p2a: no space|Intimidate|boost
|-unboost|p1a: Aegislash|atk|1
|move|p1a: Aegislash|Shadow Ball|p2a: no space
|-damage|p2a: no space|38/100
|
|-heal|p2a: no space|44/100|[from] item: Leftovers
|upkeep
|turn|26
|
|t:|1626107967
|switch|p1a: Garchomp|Garchomp, F|86/100
|move|p2a: no space|Earthquake|p1a: Garchomp
|-damage|p1a: Garchomp|56/100
|
|-heal|p2a: no space|50/100|[from] item: Leftovers
|upkeep
|turn|27
|j| Xevara
|j| IshouldFindajob
|j| itsukashin
|
|t:|1626107980
|move|p1a: Garchomp|Toxic|p2a: no space
|-status|p2a: no space|tox
|move|p2a: no space|Earthquake|p1a: Garchomp
|-damage|p1a: Garchomp|21/100
|
|-heal|p2a: no space|56/100 tox|[from] item: Leftovers
|-damage|p2a: no space|50/100 tox|[from] psn
|upkeep
|turn|28
|l| Xevara
|inactive|BestixL has 120 seconds left.
|
|t:|1626108018
|move|p1a: Garchomp|Stealth Rock|p2a: no space
|-sidestart|p2: BestixL|move: Stealth Rock
|move|p2a: no space|Stealth Rock|p1a: Garchomp
|-sidestart|p1: LT82ZW pj|move: Stealth Rock
|
|-heal|p2a: no space|56/100 tox|[from] item: Leftovers
|-damage|p2a: no space|44/100 tox|[from] psn
|upkeep
|turn|29
|inactive|BestixL has 120 seconds left.
|
|t:|1626108041
|move|p1a: Garchomp|Toxic|p2a: no space
|-fail|p2a: no space|tox
|move|p2a: no space|Earthquake|p1a: Garchomp
|-damage|p1a: Garchomp|0 fnt
|faint|p1a: Garchomp
|
|-heal|p2a: no space|50/100 tox|[from] item: Leftovers
|-damage|p2a: no space|32/100 tox|[from] psn
|upkeep
|
|t:|1626108054
|switch|p1a: Rillaboom|Rillaboom, F|100/100
|-damage|p1a: Rillaboom|88/100|[from] Stealth Rock
|-fieldstart|move: Grassy Terrain|[from] ability: Grassy Surge|[of] p1a: Rillaboom
|turn|30
|inactive|LT82ZW pj has 120 seconds left.
|
|t:|1626108071
|move|p1a: Rillaboom|Grassy Glide|p2a: no space
|-damage|p2a: no space|0 fnt
|faint|p2a: no space
|-damage|p1a: Rillaboom|78/100|[from] item: Life Orb
|
|-heal|p1a: Rillaboom|84/100|[from] Grassy Terrain
|upkeep
|
|t:|1626108084
|switch|p2a: the reaper|Corviknight, M|100/100
|-damage|p2a: the reaper|88/100|[from] Stealth Rock
|-ability|p2a: the reaper|Pressure
|turn|31
|inactive|LT82ZW pj has 120 seconds left.
|inactive|LT82ZW pj has 90 seconds left.
|
|t:|1626108134
|switch|p1a: Bisharp|Bisharp, M|100/100
|-damage|p1a: Bisharp|95/100|[from] Stealth Rock
|move|p2a: the reaper|Defog|p1a: Bisharp
|-unboost|p1a: Bisharp|evasion|1
|-ability|p1a: Bisharp|Defiant
|-boost|p1a: Bisharp|atk|2
|-sideend|p1: LT82ZW pj|Stealth Rock|[from] move: Defog|[of] p2a: the reaper
|-sideend|p2: BestixL|Stealth Rock|[from] move: Defog|[of] p2a: the reaper
|-fieldend|move: Grassy Terrain
|
|-heal|p2a: the reaper|94/100|[from] item: Leftovers
|upkeep
|turn|32
|l| Rubyblood
|
|t:|1626108157
|switch|p2a: Itsuki|Tapu Fini|100/100
|-fieldstart|move: Misty Terrain|[from] ability: Misty Surge|[of] p2a: Itsuki
|move|p1a: Bisharp|Knock Off|p2a: Itsuki
|-resisted|p2a: Itsuki
|-damage|p2a: Itsuki|50/100
|-enditem|p2a: Itsuki|Leftovers|[from] move: Knock Off|[of] p1a: Bisharp
|-damage|p1a: Bisharp|85/100|[from] item: Life Orb
|
|upkeep
|turn|33
|
|t:|1626108166
|move|p1a: Bisharp|Iron Head|p2a: Itsuki
|-damage|p2a: Itsuki|0 fnt
|faint|p2a: Itsuki
|-damage|p1a: Bisharp|75/100|[from] item: Life Orb
|
|upkeep
|l| IshouldFindajob
|inactive|BestixL has 120 seconds left.
|
|t:|1626108197
|switch|p2a: Yotsuba|Weavile, F|52/100
|-ability|p2a: Yotsuba|Pressure
|turn|34
|
|t:|1626108202
|move|p2a: Yotsuba|Ice Shard|p1a: Bisharp
|-resisted|p1a: Bisharp
|-damage|p1a: Bisharp|63/100
|move|p1a: Bisharp|Sucker Punch||[still]
|-fail|p1a: Bisharp
|
|upkeep
|turn|35
|
|t:|1626108212
|move|p2a: Yotsuba|Ice Shard|p1a: Bisharp
|-resisted|p1a: Bisharp
|-damage|p1a: Bisharp|51/100
|move|p1a: Bisharp|Knock Off|p2a: Yotsuba
|-resisted|p2a: Yotsuba
|-damage|p2a: Yotsuba|0 fnt
|-enditem|p2a: Yotsuba|Heavy-Duty Boots|[from] move: Knock Off|[of] p1a: Bisharp
|faint|p2a: Yotsuba
|-damage|p1a: Bisharp|41/100|[from] item: Life Orb
|
|upkeep
|c|☆BestixL|gg
|c|☆LT82ZW pj|gg
|inactive|BestixL has 120 seconds left.
|-message|BestixL forfeited.
|
|win|LT82ZW pj
|raw|LT82ZW pj's rating: 1790 &rarr; <strong>1811</strong><br />(+21 for winning)
|raw|BestixL's rating: 1803 &rarr; <strong>1782</strong><br />(-21 for losing)
|l|☆BestixL
|l|☆LT82ZW pj
