|j|☆uuuuiiii
|j|☆Diamondz Heat
|t:|1598943618
|player|p1|uuuuiiii|265|1524
|player|p2|Diamondz Heat|ghetsis-gen5bw|1480
|teamsize|p1|6
|teamsize|p2|6
|gametype|singles
|gen|8
|tier|[Gen 8] OU
|rated|
|clearpoke
|poke|p1|Mew|
|poke|p1|Dracozolt|
|poke|p1|Scolipede, F|
|poke|p1|Clefable, F|
|poke|p1|Togekiss, M|
|poke|p1|Dragapult, F|
|poke|p2|Inteleon, M|
|poke|p2|Whimsicott, F|
|poke|p2|Ferrothorn, M|
|poke|p2|Dragapult, F|
|poke|p2|Sirfetch’d, M|
|poke|p2|Talonflame, F|
|rule|Sleep Clause Mod: Limit one foe put to sleep
|rule|Species Clause: Limit one of each Pokémon
|rule|OHKO Clause: OHKO moves are banned
|rule|Evasion Moves Clause: Evasion moves are banned
|rule|Endless Battle Clause: Forcing endless battles is banned
|rule|HP Percentage Mod: HP is shown in percentages
|rule|Dynamax Clause: You cannot dynamax
|teampreview
|j| pyronimbus
|j| NoHatePlz28
|l| NoHatePlz28
|
|t:|1598943651
|start
|switch|p1a: Mew|Mew|100/100
|switch|p2a: Whimsicott|Whimsicott, F, shiny|100/100
|turn|1
|inactive|Battle timer is ON: inactive players will automatically lose when time's up. (requested by uuuuiiii)
|
|t:|1598943660
|move|p1a: Mew|Flare Blitz|p2a: Whimsicott
|-supereffective|p2a: Whimsicott
|-damage|p2a: Whimsicott|51/100
|-damage|p1a: Mew|87/100|[from] Recoil
|-enditem|p2a: Whimsicott|Eject Button
|
|t:|1598943666
|switch|p2a: Inteleon|Inteleon, M|100/100
|
|upkeep
|turn|2
|
|t:|1598943671
|move|p2a: Inteleon|Snipe Shot|p1a: Mew
|-crit|p1a: Mew
|-damage|p1a: Mew|0 fnt
|faint|p1a: Mew
|
|upkeep
|
|t:|1598943678
|switch|p1a: Dracozolt|Dracozolt|100/100
|turn|3
|
|t:|1598943683
|switch|p2a: Whimsicott|Whimsicott, F, shiny|51/100
|move|p1a: Dracozolt|Bolt Beak|p2a: Whimsicott
|-resisted|p2a: Whimsicott
|-damage|p2a: Whimsicott|2/100
|
|upkeep
|turn|4
|
|t:|1598943691
|move|p2a: Whimsicott|Tailwind|p2a: Whimsicott
|-sidestart|p2: Diamondz Heat|move: Tailwind
|move|p1a: Dracozolt|Bolt Beak|p2a: Whimsicott
|-resisted|p2a: Whimsicott
|-damage|p2a: Whimsicott|0 fnt
|faint|p2a: Whimsicott
|
|upkeep
|l| pyronimbus
|
|t:|1598943716
|switch|p2a: Inteleon|Inteleon, M|100/100
|turn|5
|
|t:|1598943722
|move|p2a: Inteleon|Substitute|p2a: Inteleon
|-start|p2a: Inteleon|Substitute
|-damage|p2a: Inteleon|76/100
|move|p1a: Dracozolt|Bolt Beak|p2a: Inteleon
|-supereffective|p2a: Inteleon
|-end|p2a: Inteleon|Substitute
|
|upkeep
|turn|6
|
|t:|1598943729
|move|p2a: Inteleon|Ice Beam|p1a: Dracozolt
|-supereffective|p1a: Dracozolt
|-crit|p1a: Dracozolt
|-damage|p1a: Dracozolt|0 fnt
|faint|p1a: Dracozolt
|
|upkeep
|
|t:|1598943735
|switch|p1a: Clefable|Clefable, F|100/100
|turn|7
|
|t:|1598943738
|move|p2a: Inteleon|Snipe Shot|p1a: Clefable
|-crit|p1a: Clefable
|-damage|p1a: Clefable|7/100
|move|p1a: Clefable|Moonblast|p2a: Inteleon
|-damage|p2a: Inteleon|26/100
|-unboost|p2a: Inteleon|spa|1
|
|-sideend|p2: Diamondz Heat|move: Tailwind
|upkeep
|turn|8
|
|t:|1598943747
|move|p2a: Inteleon|Ice Beam|p1a: Clefable
|-crit|p1a: Clefable
|-damage|p1a: Clefable|0 fnt
|faint|p1a: Clefable
|
|upkeep
|
|t:|1598943749
|switch|p1a: Scolipede|Scolipede, F|100/100
|turn|9
|
|t:|1598943766
|move|p2a: Inteleon|Snipe Shot|p1a: Scolipede
|-crit|p1a: Scolipede
|-damage|p1a: Scolipede|0 fnt
|faint|p1a: Scolipede
|
|upkeep
|
|t:|1598943772
|switch|p1a: Dragapult|Dragapult, F|100/100
|turn|10
|
|t:|1598943787
|switch|p2a: Ferrothorn|Ferrothorn, M, shiny|100/100
|move|p1a: Dragapult|Hex|p2a: Ferrothorn
|-damage|p2a: Ferrothorn|74/100
|
|upkeep
|turn|11
|
|t:|1598943794
|move|p1a: Dragapult|Flamethrower|p2a: Ferrothorn
|-supereffective|p2a: Ferrothorn
|-damage|p2a: Ferrothorn|0 fnt
|faint|p2a: Ferrothorn
|
|upkeep
|
|t:|1598943801
|switch|p2a: Talonflame|Talonflame, F|100/100
|turn|12
|
|t:|1598943806
|move|p2a: Talonflame|Tailwind|p2a: Talonflame
|-sidestart|p2: Diamondz Heat|move: Tailwind
|move|p1a: Dragapult|Thunder Wave|p2a: Talonflame
|-status|p2a: Talonflame|par
|
|upkeep
|turn|13
|
|t:|1598943815
|move|p2a: Talonflame|Brave Bird|p1a: Dragapult
|-damage|p1a: Dragapult|30/100
|-damage|p2a: Talonflame|80/100 par|[from] Recoil
|move|p1a: Dragapult|Hex|p2a: Talonflame
|-damage|p2a: Talonflame|5/100 par
|
|upkeep
|turn|14
|
|t:|1598943829
|switch|p1a: Togekiss|Togekiss, M|100/100
|move|p2a: Talonflame|Brave Bird|p1a: Togekiss
|-damage|p1a: Togekiss|47/100
|-damage|p2a: Talonflame|0 fnt|[from] Recoil
|faint|p2a: Talonflame
|
|upkeep
|
|t:|1598943838
|switch|p2a: Inteleon|Inteleon, M|26/100
|turn|15
|
|t:|1598943843
|move|p2a: Inteleon|Ice Beam|p1a: Togekiss
|-supereffective|p1a: Togekiss
|-crit|p1a: Togekiss
|-damage|p1a: Togekiss|0 fnt
|faint|p1a: Togekiss
|
|-sideend|p2: Diamondz Heat|move: Tailwind
|upkeep
|
|t:|1598943846
|switch|p1a: Dragapult|Dragapult, F|30/100
|turn|16
|
|t:|1598943853
|move|p1a: Dragapult|Hex|p2a: Inteleon
|-damage|p2a: Inteleon|0 fnt
|faint|p2a: Inteleon
|
|upkeep
|
|t:|1598943863
|switch|p2a: Escanor|Sirfetch’d, M, shiny|100/100
|turn|17
|
|t:|1598943866
|move|p1a: Dragapult|Thunder Wave|p2a: Escanor
|-status|p2a: Escanor|par
|move|p2a: Escanor|Close Combat|p1a: Dragapult
|-damage|p1a: Dragapult|0 fnt
|-unboost|p2a: Escanor|def|1
|-unboost|p2a: Escanor|spd|1
|faint|p1a: Dragapult
|
|win|Diamondz Heat
|raw|uuuuiiii's rating: 1514 &rarr; <strong>1492</strong><br />(-22 for losing)
|raw|Diamondz Heat's rating: 1480 &rarr; <strong>1502</strong><br />(+22 for winning)
|l|☆uuuuiiii
|c|☆Diamondz Heat|Gg
