|j|☆Greengamer12
|j|☆I'm Sminting
|t:|1663163387
|gametype|singles
|player|p1|Greengamer12|265|1444
|player|p2|I'm Sminting|265|1429
|teamsize|p1|6
|teamsize|p2|6
|gen|8
|tier|[Gen 8] OU
|rated|
|rule|Sleep Clause Mod: Limit one foe put to sleep
|rule|Species Clause: Limit one of each Pokémon
|rule|OHKO Clause: OHKO moves are banned
|rule|Evasion Items Clause: Evasion items are banned
|rule|Evasion Moves Clause: Evasion moves are banned
|rule|Endless Battle Clause: Forcing endless battles is banned
|rule|HP Percentage Mod: HP is shown in percentages
|rule|Dynamax Clause: You cannot dynamax
|clearpoke
|poke|p1|Nidoking, M|
|poke|p1|Ferrothorn, F|
|poke|p1|Slowbro, F|
|poke|p1|Landorus-Therian, M|
|poke|p1|Tapu Lele|
|poke|p1|Weavile, M|
|poke|p2|Heatran, F|
|poke|p2|Garchomp, M|
|poke|p2|Tornadus-Therian, M|
|poke|p2|Tapu Lele|
|poke|p2|Urshifu-*, F|
|poke|p2|Slowbro, F|
|teampreview
|inactive|Battle timer is ON: inactive players will automatically lose when time's up. (requested by I'm Sminting)
|inactive|Greengamer12 has 120 seconds left.
|
|t:|1663163431
|start
|switch|p1a: Tapu Lele|Tapu Lele|100/100
|switch|p2a: Urshifu|Urshifu-Rapid-Strike, F|100/100
|-fieldstart|move: Psychic Terrain|[from] ability: Psychic Surge|[of] p1a: Tapu Lele
|turn|1
|
|t:|1663163440
|switch|p1a: Nidoking|Nidoking, M|100/100
|switch|p2a: Heatran|Heatran, F|100/100
|
|upkeep
|turn|2
|
|t:|1663163451
|switch|p2a: Tornadus|Tornadus-Therian, M|100/100
|move|p1a: Nidoking|Ice Beam|p2a: Tornadus
|-supereffective|p2a: Tornadus
|-damage|p2a: Tornadus|18/100
|
|upkeep
|turn|3
|
|t:|1663163481
|move|p2a: Tornadus|U-turn|p1a: Nidoking
|-resisted|p1a: Nidoking
|-damage|p1a: Nidoking|91/100
|
|t:|1663163484
|switch|p2a: Tapu Lele|Tapu Lele|100/100|[from]move: U-turn
|move|p1a: Nidoking|Ice Beam|p2a: Tapu Lele
|-damage|p2a: Tapu Lele|60/100
|
|upkeep
|turn|4
|
|t:|1663163498
|switch|p1a: Slowbro|Slowbro, F|100/100
|move|p2a: Tapu Lele|Psyshock|p1a: Slowbro
|-resisted|p1a: Slowbro
|-damage|p1a: Slowbro|77/100
|
|upkeep
|turn|5
|
|t:|1663163507
|switch|p2a: Slowbro|Slowbro, F|100/100
|move|p1a: Slowbro|Teleport|p1a: Slowbro
|
|t:|1663163518
|switch|p1a: Nidoking|Nidoking, M|91/100|[from]move: Teleport
|
|-fieldend|move: Psychic Terrain
|upkeep
|turn|6
|
|t:|1663163523
|move|p1a: Nidoking|Thunderbolt|p2a: Slowbro
|-supereffective|p2a: Slowbro
|-damage|p2a: Slowbro|17/100
|move|p2a: Slowbro|Teleport|p2a: Slowbro
|
|t:|1663163529
|switch|p2a: Tapu Lele|Tapu Lele|60/100|[from]move: Teleport
|-fieldstart|move: Psychic Terrain|[from] ability: Psychic Surge|[of] p2a: Tapu Lele
|
|upkeep
|turn|7
|
|t:|1663163534
|switch|p1a: Slowbro|Slowbro, F|100/100
|move|p2a: Tapu Lele|Psyshock|p1a: Slowbro
|-resisted|p1a: Slowbro
|-damage|p1a: Slowbro|79/100
|
|upkeep
|turn|8
|
|t:|1663163538
|switch|p2a: Slowbro|Slowbro, F|50/100
|move|p1a: Slowbro|Teleport|p1a: Slowbro
|
|t:|1663163542
|switch|p1a: Nidoking|Nidoking, M|91/100|[from]move: Teleport
|
|upkeep
|turn|9
|
|t:|1663163548
|switch|p2a: Garchomp|Garchomp, M|100/100
|move|p1a: Nidoking|Earth Power|p2a: Garchomp
|-damage|p2a: Garchomp|38/100
|
|-heal|p2a: Garchomp|44/100|[from] item: Leftovers
|upkeep
|turn|10
|
|t:|1663163555
|switch|p1a: Landorus|Landorus-Therian, M|100/100
|-ability|p1a: Landorus|Intimidate|boost
|-unboost|p2a: Garchomp|atk|1
|move|p2a: Garchomp|Earthquake|p1a: Landorus
|-immune|p1a: Landorus
|
|-heal|p2a: Garchomp|51/100|[from] item: Leftovers
|-fieldend|move: Psychic Terrain
|upkeep
|turn|11
|
|t:|1663163561
|switch|p2a: Slowbro|Slowbro, F|83/100
|move|p1a: Landorus|Toxic|p2a: Slowbro
|-status|p2a: Slowbro|tox
|
|-damage|p2a: Slowbro|77/100 tox|[from] psn
|upkeep
|turn|12
|
|t:|1663163567
|move|p1a: Landorus|U-turn|p2a: Slowbro
|-supereffective|p2a: Slowbro
|-damage|p2a: Slowbro|53/100 tox
|
|t:|1663163579
|switch|p1a: Slowbro|Slowbro, F|100/100|[from]move: U-turn
|move|p2a: Slowbro|Future Sight|p1a: Slowbro
|-start|p2a: Slowbro|move: Future Sight
|
|-damage|p2a: Slowbro|41/100 tox|[from] psn
|upkeep
|turn|13
|
|t:|1663163583
|move|p1a: Slowbro|Future Sight|p2a: Slowbro
|-start|p1a: Slowbro|move: Future Sight
|move|p2a: Slowbro|Teleport|p2a: Slowbro
|
|t:|1663163589
|switch|p2a: Urshifu|Urshifu-Rapid-Strike, F|100/100|[from]move: Teleport
|
|upkeep
|turn|14
|
|t:|1663163595
|move|p2a: Urshifu|U-turn|p1a: Slowbro
|-supereffective|p1a: Slowbro
|-damage|p1a: Slowbro|43/100
|
|t:|1663163599
|switch|p2a: Heatran|Heatran, F|100/100|[from]move: U-turn
|move|p1a: Slowbro|Teleport|p1a: Slowbro
|
|t:|1663163604
|switch|p1a: Weavile|Weavile, M|100/100|[from]move: Teleport
|-ability|p1a: Weavile|Pressure
|
|-end|p1a: Weavile|move: Future Sight
|-immune|p1a: Weavile
|upkeep
|turn|15
|
|t:|1663163616
|switch|p1a: Slowbro|Slowbro, F|76/100
|switch|p2a: Urshifu|Urshifu-Rapid-Strike, F|100/100
|
|-end|p2a: Urshifu|move: Future Sight
|-supereffective|p2a: Urshifu
|-damage|p2a: Urshifu|0 fnt
|faint|p2a: Urshifu
|upkeep
|c|☆Greengamer12|rip
|
|t:|1663163622
|switch|p2a: Heatran|Heatran, F|100/100
|turn|16
|
|t:|1663163628
|move|p2a: Heatran|Magma Storm|p1a: Slowbro
|-resisted|p1a: Slowbro
|-damage|p1a: Slowbro|62/100
|-activate|p1a: Slowbro|move: Magma Storm|[of] p2a: Heatran
|move|p1a: Slowbro|Teleport|p1a: Slowbro
|
|t:|1663163636
|switch|p1a: Nidoking|Nidoking, M|91/100|[from]move: Teleport
|
|upkeep
|turn|17
|
|t:|1663163645
|move|p1a: Nidoking|Earth Power|p2a: Heatran
|-supereffective|p2a: Heatran
|-damage|p2a: Heatran|0 fnt
|faint|p2a: Heatran
|
|upkeep
|
|t:|1663163649
|switch|p2a: Tapu Lele|Tapu Lele|60/100
|-fieldstart|move: Psychic Terrain|[from] ability: Psychic Surge|[of] p2a: Tapu Lele
|turn|18
|
|t:|1663163662
|switch|p1a: Ferrothorn|Ferrothorn, F|100/100
|move|p2a: Tapu Lele|Psyshock|p1a: Ferrothorn
|-resisted|p1a: Ferrothorn
|-damage|p1a: Ferrothorn|85/100
|
|-heal|p1a: Ferrothorn|91/100|[from] item: Leftovers
|upkeep
|turn|19
|
|t:|1663163667
|switch|p2a: Tornadus|Tornadus-Therian, M|51/100
|move|p1a: Ferrothorn|Stealth Rock|p2a: Tornadus
|-sidestart|p2: I'm Sminting|move: Stealth Rock
|
|-heal|p1a: Ferrothorn|98/100|[from] item: Leftovers
|upkeep
|turn|20
|
|t:|1663163671
|switch|p1a: Slowbro|Slowbro, F|95/100
|move|p2a: Tornadus|U-turn|p1a: Slowbro
|-supereffective|p1a: Slowbro
|-damage|p1a: Slowbro|72/100
|
|t:|1663163674
|switch|p2a: Tapu Lele|Tapu Lele|60/100|[from]move: U-turn
|-damage|p2a: Tapu Lele|47/100|[from] Stealth Rock
|
|upkeep
|turn|21
|
|t:|1663163684
|move|p2a: Tapu Lele|Moonblast|p1a: Slowbro
|-damage|p1a: Slowbro|39/100
|move|p1a: Slowbro|Teleport|p1a: Slowbro
|
|t:|1663163694
|switch|p1a: Tapu Lele|Tapu Lele|100/100|[from]move: Teleport
|
|upkeep
|turn|22
|
|t:|1663163704
|move|p1a: Tapu Lele|Moonblast|p2a: Tapu Lele
|-damage|p2a: Tapu Lele|0 fnt
|faint|p2a: Tapu Lele
|
|-fieldend|move: Psychic Terrain
|upkeep
|-message|I'm Sminting forfeited.
|
|win|Greengamer12
|raw|Greengamer12's rating: 1444 &rarr; <strong>1463</strong><br />(+19 for winning)
|raw|I&apos;m Sminting's rating: 1429 &rarr; <strong>1410</strong><br />(-19 for losing)
|l|☆I'm Sminting
|c|☆Greengamer12|it was a speed tie that didnt matter i think
|c|☆Greengamer12|my own lele lives their lele
||Ladder isn't responding, score probably updated but might not have (Request timeout).
