|j|☆ElStefano
|j|☆bobo junior
|t:|1654634829
|gametype|singles
|player|p1|ElStefano|266|1542
|player|p2|bobo junior|marshal|1547
|teamsize|p1|6
|teamsize|p2|6
|gen|8
|tier|[Gen 8] OU
|rated|
|rule|Sleep Clause Mod: Limit one foe put to sleep
|rule|Species Clause: Limit one of each Pokémon
|rule|OHKO Clause: OHKO moves are banned
|rule|Evasion Moves Clause: Evasion moves are banned
|rule|Endless Battle Clause: Forcing endless battles is banned
|rule|HP Percentage Mod: HP is shown in percentages
|rule|Dynamax Clause: You cannot dynamax
|clearpoke
|poke|p1|Tapu Lele|
|poke|p1|Weavile, M|
|poke|p1|Volcarona, F|
|poke|p1|Seismitoad, M|
|poke|p1|Corviknight, M|
|poke|p1|Blacephalon|
|poke|p2|Shuckle, F|
|poke|p2|Blacephalon|
|poke|p2|Zapdos-Galar|
|poke|p2|Urshifu-*, F|
|poke|p2|Bisharp, M|
|poke|p2|Zeraora|
|teampreview
|
|t:|1654634838
|start
|switch|p1a: Corviknight|Corviknight, M|100/100
|switch|p2a: Shuckle|Shuckle, F|100/100
|-ability|p1a: Corviknight|Pressure
|turn|1
|
|t:|1654634845
|move|p1a: Corviknight|Brave Bird|p2a: Shuckle
|-damage|p2a: Shuckle|74/100
|-damage|p1a: Corviknight|95/100|[from] Recoil
|move|p2a: Shuckle|Stealth Rock|p1a: Corviknight
|-sidestart|p1: ElStefano|move: Stealth Rock
|
|-heal|p1a: Corviknight|100/100|[from] item: Leftovers
|upkeep
|turn|2
|
|t:|1654634859
|move|p1a: Corviknight|Brave Bird|p2a: Shuckle
|-damage|p2a: Shuckle|52/100
|-damage|p1a: Corviknight|96/100|[from] Recoil
|move|p2a: Shuckle|Encore|p1a: Corviknight
|-start|p1a: Corviknight|Encore
|
|-heal|p1a: Corviknight|100/100|[from] item: Leftovers
|upkeep
|turn|3
|
|t:|1654634871
|switch|p1a: Tapu Lele|Tapu Lele|100/100
|-damage|p1a: Tapu Lele|88/100|[from] Stealth Rock
|-fieldstart|move: Psychic Terrain|[from] ability: Psychic Surge|[of] p1a: Tapu Lele
|move|p2a: Shuckle|Sticky Web|p1a: Tapu Lele
|-sidestart|p1: ElStefano|move: Sticky Web
|
|upkeep
|turn|4
|
|t:|1654634880
|move|p1a: Tapu Lele|Psyshock|p2a: Shuckle
|-damage|p2a: Shuckle|13/100
|move|p2a: Shuckle|Final Gambit|p1a: Tapu Lele
|-damage|p1a: Tapu Lele|77/100
|faint|p2a: Shuckle
|
|upkeep
|
|t:|1654634884
|switch|p2a: Blacephalon|Blacephalon|100/100
|turn|5
|
|t:|1654634893
|switch|p1a: Seismitoad|Seismitoad, M|100/100
|-damage|p1a: Seismitoad|94/100|[from] Stealth Rock
|-activate|p1a: Seismitoad|move: Sticky Web
|-unboost|p1a: Seismitoad|spe|1
|move|p2a: Blacephalon|Shadow Ball|p1a: Seismitoad
|-damage|p1a: Seismitoad|43/100
|
|upkeep
|turn|6
|
|t:|1654634898
|switch|p1a: Corviknight|Corviknight, M|100/100
|-damage|p1a: Corviknight|88/100|[from] Stealth Rock
|-ability|p1a: Corviknight|Pressure
|move|p2a: Blacephalon|Shadow Ball|p1a: Corviknight
|-damage|p1a: Corviknight|36/100
|
|-heal|p1a: Corviknight|42/100|[from] item: Leftovers
|upkeep
|turn|7
|
|t:|1654634912
|move|p2a: Blacephalon|Shadow Ball|p1a: Corviknight
|-damage|p1a: Corviknight|0 fnt
|faint|p1a: Corviknight
|-ability|p2a: Blacephalon|Beast Boost|boost
|-boost|p2a: Blacephalon|spa|1
|
|-fieldend|move: Psychic Terrain
|upkeep
|
|t:|1654634916
|switch|p1a: Blacephalon|Blacephalon|100/100
|-damage|p1a: Blacephalon|76/100|[from] Stealth Rock
|-activate|p1a: Blacephalon|move: Sticky Web
|-unboost|p1a: Blacephalon|spe|1
|turn|8
|
|t:|1654634920
|switch|p2a: Bisharp|Bisharp, M|100/100
|move|p1a: Blacephalon|Shadow Ball|p2a: Bisharp
|-resisted|p2a: Bisharp
|-damage|p2a: Bisharp|64/100
|-unboost|p2a: Bisharp|spd|1
|-ability|p2a: Bisharp|Defiant
|-boost|p2a: Bisharp|atk|2
|
|upkeep
|turn|9
|
|t:|1654634930
|switch|p1a: Tapu Lele|Tapu Lele|77/100
|-damage|p1a: Tapu Lele|65/100|[from] Stealth Rock
|-activate|p1a: Tapu Lele|move: Sticky Web
|-unboost|p1a: Tapu Lele|spe|1
|-fieldstart|move: Psychic Terrain|[from] ability: Psychic Surge|[of] p1a: Tapu Lele
|move|p2a: Bisharp|Knock Off|p1a: Tapu Lele
|-damage|p1a: Tapu Lele|0 fnt
|-enditem|p1a: Tapu Lele|Lum Berry|[from] move: Knock Off|[of] p2a: Bisharp
|faint|p1a: Tapu Lele
|-damage|p2a: Bisharp|54/100|[from] item: Life Orb
|
|upkeep
|
|t:|1654634933
|switch|p1a: Blacephalon|Blacephalon|76/100
|-damage|p1a: Blacephalon|51/100|[from] Stealth Rock
|-activate|p1a: Blacephalon|move: Sticky Web
|-unboost|p1a: Blacephalon|spe|1
|turn|10
|
|t:|1654634939
|move|p1a: Blacephalon|Shadow Ball|p2a: Bisharp
|-resisted|p2a: Bisharp
|-damage|p2a: Bisharp|0 fnt
|faint|p2a: Bisharp
|-ability|p1a: Blacephalon|Beast Boost|boost
|-boost|p1a: Blacephalon|spa|1
|
|upkeep
|
|t:|1654634944
|switch|p2a: Zapdos|Zapdos-Galar|100/100
|turn|11
|
|t:|1654634960
|move|p2a: Zapdos|Brave Bird|p1a: Blacephalon
|-crit|p1a: Blacephalon
|-damage|p1a: Blacephalon|0 fnt
|faint|p1a: Blacephalon
|-damage|p2a: Zapdos|88/100|[from] Recoil
|
|upkeep
|
|t:|1654634964
|switch|p1a: Weavile|Weavile, M|100/100
|-damage|p1a: Weavile|76/100|[from] Stealth Rock
|-activate|p1a: Weavile|move: Sticky Web
|-unboost|p1a: Weavile|spe|1
|turn|12
|
|t:|1654634973
|move|p1a: Weavile|Ice Shard|p2a: Zapdos
|-hint|Psychic Terrain doesn't affect Pokémon immune to Ground.
|-supereffective|p2a: Zapdos
|-damage|p2a: Zapdos|12/100
|move|p2a: Zapdos|Brave Bird|p1a: Weavile
|-damage|p1a: Weavile|0 fnt
|faint|p1a: Weavile
|-damage|p2a: Zapdos|0 fnt|[from] Recoil
|faint|p2a: Zapdos
|
|upkeep
|
|t:|1654634985
|switch|p1a: Volcarona|Volcarona, F|100/100
|switch|p2a: Blacephalon|Blacephalon|100/100
|turn|13
|
|t:|1654634992
|move|p2a: Blacephalon|Overheat|p1a: Volcarona
|-damage|p1a: Volcarona|3/100
|-unboost|p2a: Blacephalon|spa|2
|move|p1a: Volcarona|Quiver Dance|p1a: Volcarona
|-boost|p1a: Volcarona|spa|1
|-boost|p1a: Volcarona|spd|1
|-boost|p1a: Volcarona|spe|1
|
|-fieldend|move: Psychic Terrain
|upkeep
|turn|14
|
|t:|1654634999
|move|p1a: Volcarona|Roost|p1a: Volcarona
|-heal|p1a: Volcarona|53/100
|-singleturn|p1a: Volcarona|move: Roost
|move|p2a: Blacephalon|Overheat|p1a: Volcarona
|-damage|p1a: Volcarona|19/100
|-unboost|p2a: Blacephalon|spa|2
|
|upkeep
|turn|15
|
|t:|1654635012
|switch|p2a: Zeraora|Zeraora|100/100
|move|p1a: Volcarona|Roost|p1a: Volcarona
|-heal|p1a: Volcarona|69/100
|-singleturn|p1a: Volcarona|move: Roost
|
|upkeep
|turn|16
|
|t:|1654635018
|move|p2a: Zeraora|Plasma Fists|p1a: Volcarona
|-damage|p1a: Volcarona|29/100
|-fieldactivate|move: Ion Deluge
|-hint|Normal-type moves become Electric-type after using Plasma Fists.
|move|p1a: Volcarona|Quiver Dance|p1a: Volcarona
|-boost|p1a: Volcarona|spa|1
|-boost|p1a: Volcarona|spd|1
|-boost|p1a: Volcarona|spe|1
|
|upkeep
|turn|17
|
|t:|1654635024
|move|p1a: Volcarona|Roost|p1a: Volcarona
|-heal|p1a: Volcarona|79/100
|-singleturn|p1a: Volcarona|move: Roost
|move|p2a: Zeraora|Plasma Fists|p1a: Volcarona
|-damage|p1a: Volcarona|38/100
|-fieldactivate|move: Ion Deluge
|-hint|Normal-type moves become Electric-type after using Plasma Fists.
|
|upkeep
|turn|18
|
|t:|1654635028
|move|p1a: Volcarona|Roost|p1a: Volcarona
|-heal|p1a: Volcarona|88/100
|-singleturn|p1a: Volcarona|move: Roost
|move|p2a: Zeraora|Plasma Fists|p1a: Volcarona
|-damage|p1a: Volcarona|50/100
|-fieldactivate|move: Ion Deluge
|-hint|Normal-type moves become Electric-type after using Plasma Fists.
|
|upkeep
|turn|19
|
|t:|1654635033
|move|p1a: Volcarona|Roost|p1a: Volcarona
|-heal|p1a: Volcarona|99/100
|-singleturn|p1a: Volcarona|move: Roost
|move|p2a: Zeraora|Plasma Fists|p1a: Volcarona
|-damage|p1a: Volcarona|61/100
|-fieldactivate|move: Ion Deluge
|-hint|Normal-type moves become Electric-type after using Plasma Fists.
|
|upkeep
|turn|20
|
|t:|1654635038
|move|p1a: Volcarona|Quiver Dance|p1a: Volcarona
|-boost|p1a: Volcarona|spa|1
|-boost|p1a: Volcarona|spd|1
|-boost|p1a: Volcarona|spe|1
|move|p2a: Zeraora|Plasma Fists|p1a: Volcarona
|-damage|p1a: Volcarona|19/100
|-fieldactivate|move: Ion Deluge
|-hint|Normal-type moves become Electric-type after using Plasma Fists.
|
|upkeep
|turn|21
|
|t:|1654635041
|switch|p2a: Urshifu|Urshifu-Rapid-Strike, F|100/100
|move|p1a: Volcarona|Roost|p1a: Volcarona
|-heal|p1a: Volcarona|69/100
|-singleturn|p1a: Volcarona|move: Roost
|
|upkeep
|turn|22
|
|t:|1654635045
|move|p2a: Urshifu|Aqua Jet|p1a: Volcarona
|-supereffective|p1a: Volcarona
|-damage|p1a: Volcarona|15/100
|move|p1a: Volcarona|Giga Drain|p2a: Urshifu
|-supereffective|p2a: Urshifu
|-damage|p2a: Urshifu|0 fnt
|-heal|p1a: Volcarona|61/100|[from] drain|[of] p2a: Urshifu
|faint|p2a: Urshifu
|
|upkeep
|
|t:|1654635054
|switch|p2a: Blacephalon|Blacephalon|100/100
|turn|23
|
|t:|1654635059
|move|p1a: Volcarona|Flamethrower|p2a: Blacephalon
|-resisted|p2a: Blacephalon
|-damage|p2a: Blacephalon|13/100
|move|p2a: Blacephalon|Overheat|p1a: Volcarona
|-damage|p1a: Volcarona|21/100
|-unboost|p2a: Blacephalon|spa|2
|
|upkeep
|turn|24
|-message|bobo junior forfeited.
|
|win|ElStefano
|raw|ElStefano's rating: 1542 &rarr; <strong>1562</strong><br />(+20 for winning)
|raw|bobo junior's rating: 1547 &rarr; <strong>1527</strong><br />(-20 for losing)
|l|☆bobo junior
||Ladder isn't responding, score probably updated but might not have (Request timeout).
