|j|☆suparsayajin
|j|☆wsdfg
|t:|1608145992
|player|p1|suparsayajin|palmer|1768
|player|p2|wsdfg|burglar|1781
|teamsize|p1|6
|teamsize|p2|6
|gametype|singles
|gen|8
|tier|[Gen 8] OU
|rated|
|clearpoke
|poke|p1|Azumarill, F|
|poke|p1|Gyarados, M|
|poke|p1|Zapdos|
|poke|p1|Dragonite, M|
|poke|p1|Garchomp, F|
|poke|p1|Gengar, M|
|poke|p2|Cinderace, F|
|poke|p2|Spectrier|
|poke|p2|Urshifu-*, M|
|poke|p2|Ferrothorn, M|
|poke|p2|Toxapex, M|
|poke|p2|Magearna|
|rule|Sleep Clause Mod: Limit one foe put to sleep
|rule|Species Clause: Limit one of each Pokémon
|rule|OHKO Clause: OHKO moves are banned
|rule|Evasion Moves Clause: Evasion moves are banned
|rule|Endless Battle Clause: Forcing endless battles is banned
|rule|HP Percentage Mod: HP is shown in percentages
|rule|Dynamax Clause: You cannot dynamax
|teampreview
|inactive|Battle timer is ON: inactive players will automatically lose when time's up. (requested by suparsayajin)
|
|t:|1608145997
|start
|switch|p1a: Zapdos|Zapdos|100/100
|switch|p2a: Spectrier|Spectrier|100/100
|turn|1
|
|t:|1608146001
|move|p2a: Spectrier|Shadow Ball|p1a: Zapdos
|-damage|p1a: Zapdos|15/100
|move|p1a: Zapdos|Discharge|p2a: Spectrier
|-damage|p2a: Spectrier|41/100
|-damage|p1a: Zapdos|5/100|[from] item: Life Orb
|
|upkeep
|turn|2
|
|t:|1608146007
|move|p2a: Spectrier|Shadow Ball|p1a: Zapdos
|-damage|p1a: Zapdos|0 fnt
|faint|p1a: Zapdos
|-ability|p2a: Spectrier|Grim Neigh|boost
|-boost|p2a: Spectrier|spa|1
|
|upkeep
|j| Nylez
|
|t:|1608146010
|switch|p1a: Gengar|Gengar, M|100/100
|turn|3
|
|t:|1608146014
|switch|p2a: Toxapex|Toxapex, M|100/100
|move|p1a: Gengar|Shadow Ball|p2a: Toxapex
|-damage|p2a: Toxapex|75/100
|-unboost|p2a: Toxapex|spd|1
|
|-heal|p2a: Toxapex|82/100|[from] item: Black Sludge
|upkeep
|turn|4
|
|t:|1608146017
|move|p1a: Gengar|Nasty Plot|p1a: Gengar
|-boost|p1a: Gengar|spa|2
|move|p2a: Toxapex|Toxic Spikes|p1a: Gengar
|-sidestart|p1: suparsayajin|move: Toxic Spikes
|
|-heal|p2a: Toxapex|88/100|[from] item: Black Sludge
|upkeep
|turn|5
|
|t:|1608146029
|move|p1a: Gengar|Shadow Ball|p2a: Toxapex
|-damage|p2a: Toxapex|13/100
|-unboost|p2a: Toxapex|spd|1
|move|p2a: Toxapex|Haze|p2a: Toxapex
|-clearallboost
|
|-heal|p2a: Toxapex|19/100|[from] item: Black Sludge
|upkeep
|turn|6
|j| speckledblack
|
|t:|1608146040
|switch|p2a: Cinderace|Cinderace, F|100/100
|move|p1a: Gengar|Shadow Ball|p2a: Cinderace
|-crit|p2a: Cinderace
|-damage|p2a: Cinderace|16/100
|
|upkeep
|turn|7
|
|t:|1608146044
|move|p2a: Cinderace|Zen Headbutt|p1a: Gengar
|-start|p2a: Cinderace|typechange|Psychic|[from] ability: Libero
|-supereffective|p1a: Gengar
|-enditem|p1a: Gengar|Focus Sash
|-damage|p1a: Gengar|1/100
|move|p1a: Gengar|Shadow Ball|p2a: Cinderace
|-supereffective|p2a: Cinderace
|-damage|p2a: Cinderace|0 fnt
|faint|p2a: Cinderace
|
|upkeep
|
|t:|1608146049
|switch|p2a: Spectrier|Spectrier|41/100
|turn|8
|
|t:|1608146053
|move|p2a: Spectrier|Shadow Ball|p1a: Gengar
|-supereffective|p1a: Gengar
|-damage|p1a: Gengar|0 fnt
|faint|p1a: Gengar
|-ability|p2a: Spectrier|Grim Neigh|boost
|-boost|p2a: Spectrier|spa|1
|
|upkeep
|l| speckledblack
|j| alphax213
|
|t:|1608146064
|switch|p1a: Dragonite|Dragonite, M|100/100
|turn|9
|j| Sunday Craing
|
|t:|1608146071
|move|p2a: Spectrier|Shadow Ball|p1a: Dragonite
|-damage|p1a: Dragonite|45/100
|move|p1a: Dragonite|Dual Wingbeat|p2a: Spectrier
|-damage|p2a: Spectrier|10/100
|-damage|p2a: Spectrier|0 fnt
|-hitcount|p2a: Spectrier|2
|faint|p2a: Spectrier
|
|-heal|p1a: Dragonite|51/100|[from] item: Leftovers
|upkeep
|
|t:|1608146078
|switch|p2a: Urshifu|Urshifu, M|100/100
|turn|10
|j| AnimaticLunatic
|l| AnimaticLunatic
|
|t:|1608146086
|move|p2a: Urshifu|Wicked Blow|p1a: Dragonite
|-crit|p1a: Dragonite
|-damage|p1a: Dragonite|0 fnt
|faint|p1a: Dragonite
|
|upkeep
|
|t:|1608146092
|switch|p1a: Azumarill|Azumarill, F|100/100
|-status|p1a: Azumarill|psn
|turn|11
|
|t:|1608146099
|move|p2a: Urshifu|Wicked Blow|p1a: Azumarill
|-resisted|p1a: Azumarill
|-crit|p1a: Azumarill
|-damage|p1a: Azumarill|53/100 psn
|move|p1a: Azumarill|Belly Drum|p1a: Azumarill
|-damage|p1a: Azumarill|3/100 psn
|-setboost|p1a: Azumarill|atk|6|[from] move: Belly Drum
|-enditem|p1a: Azumarill|Sitrus Berry|[eat]
|-heal|p1a: Azumarill|28/100 psn|[from] item: Sitrus Berry
|
|-damage|p1a: Azumarill|16/100 psn|[from] psn
|upkeep
|turn|12
|
|t:|1608146109
|switch|p2a: Ferrothorn|Ferrothorn, M|100/100
|move|p1a: Azumarill|Aqua Jet|p2a: Ferrothorn
|-resisted|p2a: Ferrothorn
|-damage|p2a: Ferrothorn|71/100
|-damage|p1a: Azumarill|3/100 psn|[from] ability: Iron Barbs|[of] p2a: Ferrothorn
|
|-heal|p2a: Ferrothorn|77/100|[from] item: Leftovers
|-damage|p1a: Azumarill|0 fnt|[from] psn
|faint|p1a: Azumarill
|upkeep
|
|t:|1608146112
|switch|p1a: Gyarados|Gyarados, M|100/100
|turn|13
|
|t:|1608146116
|move|p1a: Gyarados|Substitute|p1a: Gyarados
|-start|p1a: Gyarados|Substitute
|-damage|p1a: Gyarados|75/100
|move|p2a: Ferrothorn|Gyro Ball|p1a: Gyarados
|-resisted|p1a: Gyarados
|-end|p1a: Gyarados|Substitute
|
|-heal|p1a: Gyarados|82/100|[from] item: Leftovers
|-heal|p2a: Ferrothorn|83/100|[from] item: Leftovers
|upkeep
|turn|14
|
|t:|1608146122
|move|p1a: Gyarados|Substitute|p1a: Gyarados
|-start|p1a: Gyarados|Substitute
|-damage|p1a: Gyarados|57/100
|move|p2a: Ferrothorn|Gyro Ball|p1a: Gyarados
|-resisted|p1a: Gyarados
|-end|p1a: Gyarados|Substitute
|
|-heal|p1a: Gyarados|63/100|[from] item: Leftovers
|-heal|p2a: Ferrothorn|89/100|[from] item: Leftovers
|upkeep
|turn|15
|
|t:|1608146127
|move|p1a: Gyarados|Dragon Dance|p1a: Gyarados
|-boost|p1a: Gyarados|atk|1
|-boost|p1a: Gyarados|spe|1
|move|p2a: Ferrothorn|Gyro Ball|p1a: Gyarados
|-resisted|p1a: Gyarados
|-damage|p1a: Gyarados|34/100
|
|-heal|p1a: Gyarados|40/100|[from] item: Leftovers
|-heal|p2a: Ferrothorn|96/100|[from] item: Leftovers
|upkeep
|turn|16
|
|t:|1608146135
|move|p1a: Gyarados|Earthquake|p2a: Ferrothorn
|-damage|p2a: Ferrothorn|65/100
|move|p2a: Ferrothorn|Gyro Ball|p1a: Gyarados
|-resisted|p1a: Gyarados
|-damage|p1a: Gyarados|8/100
|
|-heal|p1a: Gyarados|14/100|[from] item: Leftovers
|-heal|p2a: Ferrothorn|72/100|[from] item: Leftovers
|upkeep
|turn|17
|j| Zack Tigerfist
|
|t:|1608146139
|move|p1a: Gyarados|Earthquake|p2a: Ferrothorn
|-damage|p2a: Ferrothorn|38/100
|move|p2a: Ferrothorn|Gyro Ball|p1a: Gyarados
|-resisted|p1a: Gyarados
|-damage|p1a: Gyarados|0 fnt
|faint|p1a: Gyarados
|
|-heal|p2a: Ferrothorn|44/100|[from] item: Leftovers
|upkeep
|
|t:|1608146142
|switch|p1a: Garchomp|Garchomp, F|100/100
|-status|p1a: Garchomp|psn
|turn|18
|
|t:|1608146144
|move|p1a: Garchomp|Swords Dance|p1a: Garchomp
|-boost|p1a: Garchomp|atk|2
|move|p2a: Ferrothorn|Leech Seed|p1a: Garchomp
|-start|p1a: Garchomp|move: Leech Seed
|
|-heal|p2a: Ferrothorn|50/100|[from] item: Leftovers
|-damage|p1a: Garchomp|88/100 psn|[from] Leech Seed|[of] p2a: Ferrothorn
|-heal|p2a: Ferrothorn|63/100|[silent]
|-damage|p1a: Garchomp|76/100 psn|[from] psn
|upkeep
|turn|19
|
|t:|1608146149
|switch|p2a: Toxapex|Toxapex, M|52/100
|move|p1a: Garchomp|Earthquake|p2a: Toxapex
|-supereffective|p2a: Toxapex
|-damage|p2a: Toxapex|0 fnt
|-damage|p1a: Garchomp|66/100 psn|[from] item: Life Orb
|faint|p2a: Toxapex
|
|-damage|p1a: Garchomp|54/100 psn|[from] psn
|upkeep
|
|t:|1608146152
|switch|p2a: Urshifu|Urshifu, M|100/100
|turn|20
|
|t:|1608146155
|move|p2a: Urshifu|Sucker Punch|p1a: Garchomp
|-damage|p1a: Garchomp|4/100 psn
|-damage|p2a: Urshifu|88/100|[from] ability: Rough Skin|[of] p1a: Garchomp
|move|p1a: Garchomp|Earthquake|p2a: Urshifu
|-damage|p2a: Urshifu|0 fnt
|-damage|p1a: Garchomp|0 fnt|[from] item: Life Orb
|faint|p2a: Urshifu
|faint|p1a: Garchomp
|
|win|wsdfg
|l|☆suparsayajin
|l|☆wsdfg
|l| Nylez
|l| alphax213
||Ladder (probably) updated, but score could not be retrieved (Request timeout).
