|j|☆Kevinskie
|j|☆Ferrothornail草钢甲
|t:|1662648221
|gametype|singles
|player|p1|Kevinskie|101|1700
|player|p2|Ferrothornail草钢甲|lillie|1680
|teamsize|p1|6
|teamsize|p2|6
|gen|8
|tier|[Gen 8] OU
|rated|
|rule|Sleep Clause Mod: Limit one foe put to sleep
|rule|Species Clause: Limit one of each Pokémon
|rule|OHKO Clause: OHKO moves are banned
|rule|Evasion Items Clause: Evasion items are banned
|rule|Evasion Moves Clause: Evasion moves are banned
|rule|Endless Battle Clause: Forcing endless battles is banned
|rule|HP Percentage Mod: HP is shown in percentages
|rule|Dynamax Clause: You cannot dynamax
|clearpoke
|poke|p1|Slowbro, F|
|poke|p1|Weavile, M|
|poke|p1|Melmetal|
|poke|p1|Kartana|
|poke|p1|Blacephalon|
|poke|p1|Landorus-Therian, M|
|poke|p2|Hatterene, F|
|poke|p2|Porygon2|
|poke|p2|Cresselia, F|
|poke|p2|Marowak-Alola, M|
|poke|p2|Crawdaunt, M|
|poke|p2|Melmetal|
|teampreview
|
|t:|1662648231
|start
|switch|p1a: Weavile|Weavile, M|100/100
|switch|p2a: Melmetal|Melmetal|100/100
|-ability|p1a: Weavile|Pressure
|turn|1
|
|t:|1662648243
|switch|p1a: Slowbro|Slowbro, F|100/100
|move|p2a: Melmetal|Thunder Punch|p1a: Slowbro
|-supereffective|p1a: Slowbro
|-crit|p1a: Slowbro
|-damage|p1a: Slowbro|8/100
|
|upkeep
|turn|2
|
|t:|1662648249
|switch|p2a: Hatterene|Hatterene, F|100/100
|switch|p1a: Blacephalon|Blacephalon|100/100
|
|upkeep
|turn|3
|
|t:|1662648256
|switch|p2a: Crawdaunt|Crawdaunt, M|100/100
|move|p1a: Blacephalon|Trick|p2a: Crawdaunt
|-activate|p1a: Blacephalon|move: Trick|[of] p2a: Crawdaunt
|-item|p2a: Crawdaunt|Choice Specs|[from] move: Trick
|-item|p1a: Blacephalon|Life Orb|[from] move: Trick
|
|upkeep
|turn|4
|
|t:|1662648262
|switch|p1a: Landorus|Landorus-Therian, M|100/100
|-ability|p1a: Landorus|Intimidate|boost
|-unboost|p2a: Crawdaunt|atk|1
|move|p2a: Crawdaunt|Knock Off|p1a: Landorus
|-damage|p1a: Landorus|67/100
|-enditem|p1a: Landorus|Leftovers|[from] move: Knock Off|[of] p2a: Crawdaunt
|
|upkeep
|turn|5
|
|t:|1662648267
|switch|p2a: Cresselia|Cresselia, F|100/100
|move|p1a: Landorus|U-turn|p2a: Cresselia
|-supereffective|p2a: Cresselia
|-damage|p2a: Cresselia|77/100
|
|t:|1662648270
|switch|p1a: Weavile|Weavile, M|100/100|[from]move: U-turn
|-ability|p1a: Weavile|Pressure
|
|upkeep
|turn|6
|
|t:|1662648274
|switch|p2a: Crawdaunt|Crawdaunt, M|100/100
|move|p1a: Weavile|Beat Up|p2a: Crawdaunt
|-resisted|p2a: Crawdaunt
|-damage|p2a: Crawdaunt|91/100
|-resisted|p2a: Crawdaunt
|-damage|p2a: Crawdaunt|82/100
|-resisted|p2a: Crawdaunt
|-damage|p2a: Crawdaunt|74/100
|-resisted|p2a: Crawdaunt
|-damage|p2a: Crawdaunt|61/100
|-resisted|p2a: Crawdaunt
|-damage|p2a: Crawdaunt|56/100
|-resisted|p2a: Crawdaunt
|-damage|p2a: Crawdaunt|48/100
|-hitcount|p2a: Crawdaunt|6
|
|upkeep
|turn|7
|
|t:|1662648288
|switch|p2a: Melmetal|Melmetal|100/100
|move|p1a: Weavile|Beat Up|p2a: Melmetal
|-damage|p2a: Melmetal|93/100
|-damage|p2a: Melmetal|84/100
|-damage|p2a: Melmetal|76/100
|-damage|p2a: Melmetal|65/100
|-damage|p2a: Melmetal|60/100
|-damage|p2a: Melmetal|53/100
|-hitcount|p2a: Melmetal|6
|
|upkeep
|turn|8
|
|t:|1662648297
|switch|p1a: Landorus|Landorus-Therian, M|67/100
|-ability|p1a: Landorus|Intimidate|boost
|-unboost|p2a: Melmetal|atk|1
|move|p2a: Melmetal|Double Iron Bash|p1a: Landorus
|-damage|p1a: Landorus|31/100
|-damage|p1a: Landorus|0 fnt
|faint|p1a: Landorus
|-hitcount|p1: Landorus|2
|
|upkeep
|
|t:|1662648305
|switch|p1a: Kartana|Kartana|100/100
|turn|9
|
|t:|1662648329
|switch|p2a: Crawdaunt|Crawdaunt, M|48/100
|move|p1a: Kartana|Knock Off|p2a: Crawdaunt
|-resisted|p2a: Crawdaunt
|-damage|p2a: Crawdaunt|22/100
|-enditem|p2a: Crawdaunt|Choice Specs|[from] move: Knock Off|[of] p1a: Kartana
|
|upkeep
|turn|10
|
|t:|1662648334
|move|p1a: Kartana|Knock Off|p2a: Crawdaunt
|-resisted|p2a: Crawdaunt
|-damage|p2a: Crawdaunt|4/100
|move|p2a: Crawdaunt|Knock Off|p1a: Kartana
|-damage|p1a: Kartana|21/100
|-enditem|p1a: Kartana|Choice Scarf|[from] move: Knock Off|[of] p2a: Crawdaunt
|
|upkeep
|turn|11
|
|t:|1662648340
|move|p2a: Crawdaunt|Aqua Jet|p1a: Kartana
|-resisted|p1a: Kartana
|-damage|p1a: Kartana|6/100
|move|p1a: Kartana|Knock Off|p2a: Crawdaunt
|-resisted|p2a: Crawdaunt
|-damage|p2a: Crawdaunt|0 fnt
|faint|p2a: Crawdaunt
|-ability|p1a: Kartana|Beast Boost|boost
|-boost|p1a: Kartana|atk|1
|
|upkeep
|
|t:|1662648345
|switch|p2a: Hatterene|Hatterene, F|100/100
|turn|12
|
|t:|1662648347
|move|p1a: Kartana|Smart Strike|p2a: Hatterene
|-supereffective|p2a: Hatterene
|-enditem|p2a: Hatterene|Focus Sash
|-damage|p2a: Hatterene|1/100
|move|p2a: Hatterene|Trick Room|p2a: Hatterene
|-fieldstart|move: Trick Room|[of] p2a: Hatterene
|
|upkeep
|turn|13
|
|t:|1662648356
|switch|p1a: Slowbro|Slowbro, F|41/100
|move|p2a: Hatterene|Psychic|p1a: Slowbro
|-resisted|p1a: Slowbro
|-damage|p1a: Slowbro|14/100
|
|upkeep
|turn|14
|
|t:|1662648371
|move|p2a: Hatterene|Mystical Fire|p1a: Slowbro
|-resisted|p1a: Slowbro
|-damage|p1a: Slowbro|0 fnt
|faint|p1a: Slowbro
|
|upkeep
|j| ududrududu
|
|t:|1662648396
|switch|p1a: Melmetal|Melmetal|100/100
|turn|15
|
|t:|1662648418
|move|p2a: Hatterene|Healing Wish|p2a: Hatterene
|faint|p2a: Hatterene
|move|p1a: Melmetal|Double Iron Bash|p2: Hatterene|[notarget]
|-fail|p1a: Melmetal
|
|upkeep
|
|t:|1662648422
|switch|p2a: Marowak|Marowak-Alola, M|100/100
|turn|16
|
|t:|1662648442
|move|p2a: Marowak|Flare Blitz|p1a: Melmetal
|-supereffective|p1a: Melmetal
|-damage|p1a: Melmetal|0 fnt
|faint|p1a: Melmetal
|
|-fieldend|move: Trick Room
|upkeep
|
|t:|1662648449
|switch|p1a: Weavile|Weavile, M|100/100
|-ability|p1a: Weavile|Pressure
|turn|17
|
|t:|1662648466
|move|p1a: Weavile|Knock Off|p2a: Marowak
|-supereffective|p2a: Marowak
|-damage|p2a: Marowak|0 fnt
|-enditem|p2a: Marowak|Thick Club|[from] move: Knock Off|[of] p1a: Weavile
|faint|p2a: Marowak
|
|upkeep
|
|t:|1662648470
|switch|p2a: Porygon2|Porygon2|100/100
|-ability|p2a: Porygon2|Download|boost
|-boost|p2a: Porygon2|atk|1
|turn|18
|
|t:|1662648478
|move|p1a: Weavile|Knock Off|p2a: Porygon2
|-damage|p2a: Porygon2|51/100
|-enditem|p2a: Porygon2|Eviolite|[from] move: Knock Off|[of] p1a: Weavile
|move|p2a: Porygon2|Trick Room|p2a: Porygon2
|-fieldstart|move: Trick Room|[of] p2a: Porygon2
|
|upkeep
|turn|19
|
|t:|1662648489
|switch|p1a: Blacephalon|Blacephalon|100/100
|move|p2a: Porygon2|Teleport|p2a: Porygon2
|
|t:|1662648498
|switch|p2a: Melmetal|Melmetal|53/100|[from]move: Teleport
|-heal|p2a: Melmetal|100/100|[from] move: Healing Wish
|
|upkeep
|turn|20
|
|t:|1662648507
|switch|p1a: Weavile|Weavile, M|100/100
|-ability|p1a: Weavile|Pressure
|move|p2a: Melmetal|Double Iron Bash|p1a: Weavile
|-supereffective|p1a: Weavile
|-damage|p1a: Weavile|0 fnt
|faint|p1a: Weavile
|-hitcount|p1: Weavile|1
|
|upkeep
|
|t:|1662648517
|switch|p1a: Blacephalon|Blacephalon|100/100
|turn|21
|
|t:|1662648522
|move|p2a: Melmetal|Double Iron Bash|p1a: Blacephalon
|-resisted|p1a: Blacephalon
|-damage|p1a: Blacephalon|25/100
|-resisted|p1a: Blacephalon
|-damage|p1a: Blacephalon|0 fnt
|faint|p1a: Blacephalon
|-hitcount|p1: Blacephalon|2
|
|upkeep
|
|t:|1662648525
|switch|p1a: Kartana|Kartana|6/100
|turn|22
|
|t:|1662648528
|move|p2a: Melmetal|Double Iron Bash|p1a: Kartana
|-resisted|p1a: Kartana
|-damage|p1a: Kartana|0 fnt
|faint|p1a: Kartana
|-hitcount|p1: Kartana|1
|
|win|Ferrothornail草钢甲
|raw|Kevinskie's rating: 1700 &rarr; <strong>1679</strong><br />(-21 for losing)
|raw|Ferrothornail草钢甲's rating: 1680 &rarr; <strong>1701</strong><br />(+21 for winning)
