|html|<div class="broadcast-blue"><strong>[Gen 8] OU is currently suspecting Melmetal! For information on how to participate check out the <a href="https://www.smogon.com/forums/threads/np-ss-ou-suspect-process-round-12-monster-mash.3709234/">suspect thread</a>.</strong></div>
|j|☆Huskothy
|j|☆Daevank5
|t:|1665717538
|gametype|singles
|player|p1|Huskothy|lucas|1850
|player|p2|Daevank5|workerice|1786
|teamsize|p1|6
|teamsize|p2|6
|gen|8
|tier|[Gen 8] OU
|rated|
|rule|Sleep Clause Mod: Limit one foe put to sleep
|rule|Species Clause: Limit one of each Pokémon
|rule|OHKO Clause: OHKO moves are banned
|rule|Evasion Items Clause: Evasion items are banned
|rule|Evasion Moves Clause: Evasion moves are banned
|rule|Endless Battle Clause: Forcing endless battles is banned
|rule|HP Percentage Mod: HP is shown in percentages
|rule|Dynamax Clause: You cannot dynamax
|clearpoke
|poke|p1|Swampert, M|
|poke|p1|Obstagoon, F|
|poke|p1|Landorus-Therian, M|
|poke|p1|Regieleki|
|poke|p1|Ferrothorn, F|
|poke|p1|Clefable, M|
|poke|p2|Melmetal|
|poke|p2|Magnezone|
|poke|p2|Tyranitar, F|
|poke|p2|Slowbro, F|
|poke|p2|Excadrill, M|
|poke|p2|Tornadus-Therian, M|
|teampreview
|inactive|Battle timer is ON: inactive players will automatically lose when time's up. (requested by Daevank5)
|
|t:|1665717551
|start
|switch|p1a: Landorus|Landorus-Therian, M|100/100
|switch|p2a: Tornadus|Tornadus-Therian, M|100/100
|-ability|p1a: Landorus|Intimidate|boost
|-unboost|p2a: Tornadus|atk|1
|turn|1
|
|t:|1665717555
|move|p2a: Tornadus|Taunt|p1a: Landorus
|-start|p1a: Landorus|move: Taunt
|cant|p1a: Landorus|move: Taunt|Toxic
|
|upkeep
|turn|2
|
|t:|1665717559
|move|p2a: Tornadus|Knock Off|p1a: Landorus
|-damage|p1a: Landorus|88/100
|-enditem|p1a: Landorus|Leftovers|[from] move: Knock Off|[of] p2a: Tornadus
|move|p1a: Landorus|U-turn|p2a: Tornadus
|-resisted|p2a: Tornadus
|-damage|p2a: Tornadus|89/100
|j| Palladiawa D
|
|t:|1665717564
|switch|p1a: Regieleki|Regieleki|100/100|[from]move: U-turn
|
|upkeep
|turn|3
|
|t:|1665717566
|switch|p1a: Obstagoon|Obstagoon, F|100/100
|switch|p2a: Excadrill|Excadrill, M|100/100
|
|-status|p1a: Obstagoon|brn|[from] item: Flame Orb
|upkeep
|turn|4
|
|t:|1665717589
|switch|p2a: SlowBoob|Slowbro, F|100/100
|move|p1a: Obstagoon|Knock Off|p2a: SlowBoob
|-supereffective|p2a: SlowBoob
|-enditem|p2a: SlowBoob|Colbur Berry|[eat]
|-enditem|p2a: SlowBoob|Colbur Berry|[weaken]
|-damage|p2a: SlowBoob|65/100
|
|-damage|p1a: Obstagoon|94/100 brn|[from] brn
|upkeep
|turn|5
|inactive|Daevank5 has 120 seconds left.
|
|t:|1665717630
|move|p1a: Obstagoon|Parting Shot|p2a: SlowBoob
|-unboost|p2a: SlowBoob|atk|1
|-unboost|p2a: SlowBoob|spa|1
|
|t:|1665717642
|switch|p1a: Regieleki|Regieleki|100/100|[from]move: Parting Shot
|move|p2a: SlowBoob|Body Press|p1a: Regieleki
|-damage|p1a: Regieleki|49/100
|
|upkeep
|turn|6
|
|t:|1665717649
|switch|p2a: Excadrill|Excadrill, M|100/100
|move|p1a: Regieleki|Volt Switch|p2a: Excadrill
|-immune|p2a: Excadrill
|
|upkeep
|turn|7
|
|t:|1665717654
|switch|p1a: Ferrothorn|Ferrothorn, F|100/100
|move|p2a: Excadrill|Iron Head|p1a: Ferrothorn
|-resisted|p1a: Ferrothorn
|-damage|p1a: Ferrothorn|88/100
|-damage|p2a: Excadrill|88/100|[from] ability: Iron Barbs|[of] p1a: Ferrothorn
|
|-heal|p2a: Excadrill|94/100|[from] item: Leftovers
|upkeep
|turn|8
|
|t:|1665717662
|move|p2a: Excadrill|Earthquake|p1a: Ferrothorn
|-damage|p1a: Ferrothorn|57/100
|move|p1a: Ferrothorn|Leech Seed|p2a: Excadrill
|-start|p2a: Excadrill|move: Leech Seed
|
|-heal|p2a: Excadrill|99/100|[from] item: Leftovers
|-damage|p2a: Excadrill|88/100|[from] Leech Seed|[of] p1a: Ferrothorn
|-heal|p1a: Ferrothorn|70/100|[silent]
|upkeep
|turn|9
|
|t:|1665717665
|switch|p2a: Magnezone|Magnezone|100/100
|switch|p1a: Landorus|Landorus-Therian, M|88/100
|-ability|p1a: Landorus|Intimidate|boost
|-unboost|p2a: Magnezone|atk|1
|
|upkeep
|turn|10
|
|t:|1665717670
|move|p1a: Landorus|Toxic|p2a: Magnezone
|-immune|p2a: Magnezone
|move|p2a: Magnezone|Flash Cannon|p1a: Landorus
|-damage|p1a: Landorus|33/100
|
|upkeep
|turn|11
|
|t:|1665717677
|switch|p2a: Tornadus|Tornadus-Therian, M|100/100
|move|p1a: Landorus|Toxic|p2a: Tornadus
|-status|p2a: Tornadus|tox
|
|-damage|p2a: Tornadus|94/100 tox|[from] psn
|upkeep
|turn|12
|
|t:|1665717681
|move|p2a: Tornadus|Hurricane|p1a: Landorus
|-damage|p1a: Landorus|4/100
|move|p1a: Landorus|U-turn|p2a: Tornadus
|-resisted|p2a: Tornadus
|-damage|p2a: Tornadus|83/100 tox
|
|t:|1665717685
|switch|p1a: Regieleki|Regieleki|49/100|[from]move: U-turn
|
|-damage|p2a: Tornadus|71/100 tox|[from] psn
|upkeep
|turn|13
|
|t:|1665717688
|switch|p1a: Obstagoon|Obstagoon, F|94/100 brn
|switch|p2a: Excadrill|Excadrill, M|88/100
|
|-heal|p2a: Excadrill|94/100|[from] item: Leftovers
|-damage|p1a: Obstagoon|88/100 brn|[from] brn
|upkeep
|turn|14
|
|t:|1665717694
|switch|p2a: Tyranitar|Tyranitar, F|100/100
|-weather|Sandstorm|[from] ability: Sand Stream|[of] p2a: Tyranitar
|move|p1a: Obstagoon|Parting Shot|p2a: Tyranitar
|-unboost|p2a: Tyranitar|atk|1
|-unboost|p2a: Tyranitar|spa|1
|
|t:|1665717697
|switch|p1a: Swampert|Swampert, M|100/100|[from]move: Parting Shot
|
|-weather|Sandstorm|[upkeep]
|upkeep
|turn|15
|
|t:|1665717703
|move|p1a: Swampert|Bulk Up|p1a: Swampert
|-boost|p1a: Swampert|atk|1
|-boost|p1a: Swampert|def|1
|move|p2a: Tyranitar|Stealth Rock|p1a: Swampert
|-sidestart|p1: Huskothy|move: Stealth Rock
|
|-weather|Sandstorm|[upkeep]
|upkeep
|turn|16
|
|t:|1665717710
|switch|p2a: Magnezone|Magnezone|100/100
|move|p1a: Swampert|Substitute|p1a: Swampert
|-start|p1a: Swampert|Substitute
|-damage|p1a: Swampert|75/100
|
|-weather|Sandstorm|[upkeep]
|-heal|p1a: Swampert|82/100|[from] item: Leftovers
|upkeep
|turn|17
|j| pelotonian
|
|t:|1665717733
|switch|p2a: Tornadus|Tornadus-Therian, M|100/100 tox
|move|p1a: Swampert|Earthquake|p2a: Tornadus
|-immune|p2a: Tornadus
|
|-weather|Sandstorm|[upkeep]
|-damage|p2a: Tornadus|94/100 tox|[from] Sandstorm
|-heal|p1a: Swampert|88/100|[from] item: Leftovers
|-damage|p2a: Tornadus|88/100 tox|[from] psn
|upkeep
|turn|18
|
|t:|1665717738
|move|p2a: Tornadus|Hurricane|p1a: Swampert|[miss]
|-miss|p2a: Tornadus|p1a: Swampert
|move|p1a: Swampert|Liquidation|p2a: Tornadus
|-damage|p2a: Tornadus|32/100 tox
|
|-weather|none
|-heal|p1a: Swampert|94/100|[from] item: Leftovers
|-damage|p2a: Tornadus|20/100 tox|[from] psn
|upkeep
|turn|19
|
|t:|1665717747
|move|p2a: Tornadus|U-turn|p1a: Swampert
|-activate|p1a: Swampert|move: Substitute|[damage]
|
|t:|1665717748
|switch|p2a: SlowBoob|Slowbro, F|98/100|[from]move: U-turn
|move|p1a: Swampert|Liquidation|p2a: SlowBoob
|-resisted|p2a: SlowBoob
|-damage|p2a: SlowBoob|79/100
|-unboost|p2a: SlowBoob|def|1
|
|-heal|p1a: Swampert|99/100|[from] item: Leftovers
|upkeep
|turn|20
|
|t:|1665717754
|switch|p2a: Tornadus|Tornadus-Therian, M|53/100 tox
|move|p1a: Swampert|Bulk Up|p1a: Swampert
|-boost|p1a: Swampert|atk|1
|-boost|p1a: Swampert|def|1
|
|-heal|p1a: Swampert|100/100|[from] item: Leftovers
|-damage|p2a: Tornadus|47/100 tox|[from] psn
|upkeep
|turn|21
|
|t:|1665717763
|move|p2a: Tornadus|U-turn|p1a: Swampert
|-activate|p1a: Swampert|move: Substitute|[damage]
|
|t:|1665717765
|switch|p2a: SlowBoob|Slowbro, F|100/100|[from]move: U-turn
|move|p1a: Swampert|Liquidation|p2a: SlowBoob
|-resisted|p2a: SlowBoob
|-damage|p2a: SlowBoob|78/100
|-unboost|p2a: SlowBoob|def|1
|
|upkeep
|turn|22
|j| EclipseW
|
|t:|1665717773
|move|p1a: Swampert|Liquidation|p2a: SlowBoob
|-resisted|p2a: SlowBoob
|-damage|p2a: SlowBoob|42/100
|move|p2a: SlowBoob|Teleport|p2a: SlowBoob
|
|t:|1665717780
|switch|p2a: Tornadus|Tornadus-Therian, M|80/100 tox|[from]move: Teleport
|
|-damage|p2a: Tornadus|74/100 tox|[from] psn
|upkeep
|turn|23
|l| EclipseW
|inactive|Daevank5 has 120 seconds left.
|
|t:|1665717820
|move|p2a: Tornadus|U-turn|p1a: Swampert
|-activate|p1a: Swampert|move: Substitute|[damage]
|
|t:|1665717822
|switch|p2a: SlowBoob|Slowbro, F|75/100|[from]move: U-turn
|move|p1a: Swampert|Liquidation|p2a: SlowBoob
|-resisted|p2a: SlowBoob
|-damage|p2a: SlowBoob|51/100
|-unboost|p2a: SlowBoob|def|1
|
|upkeep
|turn|24
|
|t:|1665717827
|switch|p2a: Tornadus|Tornadus-Therian, M|100/100 tox
|move|p1a: Swampert|Earthquake|p2a: Tornadus
|-immune|p2a: Tornadus
|
|-damage|p2a: Tornadus|94/100 tox|[from] psn
|upkeep
|turn|25
|
|t:|1665717832
|move|p2a: Tornadus|Hurricane|p1a: Swampert
|-end|p1a: Swampert|Substitute
|move|p1a: Swampert|Substitute|p1a: Swampert
|-start|p1a: Swampert|Substitute
|-damage|p1a: Swampert|75/100
|
|-heal|p1a: Swampert|82/100|[from] item: Leftovers
|-damage|p2a: Tornadus|82/100 tox|[from] psn
|upkeep
|turn|26
|
|t:|1665717840
|move|p2a: Tornadus|U-turn|p1a: Swampert
|-crit|p1a: Swampert
|-activate|p1a: Swampert|move: Substitute|[damage]
|
|t:|1665717841
|switch|p2a: SlowBoob|Slowbro, F|84/100|[from]move: U-turn
|move|p1a: Swampert|Earthquake|p2a: SlowBoob
|-damage|p2a: SlowBoob|26/100
|
|-heal|p1a: Swampert|88/100|[from] item: Leftovers
|upkeep
|turn|27
|
|t:|1665717857
|switch|p2a: Tornadus|Tornadus-Therian, M|100/100 tox
|move|p1a: Swampert|Liquidation|p2a: Tornadus
|-damage|p2a: Tornadus|22/100 tox
|
|-heal|p1a: Swampert|94/100|[from] item: Leftovers
|-damage|p2a: Tornadus|16/100 tox|[from] psn
|upkeep
|turn|28
|
|t:|1665717873
|move|p2a: Tornadus|Hurricane|p1a: Swampert
|-end|p1a: Swampert|Substitute
|move|p1a: Swampert|Liquidation|p2a: Tornadus
|-damage|p2a: Tornadus|0 fnt
|faint|p2a: Tornadus
|
|-heal|p1a: Swampert|99/100|[from] item: Leftovers
|upkeep
|
|t:|1665717878
|switch|p2a: Magnezone|Magnezone|100/100
|turn|29
|
|t:|1665717880
|move|p2a: Magnezone|Toxic|p1a: Swampert
|-status|p1a: Swampert|tox
|move|p1a: Swampert|Earthquake|p2a: Magnezone
|-supereffective|p2a: Magnezone
|-damage|p2a: Magnezone|0 fnt
|faint|p2a: Magnezone
|
|-heal|p1a: Swampert|100/100 tox|[from] item: Leftovers
|-damage|p1a: Swampert|94/100 tox|[from] psn
|upkeep
|j| cczxh
|
|t:|1665717909
|switch|p2a: SlowBoob|Slowbro, F|59/100
|turn|30
|
|t:|1665717917
|move|p1a: Swampert|Earthquake|p2a: SlowBoob
|-damage|p2a: SlowBoob|6/100
|move|p2a: SlowBoob|Slack Off|p2a: SlowBoob
|-heal|p2a: SlowBoob|56/100
|
|-heal|p1a: Swampert|100/100 tox|[from] item: Leftovers
|-damage|p1a: Swampert|88/100 tox|[from] psn
|upkeep
|turn|31
|inactive|Daevank5 has 120 seconds left.
|
|t:|1665717939
|switch|p2a: Tyranitar|Tyranitar, F|100/100
|-weather|Sandstorm|[from] ability: Sand Stream|[of] p2a: Tyranitar
|move|p1a: Swampert|Earthquake|p2a: Tyranitar
|-supereffective|p2a: Tyranitar
|-damage|p2a: Tyranitar|0 fnt
|faint|p2a: Tyranitar
|
|-weather|Sandstorm|[upkeep]
|-heal|p1a: Swampert|94/100 tox|[from] item: Leftovers
|-damage|p1a: Swampert|76/100 tox|[from] psn
|upkeep
|
|t:|1665717940
|switch|p2a: SlowBoob|Slowbro, F|90/100
|turn|32
|
|t:|1665717945
|switch|p1a: Landorus|Landorus-Therian, M|4/100
|-damage|p1a: Landorus|0 fnt|[from] Stealth Rock
|faint|p1a: Landorus
|move|p2a: SlowBoob|Slack Off|p2a: SlowBoob
|-heal|p2a: SlowBoob|100/100
|
|-weather|Sandstorm|[upkeep]
|-damage|p2a: SlowBoob|94/100|[from] Sandstorm
|upkeep
|
|t:|1665717960
|switch|p1a: Obstagoon|Obstagoon, F|88/100 brn
|-damage|p1a: Obstagoon|76/100 brn|[from] Stealth Rock
|turn|33
|
|t:|1665717961
|move|p1a: Obstagoon|Parting Shot|p2a: SlowBoob
|-unboost|p2a: SlowBoob|atk|1
|-unboost|p2a: SlowBoob|spa|1
|
|t:|1665717962
|switch|p1a: Ferrothorn|Ferrothorn, F|70/100|[from]move: Parting Shot
|-damage|p1a: Ferrothorn|64/100|[from] Stealth Rock
|move|p2a: SlowBoob|Body Press|p1a: Ferrothorn
|-supereffective|p1a: Ferrothorn
|-enditem|p1a: Ferrothorn|Chople Berry|[eat]
|-enditem|p1a: Ferrothorn|Chople Berry|[weaken]
|-damage|p1a: Ferrothorn|48/100
|-damage|p2a: SlowBoob|82/100|[from] ability: Iron Barbs|[of] p1a: Ferrothorn
|
|-weather|Sandstorm|[upkeep]
|-damage|p2a: SlowBoob|76/100|[from] Sandstorm
|upkeep
|turn|34
|
|t:|1665717972
|move|p1a: Ferrothorn|Leech Seed|p2a: SlowBoob
|-start|p2a: SlowBoob|move: Leech Seed
|move|p2a: SlowBoob|Teleport|p2a: SlowBoob
|
|t:|1665717973
|switch|p2a: Excadrill|Excadrill, M|94/100|[from]move: Teleport
|
|-weather|Sandstorm|[upkeep]
|-heal|p2a: Excadrill|99/100|[from] item: Leftovers
|upkeep
|turn|35
|
|t:|1665717980
|move|p2a: Excadrill|Swords Dance|p2a: Excadrill
|-boost|p2a: Excadrill|atk|2
|move|p1a: Ferrothorn|Body Press|p2a: Excadrill
|-supereffective|p2a: Excadrill
|-damage|p2a: Excadrill|19/100
|
|-weather|none
|-heal|p2a: Excadrill|25/100|[from] item: Leftovers
|upkeep
|turn|36
|
|t:|1665717990
|move|p2a: Excadrill|Earthquake|p1a: Ferrothorn
|-damage|p1a: Ferrothorn|0 fnt
|faint|p1a: Ferrothorn
|
|-heal|p2a: Excadrill|31/100|[from] item: Leftovers
|upkeep
|
|t:|1665717991
|switch|p1a: Obstagoon|Obstagoon, F|76/100 brn
|-damage|p1a: Obstagoon|64/100 brn|[from] Stealth Rock
|turn|37
|
|t:|1665717999
|switch|p2a: MurderOnMyMind|Melmetal|100/100
|move|p1a: Obstagoon|Knock Off|p2a: MurderOnMyMind
|-damage|p2a: MurderOnMyMind|66/100
|-enditem|p2a: MurderOnMyMind|Leftovers|[from] move: Knock Off|[of] p1a: Obstagoon
|
|-damage|p1a: Obstagoon|58/100 brn|[from] brn
|upkeep
|turn|38
|
|t:|1665718031
|move|p1a: Obstagoon|Switcheroo|p2a: MurderOnMyMind
|-activate|p1a: Obstagoon|move: Trick|[of] p2a: MurderOnMyMind
|-item|p2a: MurderOnMyMind|Flame Orb|[from] move: Switcheroo
|-enditem|p1a: Obstagoon|Flame Orb|[silent]|[from] move: Switcheroo
|move|p2a: MurderOnMyMind|Double Iron Bash|p1a: Obstagoon
|-damage|p1a: Obstagoon|12/100 brn
|-damage|p1a: Obstagoon|0 fnt
|faint|p1a: Obstagoon
|-hitcount|p1: Obstagoon|2
|
|-status|p2a: MurderOnMyMind|brn|[from] item: Flame Orb
|upkeep
|
|t:|1665718041
|switch|p1a: Clefable|Clefable, M|100/100
|turn|39
|
|t:|1665718044
|move|p1a: Clefable|Healing Wish|p1a: Clefable
|faint|p1a: Clefable
|move|p2a: MurderOnMyMind|Double Iron Bash|p1: Clefable|[notarget]
|-fail|p2a: MurderOnMyMind
|
|-damage|p2a: MurderOnMyMind|60/100 brn|[from] brn
|upkeep
|
|t:|1665718047
|switch|p1a: Swampert|Swampert, M|76/100 tox
|-heal|p1a: Swampert|100/100|[from] move: Healing Wish
|-damage|p1a: Swampert|94/100|[from] Stealth Rock
|turn|40
|inactive|Daevank5 has 120 seconds left.
|
|t:|1665718077
|switch|p2a: SlowBoob|Slowbro, F|100/100
|move|p1a: Swampert|Substitute|p1a: Swampert
|-start|p1a: Swampert|Substitute
|-damage|p1a: Swampert|69/100
|
|-heal|p1a: Swampert|75/100|[from] item: Leftovers
|upkeep
|turn|41
|
|t:|1665718080
|move|p1a: Swampert|Bulk Up|p1a: Swampert
|-boost|p1a: Swampert|atk|1
|-boost|p1a: Swampert|def|1
|move|p2a: SlowBoob|Ice Beam|p1a: Swampert
|-activate|p1a: Swampert|move: Substitute|[damage]
|
|-heal|p1a: Swampert|82/100|[from] item: Leftovers
|upkeep
|turn|42
|c| Palladiawa D|it's so intense
|
|t:|1665718084
|move|p1a: Swampert|Bulk Up|p1a: Swampert
|-boost|p1a: Swampert|atk|1
|-boost|p1a: Swampert|def|1
|move|p2a: SlowBoob|Ice Beam|p1a: Swampert
|-end|p1a: Swampert|Substitute
|
|-heal|p1a: Swampert|88/100|[from] item: Leftovers
|upkeep
|turn|43
|
|t:|1665718089
|move|p1a: Swampert|Earthquake|p2a: SlowBoob
|-damage|p2a: SlowBoob|41/100
|move|p2a: SlowBoob|Ice Beam|p1a: Swampert
|-damage|p1a: Swampert|67/100
|
|-heal|p1a: Swampert|74/100|[from] item: Leftovers
|upkeep
|turn|44
|
|t:|1665718094
|switch|p2a: MurderOnMyMind|Melmetal|60/100 brn
|move|p1a: Swampert|Earthquake|p2a: MurderOnMyMind
|-supereffective|p2a: MurderOnMyMind
|-damage|p2a: MurderOnMyMind|0 fnt
|faint|p2a: MurderOnMyMind
|
|-heal|p1a: Swampert|80/100|[from] item: Leftovers
|upkeep
|c| Palladiawa D|it's a gg
|
|t:|1665718096
|switch|p2a: SlowBoob|Slowbro, F|74/100
|turn|45
|
|t:|1665718098
|move|p1a: Swampert|Substitute|p1a: Swampert
|-start|p1a: Swampert|Substitute
|-damage|p1a: Swampert|55/100
|move|p2a: SlowBoob|Ice Beam|p1a: Swampert
|-activate|p1a: Swampert|move: Substitute|[damage]
|
|-heal|p1a: Swampert|61/100|[from] item: Leftovers
|upkeep
|turn|46
|
|t:|1665718102
|move|p1a: Swampert|Earthquake|p2a: SlowBoob
|-damage|p2a: SlowBoob|17/100
|move|p2a: SlowBoob|Ice Beam|p1a: Swampert
|-end|p1a: Swampert|Substitute
|
|-heal|p1a: Swampert|67/100|[from] item: Leftovers
|upkeep
|turn|47
|
|t:|1665718108
|move|p1a: Swampert|Substitute|p1a: Swampert
|-start|p1a: Swampert|Substitute
|-damage|p1a: Swampert|42/100
|move|p2a: SlowBoob|Slack Off|p2a: SlowBoob
|-heal|p2a: SlowBoob|67/100
|
|-heal|p1a: Swampert|48/100|[from] item: Leftovers
|upkeep
|turn|48
|
|t:|1665718110
|move|p1a: Swampert|Earthquake|p2a: SlowBoob
|-damage|p2a: SlowBoob|9/100
|move|p2a: SlowBoob|Slack Off|p2a: SlowBoob
|-heal|p2a: SlowBoob|60/100
|
|-heal|p1a: Swampert|54/100|[from] item: Leftovers
|upkeep
|turn|49
|
|t:|1665718114
|move|p1a: Swampert|Earthquake|p2a: SlowBoob
|-damage|p2a: SlowBoob|5/100
|move|p2a: SlowBoob|Slack Off|p2a: SlowBoob
|-heal|p2a: SlowBoob|55/100
|
|-heal|p1a: Swampert|61/100|[from] item: Leftovers
|upkeep
|turn|50
|
|t:|1665718118
|move|p1a: Swampert|Bulk Up|p1a: Swampert
|-boost|p1a: Swampert|atk|1
|-boost|p1a: Swampert|def|1
|move|p2a: SlowBoob|Ice Beam|p1a: Swampert
|-activate|p1a: Swampert|move: Substitute|[damage]
|
|-heal|p1a: Swampert|67/100|[from] item: Leftovers
|upkeep
|turn|51
|
|t:|1665718121
|move|p1a: Swampert|Earthquake|p2a: SlowBoob
|-damage|p2a: SlowBoob|0 fnt
|faint|p2a: SlowBoob
|
|-heal|p1a: Swampert|73/100|[from] item: Leftovers
|upkeep
|
|t:|1665718123
|switch|p2a: Excadrill|Excadrill, M|31/100
|turn|52
|c|☆Huskothy|gg
|
|t:|1665718129
|move|p2a: Excadrill|Earthquake|p1a: Swampert
|-end|p1a: Swampert|Substitute
|move|p1a: Swampert|Liquidation|p2a: Excadrill
|-supereffective|p2a: Excadrill
|-damage|p2a: Excadrill|0 fnt
|faint|p2a: Excadrill
|
|win|Huskothy
|raw|Huskothy's rating: 1850 &rarr; <strong>1866</strong><br />(+16 for winning)
|raw|Daevank5's rating: 1786 &rarr; <strong>1770</strong><br />(-16 for losing)
|c|☆Daevank5|Gg
|l|☆Daevank5
||Ladder isn't responding, score probably updated but might not have (Request timeout).
