|j|☆Justin UA
|j|☆minimax_ai
|t:|1667522532
|gametype|singles
|player|p1|Justin UA|ethan|1645
|player|p2|minimax_ai|lusamine-nihilego|1694
|teamsize|p1|6
|teamsize|p2|6
|gen|8
|tier|[Gen 8] OU
|rated|
|rule|Sleep Clause Mod: Limit one foe put to sleep
|rule|Species Clause: Limit one of each Pokémon
|rule|OHKO Clause: OHKO moves are banned
|rule|Evasion Items Clause: Evasion items are banned
|rule|Evasion Moves Clause: Evasion moves are banned
|rule|Endless Battle Clause: Forcing endless battles is banned
|rule|HP Percentage Mod: HP is shown in percentages
|rule|Dynamax Clause: You cannot dynamax
|clearpoke
|poke|p1|Dragapult, M|
|poke|p1|Urshifu-*, M|
|poke|p1|Tapu Lele|
|poke|p1|Corviknight, M|
|poke|p1|Landorus-Therian, M|
|poke|p1|Tyranitar, F|
|poke|p2|Rotom-Wash|
|poke|p2|Weavile, F|
|poke|p2|Landorus-Therian, M|
|poke|p2|Heatran, M|
|poke|p2|Tangrowth, M|
|poke|p2|Melmetal|
|teampreview
|c|☆minimax_ai|hf
|inactive|Battle timer is ON: inactive players will automatically lose when time's up. (requested by minimax_ai)
|
|t:|1667522541
|start
|switch|p1a: Urshifu|Urshifu-Rapid-Strike, M|100/100
|switch|p2a: landorustherian|Landorus-Therian, M|100/100
|-ability|p2a: landorustherian|Intimidate|boost
|-unboost|p1a: Urshifu|atk|1
|turn|1
|
|t:|1667522543
|switch|p2a: Tangrowth|Tangrowth, M|100/100
|move|p1a: Urshifu|U-turn|p2a: Tangrowth
|-supereffective|p2a: Tangrowth
|-damage|p2a: Tangrowth|75/100
|-damage|p1a: Urshifu|84/100|[from] item: Rocky Helmet|[of] p2a: Tangrowth
|
|t:|1667522546
|switch|p1a: Tapu Lele|Tapu Lele|100/100|[from]move: U-turn
|-fieldstart|move: Psychic Terrain|[from] ability: Psychic Surge|[of] p1a: Tapu Lele
|
|upkeep
|turn|2
|
|t:|1667522551
|switch|p2a: Melmetal|Melmetal|100/100
|move|p1a: Tapu Lele|Focus Blast|p2a: Melmetal
|-supereffective|p2a: Melmetal
|-damage|p2a: Melmetal|27/100
|
|upkeep
|turn|3
|
|t:|1667522555
|move|p1a: Tapu Lele|Focus Blast|p2a: Melmetal|[miss]
|-miss|p1a: Tapu Lele|p2a: Melmetal
|move|p2a: Melmetal|Double Iron Bash|p1a: Tapu Lele
|-supereffective|p1a: Tapu Lele
|-damage|p1a: Tapu Lele|0 fnt
|faint|p1a: Tapu Lele
|-hitcount|p1: Tapu Lele|1
|
|upkeep
|
|t:|1667522557
|switch|p1a: Dragapult|Dragapult, M, shiny|100/100
|turn|4
|
|t:|1667522563
|switch|p2a: landorustherian|Landorus-Therian, M|100/100
|-ability|p2a: landorustherian|Intimidate|boost
|-unboost|p1a: Dragapult|atk|1
|move|p1a: Dragapult|Shadow Ball|p2a: landorustherian
|-damage|p2a: landorustherian|62/100
|
|-heal|p2a: landorustherian|68/100|[from] item: Leftovers
|upkeep
|turn|5
|
|t:|1667522569
|switch|p1a: Landorus|Landorus-Therian, M|100/100
|-ability|p1a: Landorus|Intimidate|boost
|-unboost|p2a: landorustherian|atk|1
|move|p2a: landorustherian|Toxic|p1a: Landorus
|-status|p1a: Landorus|tox
|
|-heal|p2a: landorustherian|74/100|[from] item: Leftovers
|-damage|p1a: Landorus|94/100 tox|[from] psn
|-fieldend|move: Psychic Terrain
|upkeep
|turn|6
|
|t:|1667522572
|switch|p2a: Heatran|Heatran, M|100/100
|-item|p2a: Heatran|Air Balloon
|move|p1a: Landorus|Stealth Rock|p2a: Heatran
|-sidestart|p2: minimax_ai|move: Stealth Rock
|
|-heal|p1a: Landorus|100/100 tox|[from] item: Leftovers
|-damage|p1a: Landorus|88/100 tox|[from] psn
|upkeep
|turn|7
|
|t:|1667522574
|move|p2a: Heatran|Stealth Rock|p1a: Landorus
|-sidestart|p1: Justin UA|move: Stealth Rock
|move|p1a: Landorus|U-turn|p2a: Heatran
|-resisted|p2a: Heatran
|-damage|p2a: Heatran|95/100
|-enditem|p2a: Heatran|Air Balloon
|
|t:|1667522577
|switch|p1a: Urshifu|Urshifu-Rapid-Strike, M|84/100|[from]move: U-turn
|-damage|p1a: Urshifu|78/100|[from] Stealth Rock
|
|upkeep
|turn|8
|
|t:|1667522579
|switch|p2a: Tangrowth|Tangrowth, M|100/100
|-damage|p2a: Tangrowth|88/100|[from] Stealth Rock
|move|p1a: Urshifu|U-turn|p2a: Tangrowth
|-supereffective|p2a: Tangrowth
|-damage|p2a: Tangrowth|52/100
|-damage|p1a: Urshifu|61/100|[from] item: Rocky Helmet|[of] p2a: Tangrowth
|
|t:|1667522581
|switch|p1a: Dragapult|Dragapult, M, shiny|100/100|[from]move: U-turn
|-damage|p1a: Dragapult|88/100|[from] Stealth Rock
|
|upkeep
|turn|9
|
|t:|1667522583
|switch|p2a: landorustherian|Landorus-Therian, M|74/100
|-damage|p2a: landorustherian|62/100|[from] Stealth Rock
|-ability|p2a: landorustherian|Intimidate|boost
|-unboost|p1a: Dragapult|atk|1
|move|p1a: Dragapult|Shadow Ball|p2a: landorustherian
|-crit|p2a: landorustherian
|-damage|p2a: landorustherian|3/100
|-unboost|p2a: landorustherian|spd|1
|
|-heal|p2a: landorustherian|9/100|[from] item: Leftovers
|upkeep
|turn|10
|
|t:|1667522585
|switch|p2a: Weavile|Weavile, F|100/100
|-damage|p2a: Weavile|76/100|[from] Stealth Rock
|-ability|p2a: Weavile|Pressure
|move|p1a: Dragapult|Shadow Ball|p2a: Weavile
|-resisted|p2a: Weavile
|-damage|p2a: Weavile|41/100
|
|upkeep
|turn|11
|j| CanUrepeat
|
|t:|1667522600
|switch|p1a: Landorus|Landorus-Therian, M|88/100 tox
|-damage|p1a: Landorus|76/100 tox|[from] Stealth Rock
|-ability|p1a: Landorus|Intimidate|boost
|-unboost|p2a: Weavile|atk|1
|move|p2a: Weavile|Knock Off|p1a: Landorus
|-damage|p1a: Landorus|33/100 tox
|-enditem|p1a: Landorus|Leftovers|[from] move: Knock Off|[of] p2a: Weavile
|
|-damage|p1a: Landorus|27/100 tox|[from] psn
|upkeep
|turn|12
|
|t:|1667522602
|switch|p2a: Tangrowth|Tangrowth, M|85/100
|-damage|p2a: Tangrowth|73/100|[from] Stealth Rock
|move|p1a: Landorus|U-turn|p2a: Tangrowth
|-supereffective|p2a: Tangrowth
|-damage|p2a: Tangrowth|50/100
|-damage|p1a: Landorus|11/100 tox|[from] item: Rocky Helmet|[of] p2a: Tangrowth
|
|t:|1667522605
|switch|p1a: Dragapult|Dragapult, M, shiny|88/100|[from]move: U-turn
|-damage|p1a: Dragapult|76/100|[from] Stealth Rock
|
|upkeep
|turn|13
|
|t:|1667522606
|switch|p2a: landorustherian|Landorus-Therian, M|9/100
|-damage|p2a: landorustherian|0 fnt|[from] Stealth Rock
|faint|p2a: landorustherian
|move|p1a: Dragapult|Shadow Ball|p2: landorustherian|[notarget]
|-fail|p1a: Dragapult
|
|upkeep
|
|t:|1667522606
|switch|p2a: Weavile|Weavile, F|41/100
|-damage|p2a: Weavile|17/100|[from] Stealth Rock
|-ability|p2a: Weavile|Pressure
|turn|14
|
|t:|1667522610
|switch|p1a: Landorus|Landorus-Therian, M|11/100 tox
|-damage|p1a: Landorus|0 fnt|[from] Stealth Rock
|faint|p1a: Landorus
|move|p2a: Weavile|Ice Shard|p1: Landorus|[notarget]
|-fail|p2a: Weavile
|
|upkeep
|
|t:|1667522612
|switch|p1a: Corviknight|Corviknight, M|100/100
|-damage|p1a: Corviknight|88/100|[from] Stealth Rock
|-ability|p1a: Corviknight|Pressure
|turn|15
|
|t:|1667522614
|switch|p2a: Tangrowth|Tangrowth, M|83/100
|-damage|p2a: Tangrowth|71/100|[from] Stealth Rock
|move|p1a: Corviknight|U-turn|p2a: Tangrowth
|-supereffective|p2a: Tangrowth
|-damage|p2a: Tangrowth|55/100
|-damage|p1a: Corviknight|71/100|[from] item: Rocky Helmet|[of] p2a: Tangrowth
|
|t:|1667522616
|switch|p1a: Dragapult|Dragapult, M, shiny|76/100|[from]move: U-turn
|-damage|p1a: Dragapult|64/100|[from] Stealth Rock
|
|upkeep
|turn|16
|
|t:|1667522618
|switch|p2a: Weavile|Weavile, F|17/100
|-damage|p2a: Weavile|0 fnt|[from] Stealth Rock
|faint|p2a: Weavile
|move|p1a: Dragapult|Shadow Ball|p2: Weavile|[notarget]
|-fail|p1a: Dragapult
|
|upkeep
|
|t:|1667522618
|switch|p2a: Heatran|Heatran, M|95/100
|-damage|p2a: Heatran|83/100|[from] Stealth Rock
|turn|17
|
|t:|1667522622
|switch|p1a: Tyranitar|Tyranitar, F|100/100
|-damage|p1a: Tyranitar|88/100|[from] Stealth Rock
|-weather|Sandstorm|[from] ability: Sand Stream|[of] p1a: Tyranitar
|move|p2a: Heatran|Magma Storm|p1a: Tyranitar
|-resisted|p1a: Tyranitar
|-damage|p1a: Tyranitar|77/100
|-activate|p1a: Tyranitar|move: Magma Storm|[of] p2a: Heatran
|
|-weather|Sandstorm|[upkeep]
|-heal|p1a: Tyranitar|83/100|[from] item: Leftovers
|-damage|p1a: Tyranitar|71/100|[from] move: Magma Storm|[partiallytrapped]
|upkeep
|turn|18
|
|t:|1667522626
|switch|p2a: Tangrowth|Tangrowth, M|88/100
|-damage|p2a: Tangrowth|76/100|[from] Stealth Rock
|move|p1a: Tyranitar|Rock Blast|p2a: Tangrowth
|-damage|p2a: Tangrowth|70/100
|-damage|p2a: Tangrowth|64/100
|-hitcount|p2a: Tangrowth|2
|
|-weather|Sandstorm|[upkeep]
|-damage|p2a: Tangrowth|57/100|[from] Sandstorm
|-heal|p1a: Tyranitar|77/100|[from] item: Leftovers
|-end|p1a: Tyranitar|Magma Storm|[partiallytrapped]|[silent]
|upkeep
|turn|19
|
|t:|1667522635
|move|p1a: Tyranitar|Thunder Wave|p2a: Tangrowth
|-status|p2a: Tangrowth|par
|move|p2a: Tangrowth|Giga Drain|p1a: Tyranitar
|-supereffective|p1a: Tyranitar
|-damage|p1a: Tyranitar|56/100
|-heal|p2a: Tangrowth|68/100 par|[from] drain|[of] p1a: Tyranitar
|
|-weather|Sandstorm|[upkeep]
|-damage|p2a: Tangrowth|62/100 par|[from] Sandstorm
|-heal|p1a: Tyranitar|62/100|[from] item: Leftovers
|upkeep
|turn|20
|
|t:|1667522641
|move|p1a: Tyranitar|Rock Blast|p2a: Tangrowth
|-damage|p2a: Tangrowth|56/100 par
|-damage|p2a: Tangrowth|50/100 par
|-damage|p2a: Tangrowth|44/100 par
|-damage|p2a: Tangrowth|38/100 par
|-hitcount|p2a: Tangrowth|4
|move|p2a: Tangrowth|Giga Drain|p1a: Tyranitar
|-supereffective|p1a: Tyranitar
|-damage|p1a: Tyranitar|39/100
|-heal|p2a: Tangrowth|49/100 par|[from] drain|[of] p1a: Tyranitar
|
|-weather|Sandstorm|[upkeep]
|-damage|p2a: Tangrowth|43/100 par|[from] Sandstorm
|-heal|p1a: Tyranitar|45/100|[from] item: Leftovers
|upkeep
|turn|21
|
|t:|1667522646
|switch|p1a: Corviknight|Corviknight, M|71/100
|-damage|p1a: Corviknight|59/100|[from] Stealth Rock
|-ability|p1a: Corviknight|Pressure
|move|p2a: Tangrowth|Giga Drain|p1a: Corviknight
|-resisted|p1a: Corviknight
|-damage|p1a: Corviknight|53/100
|-heal|p2a: Tangrowth|46/100 par|[from] drain|[of] p1a: Corviknight
|
|-weather|none
|-heal|p1a: Corviknight|60/100|[from] item: Leftovers
|upkeep
|turn|22
|
|t:|1667522648
|move|p1a: Corviknight|Roost|p1a: Corviknight
|-heal|p1a: Corviknight|100/100
|-singleturn|p1a: Corviknight|move: Roost
|move|p2a: Tangrowth|Sleep Powder|p1a: Corviknight|[miss]
|-miss|p2a: Tangrowth|p1a: Corviknight
|
|upkeep
|turn|23
|
|t:|1667522658
|move|p1a: Corviknight|Defog|p2a: Tangrowth
|-unboost|p2a: Tangrowth|evasion|1
|-sideend|p2: minimax_ai|Stealth Rock|[from] move: Defog|[of] p1a: Corviknight
|-sideend|p1: Justin UA|Stealth Rock|[from] move: Defog|[of] p1a: Corviknight
|move|p2a: Tangrowth|Sleep Powder|p1a: Corviknight
|-status|p1a: Corviknight|slp|[from] move: Sleep Powder
|
|upkeep
|turn|24
|
|t:|1667522661
|switch|p2a: rotomwash|Rotom-Wash|100/100
|cant|p1a: Corviknight|slp
|
|upkeep
|turn|25
|
|t:|1667522664
|move|p2a: rotomwash|Nasty Plot|p2a: rotomwash
|-boost|p2a: rotomwash|spa|2
|cant|p1a: Corviknight|slp
|
|upkeep
|turn|26
|
|t:|1667522669
|switch|p1a: Tyranitar|Tyranitar, F|45/100
|-weather|Sandstorm|[from] ability: Sand Stream|[of] p1a: Tyranitar
|move|p2a: rotomwash|Thunderbolt|p1a: Tyranitar
|-damage|p1a: Tyranitar|18/100
|
|-weather|Sandstorm|[upkeep]
|-damage|p2a: rotomwash|94/100|[from] Sandstorm
|-heal|p2a: rotomwash|100/100|[from] item: Leftovers
|-heal|p1a: Tyranitar|25/100|[from] item: Leftovers
|upkeep
|turn|27
|
|t:|1667522673
|move|p2a: rotomwash|Hydro Pump|p1a: Tyranitar|[miss]
|-miss|p2a: rotomwash|p1a: Tyranitar
|move|p1a: Tyranitar|Rock Blast|p2a: rotomwash
|-damage|p2a: rotomwash|89/100
|-damage|p2a: rotomwash|78/100
|-damage|p2a: rotomwash|66/100
|-hitcount|p2a: rotomwash|3
|
|-weather|Sandstorm|[upkeep]
|-damage|p2a: rotomwash|60/100|[from] Sandstorm
|-heal|p2a: rotomwash|66/100|[from] item: Leftovers
|-heal|p1a: Tyranitar|31/100|[from] item: Leftovers
|upkeep
|turn|28
|
|t:|1667522675
|move|p2a: rotomwash|Hydro Pump|p1a: Tyranitar
|-supereffective|p1a: Tyranitar
|-damage|p1a: Tyranitar|0 fnt
|faint|p1a: Tyranitar
|
|-weather|Sandstorm|[upkeep]
|-damage|p2a: rotomwash|60/100|[from] Sandstorm
|-heal|p2a: rotomwash|66/100|[from] item: Leftovers
|upkeep
|inactive|Justin UA has 120 seconds left.
|
|t:|1667522714
|switch|p1a: Dragapult|Dragapult, M, shiny|64/100
|turn|29
|
|t:|1667522716
|move|p1a: Dragapult|Draco Meteor|p2a: rotomwash
|-damage|p2a: rotomwash|0 fnt
|-unboost|p1a: Dragapult|spa|2
|faint|p2a: rotomwash
|
|-weather|Sandstorm|[upkeep]
|-damage|p1a: Dragapult|58/100|[from] Sandstorm
|upkeep
|
|t:|1667522716
|switch|p2a: Heatran|Heatran, M|83/100
|turn|30
|
|t:|1667522720
|switch|p1a: Urshifu|Urshifu-Rapid-Strike, M|61/100
|move|p2a: Heatran|Magma Storm|p1a: Urshifu|[miss]
|-miss|p2a: Heatran|p1a: Urshifu
|
|-weather|none
|upkeep
|turn|31
|
|t:|1667522723
|switch|p2a: Tangrowth|Tangrowth, M|79/100 par
|move|p1a: Urshifu|U-turn|p2a: Tangrowth
|-supereffective|p2a: Tangrowth
|-damage|p2a: Tangrowth|43/100 par
|-damage|p1a: Urshifu|45/100|[from] item: Rocky Helmet|[of] p2a: Tangrowth
|
|t:|1667522725
|switch|p1a: Dragapult|Dragapult, M, shiny|58/100|[from]move: U-turn
|
|upkeep
|turn|32
|
|t:|1667522727
|switch|p2a: Melmetal|Melmetal|27/100
|move|p1a: Dragapult|Shadow Ball|p2a: Melmetal
|-damage|p2a: Melmetal|0 fnt
|faint|p2a: Melmetal
|
|upkeep
|
|t:|1667522727
|switch|p2a: Heatran|Heatran, M|83/100
|turn|33
|inactive|Justin UA has 120 seconds left.
|
|t:|1667522778
|switch|p1a: Urshifu|Urshifu-Rapid-Strike, M|45/100
|move|p2a: Heatran|Magma Storm|p1a: Urshifu|[miss]
|-miss|p2a: Heatran|p1a: Urshifu
|
|upkeep
|turn|34
|
|t:|1667522784
|switch|p2a: Tangrowth|Tangrowth, M|76/100 par
|move|p1a: Urshifu|U-turn|p2a: Tangrowth
|-supereffective|p2a: Tangrowth
|-damage|p2a: Tangrowth|37/100 par
|-damage|p1a: Urshifu|29/100|[from] item: Rocky Helmet|[of] p2a: Tangrowth
|
|t:|1667522786
|switch|p1a: Dragapult|Dragapult, M, shiny|58/100|[from]move: U-turn
|
|upkeep
|turn|35
|
|t:|1667522788
|move|p1a: Dragapult|Shadow Ball|p2a: Tangrowth
|-damage|p2a: Tangrowth|0 fnt
|faint|p2a: Tangrowth
|
|upkeep
|
|t:|1667522788
|switch|p2a: Heatran|Heatran, M|83/100
|turn|36
|
|t:|1667522792
|move|p1a: Dragapult|Shadow Ball|p2a: Heatran
|-damage|p2a: Heatran|28/100
|move|p2a: Heatran|Magma Storm|p1a: Dragapult
|-resisted|p1a: Dragapult
|-damage|p1a: Dragapult|23/100
|-activate|p1a: Dragapult|move: Magma Storm|[of] p2a: Heatran
|
|-damage|p1a: Dragapult|10/100|[from] move: Magma Storm|[partiallytrapped]
|upkeep
|turn|37
|
|t:|1667522794
|move|p1a: Dragapult|Shadow Ball|p2a: Heatran
|-damage|p2a: Heatran|0 fnt
|faint|p2a: Heatran
|
|win|Justin UA
|raw|Justin UA's rating: 1645 &rarr; <strong>1668</strong><br />(+23 for winning)
|raw|minimax_ai's rating: 1694 &rarr; <strong>1671</strong><br />(-23 for losing)
|c|☆minimax_ai|gg
