|raw|<div class="broadcast-blue"><strong>This battle is required to be public due to a player having a name prefixed by 'LT71LX'.</div>
|j|☆Rorschach I
|j|☆LT71LX Kebab
|t:|1597178738
|player|p1|Rorschach I|cynthia|1730
|player|p2|LT71LX Kebab|volkner|1721
|teamsize|p1|6
|teamsize|p2|6
|gametype|singles
|gen|8
|tier|[Gen 8] OU
|rated|
|clearpoke
|poke|p1|Pelipper, F|
|poke|p1|Tangrowth, F|
|poke|p1|Zeraora|
|poke|p1|Urshifu-*, M|
|poke|p1|Excadrill, F|
|poke|p1|Toxapex, F|
|poke|p2|Mew|
|poke|p2|Toxtricity, F|
|poke|p2|Rillaboom, F|
|poke|p2|Dragapult, M|
|poke|p2|Alakazam, F|
|poke|p2|Kommo-o, F|
|rule|Sleep Clause Mod: Limit one foe put to sleep
|rule|Species Clause: Limit one of each Pokémon
|rule|OHKO Clause: OHKO moves are banned
|rule|Evasion Moves Clause: Evasion moves are banned
|rule|Endless Battle Clause: Forcing endless battles is banned
|rule|HP Percentage Mod: HP is shown in percentages
|rule|Dynamax Clause: You cannot dynamax
|teampreview
|
|t:|1597178747
|start
|switch|p1a: Urshifu|Urshifu-Rapid-Strike, M|100/100
|switch|p2a: Mew|Mew|100/100
|turn|1
|
|t:|1597178759
|move|p1a: Urshifu|Surging Strikes|p2a: Mew
|-crit|p2a: Mew
|-damage|p2a: Mew|80/100
|-crit|p2a: Mew
|-damage|p2a: Mew|62/100
|-crit|p2a: Mew
|-damage|p2a: Mew|42/100
|-hitcount|p2a: Mew|3
|-enditem|p2a: Mew|Red Card|[of] p1a: Urshifu
|drag|p1a: Tangrowth|Tangrowth, F|100/100
|move|p2a: Mew|Stealth Rock|p1a: Tangrowth
|-sidestart|p1: Rorschach I|move: Stealth Rock
|
|upkeep
|turn|2
|j| Rinderwahn
|j| SuperEpicAmpharos
|
|t:|1597178774
|switch|p1a: Excadrill|Excadrill, F|100/100
|-damage|p1a: Excadrill|97/100|[from] Stealth Rock
|-ability|p1a: Excadrill|Mold Breaker
|move|p2a: Mew|Spikes|p1a: Excadrill
|-sidestart|p1: Rorschach I|Spikes
|
|-heal|p1a: Excadrill|100/100|[from] item: Leftovers
|upkeep
|turn|3
|
|t:|1597178782
|move|p2a: Mew|Misty Explosion|p1a: Excadrill
|-resisted|p1a: Excadrill
|-crit|p1a: Excadrill
|-damage|p1a: Excadrill|84/100
|faint|p2a: Mew
|move|p1a: Excadrill|Rapid Spin|p2: Mew|[notarget]
|-fail|p1a: Excadrill
|
|-heal|p1a: Excadrill|90/100|[from] item: Leftovers
|upkeep
|
|t:|1597178790
|switch|p2a: Kommo-o|Kommo-o, F|100/100
|turn|4
|
|t:|1597178794
|move|p1a: Excadrill|Rapid Spin|p2a: Kommo-o
|-damage|p2a: Kommo-o|85/100
|-boost|p1a: Excadrill|spe|1
|-sideend|p1: Rorschach I|Spikes|[from] move: Rapid Spin|[of] p1a: Excadrill
|-sideend|p1: Rorschach I|Stealth Rock|[from] move: Rapid Spin|[of] p1a: Excadrill
|move|p2a: Kommo-o|Clangorous Soul|p2a: Kommo-o
|-boost|p2a: Kommo-o|atk|1
|-boost|p2a: Kommo-o|def|1
|-boost|p2a: Kommo-o|spa|1
|-boost|p2a: Kommo-o|spd|1
|-boost|p2a: Kommo-o|spe|1
|-damage|p2a: Kommo-o|52/100
|-enditem|p2a: Kommo-o|Throat Spray
|-boost|p2a: Kommo-o|spa|1|[from] item: Throat Spray
|
|-heal|p1a: Excadrill|96/100|[from] item: Leftovers
|upkeep
|turn|5
|
|t:|1597178805
|switch|p1a: Toxapex|Toxapex, F|100/100
|move|p2a: Kommo-o|Drain Punch|p1a: Toxapex
|-resisted|p1a: Toxapex
|-damage|p1a: Toxapex|85/100
|-heal|p2a: Kommo-o|61/100|[from] drain|[of] p1a: Toxapex
|-damage|p2a: Kommo-o|44/100|[from] item: Rocky Helmet|[of] p1a: Toxapex
|
|upkeep
|turn|6
|
|t:|1597178814
|move|p2a: Kommo-o|Clanging Scales|p1a: Toxapex
|-damage|p1a: Toxapex|26/100
|-unboost|p2a: Kommo-o|def|1
|move|p1a: Toxapex|Haze|p1a: Toxapex
|-clearallboost
|
|upkeep
|turn|7
|
|t:|1597178824
|move|p2a: Kommo-o|Clanging Scales|p1a: Toxapex
|-damage|p1a: Toxapex|0 fnt
|-unboost|p2a: Kommo-o|def|1
|faint|p1a: Toxapex
|
|upkeep
|
|t:|1597178837
|switch|p1a: Excadrill|Excadrill, F|96/100
|-ability|p1a: Excadrill|Mold Breaker
|turn|8
|
|t:|1597178848
|switch|p2a: Rillaboom|Rillaboom, F|100/100
|-fieldstart|move: Grassy Terrain|[from] ability: Grassy Surge|[of] p2a: Rillaboom
|-enditem|p2a: Rillaboom|Grassy Seed
|-boost|p2a: Rillaboom|def|1|[from] item: Grassy Seed
|move|p1a: Excadrill|Iron Head|p2a: Rillaboom
|-damage|p2a: Rillaboom|74/100
|
|-heal|p1a: Excadrill|100/100|[from] item: Leftovers
|-heal|p2a: Rillaboom|80/100|[from] Grassy Terrain
|upkeep
|turn|9
|
|t:|1597178857
|move|p1a: Excadrill|Stealth Rock|p2a: Rillaboom
|-sidestart|p2: LT71LX Kebab|move: Stealth Rock
|move|p2a: Rillaboom|Swords Dance|p2a: Rillaboom
|-boost|p2a: Rillaboom|atk|2
|
|-heal|p2a: Rillaboom|86/100|[from] Grassy Terrain
|upkeep
|turn|10
|
|t:|1597178866
|move|p1a: Excadrill|Iron Head|p2a: Rillaboom
|-crit|p2a: Rillaboom
|-damage|p2a: Rillaboom|32/100
|cant|p2a: Rillaboom|flinch
|
|-heal|p2a: Rillaboom|39/100|[from] Grassy Terrain
|upkeep
|turn|11
|
|t:|1597178874
|switch|p1a: Tangrowth|Tangrowth, F|100/100
|move|p2a: Rillaboom|Drain Punch|p1a: Tangrowth
|-damage|p1a: Tangrowth|73/100
|-heal|p2a: Rillaboom|55/100|[from] drain|[of] p1a: Tangrowth
|-damage|p2a: Rillaboom|39/100|[from] item: Rocky Helmet|[of] p1a: Tangrowth
|
|-heal|p2a: Rillaboom|45/100|[from] Grassy Terrain
|-heal|p1a: Tangrowth|79/100|[from] Grassy Terrain
|upkeep
|turn|12
|
|t:|1597178884
|move|p2a: Rillaboom|Acrobatics|p1a: Tangrowth
|-supereffective|p1a: Tangrowth
|-damage|p1a: Tangrowth|0 fnt
|-damage|p2a: Rillaboom|28/100|[from] item: Rocky Helmet|[of] p1a: Tangrowth
|faint|p1a: Tangrowth
|
|-heal|p2a: Rillaboom|35/100|[from] Grassy Terrain
|-fieldend|move: Grassy Terrain
|upkeep
|
|t:|1597178891
|switch|p1a: Urshifu|Urshifu-Rapid-Strike, M|100/100
|turn|13
|
|t:|1597178895
|switch|p2a: Kommo-o|Kommo-o, F|44/100
|-damage|p2a: Kommo-o|38/100|[from] Stealth Rock
|move|p1a: Urshifu|U-turn|p2a: Kommo-o
|-resisted|p2a: Kommo-o
|-damage|p2a: Kommo-o|25/100
|
|t:|1597178907
|switch|p1a: Excadrill|Excadrill, F|100/100|[from]move: U-turn
|-ability|p1a: Excadrill|Mold Breaker
|
|upkeep
|turn|14
|
|t:|1597178913
|move|p1a: Excadrill|Earthquake|p2a: Kommo-o
|-crit|p2a: Kommo-o
|-damage|p2a: Kommo-o|0 fnt
|faint|p2a: Kommo-o
|
|upkeep
|
|t:|1597178919
|switch|p2a: Rillaboom|Rillaboom, F|35/100
|-damage|p2a: Rillaboom|22/100|[from] Stealth Rock
|-fieldstart|move: Grassy Terrain|[from] ability: Grassy Surge|[of] p2a: Rillaboom
|turn|15
|
|t:|1597178925
|move|p2a: Rillaboom|Grassy Glide|p1a: Excadrill
|-damage|p1a: Excadrill|26/100
|move|p1a: Excadrill|Iron Head|p2a: Rillaboom
|-damage|p2a: Rillaboom|0 fnt
|faint|p2a: Rillaboom
|
|-heal|p1a: Excadrill|32/100|[from] item: Leftovers
|-heal|p1a: Excadrill|38/100|[from] Grassy Terrain
|upkeep
|
|t:|1597178930
|switch|p2a: Alakazam|Alakazam, F|100/100
|turn|16
|
|t:|1597178935
|move|p2a: Alakazam|Focus Blast|p1a: Excadrill|[miss]
|-miss|p2a: Alakazam|p1a: Excadrill
|move|p1a: Excadrill|Rapid Spin|p2a: Alakazam
|-damage|p2a: Alakazam|63/100
|-boost|p1a: Excadrill|spe|1
|
|-heal|p1a: Excadrill|45/100|[from] item: Leftovers
|-heal|p1a: Excadrill|51/100|[from] Grassy Terrain
|-heal|p2a: Alakazam|69/100|[from] Grassy Terrain
|upkeep
|turn|17
|
|t:|1597178946
|move|p1a: Excadrill|Iron Head|p2a: Alakazam
|-damage|p2a: Alakazam|0 fnt
|faint|p2a: Alakazam
|
|-heal|p1a: Excadrill|57/100|[from] item: Leftovers
|-heal|p1a: Excadrill|63/100|[from] Grassy Terrain
|upkeep
|
|t:|1597178949
|switch|p2a: Dragapult|Dragapult, M|100/100
|-damage|p2a: Dragapult|88/100|[from] Stealth Rock
|turn|18
|
|t:|1597178953
|move|p1a: Excadrill|Iron Head|p2a: Dragapult
|-damage|p2a: Dragapult|33/100
|move|p2a: Dragapult|Dragon Dance|p2a: Dragapult
|-boost|p2a: Dragapult|atk|1
|-boost|p2a: Dragapult|spe|1
|
|-heal|p2a: Dragapult|39/100|[from] Grassy Terrain
|-heal|p1a: Excadrill|69/100|[from] item: Leftovers
|-heal|p1a: Excadrill|75/100|[from] Grassy Terrain
|upkeep
|turn|19
|
|t:|1597178957
|move|p2a: Dragapult|Fire Blast|p1a: Excadrill|[miss]
|-miss|p2a: Dragapult|p1a: Excadrill
|move|p1a: Excadrill|Iron Head|p2a: Dragapult
|-damage|p2a: Dragapult|0 fnt
|faint|p2a: Dragapult
|
|-heal|p1a: Excadrill|81/100|[from] item: Leftovers
|-heal|p1a: Excadrill|87/100|[from] Grassy Terrain
|-fieldend|move: Grassy Terrain
|upkeep
|-message|LT71LX Kebab forfeited.
|
|win|Rorschach I
|l|☆LT71LX Kebab
|l|☆Rorschach I
||Ladder (probably) updated, but score could not be retrieved (Request timeout).
|l| SuperEpicAmpharos
