|j|☆amstan
|j|☆smollest brian
|inactive|Battle timer is ON: inactive players will automatically lose when time's up.
|t:|1655752487
|gametype|singles
|player|p1|amstan|giovanni|
|player|p2|smollest brian|sonia|
|teamsize|p1|6
|teamsize|p2|6
|gen|8
|tier|[Gen 8] OU
|rated|Tournament battle
|rule|Sleep Clause Mod: Limit one foe put to sleep
|rule|Species Clause: Limit one of each Pokémon
|rule|OHKO Clause: OHKO moves are banned
|rule|Evasion Moves Clause: Evasion moves are banned
|rule|Endless Battle Clause: Forcing endless battles is banned
|rule|HP Percentage Mod: HP is shown in percentages
|rule|Dynamax Clause: You cannot dynamax
|clearpoke
|poke|p1|Thundurus-Therian, M|
|poke|p1|Pelipper, M|
|poke|p1|Crawdaunt, F|
|poke|p1|Kingdra, F|
|poke|p1|Ferrothorn, F|
|poke|p1|Melmetal|
|poke|p2|Frosmoth, M|
|poke|p2|Volcanion|
|poke|p2|Corviknight, F|
|poke|p2|Garchomp, M|
|poke|p2|Tapu Lele|
|poke|p2|Hawlucha, M|
|teampreview
|j|*Lady Monita ☀
|j| Peripheral20
|
|t:|1655752502
|start
|switch|p1a: Pelipper|Pelipper, M|100/100
|switch|p2a: Frosmoth|Frosmoth, M|100/100
|-weather|RainDance|[from] ability: Drizzle|[of] p1a: Pelipper
|turn|1
|
|t:|1655752506
|move|p2a: Frosmoth|Ice Beam|p1a: Pelipper
|-damage|p1a: Pelipper|29/100
|move|p1a: Pelipper|U-turn|p2a: Frosmoth
|-damage|p2a: Frosmoth|84/100
|j| erdmoney
|j| bom321
|
|t:|1655752514
|switch|p1a: Melmetal|Melmetal|100/100|[from]move: U-turn
|
|-weather|RainDance|[upkeep]
|upkeep
|turn|2
|
|t:|1655752518
|switch|p2a: Garchomp|Garchomp, M|100/100
|move|p1a: Melmetal|Double Iron Bash|p2a: Garchomp
|-damage|p2a: Garchomp|68/100
|-damage|p1a: Melmetal|88/100|[from] ability: Rough Skin|[of] p2a: Garchomp
|-damage|p1a: Melmetal|72/100|[from] item: Rocky Helmet|[of] p2a: Garchomp
|-damage|p2a: Garchomp|38/100
|-damage|p1a: Melmetal|59/100|[from] ability: Rough Skin|[of] p2a: Garchomp
|-damage|p1a: Melmetal|43/100|[from] item: Rocky Helmet|[of] p2a: Garchomp
|-hitcount|p2a: Garchomp|2
|
|-weather|RainDance|[upkeep]
|upkeep
|turn|3
|
|t:|1655752526
|switch|p1a: Ferrothorn|Ferrothorn, F|100/100
|move|p2a: Garchomp|Stealth Rock|p1a: Ferrothorn
|-sidestart|p1: amstan|move: Stealth Rock
|
|-weather|RainDance|[upkeep]
|upkeep
|turn|4
|j| fdhsg
|
|t:|1655752536
|switch|p2a: Volcanion|Volcanion|100/100
|move|p1a: Ferrothorn|Stealth Rock|p2a: Volcanion
|-sidestart|p2: smollest brian|move: Stealth Rock
|
|-weather|RainDance|[upkeep]
|upkeep
|turn|5
|l| erdmoney
|
|t:|1655752547
|move|p2a: Volcanion|Flamethrower|p1a: Ferrothorn
|-supereffective|p1a: Ferrothorn
|-damage|p1a: Ferrothorn|15/100
|move|p1a: Ferrothorn|Leech Seed|p2a: Volcanion
|-start|p2a: Volcanion|move: Leech Seed
|
|-weather|RainDance|[upkeep]
|-heal|p1a: Ferrothorn|21/100|[from] item: Leftovers
|-damage|p2a: Volcanion|88/100|[from] Leech Seed|[of] p1a: Ferrothorn
|-heal|p1a: Ferrothorn|34/100|[silent]
|upkeep
|turn|6
|
|t:|1655752552
|switch|p1a: Kingdra|Kingdra, F|100/100
|-damage|p1a: Kingdra|88/100|[from] Stealth Rock
|move|p2a: Volcanion|Steam Eruption|p1a: Kingdra
|-resisted|p1a: Kingdra
|-damage|p1a: Kingdra|57/100
|-status|p1a: Kingdra|brn
|
|-weather|RainDance|[upkeep]
|-damage|p2a: Volcanion|76/100|[from] Leech Seed|[of] p1a: Kingdra
|-heal|p1a: Kingdra|72/100 brn|[silent]
|-damage|p1a: Kingdra|66/100 brn|[from] brn
|upkeep
|turn|7
|
|t:|1655752564
|switch|p2a: Tapu Lele|Tapu Lele|100/100
|-damage|p2a: Tapu Lele|88/100|[from] Stealth Rock
|-fieldstart|move: Psychic Terrain|[from] ability: Psychic Surge|[of] p2a: Tapu Lele
|move|p1a: Kingdra|Hurricane|p2a: Tapu Lele
|-damage|p2a: Tapu Lele|34/100
|
|-weather|RainDance|[upkeep]
|-damage|p1a: Kingdra|60/100 brn|[from] brn
|upkeep
|turn|8
|j| Kapoen
|
|t:|1655752573
|switch|p2a: Corviknight|Corviknight, F|100/100
|-damage|p2a: Corviknight|88/100|[from] Stealth Rock
|-ability|p2a: Corviknight|Pressure
|move|p1a: Kingdra|Hurricane|p2a: Corviknight
|-resisted|p2a: Corviknight
|-damage|p2a: Corviknight|62/100
|
|-weather|none
|-heal|p2a: Corviknight|68/100|[from] item: Leftovers
|-damage|p1a: Kingdra|54/100 brn|[from] brn
|upkeep
|turn|9
|l| Kapoen
|
|t:|1655752576
|switch|p1a: Thundurus|Thundurus-Therian, M|100/100
|move|p2a: Corviknight|U-turn|p1a: Thundurus
|-resisted|p1a: Thundurus
|-damage|p1a: Thundurus|89/100
|j| PyuPyuSuga
|
|t:|1655752586
|switch|p2a: Garchomp|Garchomp, M|38/100|[from]move: U-turn
|-damage|p2a: Garchomp|32/100|[from] Stealth Rock
|
|upkeep
|turn|10
|
|t:|1655752590
|move|p2a: Garchomp|Draco Meteor|p1a: Thundurus
|-damage|p1a: Thundurus|37/100
|-unboost|p2a: Garchomp|spa|2
|move|p1a: Thundurus|Grass Knot|p2a: Garchomp
|-damage|p2a: Garchomp|2/100
|-damage|p1a: Thundurus|25/100|[from] ability: Rough Skin|[of] p2a: Garchomp
|-damage|p1a: Thundurus|9/100|[from] item: Rocky Helmet|[of] p2a: Garchomp
|
|upkeep
|turn|11
|j| Watermeloncatlol
|
|t:|1655752599
|switch|p1a: Ferrothorn|Ferrothorn, F|34/100
|-damage|p1a: Ferrothorn|28/100|[from] Stealth Rock
|move|p2a: Garchomp|Draco Meteor|p1a: Ferrothorn
|-resisted|p1a: Ferrothorn
|-damage|p1a: Ferrothorn|19/100
|-unboost|p2a: Garchomp|spa|2
|
|-heal|p1a: Ferrothorn|25/100|[from] item: Leftovers
|-fieldend|move: Psychic Terrain
|upkeep
|turn|12
|
|t:|1655752604
|move|p2a: Garchomp|Earthquake|p1a: Ferrothorn
|-damage|p1a: Ferrothorn|1/100
|move|p1a: Ferrothorn|Leech Seed|p2a: Garchomp|[miss]
|-miss|p1a: Ferrothorn|p2a: Garchomp
|
|-heal|p1a: Ferrothorn|7/100|[from] item: Leftovers
|upkeep
|turn|13
|
|t:|1655752609
|move|p2a: Garchomp|Earthquake|p1a: Ferrothorn
|-damage|p1a: Ferrothorn|0 fnt
|faint|p1a: Ferrothorn
|
|upkeep
|
|t:|1655752615
|switch|p1a: Crawdaunt|Crawdaunt, F|100/100
|-damage|p1a: Crawdaunt|88/100|[from] Stealth Rock
|turn|14
|
|t:|1655752621
|move|p2a: Garchomp|Earthquake|p1a: Crawdaunt
|-damage|p1a: Crawdaunt|26/100
|move|p1a: Crawdaunt|Knock Off|p2a: Garchomp
|-damage|p2a: Garchomp|0 fnt
|-damage|p1a: Crawdaunt|14/100|[from] ability: Rough Skin|[of] p2a: Garchomp
|-damage|p1a: Crawdaunt|0 fnt|[from] item: Rocky Helmet|[of] p2a: Garchomp
|faint|p2a: Garchomp
|faint|p1a: Crawdaunt
|
|upkeep
|
|t:|1655752631
|switch|p2a: Tapu Lele|Tapu Lele|34/100
|switch|p1a: Pelipper|Pelipper, M|29/100
|-damage|p2a: Tapu Lele|21/100|[from] Stealth Rock
|-fieldstart|move: Psychic Terrain|[from] ability: Psychic Surge|[of] p2a: Tapu Lele
|-damage|p1a: Pelipper|4/100|[from] Stealth Rock
|-weather|RainDance|[from] ability: Drizzle|[of] p1a: Pelipper
|turn|15
|
|t:|1655752635
|switch|p1a: Thundurus|Thundurus-Therian, M|9/100
|move|p2a: Tapu Lele|Psychic|p1a: Thundurus
|-damage|p1a: Thundurus|0 fnt
|faint|p1a: Thundurus
|
|-weather|RainDance|[upkeep]
|upkeep
|
|t:|1655752640
|switch|p1a: Melmetal|Melmetal|43/100
|-damage|p1a: Melmetal|37/100|[from] Stealth Rock
|turn|16
|
|t:|1655752643
|move|p2a: Tapu Lele|Psychic|p1a: Melmetal
|-resisted|p1a: Melmetal
|-damage|p1a: Melmetal|14/100
|move|p1a: Melmetal|Thunder Punch|p2a: Tapu Lele
|-damage|p2a: Tapu Lele|0 fnt
|faint|p2a: Tapu Lele
|
|-weather|RainDance|[upkeep]
|upkeep
|
|t:|1655752648
|switch|p2a: Hawlucha|Hawlucha, M|100/100
|-damage|p2a: Hawlucha|88/100|[from] Stealth Rock
|-enditem|p2a: Hawlucha|Psychic Seed
|-boost|p2a: Hawlucha|spd|1|[from] item: Psychic Seed
|turn|17
|
|t:|1655752654
|switch|p1a: Kingdra|Kingdra, F|54/100 brn
|-damage|p1a: Kingdra|41/100 brn|[from] Stealth Rock
|move|p2a: Hawlucha|Close Combat|p1a: Kingdra
|-damage|p1a: Kingdra|0 fnt
|-unboost|p2a: Hawlucha|def|1
|-unboost|p2a: Hawlucha|spd|1
|faint|p1a: Kingdra
|
|-weather|RainDance|[upkeep]
|upkeep
|c|☆smollest brian|gg
|
|t:|1655752659
|switch|p1a: Pelipper|Pelipper, M|4/100
|-damage|p1a: Pelipper|0 fnt|[from] Stealth Rock
|faint|p1a: Pelipper
|
|t:|1655752660
|switch|p1a: Melmetal|Melmetal|14/100
|-damage|p1a: Melmetal|8/100|[from] Stealth Rock
|turn|18
|c|☆amstan|gg
|
|t:|1655752666
|move|p2a: Hawlucha|Close Combat|p1a: Melmetal
|-supereffective|p1a: Melmetal
|-damage|p1a: Melmetal|0 fnt
|-unboost|p2a: Hawlucha|def|1
|-unboost|p2a: Hawlucha|spd|1
|faint|p1a: Melmetal
|
|win|smollest brian
|n|☆amstan|amstan
|n|☆smollest brian|smollestbrian
|n|*Lady Monita ☀|ladymonita
|n| Peripheral20|peripheral20
|n| bom321|bom321
|n| fdhsg|fdhsg
|n| PyuPyuSuga|pyupyusuga
|n| Watermeloncatlol|watermeloncatlol
