|html|<div class="broadcast-blue"><strong>[Gen 8] OU is currently suspecting Melmetal! For information on how to participate check out the <a href="https://www.smogon.com/forums/threads/np-ss-ou-suspect-process-round-12-monster-mash.3709234/">suspect thread</a>.</strong></div>
|j|☆ghecisbestvillain
|j|☆Thajester
|t:|1666735625
|gametype|singles
|player|p1|ghecisbestvillain|scientist-gen4|1793
|player|p2|Thajester|1|1804
|teamsize|p1|6
|teamsize|p2|6
|gen|8
|tier|[Gen 8] OU
|rated|
|rule|Sleep Clause Mod: Limit one foe put to sleep
|rule|Species Clause: Limit one of each Pokémon
|rule|OHKO Clause: OHKO moves are banned
|rule|Evasion Items Clause: Evasion items are banned
|rule|Evasion Moves Clause: Evasion moves are banned
|rule|Endless Battle Clause: Forcing endless battles is banned
|rule|HP Percentage Mod: HP is shown in percentages
|rule|Dynamax Clause: You cannot dynamax
|clearpoke
|poke|p1|Chansey, F|
|poke|p1|Toxapex, M|
|poke|p1|Buzzwole|
|poke|p1|Landorus-Therian, M|
|poke|p1|Slowking, M|
|poke|p1|Clefable, M|
|poke|p2|Garchomp, F|
|poke|p2|Scizor, M|
|poke|p2|Aegislash, M|
|poke|p2|Dragonite, M|
|poke|p2|Urshifu-*, F|
|poke|p2|Zapdos|
|teampreview
|inactive|Battle timer is ON: inactive players will automatically lose when time's up. (requested by ghecisbestvillain)
|
|t:|1666735666
|start
|switch|p1a: Evangelion boring|Landorus-Therian, M|100/100
|switch|p2a: Urshifu|Urshifu-Rapid-Strike, F|100/100
|-ability|p1a: Evangelion boring|Intimidate|boost
|-unboost|p2a: Urshifu|atk|1
|turn|1
|inactive|Thajester has 120 seconds left.
|
|t:|1666735699
|switch|p1a: Evangelion trashy|Toxapex, M|100/100
|move|p2a: Urshifu|U-turn|p1a: Evangelion trashy
|-resisted|p1a: Evangelion trashy
|-damage|p1a: Evangelion trashy|96/100
|-damage|p2a: Urshifu|84/100|[from] item: Rocky Helmet|[of] p1a: Evangelion trashy
|inactive|Thajester has 120 seconds left.
|
|t:|1666735708
|switch|p2a: Zapdos|Zapdos|100/100|[from]move: U-turn
|
|upkeep
|turn|2
|
|t:|1666735724
|move|p2a: Zapdos|Thunderbolt|p1a: Evangelion trashy
|-supereffective|p1a: Evangelion trashy
|-damage|p1a: Evangelion trashy|26/100
|move|p1a: Evangelion trashy|Knock Off|p2a: Zapdos
|-damage|p2a: Zapdos|81/100
|-enditem|p2a: Zapdos|Heavy-Duty Boots|[from] move: Knock Off|[of] p1a: Evangelion trashy
|
|upkeep
|turn|3
|
|t:|1666735732
|switch|p1a: One Piece shitty|Slowking, M|100/100
|move|p2a: Zapdos|Hurricane|p1a: One Piece shitty
|-damage|p1a: One Piece shitty|79/100
|
|upkeep
|turn|4
|
|t:|1666735739
|move|p2a: Zapdos|Thunderbolt|p1a: One Piece shitty
|-supereffective|p1a: One Piece shitty
|-damage|p1a: One Piece shitty|43/100
|move|p1a: One Piece shitty|Future Sight|p2a: Zapdos
|-start|p1a: One Piece shitty|move: Future Sight
|
|upkeep
|turn|5
|
|t:|1666735744
|switch|p1a: HXH is overrated|Chansey, F|100/100
|move|p2a: Zapdos|Volt Switch|p1a: HXH is overrated
|-damage|p1a: HXH is overrated|90/100
|
|t:|1666735749
|switch|p2a: Scizor|Scizor, M|100/100|[from]move: Volt Switch
|
|upkeep
|turn|6
|
|t:|1666735754
|switch|p1a: Evangelion boring|Landorus-Therian, M|100/100
|-ability|p1a: Evangelion boring|Intimidate|boost
|-unboost|p2a: Scizor|atk|1
|move|p2a: Scizor|U-turn|p1a: Evangelion boring
|-resisted|p1a: Evangelion boring
|-damage|p1a: Evangelion boring|85/100
|
|t:|1666735763
|switch|p2a: Urshifu|Urshifu-Rapid-Strike, F|84/100|[from]move: U-turn
|
|-end|p2a: Urshifu|move: Future Sight
|-supereffective|p2a: Urshifu
|-damage|p2a: Urshifu|0 fnt
|faint|p2a: Urshifu
|-heal|p1a: Evangelion boring|92/100|[from] item: Leftovers
|upkeep
|
|t:|1666735775
|switch|p2a: Dragonite|Dragonite, M|100/100
|turn|7
|
|t:|1666735802
|switch|p1a: HXH is overrated|Chansey, F|90/100
|move|p2a: Dragonite|Dragon Dance|p2a: Dragonite
|-boost|p2a: Dragonite|atk|1
|-boost|p2a: Dragonite|spe|1
|
|upkeep
|turn|8
|
|t:|1666735812
|move|p2a: Dragonite|Earthquake|p1a: HXH is overrated
|-damage|p1a: HXH is overrated|47/100
|move|p1a: HXH is overrated|Stealth Rock|p2a: Dragonite
|-sidestart|p2: Thajester|move: Stealth Rock
|
|upkeep
|turn|9
|j| Jongruenwald
|j| fyiulgji
|
|t:|1666735819
|switch|p1a: Evangelion boring|Landorus-Therian, M|92/100
|-ability|p1a: Evangelion boring|Intimidate|boost
|-unboost|p2a: Dragonite|atk|1
|move|p2a: Dragonite|Outrage|p1a: Evangelion boring
|-crit|p1a: Evangelion boring
|-damage|p1a: Evangelion boring|23/100
|
|-heal|p1a: Evangelion boring|29/100|[from] item: Leftovers
|upkeep
|turn|10
|
|t:|1666735829
|switch|p1a: Naruto garbage|Clefable, M|100/100
|move|p2a: Dragonite|Outrage|p1a: Naruto garbage|[from]lockedmove
|-immune|p1a: Naruto garbage
|-start|p2a: Dragonite|confusion|[fatigue]
|
|upkeep
|turn|11
|
|t:|1666735837
|switch|p2a: Aegislash|Aegislash, M|100/100
|-damage|p2a: Aegislash|94/100|[from] Stealth Rock
|move|p1a: Naruto garbage|Moonblast|p2a: Aegislash
|-resisted|p2a: Aegislash
|-damage|p2a: Aegislash|78/100
|
|upkeep
|turn|12
|j| Panfles
|
|t:|1666735852
|switch|p1a: One Piece shitty|Slowking, M|76/100
|-formechange|p2a: Aegislash|Aegislash-Blade||[from] ability: Stance Change
|move|p2a: Aegislash|Shadow Ball|p1a: One Piece shitty
|-supereffective|p1a: One Piece shitty
|-damage|p1a: One Piece shitty|30/100
|-damage|p2a: Aegislash|68/100|[from] item: Life Orb
|
|upkeep
|turn|13
|
|t:|1666735861
|switch|p1a: Evangelion trashy|Toxapex, M|59/100
|move|p2a: Aegislash|Shadow Ball|p1a: Evangelion trashy
|-damage|p1a: Evangelion trashy|13/100
|-damage|p2a: Aegislash|58/100|[from] item: Life Orb
|
|upkeep
|turn|14
|
|t:|1666735869
|switch|p1a: Evangelion boring|Landorus-Therian, M|29/100
|-ability|p1a: Evangelion boring|Intimidate|boost
|-unboost|p2a: Aegislash|atk|1
|move|p2a: Aegislash|Close Combat|p1a: Evangelion boring
|-resisted|p1a: Evangelion boring
|-damage|p1a: Evangelion boring|17/100
|-unboost|p2a: Aegislash|def|1
|-unboost|p2a: Aegislash|spd|1
|-damage|p2a: Aegislash|48/100|[from] item: Life Orb
|
|-heal|p1a: Evangelion boring|23/100|[from] item: Leftovers
|upkeep
|turn|15
|
|t:|1666735882
|switch|p1a: Naruto garbage|Clefable, M|100/100
|move|p2a: Aegislash|Shadow Ball|p1a: Naruto garbage
|-damage|p1a: Naruto garbage|62/100
|-damage|p2a: Aegislash|38/100|[from] item: Life Orb
|
|-heal|p1a: Naruto garbage|68/100|[from] item: Leftovers
|upkeep
|turn|16
|
|t:|1666735892
|switch|p1a: Evangelion trashy|Toxapex, M|46/100
|move|p2a: Aegislash|Flash Cannon|p1a: Evangelion trashy
|-resisted|p1a: Evangelion trashy
|-crit|p1a: Evangelion trashy
|-damage|p1a: Evangelion trashy|10/100
|-damage|p2a: Aegislash|28/100|[from] item: Life Orb
|
|upkeep
|turn|17
|
|t:|1666735899
|switch|p1a: HXH is overrated|Chansey, F|47/100
|move|p2a: Aegislash|Flash Cannon|p1a: HXH is overrated
|-damage|p1a: HXH is overrated|30/100
|-damage|p2a: Aegislash|19/100|[from] item: Life Orb
|
|upkeep
|turn|18
|
|t:|1666735907
|switch|p1a: Evangelion trashy|Toxapex, M|44/100
|move|p2a: Aegislash|Close Combat|p1a: Evangelion trashy
|-resisted|p1a: Evangelion trashy
|-damage|p1a: Evangelion trashy|34/100
|-unboost|p2a: Aegislash|def|1
|-unboost|p2a: Aegislash|spd|1
|-damage|p2a: Aegislash|2/100|[from] item: Rocky Helmet|[of] p1a: Evangelion trashy
|-damage|p2a: Aegislash|0 fnt|[from] item: Life Orb
|faint|p2a: Aegislash
|
|upkeep
|
|t:|1666735918
|switch|p2a: Zapdos|Zapdos|81/100
|-damage|p2a: Zapdos|57/100|[from] Stealth Rock
|turn|19
|
|t:|1666735922
|switch|p1a: HXH is overrated|Chansey, F|30/100
|move|p2a: Zapdos|Volt Switch|p1a: HXH is overrated
|-damage|p1a: HXH is overrated|19/100
|
|t:|1666735928
|switch|p2a: Scizor|Scizor, M|100/100|[from]move: Volt Switch
|-damage|p2a: Scizor|88/100|[from] Stealth Rock
|
|upkeep
|turn|20
|j| Renigni
|
|t:|1666735933
|switch|p1a: Evangelion trashy|Toxapex, M|67/100
|move|p2a: Scizor|Knock Off|p1a: Evangelion trashy
|-damage|p1a: Evangelion trashy|35/100
|-damage|p2a: Scizor|72/100|[from] item: Rocky Helmet|[of] p1a: Evangelion trashy
|-enditem|p1a: Evangelion trashy|Rocky Helmet|[from] move: Knock Off|[of] p2a: Scizor
|
|upkeep
|turn|21
|
|t:|1666735942
|switch|p2a: Garchomp|Garchomp, F|100/100
|-damage|p2a: Garchomp|94/100|[from] Stealth Rock
|move|p1a: Evangelion trashy|Recover|p1a: Evangelion trashy
|-heal|p1a: Evangelion trashy|86/100
|
|upkeep
|turn|22
|
|t:|1666735949
|switch|p1a: DB Super shoddy|Buzzwole|100/100
|move|p2a: Garchomp|Stealth Rock|p1a: DB Super shoddy
|-sidestart|p1: ghecisbestvillain|move: Stealth Rock
|
|upkeep
|turn|23
|
|t:|1666735954
|move|p2a: Garchomp|Toxic|p1a: DB Super shoddy
|-status|p1a: DB Super shoddy|tox
|move|p1a: DB Super shoddy|Toxic|p2a: Garchomp
|-status|p2a: Garchomp|tox
|
|-damage|p2a: Garchomp|88/100 tox|[from] psn
|-damage|p1a: DB Super shoddy|94/100 tox|[from] psn
|upkeep
|turn|24
|
|t:|1666735963
|switch|p1a: One Piece shitty|Slowking, M|63/100
|-damage|p1a: One Piece shitty|51/100|[from] Stealth Rock
|move|p2a: Garchomp|Fire Blast|p1a: One Piece shitty
|-resisted|p1a: One Piece shitty
|-damage|p1a: One Piece shitty|47/100
|
|-damage|p2a: Garchomp|76/100 tox|[from] psn
|upkeep
|turn|25
|
|t:|1666735974
|switch|p1a: Evangelion boring|Landorus-Therian, M|23/100
|-damage|p1a: Evangelion boring|11/100|[from] Stealth Rock
|-ability|p1a: Evangelion boring|Intimidate|boost
|-unboost|p2a: Garchomp|atk|1
|move|p2a: Garchomp|Earthquake|p1a: Evangelion boring
|-immune|p1a: Evangelion boring
|
|-heal|p1a: Evangelion boring|17/100|[from] item: Leftovers
|-damage|p2a: Garchomp|57/100 tox|[from] psn
|upkeep
|turn|26
|
|t:|1666735986
|switch|p1a: Evangelion trashy|Toxapex, M|100/100
|-damage|p1a: Evangelion trashy|88/100|[from] Stealth Rock
|move|p2a: Garchomp|Fire Blast|p1a: Evangelion trashy
|-resisted|p1a: Evangelion trashy
|-damage|p1a: Evangelion trashy|80/100
|
|-damage|p2a: Garchomp|32/100 tox|[from] psn
|upkeep
|turn|27
|
|t:|1666735996
|move|p2a: Garchomp|Earthquake|p1a: Evangelion trashy
|-supereffective|p1a: Evangelion trashy
|-damage|p1a: Evangelion trashy|45/100
|move|p1a: Evangelion trashy|Recover|p1a: Evangelion trashy
|-heal|p1a: Evangelion trashy|96/100
|
|-damage|p2a: Garchomp|1/100 tox|[from] psn
|upkeep
|turn|28
|
|t:|1666736004
|move|p2a: Garchomp|Earthquake|p1a: Evangelion trashy
|-supereffective|p1a: Evangelion trashy
|-damage|p1a: Evangelion trashy|57/100
|move|p1a: Evangelion trashy|Recover|p1a: Evangelion trashy
|-heal|p1a: Evangelion trashy|100/100
|
|-damage|p2a: Garchomp|0 fnt|[from] psn
|faint|p2a: Garchomp
|upkeep
|
|t:|1666736013
|switch|p2a: Zapdos|Zapdos|57/100
|-damage|p2a: Zapdos|32/100|[from] Stealth Rock
|turn|29
|
|t:|1666736018
|switch|p1a: HXH is overrated|Chansey, F|19/100
|-damage|p1a: HXH is overrated|7/100|[from] Stealth Rock
|move|p2a: Zapdos|Defog|p1a: HXH is overrated
|-unboost|p1a: HXH is overrated|evasion|1
|-sideend|p1: ghecisbestvillain|Stealth Rock|[from] move: Defog|[of] p2a: Zapdos
|-sideend|p2: Thajester|Stealth Rock|[from] move: Defog|[of] p2a: Zapdos
|
|upkeep
|turn|30
|
|t:|1666736029
|move|p2a: Zapdos|Thunderbolt|p1a: HXH is overrated
|-damage|p1a: HXH is overrated|0 fnt
|faint|p1a: HXH is overrated
|
|upkeep
|
|t:|1666736038
|switch|p1a: One Piece shitty|Slowking, M|80/100
|turn|31
|
|t:|1666736041
|move|p2a: Zapdos|Volt Switch|p1a: One Piece shitty
|-supereffective|p1a: One Piece shitty
|-damage|p1a: One Piece shitty|48/100
|
|t:|1666736044
|switch|p2a: Scizor|Scizor, M|72/100|[from]move: Volt Switch
|move|p1a: One Piece shitty|Future Sight|p2a: Scizor
|-start|p1a: One Piece shitty|move: Future Sight
|
|upkeep
|turn|32
|
|t:|1666736051
|switch|p1a: Evangelion trashy|Toxapex, M|100/100
|move|p2a: Scizor|U-turn|p1a: Evangelion trashy
|-resisted|p1a: Evangelion trashy
|-damage|p1a: Evangelion trashy|82/100
|
|t:|1666736057
|switch|p2a: Zapdos|Zapdos|32/100|[from]move: U-turn
|
|upkeep
|turn|33
|
|t:|1666736073
|switch|p1a: One Piece shitty|Slowking, M|82/100
|move|p2a: Zapdos|Volt Switch|p1a: One Piece shitty
|-supereffective|p1a: One Piece shitty
|-damage|p1a: One Piece shitty|51/100
|
|t:|1666736079
|switch|p2a: Scizor|Scizor, M|72/100|[from]move: Volt Switch
|
|-end|p2a: Scizor|move: Future Sight
|-resisted|p2a: Scizor
|-damage|p2a: Scizor|39/100
|upkeep
|turn|34
|
|t:|1666736086
|switch|p1a: Evangelion trashy|Toxapex, M|100/100
|move|p2a: Scizor|U-turn|p1a: Evangelion trashy
|-resisted|p1a: Evangelion trashy
|-damage|p1a: Evangelion trashy|82/100
|
|t:|1666736108
|switch|p2a: Zapdos|Zapdos|32/100|[from]move: U-turn
|
|upkeep
|turn|35
|
|t:|1666736128
|switch|p1a: One Piece shitty|Slowking, M|84/100
|move|p2a: Zapdos|Thunderbolt|p1a: One Piece shitty
|-supereffective|p1a: One Piece shitty
|-damage|p1a: One Piece shitty|49/100
|
|upkeep
|turn|36
|
|t:|1666736135
|switch|p2a: Scizor|Scizor, M|39/100
|move|p1a: One Piece shitty|Flamethrower|p2a: Scizor
|-supereffective|p2a: Scizor
|-damage|p2a: Scizor|0 fnt
|faint|p2a: Scizor
|
|upkeep
|
|t:|1666736143
|switch|p2a: Dragonite|Dragonite, M|100/100
|turn|37
|
|t:|1666736146
|move|p2a: Dragonite|Dragon Dance|p2a: Dragonite
|-boost|p2a: Dragonite|atk|1
|-boost|p2a: Dragonite|spe|1
|move|p1a: One Piece shitty|Ice Beam|p2a: Dragonite
|-supereffective|p2a: Dragonite
|-damage|p2a: Dragonite|53/100
|
|upkeep
|turn|38
|
|t:|1666736156
|switch|p1a: Evangelion trashy|Toxapex, M|100/100
|move|p2a: Dragonite|Earthquake|p1a: Evangelion trashy
|-supereffective|p1a: Evangelion trashy
|-damage|p1a: Evangelion trashy|26/100
|
|upkeep
|turn|39
|
|t:|1666736166
|switch|p1a: Evangelion boring|Landorus-Therian, M|17/100
|-ability|p1a: Evangelion boring|Intimidate|boost
|-unboost|p2a: Dragonite|atk|1
|move|p2a: Dragonite|Extreme Speed|p1a: Evangelion boring
|-crit|p1a: Evangelion boring
|-damage|p1a: Evangelion boring|0 fnt
|faint|p1a: Evangelion boring
|
|upkeep
|
|t:|1666736174
|switch|p1a: Naruto garbage|Clefable, M|68/100
|turn|40
|
|t:|1666736178
|move|p2a: Dragonite|Earthquake|p1a: Naruto garbage
|-damage|p1a: Naruto garbage|26/100
|move|p1a: Naruto garbage|Moonblast|p2a: Dragonite
|-supereffective|p2a: Dragonite
|-damage|p2a: Dragonite|0 fnt
|faint|p2a: Dragonite
|
|-heal|p1a: Naruto garbage|32/100|[from] item: Leftovers
|upkeep
|
|t:|1666736187
|switch|p2a: Zapdos|Zapdos|32/100
|turn|41
|
|t:|1666736191
|move|p2a: Zapdos|Thunderbolt|p1a: Naruto garbage
|-damage|p1a: Naruto garbage|0 fnt
|faint|p1a: Naruto garbage
|
|upkeep
|
|t:|1666736195
|switch|p1a: One Piece shitty|Slowking, M|83/100
|turn|42
|
|t:|1666736200
|move|p2a: Zapdos|Hurricane|p1a: One Piece shitty
|-damage|p1a: One Piece shitty|60/100
|move|p1a: One Piece shitty|Future Sight|p2a: Zapdos
|-start|p1a: One Piece shitty|move: Future Sight
|
|upkeep
|turn|43
|
|t:|1666736206
|switch|p1a: Evangelion trashy|Toxapex, M|59/100
|move|p2a: Zapdos|Thunderbolt|p1a: Evangelion trashy
|-supereffective|p1a: Evangelion trashy
|-damage|p1a: Evangelion trashy|0 fnt
|faint|p1a: Evangelion trashy
|
|upkeep
|
|t:|1666736212
|switch|p1a: One Piece shitty|Slowking, M|94/100
|turn|44
|
|t:|1666736217
|move|p2a: Zapdos|Hurricane|p1a: One Piece shitty
|-damage|p1a: One Piece shitty|69/100
|-start|p1a: One Piece shitty|confusion
|-activate|p1a: One Piece shitty|confusion
|move|p1a: One Piece shitty|Ice Beam|p2a: Zapdos
|-supereffective|p2a: Zapdos
|-damage|p2a: Zapdos|0 fnt
|faint|p2a: Zapdos
|
|win|ghecisbestvillain
|raw|ghecisbestvillain's rating: 1793 &rarr; <strong>1814</strong><br />(+21 for winning)
|raw|Thajester's rating: 1804 &rarr; <strong>1783</strong><br />(-21 for losing)
|l|☆ghecisbestvillain
|l|☆Thajester
|l| Renigni
|l| Jongruenwald
||Ladder isn't responding, score probably updated but might not have (Request timeout).
|l| fyiulgji
