|j|☆Bloody Busybody
|j|☆RggV_YT
|t:|1662630733
|gametype|singles
|player|p1|Bloody Busybody|bugcatcher|1601
|player|p2|RggV_YT|scientist-gen4|1648
|teamsize|p1|6
|teamsize|p2|6
|gen|8
|tier|[Gen 8] OU
|rated|
|rule|Sleep Clause Mod: Limit one foe put to sleep
|rule|Species Clause: Limit one of each Pokémon
|rule|OHKO Clause: OHKO moves are banned
|rule|Evasion Items Clause: Evasion items are banned
|rule|Evasion Moves Clause: Evasion moves are banned
|rule|Endless Battle Clause: Forcing endless battles is banned
|rule|HP Percentage Mod: HP is shown in percentages
|rule|Dynamax Clause: You cannot dynamax
|clearpoke
|poke|p1|Volcanion|
|poke|p1|Corviknight, F|
|poke|p1|Mamoswine, M|
|poke|p1|Blissey, F|
|poke|p1|Rillaboom, F|
|poke|p1|Hydreigon, F|
|poke|p2|Regigigas|
|poke|p2|Victini|
|poke|p2|Slowbro, F|
|poke|p2|Dragapult, M|
|poke|p2|Rhyperior, M|
|poke|p2|Tornadus-Therian, M|
|teampreview
|inactive|Battle timer is ON: inactive players will automatically lose when time's up. (requested by RggV_YT)
|
|t:|1662630744
|start
|switch|p1a: Volcanion|Volcanion|100/100
|switch|p2a: Slowbro|Slowbro, F|100/100
|turn|1
|
|t:|1662630752
|switch|p1a: Hydreigon|Hydreigon, F|100/100
|move|p2a: Slowbro|Trick Room|p2a: Slowbro
|-fieldstart|move: Trick Room|[of] p2a: Slowbro
|
|upkeep
|turn|2
|j| shinhow
|
|t:|1662630758
|move|p2a: Slowbro|Body Press|p1a: Hydreigon
|-supereffective|p1a: Hydreigon
|-damage|p1a: Hydreigon|36/100
|move|p1a: Hydreigon|Dark Pulse|p2a: Slowbro
|-supereffective|p2a: Slowbro
|-enditem|p2a: Slowbro|Colbur Berry|[eat]
|-enditem|p2a: Slowbro|Colbur Berry|[weaken]
|-damage|p2a: Slowbro|47/100
|-damage|p1a: Hydreigon|27/100|[from] item: Life Orb
|
|upkeep
|turn|3
|
|t:|1662630766
|switch|p1a: Rillaboom|Rillaboom, F|100/100
|-fieldstart|move: Grassy Terrain|[from] ability: Grassy Surge|[of] p1a: Rillaboom
|move|p2a: Slowbro|Teleport|p2a: Slowbro
|
|t:|1662630768
|switch|p2a: V|Victini|100/100|[from]move: Teleport
|
|upkeep
|turn|4
|
|t:|1662630774
|switch|p1a: Volcanion|Volcanion|100/100
|move|p2a: V|Bolt Strike|p1a: Volcanion
|-supereffective|p1a: Volcanion
|-damage|p1a: Volcanion|31/100
|
|-heal|p1a: Volcanion|37/100|[from] Grassy Terrain
|upkeep
|turn|5
|inactive|Bloody Busybody has 120 seconds left.
|inactive|Bloody Busybody has 90 seconds left.
|
|t:|1662630849
|move|p1a: Volcanion|Steam Eruption|p2a: V
|-supereffective|p2a: V
|-damage|p2a: V|0 fnt
|faint|p2a: V
|
|-heal|p1a: Volcanion|43/100|[from] Grassy Terrain
|-fieldend|move: Trick Room
|upkeep
|
|t:|1662630861
|switch|p2a: Dragapult|Dragapult, M|100/100
|turn|6
|inactive|Bloody Busybody has 90 seconds left.
|
|t:|1662630875
|switch|p1a: Blissey|Blissey, F|100/100
|move|p2a: Dragapult|Dragon Dance|p2a: Dragapult
|-boost|p2a: Dragapult|atk|1
|-boost|p2a: Dragapult|spe|1
|
|upkeep
|turn|7
|j|+Dragonillis
|
|t:|1662630887
|move|p2a: Dragapult|Dragon Dance|p2a: Dragapult
|-boost|p2a: Dragapult|atk|1
|-boost|p2a: Dragapult|spe|1
|move|p1a: Blissey|Toxic|p2a: Dragapult
|-status|p2a: Dragapult|tox
|
|-damage|p2a: Dragapult|95/100 tox|[from] psn
|-fieldend|move: Grassy Terrain
|upkeep
|turn|8
|
|t:|1662630891
|switch|p1a: Corviknight|Corviknight, F|100/100
|-ability|p1a: Corviknight|Pressure
|move|p2a: Dragapult|Dragon Darts|p1a: Corviknight
|-resisted|p1a: Corviknight
|-damage|p1a: Corviknight|78/100
|-anim|p2a: Dragapult|Dragon Darts|p1a: Corviknight
|-resisted|p1a: Corviknight
|-damage|p1a: Corviknight|56/100
|-damage|p2a: Dragapult|85/100 tox|[from] item: Life Orb
|
|-damage|p2a: Dragapult|73/100 tox|[from] psn
|upkeep
|turn|9
|
|t:|1662630894
|move|p2a: Dragapult|Fire Blast|p1a: Corviknight
|-supereffective|p1a: Corviknight
|-crit|p1a: Corviknight
|-damage|p1a: Corviknight|0 fnt
|faint|p1a: Corviknight
|-damage|p2a: Dragapult|63/100 tox|[from] item: Life Orb
|
|-damage|p2a: Dragapult|45/100 tox|[from] psn
|upkeep
|
|t:|1662630898
|switch|p1a: Mamoswine|Mamoswine, M|100/100
|turn|10
|
|t:|1662630900
|switch|p2a: Slowbro|Slowbro, F|80/100
|move|p1a: Mamoswine|Ice Shard|p2a: Slowbro
|-resisted|p2a: Slowbro
|-damage|p2a: Slowbro|74/100
|
|upkeep
|turn|11
|
|t:|1662630909
|switch|p1a: Rillaboom|Rillaboom, F|100/100
|-fieldstart|move: Grassy Terrain|[from] ability: Grassy Surge|[of] p1a: Rillaboom
|move|p2a: Slowbro|Body Press|p1a: Rillaboom
|-damage|p1a: Rillaboom|73/100
|
|-heal|p1a: Rillaboom|79/100|[from] Grassy Terrain
|-heal|p2a: Slowbro|80/100|[from] Grassy Terrain
|upkeep
|turn|12
|
|t:|1662630911
|switch|p2a: Tornadus|Tornadus-Therian, M|100/100
|move|p1a: Rillaboom|U-turn|p2a: Tornadus
|-resisted|p2a: Tornadus
|-damage|p2a: Tornadus|81/100
|
|t:|1662630919
|switch|p1a: Blissey|Blissey, F|100/100|[from]move: U-turn
|
|upkeep
|turn|13
|
|t:|1662630923
|move|p2a: Tornadus|U-turn|p1a: Blissey
|-damage|p1a: Blissey|88/100
|
|t:|1662630931
|switch|p2a: Dragapult|Dragapult, M|45/100 tox|[from]move: U-turn
|move|p1a: Blissey|Toxic|p2a: Dragapult
|-fail|p2a: Dragapult|tox
|
|-heal|p2a: Dragapult|51/100 tox|[from] Grassy Terrain
|-heal|p1a: Blissey|95/100|[from] Grassy Terrain
|-damage|p2a: Dragapult|45/100 tox|[from] psn
|upkeep
|turn|14
|
|t:|1662630935
|move|p2a: Dragapult|Dragon Darts|p1a: Blissey
|-damage|p1a: Blissey|62/100
|-anim|p2a: Dragapult|Dragon Darts|p1a: Blissey
|-damage|p1a: Blissey|31/100
|-damage|p2a: Dragapult|35/100 tox|[from] item: Life Orb
|move|p1a: Blissey|Toxic|p2a: Dragapult
|-fail|p2a: Dragapult|tox
|
|-heal|p2a: Dragapult|41/100 tox|[from] Grassy Terrain
|-heal|p1a: Blissey|37/100|[from] Grassy Terrain
|-damage|p2a: Dragapult|29/100 tox|[from] psn
|upkeep
|turn|15
|
|t:|1662630942
|switch|p1a: Rillaboom|Rillaboom, F|79/100
|move|p2a: Dragapult|Dragon Darts|p1a: Rillaboom
|-damage|p1a: Rillaboom|39/100
|-anim|p2a: Dragapult|Dragon Darts|p1a: Rillaboom
|-damage|p1a: Rillaboom|0 fnt
|faint|p1a: Rillaboom
|-damage|p2a: Dragapult|19/100 tox|[from] item: Life Orb
|
|-heal|p2a: Dragapult|25/100 tox|[from] Grassy Terrain
|-damage|p2a: Dragapult|7/100 tox|[from] psn
|-fieldend|move: Grassy Terrain
|upkeep
|
|t:|1662630948
|switch|p1a: Mamoswine|Mamoswine, M|100/100
|turn|16
|
|t:|1662630950
|move|p1a: Mamoswine|Ice Shard|p2a: Dragapult
|-supereffective|p2a: Dragapult
|-damage|p2a: Dragapult|0 fnt
|faint|p2a: Dragapult
|
|upkeep
|
|t:|1662630953
|switch|p2a: Slowbro|Slowbro, F|100/100
|turn|17
|
|t:|1662630956
|switch|p1a: Blissey|Blissey, F|37/100
|move|p2a: Slowbro|Body Press|p1a: Blissey
|-supereffective|p1a: Blissey
|-damage|p1a: Blissey|0 fnt
|faint|p1a: Blissey
|
|upkeep
|
|t:|1662630960
|switch|p1a: Hydreigon|Hydreigon, F|27/100
|turn|18
|
|t:|1662630962
|switch|p2a: Rgg|Regigigas|100/100
|-start|p2a: Rgg|ability: Slow Start
|move|p1a: Hydreigon|Dark Pulse|p2a: Rgg
|-damage|p2a: Rgg|74/100
|-damage|p1a: Hydreigon|17/100|[from] item: Life Orb
|
|upkeep
|turn|19
|
|t:|1662630966
|move|p1a: Hydreigon|Roost|p1a: Hydreigon
|-heal|p1a: Hydreigon|67/100
|-singleturn|p1a: Hydreigon|move: Roost
|move|p2a: Rgg|Drain Punch|p1a: Hydreigon
|-supereffective|p1a: Hydreigon
|-damage|p1a: Hydreigon|31/100
|-heal|p2a: Rgg|89/100|[from] drain|[of] p1a: Hydreigon
|
|upkeep
|turn|20
|
|t:|1662630970
|move|p1a: Hydreigon|Roost|p1a: Hydreigon
|-heal|p1a: Hydreigon|81/100
|-singleturn|p1a: Hydreigon|move: Roost
|move|p2a: Rgg|Power-Up Punch|p1a: Hydreigon
|-supereffective|p1a: Hydreigon
|-damage|p1a: Hydreigon|60/100
|-boost|p2a: Rgg|atk|1
|
|upkeep
|turn|21
|
|t:|1662630974
|move|p1a: Hydreigon|Nasty Plot|p1a: Hydreigon
|-boost|p1a: Hydreigon|spa|2
|move|p2a: Rgg|Drain Punch|p1a: Hydreigon
|-supereffective|p1a: Hydreigon
|-damage|p1a: Hydreigon|6/100
|-heal|p2a: Rgg|100/100|[from] drain|[of] p1a: Hydreigon
|
|upkeep
|turn|22
|
|t:|1662630989
|move|p1a: Hydreigon|Draco Meteor|p2a: Rgg
|-damage|p2a: Rgg|20/100
|-unboost|p1a: Hydreigon|spa|2
|-damage|p1a: Hydreigon|0 fnt|[from] item: Life Orb
|faint|p1a: Hydreigon
|move|p2a: Rgg|Power-Up Punch|p1: Hydreigon|[notarget]
|-fail|p2a: Rgg
|
|-end|p2a: Rgg|Slow Start
|upkeep
|-message|Bloody Busybody forfeited.
|
|win|RggV_YT
|raw|Bloody Busybody's rating: 1601 &rarr; <strong>1584</strong><br />(-17 for losing)
|raw|RggV_YT's rating: 1648 &rarr; <strong>1665</strong><br />(+17 for winning)
|l|☆Bloody Busybody
|l| shinhow
|l|☆RggV_YT
