|html|<div class="broadcast-blue"><strong>[Gen 8] OU is currently suspecting Zamazenta-Crowned! For information on how to participate check out the <a href="https://www.smogon.com/forums/threads/np-ss-ou-suspect-process-round-10-royals.3681787/">suspect thread</a>.</strong></div>
|j|☆weird mon
|j|☆OUT Kazt
|inactive|Battle timer is ON: inactive players will automatically lose when time's up.
|t:|1618208646
|gametype|singles
|player|p1|weird mon|nate|
|player|p2|OUT Kazt|dawn|
|teamsize|p1|6
|teamsize|p2|6
|gen|8
|tier|[Gen 8] OU
|rated|Tournament battle
|clearpoke
|poke|p1|Zamazenta-Crowned|
|poke|p1|Tapu Fini|
|poke|p1|Landorus-Therian, M|
|poke|p1|Dragonite, M|
|poke|p1|Volcarona, M|
|poke|p1|Zeraora|
|poke|p2|Tapu Lele|
|poke|p2|Slowbro, M|
|poke|p2|Landorus-Therian, M|
|poke|p2|Volcarona, F|
|poke|p2|Mandibuzz, F|
|poke|p2|Zamazenta-Crowned|
|rule|Sleep Clause Mod: Limit one foe put to sleep
|rule|Species Clause: Limit one of each Pokémon
|rule|OHKO Clause: OHKO moves are banned
|rule|Evasion Moves Clause: Evasion moves are banned
|rule|Endless Battle Clause: Forcing endless battles is banned
|rule|HP Percentage Mod: HP is shown in percentages
|rule|Dynamax Clause: You cannot dynamax
|teampreview
|j| Serp IV
|j| zardxmence
|c|☆weird mon|hf
|j| The Radiant Me
|c|☆OUT Kazt|hf
|j| Atmic
|inactive|weird mon has 120 seconds left.
|inactive|OUT Kazt has 120 seconds left.
|
|t:|1618208678
|start
|switch|p1a: Tapu Fini|Tapu Fini|100/100
|switch|p2a: Landorus|Landorus-Therian, M|100/100
|-fieldstart|move: Misty Terrain|[from] ability: Misty Surge|[of] p1a: Tapu Fini
|-ability|p2a: Landorus|Intimidate|boost
|-unboost|p1a: Tapu Fini|atk|1
|turn|1
|j| Luckpup
|
|t:|1618208683
|switch|p2a: Slowbro|Slowbro, M|100/100
|move|p1a: Tapu Fini|Hydro Pump|p2a: Slowbro
|-resisted|p2a: Slowbro
|-damage|p2a: Slowbro|77/100
|
|upkeep
|turn|2
|
|t:|1618208701
|switch|p1a: Zamazenta|Zamazenta-Crowned|100/100
|-ability|p1a: Zamazenta|Dauntless Shield|boost
|-boost|p1a: Zamazenta|def|1
|move|p2a: Slowbro|Future Sight|p1a: Zamazenta
|-start|p2a: Slowbro|move: Future Sight
|
|upkeep
|turn|3
|j| HarryKane247
|
|t:|1618208709
|move|p1a: Zamazenta|Howl|p1a: Zamazenta
|-boost|p1a: Zamazenta|atk|1
|move|p2a: Slowbro|Scald|p1a: Zamazenta
|-damage|p1a: Zamazenta|79/100
|
|upkeep
|turn|4
|
|t:|1618208716
|switch|p2a: Landorus|Landorus-Therian, M|100/100
|-ability|p2a: Landorus|Intimidate|boost
|-unboost|p1a: Zamazenta|atk|1
|move|p1a: Zamazenta|Behemoth Bash|p2a: Landorus
|-damage|p2a: Landorus|64/100
|
|-end|p1a: Zamazenta|move: Future Sight
|-damage|p1a: Zamazenta|48/100
|-heal|p2a: Landorus|70/100|[from] item: Leftovers
|upkeep
|turn|5
|
|t:|1618208724
|switch|p2a: Slowbro|Slowbro, M|100/100
|move|p1a: Zamazenta|Behemoth Bash|p2a: Slowbro
|-resisted|p2a: Slowbro
|-damage|p2a: Slowbro|86/100
|-damage|p1a: Zamazenta|32/100|[from] item: Rocky Helmet|[of] p2a: Slowbro
|
|-fieldend|Misty Terrain
|upkeep
|turn|6
|
|t:|1618208736
|switch|p1a: Tapu Fini|Tapu Fini|100/100
|-fieldstart|move: Misty Terrain|[from] ability: Misty Surge|[of] p1a: Tapu Fini
|move|p2a: Slowbro|Scald|p1a: Tapu Fini
|-resisted|p1a: Tapu Fini
|-damage|p1a: Tapu Fini|87/100
|
|upkeep
|turn|7
|
|t:|1618208740
|move|p1a: Tapu Fini|Trick|p2a: Slowbro
|-activate|p1a: Tapu Fini|move: Trick|[of] p2a: Slowbro
|-item|p2a: Slowbro|Choice Scarf|[from] move: Trick
|-item|p1a: Tapu Fini|Rocky Helmet|[from] move: Trick
|move|p2a: Slowbro|Future Sight|p1a: Tapu Fini
|-start|p2a: Slowbro|move: Future Sight
|
|upkeep
|turn|8
|j| Stryke Out
|
|t:|1618208751
|switch|p2a: Tapu Lele|Tapu Lele|100/100
|-fieldstart|move: Psychic Terrain|[from] ability: Psychic Surge|[of] p2a: Tapu Lele
|move|p1a: Tapu Fini|Moonblast|p2a: Tapu Lele
|-damage|p2a: Tapu Lele|57/100
|-unboost|p2a: Tapu Lele|spa|1
|
|upkeep
|turn|9
|j| jmoore15
|
|t:|1618208766
|switch|p1a: Zamazenta|Zamazenta-Crowned|32/100
|-ability|p1a: Zamazenta|Dauntless Shield|boost
|-boost|p1a: Zamazenta|def|1
|move|p2a: Tapu Lele|Psychic|p1a: Zamazenta
|-damage|p1a: Zamazenta|0 fnt
|faint|p1a: Zamazenta
|
|-hint|Future Sight did not hit because the target is fainted.
|upkeep
|
|t:|1618208776
|switch|p1a: Volcarona|Volcarona, M|100/100
|turn|10
|
|t:|1618208783
|switch|p2a: Landorus|Landorus-Therian, M|70/100
|-ability|p2a: Landorus|Intimidate|boost
|-unboost|p1a: Volcarona|atk|1
|move|p1a: Volcarona|Quiver Dance|p1a: Volcarona
|-boost|p1a: Volcarona|spa|1
|-boost|p1a: Volcarona|spd|1
|-boost|p1a: Volcarona|spe|1
|
|-heal|p2a: Landorus|76/100|[from] item: Leftovers
|upkeep
|turn|11
|
|t:|1618208787
|move|p1a: Volcarona|Safeguard|p1a: Volcarona
|-sidestart|p1: weird mon|Safeguard
|move|p2a: Landorus|Toxic|p1a: Volcarona
|-activate|p1a: Volcarona|move: Safeguard
|
|-heal|p2a: Landorus|82/100|[from] item: Leftovers
|upkeep
|turn|12
|
|t:|1618208791
|move|p1a: Volcarona|Flamethrower|p2a: Landorus
|-damage|p2a: Landorus|14/100
|move|p2a: Landorus|Earthquake|p1a: Volcarona
|-damage|p1a: Volcarona|44/100
|
|-heal|p2a: Landorus|20/100|[from] item: Leftovers
|-fieldend|move: Psychic Terrain
|upkeep
|turn|13
|
|t:|1618208799
|move|p1a: Volcarona|Flamethrower|p2a: Landorus
|-damage|p2a: Landorus|0 fnt
|faint|p2a: Landorus
|
|upkeep
|
|t:|1618208804
|switch|p2a: Slowbro|Slowbro, M|100/100
|turn|14
|
|t:|1618208810
|move|p1a: Volcarona|Quiver Dance|p1a: Volcarona
|-boost|p1a: Volcarona|spa|1
|-boost|p1a: Volcarona|spd|1
|-boost|p1a: Volcarona|spe|1
|move|p2a: Slowbro|Scald|p1a: Volcarona
|-supereffective|p1a: Volcarona
|-damage|p1a: Volcarona|21/100
|
|upkeep
|turn|15
|
|t:|1618208815
|move|p1a: Volcarona|Roost|p1a: Volcarona
|-heal|p1a: Volcarona|71/100
|-singleturn|p1a: Volcarona|move: Roost
|move|p2a: Slowbro|Scald|p1a: Volcarona
|-supereffective|p1a: Volcarona
|-damage|p1a: Volcarona|47/100
|
|-sideend|p1: weird mon|Safeguard
|upkeep
|turn|16
|
|t:|1618208819
|switch|p2a: Volcarona|Volcarona, F|100/100
|move|p1a: Volcarona|Quiver Dance|p1a: Volcarona
|-boost|p1a: Volcarona|spa|1
|-boost|p1a: Volcarona|spd|1
|-boost|p1a: Volcarona|spe|1
|
|upkeep
|turn|17
|
|t:|1618208822
|move|p1a: Volcarona|Flamethrower|p2a: Volcarona
|-damage|p2a: Volcarona|13/100
|move|p2a: Volcarona|Quiver Dance|p2a: Volcarona
|-boost|p2a: Volcarona|spa|1
|-boost|p2a: Volcarona|spd|1
|-boost|p2a: Volcarona|spe|1
|
|upkeep
|turn|18
|c|☆OUT Kazt|gg
|c|☆weird mon|gg
|-message|OUT Kazt forfeited.
|
|win|weird mon
|n|☆weird mon|weirdmon
|n|☆OUT Kazt|outkazt
|n| Serp IV|serpiv
|n| zardxmence|zardxmence
|n| The Radiant Me|theradiantme
|n| Atmic|atmic
|n| Luckpup|luckpup
|n| HarryKane247|harrykane247
|n| Stryke Out|strykeout
|n| jmoore15|jmoore15
