|j|☆kazt 5
|j|☆Jeran 神
|inactive|Battle timer is ON: inactive players will automatically lose when time's up.
|t:|1618430396
|gametype|singles
|player|p1|kazt 5|dawn|
|player|p2|Jeran 神|argenta|
|teamsize|p1|6
|teamsize|p2|6
|gen|8
|tier|[Gen 8] OU
|rated|Tournament battle
|clearpoke
|poke|p1|Volcanion|
|poke|p1|Tyranitar, F|
|poke|p1|Dracovish|
|poke|p1|Kartana|
|poke|p1|Kyurem|
|poke|p1|Landorus-Therian, M|
|poke|p2|Tyranitar, M|
|poke|p2|Excadrill, M|
|poke|p2|Zapdos|
|poke|p2|Clefable, M|
|poke|p2|Dragapult, M|
|poke|p2|Slowbro, M|
|rule|Sleep Clause Mod: Limit one foe put to sleep
|rule|Species Clause: Limit one of each Pokémon
|rule|OHKO Clause: OHKO moves are banned
|rule|Evasion Moves Clause: Evasion moves are banned
|rule|Endless Battle Clause: Forcing endless battles is banned
|rule|HP Percentage Mod: HP is shown in percentages
|rule|Dynamax Clause: You cannot dynamax
|teampreview
|j| ThAtS qUiTe UnFoR
|j| justStef lol
|j| Soda Lake
|j| AquaVanillla
|j| outk pasta
|j| Piyush21
|j|%georgiethefirst
|c| ThAtS qUiTe UnFoR|why is there
|c| ThAtS qUiTe UnFoR|a Fish?
|j| Arceros
|j|%mcp3
|j| Darmanitan Enjoyer
|j| Hardyzfan1
|j| Azn 1
|inactive|Jeran 神 has 120 seconds left.
|c| Arceros|Fishes run fast
|c| Hardyzfan1|id say but that be bias
|c| outk pasta|isn't sand rush fish still broke af
|c|☆kazt 5|people not reading the title of the tour for 425 time
|c| Arceros|it is :D
|c| Darmanitan Enjoyer|mr. fish
|c| Azn 1|he do be having that joey jawline ngl
|c| Arceros|Draco vish is just a better zolt
|inactive|Jeran 神 has 90 seconds left.
|c| AquaVanillla|lgi jeran
|c|☆kazt 5|Azn 1 not this time, strong jaw is banned :(
|c| Azn 1|nooooo
|
|t:|1618430470
|start
|switch|p1a: Volcanion|Volcanion|100/100
|switch|p2a: Dragapult|Dragapult, M|100/100
|turn|1
|
|t:|1618430484
|move|p2a: Dragapult|Draco Meteor|p1a: Volcanion
|-damage|p1a: Volcanion|8/100
|-unboost|p2a: Dragapult|spa|2
|move|p1a: Volcanion|Steam Eruption|p2a: Dragapult
|-resisted|p2a: Dragapult
|-damage|p2a: Dragapult|57/100
|-status|p2a: Dragapult|brn
|
|-heal|p1a: Volcanion|14/100|[from] item: Leftovers
|-damage|p2a: Dragapult|51/100 brn|[from] brn
|upkeep
|turn|2
|
|t:|1618430493
|switch|p1a: Tyranitar|Tyranitar, F|100/100
|-weather|Sandstorm|[from] ability: Sand Stream|[of] p1a: Tyranitar
|move|p2a: Dragapult|Draco Meteor|p1a: Tyranitar
|-damage|p1a: Tyranitar|83/100
|-unboost|p2a: Dragapult|spa|2
|
|-weather|Sandstorm|[upkeep]
|-damage|p2a: Dragapult|45/100 brn|[from] Sandstorm
|-damage|p2a: Dragapult|39/100 brn|[from] brn
|upkeep
|turn|3
|c| Arceros|scald 2.0
|
|t:|1618430498
|switch|p2a: Clefable|Clefable, M|100/100
|move|p1a: Tyranitar|Stealth Rock|p2a: Clefable
|-sidestart|p2: Jeran 神|move: Stealth Rock
|
|-weather|Sandstorm|[upkeep]
|upkeep
|turn|4
|
|t:|1618430504
|move|p2a: Clefable|Stealth Rock|p1a: Tyranitar
|-sidestart|p1: kazt 5|move: Stealth Rock
|move|p1a: Tyranitar|Thunder Wave|p2a: Clefable
|-status|p2a: Clefable|par
|
|-weather|Sandstorm|[upkeep]
|upkeep
|turn|5
|
|t:|1618430513
|switch|p1a: Landorus|Landorus-Therian, M|100/100
|-damage|p1a: Landorus|88/100|[from] Stealth Rock
|-ability|p1a: Landorus|Intimidate|boost
|-unboost|p2a: Clefable|atk|1
|cant|p2a: Clefable|par
|
|-weather|Sandstorm|[upkeep]
|-heal|p1a: Landorus|94/100|[from] item: Leftovers
|upkeep
|turn|6
|
|t:|1618430526
|move|p1a: Landorus|Knock Off|p2a: Clefable
|-resisted|p2a: Clefable
|-damage|p2a: Clefable|89/100 par
|-enditem|p2a: Clefable|Sticky Barb|[from] move: Knock Off|[of] p1a: Landorus
|move|p2a: Clefable|Trick|p1a: Landorus
|-activate|p2a: Clefable|move: Trick|[of] p1a: Landorus
|-enditem|p1a: Landorus|Leftovers|[silent]|[from] move: Trick
|-item|p2a: Clefable|Leftovers|[from] move: Trick
|
|-weather|Sandstorm|[upkeep]
|-heal|p2a: Clefable|95/100 par|[from] item: Leftovers
|upkeep
|turn|7
|
|t:|1618430536
|move|p1a: Landorus|Knock Off|p2a: Clefable
|-resisted|p2a: Clefable
|-damage|p2a: Clefable|82/100 par
|-enditem|p2a: Clefable|Leftovers|[from] move: Knock Off|[of] p1a: Landorus
|move|p2a: Clefable|Moonblast|p1a: Landorus
|-damage|p1a: Landorus|62/100
|
|-weather|Sandstorm|[upkeep]
|upkeep
|turn|8
|
|t:|1618430553
|move|p1a: Landorus|U-turn|p2a: Clefable
|-resisted|p2a: Clefable
|-damage|p2a: Clefable|74/100 par
|
|t:|1618430556
|switch|p1a: Kartana|Kartana|100/100|[from]move: U-turn
|-damage|p1a: Kartana|94/100|[from] Stealth Rock
|move|p2a: Clefable|Moonblast|p1a: Kartana
|-resisted|p1a: Kartana
|-damage|p1a: Kartana|41/100
|
|-weather|Sandstorm|[upkeep]
|upkeep
|turn|9
|
|t:|1618430573
|switch|p2a: Zapdos|Zapdos|100/100
|move|p1a: Kartana|Leaf Blade|p2a: Zapdos
|-resisted|p2a: Zapdos
|-damage|p2a: Zapdos|69/100
|-damage|p1a: Kartana|31/100|[from] item: Life Orb
|
|-weather|none
|upkeep
|turn|10
|
|t:|1618430578
|move|p1a: Kartana|Knock Off|p2a: Zapdos
|-damage|p2a: Zapdos|27/100
|-enditem|p2a: Zapdos|Heavy-Duty Boots|[from] move: Knock Off|[of] p1a: Kartana
|-damage|p1a: Kartana|22/100|[from] item: Life Orb
|move|p2a: Zapdos|Roost|p2a: Zapdos
|-heal|p2a: Zapdos|77/100
|-singleturn|p2a: Zapdos|move: Roost
|
|upkeep
|turn|11
|
|t:|1618430590
|switch|p1a: Kyurem|Kyurem|100/100
|-damage|p1a: Kyurem|76/100|[from] Stealth Rock
|-ability|p1a: Kyurem|Pressure
|move|p2a: Zapdos|Volt Switch|p1a: Kyurem
|-resisted|p1a: Kyurem
|-damage|p1a: Kyurem|62/100
|
|t:|1618430597
|switch|p2a: Tyranitar|Tyranitar, M|100/100|[from]move: Volt Switch
|-damage|p2a: Tyranitar|88/100|[from] Stealth Rock
|-weather|Sandstorm|[from] ability: Sand Stream|[of] p2a: Tyranitar
|
|-weather|Sandstorm|[upkeep]
|-damage|p1a: Kyurem|56/100|[from] Sandstorm
|-heal|p1a: Kyurem|62/100|[from] item: Leftovers
|-heal|p2a: Tyranitar|94/100|[from] item: Leftovers
|upkeep
|turn|12
|
|t:|1618430601
|switch|p1a: Volcanion|Volcanion|14/100
|-damage|p1a: Volcanion|0 fnt|[from] Stealth Rock
|faint|p1a: Volcanion
|move|p2a: Tyranitar|Rock Blast|p1: Volcanion|[notarget]
|-fail|p2a: Tyranitar
|
|-weather|Sandstorm|[upkeep]
|-heal|p2a: Tyranitar|100/100|[from] item: Leftovers
|upkeep
|
|t:|1618430604
|switch|p1a: Dracovish|Dracovish|100/100
|-damage|p1a: Dracovish|88/100|[from] Stealth Rock
|turn|13
|l| Arceros
|
|t:|1618430622
|switch|p2a: Slowbro|Slowbro, M|100/100
|move|p1a: Dracovish|Fishious Rend|p2a: Slowbro
|-resisted|p2a: Slowbro
|-damage|p2a: Slowbro|69/100
|
|-weather|Sandstorm|[upkeep]
|-damage|p2a: Slowbro|63/100|[from] Sandstorm
|upkeep
|turn|14
|j| skizar
|
|t:|1618430632
|move|p1a: Dracovish|Fishious Rend|p2a: Slowbro
|-resisted|p2a: Slowbro
|-damage|p2a: Slowbro|31/100
|move|p2a: Slowbro|Slack Off|p2a: Slowbro
|-heal|p2a: Slowbro|81/100
|
|-weather|Sandstorm|[upkeep]
|-damage|p2a: Slowbro|75/100|[from] Sandstorm
|upkeep
|turn|15
|
|t:|1618430640
|move|p1a: Dracovish|Fishious Rend|p2a: Slowbro
|-resisted|p2a: Slowbro
|-damage|p2a: Slowbro|43/100
|move|p2a: Slowbro|Future Sight|p1a: Dracovish
|-start|p2a: Slowbro|move: Future Sight
|
|-weather|none
|upkeep
|turn|16
|j| Denisia
|
|t:|1618430647
|switch|p1a: Tyranitar|Tyranitar, F|83/100
|-damage|p1a: Tyranitar|71/100|[from] Stealth Rock
|-weather|Sandstorm|[from] ability: Sand Stream|[of] p1a: Tyranitar
|move|p2a: Slowbro|Slack Off|p2a: Slowbro
|-heal|p2a: Slowbro|93/100
|
|-weather|Sandstorm|[upkeep]
|-damage|p2a: Slowbro|87/100|[from] Sandstorm
|upkeep
|turn|17
|l| skizar
|
|t:|1618430663
|switch|p2a: Clefable|Clefable, M|74/100 par
|move|p1a: Tyranitar|Thunder Wave|p2a: Clefable|[miss]
|-miss|p1a: Tyranitar|p2a: Clefable
|
|-weather|Sandstorm|[upkeep]
|-end|p1a: Tyranitar|move: Future Sight
|-immune|p1a: Tyranitar
|upkeep
|turn|18
|
|t:|1618430672
|move|p1a: Tyranitar|Rock Blast|p2a: Clefable
|-damage|p2a: Clefable|65/100 par
|-damage|p2a: Clefable|57/100 par
|-damage|p2a: Clefable|48/100 par
|-hitcount|p2a: Clefable|3
|cant|p2a: Clefable|par
|
|-weather|Sandstorm|[upkeep]
|upkeep
|turn|19
|
|t:|1618430678
|move|p1a: Tyranitar|Rock Blast|p2a: Clefable
|-damage|p2a: Clefable|41/100 par
|-damage|p2a: Clefable|33/100 par
|-damage|p2a: Clefable|24/100 par
|-damage|p2a: Clefable|15/100 par
|-damage|p2a: Clefable|7/100 par
|-hitcount|p2a: Clefable|5
|cant|p2a: Clefable|par
|
|-weather|Sandstorm|[upkeep]
|upkeep
|turn|20
|j| skizar
|c| outk pasta|wow
|
|t:|1618430693
|move|p1a: Tyranitar|Rock Blast|p2a: Clefable
|-damage|p2a: Clefable|0 fnt
|-hitcount|p2a: Clefable|1
|faint|p2a: Clefable
|
|-weather|Sandstorm|[upkeep]
|upkeep
|
|t:|1618430696
|switch|p2a: Excadrill|Excadrill, M|100/100
|-damage|p2a: Excadrill|97/100|[from] Stealth Rock
|turn|21
|l| skizar
|
|t:|1618430712
|switch|p1a: Landorus|Landorus-Therian, M|62/100
|-damage|p1a: Landorus|50/100|[from] Stealth Rock
|-ability|p1a: Landorus|Intimidate|boost
|-unboost|p2a: Excadrill|atk|1
|move|p2a: Excadrill|Iron Head|p1a: Landorus
|-damage|p1a: Landorus|29/100
|
|-weather|Sandstorm|[upkeep]
|-heal|p2a: Excadrill|100/100|[from] item: Leftovers
|upkeep
|turn|22
|j| skizar
|c| ThAtS qUiTe UnFoR|is that sand rush fish?
|
|t:|1618430725
|switch|p2a: Zapdos|Zapdos|77/100
|-damage|p2a: Zapdos|52/100|[from] Stealth Rock
|move|p1a: Landorus|Earthquake|p2a: Zapdos
|-immune|p2a: Zapdos
|
|-weather|Sandstorm|[upkeep]
|-damage|p2a: Zapdos|46/100|[from] Sandstorm
|upkeep
|turn|23
|c|☆kazt 5|read the title
|c| Hardyzfan1|unfourtunately that is what killed me
|
|t:|1618430738
|switch|p1a: Tyranitar|Tyranitar, F|71/100
|-damage|p1a: Tyranitar|59/100|[from] Stealth Rock
|move|p2a: Zapdos|Roost|p2a: Zapdos
|-heal|p2a: Zapdos|96/100
|-singleturn|p2a: Zapdos|move: Roost
|
|-weather|none
|upkeep
|turn|24
|
|t:|1618430750
|move|p2a: Zapdos|Volt Switch|p1a: Tyranitar
|-damage|p1a: Tyranitar|41/100
|
|t:|1618430754
|switch|p2a: Excadrill|Excadrill, M|100/100|[from]move: Volt Switch
|-damage|p2a: Excadrill|97/100|[from] Stealth Rock
|move|p1a: Tyranitar|Fire Blast|p2a: Excadrill
|-supereffective|p2a: Excadrill
|-damage|p2a: Excadrill|32/100
|
|-heal|p2a: Excadrill|38/100|[from] item: Leftovers
|upkeep
|turn|25
|
|t:|1618430769
|move|p2a: Excadrill|Earthquake|p1a: Tyranitar
|-supereffective|p1a: Tyranitar
|-damage|p1a: Tyranitar|0 fnt
|faint|p1a: Tyranitar
|
|-heal|p2a: Excadrill|44/100|[from] item: Leftovers
|upkeep
|
|t:|1618430772
|switch|p1a: Kartana|Kartana|22/100
|-damage|p1a: Kartana|16/100|[from] Stealth Rock
|turn|26
|l| skizar
|
|t:|1618430796
|switch|p2a: Zapdos|Zapdos|96/100
|-damage|p2a: Zapdos|71/100|[from] Stealth Rock
|move|p1a: Kartana|Swords Dance|p1a: Kartana
|-boost|p1a: Kartana|atk|2
|
|upkeep
|turn|27
|j| elp i succ
|c|%georgiethefirst|crit leaf blade might just do it here
|
|t:|1618430823
|move|p1a: Kartana|Leaf Blade|p2a: Zapdos
|-resisted|p2a: Zapdos
|-damage|p2a: Zapdos|7/100
|-damage|p1a: Kartana|6/100|[from] item: Life Orb
|move|p2a: Zapdos|Volt Switch|p1a: Kartana
|-resisted|p1a: Kartana
|-damage|p1a: Kartana|0 fnt
|faint|p1a: Kartana
|c| Azn 1|pain
|
|t:|1618430841
|switch|p2a: Slowbro|Slowbro, M|100/100|[from]move: Volt Switch
|
|upkeep
|
|t:|1618430844
|switch|p1a: Kyurem|Kyurem|62/100
|-damage|p1a: Kyurem|37/100|[from] Stealth Rock
|-ability|p1a: Kyurem|Pressure
|turn|28
|
|t:|1618430847
|switch|p2a: Zapdos|Zapdos|7/100
|-damage|p2a: Zapdos|0 fnt|[from] Stealth Rock
|faint|p2a: Zapdos
|move|p1a: Kyurem|Freeze-Dry|p2: Zapdos|[notarget]
|-fail|p1a: Kyurem
|
|-heal|p1a: Kyurem|43/100|[from] item: Leftovers
|upkeep
|
|t:|1618430851
|switch|p2a: Tyranitar|Tyranitar, M|100/100
|-damage|p2a: Tyranitar|88/100|[from] Stealth Rock
|-weather|Sandstorm|[from] ability: Sand Stream|[of] p2a: Tyranitar
|turn|29
|
|t:|1618430857
|move|p1a: Kyurem|Roost|p1a: Kyurem
|-heal|p1a: Kyurem|94/100
|-singleturn|p1a: Kyurem|move: Roost
|move|p2a: Tyranitar|Rock Blast|p1a: Kyurem
|-supereffective|p1a: Kyurem
|-damage|p1a: Kyurem|71/100
|-supereffective|p1a: Kyurem
|-damage|p1a: Kyurem|52/100
|-supereffective|p1a: Kyurem
|-damage|p1a: Kyurem|31/100
|-hitcount|p1a: Kyurem|3
|
|-weather|Sandstorm|[upkeep]
|-damage|p1a: Kyurem|25/100|[from] Sandstorm
|-heal|p1a: Kyurem|31/100|[from] item: Leftovers
|-heal|p2a: Tyranitar|94/100|[from] item: Leftovers
|upkeep
|turn|30
|
|t:|1618430861
|switch|p1a: Landorus|Landorus-Therian, M|29/100
|-damage|p1a: Landorus|17/100|[from] Stealth Rock
|-ability|p1a: Landorus|Intimidate|boost
|-unboost|p2a: Tyranitar|atk|1
|move|p2a: Tyranitar|Rock Blast|p1a: Landorus
|-damage|p1a: Landorus|11/100
|-damage|p1a: Landorus|6/100
|-damage|p1a: Landorus|0 fnt
|-hitcount|p1a: Landorus|3
|faint|p1a: Landorus
|
|-weather|Sandstorm|[upkeep]
|-heal|p2a: Tyranitar|100/100|[from] item: Leftovers
|upkeep
|
|t:|1618430864
|switch|p1a: Dracovish|Dracovish|88/100
|-damage|p1a: Dracovish|76/100|[from] Stealth Rock
|turn|31
|
|t:|1618430868
|switch|p1a: Kyurem|Kyurem|31/100
|-damage|p1a: Kyurem|6/100|[from] Stealth Rock
|-ability|p1a: Kyurem|Pressure
|switch|p2a: Slowbro|Slowbro, M|100/100
|
|-weather|Sandstorm|[upkeep]
|-damage|p1a: Kyurem|0 fnt|[from] Sandstorm
|-damage|p2a: Slowbro|94/100|[from] Sandstorm
|faint|p1a: Kyurem
|upkeep
|c|☆kazt 5|sandstorm comes first
|c|☆kazt 5|sadge
|
|t:|1618430882
|switch|p1a: Dracovish|Dracovish|76/100
|-damage|p1a: Dracovish|63/100|[from] Stealth Rock
|turn|32
|
|t:|1618430886
|move|p1a: Dracovish|Fishious Rend|p2a: Slowbro
|-resisted|p2a: Slowbro
|-damage|p2a: Slowbro|60/100
|move|p2a: Slowbro|Scald|p1a: Dracovish
|-resisted|p1a: Dracovish
|-damage|p1a: Dracovish|54/100
|
|-weather|Sandstorm|[upkeep]
|-damage|p2a: Slowbro|54/100|[from] Sandstorm
|upkeep
|turn|33
|c|☆kazt 5|ill just crit my way to victory
|
|t:|1618430894
|move|p1a: Dracovish|Fishious Rend|p2a: Slowbro
|-resisted|p2a: Slowbro
|-damage|p2a: Slowbro|23/100
|move|p2a: Slowbro|Slack Off|p2a: Slowbro
|-heal|p2a: Slowbro|73/100
|
|-weather|none
|upkeep
|turn|34
|
|t:|1618430898
|move|p1a: Dracovish|Fishious Rend|p2a: Slowbro
|-resisted|p2a: Slowbro
|-damage|p2a: Slowbro|43/100
|move|p2a: Slowbro|Scald|p1a: Dracovish
|-resisted|p1a: Dracovish
|-damage|p1a: Dracovish|45/100
|-status|p1a: Dracovish|brn
|
|-damage|p1a: Dracovish|39/100 brn|[from] brn
|upkeep
|turn|35
|c|☆kazt 5|or not
|c|☆kazt 5|gg
|c| AquaVanillla|lgi jeran
|-message|kazt 5 forfeited.
|
|win|Jeran 神
|n|☆kazt 5|kazt5
|n|☆Jeran 神|jeran
|n| ThAtS qUiTe UnFoR|thatsquiteunfor
|n| justStef lol|juststeflol
|n| Soda Lake|sodalake
|n| AquaVanillla|aquavanillla
|n| outk pasta|outkpasta
|n| Piyush21|piyush21
|n| georgiethefirst|georgiethefirst
|n| mcp3|mcp3
|n| Darmanitan Enjoyer|darmanitanenjoyer
|n| Hardyzfan1|hardyzfan1
|n| Azn 1|azn1
|n| Denisia|denisia
|n| elp i succ|elpisucc
