|raw|<div class="broadcast-blue"><strong>This battle is required to be public due to a player having a name starting with 'lt94je'.</div>
|j|☆LT94JE LudwigFrog
|j|☆2222mm
|t:|1661313094
|gametype|singles
|player|p1|LT94JE LudwigFrog|hilbert-wonderlauncher|1619
|player|p2|2222mm|2|1729
|teamsize|p1|6
|teamsize|p2|6
|gen|8
|tier|[Gen 8] OU
|rated|
|rule|Sleep Clause Mod: Limit one foe put to sleep
|rule|Species Clause: Limit one of each Pokémon
|rule|OHKO Clause: OHKO moves are banned
|rule|Evasion Items Clause: Evasion items are banned
|rule|Evasion Moves Clause: Evasion moves are banned
|rule|Endless Battle Clause: Forcing endless battles is banned
|rule|HP Percentage Mod: HP is shown in percentages
|rule|Dynamax Clause: You cannot dynamax
|clearpoke
|poke|p1|Mew|
|poke|p1|Crawdaunt, M|
|poke|p1|Weavile, F|
|poke|p1|Garchomp, M|
|poke|p1|Celesteela|
|poke|p1|Blacephalon|
|poke|p2|Tapu Fini|
|poke|p2|Landorus-Therian, M|
|poke|p2|Ferrothorn, M|
|poke|p2|Blacephalon|
|poke|p2|Glastrier|
|poke|p2|Kartana|
|teampreview
|inactive|Battle timer is ON: inactive players will automatically lose when time's up. (requested by LT94JE LudwigFrog)
|
|t:|1661313102
|start
|switch|p1a: Mew|Mew|100/100
|switch|p2a: Tapu Fini|Tapu Fini|100/100
|-fieldstart|move: Misty Terrain|[from] ability: Misty Surge|[of] p2a: Tapu Fini
|turn|1
|inactive|LT94JE LudwigFrog has 120 seconds left.
|
|t:|1661313139
|move|p2a: Tapu Fini|Trick|p1a: Mew
|-activate|p2a: Tapu Fini|move: Trick|[of] p1a: Mew
|-item|p1a: Mew|Choice Scarf|[from] move: Trick
|-item|p2a: Tapu Fini|Colbur Berry|[from] move: Trick
|move|p1a: Mew|Stealth Rock|p2a: Tapu Fini
|-sidestart|p2: 2222mm|move: Stealth Rock
|
|upkeep
|turn|2
|inactive|LT94JE LudwigFrog has 120 seconds left.
|
|t:|1661313145
|switch|p1a: Celesteela|Celesteela|100/100
|move|p2a: Tapu Fini|Defog|p1a: Celesteela
|-unboost|p1a: Celesteela|evasion|1
|-sideend|p2: 2222mm|Stealth Rock|[from] move: Defog|[of] p2a: Tapu Fini
|-fieldend|Misty Terrain
|
|upkeep
|turn|3
|
|t:|1661313150
|switch|p2a: Landorus|Landorus-Therian, M|100/100
|-ability|p2a: Landorus|Intimidate|boost
|-unboost|p1a: Celesteela|atk|1
|move|p1a: Celesteela|Autotomize|p1a: Celesteela
|-boost|p1a: Celesteela|spe|2
|-start|p1a: Celesteela|Autotomize
|
|upkeep
|turn|4
|
|t:|1661313157
|move|p1a: Celesteela|Autotomize|p1a: Celesteela
|-boost|p1a: Celesteela|spe|2
|-start|p1a: Celesteela|Autotomize
|move|p2a: Landorus|Fling|p1a: Celesteela
|-damage|p1a: Celesteela|91/100
|-status|p1a: Celesteela|par
|-enditem|p2a: Landorus|Light Ball|[from] move: Fling
|
|upkeep
|turn|5
|
|t:|1661313166
|move|p1a: Celesteela|Autotomize|p1a: Celesteela
|-boost|p1a: Celesteela|spe|2
|-start|p1a: Celesteela|Autotomize
|move|p2a: Landorus|U-turn|p1a: Celesteela
|-resisted|p1a: Celesteela
|-damage|p1a: Celesteela|86/100 par
|
|t:|1661313173
|switch|p2a: Tapu Fini|Tapu Fini|100/100|[from]move: U-turn
|-fieldstart|move: Misty Terrain|[from] ability: Misty Surge|[of] p2a: Tapu Fini
|
|upkeep
|turn|6
|
|t:|1661313181
|move|p1a: Celesteela|Meteor Beam||[still]
|-prepare|p1a: Celesteela|Meteor Beam
|-boost|p1a: Celesteela|spa|1
|-enditem|p1a: Celesteela|Power Herb
|-anim|p1a: Celesteela|Meteor Beam|p2a: Tapu Fini
|-damage|p2a: Tapu Fini|51/100
|move|p2a: Tapu Fini|Surf|p1a: Celesteela
|-damage|p1a: Celesteela|54/100 par
|
|upkeep
|turn|7
|
|t:|1661313189
|move|p1a: Celesteela|Air Slash|p2a: Tapu Fini
|-damage|p2a: Tapu Fini|3/100
|move|p2a: Tapu Fini|Surf|p1a: Celesteela
|-damage|p1a: Celesteela|24/100 par
|
|upkeep
|turn|8
|
|t:|1661313196
|move|p1a: Celesteela|Flamethrower|p2a: Tapu Fini
|-resisted|p2a: Tapu Fini
|-damage|p2a: Tapu Fini|0 fnt
|faint|p2a: Tapu Fini
|-ability|p1a: Celesteela|Beast Boost|boost
|-boost|p1a: Celesteela|spa|1
|
|upkeep
|
|t:|1661313202
|switch|p2a: Kartana|Kartana, shiny|100/100
|turn|9
|
|t:|1661313208
|move|p2a: Kartana|Knock Off|p1a: Celesteela
|-damage|p1a: Celesteela|0 fnt
|faint|p1a: Celesteela
|-ability|p2a: Kartana|Beast Boost|boost
|-boost|p2a: Kartana|atk|1
|
|-fieldend|Misty Terrain
|upkeep
|
|t:|1661313211
|switch|p1a: Crawdaunt|Crawdaunt, M|100/100
|turn|10
|
|t:|1661313220
|move|p2a: Kartana|Knock Off|p1a: Crawdaunt
|-resisted|p1a: Crawdaunt
|-damage|p1a: Crawdaunt|56/100
|-enditem|p1a: Crawdaunt|Life Orb|[from] move: Knock Off|[of] p2a: Kartana
|move|p1a: Crawdaunt|Swords Dance|p1a: Crawdaunt
|-boost|p1a: Crawdaunt|atk|2
|
|upkeep
|turn|11
|
|t:|1661313230
|switch|p2a: Landorus|Landorus-Therian, M|100/100
|-ability|p2a: Landorus|Intimidate|boost
|-unboost|p1a: Crawdaunt|atk|1
|move|p1a: Crawdaunt|Knock Off|p2a: Landorus
|-damage|p2a: Landorus|31/100
|
|upkeep
|turn|12
|
|t:|1661313240
|switch|p2a: Kartana|Kartana, shiny|100/100
|move|p1a: Crawdaunt|Swords Dance|p1a: Crawdaunt
|-boost|p1a: Crawdaunt|atk|2
|
|upkeep
|turn|13
|
|t:|1661313247
|move|p1a: Crawdaunt|Aqua Jet|p2a: Kartana
|-resisted|p2a: Kartana
|-damage|p2a: Kartana|62/100
|move|p2a: Kartana|Leaf Blade|p1a: Crawdaunt
|-supereffective|p1a: Crawdaunt
|-crit|p1a: Crawdaunt
|-damage|p1a: Crawdaunt|0 fnt
|faint|p1a: Crawdaunt
|-ability|p2a: Kartana|Beast Boost|boost
|-boost|p2a: Kartana|atk|1
|
|upkeep
|
|t:|1661313250
|switch|p1a: Blacephalon|Blacephalon|100/100
|turn|14
|
|t:|1661313258
|switch|p2a: Landorus|Landorus-Therian, M|31/100
|-ability|p2a: Landorus|Intimidate|boost
|-unboost|p1a: Blacephalon|atk|1
|move|p1a: Blacephalon|Flamethrower|p2a: Landorus
|-damage|p2a: Landorus|0 fnt
|faint|p2a: Landorus
|-ability|p1a: Blacephalon|Beast Boost|boost
|-boost|p1a: Blacephalon|spa|1
|
|upkeep
|
|t:|1661313264
|switch|p2a: Kartana|Kartana, shiny|62/100
|turn|15
|
|t:|1661313268
|switch|p1a: Mew|Mew|100/100
|move|p2a: Kartana|Knock Off|p1a: Mew
|-supereffective|p1a: Mew
|-crit|p1a: Mew
|-damage|p1a: Mew|0 fnt
|-enditem|p1a: Mew|Choice Scarf|[from] move: Knock Off|[of] p2a: Kartana
|faint|p1a: Mew
|-ability|p2a: Kartana|Beast Boost|boost
|-boost|p2a: Kartana|atk|1
|
|upkeep
|
|t:|1661313271
|switch|p1a: Weavile|Weavile, F|100/100
|-ability|p1a: Weavile|Pressure
|turn|16
|
|t:|1661313285
|move|p2a: Kartana|Knock Off|p1a: Weavile
|-resisted|p1a: Weavile
|-crit|p1a: Weavile
|-damage|p1a: Weavile|21/100
|-enditem|p1a: Weavile|Life Orb|[from] move: Knock Off|[of] p2a: Kartana
|move|p1a: Weavile|Swords Dance|p1a: Weavile
|-boost|p1a: Weavile|atk|2
|
|upkeep
|turn|17
|
|t:|1661313289
|move|p1a: Weavile|Ice Shard|p2a: Kartana
|-damage|p2a: Kartana|14/100
|move|p2a: Kartana|Knock Off|p1a: Weavile
|-resisted|p1a: Weavile
|-damage|p1a: Weavile|0 fnt
|faint|p1a: Weavile
|-ability|p2a: Kartana|Beast Boost|boost
|-boost|p2a: Kartana|atk|1
|
|upkeep
|
|t:|1661313291
|switch|p1a: Garchomp|Garchomp, M|100/100
|turn|18
|
|t:|1661313297
|switch|p2a: Glastrier|Glastrier|100/100
|move|p1a: Garchomp|Earthquake|p2a: Glastrier
|-damage|p2a: Glastrier|64/100
|
|upkeep
|turn|19
|
|t:|1661313304
|move|p1a: Garchomp|Fire Fang|p2a: Glastrier
|-supereffective|p2a: Glastrier
|-damage|p2a: Glastrier|30/100
|-status|p2a: Glastrier|brn
|cant|p2a: Glastrier|flinch
|
|-damage|p2a: Glastrier|24/100 brn|[from] brn
|upkeep
|turn|20
|-enditem|p2a: Glastrier|Custap Berry|[eat]
|-activate|p2a: Glastrier|item: Custap Berry|[consumed]
|
|t:|1661313312
|move|p2a: Glastrier|Icicle Crash|p1a: Garchomp
|-supereffective|p1a: Garchomp
|-damage|p1a: Garchomp|11/100
|cant|p1a: Garchomp|flinch
|
|-heal|p1a: Garchomp|17/100|[from] item: Leftovers
|-damage|p2a: Glastrier|18/100 brn|[from] brn
|upkeep
|turn|21
|
|t:|1661313321
|move|p1a: Garchomp|Earthquake|p2a: Glastrier
|-damage|p2a: Glastrier|0 fnt
|faint|p2a: Glastrier
|
|-heal|p1a: Garchomp|23/100|[from] item: Leftovers
|upkeep
|
|t:|1661313323
|switch|p2a: Kartana|Kartana, shiny|14/100
|turn|22
|
|t:|1661313326
|move|p2a: Kartana|Knock Off|p1a: Garchomp
|-damage|p1a: Garchomp|0 fnt
|-damage|p2a: Kartana|2/100|[from] ability: Rough Skin|[of] p1a: Garchomp
|-enditem|p1a: Garchomp|Leftovers|[from] move: Knock Off|[of] p2a: Kartana
|faint|p1a: Garchomp
|-ability|p2a: Kartana|Beast Boost|boost
|-boost|p2a: Kartana|atk|1
|
|upkeep
|-message|LT94JE LudwigFrog forfeited.
|
|win|2222mm
|raw|LT94JE LudwigFrog's rating: 1619 &rarr; <strong>1605</strong><br />(-14 for losing)
|raw|2222mm's rating: 1729 &rarr; <strong>1743</strong><br />(+14 for winning)
|l|☆LT94JE LudwigFrog
||Ladder isn't responding, score probably updated but might not have (Request timeout).
