|j|☆minimax_ai
|j|☆Highv0ltag3
|t:|1667490814
|gametype|singles
|player|p1|minimax_ai|lusamine-nihilego|1600
|player|p2|Highv0ltag3|volo|1734
|teamsize|p1|6
|teamsize|p2|6
|gen|8
|tier|[Gen 8] OU
|rated|
|rule|Sleep Clause Mod: Limit one foe put to sleep
|rule|Species Clause: Limit one of each Pokémon
|rule|OHKO Clause: OHKO moves are banned
|rule|Evasion Items Clause: Evasion items are banned
|rule|Evasion Moves Clause: Evasion moves are banned
|rule|Endless Battle Clause: Forcing endless battles is banned
|rule|HP Percentage Mod: HP is shown in percentages
|rule|Dynamax Clause: You cannot dynamax
|clearpoke
|poke|p1|Rotom-Wash|
|poke|p1|Weavile, F|
|poke|p1|Landorus-Therian, M|
|poke|p1|Heatran, M|
|poke|p1|Tangrowth, M|
|poke|p1|Melmetal|
|poke|p2|Slowking-Galar, F|
|poke|p2|Hydreigon, M|
|poke|p2|Corviknight, F|
|poke|p2|Slowbro, F|
|poke|p2|Heatran, F|
|poke|p2|Landorus-Therian, M|
|teampreview
|j| Flameslinger539
|c|☆minimax_ai|hf
|inactive|Battle timer is ON: inactive players will automatically lose when time's up. (requested by minimax_ai)
|l| Flameslinger539
|
|t:|1667490832
|start
|switch|p1a: landorustherian|Landorus-Therian, M|100/100
|switch|p2a: Landorus|Landorus-Therian, M|100/100
|-ability|p2a: Landorus|Intimidate|boost
|-unboost|p1a: landorustherian|atk|1
|-ability|p1a: landorustherian|Intimidate|boost
|-unboost|p2a: Landorus|atk|1
|turn|1
|
|t:|1667490838
|move|p2a: Landorus|Knock Off|p1a: landorustherian
|-damage|p1a: landorustherian|74/100
|-enditem|p1a: landorustherian|Leftovers|[from] move: Knock Off|[of] p2a: Landorus
|move|p1a: landorustherian|Toxic|p2a: Landorus
|-status|p2a: Landorus|tox
|
|-damage|p2a: Landorus|94/100 tox|[from] psn
|upkeep
|turn|2
|
|t:|1667490846
|switch|p2a: Corviknight|Corviknight, F|100/100
|-ability|p2a: Corviknight|Pressure
|move|p1a: landorustherian|Earthquake|p2a: Corviknight
|-immune|p2a: Corviknight
|
|upkeep
|turn|3
|
|t:|1667490849
|switch|p1a: rotomwash|Rotom-Wash|100/100
|move|p2a: Corviknight|U-turn|p1a: rotomwash
|-damage|p1a: rotomwash|84/100
|j| 1145141919810oh
|
|t:|1667490853
|switch|p2a: Hydreigon|Hydreigon, M|100/100|[from]move: U-turn
|
|-heal|p1a: rotomwash|90/100|[from] item: Leftovers
|upkeep
|turn|4
|
|t:|1667490859
|switch|p1a: Melmetal|Melmetal|100/100
|move|p2a: Hydreigon|Dark Pulse|p1a: Melmetal
|-damage|p1a: Melmetal|78/100
|
|upkeep
|turn|5
|
|t:|1667490863
|move|p2a: Hydreigon|Dark Pulse|p1a: Melmetal
|-damage|p1a: Melmetal|47/100
|cant|p1a: Melmetal|flinch
|
|upkeep
|turn|6
|
|t:|1667490866
|move|p2a: Hydreigon|Dark Pulse|p1a: Melmetal
|-damage|p1a: Melmetal|15/100
|move|p1a: Melmetal|Ice Punch|p2a: Hydreigon
|-supereffective|p2a: Hydreigon
|-damage|p2a: Hydreigon|30/100
|
|upkeep
|turn|7
|
|t:|1667490869
|switch|p1a: Weavile|Weavile, F|100/100
|-ability|p1a: Weavile|Pressure
|move|p2a: Hydreigon|Dark Pulse|p1a: Weavile
|-resisted|p1a: Weavile
|-damage|p1a: Weavile|48/100
|
|upkeep
|turn|8
|
|t:|1667490872
|switch|p2a: Slowbro|Slowbro, F|100/100
|move|p1a: Weavile|Knock Off|p2a: Slowbro
|-supereffective|p2a: Slowbro
|-enditem|p2a: Slowbro|Colbur Berry|[eat]
|-enditem|p2a: Slowbro|Colbur Berry|[weaken]
|-damage|p2a: Slowbro|59/100
|
|upkeep
|turn|9
|
|t:|1667490884
|switch|p2a: Corviknight|Corviknight, F|100/100
|-ability|p2a: Corviknight|Pressure
|move|p1a: Weavile|Knock Off|p2a: Corviknight
|-damage|p2a: Corviknight|59/100
|-enditem|p2a: Corviknight|Leftovers|[from] move: Knock Off|[of] p1a: Weavile
|
|upkeep
|turn|10
|
|t:|1667490887
|switch|p1a: Heatran|Heatran, M|100/100
|-item|p1a: Heatran|Air Balloon
|move|p2a: Corviknight|Roost|p2a: Corviknight
|-heal|p2a: Corviknight|100/100
|-singleturn|p2a: Corviknight|move: Roost
|
|upkeep
|turn|11
|
|t:|1667490895
|switch|p2a: Heatran|Heatran, F|100/100
|move|p1a: Heatran|Stealth Rock|p2a: Heatran
|-sidestart|p2: Highv0ltag3|move: Stealth Rock
|
|upkeep
|turn|12
|
|t:|1667490900
|move|p1a: Heatran|Earth Power|p2a: Heatran
|-supereffective|p2a: Heatran
|-damage|p2a: Heatran|0 fnt
|faint|p2a: Heatran
|
|upkeep
|
|t:|1667490903
|switch|p2a: Hydreigon|Hydreigon, M|30/100
|-damage|p2a: Hydreigon|18/100|[from] Stealth Rock
|turn|13
|
|t:|1667490905
|move|p1a: Heatran|Magma Storm|p2a: Hydreigon
|-resisted|p2a: Hydreigon
|-damage|p2a: Hydreigon|0 fnt
|faint|p2a: Hydreigon
|
|upkeep
|
|t:|1667490910
|switch|p2a: Slowbro|Slowbro, F|92/100
|-damage|p2a: Slowbro|80/100|[from] Stealth Rock
|turn|14
|
|t:|1667490914
|switch|p1a: rotomwash|Rotom-Wash|90/100
|move|p2a: Slowbro|Teleport|p2a: Slowbro
|
|t:|1667490916
|switch|p2a: Slowking|Slowking-Galar, F|100/100|[from]move: Teleport
|-damage|p2a: Slowking|88/100|[from] Stealth Rock
|
|-heal|p1a: rotomwash|97/100|[from] item: Leftovers
|upkeep
|turn|15
|
|t:|1667490920
|move|p1a: rotomwash|Nasty Plot|p1a: rotomwash
|-boost|p1a: rotomwash|spa|2
|move|p2a: Slowking|Scald|p1a: rotomwash
|-resisted|p1a: rotomwash
|-damage|p1a: rotomwash|77/100
|
|-heal|p1a: rotomwash|83/100|[from] item: Leftovers
|upkeep
|turn|16
|
|t:|1667490924
|switch|p2a: Landorus|Landorus-Therian, M|94/100 tox
|-damage|p2a: Landorus|82/100 tox|[from] Stealth Rock
|-ability|p2a: Landorus|Intimidate|boost
|-unboost|p1a: rotomwash|atk|1
|move|p1a: rotomwash|Hydro Pump|p2a: Landorus
|-supereffective|p2a: Landorus
|-damage|p2a: Landorus|0 fnt
|faint|p2a: Landorus
|
|-heal|p1a: rotomwash|89/100|[from] item: Leftovers
|upkeep
|
|t:|1667490926
|switch|p2a: Slowking|Slowking-Galar, F|100/100
|-damage|p2a: Slowking|88/100|[from] Stealth Rock
|turn|17
|
|t:|1667490928
|move|p1a: rotomwash|Nasty Plot|p1a: rotomwash
|-boost|p1a: rotomwash|spa|2
|move|p2a: Slowking|Sludge Bomb|p1a: rotomwash
|-damage|p1a: rotomwash|19/100
|
|-heal|p1a: rotomwash|25/100|[from] item: Leftovers
|upkeep
|turn|18
|
|t:|1667490931
|move|p1a: rotomwash|Thunderbolt|p2a: Slowking
|-damage|p2a: Slowking|3/100
|-status|p2a: Slowking|par
|move|p2a: Slowking|Sludge Bomb|p1a: rotomwash
|-damage|p1a: rotomwash|0 fnt
|faint|p1a: rotomwash
|
|upkeep
|
|t:|1667490931
|switch|p1a: Melmetal|Melmetal|15/100
|turn|19
|
|t:|1667490938
|switch|p2a: Slowbro|Slowbro, F|100/100
|-damage|p2a: Slowbro|88/100|[from] Stealth Rock
|move|p1a: Melmetal|Thunder Punch|p2a: Slowbro
|-supereffective|p2a: Slowbro
|-damage|p2a: Slowbro|51/100
|
|upkeep
|turn|20
|
|t:|1667490942
|move|p1a: Melmetal|Double Iron Bash|p2a: Slowbro
|-resisted|p2a: Slowbro
|-damage|p2a: Slowbro|40/100
|-resisted|p2a: Slowbro
|-damage|p2a: Slowbro|29/100
|-hitcount|p2a: Slowbro|2
|move|p2a: Slowbro|Body Press|p1a: Melmetal
|-supereffective|p1a: Melmetal
|-damage|p1a: Melmetal|0 fnt
|faint|p1a: Melmetal
|
|upkeep
|
|t:|1667490942
|switch|p1a: Heatran|Heatran, M|100/100
|-item|p1a: Heatran|Air Balloon
|turn|21
|
|t:|1667490945
|switch|p2a: Slowking|Slowking-Galar, F|37/100 par
|-damage|p2a: Slowking|24/100 par|[from] Stealth Rock
|move|p1a: Heatran|Eruption|p2a: Slowking
|-damage|p2a: Slowking|0 fnt
|faint|p2a: Slowking
|
|upkeep
|
|t:|1667490948
|switch|p2a: Slowbro|Slowbro, F|62/100
|-damage|p2a: Slowbro|50/100|[from] Stealth Rock
|turn|22
|
|t:|1667490952
|move|p1a: Heatran|Magma Storm|p2a: Slowbro
|-resisted|p2a: Slowbro
|-damage|p2a: Slowbro|24/100
|-activate|p2a: Slowbro|move: Magma Storm|[of] p1a: Heatran
|move|p2a: Slowbro|Slack Off|p2a: Slowbro
|-heal|p2a: Slowbro|74/100
|
|-damage|p2a: Slowbro|62/100|[from] move: Magma Storm|[partiallytrapped]
|upkeep
|turn|23
|
|t:|1667490956
|switch|p1a: Tangrowth|Tangrowth, M|100/100
|move|p2a: Slowbro|Slack Off|p2a: Slowbro
|-heal|p2a: Slowbro|100/100
|
|-end|p2a: Slowbro|Magma Storm|[partiallytrapped]|[silent]
|upkeep
|turn|24
|
|t:|1667490959
|switch|p2a: Corviknight|Corviknight, F|100/100
|-damage|p2a: Corviknight|88/100|[from] Stealth Rock
|-ability|p2a: Corviknight|Pressure
|move|p1a: Tangrowth|Sleep Powder|p2a: Corviknight
|-status|p2a: Corviknight|slp|[from] move: Sleep Powder
|
|upkeep
|turn|25
|
|t:|1667490962
|switch|p1a: Heatran|Heatran, M|100/100
|-item|p1a: Heatran|Air Balloon
|cant|p2a: Corviknight|slp
|
|upkeep
|turn|26
|
|t:|1667490964
|switch|p2a: Slowbro|Slowbro, F|100/100
|-damage|p2a: Slowbro|88/100|[from] Stealth Rock
|move|p1a: Heatran|Eruption|p2a: Slowbro
|-resisted|p2a: Slowbro
|-damage|p2a: Slowbro|50/100
|
|upkeep
|turn|27
|
|t:|1667490968
|move|p1a: Heatran|Magma Storm|p2a: Slowbro
|-resisted|p2a: Slowbro
|-damage|p2a: Slowbro|22/100
|-activate|p2a: Slowbro|move: Magma Storm|[of] p1a: Heatran
|move|p2a: Slowbro|Slack Off|p2a: Slowbro
|-heal|p2a: Slowbro|72/100
|
|-damage|p2a: Slowbro|60/100|[from] move: Magma Storm|[partiallytrapped]
|upkeep
|turn|28
|
|t:|1667490971
|move|p1a: Heatran|Magma Storm|p2a: Slowbro
|-resisted|p2a: Slowbro
|-damage|p2a: Slowbro|31/100
|move|p2a: Slowbro|Slack Off|p2a: Slowbro
|-heal|p2a: Slowbro|81/100
|
|-damage|p2a: Slowbro|69/100|[from] move: Magma Storm|[partiallytrapped]
|upkeep
|turn|29
|
|t:|1667490975
|move|p1a: Heatran|Magma Storm|p2a: Slowbro
|-resisted|p2a: Slowbro
|-damage|p2a: Slowbro|43/100
|move|p2a: Slowbro|Slack Off|p2a: Slowbro
|-heal|p2a: Slowbro|93/100
|
|-damage|p2a: Slowbro|80/100|[from] move: Magma Storm|[partiallytrapped]
|upkeep
|turn|30
|
|t:|1667490977
|switch|p1a: Tangrowth|Tangrowth, M|100/100
|move|p2a: Slowbro|Body Press|p1a: Tangrowth
|-damage|p1a: Tangrowth|87/100
|-damage|p2a: Slowbro|64/100|[from] item: Rocky Helmet|[of] p1a: Tangrowth
|
|-end|p2a: Slowbro|Magma Storm|[partiallytrapped]|[silent]
|upkeep
|turn|31
|
|t:|1667490981
|switch|p2a: Corviknight|Corviknight, F|88/100 slp
|-damage|p2a: Corviknight|75/100 slp|[from] Stealth Rock
|-ability|p2a: Corviknight|Pressure
|move|p1a: Tangrowth|Giga Drain|p2a: Corviknight
|-resisted|p2a: Corviknight
|-damage|p2a: Corviknight|69/100 slp
|-heal|p1a: Tangrowth|90/100|[from] drain|[of] p2a: Corviknight
|
|upkeep
|turn|32
|
|t:|1667490984
|switch|p1a: Heatran|Heatran, M|100/100
|-item|p1a: Heatran|Air Balloon
|-curestatus|p2a: Corviknight|slp|[msg]
|move|p2a: Corviknight|Roost|p2a: Corviknight
|-heal|p2a: Corviknight|100/100
|-singleturn|p2a: Corviknight|move: Roost
|
|upkeep
|turn|33
|
|t:|1667490988
|switch|p2a: Slowbro|Slowbro, F|97/100
|-damage|p2a: Slowbro|85/100|[from] Stealth Rock
|move|p1a: Heatran|Eruption|p2a: Slowbro
|-resisted|p2a: Slowbro
|-damage|p2a: Slowbro|46/100
|
|upkeep
|turn|34
|
|t:|1667490991
|move|p1a: Heatran|Magma Storm|p2a: Slowbro|[miss]
|-miss|p1a: Heatran|p2a: Slowbro
|move|p2a: Slowbro|Slack Off|p2a: Slowbro
|-heal|p2a: Slowbro|96/100
|
|upkeep
|turn|35
|
|t:|1667490994
|switch|p1a: Tangrowth|Tangrowth, M|100/100
|move|p2a: Slowbro|Psychic|p1a: Tangrowth
|-damage|p1a: Tangrowth|54/100
|
|upkeep
|turn|36
|
|t:|1667490998
|switch|p2a: Corviknight|Corviknight, F|100/100
|-damage|p2a: Corviknight|88/100|[from] Stealth Rock
|-ability|p2a: Corviknight|Pressure
|move|p1a: Tangrowth|Giga Drain|p2a: Corviknight
|-resisted|p2a: Corviknight
|-damage|p2a: Corviknight|82/100
|-heal|p1a: Tangrowth|57/100|[from] drain|[of] p2a: Corviknight
|
|upkeep
|turn|37
|
|t:|1667491000
|switch|p1a: landorustherian|Landorus-Therian, M|74/100
|-ability|p1a: landorustherian|Intimidate|boost
|-unboost|p2a: Corviknight|atk|1
|move|p2a: Corviknight|Defog|p1a: landorustherian
|-unboost|p1a: landorustherian|evasion|1
|-sideend|p2: Highv0ltag3|Stealth Rock|[from] move: Defog|[of] p2a: Corviknight
|
|upkeep
|turn|38
|
|t:|1667491004
|move|p1a: landorustherian|U-turn|p2a: Corviknight
|-resisted|p2a: Corviknight
|-damage|p2a: Corviknight|78/100
|
|t:|1667491004
|switch|p1a: Tangrowth|Tangrowth, M|91/100|[from]move: U-turn
|move|p2a: Corviknight|U-turn|p1a: Tangrowth
|-supereffective|p1a: Tangrowth
|-damage|p1a: Tangrowth|81/100
|-damage|p2a: Corviknight|61/100|[from] item: Rocky Helmet|[of] p1a: Tangrowth
|
|t:|1667491007
|switch|p2a: Slowbro|Slowbro, F|100/100|[from]move: U-turn
|
|upkeep
|turn|39
|
|t:|1667491009
|switch|p2a: Corviknight|Corviknight, F|61/100
|-ability|p2a: Corviknight|Pressure
|move|p1a: Tangrowth|Sleep Powder|p2a: Corviknight|[miss]
|-miss|p1a: Tangrowth|p2a: Corviknight
|
|upkeep
|turn|40
|
|t:|1667491012
|switch|p1a: landorustherian|Landorus-Therian, M|74/100
|-ability|p1a: landorustherian|Intimidate|boost
|-unboost|p2a: Corviknight|atk|1
|move|p2a: Corviknight|Roost|p2a: Corviknight
|-heal|p2a: Corviknight|100/100
|-singleturn|p2a: Corviknight|move: Roost
|
|upkeep
|turn|41
|
|t:|1667491017
|move|p1a: landorustherian|U-turn|p2a: Corviknight
|-resisted|p2a: Corviknight
|-damage|p2a: Corviknight|97/100
|
|t:|1667491017
|switch|p1a: Tangrowth|Tangrowth, M|100/100|[from]move: U-turn
|move|p2a: Corviknight|U-turn|p1a: Tangrowth
|-supereffective|p1a: Tangrowth
|-damage|p1a: Tangrowth|91/100
|-damage|p2a: Corviknight|80/100|[from] item: Rocky Helmet|[of] p1a: Tangrowth
|
|t:|1667491019
|switch|p2a: Slowbro|Slowbro, F|100/100|[from]move: U-turn
|
|upkeep
|turn|42
|
|t:|1667491021
|switch|p2a: Corviknight|Corviknight, F|80/100
|-ability|p2a: Corviknight|Pressure
|move|p1a: Tangrowth|Sleep Powder|p2a: Corviknight
|-status|p2a: Corviknight|slp|[from] move: Sleep Powder
|
|upkeep
|turn|43
|
|t:|1667491026
|switch|p2a: Slowbro|Slowbro, F|100/100
|switch|p1a: landorustherian|Landorus-Therian, M|74/100
|-ability|p1a: landorustherian|Intimidate|boost
|-unboost|p2a: Slowbro|atk|1
|
|upkeep
|turn|44
|
|t:|1667491029
|switch|p2a: Corviknight|Corviknight, F|80/100 slp
|-ability|p2a: Corviknight|Pressure
|move|p1a: landorustherian|U-turn|p2a: Corviknight
|-resisted|p2a: Corviknight
|-damage|p2a: Corviknight|77/100 slp
|
|t:|1667491029
|switch|p1a: Heatran|Heatran, M|100/100|[from]move: U-turn
|-item|p1a: Heatran|Air Balloon
|
|upkeep
|turn|45
|
|t:|1667491032
|switch|p2a: Slowbro|Slowbro, F|100/100
|move|p1a: Heatran|Eruption|p2a: Slowbro
|-resisted|p2a: Slowbro
|-damage|p2a: Slowbro|60/100
|
|upkeep
|turn|46
|
|t:|1667491038
|move|p1a: Heatran|Magma Storm|p2a: Slowbro
|-resisted|p2a: Slowbro
|-damage|p2a: Slowbro|34/100
|-activate|p2a: Slowbro|move: Magma Storm|[of] p1a: Heatran
|move|p2a: Slowbro|Slack Off|p2a: Slowbro
|-heal|p2a: Slowbro|84/100
|
|-damage|p2a: Slowbro|72/100|[from] move: Magma Storm|[partiallytrapped]
|upkeep
|turn|47
|
|t:|1667491043
|move|p1a: Heatran|Magma Storm|p2a: Slowbro
|-resisted|p2a: Slowbro
|-damage|p2a: Slowbro|46/100
|move|p2a: Slowbro|Body Press|p1a: Heatran
|-supereffective|p1a: Heatran
|-damage|p1a: Heatran|47/100
|-enditem|p1a: Heatran|Air Balloon
|
|-damage|p2a: Slowbro|33/100|[from] move: Magma Storm|[partiallytrapped]
|upkeep
|turn|48
|
|t:|1667491045
|switch|p1a: Tangrowth|Tangrowth, M|100/100
|move|p2a: Slowbro|Slack Off|p2a: Slowbro
|-heal|p2a: Slowbro|83/100
|
|-end|p2a: Slowbro|Magma Storm|[partiallytrapped]|[silent]
|upkeep
|turn|49
|
|t:|1667491048
|switch|p2a: Corviknight|Corviknight, F|77/100 slp
|-ability|p2a: Corviknight|Pressure
|move|p1a: Tangrowth|Giga Drain|p2a: Corviknight
|-resisted|p2a: Corviknight
|-damage|p2a: Corviknight|71/100 slp
|
|upkeep
|turn|50
|
|t:|1667491050
|switch|p2a: Slowbro|Slowbro, F|100/100
|move|p1a: Tangrowth|Knock Off|p2a: Slowbro
|-supereffective|p2a: Slowbro
|-damage|p2a: Slowbro|82/100
|
|upkeep
|turn|51
|
|t:|1667491056
|switch|p2a: Corviknight|Corviknight, F|71/100 slp
|-ability|p2a: Corviknight|Pressure
|move|p1a: Tangrowth|Giga Drain|p2a: Corviknight
|-resisted|p2a: Corviknight
|-damage|p2a: Corviknight|65/100 slp
|
|upkeep
|turn|52
|
|t:|1667491058
|cant|p2a: Corviknight|slp
|move|p1a: Tangrowth|Focus Blast|p2a: Corviknight|[miss]
|-miss|p1a: Tangrowth|p2a: Corviknight
|
|upkeep
|turn|53
|
|t:|1667491063
|cant|p2a: Corviknight|slp
|move|p1a: Tangrowth|Focus Blast|p2a: Corviknight|[miss]
|-miss|p1a: Tangrowth|p2a: Corviknight
|
|upkeep
|turn|54
|
|t:|1667491065
|-curestatus|p2a: Corviknight|slp|[msg]
|move|p2a: Corviknight|Roost|p2a: Corviknight
|-heal|p2a: Corviknight|100/100
|-singleturn|p2a: Corviknight|move: Roost
|move|p1a: Tangrowth|Focus Blast|p2a: Corviknight
|-supereffective|p2a: Corviknight
|-crit|p2a: Corviknight
|-damage|p2a: Corviknight|18/100
|
|upkeep
|turn|55
|
|t:|1667491070
|move|p2a: Corviknight|Roost|p2a: Corviknight
|-heal|p2a: Corviknight|68/100
|-singleturn|p2a: Corviknight|move: Roost
|move|p1a: Tangrowth|Sleep Powder|p2a: Corviknight
|-status|p2a: Corviknight|slp|[from] move: Sleep Powder
|
|upkeep
|turn|56
|
|t:|1667491075
|switch|p2a: Slowbro|Slowbro, F|100/100
|move|p1a: Tangrowth|Focus Blast|p2a: Slowbro
|-resisted|p2a: Slowbro
|-damage|p2a: Slowbro|85/100
|
|upkeep
|turn|57
|
|t:|1667491079
|switch|p2a: Corviknight|Corviknight, F|68/100 slp
|-ability|p2a: Corviknight|Pressure
|move|p1a: Tangrowth|Giga Drain|p2a: Corviknight
|-resisted|p2a: Corviknight
|-damage|p2a: Corviknight|62/100 slp
|
|upkeep
|turn|58
|
|t:|1667491081
|cant|p2a: Corviknight|slp
|move|p1a: Tangrowth|Focus Blast|p2a: Corviknight
|-damage|p2a: Corviknight|33/100 slp
|-unboost|p2a: Corviknight|spd|1
|
|upkeep
|turn|59
|
|t:|1667491086
|switch|p2a: Slowbro|Slowbro, F|100/100
|switch|p1a: landorustherian|Landorus-Therian, M|74/100
|-ability|p1a: landorustherian|Intimidate|boost
|-unboost|p2a: Slowbro|atk|1
|
|upkeep
|turn|60
|
|t:|1667491089
|move|p1a: landorustherian|U-turn|p2a: Slowbro
|-supereffective|p2a: Slowbro
|-crit|p2a: Slowbro
|-damage|p2a: Slowbro|58/100
|
|t:|1667491089
|switch|p1a: Tangrowth|Tangrowth, M|100/100|[from]move: U-turn
|move|p2a: Slowbro|Teleport|p2a: Slowbro
|
|t:|1667491092
|switch|p2a: Corviknight|Corviknight, F|33/100 slp|[from]move: Teleport
|-ability|p2a: Corviknight|Pressure
|
|upkeep
|turn|61
|
|t:|1667491096
|cant|p2a: Corviknight|slp
|move|p1a: Tangrowth|Knock Off|p2a: Corviknight
|-damage|p2a: Corviknight|24/100 slp
|
|upkeep
|turn|62
|
|t:|1667491098
|switch|p1a: landorustherian|Landorus-Therian, M|74/100
|-ability|p1a: landorustherian|Intimidate|boost
|-unboost|p2a: Corviknight|atk|1
|cant|p2a: Corviknight|slp
|
|upkeep
|turn|63
|
|t:|1667491101
|move|p1a: landorustherian|U-turn|p2a: Corviknight
|-resisted|p2a: Corviknight
|-damage|p2a: Corviknight|21/100 slp
|
|t:|1667491101
|switch|p1a: Weavile|Weavile, F|48/100|[from]move: U-turn
|-ability|p1a: Weavile|Pressure
|-curestatus|p2a: Corviknight|slp|[msg]
|move|p2a: Corviknight|Roost|p2a: Corviknight
|-heal|p2a: Corviknight|71/100
|-singleturn|p2a: Corviknight|move: Roost
|
|upkeep
|turn|64
|
|t:|1667491105
|switch|p1a: Tangrowth|Tangrowth, M|100/100
|move|p2a: Corviknight|Roost|p2a: Corviknight
|-heal|p2a: Corviknight|100/100
|-singleturn|p2a: Corviknight|move: Roost
|
|upkeep
|turn|65
|
|t:|1667491110
|move|p2a: Corviknight|U-turn|p1a: Tangrowth
|-supereffective|p1a: Tangrowth
|-damage|p1a: Tangrowth|90/100
|-damage|p2a: Corviknight|84/100|[from] item: Rocky Helmet|[of] p1a: Tangrowth
|
|t:|1667491113
|switch|p2a: Slowbro|Slowbro, F|91/100|[from]move: U-turn
|move|p1a: Tangrowth|Giga Drain|p2a: Slowbro
|-supereffective|p2a: Slowbro
|-damage|p2a: Slowbro|36/100
|-heal|p1a: Tangrowth|100/100|[from] drain|[of] p2a: Slowbro
|
|upkeep
|turn|66
|
|t:|1667491116
|switch|p2a: Corviknight|Corviknight, F|84/100
|-ability|p2a: Corviknight|Pressure
|move|p1a: Tangrowth|Sleep Powder|p2a: Corviknight
|-status|p2a: Corviknight|slp|[from] move: Sleep Powder
|
|upkeep
|turn|67
|
|t:|1667491119
|switch|p2a: Slowbro|Slowbro, F|70/100
|move|p1a: Tangrowth|Knock Off|p2a: Slowbro
|-supereffective|p2a: Slowbro
|-damage|p2a: Slowbro|52/100
|
|upkeep
|turn|68
|
|t:|1667491122
|switch|p2a: Corviknight|Corviknight, F|84/100 slp
|-ability|p2a: Corviknight|Pressure
|move|p1a: Tangrowth|Giga Drain|p2a: Corviknight
|-resisted|p2a: Corviknight
|-damage|p2a: Corviknight|77/100 slp
|
|upkeep
|turn|69
|
|t:|1667491125
|switch|p2a: Slowbro|Slowbro, F|86/100
|move|p1a: Tangrowth|Knock Off|p2a: Slowbro
|-supereffective|p2a: Slowbro
|-damage|p2a: Slowbro|69/100
|
|upkeep
|turn|70
|
|t:|1667491128
|switch|p2a: Corviknight|Corviknight, F|77/100 slp
|-ability|p2a: Corviknight|Pressure
|move|p1a: Tangrowth|Giga Drain|p2a: Corviknight
|-resisted|p2a: Corviknight
|-damage|p2a: Corviknight|71/100 slp
|
|upkeep
|turn|71
|
|t:|1667491132
|cant|p2a: Corviknight|slp
|move|p1a: Tangrowth|Knock Off|p2a: Corviknight
|-damage|p2a: Corviknight|62/100 slp
|
|upkeep
|turn|72
|
|t:|1667491137
|-curestatus|p2a: Corviknight|slp|[msg]
|move|p2a: Corviknight|Body Press|p1a: Tangrowth
|-damage|p1a: Tangrowth|87/100
|-damage|p2a: Corviknight|46/100|[from] item: Rocky Helmet|[of] p1a: Tangrowth
|move|p1a: Tangrowth|Knock Off|p2a: Corviknight
|-damage|p2a: Corviknight|36/100
|
|upkeep
|turn|73
|
|t:|1667491139
|switch|p1a: landorustherian|Landorus-Therian, M|74/100
|-ability|p1a: landorustherian|Intimidate|boost
|-unboost|p2a: Corviknight|atk|1
|move|p2a: Corviknight|Roost|p2a: Corviknight
|-heal|p2a: Corviknight|86/100
|-singleturn|p2a: Corviknight|move: Roost
|
|upkeep
|turn|74
|
|t:|1667491141
|move|p1a: landorustherian|U-turn|p2a: Corviknight
|-resisted|p2a: Corviknight
|-damage|p2a: Corviknight|82/100
|
|t:|1667491141
|switch|p1a: Tangrowth|Tangrowth, M|100/100|[from]move: U-turn
|move|p2a: Corviknight|U-turn|p1a: Tangrowth
|-supereffective|p1a: Tangrowth
|-damage|p1a: Tangrowth|91/100
|-damage|p2a: Corviknight|66/100|[from] item: Rocky Helmet|[of] p1a: Tangrowth
|
|t:|1667491144
|switch|p2a: Slowbro|Slowbro, F|100/100|[from]move: U-turn
|
|upkeep
|turn|75
|
|t:|1667491147
|switch|p2a: Corviknight|Corviknight, F|66/100
|-ability|p2a: Corviknight|Pressure
|move|p1a: Tangrowth|Sleep Powder|p2a: Corviknight
|-status|p2a: Corviknight|slp|[from] move: Sleep Powder
|
|upkeep
|turn|76
|
|t:|1667491149
|switch|p2a: Slowbro|Slowbro, F|100/100
|move|p1a: Tangrowth|Knock Off|p2a: Slowbro
|-supereffective|p2a: Slowbro
|-damage|p2a: Slowbro|82/100
|
|upkeep
|turn|77
|
|t:|1667491151
|switch|p2a: Corviknight|Corviknight, F|66/100 slp
|-ability|p2a: Corviknight|Pressure
|move|p1a: Tangrowth|Giga Drain|p2a: Corviknight
|-resisted|p2a: Corviknight
|-damage|p2a: Corviknight|60/100 slp
|-heal|p1a: Tangrowth|94/100|[from] drain|[of] p2a: Corviknight
|
|upkeep
|turn|78
|
|t:|1667491157
|switch|p1a: landorustherian|Landorus-Therian, M|74/100
|-ability|p1a: landorustherian|Intimidate|boost
|-unboost|p2a: Corviknight|atk|1
|cant|p2a: Corviknight|slp
|
|upkeep
|turn|79
|
|t:|1667491162
|move|p1a: landorustherian|Earthquake|p2a: Corviknight
|-immune|p2a: Corviknight
|cant|p2a: Corviknight|slp
|
|upkeep
|turn|80
|
|t:|1667491169
|move|p1a: landorustherian|Earthquake|p2a: Corviknight
|-immune|p2a: Corviknight
|-curestatus|p2a: Corviknight|slp|[msg]
|move|p2a: Corviknight|Defog|p1a: landorustherian
|-unboost|p1a: landorustherian|evasion|1
|
|upkeep
|turn|81
|
|t:|1667491172
|switch|p1a: Tangrowth|Tangrowth, M|100/100
|switch|p2a: Slowbro|Slowbro, F|100/100
|
|upkeep
|turn|82
|
|t:|1667491174
|switch|p2a: Corviknight|Corviknight, F|60/100
|-ability|p2a: Corviknight|Pressure
|move|p1a: Tangrowth|Sleep Powder|p2a: Corviknight
|-status|p2a: Corviknight|slp|[from] move: Sleep Powder
|
|upkeep
|turn|83
|
|t:|1667491178
|switch|p1a: landorustherian|Landorus-Therian, M|74/100
|-ability|p1a: landorustherian|Intimidate|boost
|-unboost|p2a: Corviknight|atk|1
|cant|p2a: Corviknight|slp
|
|upkeep
|turn|84
|
|t:|1667491180
|switch|p2a: Slowbro|Slowbro, F|100/100
|move|p1a: landorustherian|Earthquake|p2a: Slowbro
|-damage|p2a: Slowbro|72/100
|
|upkeep
|turn|85
|
|t:|1667491186
|move|p1a: landorustherian|U-turn|p2a: Slowbro
|-supereffective|p2a: Slowbro
|-damage|p2a: Slowbro|45/100
|
|t:|1667491186
|switch|p1a: Tangrowth|Tangrowth, M|100/100|[from]move: U-turn
|move|p2a: Slowbro|Teleport|p2a: Slowbro
|
|t:|1667491189
|switch|p2a: Corviknight|Corviknight, F|60/100 slp|[from]move: Teleport
|-ability|p2a: Corviknight|Pressure
|
|upkeep
|turn|86
|
|t:|1667491193
|cant|p2a: Corviknight|slp
|move|p1a: Tangrowth|Knock Off|p2a: Corviknight
|-damage|p2a: Corviknight|51/100 slp
|
|upkeep
|turn|87
|
|t:|1667491196
|-curestatus|p2a: Corviknight|slp|[msg]
|move|p2a: Corviknight|Roost|p2a: Corviknight
|-heal|p2a: Corviknight|100/100
|-singleturn|p2a: Corviknight|move: Roost
|move|p1a: Tangrowth|Knock Off|p2a: Corviknight
|-damage|p2a: Corviknight|92/100
|
|upkeep
|turn|88
|
|t:|1667491199
|move|p2a: Corviknight|Defog|p1a: Tangrowth
|-unboost|p1a: Tangrowth|evasion|1
|move|p1a: Tangrowth|Knock Off|p2a: Corviknight
|-damage|p2a: Corviknight|82/100
|
|upkeep
|turn|89
|
|t:|1667491201
|move|p2a: Corviknight|Defog|p1a: Tangrowth
|-unboost|p1a: Tangrowth|evasion|1
|move|p1a: Tangrowth|Sleep Powder|p2a: Corviknight
|-status|p2a: Corviknight|slp|[from] move: Sleep Powder
|
|upkeep
|turn|90
|
|t:|1667491204
|switch|p2a: Slowbro|Slowbro, F|78/100
|move|p1a: Tangrowth|Knock Off|p2a: Slowbro
|-supereffective|p2a: Slowbro
|-damage|p2a: Slowbro|61/100
|
|upkeep
|turn|91
|
|t:|1667491206
|switch|p2a: Corviknight|Corviknight, F|82/100 slp
|-ability|p2a: Corviknight|Pressure
|move|p1a: Tangrowth|Knock Off|p2a: Corviknight
|-damage|p2a: Corviknight|73/100 slp
|
|upkeep
|turn|92
|
|t:|1667491210
|cant|p2a: Corviknight|slp
|move|p1a: Tangrowth|Knock Off|p2a: Corviknight
|-damage|p2a: Corviknight|63/100 slp
|
|upkeep
|turn|93
|
|t:|1667491213
|-curestatus|p2a: Corviknight|slp|[msg]
|move|p2a: Corviknight|Roost|p2a: Corviknight
|-heal|p2a: Corviknight|100/100
|-singleturn|p2a: Corviknight|move: Roost
|move|p1a: Tangrowth|Knock Off|p2a: Corviknight
|-damage|p2a: Corviknight|92/100
|
|upkeep
|turn|94
|
|t:|1667491222
|move|p2a: Corviknight|Defog|p1a: Tangrowth
|-unboost|p1a: Tangrowth|evasion|1
|move|p1a: Tangrowth|Knock Off|p2a: Corviknight
|-damage|p2a: Corviknight|83/100
|
|upkeep
|turn|95
|
|t:|1667491224
|move|p2a: Corviknight|Defog|p1a: Tangrowth
|-unboost|p1a: Tangrowth|evasion|1
|move|p1a: Tangrowth|Sleep Powder|p2a: Corviknight
|-status|p2a: Corviknight|slp|[from] move: Sleep Powder
|
|upkeep
|turn|96
|
|t:|1667491227
|switch|p2a: Slowbro|Slowbro, F|94/100
|move|p1a: Tangrowth|Knock Off|p2a: Slowbro
|-supereffective|p2a: Slowbro
|-damage|p2a: Slowbro|78/100
|
|upkeep
|turn|97
|
|t:|1667491229
|switch|p2a: Corviknight|Corviknight, F|83/100 slp
|-ability|p2a: Corviknight|Pressure
|move|p1a: Tangrowth|Knock Off|p2a: Corviknight
|-damage|p2a: Corviknight|74/100 slp
|
|upkeep
|turn|98
|
|t:|1667491232
|cant|p2a: Corviknight|slp
|move|p1a: Tangrowth|Knock Off|p2a: Corviknight
|-damage|p2a: Corviknight|65/100 slp
|
|upkeep
|turn|99
|
|t:|1667491236
|cant|p2a: Corviknight|slp
|move|p1a: Tangrowth|Knock Off|p2a: Corviknight
|-damage|p2a: Corviknight|56/100 slp
|
|upkeep
|turn|100
|
|t:|1667491239
|switch|p1a: landorustherian|Landorus-Therian, M|74/100
|-ability|p1a: landorustherian|Intimidate|boost
|-unboost|p2a: Corviknight|atk|1
|-curestatus|p2a: Corviknight|slp|[msg]
|move|p2a: Corviknight|Defog|p1a: landorustherian
|-unboost|p1a: landorustherian|evasion|1
|
|upkeep
|turn|101
|
|t:|1667491245
|switch|p1a: Tangrowth|Tangrowth, M|100/100
|switch|p2a: Slowbro|Slowbro, F|100/100
|
|upkeep
|turn|102
|
|t:|1667491249
|switch|p2a: Corviknight|Corviknight, F|56/100
|-ability|p2a: Corviknight|Pressure
|move|p1a: Tangrowth|Sleep Powder|p2a: Corviknight
|-status|p2a: Corviknight|slp|[from] move: Sleep Powder
|
|upkeep
|turn|103
|
|t:|1667491253
|switch|p2a: Slowbro|Slowbro, F|100/100
|switch|p1a: landorustherian|Landorus-Therian, M|74/100
|-ability|p1a: landorustherian|Intimidate|boost
|-unboost|p2a: Slowbro|atk|1
|
|upkeep
|turn|104
|
|t:|1667491258
|move|p1a: landorustherian|U-turn|p2a: Slowbro
|-supereffective|p2a: Slowbro
|-damage|p2a: Slowbro|73/100
|
|t:|1667491258
|switch|p1a: Tangrowth|Tangrowth, M|100/100|[from]move: U-turn
|move|p2a: Slowbro|Body Press|p1a: Tangrowth
|-damage|p1a: Tangrowth|87/100
|-damage|p2a: Slowbro|56/100|[from] item: Rocky Helmet|[of] p1a: Tangrowth
|
|upkeep
|turn|105
|
|t:|1667491268
|switch|p1a: landorustherian|Landorus-Therian, M|74/100
|-ability|p1a: landorustherian|Intimidate|boost
|-unboost|p2a: Slowbro|atk|1
|move|p2a: Slowbro|Slack Off|p2a: Slowbro
|-heal|p2a: Slowbro|100/100
|
|upkeep
|turn|106
|
|t:|1667491271
|switch|p2a: Corviknight|Corviknight, F|56/100 slp
|-ability|p2a: Corviknight|Pressure
|move|p1a: landorustherian|U-turn|p2a: Corviknight
|-resisted|p2a: Corviknight
|-damage|p2a: Corviknight|52/100 slp
|
|t:|1667491272
|switch|p1a: Heatran|Heatran, M|47/100|[from]move: U-turn
|
|upkeep
|turn|107
|
|t:|1667491277
|switch|p2a: Slowbro|Slowbro, F|100/100
|move|p1a: Heatran|Eruption|p2a: Slowbro
|-resisted|p2a: Slowbro
|-damage|p2a: Slowbro|83/100
|
|upkeep
|turn|108
|
|t:|1667491280
|switch|p1a: Tangrowth|Tangrowth, M|100/100
|move|p2a: Slowbro|Psychic|p1a: Tangrowth
|-damage|p1a: Tangrowth|51/100
|
|upkeep
|turn|109
|
|t:|1667491286
|switch|p1a: landorustherian|Landorus-Therian, M|74/100
|-ability|p1a: landorustherian|Intimidate|boost
|-unboost|p2a: Slowbro|atk|1
|move|p2a: Slowbro|Psychic|p1a: landorustherian
|-damage|p1a: landorustherian|52/100
|
|upkeep
|turn|110
|
|t:|1667491292
|switch|p2a: Corviknight|Corviknight, F|52/100 slp
|-ability|p2a: Corviknight|Pressure
|move|p1a: landorustherian|U-turn|p2a: Corviknight
|-resisted|p2a: Corviknight
|-damage|p2a: Corviknight|49/100 slp
|
|t:|1667491292
|switch|p1a: Heatran|Heatran, M|47/100|[from]move: U-turn
|
|upkeep
|turn|111
|
|t:|1667491296
|switch|p2a: Slowbro|Slowbro, F|100/100
|move|p1a: Heatran|Stealth Rock|p2a: Slowbro
|-sidestart|p2: Highv0ltag3|move: Stealth Rock
|
|upkeep
|turn|112
|
|t:|1667491300
|switch|p1a: landorustherian|Landorus-Therian, M|52/100
|-ability|p1a: landorustherian|Intimidate|boost
|-unboost|p2a: Slowbro|atk|1
|move|p2a: Slowbro|Psychic|p1a: landorustherian
|-damage|p1a: landorustherian|31/100
|
|upkeep
|turn|113
|
|t:|1667491306
|move|p1a: landorustherian|U-turn|p2a: Slowbro
|-supereffective|p2a: Slowbro
|-damage|p2a: Slowbro|76/100
|
|t:|1667491306
|switch|p1a: Tangrowth|Tangrowth, M|85/100|[from]move: U-turn
|move|p2a: Slowbro|Psychic|p1a: Tangrowth
|-damage|p1a: Tangrowth|41/100
|
|upkeep
|turn|114
|
|t:|1667491309
|switch|p1a: landorustherian|Landorus-Therian, M|31/100
|-ability|p1a: landorustherian|Intimidate|boost
|-unboost|p2a: Slowbro|atk|1
|move|p2a: Slowbro|Body Press|p1a: landorustherian
|-resisted|p1a: landorustherian
|-damage|p1a: landorustherian|17/100
|
|upkeep
|turn|115
|
|t:|1667491313
|switch|p2a: Corviknight|Corviknight, F|49/100 slp
|-damage|p2a: Corviknight|37/100 slp|[from] Stealth Rock
|-ability|p2a: Corviknight|Pressure
|move|p1a: landorustherian|U-turn|p2a: Corviknight
|-resisted|p2a: Corviknight
|-damage|p2a: Corviknight|33/100 slp
|
|t:|1667491313
|switch|p1a: Weavile|Weavile, F|48/100|[from]move: U-turn
|-ability|p1a: Weavile|Pressure
|
|upkeep
|turn|116
|
|t:|1667491316
|move|p1a: Weavile|Knock Off|p2a: Corviknight
|-damage|p2a: Corviknight|4/100 slp
|cant|p2a: Corviknight|slp
|
|upkeep
|turn|117
|
|t:|1667491320
|move|p1a: Weavile|Knock Off|p2a: Corviknight
|-damage|p2a: Corviknight|0 fnt
|faint|p2a: Corviknight
|
|upkeep
|
|t:|1667491322
|switch|p2a: Slowbro|Slowbro, F|100/100
|-damage|p2a: Slowbro|88/100|[from] Stealth Rock
|turn|118
|
|t:|1667491324
|switch|p1a: Tangrowth|Tangrowth, M|74/100
|move|p2a: Slowbro|Body Press|p1a: Tangrowth
|-damage|p1a: Tangrowth|60/100
|-damage|p2a: Slowbro|72/100|[from] item: Rocky Helmet|[of] p1a: Tangrowth
|
|upkeep
|turn|119
|
|t:|1667491327
|switch|p1a: landorustherian|Landorus-Therian, M|17/100
|-ability|p1a: landorustherian|Intimidate|boost
|-unboost|p2a: Slowbro|atk|1
|move|p2a: Slowbro|Slack Off|p2a: Slowbro
|-heal|p2a: Slowbro|100/100
|
|upkeep
|turn|120
|
|t:|1667491329
|switch|p1a: Tangrowth|Tangrowth, M|93/100
|move|p2a: Slowbro|Psychic|p1a: Tangrowth
|-damage|p1a: Tangrowth|44/100
|
|upkeep
|turn|121
|
|t:|1667491331
|switch|p1a: landorustherian|Landorus-Therian, M|17/100
|-ability|p1a: landorustherian|Intimidate|boost
|-unboost|p2a: Slowbro|atk|1
|move|p2a: Slowbro|Psychic|p1a: landorustherian
|-damage|p1a: landorustherian|0 fnt
|faint|p1a: landorustherian
|
|upkeep
|
|t:|1667491331
|switch|p1a: Tangrowth|Tangrowth, M|77/100
|turn|122
|
|t:|1667491333
|switch|p1a: Heatran|Heatran, M|47/100
|move|p2a: Slowbro|Psychic|p1a: Heatran
|-resisted|p1a: Heatran
|-damage|p1a: Heatran|32/100
|
|upkeep
|turn|123
|
|t:|1667491336
|switch|p1a: Tangrowth|Tangrowth, M|100/100
|move|p2a: Slowbro|Body Press|p1a: Tangrowth
|-damage|p1a: Tangrowth|87/100
|-damage|p2a: Slowbro|84/100|[from] item: Rocky Helmet|[of] p1a: Tangrowth
|
|upkeep
|turn|124
|
|t:|1667491338
|switch|p1a: Heatran|Heatran, M|32/100
|move|p2a: Slowbro|Psychic|p1a: Heatran
|-resisted|p1a: Heatran
|-damage|p1a: Heatran|18/100
|
|upkeep
|turn|125
|
|t:|1667491341
|switch|p1a: Tangrowth|Tangrowth, M|100/100
|move|p2a: Slowbro|Psychic|p1a: Tangrowth
|-damage|p1a: Tangrowth|56/100
|
|upkeep
|turn|126
|
|t:|1667491347
|switch|p1a: Heatran|Heatran, M|18/100
|move|p2a: Slowbro|Body Press|p1a: Heatran
|-supereffective|p1a: Heatran
|-damage|p1a: Heatran|0 fnt
|faint|p1a: Heatran
|
|upkeep
|
|t:|1667491347
|switch|p1a: Tangrowth|Tangrowth, M|89/100
|turn|127
|
|t:|1667491353
|switch|p1a: Weavile|Weavile, F|48/100
|-ability|p1a: Weavile|Pressure
|move|p2a: Slowbro|Slack Off|p2a: Slowbro
|-heal|p2a: Slowbro|100/100
|
|upkeep
|turn|128
|
|t:|1667491362
|switch|p1a: Tangrowth|Tangrowth, M|100/100
|move|p2a: Slowbro|Body Press|p1a: Tangrowth
|-damage|p1a: Tangrowth|85/100
|-damage|p2a: Slowbro|84/100|[from] item: Rocky Helmet|[of] p1a: Tangrowth
|
|upkeep
|turn|129
|
|t:|1667491366
|switch|p1a: Weavile|Weavile, F|48/100
|-ability|p1a: Weavile|Pressure
|move|p2a: Slowbro|Body Press|p1a: Weavile
|-supereffective|p1a: Weavile
|-damage|p1a: Weavile|0 fnt
|faint|p1a: Weavile
|
|upkeep
|
|t:|1667491366
|switch|p1a: Tangrowth|Tangrowth, M|100/100
|turn|130
|
|t:|1667491368
|move|p1a: Tangrowth|Sleep Powder|p2a: Slowbro
|-status|p2a: Slowbro|slp|[from] move: Sleep Powder
|cant|p2a: Slowbro|slp
|
|upkeep
|turn|131
|
|t:|1667491372
|move|p1a: Tangrowth|Sleep Powder|p2a: Slowbro
|-fail|p2a: Slowbro|slp
|cant|p2a: Slowbro|slp
|
|upkeep
|turn|132
|
|t:|1667491374
|move|p1a: Tangrowth|Sleep Powder|p2a: Slowbro
|-fail|p2a: Slowbro|slp
|-curestatus|p2a: Slowbro|slp|[msg]
|move|p2a: Slowbro|Psychic|p1a: Tangrowth
|-damage|p1a: Tangrowth|51/100
|
|upkeep
|turn|133
|
|t:|1667491378
|move|p1a: Tangrowth|Sleep Powder|p2a: Slowbro
|-status|p2a: Slowbro|slp|[from] move: Sleep Powder
|cant|p2a: Slowbro|slp
|
|upkeep
|turn|134
|
|t:|1667491381
|-activate|p1a: Tangrowth|move: Struggle
|move|p1a: Tangrowth|Struggle|p2a: Slowbro
|-crit|p2a: Slowbro
|-damage|p2a: Slowbro|74/100 slp
|-damage|p1a: Tangrowth|26/100|[from] recoil
|-curestatus|p2a: Slowbro|slp|[msg]
|move|p2a: Slowbro|Psychic|p1a: Tangrowth
|-damage|p1a: Tangrowth|0 fnt
|faint|p1a: Tangrowth
|
|win|Highv0ltag3
|raw|minimax_ai's rating: 1600 &rarr; <strong>1587</strong><br />(-13 for losing)
|raw|Highv0ltag3's rating: 1734 &rarr; <strong>1747</strong><br />(+13 for winning)
|c|☆minimax_ai|gg
