|j|☆Unwallable
|j|☆i know im horrible
|t:|1617984907
|gametype|singles
|player|p1|Unwallable|2|1541
|player|p2|i know im horrible|1|1571
|teamsize|p1|6
|teamsize|p2|6
|gen|8
|tier|[Gen 8] OU
|rated|
|clearpoke
|poke|p1|Volcarona, F|
|poke|p1|Rillaboom, F|
|poke|p1|Kyurem|
|poke|p1|Ninetales-Alola, M|
|poke|p1|Hawlucha, M|
|poke|p1|Landorus-Therian, M|
|poke|p2|Toxapex, F|
|poke|p2|Tangrowth, M|
|poke|p2|Amoonguss, M|
|poke|p2|Slowbro, F|
|poke|p2|Slowking-Galar, M|
|poke|p2|Tornadus-Therian, M|
|rule|Sleep Clause Mod: Limit one foe put to sleep
|rule|Species Clause: Limit one of each Pokémon
|rule|OHKO Clause: OHKO moves are banned
|rule|Evasion Moves Clause: Evasion moves are banned
|rule|Endless Battle Clause: Forcing endless battles is banned
|rule|HP Percentage Mod: HP is shown in percentages
|rule|Dynamax Clause: You cannot dynamax
|teampreview
|
|t:|1617984927
|start
|switch|p1a: Ninetales|Ninetales-Alola, M|100/100
|switch|p2a: Slowking|Slowking-Galar, M|100/100
|-weather|Hail|[from] ability: Snow Warning|[of] p1a: Ninetales
|turn|1
|
|t:|1617984930
|move|p1a: Ninetales|Aurora Veil|p1a: Ninetales
|-sidestart|p1: Unwallable|move: Aurora Veil
|move|p2a: Slowking|Future Sight|p1a: Ninetales
|-start|p2a: Slowking|move: Future Sight
|
|-weather|Hail|[upkeep]
|-damage|p2a: Slowking|94/100|[from] Hail
|upkeep
|turn|2
|
|t:|1617984933
|switch|p1a: Landorus|Landorus-Therian, M|100/100
|-ability|p1a: Landorus|Intimidate|boost
|-unboost|p2a: Slowking|atk|1
|move|p2a: Slowking|Sludge Bomb|p1a: Landorus
|-resisted|p1a: Landorus
|-damage|p1a: Landorus|87/100
|
|-weather|Hail|[upkeep]
|-damage|p1a: Landorus|81/100|[from] Hail
|-damage|p2a: Slowking|88/100|[from] Hail
|upkeep
|turn|3
|
|t:|1617984940
|switch|p2a: Slowbro|Slowbro, F|100/100
|move|p1a: Landorus|Stealth Rock|p2a: Slowbro
|-sidestart|p2: i know im horrible|move: Stealth Rock
|
|-weather|Hail|[upkeep]
|-damage|p1a: Landorus|75/100|[from] Hail
|-damage|p2a: Slowbro|94/100|[from] Hail
|-end|p1a: Landorus|move: Future Sight
|-damage|p1a: Landorus|1/100
|upkeep
|turn|4
|
|t:|1617984947
|move|p1a: Landorus|Explosion|p2a: Slowbro
|-damage|p2a: Slowbro|43/100
|faint|p1a: Landorus
|move|p2a: Slowbro|Slack Off|p2a: Slowbro
|-heal|p2a: Slowbro|93/100
|
|-weather|Hail|[upkeep]
|-damage|p2a: Slowbro|87/100|[from] Hail
|upkeep
|
|t:|1617984952
|switch|p1a: Kyurem|Kyurem|100/100
|-ability|p1a: Kyurem|Pressure
|turn|5
|
|t:|1617984956
|move|p1a: Kyurem|Dragon Dance|p1a: Kyurem
|-boost|p1a: Kyurem|atk|1
|-boost|p1a: Kyurem|spe|1
|move|p2a: Slowbro|Toxic|p1a: Kyurem
|-status|p1a: Kyurem|tox
|
|-weather|none
|-damage|p1a: Kyurem|94/100 tox|[from] psn
|upkeep
|turn|6
|
|t:|1617984961
|move|p1a: Kyurem|Freeze-Dry|p2a: Slowbro
|-supereffective|p2a: Slowbro
|-crit|p2a: Slowbro
|-damage|p2a: Slowbro|0 fnt
|faint|p2a: Slowbro
|
|-damage|p1a: Kyurem|82/100 tox|[from] psn
|upkeep
|
|t:|1617984969
|switch|p2a: Slowking|Slowking-Galar, M|100/100
|turn|7
|
|t:|1617984971
|move|p1a: Kyurem|Icicle Spear|p2a: Slowking
|-damage|p2a: Slowking|83/100
|-damage|p2a: Slowking|66/100
|-damage|p2a: Slowking|49/100
|-hitcount|p2a: Slowking|3
|move|p2a: Slowking|Future Sight|p1a: Kyurem
|-start|p2a: Slowking|move: Future Sight
|
|-damage|p1a: Kyurem|64/100 tox|[from] psn
|upkeep
|turn|8
|
|t:|1617984977
|switch|p2a: Toxapex|Toxapex, F|100/100
|-damage|p2a: Toxapex|88/100|[from] Stealth Rock
|move|p1a: Kyurem|Freeze-Dry|p2a: Toxapex
|-supereffective|p2a: Toxapex
|-crit|p2a: Toxapex
|-damage|p2a: Toxapex|2/100
|
|-heal|p2a: Toxapex|9/100|[from] item: Black Sludge
|-damage|p1a: Kyurem|39/100 tox|[from] psn
|-sideend|p1: Unwallable|move: Aurora Veil
|upkeep
|turn|9
|
|t:|1617984981
|move|p2a: Toxapex|Baneful Bunker|p2a: Toxapex
|-singleturn|p2a: Toxapex|move: Protect
|move|p1a: Kyurem|Icicle Spear|p2a: Toxapex
|-activate|p2a: Toxapex|move: Protect
|
|-end|p1a: Kyurem|move: Future Sight
|-damage|p1a: Kyurem|0 fnt
|-heal|p2a: Toxapex|15/100|[from] item: Black Sludge
|faint|p1a: Kyurem
|upkeep
|
|t:|1617984985
|switch|p1a: Ninetales|Ninetales-Alola, M|100/100
|-weather|Hail|[from] ability: Snow Warning|[of] p1a: Ninetales
|turn|10
|
|t:|1617984990
|move|p1a: Ninetales|Aurora Veil|p1a: Ninetales
|-sidestart|p1: Unwallable|move: Aurora Veil
|move|p2a: Toxapex|Recover|p2a: Toxapex
|-heal|p2a: Toxapex|65/100
|
|-weather|Hail|[upkeep]
|-damage|p2a: Toxapex|59/100|[from] Hail
|-heal|p2a: Toxapex|65/100|[from] item: Black Sludge
|upkeep
|turn|11
|
|t:|1617984994
|move|p1a: Ninetales|Freeze-Dry|p2a: Toxapex
|-supereffective|p2a: Toxapex
|-damage|p2a: Toxapex|35/100
|move|p2a: Toxapex|Toxic Spikes|p1a: Ninetales
|-sidestart|p1: Unwallable|move: Toxic Spikes
|
|-weather|Hail|[upkeep]
|-damage|p2a: Toxapex|28/100|[from] Hail
|-heal|p2a: Toxapex|35/100|[from] item: Black Sludge
|upkeep
|turn|12
|
|t:|1617985002
|switch|p2a: Slowking|Slowking-Galar, M|82/100
|move|p1a: Ninetales|Encore||[still]
|-fail|p1a: Ninetales
|
|-weather|Hail|[upkeep]
|-damage|p2a: Slowking|76/100|[from] Hail
|upkeep
|turn|13
|
|t:|1617985006
|switch|p1a: Volcarona|Volcarona, F|100/100
|move|p2a: Slowking|Future Sight|p1a: Volcarona
|-start|p2a: Slowking|move: Future Sight
|
|-weather|Hail|[upkeep]
|-damage|p1a: Volcarona|94/100|[from] Hail
|-damage|p2a: Slowking|70/100|[from] Hail
|upkeep
|turn|14
|
|t:|1617985014
|switch|p2a: Toxapex|Toxapex, F|68/100
|-damage|p2a: Toxapex|55/100|[from] Stealth Rock
|move|p1a: Volcarona|Quiver Dance|p1a: Volcarona
|-boost|p1a: Volcarona|spa|1
|-boost|p1a: Volcarona|spd|1
|-boost|p1a: Volcarona|spe|1
|
|-weather|none
|-heal|p2a: Toxapex|62/100|[from] item: Black Sludge
|upkeep
|turn|15
|
|t:|1617985017
|move|p1a: Volcarona|Psychic|p2a: Toxapex
|-supereffective|p2a: Toxapex
|-damage|p2a: Toxapex|0 fnt
|faint|p2a: Toxapex
|
|-end|p1a: Volcarona|move: Future Sight
|-damage|p1a: Volcarona|50/100
|upkeep
|
|t:|1617985025
|switch|p2a: Slowking|Slowking-Galar, M|100/100
|turn|16
|
|t:|1617985034
|move|p1a: Volcarona|Bug Buzz|p2a: Slowking
|-damage|p2a: Slowking|38/100
|move|p2a: Slowking|Future Sight|p1a: Volcarona
|-start|p2a: Slowking|move: Future Sight
|
|upkeep
|turn|17
|
|t:|1617985042
|switch|p2a: Tornadus|Tornadus-Therian, M|100/100
|move|p1a: Volcarona|Fire Blast|p2a: Tornadus
|-damage|p2a: Tornadus|10/100
|-status|p2a: Tornadus|brn
|
|-damage|p2a: Tornadus|4/100 brn|[from] brn
|-sideend|p1: Unwallable|move: Aurora Veil
|upkeep
|turn|18
|
|t:|1617985047
|move|p1a: Volcarona|Psychic|p2a: Tornadus
|-damage|p2a: Tornadus|0 fnt
|faint|p2a: Tornadus
|
|-end|p1a: Volcarona|move: Future Sight
|-damage|p1a: Volcarona|4/100
|upkeep
|
|t:|1617985052
|switch|p2a: Slowking|Slowking-Galar, M|71/100
|turn|19
|
|t:|1617985054
|move|p1a: Volcarona|Fire Blast|p2a: Slowking
|-damage|p2a: Slowking|0 fnt
|faint|p2a: Slowking
|
|upkeep
|
|t:|1617985058
|switch|p2a: Tangrowth|Tangrowth, M|100/100
|-damage|p2a: Tangrowth|88/100|[from] Stealth Rock
|turn|20
|
|t:|1617985059
|move|p1a: Volcarona|Bug Buzz|p2a: Tangrowth
|-supereffective|p2a: Tangrowth
|-damage|p2a: Tangrowth|0 fnt
|faint|p2a: Tangrowth
|
|upkeep
|
|t:|1617985062
|switch|p2a: Amoonguss|Amoonguss, M|100/100
|-damage|p2a: Amoonguss|88/100|[from] Stealth Rock
|turn|21
|
|t:|1617985063
|move|p1a: Volcarona|Fire Blast|p2a: Amoonguss
|-supereffective|p2a: Amoonguss
|-damage|p2a: Amoonguss|0 fnt
|faint|p2a: Amoonguss
|
|win|Unwallable
|raw|Unwallable's rating: 1541 &rarr; <strong>1563</strong><br />(+22 for winning)
|raw|i know im horrible's rating: 1571 &rarr; <strong>1549</strong><br />(-22 for losing)
