|raw|<div class="broadcast-blue"><strong>This battle is required to be public due to a player having a name starting with 'lt92pf'.</div>
|j|‽hypervortexreturns
|j|☆LT92PFcry
|t:|1659671613
|gametype|singles
|player|p1|hypervortexreturns|102|1945
|player|p2|LT92PFcry|#dpppl2022luckylucarios|1912
|teamsize|p1|6
|teamsize|p2|6
|gen|8
|tier|[Gen 8] OU
|rated|
|rule|Sleep Clause Mod: Limit one foe put to sleep
|rule|Species Clause: Limit one of each Pokémon
|rule|OHKO Clause: OHKO moves are banned
|rule|Evasion Items Clause: Evasion items are banned
|rule|Evasion Moves Clause: Evasion moves are banned
|rule|Endless Battle Clause: Forcing endless battles is banned
|rule|HP Percentage Mod: HP is shown in percentages
|rule|Dynamax Clause: You cannot dynamax
|clearpoke
|poke|p1|Hydreigon, F|
|poke|p1|Excadrill, F|
|poke|p1|Azumarill, F|
|poke|p1|Corviknight, F|
|poke|p1|Zapdos|
|poke|p1|Tangrowth, M|
|poke|p2|Dragapult, F|
|poke|p2|Landorus-Therian, M|
|poke|p2|Ferrothorn, F|
|poke|p2|Nidoking, M|
|poke|p2|Crawdaunt, F|
|poke|p2|Aegislash, M|
|teampreview
|inactive|Battle timer is ON: inactive players will automatically lose when time's up. (requested by LT92PFcry)
|j| LT92PF Futility
|j| Jorgekaiser.jigsaw
|inactive|hypervortexreturns has 120 seconds left.
|inactive|LT92PFcry has 120 seconds left.
|j| have we gone
|j| Pikablu007
|j| SmartInResults
|j| Don Grippa
|j| LT92PF NAGI
|
|t:|1659671671
|start
|switch|p1a: Excadrill|Excadrill, F|100/100
|switch|p2a: Aegislash|Aegislash, M|100/100
|turn|1
|j| Hydraguru
|
|t:|1659671682
|move|p1a: Excadrill|Stealth Rock|p2a: Aegislash
|-sidestart|p2: LT92PFcry|move: Stealth Rock
|-formechange|p2a: Aegislash|Aegislash-Blade||[from] ability: Stance Change
|move|p2a: Aegislash|Close Combat|p1a: Excadrill
|-supereffective|p1a: Excadrill
|-damage|p1a: Excadrill|0 fnt
|-unboost|p2a: Aegislash|def|1
|-unboost|p2a: Aegislash|spd|1
|faint|p1a: Excadrill
|
|upkeep
|j| LT92PF Sage
|
|t:|1659671693
|switch|p1a: Tangrowth|Tangrowth, M|100/100
|turn|2
|j| arnavgupta
|
|t:|1659671699
|switch|p2a: Nidoking|Nidoking, M|100/100
|-damage|p2a: Nidoking|95/100|[from] Stealth Rock
|move|p1a: Tangrowth|Knock Off|p2a: Nidoking
|-damage|p2a: Nidoking|64/100
|-enditem|p2a: Nidoking|Choice Scarf|[from] move: Knock Off|[of] p1a: Tangrowth
|
|upkeep
|turn|3
|l| have we gone
|
|t:|1659671714
|switch|p1a: Hydreigon|Hydreigon, F|100/100
|move|p2a: Nidoking|Flamethrower|p1a: Hydreigon
|-resisted|p1a: Hydreigon
|-damage|p1a: Hydreigon|85/100
|
|-heal|p1a: Hydreigon|91/100|[from] item: Leftovers
|upkeep
|turn|4
|j| swedish beqfast
|
|t:|1659671725
|switch|p2a: Landorus|Landorus-Therian, M|100/100
|-damage|p2a: Landorus|88/100|[from] Stealth Rock
|-ability|p2a: Landorus|Intimidate|boost
|-unboost|p1a: Hydreigon|atk|1
|move|p1a: Hydreigon|Dark Pulse|p2a: Landorus
|-damage|p2a: Landorus|64/100
|
|-heal|p1a: Hydreigon|97/100|[from] item: Leftovers
|-heal|p2a: Landorus|70/100|[from] item: Leftovers
|upkeep
|turn|5
|
|t:|1659671739
|switch|p1a: Tangrowth|Tangrowth, M|100/100
|move|p2a: Landorus|Toxic|p1a: Tangrowth|[miss]
|-miss|p2a: Landorus|p1a: Tangrowth
|
|-heal|p2a: Landorus|76/100|[from] item: Leftovers
|upkeep
|turn|6
|
|t:|1659671747
|move|p2a: Landorus|Stealth Rock|p1a: Tangrowth
|-sidestart|p1: hypervortexreturns|move: Stealth Rock
|move|p1a: Tangrowth|Knock Off|p2a: Landorus
|-damage|p2a: Landorus|56/100
|-enditem|p2a: Landorus|Leftovers|[from] move: Knock Off|[of] p1a: Tangrowth
|
|upkeep
|turn|7
|j| maimslap
|j| LT92PF yeatfan
|j| Ava<3
|
|t:|1659671775
|switch|p1a: Corviknight|Corviknight, F|100/100
|-damage|p1a: Corviknight|88/100|[from] Stealth Rock
|-ability|p1a: Corviknight|Pressure
|move|p2a: Landorus|U-turn|p1a: Corviknight
|-resisted|p1a: Corviknight
|-damage|p1a: Corviknight|83/100
|l| LT92PF Futility
|
|t:|1659671782
|switch|p2a: Crawdaunt|Crawdaunt, F|100/100|[from]move: U-turn
|-damage|p2a: Crawdaunt|88/100|[from] Stealth Rock
|
|-heal|p1a: Corviknight|90/100|[from] item: Leftovers
|upkeep
|turn|8
|
|t:|1659671796
|switch|p1a: Tangrowth|Tangrowth, M|100/100
|-damage|p1a: Tangrowth|88/100|[from] Stealth Rock
|move|p2a: Crawdaunt|Swords Dance|p2a: Crawdaunt
|-boost|p2a: Crawdaunt|atk|2
|
|upkeep
|turn|9
|
|t:|1659671804
|move|p2a: Crawdaunt|Knock Off|p1a: Tangrowth
|-damage|p1a: Tangrowth|9/100
|-damage|p2a: Crawdaunt|72/100|[from] item: Rocky Helmet|[of] p1a: Tangrowth
|-enditem|p1a: Tangrowth|Rocky Helmet|[from] move: Knock Off|[of] p2a: Crawdaunt
|move|p1a: Tangrowth|Power Whip|p2a: Crawdaunt
|-supereffective|p2a: Crawdaunt
|-damage|p2a: Crawdaunt|0 fnt
|faint|p2a: Crawdaunt
|
|upkeep
|j| SiriCelebi
|
|t:|1659671828
|switch|p2a: Nidoking|Nidoking, M|64/100
|-damage|p2a: Nidoking|58/100|[from] Stealth Rock
|turn|10
|inactive|hypervortexreturns has 120 seconds left.
|
|t:|1659671860
|switch|p1a: Hydreigon|Hydreigon, F|97/100
|-damage|p1a: Hydreigon|85/100|[from] Stealth Rock
|move|p2a: Nidoking|Ice Beam|p1a: Hydreigon
|-supereffective|p1a: Hydreigon
|-damage|p1a: Hydreigon|27/100
|
|-heal|p1a: Hydreigon|33/100|[from] item: Leftovers
|upkeep
|turn|11
|inactive|hypervortexreturns has 120 seconds left.
|
|t:|1659671872
|move|p1a: Hydreigon|Roost|p1a: Hydreigon
|-heal|p1a: Hydreigon|83/100
|-singleturn|p1a: Hydreigon|move: Roost
|move|p2a: Nidoking|Ice Beam|p1a: Hydreigon
|-supereffective|p1a: Hydreigon
|-damage|p1a: Hydreigon|24/100
|
|-heal|p1a: Hydreigon|30/100|[from] item: Leftovers
|upkeep
|turn|12
|
|t:|1659671880
|move|p1a: Hydreigon|Earth Power|p2a: Nidoking
|-supereffective|p2a: Nidoking
|-damage|p2a: Nidoking|0 fnt
|faint|p2a: Nidoking
|
|-heal|p1a: Hydreigon|36/100|[from] item: Leftovers
|upkeep
|l| Jorgekaiser.jigsaw
|j| Jorgekaiser.jigsaw
|
|t:|1659671894
|switch|p2a: Dragapult|Dragapult, F|100/100
|-damage|p2a: Dragapult|88/100|[from] Stealth Rock
|turn|13
|j| 50 at max
|
|t:|1659671910
|switch|p1a: Corviknight|Corviknight, F|90/100
|-damage|p1a: Corviknight|77/100|[from] Stealth Rock
|-ability|p1a: Corviknight|Pressure
|move|p2a: Dragapult|U-turn|p1a: Corviknight
|-resisted|p1a: Corviknight
|-damage|p1a: Corviknight|74/100
|
|t:|1659671914
|switch|p2a: Aegislash|Aegislash, M|100/100|[from]move: U-turn
|-damage|p2a: Aegislash|94/100|[from] Stealth Rock
|
|-heal|p1a: Corviknight|80/100|[from] item: Leftovers
|upkeep
|turn|14
|
|t:|1659671932
|move|p1a: Corviknight|Taunt|p2a: Aegislash
|-start|p2a: Aegislash|move: Taunt
|cant|p2a: Aegislash|move: Taunt|Swords Dance
|
|-heal|p1a: Corviknight|86/100|[from] item: Leftovers
|upkeep
|turn|15
|
|t:|1659671944
|switch|p1a: Zapdos|Zapdos|100/100
|switch|p2a: Dragapult|Dragapult, F|88/100
|-damage|p2a: Dragapult|76/100|[from] Stealth Rock
|
|upkeep
|turn|16
|j| Fourthstar
|
|t:|1659671956
|move|p2a: Dragapult|Draco Meteor|p1a: Zapdos
|-damage|p1a: Zapdos|25/100
|-unboost|p2a: Dragapult|spa|2
|move|p1a: Zapdos|Hurricane|p2a: Dragapult
|-damage|p2a: Dragapult|13/100
|-start|p2a: Dragapult|confusion
|
|upkeep
|turn|17
|
|t:|1659671981
|-activate|p2a: Dragapult|confusion
|move|p2a: Dragapult|Draco Meteor|p1a: Zapdos
|-damage|p1a: Zapdos|0 fnt
|-unboost|p2a: Dragapult|spa|2
|faint|p1a: Zapdos
|
|upkeep
|
|t:|1659671987
|switch|p1a: Azumarill|Azumarill, F|100/100
|-damage|p1a: Azumarill|88/100|[from] Stealth Rock
|turn|18
|j| zhanikov
|
|t:|1659671994
|switch|p2a: Ferrothorn|Ferrothorn, F|100/100
|-damage|p2a: Ferrothorn|94/100|[from] Stealth Rock
|move|p1a: Azumarill|Belly Drum|p1a: Azumarill
|-damage|p1a: Azumarill|38/100
|-setboost|p1a: Azumarill|atk|6|[from] move: Belly Drum
|-enditem|p1a: Azumarill|Sitrus Berry|[eat]
|-heal|p1a: Azumarill|63/100|[from] item: Sitrus Berry
|
|upkeep
|turn|19
|
|t:|1659672004
|move|p1a: Azumarill|Knock Off|p2a: Ferrothorn
|-damage|p2a: Ferrothorn|0 fnt
|-damage|p1a: Azumarill|51/100|[from] ability: Iron Barbs|[of] p2a: Ferrothorn
|-enditem|p2a: Ferrothorn|Shed Shell|[from] move: Knock Off|[of] p1a: Azumarill
|faint|p2a: Ferrothorn
|
|upkeep
|l| Fourthstar
|
|t:|1659672028
|switch|p2a: Aegislash|Aegislash, M|94/100
|-damage|p2a: Aegislash|88/100|[from] Stealth Rock
|turn|20
|
|t:|1659672034
|move|p1a: Azumarill|Aqua Jet|p2a: Aegislash
|-damage|p2a: Aegislash|3/100
|-formechange|p2a: Aegislash|Aegislash-Blade||[from] ability: Stance Change
|move|p2a: Aegislash|Shadow Claw|p1a: Azumarill
|-damage|p1a: Azumarill|0 fnt
|faint|p1a: Azumarill
|
|upkeep
|inactive|hypervortexreturns has 120 seconds left.
|
|t:|1659672067
|switch|p1a: Tangrowth|Tangrowth, M|43/100
|-damage|p1a: Tangrowth|30/100|[from] Stealth Rock
|turn|21
|
|t:|1659672078
|move|p2a: Aegislash|Close Combat|p1a: Tangrowth
|-damage|p1a: Tangrowth|6/100
|-unboost|p2a: Aegislash|def|1
|-unboost|p2a: Aegislash|spd|1
|move|p1a: Tangrowth|Knock Off|p2a: Aegislash
|-supereffective|p2a: Aegislash
|-damage|p2a: Aegislash|0 fnt
|-enditem|p2a: Aegislash|Weakness Policy|[from] move: Knock Off|[of] p1a: Tangrowth
|faint|p2a: Aegislash
|
|upkeep
|inactive|LT92PFcry has 120 seconds left.
|
|t:|1659672105
|switch|p2a: Dragapult|Dragapult, F|13/100
|-damage|p2a: Dragapult|1/100|[from] Stealth Rock
|turn|22
|l| 50 at max
|j| fu shun ha
|
|t:|1659672111
|move|p2a: Dragapult|Flamethrower|p1a: Tangrowth
|-supereffective|p1a: Tangrowth
|-damage|p1a: Tangrowth|0 fnt
|faint|p1a: Tangrowth
|
|upkeep
|
|t:|1659672125
|switch|p1a: Hydreigon|Hydreigon, F|36/100
|-damage|p1a: Hydreigon|24/100|[from] Stealth Rock
|turn|23
|
|t:|1659672130
|move|p2a: Dragapult|Flamethrower|p1a: Hydreigon
|-resisted|p1a: Hydreigon
|-damage|p1a: Hydreigon|6/100
|move|p1a: Hydreigon|Dark Pulse|p2a: Dragapult
|-supereffective|p2a: Dragapult
|-damage|p2a: Dragapult|0 fnt
|faint|p2a: Dragapult
|
|-heal|p1a: Hydreigon|13/100|[from] item: Leftovers
|upkeep
|
|t:|1659672133
|switch|p2a: Landorus|Landorus-Therian, M|56/100
|-damage|p2a: Landorus|43/100|[from] Stealth Rock
|-ability|p2a: Landorus|Intimidate|boost
|-unboost|p1a: Hydreigon|atk|1
|turn|24
|
|t:|1659672160
|move|p1a: Hydreigon|Dark Pulse|p2a: Landorus
|-damage|p2a: Landorus|20/100
|move|p2a: Landorus|U-turn|p1a: Hydreigon
|-supereffective|p1a: Hydreigon
|-damage|p1a: Hydreigon|0 fnt
|faint|p1a: Hydreigon
|
|upkeep
|
|t:|1659672167
|switch|p1a: Corviknight|Corviknight, F|86/100
|-damage|p1a: Corviknight|74/100|[from] Stealth Rock
|-ability|p1a: Corviknight|Pressure
|turn|25
|
|t:|1659672174
|move|p2a: Landorus|U-turn|p1a: Corviknight
|-resisted|p1a: Corviknight
|-damage|p1a: Corviknight|69/100
|move|p1a: Corviknight|Brave Bird|p2a: Landorus
|-damage|p2a: Landorus|0 fnt
|faint|p2a: Landorus
|-damage|p1a: Corviknight|63/100|[from] Recoil
|
|win|hypervortexreturns
|raw|hypervortexreturns's rating: 1916 &rarr; <strong>1936</strong><br />(+20 for winning)
|raw|LT92PFcry's rating: 1912 &rarr; <strong>1892</strong><br />(-20 for losing)
