|html|<div class="broadcast-blue"><strong>[Gen 8] OU is currently suspecting Melmetal! For information on how to participate check out the <a href="https://www.smogon.com/forums/threads/np-ss-ou-suspect-process-round-12-monster-mash.3709234/">suspect thread</a>.</strong></div>
|j|☆Shootingwolf
|j|☆RggV_YT
|t:|1666936569
|gametype|singles
|player|p1|Shootingwolf|lass|1723
|player|p2|RggV_YT|scientist-gen4|1774
|teamsize|p1|6
|teamsize|p2|6
|gen|8
|tier|[Gen 8] OU
|rated|
|rule|Sleep Clause Mod: Limit one foe put to sleep
|rule|Species Clause: Limit one of each Pokémon
|rule|OHKO Clause: OHKO moves are banned
|rule|Evasion Items Clause: Evasion items are banned
|rule|Evasion Moves Clause: Evasion moves are banned
|rule|Endless Battle Clause: Forcing endless battles is banned
|rule|HP Percentage Mod: HP is shown in percentages
|rule|Dynamax Clause: You cannot dynamax
|clearpoke
|poke|p1|Tapu Lele|
|poke|p1|Garchomp, M|
|poke|p1|Tyranitar, M|
|poke|p1|Corviknight, F|
|poke|p1|Kartana|
|poke|p1|Toxapex, F|
|poke|p2|Dragapult, M|
|poke|p2|Rotom-Wash|
|poke|p2|Landorus-Therian, M|
|poke|p2|Melmetal|
|poke|p2|Weavile, M|
|poke|p2|Kartana|
|teampreview
|inactive|Battle timer is ON: inactive players will automatically lose when time's up. (requested by RggV_YT)
|j| cypherstest
|j| i dont do suspects
|inactive|RggV_YT has 120 seconds left.
|inactive|RggV_YT has 90 seconds left.
|
|t:|1666936639
|start
|switch|p1a: Tapu Lele|Tapu Lele, shiny|100/100
|switch|p2a: Fate|Melmetal, shiny|100/100
|-fieldstart|move: Psychic Terrain|[from] ability: Psychic Surge|[of] p1a: Tapu Lele
|turn|1
|inactive|Shootingwolf has 120 seconds left.
|
|t:|1666936683
|switch|p1a: Toxapex|Toxapex, F, shiny|100/100
|switch|p2a: Enten|Landorus-Therian, M, shiny|100/100
|-ability|p2a: Enten|Intimidate|boost
|-unboost|p1a: Toxapex|atk|1
|
|upkeep
|turn|2
|
|t:|1666936691
|move|p2a: Enten|Stealth Rock|p1a: Toxapex
|-sidestart|p1: Shootingwolf|move: Stealth Rock
|move|p1a: Toxapex|Toxic|p2a: Enten
|-status|p2a: Enten|tox
|
|-damage|p2a: Enten|94/100 tox|[from] psn
|upkeep
|turn|3
|
|t:|1666936698
|move|p2a: Enten|U-turn|p1a: Toxapex
|-resisted|p1a: Toxapex
|-damage|p1a: Toxapex|94/100
|-damage|p2a: Enten|78/100 tox|[from] item: Rocky Helmet|[of] p1a: Toxapex
|
|t:|1666936701
|switch|p2a: Phantom|Rotom-Wash, shiny|100/100|[from]move: U-turn
|move|p1a: Toxapex|Scald|p2a: Phantom
|-resisted|p2a: Phantom
|-damage|p2a: Phantom|90/100
|-status|p2a: Phantom|brn
|
|-heal|p2a: Phantom|96/100 brn|[from] item: Leftovers
|-damage|p2a: Phantom|90/100 brn|[from] brn
|upkeep
|turn|4
|
|t:|1666936709
|move|p2a: Phantom|Nasty Plot|p2a: Phantom
|-boost|p2a: Phantom|spa|2
|move|p1a: Toxapex|Recover|p1a: Toxapex
|-heal|p1a: Toxapex|100/100
|
|-heal|p2a: Phantom|96/100 brn|[from] item: Leftovers
|-damage|p2a: Phantom|90/100 brn|[from] brn
|upkeep
|turn|5
|
|t:|1666936713
|switch|p1a: Garchomp|Garchomp, M, shiny|100/100
|-damage|p1a: Garchomp|94/100|[from] Stealth Rock
|move|p2a: Phantom|Volt Switch|p1a: Garchomp
|-immune|p1a: Garchomp
|
|-heal|p1a: Garchomp|100/100|[from] item: Leftovers
|-heal|p2a: Phantom|96/100 brn|[from] item: Leftovers
|-damage|p2a: Phantom|90/100 brn|[from] brn
|-fieldend|move: Psychic Terrain
|upkeep
|turn|6
|
|t:|1666936719
|switch|p1a: Toxapex|Toxapex, F, shiny|100/100
|-damage|p1a: Toxapex|88/100|[from] Stealth Rock
|move|p2a: Phantom|Hydro Pump|p1a: Toxapex|[miss]
|-miss|p2a: Phantom|p1a: Toxapex
|
|-heal|p2a: Phantom|96/100 brn|[from] item: Leftovers
|-damage|p2a: Phantom|90/100 brn|[from] brn
|upkeep
|turn|7
|
|t:|1666936725
|switch|p1a: Tyranitar|Tyranitar, M, shiny|100/100
|-damage|p1a: Tyranitar|88/100|[from] Stealth Rock
|-weather|Sandstorm|[from] ability: Sand Stream|[of] p1a: Tyranitar
|move|p2a: Phantom|Volt Switch|p1a: Tyranitar
|-damage|p1a: Tyranitar|59/100
|j| LT_Alt1
|
|t:|1666936740
|switch|p2a: Deathstroke|Kartana, shiny|100/100|[from]move: Volt Switch
|
|-weather|Sandstorm|[upkeep]
|-heal|p1a: Tyranitar|65/100|[from] item: Leftovers
|upkeep
|turn|8
|
|t:|1666936748
|move|p2a: Deathstroke|Knock Off|p1a: Tyranitar
|-resisted|p1a: Tyranitar
|-damage|p1a: Tyranitar|47/100
|-enditem|p1a: Tyranitar|Leftovers|[from] move: Knock Off|[of] p2a: Deathstroke
|move|p1a: Tyranitar|Stealth Rock|p2a: Deathstroke
|-sidestart|p2: RggV_YT|move: Stealth Rock
|
|-weather|Sandstorm|[upkeep]
|upkeep
|turn|9
|
|t:|1666936767
|switch|p1a: Toxapex|Toxapex, F, shiny|100/100
|-damage|p1a: Toxapex|88/100|[from] Stealth Rock
|move|p2a: Deathstroke|Knock Off|p1a: Toxapex
|-damage|p1a: Toxapex|60/100
|-damage|p2a: Deathstroke|84/100|[from] item: Rocky Helmet|[of] p1a: Toxapex
|-enditem|p1a: Toxapex|Rocky Helmet|[from] move: Knock Off|[of] p2a: Deathstroke
|
|-weather|Sandstorm|[upkeep]
|-damage|p1a: Toxapex|54/100|[from] Sandstorm
|upkeep
|turn|10
|
|t:|1666936776
|switch|p2a: Phantom|Rotom-Wash, shiny|90/100 brn
|-damage|p2a: Phantom|78/100 brn|[from] Stealth Rock
|switch|p1a: Tapu Lele|Tapu Lele, shiny|100/100
|-damage|p1a: Tapu Lele|88/100|[from] Stealth Rock
|-fieldstart|move: Psychic Terrain|[from] ability: Psychic Surge|[of] p1a: Tapu Lele
|
|-weather|Sandstorm|[upkeep]
|-damage|p1a: Tapu Lele|82/100|[from] Sandstorm
|-damage|p2a: Phantom|71/100 brn|[from] Sandstorm
|-heal|p2a: Phantom|78/100 brn|[from] item: Leftovers
|-damage|p2a: Phantom|71/100 brn|[from] brn
|upkeep
|turn|11
|
|t:|1666936781
|switch|p2a: Fate|Melmetal, shiny|100/100
|-damage|p2a: Fate|94/100|[from] Stealth Rock
|move|p1a: Tapu Lele|Psychic|p2a: Fate
|-resisted|p2a: Fate
|-damage|p2a: Fate|47/100
|
|-weather|none
|upkeep
|turn|12
|
|t:|1666936792
|switch|p1a: Corviknight|Corviknight, F|100/100
|-damage|p1a: Corviknight|88/100|[from] Stealth Rock
|-ability|p1a: Corviknight|Pressure
|switch|p2a: Bandit|Weavile, M, shiny|100/100
|-damage|p2a: Bandit|76/100|[from] Stealth Rock
|-ability|p2a: Bandit|Pressure
|
|upkeep
|turn|13
|j| hdjs dbhej
|
|t:|1666936802
|move|p2a: Bandit|Beat Up|p1a: Corviknight
|-damage|p1a: Corviknight|79/100
|-damage|p1a: Corviknight|71/100
|-damage|p1a: Corviknight|63/100
|-damage|p1a: Corviknight|53/100
|-hitcount|p1a: Corviknight|4
|move|p1a: Corviknight|U-turn|p2a: Bandit
|-supereffective|p2a: Bandit
|-damage|p2a: Bandit|26/100
|
|t:|1666936810
|switch|p1a: Toxapex|Toxapex, F, shiny|88/100|[from]move: U-turn
|-damage|p1a: Toxapex|75/100|[from] Stealth Rock
|
|upkeep
|turn|14
|
|t:|1666936824
|switch|p2a: Phantom|Rotom-Wash, shiny|71/100 brn
|-damage|p2a: Phantom|59/100 brn|[from] Stealth Rock
|move|p1a: Toxapex|Scald|p2a: Phantom
|-resisted|p2a: Phantom
|-damage|p2a: Phantom|48/100 brn
|
|-heal|p2a: Phantom|54/100 brn|[from] item: Leftovers
|-damage|p2a: Phantom|48/100 brn|[from] brn
|-fieldend|move: Psychic Terrain
|upkeep
|turn|15
|
|t:|1666936832
|switch|p1a: Garchomp|Garchomp, M, shiny|100/100
|-damage|p1a: Garchomp|94/100|[from] Stealth Rock
|move|p2a: Phantom|Volt Switch|p1a: Garchomp
|-immune|p1a: Garchomp
|
|-heal|p1a: Garchomp|100/100|[from] item: Leftovers
|-heal|p2a: Phantom|54/100 brn|[from] item: Leftovers
|-damage|p2a: Phantom|48/100 brn|[from] brn
|upkeep
|turn|16
|
|t:|1666936840
|move|p1a: Garchomp|Scale Shot|p2a: Phantom
|-damage|p2a: Phantom|29/100 brn
|-damage|p2a: Phantom|10/100 brn
|-damage|p2a: Phantom|0 fnt
|faint|p2a: Phantom
|-hitcount|p2: Phantom|3
|-unboost|p1a: Garchomp|def|1
|-boost|p1a: Garchomp|spe|1
|
|upkeep
|
|t:|1666936843
|switch|p2a: Bandit|Weavile, M, shiny|26/100
|-damage|p2a: Bandit|2/100|[from] Stealth Rock
|-ability|p2a: Bandit|Pressure
|turn|17
|j| Noob 0_o
|
|t:|1666936849
|switch|p1a: Tyranitar|Tyranitar, M, shiny|47/100
|-damage|p1a: Tyranitar|35/100|[from] Stealth Rock
|-weather|Sandstorm|[from] ability: Sand Stream|[of] p1a: Tyranitar
|move|p2a: Bandit|Ice Shard|p1a: Tyranitar
|-damage|p1a: Tyranitar|12/100
|
|-weather|Sandstorm|[upkeep]
|-damage|p2a: Bandit|0 fnt|[from] Sandstorm
|faint|p2a: Bandit
|upkeep
|
|t:|1666936857
|switch|p2a: Deathstroke|Kartana, shiny|84/100
|-damage|p2a: Deathstroke|78/100|[from] Stealth Rock
|turn|18
|
|t:|1666936867
|switch|p1a: Toxapex|Toxapex, F, shiny|100/100
|-damage|p1a: Toxapex|88/100|[from] Stealth Rock
|move|p2a: Deathstroke|Leaf Blade|p1a: Toxapex
|-damage|p1a: Toxapex|49/100
|
|-weather|Sandstorm|[upkeep]
|-damage|p1a: Toxapex|43/100|[from] Sandstorm
|upkeep
|turn|19
|
|t:|1666936876
|switch|p1a: Corviknight|Corviknight, F|53/100
|-damage|p1a: Corviknight|41/100|[from] Stealth Rock
|-ability|p1a: Corviknight|Pressure
|move|p2a: Deathstroke|Leaf Blade|p1a: Corviknight
|-resisted|p1a: Corviknight
|-crit|p1a: Corviknight
|-damage|p1a: Corviknight|27/100
|-damage|p2a: Deathstroke|61/100|[from] item: Rocky Helmet|[of] p1a: Corviknight
|
|-weather|Sandstorm|[upkeep]
|upkeep
|turn|20
|
|t:|1666936885
|switch|p2a: Leviathan|Dragapult, M, shiny|100/100
|-damage|p2a: Leviathan|88/100|[from] Stealth Rock
|move|p1a: Corviknight|Roost|p1a: Corviknight
|-heal|p1a: Corviknight|77/100
|-singleturn|p1a: Corviknight|move: Roost
|
|-weather|Sandstorm|[upkeep]
|-damage|p2a: Leviathan|82/100|[from] Sandstorm
|upkeep
|turn|21
|
|t:|1666936888
|switch|p1a: Tyranitar|Tyranitar, M, shiny|12/100
|-damage|p1a: Tyranitar|0 fnt|[from] Stealth Rock
|faint|p1a: Tyranitar
|move|p2a: Leviathan|Shadow Ball|p1: Tyranitar|[notarget]
|-fail|p2a: Leviathan
|
|-weather|none
|upkeep
|
|t:|1666936893
|switch|p1a: Kartana|Kartana|100/100
|-damage|p1a: Kartana|94/100|[from] Stealth Rock
|turn|22
|
|t:|1666936896
|switch|p2a: Enten|Landorus-Therian, M, shiny|78/100 tox
|-damage|p2a: Enten|66/100 tox|[from] Stealth Rock
|-ability|p2a: Enten|Intimidate|boost
|-unboost|p1a: Kartana|atk|1
|move|p1a: Kartana|Knock Off|p2a: Enten
|-crit|p2a: Enten
|-damage|p2a: Enten|7/100 tox
|-enditem|p2a: Enten|Leftovers|[from] move: Knock Off|[of] p1a: Kartana
|
|-damage|p2a: Enten|0 fnt|[from] psn
|faint|p2a: Enten
|upkeep
|
|t:|1666936900
|switch|p2a: Deathstroke|Kartana, shiny|61/100
|-damage|p2a: Deathstroke|55/100|[from] Stealth Rock
|turn|23
|j| Blade flash
|
|t:|1666936904
|switch|p2a: Leviathan|Dragapult, M, shiny|82/100
|-damage|p2a: Leviathan|70/100|[from] Stealth Rock
|switch|p1a: Corviknight|Corviknight, F|77/100
|-damage|p1a: Corviknight|65/100|[from] Stealth Rock
|-ability|p1a: Corviknight|Pressure
|
|upkeep
|turn|24
|
|t:|1666936911
|switch|p1a: Toxapex|Toxapex, F, shiny|77/100
|-damage|p1a: Toxapex|65/100|[from] Stealth Rock
|move|p2a: Leviathan|Shadow Ball|p1a: Toxapex
|-damage|p1a: Toxapex|16/100
|
|upkeep
|turn|25
|
|t:|1666936917
|move|p2a: Leviathan|Shadow Ball|p1a: Toxapex
|-damage|p1a: Toxapex|0 fnt
|faint|p1a: Toxapex
|
|upkeep
|
|t:|1666936925
|switch|p1a: Kartana|Kartana|94/100
|-damage|p1a: Kartana|88/100|[from] Stealth Rock
|turn|26
|
|t:|1666936927
|switch|p2a: Fate|Melmetal, shiny|47/100
|-damage|p2a: Fate|41/100|[from] Stealth Rock
|move|p1a: Kartana|Knock Off|p2a: Fate
|-damage|p2a: Fate|17/100
|-enditem|p2a: Fate|Choice Band|[from] move: Knock Off|[of] p1a: Kartana
|
|upkeep
|turn|27
|
|t:|1666936937
|switch|p1a: Garchomp|Garchomp, M, shiny|100/100
|-damage|p1a: Garchomp|94/100|[from] Stealth Rock
|move|p2a: Fate|Thunder Punch|p1a: Garchomp
|-immune|p1a: Garchomp
|
|-heal|p1a: Garchomp|100/100|[from] item: Leftovers
|upkeep
|turn|28
|c|☆RggV_YT|Gg
|-message|RggV_YT forfeited.
|
|win|Shootingwolf
|raw|Shootingwolf's rating: 1723 &rarr; <strong>1746</strong><br />(+23 for winning)
|raw|RggV_YT's rating: 1774 &rarr; <strong>1751</strong><br />(-23 for losing)
|l|☆RggV_YT
|c|☆Shootingwolf|yes
|c|☆Shootingwolf|撅了
|c|☆Shootingwolf|homo特有の完全胜利
