|j|☆2(H2O)-Alt
|j|☆Anthouille
|t:|1654968663
|gametype|singles
|player|p1|2(H2O)-Alt|lady|1683
|player|p2|Anthouille|bertha|1671
|teamsize|p1|6
|teamsize|p2|6
|gen|8
|tier|[Gen 8] OU
|rated|
|rule|Sleep Clause Mod: Limit one foe put to sleep
|rule|Species Clause: Limit one of each Pokémon
|rule|OHKO Clause: OHKO moves are banned
|rule|Evasion Moves Clause: Evasion moves are banned
|rule|Endless Battle Clause: Forcing endless battles is banned
|rule|HP Percentage Mod: HP is shown in percentages
|rule|Dynamax Clause: You cannot dynamax
|clearpoke
|poke|p1|Tapu Lele|
|poke|p1|Victini|
|poke|p1|Melmetal|
|poke|p1|Dragonite, M|
|poke|p1|Landorus-Therian, M|
|poke|p1|Urshifu-*, M|
|poke|p2|Heatran, F|
|poke|p2|Landorus-Therian, M|
|poke|p2|Urshifu-*, M|
|poke|p2|Rillaboom, F|
|poke|p2|Zapdos|
|poke|p2|Tapu Fini|
|teampreview
|
|t:|1654968669
|start
|switch|p1a: Urshifu|Urshifu-Rapid-Strike, M|100/100
|switch|p2a: Landorus|Landorus-Therian, M|100/100
|-ability|p2a: Landorus|Intimidate|boost
|-unboost|p1a: Urshifu|atk|1
|turn|1
|inactive|Battle timer is ON: inactive players will automatically lose when time's up. (requested by Anthouille)
|
|t:|1654968676
|switch|p2a: Zapdos|Zapdos|100/100
|move|p1a: Urshifu|U-turn|p2a: Zapdos
|-resisted|p2a: Zapdos
|-damage|p2a: Zapdos|91/100
|
|t:|1654968681
|switch|p1a: Tapu Lele|Tapu Lele|100/100|[from]move: U-turn
|-fieldstart|move: Psychic Terrain|[from] ability: Psychic Surge|[of] p1a: Tapu Lele
|
|upkeep
|turn|2
|
|t:|1654968683
|switch|p2a: Heatran|Heatran, F|100/100
|move|p1a: Tapu Lele|Future Sight|p2a: Heatran
|-start|p1a: Tapu Lele|move: Future Sight
|
|upkeep
|turn|3
|
|t:|1654968687
|switch|p1a: Urshifu|Urshifu-Rapid-Strike, M|100/100
|move|p2a: Heatran|Magma Storm|p1a: Urshifu
|-resisted|p1a: Urshifu
|-damage|p1a: Urshifu|68/100
|-activate|p1a: Urshifu|move: Magma Storm|[of] p2a: Heatran
|
|-damage|p1a: Urshifu|56/100|[from] move: Magma Storm|[partiallytrapped]
|upkeep
|turn|4
|
|t:|1654968691
|switch|p2a: Tapu Fini|Tapu Fini|100/100
|-fieldstart|move: Misty Terrain|[from] ability: Misty Surge|[of] p2a: Tapu Fini
|move|p1a: Urshifu|Close Combat|p2a: Tapu Fini
|-resisted|p2a: Tapu Fini
|-damage|p2a: Tapu Fini|58/100
|-unboost|p1a: Urshifu|def|1
|-unboost|p1a: Urshifu|spd|1
|
|-end|p2a: Tapu Fini|move: Future Sight
|-damage|p2a: Tapu Fini|6/100
|-end|p1a: Urshifu|Magma Storm|[partiallytrapped]|[silent]
|upkeep
|turn|5
|
|t:|1654968694
|move|p2a: Tapu Fini|Moonblast|p1a: Urshifu
|-supereffective|p1a: Urshifu
|-damage|p1a: Urshifu|0 fnt
|faint|p1a: Urshifu
|
|upkeep
|
|t:|1654968695
|switch|p1a: Victini|Victini|100/100
|turn|6
|
|t:|1654968701
|switch|p2a: Landorus|Landorus-Therian, M|100/100
|-ability|p2a: Landorus|Intimidate|boost
|-unboost|p1a: Victini|atk|1
|move|p1a: Victini|U-turn|p2a: Landorus
|-resisted|p2a: Landorus
|-damage|p2a: Landorus|96/100
|
|t:|1654968707
|switch|p1a: Melmetal|Melmetal|100/100|[from]move: U-turn
|
|-heal|p2a: Landorus|100/100|[from] item: Leftovers
|upkeep
|turn|7
|
|t:|1654968711
|move|p2a: Landorus|U-turn|p1a: Melmetal
|-resisted|p1a: Melmetal
|-damage|p1a: Melmetal|94/100
|
|t:|1654968715
|switch|p2a: Urshifu|Urshifu-Rapid-Strike, M|100/100|[from]move: U-turn
|move|p1a: Melmetal|Ice Punch|p2a: Urshifu
|-resisted|p2a: Urshifu
|-damage|p2a: Urshifu|83/100
|
|upkeep
|turn|8
|
|t:|1654968721
|switch|p2a: Landorus|Landorus-Therian, M|100/100
|-ability|p2a: Landorus|Intimidate|boost
|-unboost|p1a: Melmetal|atk|1
|switch|p1a: Dragonite|Dragonite, M|100/100
|
|-fieldend|Misty Terrain
|upkeep
|turn|9
|
|t:|1654968724
|switch|p1a: Landorus|Landorus-Therian, M|100/100
|-ability|p1a: Landorus|Intimidate|boost
|-unboost|p2a: Landorus|atk|1
|move|p2a: Landorus|Knock Off|p1a: Landorus
|-damage|p1a: Landorus|78/100
|-enditem|p1a: Landorus|Leftovers|[from] move: Knock Off|[of] p2a: Landorus
|
|upkeep
|turn|10
|
|t:|1654968730
|move|p1a: Landorus|Stealth Rock|p2a: Landorus
|-sidestart|p2: Anthouille|move: Stealth Rock
|move|p2a: Landorus|Stealth Rock|p1a: Landorus
|-sidestart|p1: 2(H2O)-Alt|move: Stealth Rock
|
|upkeep
|turn|11
|
|t:|1654968734
|move|p1a: Landorus|Toxic|p2a: Landorus
|-status|p2a: Landorus|tox
|move|p2a: Landorus|U-turn|p1a: Landorus
|-resisted|p1a: Landorus
|-damage|p1a: Landorus|70/100
|
|t:|1654968736
|switch|p2a: Urshifu|Urshifu-Rapid-Strike, M|83/100|[from]move: U-turn
|-damage|p2a: Urshifu|76/100|[from] Stealth Rock
|
|upkeep
|turn|12
|
|t:|1654968741
|switch|p1a: Dragonite|Dragonite, M|100/100
|move|p2a: Urshifu|Surging Strikes|p1a: Dragonite
|-resisted|p1a: Dragonite
|-crit|p1a: Dragonite
|-damage|p1a: Dragonite|95/100
|-resisted|p1a: Dragonite
|-crit|p1a: Dragonite
|-damage|p1a: Dragonite|84/100
|-resisted|p1a: Dragonite
|-crit|p1a: Dragonite
|-damage|p1a: Dragonite|74/100
|-hitcount|p1a: Dragonite|3
|
|upkeep
|turn|13
|
|t:|1654968746
|switch|p2a: Zapdos|Zapdos|91/100
|move|p1a: Dragonite|Roost|p1a: Dragonite
|-heal|p1a: Dragonite|100/100
|-singleturn|p1a: Dragonite|move: Roost
|
|upkeep
|turn|14
|
|t:|1654968751
|switch|p1a: Landorus|Landorus-Therian, M|70/100
|-damage|p1a: Landorus|58/100|[from] Stealth Rock
|-ability|p1a: Landorus|Intimidate|boost
|-unboost|p2a: Zapdos|atk|1
|move|p2a: Zapdos|Discharge|p1a: Landorus
|-immune|p1a: Landorus
|
|upkeep
|turn|15
|
|t:|1654968758
|move|p2a: Zapdos|Hurricane|p1a: Landorus
|-damage|p1a: Landorus|24/100
|move|p1a: Landorus|Toxic|p2a: Zapdos
|-status|p2a: Zapdos|tox
|
|-damage|p2a: Zapdos|85/100 tox|[from] psn
|upkeep
|turn|16
|
|t:|1654968762
|move|p2a: Zapdos|Hurricane|p1a: Landorus|[miss]
|-miss|p2a: Zapdos|p1a: Landorus
|move|p1a: Landorus|U-turn|p2a: Zapdos
|-resisted|p2a: Zapdos
|-damage|p2a: Zapdos|76/100 tox
|
|t:|1654968769
|switch|p1a: Tapu Lele|Tapu Lele|100/100|[from]move: U-turn
|-damage|p1a: Tapu Lele|88/100|[from] Stealth Rock
|-fieldstart|move: Psychic Terrain|[from] ability: Psychic Surge|[of] p1a: Tapu Lele
|
|-damage|p2a: Zapdos|64/100 tox|[from] psn
|upkeep
|turn|17
|
|t:|1654968776
|switch|p2a: Heatran|Heatran, F|100/100
|-damage|p2a: Heatran|88/100|[from] Stealth Rock
|move|p1a: Tapu Lele|Future Sight|p2a: Heatran
|-start|p1a: Tapu Lele|move: Future Sight
|
|-heal|p2a: Heatran|94/100|[from] item: Leftovers
|upkeep
|turn|18
|
|t:|1654968779
|switch|p1a: Dragonite|Dragonite, M|100/100
|move|p2a: Heatran|Magma Storm|p1a: Dragonite
|-resisted|p1a: Dragonite
|-damage|p1a: Dragonite|92/100
|-activate|p1a: Dragonite|move: Magma Storm|[of] p2a: Heatran
|
|-heal|p2a: Heatran|100/100|[from] item: Leftovers
|-damage|p1a: Dragonite|80/100|[from] move: Magma Storm|[partiallytrapped]
|upkeep
|turn|19
|j| gggfanstwo
|
|t:|1654968784
|move|p1a: Dragonite|Earthquake|p2a: Heatran
|-supereffective|p2a: Heatran
|-damage|p2a: Heatran|0 fnt
|faint|p2a: Heatran
|
|-hint|Future Sight did not hit because the target is fainted.
|-end|p1a: Dragonite|Magma Storm|[partiallytrapped]|[silent]
|upkeep
|
|t:|1654968789
|switch|p2a: Landorus|Landorus-Therian, M|100/100 tox
|-damage|p2a: Landorus|88/100 tox|[from] Stealth Rock
|-ability|p2a: Landorus|Intimidate|boost
|-unboost|p1a: Dragonite|atk|1
|turn|20
|
|t:|1654968792
|switch|p1a: Landorus|Landorus-Therian, M|24/100
|-damage|p1a: Landorus|12/100|[from] Stealth Rock
|-ability|p1a: Landorus|Intimidate|boost
|-unboost|p2a: Landorus|atk|1
|move|p2a: Landorus|U-turn|p1a: Landorus
|-resisted|p1a: Landorus
|-damage|p1a: Landorus|5/100
|
|t:|1654968796
|switch|p2a: Urshifu|Urshifu-Rapid-Strike, M|76/100|[from]move: U-turn
|-damage|p2a: Urshifu|70/100|[from] Stealth Rock
|
|-fieldend|move: Psychic Terrain
|upkeep
|turn|21
|
|t:|1654968804
|switch|p1a: Dragonite|Dragonite, M|80/100
|move|p2a: Urshifu|Surging Strikes|p1a: Dragonite
|-resisted|p1a: Dragonite
|-crit|p1a: Dragonite
|-damage|p1a: Dragonite|68/100
|-resisted|p1a: Dragonite
|-crit|p1a: Dragonite
|-damage|p1a: Dragonite|56/100
|-resisted|p1a: Dragonite
|-crit|p1a: Dragonite
|-damage|p1a: Dragonite|44/100
|-hitcount|p1a: Dragonite|3
|
|upkeep
|turn|22
|j| Ran Kob
|l|☆Anthouille
|inactive|Anthouille disconnected and has a minute to reconnect!
|player|p2|
|l| gggfanstwo
|j| ok ok yuh
|inactive|Anthouille has 30 seconds to reconnect!
|inactive|Anthouille has 20 seconds to reconnect!
|inactive|Anthouille has 15 seconds to reconnect!
|inactive|Anthouille has 10 seconds to reconnect!
|inactive|Anthouille has 5 seconds to reconnect!
|-message|Anthouille lost due to inactivity.
|
|win|2(H2O)-Alt
|raw|2(H2O)-Alt's rating: 1683 &rarr; <strong>1702</strong><br />(+19 for winning)
|raw|Anthouille's rating: 1671 &rarr; <strong>1652</strong><br />(-19 for losing)
|j| ash_won_kalos
|l|☆2(H2O)-Alt
|l| ash_won_kalos
||Ladder isn't responding, score probably updated but might not have (Request timeout).
|l| Ran Kob
