|raw|<div class="broadcast-blue"><strong>This battle is required to be public due to a player having a name starting with 'lt93oq'.</div>
|j|☆LT93OQ Ahsan
|j|‽antarctozolt
|t:|1660651377
|gametype|singles
|player|p1|LT93OQ Ahsan|elesa-masters|1810
|player|p2|antarctozolt|skier|1985
|teamsize|p1|6
|teamsize|p2|6
|gen|8
|tier|[Gen 8] OU
|rated|
|rule|Sleep Clause Mod: Limit one foe put to sleep
|rule|Species Clause: Limit one of each Pokémon
|rule|OHKO Clause: OHKO moves are banned
|rule|Evasion Items Clause: Evasion items are banned
|rule|Evasion Moves Clause: Evasion moves are banned
|rule|Endless Battle Clause: Forcing endless battles is banned
|rule|HP Percentage Mod: HP is shown in percentages
|rule|Dynamax Clause: You cannot dynamax
|clearpoke
|poke|p1|Toxtricity, M|
|poke|p1|Crawdaunt, F|
|poke|p1|Dragapult, F|
|poke|p1|Heatran, F|
|poke|p1|Landorus-Therian, M|
|poke|p1|Tangrowth, F|
|poke|p2|Kartana|
|poke|p2|Toxtricity, F|
|poke|p2|Celesteela|
|poke|p2|Dragapult, M|
|poke|p2|Mew|
|poke|p2|Zeraora|
|teampreview
|j| milotics2ndcousin
|inactive|Battle timer is ON: inactive players will automatically lose when time's up. (requested by LT93OQ Ahsan)
|
|t:|1660651415
|start
|switch|p1a: Toxtricity|Toxtricity, M|100/100
|switch|p2a: Mew|Mew|100/100
|turn|1
|j| Mimikyu Stardust
|j| JiminyRickets
|j| FBAM
|j| hjksgdf
|j| wasting youth
|j| BraveThunder
|
|t:|1660651435
|move|p1a: Toxtricity|Volt Switch|p2a: Mew
|-damage|p2a: Mew|73/100
|
|t:|1660651441
|switch|p1a: Dragapult|Dragapult, F|100/100|[from]move: Volt Switch
|move|p2a: Mew|Stealth Rock|p1a: Dragapult
|-sidestart|p1: LT93OQ Ahsan|move: Stealth Rock
|
|upkeep
|turn|2
|j| isabela000◥▶_◀◤
|
|t:|1660651445
|move|p1a: Dragapult|Shadow Ball|p2a: Mew
|-supereffective|p2a: Mew
|-damage|p2a: Mew|0 fnt
|faint|p2a: Mew
|
|upkeep
|
|t:|1660651451
|switch|p2a: Dragapult|Dragapult, M|100/100
|turn|3
|
|t:|1660651453
|move|p2a: Dragapult|Shadow Ball|p1a: Dragapult
|-supereffective|p1a: Dragapult
|-damage|p1a: Dragapult|0 fnt
|faint|p1a: Dragapult
|
|upkeep
|j| LT93OQ Origami♕
|j| Rilaboum sauvage
|
|t:|1660651458
|switch|p1a: Landorus|Landorus-Therian, M|100/100
|-damage|p1a: Landorus|88/100|[from] Stealth Rock
|-ability|p1a: Landorus|Intimidate|boost
|-unboost|p2a: Dragapult|atk|1
|turn|4
|
|t:|1660651460
|move|p2a: Dragapult|Shadow Ball|p1a: Landorus
|-damage|p1a: Landorus|47/100
|move|p1a: Landorus|Defog|p2a: Dragapult
|-unboost|p2a: Dragapult|evasion|1
|-sideend|p1: LT93OQ Ahsan|Stealth Rock|[from] move: Defog|[of] p1a: Landorus
|
|-heal|p1a: Landorus|53/100|[from] item: Leftovers
|upkeep
|turn|5
|
|t:|1660651468
|switch|p1a: Tangrowth|Tangrowth, F|100/100
|move|p2a: Dragapult|Shadow Ball|p1a: Tangrowth
|-damage|p1a: Tangrowth|68/100
|
|upkeep
|turn|6
|j| ashdjfajsdf
|
|t:|1660651479
|move|p2a: Dragapult|Shadow Ball|p1a: Tangrowth
|-damage|p1a: Tangrowth|34/100
|move|p1a: Tangrowth|Knock Off|p2a: Dragapult
|-supereffective|p2a: Dragapult
|-damage|p2a: Dragapult|40/100
|-enditem|p2a: Dragapult|Choice Specs|[from] move: Knock Off|[of] p1a: Tangrowth
|
|upkeep
|turn|7
|l| Rilaboum sauvage
|
|t:|1660651486
|move|p2a: Dragapult|Shadow Ball|p1a: Tangrowth
|-damage|p1a: Tangrowth|10/100
|-unboost|p1a: Tangrowth|spd|1
|move|p1a: Tangrowth|Knock Off|p2a: Dragapult
|-supereffective|p2a: Dragapult
|-damage|p2a: Dragapult|0 fnt
|faint|p2a: Dragapult
|
|upkeep
|j| filon
|
|t:|1660651489
|switch|p2a: Celesteela|Celesteela|100/100
|turn|8
|
|t:|1660651493
|switch|p1a: Heatran|Heatran, F|100/100
|move|p2a: Celesteela|Autotomize|p2a: Celesteela
|-boost|p2a: Celesteela|spe|2
|-start|p2a: Celesteela|Autotomize
|
|upkeep
|turn|9
|
|t:|1660651495
|move|p2a: Celesteela|Earthquake|p1a: Heatran
|-supereffective|p1a: Heatran
|-damage|p1a: Heatran|0 fnt
|faint|p1a: Heatran
|-ability|p2a: Celesteela|Beast Boost|boost
|-boost|p2a: Celesteela|atk|1
|
|upkeep
|
|t:|1660651504
|switch|p1a: Crawdaunt|Crawdaunt, F|100/100
|turn|10
|
|t:|1660651507
|move|p2a: Celesteela|Heavy Slam|p1a: Crawdaunt
|-resisted|p1a: Crawdaunt
|-damage|p1a: Crawdaunt|42/100
|move|p1a: Crawdaunt|Knock Off|p2a: Celesteela
|-damage|p2a: Celesteela|3/100
|-enditem|p2a: Celesteela|Expert Belt|[from] move: Knock Off|[of] p1a: Crawdaunt
|
|upkeep
|turn|11
|
|t:|1660651518
|switch|p1a: Tangrowth|Tangrowth, F|44/100
|move|p2a: Celesteela|Heavy Slam|p1a: Tangrowth
|-damage|p1a: Tangrowth|0 fnt
|faint|p1a: Tangrowth
|-ability|p2a: Celesteela|Beast Boost|boost
|-boost|p2a: Celesteela|atk|1
|
|upkeep
|j| infinitroll
|
|t:|1660651522
|switch|p1a: Crawdaunt|Crawdaunt, F|42/100
|turn|12
|j| zabit
|
|t:|1660651525
|move|p1a: Crawdaunt|Aqua Jet|p2a: Celesteela
|-crit|p2a: Celesteela
|-damage|p2a: Celesteela|0 fnt
|faint|p2a: Celesteela
|
|upkeep
|j| LT93OQ ffffff
|
|t:|1660651531
|switch|p2a: Kartana|Kartana|100/100
|turn|13
|
|t:|1660651537
|switch|p1a: Toxtricity|Toxtricity, M|100/100
|move|p2a: Kartana|Leaf Blade|p1a: Toxtricity
|-resisted|p1a: Toxtricity
|-damage|p1a: Toxtricity|55/100
|
|upkeep
|turn|14
|
|t:|1660651542
|switch|p2a: Toxtricity|Toxtricity, F|100/100
|move|p1a: Toxtricity|Boomburst|p2a: Toxtricity
|-damage|p2a: Toxtricity|47/100
|
|upkeep
|turn|15
|
|t:|1660651546
|move|p1a: Toxtricity|Boomburst|p2a: Toxtricity
|-damage|p2a: Toxtricity|0 fnt
|faint|p2a: Toxtricity
|
|upkeep
|j| Rilaboum sauvage
|
|t:|1660651549
|switch|p2a: Kartana|Kartana|100/100
|turn|16
|
|t:|1660651554
|move|p2a: Kartana|Knock Off|p1a: Toxtricity
|-damage|p1a: Toxtricity|0 fnt
|-enditem|p1a: Toxtricity|Choice Scarf|[from] move: Knock Off|[of] p2a: Kartana
|faint|p1a: Toxtricity
|-ability|p2a: Kartana|Beast Boost|boost
|-boost|p2a: Kartana|atk|1
|
|upkeep
|
|t:|1660651562
|switch|p1a: Crawdaunt|Crawdaunt, F|42/100
|turn|17
|
|t:|1660651566
|move|p2a: Kartana|Knock Off|p1a: Crawdaunt
|-resisted|p1a: Crawdaunt
|-damage|p1a: Crawdaunt|0 fnt
|-enditem|p1a: Crawdaunt|Choice Band|[from] move: Knock Off|[of] p2a: Kartana
|faint|p1a: Crawdaunt
|-ability|p2a: Kartana|Beast Boost|boost
|-boost|p2a: Kartana|atk|1
|
|upkeep
|-message|LT93OQ Ahsan forfeited.
|
|win|antarctozolt
|raw|LT93OQ Ahsan's rating: 1810 &rarr; <strong>1798</strong><br />(-12 for losing)
|raw|antarctozolt's rating: 1952 &rarr; <strong>1964</strong><br />(+12 for winning)
|l|☆LT93OQ Ahsan
