|j|☆Q114
|j|☆Cerpy
|player|p1|Q114|102|1757
|player|p2|Cerpy|hilda-dueldisk|1919
|teamsize|p1|6
|teamsize|p2|6
|gametype|singles
|gen|8
|tier|[Gen 8] OU
|rated|
|clearpoke
|poke|p1|Toxapex, M|
|poke|p1|Ferrothorn, M|
|poke|p1|Seismitoad, F|
|poke|p1|Tyranitar, F|
|poke|p1|Clefable, M|
|poke|p1|Corviknight, M|
|poke|p2|Tyranitar, M|
|poke|p2|Primarina, F|
|poke|p2|Excadrill, M|
|poke|p2|Toxapex, M|
|poke|p2|Ferrothorn, M|
|poke|p2|Zeraora|
|rule|Sleep Clause Mod: Limit one foe put to sleep
|rule|Species Clause: Limit one of each Pokémon
|rule|OHKO Clause: OHKO moves are banned
|rule|Evasion Moves Clause: Evasion moves are banned
|rule|Endless Battle Clause: Forcing endless battles is banned
|rule|HP Percentage Mod: HP is shown in percentages
|rule|Dynamax Clause: You cannot dynamax
|teampreview
|j| jlhvhgk'
|l| jlhvhgk'
|
|start
|switch|p1a: Toxapex|Toxapex, M|100/100
|switch|p2a: Toxapex|Toxapex, M|100/100
|turn|1
|inactive|Battle timer is ON: inactive players will automatically lose when time's up. (requested by Q114)
|
|move|p2a: Toxapex|Knock Off|p1a: Toxapex
|-damage|p1a: Toxapex|92/100
|-enditem|p1a: Toxapex|Black Sludge|[from] move: Knock Off|[of] p2a: Toxapex
|move|p1a: Toxapex|Knock Off|p2a: Toxapex
|-damage|p2a: Toxapex|91/100
|-enditem|p2a: Toxapex|Black Sludge|[from] move: Knock Off|[of] p1a: Toxapex
|
|upkeep
|turn|2
|j| sadKEK Sadge
|l| sadKEK Sadge
|
|move|p2a: Toxapex|Toxic Spikes|p1a: Toxapex
|-sidestart|p1: Q114|move: Toxic Spikes
|move|p1a: Toxapex|Scald|p2a: Toxapex
|-resisted|p2a: Toxapex
|-damage|p2a: Toxapex|85/100
|
|upkeep
|turn|3
|
|move|p2a: Toxapex|Toxic Spikes|p1a: Toxapex
|-sidestart|p1: Q114|move: Toxic Spikes
|move|p1a: Toxapex|Scald|p2a: Toxapex
|-resisted|p2a: Toxapex
|-damage|p2a: Toxapex|78/100
|
|upkeep
|turn|4
|
|switch|p2a: Ferrothorn|Ferrothorn, M|100/100
|move|p1a: Toxapex|Scald|p2a: Ferrothorn
|-resisted|p2a: Ferrothorn
|-damage|p2a: Ferrothorn|94/100
|
|-heal|p2a: Ferrothorn|99/100|[from] item: Leftovers
|upkeep
|turn|5
|
|move|p2a: Ferrothorn|Leech Seed|p1a: Toxapex|[miss]
|-miss|p2a: Ferrothorn|p1a: Toxapex
|move|p1a: Toxapex|Scald|p2a: Ferrothorn
|-resisted|p2a: Ferrothorn
|-damage|p2a: Ferrothorn|93/100
|
|-heal|p2a: Ferrothorn|99/100|[from] item: Leftovers
|upkeep
|turn|6
|
|move|p2a: Ferrothorn|Spikes|p1a: Toxapex
|-sidestart|p1: Q114|Spikes
|move|p1a: Toxapex|Scald|p2a: Ferrothorn
|-resisted|p2a: Ferrothorn
|-damage|p2a: Ferrothorn|92/100
|
|-heal|p2a: Ferrothorn|99/100|[from] item: Leftovers
|upkeep
|turn|7
|j| Albert Kesselring
|
|move|p2a: Ferrothorn|Spikes|p1a: Toxapex
|-sidestart|p1: Q114|Spikes
|move|p1a: Toxapex|Scald|p2a: Ferrothorn
|-resisted|p2a: Ferrothorn
|-damage|p2a: Ferrothorn|91/100
|
|-heal|p2a: Ferrothorn|98/100|[from] item: Leftovers
|upkeep
|turn|8
|
|move|p2a: Ferrothorn|Leech Seed|p1a: Toxapex
|-start|p1a: Toxapex|move: Leech Seed
|move|p1a: Toxapex|Scald|p2a: Ferrothorn
|-resisted|p2a: Ferrothorn
|-damage|p2a: Ferrothorn|91/100
|
|-heal|p2a: Ferrothorn|97/100|[from] item: Leftovers
|-damage|p1a: Toxapex|79/100|[from] Leech Seed|[of] p2a: Ferrothorn
|-heal|p2a: Ferrothorn|100/100|[silent]
|upkeep
|turn|9
|
|switch|p2a: Primarina|Primarina, F|100/100
|move|p1a: Toxapex|Scald|p2a: Primarina
|-resisted|p2a: Primarina
|-damage|p2a: Primarina|94/100
|
|-heal|p2a: Primarina|99/100|[from] item: Leftovers
|-damage|p1a: Toxapex|67/100|[from] Leech Seed|[of] p2a: Primarina
|-heal|p2a: Primarina|100/100|[silent]
|upkeep
|turn|10
|
|switch|p1a: Corviknight|Corviknight, M|100/100
|-ability|p1a: Corviknight|Pressure
|move|p2a: Primarina|Substitute|p2a: Primarina
|-start|p2a: Primarina|Substitute
|-damage|p2a: Primarina|76/100
|
|-heal|p2a: Primarina|82/100|[from] item: Leftovers
|upkeep
|turn|11
|
|move|p2a: Primarina|Scald|p1a: Corviknight
|-damage|p1a: Corviknight|69/100
|-status|p1a: Corviknight|brn
|move|p1a: Corviknight|Defog|p2a: Primarina
|-sideend|p1: Q114|Spikes|[from] move: Defog|[of] p1a: Corviknight
|-sideend|p1: Q114|Toxic Spikes|[from] move: Defog|[of] p1a: Corviknight
|
|-heal|p2a: Primarina|88/100|[from] item: Leftovers
|-damage|p1a: Corviknight|63/100 brn|[from] brn
|upkeep
|turn|12
|
|switch|p1a: Toxapex|Toxapex, M|100/100
|move|p2a: Primarina|Calm Mind|p2a: Primarina
|-boost|p2a: Primarina|spa|1
|-boost|p2a: Primarina|spd|1
|
|-heal|p2a: Primarina|94/100|[from] item: Leftovers
|upkeep
|turn|13
|
|move|p2a: Primarina|Scald|p1a: Toxapex
|-resisted|p1a: Toxapex
|-damage|p1a: Toxapex|78/100
|move|p1a: Toxapex|Poison Jab|p2a: Primarina
|-supereffective|p2a: Primarina
|-end|p2a: Primarina|Substitute
|
|-heal|p2a: Primarina|99/100|[from] item: Leftovers
|upkeep
|turn|14
|
|switch|p2a: Ferrothorn|Ferrothorn, M|100/100
|move|p1a: Toxapex|Poison Jab|p2a: Ferrothorn
|-immune|p2a: Ferrothorn
|
|upkeep
|turn|15
|
|move|p2a: Ferrothorn|Spikes|p1a: Toxapex
|-sidestart|p1: Q114|Spikes
|move|p1a: Toxapex|Scald|p2a: Ferrothorn
|-resisted|p2a: Ferrothorn
|-damage|p2a: Ferrothorn|93/100
|
|-heal|p2a: Ferrothorn|99/100|[from] item: Leftovers
|upkeep
|turn|16
|
|move|p2a: Ferrothorn|Spikes|p1a: Toxapex
|-sidestart|p1: Q114|Spikes
|move|p1a: Toxapex|Scald|p2a: Ferrothorn
|-resisted|p2a: Ferrothorn
|-damage|p2a: Ferrothorn|92/100
|-status|p2a: Ferrothorn|brn
|
|-heal|p2a: Ferrothorn|98/100 brn|[from] item: Leftovers
|-damage|p2a: Ferrothorn|92/100 brn|[from] brn
|upkeep
|turn|17
|
|switch|p1a: Corviknight|Corviknight, M|63/100 brn
|-ability|p1a: Corviknight|Pressure
|move|p2a: Ferrothorn|Spikes|p1a: Corviknight
|-sidestart|p1: Q114|Spikes
|
|-heal|p2a: Ferrothorn|98/100 brn|[from] item: Leftovers
|-damage|p1a: Corviknight|57/100 brn|[from] brn
|-damage|p2a: Ferrothorn|92/100 brn|[from] brn
|upkeep
|turn|18
|
|move|p1a: Corviknight|Defog|p2a: Ferrothorn
|-unboost|p2a: Ferrothorn|evasion|1
|-sideend|p1: Q114|Spikes|[from] move: Defog|[of] p1a: Corviknight
|move|p2a: Ferrothorn|Knock Off|p1a: Corviknight
|-damage|p1a: Corviknight|50/100 brn
|-damage|p2a: Ferrothorn|75/100 brn|[from] item: Rocky Helmet|[of] p1a: Corviknight
|-enditem|p1a: Corviknight|Rocky Helmet|[from] move: Knock Off|[of] p2a: Ferrothorn
|
|-heal|p2a: Ferrothorn|82/100 brn|[from] item: Leftovers
|-damage|p1a: Corviknight|44/100 brn|[from] brn
|-damage|p2a: Ferrothorn|75/100 brn|[from] brn
|upkeep
|turn|19
|
|move|p1a: Corviknight|Roost|p1a: Corviknight
|-heal|p1a: Corviknight|94/100 brn
|-singleturn|p1a: Corviknight|move: Roost
|move|p2a: Ferrothorn|Spikes|p1a: Corviknight
|-sidestart|p1: Q114|Spikes
|
|-heal|p2a: Ferrothorn|82/100 brn|[from] item: Leftovers
|-damage|p1a: Corviknight|88/100 brn|[from] brn
|-damage|p2a: Ferrothorn|75/100 brn|[from] brn
|upkeep
|turn|20
|j| sad erfef
|
|switch|p2a: Zeraora|Zeraora|100/100
|move|p1a: Corviknight|Defog|p2a: Zeraora
|-unboost|p2a: Zeraora|evasion|1
|-sideend|p1: Q114|Spikes|[from] move: Defog|[of] p1a: Corviknight
|
|-damage|p1a: Corviknight|82/100 brn|[from] brn
|upkeep
|turn|21
|
|switch|p1a: Seismitoad|Seismitoad, F|100/100
|move|p2a: Zeraora|Knock Off|p1a: Seismitoad
|-damage|p1a: Seismitoad|79/100
|-enditem|p1a: Seismitoad|Leftovers|[from] move: Knock Off|[of] p2a: Zeraora
|
|upkeep
|turn|22
|
|switch|p2a: Ferrothorn|Ferrothorn, M|75/100 brn
|switch|p1a: Clefable|Clefable, M|100/100
|
|-heal|p2a: Ferrothorn|82/100 brn|[from] item: Leftovers
|-damage|p2a: Ferrothorn|75/100 brn|[from] brn
|upkeep
|turn|23
|j| OilyBootySpex
|
|switch|p1a: Toxapex|Toxapex, M|100/100
|switch|p2a: Toxapex|Toxapex, M|100/100
|
|upkeep
|turn|24
|
|move|p2a: Toxapex|Toxic Spikes|p1a: Toxapex
|-sidestart|p1: Q114|move: Toxic Spikes
|move|p1a: Toxapex|Scald|p2a: Toxapex
|-resisted|p2a: Toxapex
|-crit|p2a: Toxapex
|-damage|p2a: Toxapex|90/100
|
|upkeep
|turn|25
|
|move|p2a: Toxapex|Toxic Spikes|p1a: Toxapex
|-sidestart|p1: Q114|move: Toxic Spikes
|move|p1a: Toxapex|Scald|p2a: Toxapex
|-resisted|p2a: Toxapex
|-damage|p2a: Toxapex|83/100
|-status|p2a: Toxapex|brn
|
|-damage|p2a: Toxapex|77/100 brn|[from] brn
|upkeep
|turn|26
|
|switch|p2a: Ferrothorn|Ferrothorn, M|75/100 brn
|move|p1a: Toxapex|Knock Off|p2a: Ferrothorn
|-damage|p2a: Ferrothorn|67/100 brn
|-damage|p1a: Toxapex|88/100|[from] ability: Iron Barbs|[of] p2a: Ferrothorn
|-enditem|p2a: Ferrothorn|Leftovers|[from] move: Knock Off|[of] p1a: Toxapex
|
|-damage|p2a: Ferrothorn|60/100 brn|[from] brn
|upkeep
|turn|27
|
|switch|p1a: Corviknight|Corviknight, M|82/100 brn
|-ability|p1a: Corviknight|Pressure
|move|p2a: Ferrothorn|Leech Seed|p1a: Corviknight
|-start|p1a: Corviknight|move: Leech Seed
|
|-damage|p1a: Corviknight|70/100 brn|[from] Leech Seed|[of] p2a: Ferrothorn
|-heal|p2a: Ferrothorn|74/100 brn|[silent]
|-damage|p1a: Corviknight|64/100 brn|[from] brn
|-damage|p2a: Ferrothorn|68/100 brn|[from] brn
|upkeep
|turn|28
|
|switch|p1a: Toxapex|Toxapex, M|100/100
|-sideend|p1: Q114|move: Toxic Spikes|[of] p1a: Toxapex
|move|p2a: Ferrothorn|Spikes|p1a: Toxapex
|-sidestart|p1: Q114|Spikes
|
|-damage|p2a: Ferrothorn|62/100 brn|[from] brn
|upkeep
|turn|29
|
|switch|p1a: Corviknight|Corviknight, M|64/100 brn
|-ability|p1a: Corviknight|Pressure
|move|p2a: Ferrothorn|Spikes|p1a: Corviknight
|-sidestart|p1: Q114|Spikes
|
|-damage|p1a: Corviknight|58/100 brn|[from] brn
|-damage|p2a: Ferrothorn|56/100 brn|[from] brn
|upkeep
|turn|30
|
|move|p1a: Corviknight|Defog|p2a: Ferrothorn
|-unboost|p2a: Ferrothorn|evasion|1
|-sideend|p1: Q114|Spikes|[from] move: Defog|[of] p1a: Corviknight
|move|p2a: Ferrothorn|Leech Seed|p1a: Corviknight
|-start|p1a: Corviknight|move: Leech Seed
|
|-damage|p1a: Corviknight|46/100 brn|[from] Leech Seed|[of] p2a: Ferrothorn
|-heal|p2a: Ferrothorn|70/100 brn|[silent]
|-damage|p1a: Corviknight|40/100 brn|[from] brn
|-damage|p2a: Ferrothorn|63/100 brn|[from] brn
|upkeep
|turn|31
|
|move|p1a: Corviknight|Roost|p1a: Corviknight
|-heal|p1a: Corviknight|90/100 brn
|-singleturn|p1a: Corviknight|move: Roost
|move|p2a: Ferrothorn|Body Press|p1a: Corviknight
|-supereffective|p1a: Corviknight
|-damage|p1a: Corviknight|70/100 brn
|
|-damage|p1a: Corviknight|58/100 brn|[from] Leech Seed|[of] p2a: Ferrothorn
|-heal|p2a: Ferrothorn|77/100 brn|[silent]
|-damage|p1a: Corviknight|52/100 brn|[from] brn
|-damage|p2a: Ferrothorn|71/100 brn|[from] brn
|upkeep
|turn|32
|
|move|p1a: Corviknight|Roost|p1a: Corviknight
|-heal|p1a: Corviknight|100/100 brn
|-singleturn|p1a: Corviknight|move: Roost
|move|p2a: Ferrothorn|Spikes|p1a: Corviknight
|-sidestart|p1: Q114|Spikes
|
|-damage|p1a: Corviknight|88/100 brn|[from] Leech Seed|[of] p2a: Ferrothorn
|-heal|p2a: Ferrothorn|85/100 brn|[silent]
|-damage|p1a: Corviknight|82/100 brn|[from] brn
|-damage|p2a: Ferrothorn|79/100 brn|[from] brn
|upkeep
|turn|33
|
|switch|p1a: Toxapex|Toxapex, M|100/100
|-damage|p1a: Toxapex|88/100|[from] Spikes
|move|p2a: Ferrothorn|Spikes|p1a: Toxapex
|-sidestart|p1: Q114|Spikes
|
|-damage|p2a: Ferrothorn|72/100 brn|[from] brn
|upkeep
|turn|34
|
|switch|p2a: Zeraora|Zeraora|100/100
|switch|p1a: Corviknight|Corviknight, M|82/100 brn
|-ability|p1a: Corviknight|Pressure
|
|-damage|p1a: Corviknight|76/100 brn|[from] brn
|upkeep
|turn|35
|
|move|p2a: Zeraora|Plasma Fists|p1a: Corviknight
|-supereffective|p1a: Corviknight
|-damage|p1a: Corviknight|16/100 brn
|-fieldactivate|move: Ion Deluge
|move|p1a: Corviknight|Defog|p2a: Zeraora
|-unboost|p2a: Zeraora|evasion|1
|-sideend|p1: Q114|Spikes|[from] move: Defog|[of] p1a: Corviknight
|
|-damage|p1a: Corviknight|10/100 brn|[from] brn
|upkeep
|turn|36
|
|switch|p1a: Ferrothorn|Ferrothorn, M|100/100
|move|p2a: Zeraora|Close Combat|p1a: Ferrothorn
|-supereffective|p1a: Ferrothorn
|-damage|p1a: Ferrothorn|42/100
|-unboost|p2a: Zeraora|def|1
|-unboost|p2a: Zeraora|spd|1
|-damage|p2a: Zeraora|88/100|[from] ability: Iron Barbs|[of] p1a: Ferrothorn
|
|-heal|p2a: Zeraora|94/100|[from] item: Leftovers
|-heal|p1a: Ferrothorn|48/100|[from] item: Leftovers
|upkeep
|turn|37
|j| Paljasn
|
|move|p1a: Ferrothorn|Protect|p1a: Ferrothorn
|-singleturn|p1a: Ferrothorn|Protect
|move|p2a: Zeraora|Close Combat|p1a: Ferrothorn
|-activate|p1a: Ferrothorn|move: Protect
|
|-heal|p2a: Zeraora|99/100|[from] item: Leftovers
|-heal|p1a: Ferrothorn|54/100|[from] item: Leftovers
|upkeep
|turn|38
|
|switch|p1a: Clefable|Clefable, M|100/100
|move|p2a: Zeraora|Close Combat|p1a: Clefable
|-resisted|p1a: Clefable
|-damage|p1a: Clefable|87/100
|-unboost|p2a: Zeraora|def|1
|-unboost|p2a: Zeraora|spd|1
|
|-heal|p2a: Zeraora|100/100|[from] item: Leftovers
|-heal|p1a: Clefable|93/100|[from] item: Leftovers
|upkeep
|turn|39
|
|switch|p2a: Toxapex|Toxapex, M|100/100 brn
|move|p1a: Clefable|Wish|p1a: Clefable
|
|-heal|p1a: Clefable|99/100|[from] item: Leftovers
|-damage|p2a: Toxapex|94/100 brn|[from] brn
|upkeep
|turn|40
|
|switch|p1a: Ferrothorn|Ferrothorn, M|54/100
|move|p2a: Toxapex|Knock Off|p1a: Ferrothorn
|-damage|p1a: Ferrothorn|49/100
|-damage|p2a: Toxapex|82/100 brn|[from] ability: Iron Barbs|[of] p1a: Ferrothorn
|-enditem|p1a: Ferrothorn|Leftovers|[from] move: Knock Off|[of] p2a: Toxapex
|
|-heal|p1a: Ferrothorn|100/100|[from] move: Wish|[wisher] Clefable
|-damage|p2a: Toxapex|75/100 brn|[from] brn
|upkeep
|turn|41
|
|switch|p1a: Corviknight|Corviknight, M|10/100 brn
|-ability|p1a: Corviknight|Pressure
|move|p2a: Toxapex|Toxic Spikes|p1a: Corviknight
|-sidestart|p1: Q114|move: Toxic Spikes
|
|-damage|p1a: Corviknight|4/100 brn|[from] brn
|-damage|p2a: Toxapex|69/100 brn|[from] brn
|upkeep
|turn|42
|j| Miss.mushroom
|
|switch|p2a: Tyranitar|Tyranitar, M|100/100
|-weather|Sandstorm|[from] ability: Sand Stream|[of] p2a: Tyranitar
|move|p1a: Corviknight|Roost|p1a: Corviknight
|-heal|p1a: Corviknight|54/100 brn
|-singleturn|p1a: Corviknight|move: Roost
|
|-weather|Sandstorm|[upkeep]
|-damage|p1a: Corviknight|48/100 brn|[from] brn
|upkeep
|turn|43
|
|switch|p1a: Toxapex|Toxapex, M|100/100
|-sideend|p1: Q114|move: Toxic Spikes|[of] p1a: Toxapex
|move|p2a: Tyranitar|Stealth Rock|p1a: Toxapex
|-sidestart|p1: Q114|move: Stealth Rock
|
|-weather|Sandstorm|[upkeep]
|-damage|p1a: Toxapex|95/100|[from] Sandstorm
|upkeep
|turn|44
|j|+emre mor 9
|j| sadKEK Sadge
|j| Arnaud senju vgc
|
|switch|p2a: Ferrothorn|Ferrothorn, M|72/100 brn
|move|p1a: Toxapex|Knock Off|p2a: Ferrothorn
|-damage|p2a: Ferrothorn|66/100 brn
|-damage|p1a: Toxapex|82/100|[from] ability: Iron Barbs|[of] p2a: Ferrothorn
|
|-weather|Sandstorm|[upkeep]
|-damage|p1a: Toxapex|76/100|[from] Sandstorm
|-damage|p2a: Ferrothorn|60/100 brn|[from] brn
|upkeep
|turn|45
|l| Arnaud senju vgc
|
|switch|p1a: Corviknight|Corviknight, M|48/100 brn
|-damage|p1a: Corviknight|36/100 brn|[from] Stealth Rock
|-ability|p1a: Corviknight|Pressure
|move|p2a: Ferrothorn|Leech Seed|p1a: Corviknight
|-start|p1a: Corviknight|move: Leech Seed
|
|-weather|Sandstorm|[upkeep]
|-damage|p1a: Corviknight|24/100 brn|[from] Leech Seed|[of] p2a: Ferrothorn
|-heal|p2a: Ferrothorn|74/100 brn|[silent]
|-damage|p1a: Corviknight|18/100 brn|[from] brn
|-damage|p2a: Ferrothorn|68/100 brn|[from] brn
|upkeep
|turn|46
|
|switch|p2a: Primarina|Primarina, F|99/100
|move|p1a: Corviknight|Roost|p1a: Corviknight
|-heal|p1a: Corviknight|68/100 brn
|-singleturn|p1a: Corviknight|move: Roost
|
|-weather|none
|-heal|p2a: Primarina|100/100|[from] item: Leftovers
|-damage|p1a: Corviknight|55/100 brn|[from] Leech Seed|[of] p2a: Primarina
|-damage|p1a: Corviknight|49/100 brn|[from] brn
|upkeep
|turn|47
|
|switch|p1a: Toxapex|Toxapex, M|100/100
|-damage|p1a: Toxapex|88/100|[from] Stealth Rock
|move|p2a: Primarina|Substitute|p2a: Primarina
|-start|p2a: Primarina|Substitute
|-damage|p2a: Primarina|76/100
|
|-heal|p2a: Primarina|82/100|[from] item: Leftovers
|upkeep
|turn|48
|
|move|p2a: Primarina|Scald|p1a: Toxapex
|-resisted|p1a: Toxapex
|-damage|p1a: Toxapex|74/100
|-status|p1a: Toxapex|brn
|move|p1a: Toxapex|Poison Jab|p2a: Primarina
|-supereffective|p2a: Primarina
|-activate|p2a: Primarina|move: Substitute|[damage]
|
|-heal|p2a: Primarina|88/100|[from] item: Leftovers
|-damage|p1a: Toxapex|68/100 brn|[from] brn
|upkeep
|turn|49
|
|move|p2a: Primarina|Calm Mind|p2a: Primarina
|-boost|p2a: Primarina|spa|1
|-boost|p2a: Primarina|spd|1
|move|p1a: Toxapex|Poison Jab|p2a: Primarina
|-supereffective|p2a: Primarina
|-end|p2a: Primarina|Substitute
|
|-heal|p2a: Primarina|94/100|[from] item: Leftovers
|-damage|p1a: Toxapex|62/100 brn|[from] brn
|upkeep
|turn|50
|
|move|p2a: Primarina|Substitute|p2a: Primarina
|-start|p2a: Primarina|Substitute
|-damage|p2a: Primarina|69/100
|move|p1a: Toxapex|Poison Jab|p2a: Primarina
|-supereffective|p2a: Primarina
|-activate|p2a: Primarina|move: Substitute|[damage]
|
|-heal|p2a: Primarina|75/100|[from] item: Leftovers
|-damage|p1a: Toxapex|56/100 brn|[from] brn
|upkeep
|turn|51
|
|move|p2a: Primarina|Calm Mind|p2a: Primarina
|-boost|p2a: Primarina|spa|1
|-boost|p2a: Primarina|spd|1
|move|p1a: Toxapex|Poison Jab|p2a: Primarina
|-supereffective|p2a: Primarina
|-end|p2a: Primarina|Substitute
|
|-heal|p2a: Primarina|81/100|[from] item: Leftovers
|-damage|p1a: Toxapex|50/100 brn|[from] brn
|upkeep
|turn|52
|
|move|p2a: Primarina|Substitute|p2a: Primarina
|-start|p2a: Primarina|Substitute
|-damage|p2a: Primarina|56/100
|move|p1a: Toxapex|Poison Jab|p2a: Primarina
|-supereffective|p2a: Primarina
|-activate|p2a: Primarina|move: Substitute|[damage]
|
|-heal|p2a: Primarina|62/100|[from] item: Leftovers
|-damage|p1a: Toxapex|44/100 brn|[from] brn
|upkeep
|turn|53
|
|move|p2a: Primarina|Moonblast|p1a: Toxapex
|-resisted|p1a: Toxapex
|-damage|p1a: Toxapex|12/100 brn
|move|p1a: Toxapex|Poison Jab|p2a: Primarina
|-supereffective|p2a: Primarina
|-end|p2a: Primarina|Substitute
|
|-heal|p2a: Primarina|69/100|[from] item: Leftovers
|-damage|p1a: Toxapex|6/100 brn|[from] brn
|upkeep
|turn|54
|
|switch|p1a: Clefable|Clefable, M|99/100
|-damage|p1a: Clefable|87/100|[from] Stealth Rock
|move|p2a: Primarina|Substitute|p2a: Primarina
|-start|p2a: Primarina|Substitute
|-damage|p2a: Primarina|44/100
|
|-heal|p2a: Primarina|50/100|[from] item: Leftovers
|-heal|p1a: Clefable|93/100|[from] item: Leftovers
|upkeep
|turn|55
|
|move|p2a: Primarina|Moonblast|p1a: Clefable
|-damage|p1a: Clefable|54/100
|move|p1a: Clefable|Moonblast|p2a: Primarina
|-activate|p2a: Primarina|move: Substitute|[damage]
|
|-heal|p2a: Primarina|56/100|[from] item: Leftovers
|-heal|p1a: Clefable|60/100|[from] item: Leftovers
|upkeep
|turn|56
|
|move|p2a: Primarina|Moonblast|p1a: Clefable
|-damage|p1a: Clefable|24/100
|move|p1a: Clefable|Wish|p1a: Clefable
|
|-heal|p2a: Primarina|62/100|[from] item: Leftovers
|-heal|p1a: Clefable|31/100|[from] item: Leftovers
|upkeep
|turn|57
|
|move|p2a: Primarina|Moonblast|p1a: Clefable
|-damage|p1a: Clefable|0 fnt
|faint|p1a: Clefable
|
|-heal|p2a: Primarina|68/100|[from] item: Leftovers
|upkeep
|l| sad erfef
|j| sdgfbvcx mnhgfd
|l| sdgfbvcx mnhgfd
|inactive|Q114 has 120 seconds left.
|inactive|Q114 has 90 seconds left.
|l|+emre mor 9
|inactive|Q114 has 60 seconds left.
|l| sadKEK Sadge
|inactive|Q114 has 30 seconds left.
|inactive|Q114 has 20 seconds left.
|inactive|Q114 has 15 seconds left.
|inactive|Q114 has 10 seconds left.
|j| Typhlosion08
|inactive|Q114 has 5 seconds left.
|-message|Q114 lost due to inactivity.
|
|win|Cerpy
|l| Typhlosion08
|l|☆Cerpy
