|j|☆Sww-Suwa
|j|☆Spwert
|inactive|Battle timer is ON: inactive players will automatically lose when time's up.
|t:|1662588781
|gametype|singles
|player|p1|Sww-Suwa|mina-lgpe|
|player|p2|Spwert|yellow|
|teamsize|p1|6
|teamsize|p2|6
|gen|8
|tier|[Gen 8] OU
|rated|Tournament battle
|rule|Sleep Clause Mod: Limit one foe put to sleep
|rule|Species Clause: Limit one of each Pokémon
|rule|OHKO Clause: OHKO moves are banned
|rule|Evasion Items Clause: Evasion items are banned
|rule|Evasion Moves Clause: Evasion moves are banned
|rule|Endless Battle Clause: Forcing endless battles is banned
|rule|HP Percentage Mod: HP is shown in percentages
|rule|Dynamax Clause: You cannot dynamax
|clearpoke
|poke|p1|Omastar, F|
|poke|p1|Indeedee, M|
|poke|p1|Espeon, M|
|poke|p1|Kommo-o, M|
|poke|p1|Regidrago|
|poke|p1|Blaziken, F|
|poke|p2|Terrakion|
|poke|p2|Obstagoon, F|
|poke|p2|Kommo-o, F|
|poke|p2|Moltres-Galar|
|poke|p2|Blaziken, F|
|poke|p2|Gengar, M|
|teampreview
|c|☆Sww-Suwa|hf
|c|☆Spwert|hf
|
|t:|1662588788
|start
|switch|p1a: Indeedee|Indeedee, M|100/100
|switch|p2a: Kommo-o|Kommo-o, F|100/100
|-fieldstart|move: Psychic Terrain|[from] ability: Psychic Surge|[of] p1a: Indeedee
|turn|1
|j| TheNewBrends11
|
|t:|1662588792
|switch|p2a: Moltres|Moltres-Galar|100/100
|move|p1a: Indeedee|Expanding Force|p2a: Moltres
|-immune|p2a: Moltres
|
|upkeep
|turn|2
|
|t:|1662588795
|switch|p1a: Espeon|Espeon, M|100/100
|move|p2a: Moltres|Nasty Plot|p2a: Moltres
|-boost|p2a: Moltres|spa|2
|
|upkeep
|turn|3
|
|t:|1662588799
|move|p1a: Espeon|Yawn|p2a: Moltres
|-start|p2a: Moltres|move: Yawn|[of] p1a: Espeon
|move|p2a: Moltres|Agility|p2a: Moltres
|-boost|p2a: Moltres|spe|2
|
|upkeep
|turn|4
|
|t:|1662588802
|switch|p1a: Omastar|Omastar, F|100/100
|move|p2a: Moltres|Fiery Wrath|p1a: Omastar
|-enditem|p1a: Omastar|Focus Sash
|-damage|p1a: Omastar|1/100
|
|-end|p2a: Moltres|move: Yawn|[silent]
|-status|p2a: Moltres|slp
|upkeep
|turn|5
|
|t:|1662588808
|switch|p2a: Kommo-o|Kommo-o, F|100/100
|move|p1a: Omastar|Shell Smash|p1a: Omastar
|-unboost|p1a: Omastar|def|1
|-unboost|p1a: Omastar|spd|1
|-boost|p1a: Omastar|atk|2
|-boost|p1a: Omastar|spa|2
|-boost|p1a: Omastar|spe|2
|
|upkeep
|turn|6
|
|t:|1662588810
|move|p1a: Omastar|Ice Beam|p2a: Kommo-o
|-supereffective|p2a: Kommo-o
|-crit|p2a: Kommo-o
|-damage|p2a: Kommo-o|0 fnt
|faint|p2a: Kommo-o
|
|upkeep
|
|t:|1662588829
|switch|p2a: Gengar|Gengar, M|100/100
|turn|7
|
|t:|1662588832
|move|p2a: Gengar|Dark Pulse|p1a: Omastar
|-damage|p1a: Omastar|0 fnt
|faint|p1a: Omastar
|
|upkeep
|
|t:|1662588837
|switch|p1a: Kommo-o|Kommo-o, M|100/100
|turn|8
|
|t:|1662588844
|switch|p2a: Blaziken|Blaziken, F|100/100
|move|p1a: Kommo-o|Substitute|p1a: Kommo-o
|-start|p1a: Kommo-o|Substitute
|-damage|p1a: Kommo-o|75/100
|
|-fieldend|move: Psychic Terrain
|upkeep
|turn|9
|
|t:|1662588847
|move|p1a: Kommo-o|Belly Drum|p1a: Kommo-o
|-damage|p1a: Kommo-o|25/100
|-setboost|p1a: Kommo-o|atk|6|[from] move: Belly Drum
|-enditem|p1a: Kommo-o|Salac Berry|[eat]
|-boost|p1a: Kommo-o|spe|1|[from] item: Salac Berry
|move|p2a: Blaziken|Blaze Kick|p1a: Kommo-o
|-resisted|p1a: Kommo-o
|-activate|p1a: Kommo-o|move: Substitute|[damage]
|
|-ability|p2a: Blaziken|Speed Boost|boost
|-boost|p2a: Blaziken|spe|1
|upkeep
|turn|10
|
|t:|1662588851
|move|p2a: Blaziken|Protect|p2a: Blaziken
|-singleturn|p2a: Blaziken|Protect
|move|p1a: Kommo-o|Drain Punch|p2a: Blaziken
|-activate|p2a: Blaziken|move: Protect
|
|-ability|p2a: Blaziken|Speed Boost|boost
|-boost|p2a: Blaziken|spe|1
|upkeep
|turn|11
|
|t:|1662588854
|move|p2a: Blaziken|Close Combat|p1a: Kommo-o
|-end|p1a: Kommo-o|Substitute
|-unboost|p2a: Blaziken|def|1
|-unboost|p2a: Blaziken|spd|1
|move|p1a: Kommo-o|Scale Shot|p2a: Blaziken
|-damage|p2a: Blaziken|24/100
|-damage|p2a: Blaziken|0 fnt
|faint|p2a: Blaziken
|-hitcount|p2: Blaziken|2
|-unboost|p1a: Kommo-o|def|1
|-boost|p1a: Kommo-o|spe|1
|
|upkeep
|
|t:|1662588861
|switch|p2a: Gengar|Gengar, M|100/100
|turn|12
|
|t:|1662588863
|move|p1a: Kommo-o|Scale Shot|p2a: Gengar|[miss]
|-miss|p1a: Kommo-o|p2a: Gengar
|move|p2a: Gengar|Dazzling Gleam|p1a: Kommo-o
|-supereffective|p1a: Kommo-o
|-damage|p1a: Kommo-o|0 fnt
|faint|p1a: Kommo-o
|
|upkeep
|c|☆Sww-Suwa|bruh
|c|☆Sww-Suwa|lmao
|
|t:|1662588871
|switch|p1a: Indeedee|Indeedee, M|100/100
|-fieldstart|move: Psychic Terrain|[from] ability: Psychic Surge|[of] p1a: Indeedee
|turn|13
|
|t:|1662588877
|switch|p2a: Obstagoon|Obstagoon, F|100/100
|switch|p1a: Espeon|Espeon, M|100/100
|
|-status|p2a: Obstagoon|brn|[from] item: Flame Orb
|upkeep
|turn|14
|
|t:|1662588880
|move|p1a: Espeon|Reflect|p1a: Espeon
|-sidestart|p1: Sww-Suwa|Reflect
|move|p2a: Obstagoon|Knock Off|p1a: Espeon
|-supereffective|p1a: Espeon
|-damage|p1a: Espeon|5/100
|-enditem|p1a: Espeon|Eject Button|[from] move: Knock Off|[of] p2a: Obstagoon
|
|-damage|p2a: Obstagoon|94/100 brn|[from] brn
|upkeep
|turn|15
|
|t:|1662588884
|move|p1a: Espeon|Light Screen|p1a: Espeon
|-sidestart|p1: Sww-Suwa|move: Light Screen
|move|p2a: Obstagoon|Facade|p1a: Espeon
|-damage|p1a: Espeon|0 fnt
|faint|p1a: Espeon
|
|-damage|p2a: Obstagoon|88/100 brn|[from] brn
|upkeep
|
|t:|1662588891
|switch|p1a: Regidrago|Regidrago|100/100
|turn|16
|
|t:|1662588893
|move|p1a: Regidrago|Dragon Energy|p2a: Obstagoon
|-damage|p2a: Obstagoon|0 fnt
|faint|p2a: Obstagoon
|
|upkeep
|
|t:|1662588897
|switch|p2a: Terrakion|Terrakion|100/100
|turn|17
|j| lou dort
|
|t:|1662588900
|move|p1a: Regidrago|Dragon Energy|p2a: Terrakion
|-damage|p2a: Terrakion|0 fnt
|faint|p2a: Terrakion
|
|upkeep
|
|t:|1662588902
|switch|p2a: Gengar|Gengar, M|100/100
|turn|18
|
|t:|1662588904
|move|p2a: Gengar|Dazzling Gleam|p1a: Regidrago
|-supereffective|p1a: Regidrago
|-damage|p1a: Regidrago|68/100
|move|p1a: Regidrago|Dragon Energy|p2a: Gengar
|-damage|p2a: Gengar|0 fnt
|faint|p2a: Gengar
|
|-sideend|p1: Sww-Suwa|Reflect
|upkeep
|
|t:|1662588907
|switch|p2a: Moltres|Moltres-Galar|100/100 slp
|turn|19
|
|t:|1662588909
|switch|p1a: Blaziken|Blaziken, F|100/100
|cant|p2a: Moltres|slp
|
|-sideend|p1: Sww-Suwa|move: Light Screen
|upkeep
|turn|20
|
|t:|1662588913
|cant|p2a: Moltres|slp
|move|p1a: Blaziken|Close Combat|p2a: Moltres
|-damage|p2a: Moltres|25/100 slp
|-unboost|p1a: Blaziken|def|1
|-unboost|p1a: Blaziken|spd|1
|-ability|p2a: Moltres|Berserk|boost
|-boost|p2a: Moltres|spa|1
|
|-fieldend|move: Psychic Terrain
|-ability|p1a: Blaziken|Speed Boost|boost
|-boost|p1a: Blaziken|spe|1
|upkeep
|turn|21
|
|t:|1662588917
|move|p1a: Blaziken|Close Combat|p2a: Moltres
|-damage|p2a: Moltres|0 fnt
|-unboost|p1a: Blaziken|def|1
|-unboost|p1a: Blaziken|spd|1
|faint|p2a: Moltres
|
|win|Sww-Suwa
|n|☆Sww-Suwa|swwsuwa
|n|☆Spwert|spwert
|n| TheNewBrends11|thenewbrends11
|n| lou dort|loudort
|l|☆Spwert
|c| lou dort|haxed
|c|☆Sww-Suwa|gg
|c|☆Sww-Suwa|bro
|c|☆Sww-Suwa|i missed scale shot lmao
|c| lou dort|im kidding
|l| lou dort
|l|☆Sww-Suwa
