|j|☆Pitaye
|j|☆Spectre Ace
|t:|1667738892
|gametype|singles
|player|p1|Pitaye|psychicf-gen4|1720
|player|p2|Spectre Ace|juggler|1646
|teamsize|p1|6
|teamsize|p2|6
|gen|8
|tier|[Gen 8] OU
|rated|
|rule|Sleep Clause Mod: Limit one foe put to sleep
|rule|Species Clause: Limit one of each Pokémon
|rule|OHKO Clause: OHKO moves are banned
|rule|Evasion Items Clause: Evasion items are banned
|rule|Evasion Moves Clause: Evasion moves are banned
|rule|Endless Battle Clause: Forcing endless battles is banned
|rule|HP Percentage Mod: HP is shown in percentages
|rule|Dynamax Clause: You cannot dynamax
|clearpoke
|poke|p1|Landorus-Therian, M|
|poke|p1|Tyranitar, F|
|poke|p1|Zeraora|
|poke|p1|Dragapult, F|
|poke|p1|Volcanion|
|poke|p1|Corviknight, F|
|poke|p2|Raichu-Alola, F|
|poke|p2|Tapu Koko|
|poke|p2|Ferrothorn, M|
|poke|p2|Mandibuzz, F|
|poke|p2|Garchomp, M|
|poke|p2|Hatterene, F|
|teampreview
|
|t:|1667738900
|start
|switch|p1a: Merupi|Volcanion|100/100
|switch|p2a: Hatterene|Hatterene, F|100/100
|turn|1
|
|t:|1667738908
|move|p1a: Merupi|Sludge Bomb|p2a: Hatterene
|-supereffective|p2a: Hatterene
|-damage|p2a: Hatterene|34/100
|-status|p2a: Hatterene|psn
|move|p2a: Hatterene|Psyshock|p1a: Merupi
|-damage|p1a: Merupi|71/100
|
|-heal|p2a: Hatterene|40/100 psn|[from] item: Leftovers
|-damage|p2a: Hatterene|28/100 psn|[from] psn
|upkeep
|turn|2
|
|t:|1667738912
|switch|p2a: Crane|Garchomp, M|100/100
|move|p1a: Merupi|Steam Eruption|p2a: Crane
|-damage|p2a: Crane|32/100
|-status|p2a: Crane|brn
|
|-heal|p2a: Crane|39/100 brn|[from] item: Leftovers
|-damage|p2a: Crane|32/100 brn|[from] brn
|upkeep
|turn|3
|
|t:|1667738920
|move|p2a: Crane|Stealth Rock|p1a: Merupi
|-sidestart|p1: Pitaye|move: Stealth Rock
|move|p1a: Merupi|Earth Power|p2a: Crane
|-damage|p2a: Crane|0 fnt
|faint|p2a: Crane
|
|upkeep
|
|t:|1667738922
|switch|p2a: Booker|Tapu Koko|100/100
|-fieldstart|move: Electric Terrain|[from] ability: Electric Surge|[of] p2a: Booker
|turn|4
|
|t:|1667738926
|move|p2a: Booker|U-turn|p1a: Merupi
|-resisted|p1a: Merupi
|-damage|p1a: Merupi|64/100
|
|t:|1667738928
|switch|p2a: Hatterene|Hatterene, F|28/100 psn|[from]move: U-turn
|move|p1a: Merupi|Steam Eruption|p2a: Hatterene
|-damage|p2a: Hatterene|0 fnt
|faint|p2a: Hatterene
|
|upkeep
|
|t:|1667738929
|switch|p2a: Valentine|Raichu-Alola, F, shiny|100/100
|turn|5
|
|t:|1667738934
|move|p2a: Valentine|Rising Voltage|p1a: Merupi
|-hint|Rising Voltage's BP doubled on grounded target.
|-supereffective|p1a: Merupi
|-damage|p1a: Merupi|0 fnt
|faint|p1a: Merupi
|-damage|p2a: Valentine|91/100|[from] item: Life Orb
|
|upkeep
|
|t:|1667738947
|switch|p1a: Evinrude|Dragapult, F|100/100
|-damage|p1a: Evinrude|88/100|[from] Stealth Rock
|turn|6
|
|t:|1667738959
|switch|p2a: Sundowner|Ferrothorn, M|100/100
|move|p1a: Evinrude|U-turn|p2a: Sundowner
|-damage|p2a: Sundowner|88/100
|-damage|p1a: Evinrude|76/100|[from] ability: Iron Barbs|[of] p2a: Sundowner
|
|t:|1667738971
|switch|p1a: Lillith|Tyranitar, F|100/100|[from]move: U-turn
|-damage|p1a: Lillith|88/100|[from] Stealth Rock
|-weather|Sandstorm|[from] ability: Sand Stream|[of] p1a: Lillith
|
|-weather|Sandstorm|[upkeep]
|-heal|p2a: Sundowner|95/100|[from] item: Leftovers
|upkeep
|turn|7
|
|t:|1667738975
|switch|p2a: Croft|Mandibuzz, F|100/100
|move|p1a: Lillith|Fire Punch|p2a: Croft
|-damage|p2a: Croft|74/100
|
|-weather|Sandstorm|[upkeep]
|upkeep
|turn|8
|
|t:|1667738983
|switch|p1a: Lapérouse|Landorus-Therian, M|100/100
|-damage|p1a: Lapérouse|88/100|[from] Stealth Rock
|-ability|p1a: Lapérouse|Intimidate|boost
|-unboost|p2a: Croft|atk|1
|move|p2a: Croft|U-turn|p1a: Lapérouse
|-resisted|p1a: Lapérouse
|-damage|p1a: Lapérouse|85/100
|
|t:|1667738985
|switch|p2a: Sundowner|Ferrothorn, M|95/100|[from]move: U-turn
|
|-weather|Sandstorm|[upkeep]
|-heal|p1a: Lapérouse|91/100|[from] item: Leftovers
|-heal|p2a: Sundowner|100/100|[from] item: Leftovers
|upkeep
|turn|9
|
|t:|1667738988
|move|p1a: Lapérouse|Stealth Rock|p2a: Sundowner
|-sidestart|p2: Spectre Ace|move: Stealth Rock
|move|p2a: Sundowner|Spikes|p1a: Lapérouse
|-sidestart|p1: Pitaye|Spikes
|
|-weather|Sandstorm|[upkeep]
|-heal|p1a: Lapérouse|97/100|[from] item: Leftovers
|upkeep
|turn|10
|
|t:|1667738992
|switch|p1a: Opal|Corviknight, F|100/100
|-damage|p1a: Opal|88/100|[from] Stealth Rock
|-ability|p1a: Opal|Pressure
|move|p2a: Sundowner|Knock Off|p1a: Opal
|-damage|p1a: Opal|75/100
|-damage|p2a: Sundowner|84/100|[from] item: Rocky Helmet|[of] p1a: Opal
|-enditem|p1a: Opal|Rocky Helmet|[from] move: Knock Off|[of] p2a: Sundowner
|
|-weather|none
|-heal|p2a: Sundowner|90/100|[from] item: Leftovers
|upkeep
|turn|11
|
|t:|1667738996
|move|p1a: Opal|Defog|p2a: Sundowner
|-unboost|p2a: Sundowner|evasion|1
|-sideend|p2: Spectre Ace|Stealth Rock|[from] move: Defog|[of] p1a: Opal
|-sideend|p1: Pitaye|Spikes|[from] move: Defog|[of] p1a: Opal
|-sideend|p1: Pitaye|Stealth Rock|[from] move: Defog|[of] p1a: Opal
|-fieldend|move: Electric Terrain
|move|p2a: Sundowner|Leech Seed|p1a: Opal
|-start|p1a: Opal|move: Leech Seed
|
|-heal|p2a: Sundowner|97/100|[from] item: Leftovers
|-damage|p1a: Opal|63/100|[from] Leech Seed|[of] p2a: Sundowner
|-heal|p2a: Sundowner|100/100|[silent]
|upkeep
|turn|12
|
|t:|1667738998
|move|p1a: Opal|U-turn|p2a: Sundowner
|-damage|p2a: Sundowner|91/100
|-damage|p1a: Opal|51/100|[from] ability: Iron Barbs|[of] p2a: Sundowner
|
|t:|1667739000
|switch|p1a: Lillith|Tyranitar, F|88/100|[from]move: U-turn
|-weather|Sandstorm|[from] ability: Sand Stream|[of] p1a: Lillith
|move|p2a: Sundowner|Spikes|p1a: Lillith
|-sidestart|p1: Pitaye|Spikes
|
|-weather|Sandstorm|[upkeep]
|-heal|p2a: Sundowner|97/100|[from] item: Leftovers
|upkeep
|turn|13
|
|t:|1667739011
|move|p1a: Lillith|Fire Punch|p2a: Sundowner
|-supereffective|p2a: Sundowner
|-damage|p2a: Sundowner|0 fnt
|-damage|p1a: Lillith|76/100|[from] ability: Iron Barbs|[of] p2a: Sundowner
|faint|p2a: Sundowner
|
|-weather|Sandstorm|[upkeep]
|upkeep
|
|t:|1667739014
|switch|p2a: Booker|Tapu Koko|100/100
|-fieldstart|move: Electric Terrain|[from] ability: Electric Surge|[of] p2a: Booker
|turn|14
|
|t:|1667739019
|switch|p1a: Opal|Corviknight, F|51/100
|-ability|p1a: Opal|Pressure
|move|p2a: Booker|U-turn|p1a: Opal
|-resisted|p1a: Opal
|-damage|p1a: Opal|48/100
|
|t:|1667739021
|switch|p2a: Valentine|Raichu-Alola, F, shiny|91/100|[from]move: U-turn
|
|-weather|Sandstorm|[upkeep]
|-damage|p2a: Valentine|84/100|[from] Sandstorm
|upkeep
|turn|15
|
|t:|1667739027
|switch|p1a: Lapérouse|Landorus-Therian, M|97/100
|-ability|p1a: Lapérouse|Intimidate|boost
|-unboost|p2a: Valentine|atk|1
|move|p2a: Valentine|Nasty Plot|p2a: Valentine
|-boost|p2a: Valentine|spa|2
|
|-weather|Sandstorm|[upkeep]
|-damage|p2a: Valentine|78/100|[from] Sandstorm
|-heal|p1a: Lapérouse|100/100|[from] item: Leftovers
|upkeep
|turn|16
|
|t:|1667739034
|switch|p1a: Opal|Corviknight, F|48/100
|-ability|p1a: Opal|Pressure
|move|p2a: Valentine|Surf|p1a: Opal
|-damage|p1a: Opal|0 fnt
|faint|p1a: Opal
|-damage|p2a: Valentine|68/100|[from] item: Life Orb
|
|-weather|none
|upkeep
|
|t:|1667739047
|switch|p1a: Lillith|Tyranitar, F|76/100
|-damage|p1a: Lillith|64/100|[from] Spikes
|-weather|Sandstorm|[from] ability: Sand Stream|[of] p1a: Lillith
|turn|17
|
|t:|1667739051
|move|p2a: Valentine|Surf|p1a: Lillith
|-supereffective|p1a: Lillith
|-damage|p1a: Lillith|0 fnt
|faint|p1a: Lillith
|-damage|p2a: Valentine|58/100|[from] item: Life Orb
|
|-weather|Sandstorm|[upkeep]
|-damage|p2a: Valentine|52/100|[from] Sandstorm
|upkeep
|
|t:|1667739059
|switch|p1a: Evinrude|Dragapult, F|76/100
|-damage|p1a: Evinrude|64/100|[from] Spikes
|turn|18
|
|t:|1667739061
|switch|p1a: Lapérouse|Landorus-Therian, M|100/100
|-ability|p1a: Lapérouse|Intimidate|boost
|-unboost|p2a: Valentine|atk|1
|move|p2a: Valentine|Rising Voltage|p1a: Lapérouse
|-immune|p1a: Lapérouse
|
|-weather|Sandstorm|[upkeep]
|-damage|p2a: Valentine|46/100|[from] Sandstorm
|upkeep
|turn|19
|
|t:|1667739066
|switch|p1a: Evinrude|Dragapult, F|64/100
|-damage|p1a: Evinrude|51/100|[from] Spikes
|move|p2a: Valentine|Surf|p1a: Evinrude
|-resisted|p1a: Evinrude
|-damage|p1a: Evinrude|6/100
|-damage|p2a: Valentine|36/100|[from] item: Life Orb
|
|-weather|Sandstorm|[upkeep]
|-damage|p2a: Valentine|30/100|[from] Sandstorm
|-damage|p1a: Evinrude|0 fnt|[from] Sandstorm
|faint|p1a: Evinrude
|upkeep
|
|t:|1667739070
|switch|p1a: Icare|Zeraora|100/100
|turn|20
|
|t:|1667739073
|move|p2a: Valentine|Psyshock|p1a: Icare
|-damage|p1a: Icare|0 fnt
|faint|p1a: Icare
|-damage|p2a: Valentine|20/100|[from] item: Life Orb
|
|-weather|Sandstorm|[upkeep]
|-damage|p2a: Valentine|14/100|[from] Sandstorm
|upkeep
|-message|Pitaye forfeited.
|
|win|Spectre Ace
|raw|Pitaye's rating: 1720 &rarr; <strong>1696</strong><br />(-24 for losing)
|raw|Spectre Ace's rating: 1646 &rarr; <strong>1670</strong><br />(+24 for winning)
|l|☆Pitaye
||Ladder isn't responding, score probably updated but might not have (Request timeout).
