|j|☆Keiran74
|j|☆Geenobe
|t:|1635208647
|gametype|singles
|player|p1|Keiran74|102|1607
|player|p2|Geenobe|burgh|1610
|teamsize|p1|6
|teamsize|p2|6
|gen|8
|tier|[Gen 8] OU
|rated|
|rule|Sleep Clause Mod: Limit one foe put to sleep
|rule|Species Clause: Limit one of each Pokémon
|rule|OHKO Clause: OHKO moves are banned
|rule|Evasion Moves Clause: Evasion moves are banned
|rule|Endless Battle Clause: Forcing endless battles is banned
|rule|HP Percentage Mod: HP is shown in percentages
|rule|Dynamax Clause: You cannot dynamax
|clearpoke
|poke|p1|Dragonite, M|
|poke|p1|Magnezone|
|poke|p1|Landorus-Therian, M|
|poke|p1|Weavile, F|
|poke|p1|Tapu Fini|
|poke|p1|Melmetal|
|poke|p2|Heliolisk, F|
|poke|p2|Pelipper, F|
|poke|p2|Ferrothorn, M|
|poke|p2|Landorus-Therian, M|
|poke|p2|Tornadus-Therian, M|
|poke|p2|Barraskewda, M|
|teampreview
|inactive|Battle timer is ON: inactive players will automatically lose when time's up. (requested by Geenobe)
|
|t:|1635208673
|start
|switch|p1a: Magnezone|Magnezone, shiny|100/100
|switch|p2a: Landorus|Landorus-Therian, M|100/100
|-ability|p2a: Landorus|Intimidate|boost
|-unboost|p1a: Magnezone|atk|1
|turn|1
|
|t:|1635208680
|switch|p1a: Tapu Fini|Tapu Fini, shiny|100/100
|-fieldstart|move: Misty Terrain|[from] ability: Misty Surge|[of] p1a: Tapu Fini
|move|p2a: Landorus|Toxic|p1a: Tapu Fini
|-activate|p1a: Tapu Fini|move: Misty Terrain
|
|upkeep
|turn|2
|
|t:|1635208692
|switch|p2a: Pelipper|Pelipper, F|100/100
|-weather|RainDance|[from] ability: Drizzle|[of] p2a: Pelipper
|move|p1a: Tapu Fini|Nature's Madness|p2a: Pelipper|[miss]
|-miss|p1a: Tapu Fini|p2a: Pelipper
|
|-weather|RainDance|[upkeep]
|upkeep
|turn|3
|
|t:|1635208700
|move|p1a: Tapu Fini|Nature's Madness|p2a: Pelipper
|-damage|p2a: Pelipper|51/100
|move|p2a: Pelipper|U-turn|p1a: Tapu Fini
|-resisted|p1a: Tapu Fini
|-damage|p1a: Tapu Fini|97/100
|
|t:|1635208702
|switch|p2a: Heliolisk|Heliolisk, F|100/100|[from]move: U-turn
|
|-weather|RainDance|[upkeep]
|-heal|p1a: Tapu Fini|100/100|[from] item: Leftovers
|upkeep
|turn|4
|j| SolaceAcheron
|
|t:|1635208713
|switch|p1a: Melmetal|Melmetal|100/100
|move|p2a: Heliolisk|Thunder|p1a: Melmetal
|-damage|p1a: Melmetal|30/100
|-damage|p2a: Heliolisk|91/100|[from] item: Life Orb
|
|-weather|RainDance|[upkeep]
|-heal|p2a: Heliolisk|100/100|[from] ability: Dry Skin
|upkeep
|turn|5
|
|t:|1635208722
|move|p2a: Heliolisk|Surf|p1a: Melmetal
|-damage|p1a: Melmetal|0 fnt
|faint|p1a: Melmetal
|-damage|p2a: Heliolisk|91/100|[from] item: Life Orb
|
|-weather|RainDance|[upkeep]
|-heal|p2a: Heliolisk|100/100|[from] ability: Dry Skin
|-fieldend|Misty Terrain
|upkeep
|
|t:|1635208726
|switch|p1a: Weavile|Weavile, F|100/100
|-ability|p1a: Weavile|Pressure
|turn|6
|
|t:|1635208737
|switch|p1a: Magnezone|Magnezone, shiny|100/100
|switch|p2a: Pelipper|Pelipper, F|51/100
|
|-weather|RainDance|[upkeep]
|upkeep
|turn|7
|
|t:|1635208746
|switch|p2a: Landorus|Landorus-Therian, M|100/100
|-ability|p2a: Landorus|Intimidate|boost
|-unboost|p1a: Magnezone|atk|1
|move|p1a: Magnezone|Flash Cannon|p2a: Landorus
|-damage|p2a: Landorus|66/100
|
|-weather|RainDance|[upkeep]
|-heal|p2a: Landorus|72/100|[from] item: Leftovers
|upkeep
|turn|8
|
|t:|1635208755
|move|p2a: Landorus|Stealth Rock|p1a: Magnezone
|-sidestart|p1: Keiran74|move: Stealth Rock
|move|p1a: Magnezone|Flash Cannon|p2a: Landorus
|-damage|p2a: Landorus|41/100
|-unboost|p2a: Landorus|spd|1
|
|-weather|RainDance|[upkeep]
|-heal|p2a: Landorus|47/100|[from] item: Leftovers
|upkeep
|turn|9
|
|t:|1635208761
|move|p2a: Landorus|U-turn|p1a: Magnezone
|-resisted|p1a: Magnezone
|-damage|p1a: Magnezone|91/100
|
|t:|1635208778
|switch|p2a: Barraskewda|Barraskewda, M|100/100|[from]move: U-turn
|move|p1a: Magnezone|Flash Cannon|p2a: Barraskewda
|-resisted|p2a: Barraskewda
|-damage|p2a: Barraskewda|52/100
|
|-weather|none
|upkeep
|turn|10
|j| Lyudra
|
|t:|1635208785
|move|p2a: Barraskewda|Flip Turn|p1a: Magnezone
|-damage|p1a: Magnezone|50/100
|
|t:|1635208789
|switch|p2a: Landorus|Landorus-Therian, M|47/100|[from]move: Flip Turn
|-ability|p2a: Landorus|Intimidate|boost
|-unboost|p1a: Magnezone|atk|1
|move|p1a: Magnezone|Flash Cannon|p2a: Landorus
|-damage|p2a: Landorus|11/100
|
|-heal|p2a: Landorus|17/100|[from] item: Leftovers
|upkeep
|turn|11
|
|t:|1635208798
|move|p2a: Landorus|Earthquake|p1a: Magnezone
|-supereffective|p1a: Magnezone
|-crit|p1a: Magnezone
|-damage|p1a: Magnezone|0 fnt
|faint|p1a: Magnezone
|
|-heal|p2a: Landorus|23/100|[from] item: Leftovers
|upkeep
|
|t:|1635208801
|switch|p1a: Tapu Fini|Tapu Fini, shiny|100/100
|-damage|p1a: Tapu Fini|88/100|[from] Stealth Rock
|-fieldstart|move: Misty Terrain|[from] ability: Misty Surge|[of] p1a: Tapu Fini
|turn|12
|
|t:|1635208811
|move|p1a: Tapu Fini|Moonblast|p2a: Landorus
|-damage|p2a: Landorus|0 fnt
|faint|p2a: Landorus
|
|-heal|p1a: Tapu Fini|94/100|[from] item: Leftovers
|upkeep
|
|t:|1635208820
|switch|p2a: Pelipper|Pelipper, F|51/100
|-weather|RainDance|[from] ability: Drizzle|[of] p2a: Pelipper
|turn|13
|j| BlackBlurSpidey
|
|t:|1635208835
|move|p1a: Tapu Fini|Moonblast|p2a: Pelipper
|-damage|p2a: Pelipper|7/100
|-unboost|p2a: Pelipper|spa|1
|move|p2a: Pelipper|Roost|p2a: Pelipper
|-heal|p2a: Pelipper|57/100
|-singleturn|p2a: Pelipper|move: Roost
|
|-weather|RainDance|[upkeep]
|-heal|p1a: Tapu Fini|99/100|[from] item: Leftovers
|upkeep
|turn|14
|j| FlyWhiteGuy
|inactive|Geenobe has 120 seconds left.
|
|t:|1635208882
|move|p1a: Tapu Fini|Moonblast|p2a: Pelipper
|-damage|p2a: Pelipper|14/100
|-unboost|p2a: Pelipper|spa|1
|move|p2a: Pelipper|U-turn|p1a: Tapu Fini
|-resisted|p1a: Tapu Fini
|-damage|p1a: Tapu Fini|97/100
|
|t:|1635208885
|switch|p2a: Heliolisk|Heliolisk, F|100/100|[from]move: U-turn
|
|-weather|RainDance|[upkeep]
|-heal|p1a: Tapu Fini|100/100|[from] item: Leftovers
|upkeep
|turn|15
|j| dreaming eyes
|
|t:|1635208896
|switch|p1a: Dragonite|Dragonite, M|100/100
|-damage|p1a: Dragonite|76/100|[from] Stealth Rock
|move|p2a: Heliolisk|Thunder|p1a: Dragonite
|-damage|p1a: Dragonite|5/100
|-damage|p2a: Heliolisk|91/100|[from] item: Life Orb
|
|-weather|RainDance|[upkeep]
|-heal|p2a: Heliolisk|100/100|[from] ability: Dry Skin
|upkeep
|turn|16
|inactive|Geenobe has 120 seconds left.
|
|t:|1635208908
|move|p1a: Dragonite|Extreme Speed|p2a: Heliolisk
|-damage|p2a: Heliolisk|6/100
|move|p2a: Heliolisk|Hyper Voice|p1a: Dragonite
|-damage|p1a: Dragonite|0 fnt
|faint|p1a: Dragonite
|-damage|p2a: Heliolisk|0 fnt|[from] item: Life Orb
|faint|p2a: Heliolisk
|
|-weather|RainDance|[upkeep]
|-fieldend|Misty Terrain
|upkeep
|c| dreaming eyes|damn heliolisk puttin in overtime
|inactive|Geenobe has 120 seconds left.
|
|t:|1635208926
|switch|p2a: Barraskewda|Barraskewda, M|52/100
|switch|p1a: Tapu Fini|Tapu Fini, shiny|100/100
|-damage|p1a: Tapu Fini|88/100|[from] Stealth Rock
|-fieldstart|move: Misty Terrain|[from] ability: Misty Surge|[of] p1a: Tapu Fini
|turn|17
|
|t:|1635208933
|move|p2a: Barraskewda|Flip Turn|p1a: Tapu Fini
|-resisted|p1a: Tapu Fini
|-damage|p1a: Tapu Fini|57/100
|
|t:|1635208939
|switch|p2a: Ferrothorn|Ferrothorn, M|100/100|[from]move: Flip Turn
|move|p1a: Tapu Fini|Nature's Madness|p2a: Ferrothorn
|-damage|p2a: Ferrothorn|50/100
|
|-weather|RainDance|[upkeep]
|-heal|p1a: Tapu Fini|63/100|[from] item: Leftovers
|-heal|p2a: Ferrothorn|57/100|[from] item: Leftovers
|upkeep
|turn|18
|j| jey2
|
|t:|1635208951
|move|p1a: Tapu Fini|Taunt|p2a: Ferrothorn
|-start|p2a: Ferrothorn|move: Taunt
|cant|p2a: Ferrothorn|move: Taunt|Leech Seed
|
|-weather|RainDance|[upkeep]
|-heal|p1a: Tapu Fini|69/100|[from] item: Leftovers
|-heal|p2a: Ferrothorn|63/100|[from] item: Leftovers
|upkeep
|turn|19
|
|t:|1635208960
|move|p1a: Tapu Fini|Whirlpool|p2a: Ferrothorn
|-resisted|p2a: Ferrothorn
|-damage|p2a: Ferrothorn|58/100
|-activate|p2a: Ferrothorn|move: Whirlpool|[of] p1a: Tapu Fini
|move|p2a: Ferrothorn|Knock Off|p1a: Tapu Fini
|-resisted|p1a: Tapu Fini
|-damage|p1a: Tapu Fini|61/100
|-enditem|p1a: Tapu Fini|Leftovers|[from] move: Knock Off|[of] p2a: Ferrothorn
|
|-weather|RainDance|[upkeep]
|-heal|p2a: Ferrothorn|64/100|[from] item: Leftovers
|-damage|p2a: Ferrothorn|51/100|[from] move: Whirlpool|[partiallytrapped]
|upkeep
|turn|20
|
|t:|1635208965
|move|p1a: Tapu Fini|Nature's Madness|p2a: Ferrothorn|[miss]
|-miss|p1a: Tapu Fini|p2a: Ferrothorn
|move|p2a: Ferrothorn|Iron Head|p1a: Tapu Fini
|-damage|p1a: Tapu Fini|39/100
|
|-weather|none
|-heal|p2a: Ferrothorn|58/100|[from] item: Leftovers
|-damage|p2a: Ferrothorn|45/100|[from] move: Whirlpool|[partiallytrapped]
|-end|p2a: Ferrothorn|move: Taunt
|upkeep
|turn|21
|
|t:|1635208970
|switch|p1a: Landorus|Landorus-Therian, M|100/100
|-damage|p1a: Landorus|88/100|[from] Stealth Rock
|-ability|p1a: Landorus|Intimidate|boost
|-unboost|p2a: Ferrothorn|atk|1
|move|p2a: Ferrothorn|Iron Head|p1a: Landorus
|-damage|p1a: Landorus|71/100
|
|-heal|p1a: Landorus|77/100|[from] item: Leftovers
|-heal|p2a: Ferrothorn|51/100|[from] item: Leftovers
|-end|p2a: Ferrothorn|Whirlpool|[partiallytrapped]|[silent]
|-fieldend|Misty Terrain
|upkeep
|turn|22
|l| dreaming eyes
|
|t:|1635208975
|move|p1a: Landorus|Defog|p2a: Ferrothorn
|-unboost|p2a: Ferrothorn|evasion|1
|-sideend|p1: Keiran74|Stealth Rock|[from] move: Defog|[of] p1a: Landorus
|move|p2a: Ferrothorn|Leech Seed|p1a: Landorus
|-start|p1a: Landorus|move: Leech Seed
|
|-heal|p1a: Landorus|83/100|[from] item: Leftovers
|-heal|p2a: Ferrothorn|58/100|[from] item: Leftovers
|-damage|p1a: Landorus|71/100|[from] Leech Seed|[of] p2a: Ferrothorn
|-heal|p2a: Ferrothorn|71/100|[silent]
|upkeep
|turn|23
|
|t:|1635208981
|move|p1a: Landorus|Earthquake|p2a: Ferrothorn
|-damage|p2a: Ferrothorn|35/100
|move|p2a: Ferrothorn|Knock Off|p1a: Landorus
|-damage|p1a: Landorus|58/100
|-enditem|p1a: Landorus|Leftovers|[from] move: Knock Off|[of] p2a: Ferrothorn
|
|-heal|p2a: Ferrothorn|41/100|[from] item: Leftovers
|-damage|p1a: Landorus|46/100|[from] Leech Seed|[of] p2a: Ferrothorn
|-heal|p2a: Ferrothorn|55/100|[silent]
|upkeep
|turn|24
|
|t:|1635208989
|move|p1a: Landorus|Earthquake|p2a: Ferrothorn
|-damage|p2a: Ferrothorn|19/100
|move|p2a: Ferrothorn|Spikes|p1a: Landorus
|-sidestart|p1: Keiran74|Spikes
|
|-heal|p2a: Ferrothorn|25/100|[from] item: Leftovers
|-damage|p1a: Landorus|34/100|[from] Leech Seed|[of] p2a: Ferrothorn
|-heal|p2a: Ferrothorn|38/100|[silent]
|upkeep
|turn|25
|
|t:|1635208997
|move|p1a: Landorus|Defog|p2a: Ferrothorn
|-unboost|p2a: Ferrothorn|evasion|1
|-sideend|p1: Keiran74|Spikes|[from] move: Defog|[of] p1a: Landorus
|move|p2a: Ferrothorn|Spikes|p1a: Landorus
|-sidestart|p1: Keiran74|Spikes
|
|-heal|p2a: Ferrothorn|45/100|[from] item: Leftovers
|-damage|p1a: Landorus|21/100|[from] Leech Seed|[of] p2a: Ferrothorn
|-heal|p2a: Ferrothorn|58/100|[silent]
|upkeep
|turn|26
|
|t:|1635209000
|move|p1a: Landorus|Earthquake|p2a: Ferrothorn
|-damage|p2a: Ferrothorn|23/100
|move|p2a: Ferrothorn|Spikes|p1a: Landorus
|-sidestart|p1: Keiran74|Spikes
|
|-heal|p2a: Ferrothorn|29/100|[from] item: Leftovers
|-damage|p1a: Landorus|9/100|[from] Leech Seed|[of] p2a: Ferrothorn
|-heal|p2a: Ferrothorn|42/100|[silent]
|upkeep
|turn|27
|
|t:|1635209003
|move|p1a: Landorus|Earthquake|p2a: Ferrothorn
|-damage|p2a: Ferrothorn|5/100
|move|p2a: Ferrothorn|Spikes|p1a: Landorus
|-sidestart|p1: Keiran74|Spikes
|
|-heal|p2a: Ferrothorn|12/100|[from] item: Leftovers
|-damage|p1a: Landorus|0 fnt|[from] Leech Seed|[of] p2a: Ferrothorn
|-heal|p2a: Ferrothorn|21/100|[silent]
|faint|p1a: Landorus
|upkeep
|
|t:|1635209008
|switch|p1a: Weavile|Weavile, F|100/100
|-damage|p1a: Weavile|76/100|[from] Spikes
|-ability|p1a: Weavile|Pressure
|turn|28
|
|t:|1635209012
|move|p1a: Weavile|Knock Off|p2a: Ferrothorn
|-damage|p2a: Ferrothorn|0 fnt
|-damage|p1a: Weavile|63/100|[from] ability: Iron Barbs|[of] p2a: Ferrothorn
|-enditem|p2a: Ferrothorn|Leftovers|[from] move: Knock Off|[of] p1a: Weavile
|faint|p2a: Ferrothorn
|-damage|p1a: Weavile|53/100|[from] item: Life Orb
|
|upkeep
|
|t:|1635209017
|switch|p2a: Pelipper|Pelipper, F|14/100
|-weather|RainDance|[from] ability: Drizzle|[of] p2a: Pelipper
|turn|29
|
|t:|1635209027
|move|p1a: Weavile|Swords Dance|p1a: Weavile
|-boost|p1a: Weavile|atk|2
|move|p2a: Pelipper|U-turn|p1a: Weavile
|-supereffective|p1a: Weavile
|-damage|p1a: Weavile|23/100
|
|t:|1635209036
|switch|p2a: Barraskewda|Barraskewda, M|52/100|[from]move: U-turn
|
|-weather|RainDance|[upkeep]
|upkeep
|turn|30
|
|t:|1635209042
|move|p1a: Weavile|Ice Shard|p2a: Barraskewda
|-resisted|p2a: Barraskewda
|-damage|p2a: Barraskewda|2/100
|-damage|p1a: Weavile|13/100|[from] item: Life Orb
|move|p2a: Barraskewda|Liquidation|p1a: Weavile
|-damage|p1a: Weavile|0 fnt
|faint|p1a: Weavile
|
|-weather|RainDance|[upkeep]
|upkeep
|-message|Keiran74 forfeited.
|
|win|Geenobe
|raw|Keiran74's rating: 1607 &rarr; <strong>1587</strong><br />(-20 for losing)
|raw|Geenobe's rating: 1610 &rarr; <strong>1630</strong><br />(+20 for winning)
|l|☆Keiran74
|c|☆Geenobe|gg
|l| FlyWhiteGuy
|l| SolaceAcheron
|l| Lyudra
|l| jey2
||Ladder isn't responding, score probably updated but might not have (Request timeout).
|l| BlackBlurSpidey
