|j|☆Tirkys
|j|☆cereal_9
|t:|1613524598
|player|p1|Tirkys|hilda-dueldisk|1710
|player|p2|cereal_9|dawn|1769
|teamsize|p1|6
|teamsize|p2|6
|gametype|singles
|gen|8
|tier|[Gen 8] OU
|rated|
|clearpoke
|poke|p1|Volcarona, F|
|poke|p1|Quagsire, M|
|poke|p1|Xatu, F|
|poke|p1|Mantine, M|
|poke|p1|Drapion, M|
|poke|p1|Ninetales-Alola, M|
|poke|p2|Slowbro, F|
|poke|p2|Dragapult, M|
|poke|p2|Nidoking, M|
|poke|p2|Tornadus-Therian, M|
|poke|p2|Magearna|
|poke|p2|Cinderace, M|
|rule|Sleep Clause Mod: Limit one foe put to sleep
|rule|Species Clause: Limit one of each Pokémon
|rule|OHKO Clause: OHKO moves are banned
|rule|Evasion Moves Clause: Evasion moves are banned
|rule|Endless Battle Clause: Forcing endless battles is banned
|rule|HP Percentage Mod: HP is shown in percentages
|rule|Dynamax Clause: You cannot dynamax
|teampreview
|inactive|Battle timer is ON: inactive players will automatically lose when time's up. (requested by cereal_9)
|inactive|Tirkys has 120 seconds left.
|
|t:|1613524664
|start
|switch|p1a: WhiteAlbum|Ninetales-Alola, M|100/100
|switch|p2a: Magearna|Magearna|100/100
|-weather|Hail|[from] ability: Snow Warning|[of] p1a: WhiteAlbum
|turn|1
|
|t:|1613524668
|switch|p1a: Magician'sRed|Volcarona, F|100/100
|move|p2a: Magearna|Flash Cannon|p1a: Magician'sRed
|-resisted|p1a: Magician'sRed
|-damage|p1a: Magician'sRed|86/100
|
|-weather|Hail|[upkeep]
|-damage|p1a: Magician'sRed|80/100|[from] Hail
|-damage|p2a: Magearna|94/100|[from] Hail
|-heal|p1a: Magician'sRed|86/100|[from] item: Leftovers
|upkeep
|turn|2
|j| UtmostFlame
|
|t:|1613524673
|switch|p2a: Cinderace|Cinderace, M|100/100
|move|p1a: Magician'sRed|Fiery Dance|p2a: Cinderace
|-resisted|p2a: Cinderace
|-damage|p2a: Cinderace|77/100
|
|-weather|Hail|[upkeep]
|-damage|p2a: Cinderace|71/100|[from] Hail
|-damage|p1a: Magician'sRed|80/100|[from] Hail
|-heal|p1a: Magician'sRed|86/100|[from] item: Leftovers
|upkeep
|turn|3
|
|t:|1613524678
|move|p2a: Cinderace|Pyro Ball|p1a: Magician'sRed
|-damage|p1a: Magician'sRed|27/100
|move|p1a: Magician'sRed|Roost|p1a: Magician'sRed
|-heal|p1a: Magician'sRed|77/100
|-singleturn|p1a: Magician'sRed|move: Roost
|
|-weather|Hail|[upkeep]
|-damage|p2a: Cinderace|65/100|[from] Hail
|-damage|p1a: Magician'sRed|71/100|[from] Hail
|-heal|p1a: Magician'sRed|77/100|[from] item: Leftovers
|upkeep
|turn|4
|
|t:|1613524682
|move|p2a: Cinderace|Pyro Ball|p1a: Magician'sRed
|-damage|p1a: Magician'sRed|27/100
|move|p1a: Magician'sRed|Roost|p1a: Magician'sRed
|-heal|p1a: Magician'sRed|77/100
|-singleturn|p1a: Magician'sRed|move: Roost
|
|-weather|Hail|[upkeep]
|-damage|p2a: Cinderace|59/100|[from] Hail
|-damage|p1a: Magician'sRed|71/100|[from] Hail
|-heal|p1a: Magician'sRed|77/100|[from] item: Leftovers
|upkeep
|turn|5
|
|t:|1613524685
|switch|p2a: Dragapult|Dragapult, M|100/100
|move|p1a: Magician'sRed|Roost|p1a: Magician'sRed
|-heal|p1a: Magician'sRed|100/100
|-singleturn|p1a: Magician'sRed|move: Roost
|
|-weather|none
|upkeep
|turn|6
|
|t:|1613524689
|switch|p1a: WhiteAlbum|Ninetales-Alola, M|100/100
|-weather|Hail|[from] ability: Snow Warning|[of] p1a: WhiteAlbum
|move|p2a: Dragapult|Dragon Darts|p1a: WhiteAlbum
|-immune|p1a: WhiteAlbum
|
|-weather|Hail|[upkeep]
|-damage|p2a: Dragapult|94/100|[from] Hail
|upkeep
|turn|7
|
|t:|1613524693
|move|p1a: WhiteAlbum|Blizzard|p2a: Dragapult
|-supereffective|p2a: Dragapult
|-damage|p2a: Dragapult|0 fnt
|faint|p2a: Dragapult
|
|-weather|Hail|[upkeep]
|upkeep
|
|t:|1613524699
|switch|p2a: Magearna|Magearna|94/100
|turn|8
|
|t:|1613524702
|switch|p1a: Magician'sRed|Volcarona, F|100/100
|move|p2a: Magearna|Volt Switch|p1a: Magician'sRed
|-damage|p1a: Magician'sRed|83/100
|
|t:|1613524705
|switch|p2a: Tornadus|Tornadus-Therian, M|100/100|[from]move: Volt Switch
|
|-weather|Hail|[upkeep]
|-damage|p2a: Tornadus|94/100|[from] Hail
|-damage|p1a: Magician'sRed|77/100|[from] Hail
|-heal|p1a: Magician'sRed|83/100|[from] item: Leftovers
|upkeep
|turn|9
|
|t:|1613524709
|switch|p1a: CatchTheRainbow|Mantine, M|100/100
|move|p2a: Tornadus|Knock Off|p1a: CatchTheRainbow
|-damage|p1a: CatchTheRainbow|80/100
|-enditem|p1a: CatchTheRainbow|Leftovers|[from] move: Knock Off|[of] p2a: Tornadus
|
|-weather|Hail|[upkeep]
|-damage|p2a: Tornadus|88/100|[from] Hail
|-damage|p1a: CatchTheRainbow|74/100|[from] Hail
|upkeep
|turn|10
|
|t:|1613524712
|move|p2a: Tornadus|U-turn|p1a: CatchTheRainbow
|-resisted|p1a: CatchTheRainbow
|-damage|p1a: CatchTheRainbow|67/100
|inactive|cereal_9 has 120 seconds left.
|
|t:|1613524744
|switch|p2a: Magearna|Magearna|94/100|[from]move: U-turn
|move|p1a: CatchTheRainbow|Toxic|p2a: Magearna
|-immune|p2a: Magearna
|
|-weather|none
|upkeep
|turn|11
|j| bagoftrixx
|inactive|cereal_9 has 120 seconds left.
|
|t:|1613524758
|switch|p1a: StarPlatinum|Quagsire, M, shiny|100/100
|move|p2a: Magearna|Volt Switch|p1a: StarPlatinum
|-immune|p1a: StarPlatinum
|
|upkeep
|turn|12
|inactive|cereal_9 has 120 seconds left.
|
|t:|1613524770
|switch|p2a: Tornadus|Tornadus-Therian, M|100/100
|switch|p1a: Magician'sRed|Volcarona, F|83/100
|
|-heal|p1a: Magician'sRed|89/100|[from] item: Leftovers
|upkeep
|turn|13
|
|t:|1613524778
|switch|p1a: PurpleHaze|Drapion, M|100/100
|move|p2a: Tornadus|U-turn|p1a: PurpleHaze
|-damage|p1a: PurpleHaze|87/100
|
|t:|1613524781
|switch|p2a: Nidoking|Nidoking, M|100/100|[from]move: U-turn
|
|-heal|p1a: PurpleHaze|93/100|[from] item: Black Sludge
|upkeep
|turn|14
|
|t:|1613524789
|move|p2a: Nidoking|Earth Power|p1a: PurpleHaze
|-supereffective|p1a: PurpleHaze
|-damage|p1a: PurpleHaze|0 fnt
|faint|p1a: PurpleHaze
|
|upkeep
|
|t:|1613524792
|switch|p1a: Magician'sRed|Volcarona, F|89/100
|turn|15
|j| Whammy696969
|inactive|cereal_9 has 120 seconds left.
|
|t:|1613524829
|switch|p2a: Tornadus|Tornadus-Therian, M|100/100
|move|p1a: Magician'sRed|Quiver Dance|p1a: Magician'sRed
|-boost|p1a: Magician'sRed|spa|1
|-boost|p1a: Magician'sRed|spd|1
|-boost|p1a: Magician'sRed|spe|1
|
|-heal|p1a: Magician'sRed|96/100|[from] item: Leftovers
|upkeep
|turn|16
|
|t:|1613524835
|move|p2a: Tornadus|Hurricane|p1a: Magician'sRed|[miss]
|-miss|p2a: Tornadus|p1a: Magician'sRed
|move|p1a: Magician'sRed|Quiver Dance|p1a: Magician'sRed
|-boost|p1a: Magician'sRed|spa|1
|-boost|p1a: Magician'sRed|spd|1
|-boost|p1a: Magician'sRed|spe|1
|
|-heal|p1a: Magician'sRed|100/100|[from] item: Leftovers
|upkeep
|turn|17
|
|t:|1613524837
|move|p1a: Magician'sRed|Quiver Dance|p1a: Magician'sRed
|-boost|p1a: Magician'sRed|spa|1
|-boost|p1a: Magician'sRed|spd|1
|-boost|p1a: Magician'sRed|spe|1
|move|p2a: Tornadus|Hurricane|p1a: Magician'sRed|[miss]
|-miss|p2a: Tornadus|p1a: Magician'sRed
|
|upkeep
|turn|18
|
|t:|1613524841
|move|p1a: Magician'sRed|Fiery Dance|p2a: Tornadus
|-damage|p2a: Tornadus|11/100
|-boost|p1a: Magician'sRed|spa|1
|move|p2a: Tornadus|Hurricane|p1a: Magician'sRed
|-supereffective|p1a: Magician'sRed
|-damage|p1a: Magician'sRed|73/100
|
|-heal|p1a: Magician'sRed|79/100|[from] item: Leftovers
|upkeep
|turn|19
|j| mary k
|-message|cereal_9 forfeited.
|
|win|Tirkys
|l|☆cereal_9
|l|☆Tirkys
|c| UtmostFlame|oof
|l| bagoftrixx
|l| mary k
|l| UtmostFlame
|l| Whammy696969
|raw|Tirkys's rating: 1730 &rarr; <strong>1752</strong><br />(+22 for winning)
|raw|cereal_9's rating: 1769 &rarr; <strong>1747</strong><br />(-22 for losing)
