|j|☆RggV_YT
|j|☆CoconutCrabs
|t:|1664939135
|gametype|singles
|player|p1|RggV_YT|scientist-gen4|1800
|player|p2|CoconutCrabs|102|1892
|teamsize|p1|6
|teamsize|p2|6
|gen|8
|tier|[Gen 8] OU
|rated|
|rule|Sleep Clause Mod: Limit one foe put to sleep
|rule|Species Clause: Limit one of each Pokémon
|rule|OHKO Clause: OHKO moves are banned
|rule|Evasion Items Clause: Evasion items are banned
|rule|Evasion Moves Clause: Evasion moves are banned
|rule|Endless Battle Clause: Forcing endless battles is banned
|rule|HP Percentage Mod: HP is shown in percentages
|rule|Dynamax Clause: You cannot dynamax
|clearpoke
|poke|p1|Politoed, M|
|poke|p1|Heliolisk, M|
|poke|p1|Kingdra, F|
|poke|p1|Mudsdale, F|
|poke|p1|Scizor, M|
|poke|p1|Victini|
|poke|p2|Heatran, M|
|poke|p2|Excadrill, M|
|poke|p2|Tornadus-Therian, M|
|poke|p2|Toxapex, M|
|poke|p2|Tangrowth, F|
|poke|p2|Tyranitar, M|
|teampreview
|inactive|Battle timer is ON: inactive players will automatically lose when time's up. (requested by CoconutCrabs)
|inactive|RggV_YT also wants the timer to be on.
|j| swoley ghost
|
|t:|1664939151
|start
|switch|p1a: Victini|Victini|100/100
|switch|p2a: Tornadus|Tornadus-Therian, M|100/100
|turn|1
|inactive|CoconutCrabs has 120 seconds left.
|
|t:|1664939186
|switch|p2a: Heatran|Heatran, M|100/100
|move|p1a: Victini|Bolt Strike|p2a: Heatran
|-damage|p2a: Heatran|44/100
|
|upkeep
|turn|2
|
|t:|1664939192
|switch|p1a: Politoed|Politoed, M|100/100
|-weather|RainDance|[from] ability: Drizzle|[of] p1a: Politoed
|move|p2a: Heatran|Earth Power|p1a: Politoed
|-damage|p1a: Politoed|73/100
|-unboost|p1a: Politoed|spd|1
|
|-weather|RainDance|[upkeep]
|upkeep
|turn|3
|
|t:|1664939202
|switch|p2a: Tornadus|Tornadus-Therian, M|100/100
|switch|p1a: Kingdra|Kingdra, F|100/100
|
|-weather|RainDance|[upkeep]
|upkeep
|turn|4
|
|t:|1664939204
|switch|p2a: Toxapex|Toxapex, M|100/100
|move|p1a: Kingdra|Surf|p2a: Toxapex
|-resisted|p2a: Toxapex
|-damage|p2a: Toxapex|64/100
|
|-weather|RainDance|[upkeep]
|upkeep
|turn|5
|
|t:|1664939209
|switch|p1a: Scizor|Scizor, M|100/100
|switch|p2a: Tornadus|Tornadus-Therian, M|100/100
|
|-weather|RainDance|[upkeep]
|upkeep
|turn|6
|
|t:|1664939211
|switch|p1a: Heliolisk|Heliolisk, M|100/100
|move|p2a: Tornadus|Hurricane|p1a: Heliolisk
|-resisted|p1a: Heliolisk
|-damage|p1a: Heliolisk|51/100
|
|-weather|RainDance|[upkeep]
|-heal|p1a: Heliolisk|64/100|[from] ability: Dry Skin
|upkeep
|turn|7
|
|t:|1664939218
|switch|p2a: Tyranitar|Tyranitar, M|100/100
|-weather|Sandstorm|[from] ability: Sand Stream|[of] p2a: Tyranitar
|move|p1a: Heliolisk|Volt Switch|p2a: Tyranitar
|-damage|p2a: Tyranitar|82/100
|-damage|p1a: Heliolisk|54/100|[from] item: Life Orb
|
|t:|1664939225
|switch|p1a: Mudsdale|Mudsdale, F, shiny|100/100|[from]move: Volt Switch
|
|-weather|Sandstorm|[upkeep]
|-heal|p2a: Tyranitar|88/100|[from] item: Leftovers
|upkeep
|turn|8
|
|t:|1664939229
|move|p2a: Tyranitar|Stealth Rock|p1a: Mudsdale
|-sidestart|p1: RggV_YT|move: Stealth Rock
|move|p1a: Mudsdale|Stealth Rock|p2a: Tyranitar
|-sidestart|p2: CoconutCrabs|move: Stealth Rock
|
|-weather|Sandstorm|[upkeep]
|-heal|p2a: Tyranitar|94/100|[from] item: Leftovers
|upkeep
|turn|9
|
|t:|1664939232
|switch|p2a: Tangrowth|Tangrowth, F|100/100
|-damage|p2a: Tangrowth|88/100|[from] Stealth Rock
|move|p1a: Mudsdale|Toxic|p2a: Tangrowth|[miss]
|-miss|p1a: Mudsdale|p2a: Tangrowth
|
|-weather|Sandstorm|[upkeep]
|-damage|p2a: Tangrowth|82/100|[from] Sandstorm
|upkeep
|turn|10
|
|t:|1664939234
|move|p2a: Tangrowth|Sleep Powder|p1a: Mudsdale|[miss]
|-miss|p2a: Tangrowth|p1a: Mudsdale
|move|p1a: Mudsdale|Toxic|p2a: Tangrowth|[miss]
|-miss|p1a: Mudsdale|p2a: Tangrowth
|
|-weather|Sandstorm|[upkeep]
|-damage|p2a: Tangrowth|76/100|[from] Sandstorm
|upkeep
|turn|11
|
|t:|1664939238
|move|p2a: Tangrowth|Sleep Powder|p1a: Mudsdale
|-status|p1a: Mudsdale|slp|[from] move: Sleep Powder
|cant|p1a: Mudsdale|slp
|
|-weather|none
|upkeep
|turn|12
|
|t:|1664939241
|switch|p1a: Scizor|Scizor, M|100/100
|-damage|p1a: Scizor|88/100|[from] Stealth Rock
|move|p2a: Tangrowth|Giga Drain|p1a: Scizor
|-resisted|p1a: Scizor
|-damage|p1a: Scizor|79/100
|-heal|p2a: Tangrowth|79/100|[from] drain|[of] p1a: Scizor
|
|-heal|p1a: Scizor|85/100|[from] item: Leftovers
|upkeep
|turn|13
|
|t:|1664939243
|move|p1a: Scizor|Defog|p2a: Tangrowth
|-unboost|p2a: Tangrowth|evasion|1
|-sideend|p2: CoconutCrabs|Stealth Rock|[from] move: Defog|[of] p1a: Scizor
|-sideend|p1: RggV_YT|Stealth Rock|[from] move: Defog|[of] p1a: Scizor
|move|p2a: Tangrowth|Knock Off|p1a: Scizor
|-damage|p1a: Scizor|67/100
|-enditem|p1a: Scizor|Leftovers|[from] move: Knock Off|[of] p2a: Tangrowth
|
|upkeep
|turn|14
|
|t:|1664939249
|switch|p2a: Tornadus|Tornadus-Therian, M|100/100
|move|p1a: Scizor|Knock Off|p2a: Tornadus
|-damage|p2a: Tornadus|53/100
|-enditem|p2a: Tornadus|Choice Specs|[from] move: Knock Off|[of] p1a: Scizor
|
|upkeep
|turn|15
|j| bccahy
|
|t:|1664939256
|switch|p1a: Victini|Victini|100/100
|move|p2a: Tornadus|Hurricane|p1a: Victini|[miss]
|-miss|p2a: Tornadus|p1a: Victini
|
|upkeep
|turn|16
|
|t:|1664939265
|switch|p2a: Tangrowth|Tangrowth, F|100/100
|move|p1a: Victini|Bolt Strike|p2a: Tangrowth
|-resisted|p2a: Tangrowth
|-damage|p2a: Tangrowth|86/100
|-damage|p1a: Victini|84/100|[from] item: Rocky Helmet|[of] p2a: Tangrowth
|
|upkeep
|turn|17
|
|t:|1664939269
|switch|p1a: Scizor|Scizor, M|67/100
|switch|p2a: Toxapex|Toxapex, M|98/100
|
|upkeep
|turn|18
|
|t:|1664939274
|switch|p2a: Tornadus|Tornadus-Therian, M|86/100
|move|p1a: Scizor|Knock Off|p2a: Tornadus
|-damage|p2a: Tornadus|53/100
|
|upkeep
|turn|19
|
|t:|1664939288
|move|p1a: Scizor|Bullet Punch|p2a: Tornadus
|-damage|p2a: Tornadus|7/100
|move|p2a: Tornadus|Heat Wave|p1a: Scizor
|-supereffective|p1a: Scizor
|-damage|p1a: Scizor|0 fnt
|faint|p1a: Scizor
|
|upkeep
|
|t:|1664939291
|switch|p1a: Politoed|Politoed, M|73/100
|-weather|RainDance|[from] ability: Drizzle|[of] p1a: Politoed
|turn|20
|j| aergsdrth
|j| zhuzi
|
|t:|1664939295
|move|p2a: Tornadus|Hurricane|p1a: Politoed
|-damage|p1a: Politoed|30/100
|move|p1a: Politoed|Whirlpool|p2a: Tornadus|[miss]
|-miss|p1a: Politoed|p2a: Tornadus
|
|-weather|RainDance|[upkeep]
|upkeep
|turn|21
|j| chad69lel
|
|t:|1664939302
|switch|p1a: Heliolisk|Heliolisk, M|54/100
|move|p2a: Tornadus|Hurricane|p1a: Heliolisk
|-resisted|p1a: Heliolisk
|-damage|p1a: Heliolisk|22/100
|
|-weather|RainDance|[upkeep]
|-heal|p1a: Heliolisk|34/100|[from] ability: Dry Skin
|upkeep
|turn|22
|c| swoley ghost|specs torn wtf
|
|t:|1664939311
|switch|p2a: Tyranitar|Tyranitar, M|94/100
|-weather|Sandstorm|[from] ability: Sand Stream|[of] p2a: Tyranitar
|switch|p1a: Kingdra|Kingdra, F|100/100
|
|-weather|Sandstorm|[upkeep]
|-damage|p1a: Kingdra|94/100|[from] Sandstorm
|-heal|p2a: Tyranitar|100/100|[from] item: Leftovers
|upkeep
|turn|23
|
|t:|1664939316
|switch|p2a: Toxapex|Toxapex, M|100/100
|move|p1a: Kingdra|Hydro Pump|p2a: Toxapex
|-resisted|p2a: Toxapex
|-crit|p2a: Toxapex
|-damage|p2a: Toxapex|51/100
|
|-weather|Sandstorm|[upkeep]
|-damage|p1a: Kingdra|88/100|[from] Sandstorm
|-damage|p2a: Toxapex|45/100|[from] Sandstorm
|upkeep
|turn|24
|
|t:|1664939320
|switch|p1a: Politoed|Politoed, M|30/100
|-weather|RainDance|[from] ability: Drizzle|[of] p1a: Politoed
|move|p2a: Toxapex|Recover|p2a: Toxapex
|-heal|p2a: Toxapex|96/100
|
|-weather|RainDance|[upkeep]
|upkeep
|turn|25
|
|t:|1664939323
|move|p1a: Politoed|Whirlpool|p2a: Toxapex
|-resisted|p2a: Toxapex
|-damage|p2a: Toxapex|89/100
|-activate|p2a: Toxapex|move: Whirlpool|[of] p1a: Politoed
|move|p2a: Toxapex|Knock Off|p1a: Politoed
|-damage|p1a: Politoed|19/100
|-enditem|p1a: Politoed|Damp Rock|[from] move: Knock Off|[of] p2a: Toxapex
|
|-weather|RainDance|[upkeep]
|-damage|p2a: Toxapex|76/100|[from] move: Whirlpool|[partiallytrapped]
|upkeep
|turn|26
|
|t:|1664939330
|move|p1a: Politoed|Perish Song|p1a: Politoed
|-start|p1a: Politoed|perish3|[silent]
|-start|p2a: Toxapex|perish3|[silent]
|-fieldactivate|move: Perish Song
|move|p2a: Toxapex|Knock Off|p1a: Politoed
|-damage|p1a: Politoed|10/100
|
|-weather|RainDance|[upkeep]
|-damage|p2a: Toxapex|64/100|[from] move: Whirlpool|[partiallytrapped]
|-start|p1a: Politoed|perish3
|-start|p2a: Toxapex|perish3
|upkeep
|turn|27
|
|t:|1664939333
|move|p1a: Politoed|Rest|p1a: Politoed
|-status|p1a: Politoed|slp|[from] move: Rest
|-heal|p1a: Politoed|100/100 slp|[silent]
|move|p2a: Toxapex|Scald|p1a: Politoed
|-resisted|p1a: Politoed
|-damage|p1a: Politoed|90/100 slp
|
|-weather|RainDance|[upkeep]
|-damage|p2a: Toxapex|52/100|[from] move: Whirlpool|[partiallytrapped]
|-start|p1a: Politoed|perish2
|-start|p2a: Toxapex|perish2
|upkeep
|turn|28
|
|t:|1664939336
|cant|p1a: Politoed|slp
|move|p2a: Toxapex|Recover|p2a: Toxapex
|-heal|p2a: Toxapex|100/100
|
|-weather|RainDance|[upkeep]
|-damage|p2a: Toxapex|88/100|[from] move: Whirlpool|[partiallytrapped]
|-start|p1a: Politoed|perish1
|-start|p2a: Toxapex|perish1
|upkeep
|turn|29
|
|t:|1664939339
|switch|p1a: Mudsdale|Mudsdale, F, shiny|100/100 slp
|move|p2a: Toxapex|Scald|p1a: Mudsdale
|-supereffective|p1a: Mudsdale
|-damage|p1a: Mudsdale|59/100 slp
|-ability|p1a: Mudsdale|Stamina|boost
|-boost|p1a: Mudsdale|def|1
|
|-weather|RainDance|[upkeep]
|-heal|p1a: Mudsdale|65/100 slp|[from] item: Leftovers
|-end|p2a: Toxapex|Whirlpool|[partiallytrapped]
|-start|p2a: Toxapex|perish0
|upkeep
|faint|p2a: Toxapex
|
|t:|1664939344
|switch|p2a: Tornadus|Tornadus-Therian, M|40/100
|turn|30
|
|t:|1664939347
|switch|p1a: Heliolisk|Heliolisk, M|34/100
|move|p2a: Tornadus|Hurricane|p1a: Heliolisk
|-resisted|p1a: Heliolisk
|-damage|p1a: Heliolisk|0 fnt
|faint|p1a: Heliolisk
|
|-weather|RainDance|[upkeep]
|upkeep
|
|t:|1664939348
|switch|p1a: Kingdra|Kingdra, F|88/100
|turn|31
|
|t:|1664939370
|switch|p2a: Heatran|Heatran, M|44/100
|move|p1a: Kingdra|Surf|p2a: Heatran
|-supereffective|p2a: Heatran
|-damage|p2a: Heatran|0 fnt
|faint|p2a: Heatran
|
|-weather|none
|upkeep
|
|t:|1664939372
|switch|p2a: Tyranitar|Tyranitar, M|100/100
|-weather|Sandstorm|[from] ability: Sand Stream|[of] p2a: Tyranitar
|turn|32
|
|t:|1664939376
|switch|p2a: Excadrill|Excadrill, M|100/100
|move|p1a: Kingdra|Surf|p2a: Excadrill
|-supereffective|p2a: Excadrill
|-damage|p2a: Excadrill|0 fnt
|faint|p2a: Excadrill
|
|-weather|Sandstorm|[upkeep]
|-damage|p1a: Kingdra|82/100|[from] Sandstorm
|upkeep
|
|t:|1664939381
|switch|p2a: Tornadus|Tornadus-Therian, M|73/100
|turn|33
|
|t:|1664939385
|switch|p1a: Mudsdale|Mudsdale, F, shiny|65/100 slp
|move|p2a: Tornadus|Hurricane|p1a: Mudsdale
|-damage|p1a: Mudsdale|14/100 slp
|-start|p1a: Mudsdale|confusion
|-ability|p1a: Mudsdale|Stamina|boost
|-boost|p1a: Mudsdale|def|1
|
|-weather|Sandstorm|[upkeep]
|-damage|p2a: Tornadus|67/100|[from] Sandstorm
|-heal|p1a: Mudsdale|20/100 slp|[from] item: Leftovers
|upkeep
|turn|34
|
|t:|1664939394
|move|p2a: Tornadus|Icy Wind|p1a: Mudsdale
|-supereffective|p1a: Mudsdale
|-damage|p1a: Mudsdale|0 fnt
|faint|p1a: Mudsdale
|
|-weather|Sandstorm|[upkeep]
|-damage|p2a: Tornadus|61/100|[from] Sandstorm
|upkeep
|
|t:|1664939397
|switch|p1a: Victini|Victini|84/100
|turn|35
|
|t:|1664939405
|switch|p2a: Tangrowth|Tangrowth, F|100/100
|move|p1a: Victini|U-turn|p2a: Tangrowth
|-supereffective|p2a: Tangrowth
|-damage|p2a: Tangrowth|70/100
|-damage|p1a: Victini|67/100|[from] item: Rocky Helmet|[of] p2a: Tangrowth
|
|t:|1664939406
|switch|p1a: Politoed|Politoed, M|90/100 slp|[from]move: U-turn
|-weather|RainDance|[from] ability: Drizzle|[of] p1a: Politoed
|
|-weather|RainDance|[upkeep]
|upkeep
|turn|36
|
|t:|1664939409
|switch|p1a: Victini|Victini|67/100
|move|p2a: Tangrowth|Giga Drain|p1a: Victini
|-resisted|p1a: Victini
|-damage|p1a: Victini|54/100
|-heal|p2a: Tangrowth|76/100|[from] drain|[of] p1a: Victini
|
|-weather|RainDance|[upkeep]
|upkeep
|turn|37
|
|t:|1664939417
|move|p1a: Victini|V-create|p2a: Tangrowth
|-supereffective|p2a: Tangrowth
|-damage|p2a: Tangrowth|14/100
|-unboost|p1a: Victini|spe|1
|-unboost|p1a: Victini|def|1
|-unboost|p1a: Victini|spd|1
|-damage|p1a: Victini|37/100|[from] item: Rocky Helmet|[of] p2a: Tangrowth
|move|p2a: Tangrowth|Knock Off|p1a: Victini
|-supereffective|p1a: Victini
|-damage|p1a: Victini|0 fnt
|-enditem|p1a: Victini|Choice Band|[from] move: Knock Off|[of] p2a: Tangrowth
|faint|p1a: Victini
|
|-weather|RainDance|[upkeep]
|upkeep
|
|t:|1664939420
|switch|p1a: Kingdra|Kingdra, F|82/100
|turn|38
|
|t:|1664939422
|switch|p2a: Tyranitar|Tyranitar, M|100/100
|-weather|Sandstorm|[from] ability: Sand Stream|[of] p2a: Tyranitar
|move|p1a: Kingdra|Surf|p2a: Tyranitar
|-supereffective|p2a: Tyranitar
|-damage|p2a: Tyranitar|52/100
|
|-weather|Sandstorm|[upkeep]
|-damage|p1a: Kingdra|76/100|[from] Sandstorm
|-heal|p2a: Tyranitar|59/100|[from] item: Leftovers
|upkeep
|turn|39
|
|t:|1664939425
|switch|p2a: Tornadus|Tornadus-Therian, M|94/100
|move|p1a: Kingdra|Surf|p2a: Tornadus
|-damage|p2a: Tornadus|16/100
|
|-weather|Sandstorm|[upkeep]
|-damage|p2a: Tornadus|10/100|[from] Sandstorm
|-damage|p1a: Kingdra|70/100|[from] Sandstorm
|upkeep
|turn|40
|
|t:|1664939428
|move|p2a: Tornadus|Hurricane|p1a: Kingdra|[miss]
|-miss|p2a: Tornadus|p1a: Kingdra
|move|p1a: Kingdra|Surf|p2a: Tornadus
|-damage|p2a: Tornadus|0 fnt
|faint|p2a: Tornadus
|
|-weather|Sandstorm|[upkeep]
|-damage|p1a: Kingdra|63/100|[from] Sandstorm
|upkeep
|
|t:|1664939431
|switch|p2a: Tyranitar|Tyranitar, M|59/100
|turn|41
|j| QiYu5
|
|t:|1664939433
|move|p1a: Kingdra|Surf|p2a: Tyranitar
|-supereffective|p2a: Tyranitar
|-damage|p2a: Tyranitar|8/100
|move|p2a: Tyranitar|Thunder Wave|p1a: Kingdra
|-status|p1a: Kingdra|par
|
|-weather|Sandstorm|[upkeep]
|-damage|p1a: Kingdra|57/100 par|[from] Sandstorm
|-heal|p2a: Tyranitar|14/100|[from] item: Leftovers
|upkeep
|turn|42
|
|t:|1664939439
|move|p2a: Tyranitar|Rock Blast|p1a: Kingdra
|-damage|p1a: Kingdra|43/100 par
|-damage|p1a: Kingdra|28/100 par
|-hitcount|p1a: Kingdra|2
|cant|p1a: Kingdra|par
|
|-weather|none
|-heal|p2a: Tyranitar|20/100|[from] item: Leftovers
|upkeep
|turn|43
|
|t:|1664939444
|switch|p1a: Politoed|Politoed, M|90/100 slp
|-weather|RainDance|[from] ability: Drizzle|[of] p1a: Politoed
|move|p2a: Tyranitar|Earthquake|p1a: Politoed
|-damage|p1a: Politoed|67/100 slp
|
|-weather|RainDance|[upkeep]
|-heal|p2a: Tyranitar|26/100|[from] item: Leftovers
|upkeep
|turn|44
|
|t:|1664939451
|switch|p1a: Kingdra|Kingdra, F|28/100 par
|switch|p2a: Tangrowth|Tangrowth, F|47/100
|
|-weather|RainDance|[upkeep]
|upkeep
|turn|45
|
|t:|1664939455
|switch|p2a: Tyranitar|Tyranitar, M|26/100
|-weather|Sandstorm|[from] ability: Sand Stream|[of] p2a: Tyranitar
|move|p1a: Kingdra|Surf|p2a: Tyranitar
|-supereffective|p2a: Tyranitar
|-damage|p2a: Tyranitar|0 fnt
|faint|p2a: Tyranitar
|
|-weather|Sandstorm|[upkeep]
|-damage|p1a: Kingdra|22/100 par|[from] Sandstorm
|upkeep
|
|t:|1664939456
|switch|p2a: Tangrowth|Tangrowth, F|80/100
|turn|46
|
|t:|1664939458
|switch|p1a: Politoed|Politoed, M|67/100 slp
|-weather|RainDance|[from] ability: Drizzle|[of] p1a: Politoed
|move|p2a: Tangrowth|Giga Drain|p1a: Politoed
|-supereffective|p1a: Politoed
|-damage|p1a: Politoed|14/100 slp
|-heal|p2a: Tangrowth|100/100|[from] drain|[of] p1a: Politoed
|
|-weather|RainDance|[upkeep]
|upkeep
|turn|47
|
|t:|1664939466
|cant|p1a: Politoed|slp
|move|p2a: Tangrowth|Giga Drain|p1a: Politoed
|-supereffective|p1a: Politoed
|-damage|p1a: Politoed|0 fnt
|faint|p1a: Politoed
|
|-weather|RainDance|[upkeep]
|upkeep
|
|t:|1664939467
|switch|p1a: Kingdra|Kingdra, F|22/100 par
|turn|48
|
|t:|1664939482
|move|p1a: Kingdra|Draco Meteor|p2a: Tangrowth
|-damage|p2a: Tangrowth|0 fnt
|-unboost|p1a: Kingdra|spa|2
|faint|p2a: Tangrowth
|
|win|RggV_YT
|raw|RggV_YT's rating: 1800 &rarr; <strong>1825</strong><br />(+25 for winning)
|raw|CoconutCrabs's rating: 1892 &rarr; <strong>1867</strong><br />(-25 for losing)
|l|☆CoconutCrabs
|c|☆RggV_YT|Sub everyone ;)
|l|☆RggV_YT
||Ladder isn't responding, score probably updated but might not have (Request timeout).
|l| chad69lel
|l| bccahy
|j| bccahy
|l| QiYu5
|l| swoley ghost
|j| QiYu5
|l| QiYu5
