|j|☆gen8ishard
|j|☆SetsuStsna
|t:|1648411311
|gametype|singles
|player|p1|gen8ishard|waiter|1653
|player|p2|SetsuStsna|dawn-gen4pt|1615
|teamsize|p1|6
|teamsize|p2|6
|gen|8
|tier|[Gen 8] OU
|rated|
|rule|Sleep Clause Mod: Limit one foe put to sleep
|rule|Species Clause: Limit one of each Pokémon
|rule|OHKO Clause: OHKO moves are banned
|rule|Evasion Moves Clause: Evasion moves are banned
|rule|Endless Battle Clause: Forcing endless battles is banned
|rule|HP Percentage Mod: HP is shown in percentages
|rule|Dynamax Clause: You cannot dynamax
|clearpoke
|poke|p1|Clefable, F|
|poke|p1|Gastrodon, F|
|poke|p1|Skarmory, F|
|poke|p1|Heatran, F|
|poke|p1|Tapu Koko|
|poke|p1|Reuniclus, F|
|poke|p2|Regice|
|poke|p2|Regidrago|
|poke|p2|Regieleki|
|poke|p2|Blacephalon|
|poke|p2|Regirock|
|poke|p2|Registeel|
|teampreview
|
|t:|1648411340
|start
|switch|p1a: Tapu Koko|Tapu Koko|100/100
|switch|p2a: zReptar|Regirock|100/100
|-fieldstart|move: Electric Terrain|[from] ability: Electric Surge|[of] p1a: Tapu Koko
|turn|1
|
|t:|1648411344
|move|p1a: Tapu Koko|Volt Switch|p2a: zReptar
|-damage|p2a: zReptar|68/100
|
|t:|1648411346
|switch|p1a: Skarmory|Skarmory, F|100/100|[from]move: Volt Switch
|move|p2a: zReptar|Stealth Rock|p1a: Skarmory
|-sidestart|p1: gen8ishard|move: Stealth Rock
|
|upkeep
|turn|2
|
|t:|1648411349
|move|p1a: Skarmory|Spikes|p2a: zReptar
|-sidestart|p2: SetsuStsna|Spikes
|move|p2a: zReptar|Body Press|p1a: Skarmory
|-damage|p1a: Skarmory|76/100
|-damage|p2a: zReptar|51/100|[from] item: Rocky Helmet|[of] p1a: Skarmory
|
|upkeep
|turn|3
|
|t:|1648411352
|switch|p2a: Reg1g1gas|Blacephalon|100/100
|-damage|p2a: Reg1g1gas|88/100|[from] Spikes
|move|p1a: Skarmory|Spikes|p2a: Reg1g1gas
|-sidestart|p2: SetsuStsna|Spikes
|
|upkeep
|turn|4
|
|t:|1648411355
|switch|p1a: Gastrodon|Gastrodon, F|100/100
|move|p2a: Reg1g1gas|Shadow Ball|p1a: Gastrodon
|-crit|p1a: Gastrodon
|-damage|p1a: Gastrodon|28/100
|
|upkeep
|turn|5
|
|t:|1648411362
|move|p2a: Reg1g1gas|Shadow Ball|p1a: Gastrodon
|-damage|p1a: Gastrodon|0 fnt
|faint|p1a: Gastrodon
|-ability|p2a: Reg1g1gas|Beast Boost|boost
|-boost|p2a: Reg1g1gas|spa|1
|
|-fieldend|move: Electric Terrain
|upkeep
|
|t:|1648411363
|switch|p1a: Tapu Koko|Tapu Koko|100/100
|-fieldstart|move: Electric Terrain|[from] ability: Electric Surge|[of] p1a: Tapu Koko
|turn|6
|
|t:|1648411370
|switch|p2a: zReptar|Regirock|51/100
|-damage|p2a: zReptar|35/100|[from] Spikes
|move|p1a: Tapu Koko|Volt Switch|p2a: zReptar
|-damage|p2a: zReptar|1/100
|
|t:|1648411374
|switch|p1a: Clefable|Clefable, F|100/100|[from]move: Volt Switch
|
|upkeep
|turn|7
|-enditem|p2a: zReptar|Custap Berry|[eat]
|-activate|p2a: zReptar|item: Custap Berry|[consumed]
|
|t:|1648411379
|move|p2a: zReptar|Body Press|p1a: Clefable
|-resisted|p1a: Clefable
|-damage|p1a: Clefable|83/100
|move|p1a: Clefable|Calm Mind|p1a: Clefable
|-boost|p1a: Clefable|spa|1
|-boost|p1a: Clefable|spd|1
|
|-heal|p1a: Clefable|89/100|[from] item: Leftovers
|upkeep
|turn|8
|
|t:|1648411385
|switch|p2a: Reg1g1gas|Blacephalon|88/100
|-damage|p2a: Reg1g1gas|72/100|[from] Spikes
|move|p1a: Clefable|Calm Mind|p1a: Clefable
|-boost|p1a: Clefable|spa|1
|-boost|p1a: Clefable|spd|1
|
|-heal|p1a: Clefable|95/100|[from] item: Leftovers
|upkeep
|turn|9
|
|t:|1648411387
|move|p2a: Reg1g1gas|Trick|p1a: Clefable
|-activate|p2a: Reg1g1gas|move: Trick|[of] p1a: Clefable
|-item|p1a: Clefable|Choice Specs|[from] move: Trick
|-item|p2a: Reg1g1gas|Leftovers|[from] move: Trick
|move|p1a: Clefable|Moonblast|p2a: Reg1g1gas
|-resisted|p2a: Reg1g1gas
|-damage|p2a: Reg1g1gas|0 fnt
|faint|p2a: Reg1g1gas
|
|upkeep
|
|t:|1648411393
|switch|p2a: Down$hift|Registeel|100/100
|-damage|p2a: Down$hift|84/100|[from] Spikes
|turn|10
|
|t:|1648411396
|switch|p1a: Reuniclus|Reuniclus, F|100/100
|move|p2a: Down$hift|Amnesia|p2a: Down$hift
|-boost|p2a: Down$hift|spd|2
|
|-heal|p2a: Down$hift|90/100|[from] item: Leftovers
|-fieldend|move: Electric Terrain
|upkeep
|turn|11
|
|t:|1648411402
|switch|p2a: zReptar|Regirock|1/100
|-damage|p2a: zReptar|0 fnt|[from] Spikes
|faint|p2a: zReptar
|switch|p1a: Tapu Koko|Tapu Koko|100/100
|-fieldstart|move: Electric Terrain|[from] ability: Electric Surge|[of] p1a: Tapu Koko
|
|upkeep
|
|t:|1648411408
|switch|p2a: Weaselfie|Regieleki|100/100
|-damage|p2a: Weaselfie|84/100|[from] Spikes
|turn|12
|
|t:|1648411411
|move|p2a: Weaselfie|Volt Switch|p1a: Tapu Koko
|-resisted|p1a: Tapu Koko
|-damage|p1a: Tapu Koko|21/100
|
|t:|1648411414
|switch|p2a: knexhawk2|Regice|100/100|[from]move: Volt Switch
|-damage|p2a: knexhawk2|84/100|[from] Spikes
|move|p1a: Tapu Koko|Dazzling Gleam|p2a: knexhawk2
|-damage|p2a: knexhawk2|62/100
|
|upkeep
|turn|13
|
|t:|1648411418
|move|p1a: Tapu Koko|Roost|p1a: Tapu Koko
|-heal|p1a: Tapu Koko|72/100
|-singleturn|p1a: Tapu Koko|move: Roost
|move|p2a: knexhawk2|Rock Polish|p2a: knexhawk2
|-boost|p2a: knexhawk2|spe|2
|
|upkeep
|turn|14
|
|t:|1648411421
|switch|p1a: Reuniclus|Reuniclus, F|100/100
|move|p2a: knexhawk2|Ice Beam|p1a: Reuniclus
|-damage|p1a: Reuniclus|53/100
|-damage|p2a: knexhawk2|52/100|[from] item: Life Orb
|
|upkeep
|turn|15
|
|t:|1648411425
|move|p2a: knexhawk2|Ice Beam|p1a: Reuniclus
|-damage|p1a: Reuniclus|1/100
|-status|p1a: Reuniclus|frz
|-damage|p2a: knexhawk2|42/100|[from] item: Life Orb
|cant|p1a: Reuniclus|frz
|
|-fieldend|move: Electric Terrain
|upkeep
|turn|16
|
|t:|1648411428
|move|p2a: knexhawk2|Ice Beam|p1a: Reuniclus
|-damage|p1a: Reuniclus|0 fnt
|faint|p1a: Reuniclus
|-damage|p2a: knexhawk2|32/100|[from] item: Life Orb
|
|upkeep
|
|t:|1648411429
|switch|p1a: Clefable|Clefable, F|95/100
|turn|17
|
|t:|1648411432
|move|p2a: knexhawk2|Ice Beam|p1a: Clefable
|-damage|p1a: Clefable|40/100
|-damage|p2a: knexhawk2|22/100|[from] item: Life Orb
|move|p1a: Clefable|Moonblast|p2a: knexhawk2
|-damage|p2a: knexhawk2|0 fnt
|faint|p2a: knexhawk2
|
|upkeep
|
|t:|1648411435
|switch|p2a: Weaselfie|Regieleki|84/100
|-damage|p2a: Weaselfie|67/100|[from] Spikes
|turn|18
|
|t:|1648411438
|move|p2a: Weaselfie|Thunderbolt|p1a: Clefable
|-damage|p1a: Clefable|0 fnt
|faint|p1a: Clefable
|
|upkeep
|
|t:|1648411440
|switch|p1a: Heatran|Heatran, F|100/100
|-damage|p1a: Heatran|88/100|[from] Stealth Rock
|turn|19
|
|t:|1648411450
|switch|p2a: micaham|Regidrago|100/100
|-damage|p2a: micaham|84/100|[from] Spikes
|move|p1a: Heatran|Earth Power|p2a: micaham
|-damage|p2a: micaham|57/100
|
|-heal|p1a: Heatran|94/100|[from] item: Leftovers
|upkeep
|turn|20
|
|t:|1648411452
|switch|p1a: Skarmory|Skarmory, F|76/100
|-damage|p1a: Skarmory|63/100|[from] Stealth Rock
|move|p2a: micaham|Dragon Pulse|p1a: Skarmory
|-resisted|p1a: Skarmory
|-damage|p1a: Skarmory|27/100
|
|upkeep
|turn|21
|
|t:|1648411455
|switch|p2a: Weaselfie|Regieleki|67/100
|-damage|p2a: Weaselfie|51/100|[from] Spikes
|switch|p1a: Tapu Koko|Tapu Koko|72/100
|-fieldstart|move: Electric Terrain|[from] ability: Electric Surge|[of] p1a: Tapu Koko
|
|upkeep
|turn|22
|
|t:|1648411460
|move|p2a: Weaselfie|Volt Switch|p1a: Tapu Koko
|-resisted|p1a: Tapu Koko
|-damage|p1a: Tapu Koko|0 fnt
|faint|p1a: Tapu Koko
|
|t:|1648411463
|switch|p2a: micaham|Regidrago|57/100|[from]move: Volt Switch
|-damage|p2a: micaham|40/100|[from] Spikes
|
|upkeep
|-message|gen8ishard forfeited.
|
|win|SetsuStsna
|raw|gen8ishard's rating: 1653 &rarr; <strong>1631</strong><br />(-22 for losing)
|raw|SetsuStsna's rating: 1615 &rarr; <strong>1637</strong><br />(+22 for winning)
|l|☆gen8ishard
||Ladder isn't responding, score probably updated but might not have (Request timeout).
