|j|☆Mister Mawile
|j|☆JoeyOwesMeMoney
|player|p1|Mister Mawile|ghetsis|1726
|player|p2|JoeyOwesMeMoney|101|1802
|teamsize|p1|6
|teamsize|p2|6
|gametype|singles
|gen|8
|tier|[Gen 8] OU
|rated|
|clearpoke
|poke|p1|Rillaboom, F|
|poke|p1|Hawlucha, F|
|poke|p1|Togekiss, F|
|poke|p1|Alakazam, M|
|poke|p1|Cinderace, M|
|poke|p1|Zeraora|
|poke|p2|Chansey, F|
|poke|p2|Toxapex, F|
|poke|p2|Clefable, M|
|poke|p2|Corviknight, F|
|poke|p2|Magearna|
|poke|p2|Blissey, F|
|rule|Sleep Clause Mod: Limit one foe put to sleep
|rule|Species Clause: Limit one of each Pokémon
|rule|OHKO Clause: OHKO moves are banned
|rule|Evasion Moves Clause: Evasion moves are banned
|rule|Endless Battle Clause: Forcing endless battles is banned
|rule|HP Percentage Mod: HP is shown in percentages
|rule|Dynamax Clause: You cannot dynamax
|teampreview
|
|start
|switch|p1a: Togekiss|Togekiss, F|100/100
|switch|p2a: Toxapex|Toxapex, F|100/100
|turn|1
|
|switch|p1a: Alakazam|Alakazam, M|100/100
|move|p2a: Toxapex|Knock Off|p1a: Alakazam
|-supereffective|p1a: Alakazam
|-damage|p1a: Alakazam|27/100
|-enditem|p1a: Alakazam|Focus Sash|[from] move: Knock Off|[of] p2a: Toxapex
|
|upkeep
|turn|2
|
|switch|p2a: Chansey|Chansey, F|100/100
|move|p1a: Alakazam|Psychic|p2a: Chansey
|-damage|p2a: Chansey|87/100
|
|upkeep
|turn|3
|
|switch|p1a: Togekiss|Togekiss, F|100/100
|move|p2a: Chansey|Stealth Rock|p1a: Togekiss
|-sidestart|p1: Mister Mawile|move: Stealth Rock
|
|upkeep
|turn|4
|
|move|p1a: Togekiss|Trick|p2a: Chansey
|-activate|p1a: Togekiss|move: Trick|[of] p2a: Chansey
|-item|p2a: Chansey|Choice Scarf|[from] move: Trick
|-item|p1a: Togekiss|Eviolite|[from] move: Trick
|move|p2a: Chansey|Toxic|p1a: Togekiss
|-status|p1a: Togekiss|tox
|
|-damage|p1a: Togekiss|94/100 tox|[from] psn
|upkeep
|turn|5
|
|switch|p2a: Magearna|Magearna|100/100
|move|p1a: Togekiss|Thunder Wave|p2a: Magearna
|-status|p2a: Magearna|par
|
|-damage|p1a: Togekiss|82/100 tox|[from] psn
|upkeep
|turn|6
|
|move|p1a: Togekiss|Trick|p2a: Magearna
|-activate|p1a: Togekiss|move: Trick|[of] p2a: Magearna
|-item|p2a: Magearna|Eviolite|[from] move: Trick
|-item|p1a: Togekiss|Choice Specs|[from] move: Trick
|move|p2a: Magearna|Fleur Cannon|p1a: Togekiss
|-damage|p1a: Togekiss|13/100 tox
|-unboost|p2a: Magearna|spa|2
|
|-damage|p1a: Togekiss|0 fnt|[from] psn
|faint|p1a: Togekiss
|-ability|p2a: Magearna|Soul-Heart|boost
|-boost|p2a: Magearna|spa|1
|upkeep
|
|switch|p1a: Cinderace|Cinderace, M|100/100
|turn|7
|
|switch|p2a: Toxapex|Toxapex, F|100/100
|move|p1a: Cinderace|Court Change|p1a: Cinderace
|-start|p1a: Cinderace|typechange|Normal|[from] ability: Libero
|-sideend|p1: Mister Mawile|Stealth Rock|[silent]
|-sidestart|p2: JoeyOwesMeMoney|Stealth Rock|[silent]
|-activate|p1a: Cinderace|move: Court Change
|
|upkeep
|turn|8
|
|move|p1a: Cinderace|U-turn|p2a: Toxapex
|-start|p1a: Cinderace|typechange|Bug|[from] ability: Libero
|-resisted|p2a: Toxapex
|-damage|p2a: Toxapex|90/100
|
|switch|p1a: Alakazam|Alakazam, M|27/100|[from]move: U-turn
|move|p2a: Toxapex|Knock Off|p1a: Alakazam
|-supereffective|p1a: Alakazam
|-damage|p1a: Alakazam|0 fnt
|faint|p1a: Alakazam
|
|-heal|p2a: Toxapex|96/100|[from] item: Black Sludge
|upkeep
|
|switch|p1a: Zeraora|Zeraora|100/100
|turn|9
|j| Magearna4Ubers
|j| Coronavirus EUW
|
|move|p1a: Zeraora|Plasma Fists|p2a: Toxapex
|-supereffective|p2a: Toxapex
|-damage|p2a: Toxapex|43/100
|-fieldactivate|move: Ion Deluge
|move|p2a: Toxapex|Knock Off|p1a: Zeraora
|-damage|p1a: Zeraora|79/100
|-enditem|p1a: Zeraora|Leftovers|[from] move: Knock Off|[of] p2a: Toxapex
|
|-heal|p2a: Toxapex|49/100|[from] item: Black Sludge
|upkeep
|turn|10
|
|switch|p2a: Clefable|Clefable, M|100/100
|-damage|p2a: Clefable|88/100|[from] Stealth Rock
|move|p1a: Zeraora|Plasma Fists|p2a: Clefable
|-damage|p2a: Clefable|53/100
|-fieldactivate|move: Ion Deluge
|
|-heal|p2a: Clefable|60/100|[from] item: Leftovers
|upkeep
|turn|11
|
|switch|p1a: Cinderace|Cinderace, M|100/100
|move|p2a: Clefable|Protect||[still]
|-fail|p2a: Clefable
|
|-heal|p2a: Clefable|66/100|[from] item: Leftovers
|upkeep
|turn|12
|
|move|p2a: Clefable|Protect|p2a: Clefable
|-singleturn|p2a: Clefable|Protect
|move|p1a: Cinderace|U-turn|p2a: Clefable
|-start|p1a: Cinderace|typechange|Bug|[from] ability: Libero
|-activate|p2a: Clefable|move: Protect
|
|-heal|p2a: Clefable|72/100|[from] item: Leftovers
|upkeep
|turn|13
|
|move|p1a: Cinderace|Pyro Ball|p2a: Clefable
|-start|p1a: Cinderace|typechange|Fire|[from] ability: Libero
|-damage|p2a: Clefable|30/100
|move|p2a: Clefable|Wish|p2a: Clefable
|
|-heal|p2a: Clefable|36/100|[from] item: Leftovers
|upkeep
|turn|14
|
|switch|p1a: Rillaboom|Rillaboom, F|100/100
|-fieldstart|move: Grassy Terrain|[from] ability: Grassy Surge|[of] p1a: Rillaboom
|move|p2a: Clefable|Protect||[still]
|-fail|p2a: Clefable
|
|-heal|p2a: Clefable|86/100|[from] move: Wish|[wisher] Clefable
|-heal|p2a: Clefable|92/100|[from] item: Leftovers
|-heal|p2a: Clefable|98/100|[from] Grassy Terrain
|upkeep
|turn|15
|l|☆Mister Mawile
|player|p1|
|inactive|Battle timer is ON: inactive players will automatically lose when time's up. (requested by JoeyOwesMeMoney)
|inactive|Mister Mawile has 30 seconds to reconnect!
|inactive|Mister Mawile has 20 seconds to reconnect!
|inactive|Mister Mawile has 15 seconds to reconnect!
|l|magearna4ubers
|inactive|Mister Mawile has 10 seconds to reconnect!
|inactive|Mister Mawile has 5 seconds to reconnect!
|j|☆Mister Mawile
|inactive|Mister Mawile reconnected and has 95 seconds left.
|player|p1|Mister Mawile|ghetsis
|inactive|Mister Mawile has 90 seconds left.
|
|switch|p2a: Corviknight|Corviknight, F|100/100
|-damage|p2a: Corviknight|88/100|[from] Stealth Rock
|-ability|p2a: Corviknight|Pressure
|move|p1a: Rillaboom|Swords Dance|p1a: Rillaboom
|-boost|p1a: Rillaboom|atk|2
|
|upkeep
|turn|16
|
|move|p1a: Rillaboom|Knock Off|p2a: Corviknight
|-damage|p2a: Corviknight|37/100
|-damage|p1a: Rillaboom|84/100|[from] item: Rocky Helmet|[of] p2a: Corviknight
|-enditem|p2a: Corviknight|Rocky Helmet|[from] move: Knock Off|[of] p1a: Rillaboom
|-damage|p1a: Rillaboom|74/100|[from] item: Life Orb
|move|p2a: Corviknight|Defog|p1a: Rillaboom
|-unboost|p1a: Rillaboom|evasion|1
|-sideend|p2: JoeyOwesMeMoney|Stealth Rock|[from] move: Defog|[of] p2a: Corviknight
|-fieldend|move: Grassy Terrain
|
|upkeep
|turn|17
|
|move|p1a: Rillaboom|Superpower|p2a: Corviknight
|-damage|p2a: Corviknight|0 fnt
|-unboost|p1a: Rillaboom|atk|1
|-unboost|p1a: Rillaboom|def|1
|-damage|p1a: Rillaboom|64/100|[from] item: Life Orb
|faint|p2a: Corviknight
|
|upkeep
|
|switch|p2a: Clefable|Clefable, M|98/100
|turn|18
|
|move|p1a: Rillaboom|Swords Dance|p1a: Rillaboom
|-boost|p1a: Rillaboom|atk|2
|move|p2a: Clefable|Moonblast|p1a: Rillaboom
|-damage|p1a: Rillaboom|22/100
|
|-heal|p2a: Clefable|100/100|[from] item: Leftovers
|upkeep
|turn|19
|
|move|p1a: Rillaboom|Grassy Glide|p2a: Clefable
|-damage|p2a: Clefable|64/100
|-damage|p1a: Rillaboom|12/100|[from] item: Life Orb
|move|p2a: Clefable|Moonblast|p1a: Rillaboom
|-damage|p1a: Rillaboom|0 fnt
|faint|p1a: Rillaboom
|
|-heal|p2a: Clefable|70/100|[from] item: Leftovers
|upkeep
|-message|Mister Mawile forfeited by changing their name.
|l|mistermawile
|
|win|JoeyOwesMeMoney
|raw|Mister Mawile's rating: 1726 &rarr; <strong>1711</strong><br />(-15 for losing)
|raw|JoeyOwesMeMoney's rating: 1814 &rarr; <strong>1829</strong><br />(+15 for winning)
|j| fs run
|n| fs run|fsrun
