|j|☆Photon Ray
|j|☆Ivyon
|t:|1641557551
|gametype|singles
|player|p1|Photon Ray|101|1297
|player|p2|Ivyon|blue|1302
|teamsize|p1|6
|teamsize|p2|6
|gen|8
|tier|[Gen 8] OU
|rated|
|rule|Sleep Clause Mod: Limit one foe put to sleep
|rule|Species Clause: Limit one of each Pokémon
|rule|OHKO Clause: OHKO moves are banned
|rule|Evasion Moves Clause: Evasion moves are banned
|rule|Endless Battle Clause: Forcing endless battles is banned
|rule|HP Percentage Mod: HP is shown in percentages
|rule|Dynamax Clause: You cannot dynamax
|clearpoke
|poke|p1|Magnezone|
|poke|p1|Landorus-Therian, M|
|poke|p1|Rillaboom, M|
|poke|p1|Kartana|
|poke|p1|Dragapult, M|
|poke|p1|Weavile, M|
|poke|p2|Dragonite, M|
|poke|p2|Blaziken, M|
|poke|p2|Espeon, M|
|poke|p2|Shuckle, M|
|poke|p2|Delibird, M|
|poke|p2|Kingdra, M|
|teampreview
|
|t:|1641557578
|start
|switch|p1a: Magnezone|Magnezone|100/100
|switch|p2a: Shuckle|Shuckle, M, shiny|100/100
|turn|1
|
|t:|1641557587
|move|p1a: Magnezone|Toxic|p2a: Shuckle
|-status|p2a: Shuckle|tox
|move|p2a: Shuckle|Stealth Rock|p1a: Magnezone
|-sidestart|p1: Photon Ray|move: Stealth Rock
|
|-damage|p2a: Shuckle|94/100 tox|[from] psn
|upkeep
|turn|2
|
|t:|1641557595
|move|p1a: Magnezone|Iron Defense|p1a: Magnezone
|-boost|p1a: Magnezone|def|2
|move|p2a: Shuckle|Sticky Web|p1a: Magnezone
|-sidestart|p1: Photon Ray|move: Sticky Web
|
|-damage|p2a: Shuckle|82/100 tox|[from] psn
|upkeep
|turn|3
|
|t:|1641557618
|move|p1a: Magnezone|Body Press|p2a: Shuckle
|-damage|p2a: Shuckle|53/100 tox
|-damage|p1a: Magnezone|84/100|[from] item: Rocky Helmet|[of] p2a: Shuckle
|move|p2a: Shuckle|Encore|p1a: Magnezone
|-start|p1a: Magnezone|Encore
|
|-heal|p1a: Magnezone|90/100|[from] item: Leftovers
|-damage|p2a: Shuckle|35/100 tox|[from] psn
|upkeep
|turn|4
|
|t:|1641557629
|move|p1a: Magnezone|Body Press|p2a: Shuckle
|-damage|p2a: Shuckle|6/100 tox
|-damage|p1a: Magnezone|73/100|[from] item: Rocky Helmet|[of] p2a: Shuckle
|move|p2a: Shuckle|Power Split|p1a: Magnezone
|-activate|p2a: Shuckle|move: Power Split|[of] p1a: Magnezone
|
|-heal|p1a: Magnezone|79/100|[from] item: Leftovers
|-damage|p2a: Shuckle|0 fnt|[from] psn
|faint|p2a: Shuckle
|upkeep
|
|t:|1641557641
|switch|p2a: Delibird|Delibird, M|100/100
|turn|5
|
|t:|1641557645
|move|p2a: Delibird|Spikes|p1a: Magnezone
|-sidestart|p1: Photon Ray|Spikes
|move|p1a: Magnezone|Body Press|p2a: Delibird
|-enditem|p2a: Delibird|Focus Sash
|-damage|p2a: Delibird|1/100
|
|-heal|p1a: Magnezone|85/100|[from] item: Leftovers
|upkeep
|turn|6
|
|t:|1641557653
|move|p2a: Delibird|Destiny Bond|p2a: Delibird
|-singlemove|p2a: Delibird|Destiny Bond
|move|p1a: Magnezone|Body Press|p2a: Delibird
|-damage|p2a: Delibird|0 fnt
|faint|p2a: Delibird
|-activate|p2a: Delibird|move: Destiny Bond
|faint|p1a: Magnezone
|
|upkeep
|
|t:|1641557681
|switch|p2a: Espeon|Espeon, M|100/100
|switch|p1a: Rillaboom|Rillaboom, M|100/100
|-activate|p1a: Rillaboom|move: Sticky Web
|-unboost|p1a: Rillaboom|spe|1
|-damage|p1a: Rillaboom|88/100|[from] Stealth Rock
|-damage|p1a: Rillaboom|76/100|[from] Spikes
|-fieldstart|move: Grassy Terrain|[from] ability: Grassy Surge|[of] p1a: Rillaboom
|turn|7
|
|t:|1641557701
|move|p2a: Espeon|Yawn|p1a: Rillaboom
|-start|p1a: Rillaboom|move: Yawn|[of] p2a: Espeon
|move|p1a: Rillaboom|U-turn|p2a: Espeon
|-supereffective|p2a: Espeon
|-enditem|p2a: Espeon|Focus Sash
|-damage|p2a: Espeon|1/100
|
|t:|1641557720
|switch|p1a: Weavile|Weavile, M|100/100|[from]move: U-turn
|-ability|p1a: Weavile|Pressure
|
|-heal|p2a: Espeon|7/100|[from] Grassy Terrain
|upkeep
|turn|8
|
|t:|1641557728
|move|p1a: Weavile|Knock Off|p2a: Espeon
|-supereffective|p2a: Espeon
|-damage|p2a: Espeon|0 fnt
|faint|p2a: Espeon
|
|upkeep
|
|t:|1641557735
|switch|p2a: Blaziken|Blaziken, M, shiny|100/100
|turn|9
|
|t:|1641557746
|switch|p1a: Landorus|Landorus-Therian, M|100/100
|-damage|p1a: Landorus|88/100|[from] Stealth Rock
|-ability|p1a: Landorus|Intimidate|boost
|-unboost|p2a: Blaziken|atk|1
|move|p2a: Blaziken|Swords Dance|p2a: Blaziken
|-boost|p2a: Blaziken|atk|2
|
|-heal|p1a: Landorus|94/100|[from] item: Leftovers
|-ability|p2a: Blaziken|Speed Boost|boost
|-boost|p2a: Blaziken|spe|1
|upkeep
|turn|10
|
|t:|1641557756
|move|p2a: Blaziken|Swords Dance|p2a: Blaziken
|-boost|p2a: Blaziken|atk|2
|move|p1a: Landorus|Earthquake|p2a: Blaziken
|-supereffective|p2a: Blaziken
|-damage|p2a: Blaziken|22/100
|
|-heal|p2a: Blaziken|28/100|[from] Grassy Terrain
|-heal|p1a: Landorus|99/100|[from] item: Leftovers
|-ability|p2a: Blaziken|Speed Boost|boost
|-boost|p2a: Blaziken|spe|1
|upkeep
|turn|11
|
|t:|1641557766
|move|p2a: Blaziken|Close Combat|p1a: Landorus
|-resisted|p1a: Landorus
|-damage|p1a: Landorus|45/100
|-unboost|p2a: Blaziken|def|1
|-unboost|p2a: Blaziken|spd|1
|move|p1a: Landorus|Earthquake|p2a: Blaziken
|-supereffective|p2a: Blaziken
|-damage|p2a: Blaziken|0 fnt
|faint|p2a: Blaziken
|
|-heal|p1a: Landorus|51/100|[from] item: Leftovers
|-fieldend|move: Grassy Terrain
|upkeep
|
|t:|1641557776
|switch|p2a: Dragonite|Dragonite, M|100/100
|turn|12
|
|t:|1641557803
|move|p2a: Dragonite|Dragon Dance|p2a: Dragonite
|-boost|p2a: Dragonite|atk|1
|-boost|p2a: Dragonite|spe|1
|move|p1a: Landorus|U-turn|p2a: Dragonite
|-resisted|p2a: Dragonite
|-damage|p2a: Dragonite|94/100
|
|t:|1641557814
|switch|p1a: Weavile|Weavile, M|100/100|[from]move: U-turn
|-ability|p1a: Weavile|Pressure
|
|upkeep
|turn|13
|
|t:|1641557822
|move|p2a: Dragonite|Extreme Speed|p1a: Weavile
|-damage|p1a: Weavile|17/100
|move|p1a: Weavile|Ice Shard|p2a: Dragonite
|-supereffective|p2a: Dragonite
|-damage|p2a: Dragonite|2/100
|-enditem|p2a: Dragonite|Weakness Policy
|-boost|p2a: Dragonite|atk|2|[from] item: Weakness Policy
|-boost|p2a: Dragonite|spa|2|[from] item: Weakness Policy
|
|upkeep
|turn|14
|
|t:|1641557832
|move|p2a: Dragonite|Extreme Speed|p1a: Weavile
|-damage|p1a: Weavile|0 fnt
|faint|p1a: Weavile
|
|upkeep
|
|t:|1641557869
|switch|p1a: Kartana|Kartana|100/100
|-activate|p1a: Kartana|move: Sticky Web
|-unboost|p1a: Kartana|spe|1
|-damage|p1a: Kartana|94/100|[from] Stealth Rock
|-damage|p1a: Kartana|82/100|[from] Spikes
|turn|15
|
|t:|1641557878
|move|p2a: Dragonite|Fire Punch|p1a: Kartana
|-supereffective|p1a: Kartana
|-crit|p1a: Kartana
|-damage|p1a: Kartana|0 fnt
|faint|p1a: Kartana
|
|upkeep
|
|t:|1641557923
|switch|p1a: Landorus|Landorus-Therian, M|51/100
|-damage|p1a: Landorus|38/100|[from] Stealth Rock
|-ability|p1a: Landorus|Intimidate|boost
|-unboost|p2a: Dragonite|atk|1
|turn|16
|inactive|Battle timer is ON: inactive players will automatically lose when time's up. (requested by Photon Ray)
|
|t:|1641557957
|move|p2a: Dragonite|Dragon Claw|p1a: Landorus
|-damage|p1a: Landorus|0 fnt
|faint|p1a: Landorus
|
|upkeep
|
|t:|1641557963
|switch|p1a: Rillaboom|Rillaboom, M|76/100
|-damage|p1a: Rillaboom|64/100|[from] Spikes
|-activate|p1a: Rillaboom|move: Sticky Web
|-unboost|p1a: Rillaboom|spe|1
|-damage|p1a: Rillaboom|51/100|[from] Stealth Rock
|-fieldstart|move: Grassy Terrain|[from] ability: Grassy Surge|[of] p1a: Rillaboom
|turn|17
|
|t:|1641557971
|move|p2a: Dragonite|Extreme Speed|p1a: Rillaboom
|-damage|p1a: Rillaboom|0 fnt
|faint|p1a: Rillaboom
|
|upkeep
|-message|Photon Ray forfeited.
|
|win|Ivyon
|raw|Photon Ray's rating: 1297 &rarr; <strong>1272</strong><br />(-25 for losing)
|raw|Ivyon's rating: 1302 &rarr; <strong>1322</strong><br />(+20 for winning)
|l|☆Photon Ray
