|j|☆LT92PF Futility
|j|☆Adel19
|t:|1660038189
|gametype|singles
|player|p1|LT92PF Futility|cynthia-gen4|1561
|player|p2|Adel19|170|1592
|teamsize|p1|6
|teamsize|p2|6
|gen|8
|tier|[Gen 8] OU
|rated|
|rule|Sleep Clause Mod: Limit one foe put to sleep
|rule|Species Clause: Limit one of each Pokémon
|rule|OHKO Clause: OHKO moves are banned
|rule|Evasion Items Clause: Evasion items are banned
|rule|Evasion Moves Clause: Evasion moves are banned
|rule|Endless Battle Clause: Forcing endless battles is banned
|rule|HP Percentage Mod: HP is shown in percentages
|rule|Dynamax Clause: You cannot dynamax
|clearpoke
|poke|p1|Tyranitar, M|
|poke|p1|Slowking-Galar, M|
|poke|p1|Corviknight, M|
|poke|p1|Urshifu-*, M|
|poke|p1|Landorus-Therian, M|
|poke|p1|Dragapult, F|
|poke|p2|Landorus-Therian, M|
|poke|p2|Zeraora|
|poke|p2|Kartana|
|poke|p2|Tapu Fini|
|poke|p2|Blissey, F|
|poke|p2|Tapu Lele|
|teampreview
|inactive|Battle timer is ON: inactive players will automatically lose when time's up. (requested by LT92PF Futility)
|j| Draxzzz
|c| Draxzzz|Hi
|inactive|Adel19 has 120 seconds left.
|
|t:|1660038227
|start
|switch|p1a: Urshifu|Urshifu-Rapid-Strike, M|100/100
|switch|p2a: Zeraora|Zeraora|100/100
|turn|1
|
|t:|1660038239
|switch|p1a: Landorus|Landorus-Therian, M|100/100
|-ability|p1a: Landorus|Intimidate|boost
|-unboost|p2a: Zeraora|atk|1
|move|p2a: Zeraora|Knock Off|p1a: Landorus
|-damage|p1a: Landorus|77/100
|-enditem|p1a: Landorus|Leftovers|[from] move: Knock Off|[of] p2a: Zeraora
|
|upkeep
|turn|2
|
|t:|1660038252
|switch|p2a: Landorus|Landorus-Therian, M|100/100
|-ability|p2a: Landorus|Intimidate|boost
|-unboost|p1a: Landorus|atk|1
|move|p1a: Landorus|Swords Dance|p1a: Landorus
|-boost|p1a: Landorus|atk|2
|
|upkeep
|turn|3
|
|t:|1660038255
|move|p1a: Landorus|Stone Edge|p2a: Landorus
|-damage|p2a: Landorus|31/100
|move|p2a: Landorus|Stone Edge|p1a: Landorus
|-damage|p1a: Landorus|32/100
|
|upkeep
|turn|4
|
|t:|1660038262
|move|p1a: Landorus|Stone Edge|p2a: Landorus
|-damage|p2a: Landorus|0 fnt
|faint|p2a: Landorus
|
|upkeep
|
|t:|1660038267
|switch|p2a: Tapu Lele|Tapu Lele|100/100
|-fieldstart|move: Psychic Terrain|[from] ability: Psychic Surge|[of] p2a: Tapu Lele
|turn|5
|
|t:|1660038276
|switch|p1a: Corviknight|Corviknight, M|100/100
|-ability|p1a: Corviknight|Pressure
|move|p2a: Tapu Lele|Psyshock|p1a: Corviknight
|-resisted|p1a: Corviknight
|-damage|p1a: Corviknight|75/100
|
|upkeep
|turn|6
|
|t:|1660038283
|switch|p2a: Tapu Fini|Tapu Fini|100/100
|-fieldstart|move: Misty Terrain|[from] ability: Misty Surge|[of] p2a: Tapu Fini
|move|p1a: Corviknight|U-turn|p2a: Tapu Fini
|-resisted|p2a: Tapu Fini
|-damage|p2a: Tapu Fini|96/100
|l| Draxzzz
|
|t:|1660038292
|switch|p1a: Landorus|Landorus-Therian, M|32/100|[from]move: U-turn
|-ability|p1a: Landorus|Intimidate|boost
|-unboost|p2a: Tapu Fini|atk|1
|
|-heal|p2a: Tapu Fini|100/100|[from] item: Leftovers
|upkeep
|turn|7
|
|t:|1660038298
|move|p1a: Landorus|Earthquake|p2a: Tapu Fini
|-damage|p2a: Tapu Fini|59/100
|move|p2a: Tapu Fini|Surf|p1a: Landorus
|-supereffective|p1a: Landorus
|-damage|p1a: Landorus|0 fnt
|faint|p1a: Landorus
|
|-heal|p2a: Tapu Fini|65/100|[from] item: Leftovers
|upkeep
|
|t:|1660038304
|switch|p1a: Slowking|Slowking-Galar, M|100/100
|turn|8
|
|t:|1660038306
|switch|p2a: Blissey|Blissey, F|100/100
|move|p1a: Slowking|Future Sight|p2a: Blissey
|-start|p1a: Slowking|move: Future Sight
|
|upkeep
|turn|9
|
|t:|1660038311
|switch|p1a: Urshifu|Urshifu-Rapid-Strike, M|100/100
|move|p2a: Blissey|Stealth Rock|p1a: Urshifu
|-sidestart|p1: LT92PF Futility|move: Stealth Rock
|
|upkeep
|turn|10
|
|t:|1660038319
|move|p1a: Urshifu|Surging Strikes|p2a: Blissey
|-crit|p2a: Blissey
|-damage|p2a: Blissey|77/100
|-crit|p2a: Blissey
|-damage|p2a: Blissey|50/100
|-crit|p2a: Blissey
|-damage|p2a: Blissey|23/100
|-hitcount|p2a: Blissey|3
|move|p2a: Blissey|Seismic Toss|p1a: Urshifu
|-damage|p1a: Urshifu|71/100
|
|-end|p2a: Blissey|move: Future Sight
|-damage|p2a: Blissey|0 fnt
|faint|p2a: Blissey
|-fieldend|Misty Terrain
|upkeep
|
|t:|1660038328
|switch|p2a: Zeraora|Zeraora|100/100
|turn|11
|
|t:|1660038337
|switch|p1a: Slowking|Slowking-Galar, M|100/100
|-damage|p1a: Slowking|88/100|[from] Stealth Rock
|move|p2a: Zeraora|Plasma Fists|p1a: Slowking
|-damage|p1a: Slowking|41/100
|-fieldactivate|move: Ion Deluge
|-hint|Normal-type moves become Electric-type after using Plasma Fists.
|
|upkeep
|turn|12
|
|t:|1660038347
|switch|p1a: Tyranitar|Tyranitar, M|100/100
|-damage|p1a: Tyranitar|88/100|[from] Stealth Rock
|-weather|Sandstorm|[from] ability: Sand Stream|[of] p1a: Tyranitar
|move|p2a: Zeraora|Plasma Fists|p1a: Tyranitar
|-damage|p1a: Tyranitar|50/100
|-fieldactivate|move: Ion Deluge
|-hint|Normal-type moves become Electric-type after using Plasma Fists.
|
|-weather|Sandstorm|[upkeep]
|-damage|p2a: Zeraora|95/100|[from] Sandstorm
|-heal|p1a: Tyranitar|56/100|[from] item: Leftovers
|upkeep
|turn|13
|
|t:|1660038351
|move|p2a: Zeraora|Close Combat|p1a: Tyranitar
|-supereffective|p1a: Tyranitar
|-damage|p1a: Tyranitar|0 fnt
|-unboost|p2a: Zeraora|def|1
|-unboost|p2a: Zeraora|spd|1
|faint|p1a: Tyranitar
|
|-weather|Sandstorm|[upkeep]
|-damage|p2a: Zeraora|89/100|[from] Sandstorm
|upkeep
|-message|LT92PF Futility forfeited.
|
|win|Adel19
|raw|LT92PF Futility's rating: 1561 &rarr; <strong>1543</strong><br />(-18 for losing)
|raw|Adel19's rating: 1592 &rarr; <strong>1610</strong><br />(+18 for winning)
|l|☆LT92PF Futility
||Ladder isn't responding, score probably updated but might not have (Request timeout).
