|html|<div class="broadcast-blue"><strong>[Gen 8] OU is currently suspecting Melmetal! For information on how to participate check out the <a href="https://www.smogon.com/forums/threads/np-ss-ou-suspect-process-round-12-monster-mash.3709234/">suspect thread</a>.</strong></div>
|j|☆Agent Strike
|j|☆ghecisbestvillain
|t:|1666942450
|gametype|singles
|player|p1|Agent Strike|policeman-gen4|1629
|player|p2|ghecisbestvillain|scientist-gen4|1702
|teamsize|p1|6
|teamsize|p2|6
|gen|8
|tier|[Gen 8] OU
|rated|
|rule|Sleep Clause Mod: Limit one foe put to sleep
|rule|Species Clause: Limit one of each Pokémon
|rule|OHKO Clause: OHKO moves are banned
|rule|Evasion Items Clause: Evasion items are banned
|rule|Evasion Moves Clause: Evasion moves are banned
|rule|Endless Battle Clause: Forcing endless battles is banned
|rule|HP Percentage Mod: HP is shown in percentages
|rule|Dynamax Clause: You cannot dynamax
|clearpoke
|poke|p1|Melmetal|
|poke|p1|Tornadus-Therian, M|
|poke|p1|Kartana|
|poke|p1|Volcanion|
|poke|p1|Tapu Lele|
|poke|p1|Landorus-Therian, M|
|poke|p2|Volcarona, M|
|poke|p2|Mew|
|poke|p2|Tapu Koko|
|poke|p2|Slowbro, M|
|poke|p2|Ninetales-Alola, F|
|poke|p2|Polteageist|
|teampreview
|inactive|Battle timer is ON: inactive players will automatically lose when time's up. (requested by Agent Strike)
|
|t:|1666942476
|start
|switch|p1a: Volcanion|Volcanion|100/100
|switch|p2a: Ninetales|Ninetales-Alola, F|100/100
|-weather|Hail|[from] ability: Snow Warning|[of] p2a: Ninetales
|turn|1
|
|t:|1666942485
|move|p2a: Ninetales|Aurora Veil|p2a: Ninetales
|-sidestart|p2: ghecisbestvillain|move: Aurora Veil
|move|p1a: Volcanion|Steam Eruption|p2a: Ninetales
|-damage|p2a: Ninetales|43/100
|-status|p2a: Ninetales|brn
|
|-weather|Hail|[upkeep]
|-damage|p1a: Volcanion|95/100|[from] Hail
|-damage|p2a: Ninetales|37/100 brn|[from] brn
|upkeep
|turn|2
|
|t:|1666942496
|switch|p2a: Slowbro|Slowbro, M|100/100
|move|p1a: Volcanion|Steam Eruption|p2a: Slowbro
|-resisted|p2a: Slowbro
|-damage|p2a: Slowbro|71/100
|-status|p2a: Slowbro|brn
|
|-weather|Hail|[upkeep]
|-damage|p1a: Volcanion|89/100|[from] Hail
|-damage|p2a: Slowbro|65/100 brn|[from] Hail
|-damage|p2a: Slowbro|59/100 brn|[from] brn
|upkeep
|turn|3
|
|t:|1666942506
|switch|p1a: Landorus|Landorus-Therian, M|100/100
|-ability|p1a: Landorus|Intimidate|boost
|-unboost|p2a: Slowbro|atk|1
|move|p2a: Slowbro|Teleport|p2a: Slowbro
|j| Catzrule
|
|t:|1666942513
|switch|p2a: Polteageist|Polteageist|100/100|[from]move: Teleport
|
|-weather|Hail|[upkeep]
|-damage|p2a: Polteageist|94/100|[from] Hail
|-damage|p1a: Landorus|94/100|[from] Hail
|-heal|p1a: Landorus|100/100|[from] item: Leftovers
|upkeep
|turn|4
|
|t:|1666942520
|move|p2a: Polteageist|Shell Smash|p2a: Polteageist
|-unboost|p2a: Polteageist|def|1
|-unboost|p2a: Polteageist|spd|1
|-boost|p2a: Polteageist|atk|2
|-boost|p2a: Polteageist|spa|2
|-boost|p2a: Polteageist|spe|2
|move|p1a: Landorus|U-turn|p2a: Polteageist
|-resisted|p2a: Polteageist
|-damage|p2a: Polteageist|78/100
|-ability|p2a: Polteageist|Weak Armor|boost
|-unboost|p2a: Polteageist|def|1
|-boost|p2a: Polteageist|spe|2
|
|t:|1666942522
|switch|p1a: Melmetal|Melmetal, shiny|100/100|[from]move: U-turn
|
|-weather|Hail|[upkeep]
|-damage|p2a: Polteageist|72/100|[from] Hail
|-damage|p1a: Melmetal|94/100|[from] Hail
|upkeep
|turn|5
|l| Catzrule
|
|t:|1666942534
|move|p2a: Polteageist|Shadow Ball|p1a: Melmetal
|-damage|p1a: Melmetal|40/100
|-damage|p2a: Polteageist|62/100|[from] item: Life Orb
|move|p1a: Melmetal|Double Iron Bash|p2a: Polteageist
|-damage|p2a: Polteageist|0 fnt
|faint|p2a: Polteageist
|-hitcount|p2: Polteageist|1
|
|-weather|none
|upkeep
|j| Utuhmu
|
|t:|1666942543
|switch|p2a: Volcarona|Volcarona, M|100/100
|turn|6
|
|t:|1666942551
|switch|p1a: Volcanion|Volcanion|89/100
|move|p2a: Volcarona|Quiver Dance|p2a: Volcarona
|-boost|p2a: Volcarona|spa|1
|-boost|p2a: Volcarona|spd|1
|-boost|p2a: Volcarona|spe|1
|
|upkeep
|turn|7
|
|t:|1666942560
|move|p2a: Volcarona|Quiver Dance|p2a: Volcarona
|-boost|p2a: Volcarona|spa|1
|-boost|p2a: Volcarona|spd|1
|-boost|p2a: Volcarona|spe|1
|move|p1a: Volcanion|Steam Eruption|p2a: Volcarona
|-supereffective|p2a: Volcarona
|-damage|p2a: Volcarona|57/100
|
|-heal|p2a: Volcarona|64/100|[from] item: Leftovers
|upkeep
|turn|8
|
|t:|1666942569
|move|p2a: Volcarona|Quiver Dance|p2a: Volcarona
|-boost|p2a: Volcarona|spa|1
|-boost|p2a: Volcarona|spd|1
|-boost|p2a: Volcarona|spe|1
|move|p1a: Volcanion|Steam Eruption|p2a: Volcarona
|-supereffective|p2a: Volcarona
|-damage|p2a: Volcarona|32/100
|
|-heal|p2a: Volcarona|38/100|[from] item: Leftovers
|-sideend|p2: ghecisbestvillain|move: Aurora Veil
|upkeep
|turn|9
|
|t:|1666942579
|move|p2a: Volcarona|Psychic|p1a: Volcanion
|-damage|p1a: Volcanion|0 fnt
|faint|p1a: Volcanion
|
|-heal|p2a: Volcarona|44/100|[from] item: Leftovers
|upkeep
|
|t:|1666942585
|switch|p1a: Landorus|Landorus-Therian, M|100/100
|-ability|p1a: Landorus|Intimidate|boost
|-unboost|p2a: Volcarona|atk|1
|turn|10
|
|t:|1666942589
|move|p2a: Volcarona|Flamethrower|p1a: Landorus
|-damage|p1a: Landorus|1/100
|move|p1a: Landorus|Earthquake|p2a: Volcarona
|-damage|p2a: Volcarona|0 fnt
|faint|p2a: Volcarona
|
|-heal|p1a: Landorus|7/100|[from] item: Leftovers
|upkeep
|
|t:|1666942601
|switch|p2a: Tapu Koko|Tapu Koko|100/100
|-fieldstart|move: Electric Terrain|[from] ability: Electric Surge|[of] p2a: Tapu Koko
|turn|11
|
|t:|1666942607
|switch|p1a: Melmetal|Melmetal, shiny|40/100
|move|p2a: Tapu Koko|Reflect|p2a: Tapu Koko
|-sidestart|p2: ghecisbestvillain|Reflect
|
|upkeep
|turn|12
|
|t:|1666942612
|move|p2a: Tapu Koko|Light Screen|p2a: Tapu Koko
|-sidestart|p2: ghecisbestvillain|move: Light Screen
|move|p1a: Melmetal|Double Iron Bash|p2a: Tapu Koko
|-damage|p2a: Tapu Koko|78/100
|-damage|p2a: Tapu Koko|55/100
|-hitcount|p2a: Tapu Koko|2
|
|upkeep
|turn|13
|
|t:|1666942618
|switch|p2a: Slowbro|Slowbro, M|92/100 brn
|switch|p1a: Landorus|Landorus-Therian, M|7/100
|-ability|p1a: Landorus|Intimidate|boost
|-unboost|p2a: Slowbro|atk|1
|
|-heal|p1a: Landorus|13/100|[from] item: Leftovers
|-damage|p2a: Slowbro|86/100 brn|[from] brn
|upkeep
|turn|14
|
|t:|1666942627
|move|p1a: Landorus|Stealth Rock|p2a: Slowbro
|-sidestart|p2: ghecisbestvillain|move: Stealth Rock
|move|p2a: Slowbro|Surf|p1a: Landorus
|-supereffective|p1a: Landorus
|-damage|p1a: Landorus|0 fnt
|faint|p1a: Landorus
|
|-damage|p2a: Slowbro|80/100 brn|[from] brn
|upkeep
|
|t:|1666942630
|switch|p1a: Tornadus|Tornadus-Therian, M, shiny|100/100
|turn|15
|
|t:|1666942637
|move|p1a: Tornadus|Knock Off|p2a: Slowbro
|-supereffective|p2a: Slowbro
|-crit|p2a: Slowbro
|-damage|p2a: Slowbro|37/100 brn
|-damage|p1a: Tornadus|84/100|[from] item: Rocky Helmet|[of] p2a: Slowbro
|-enditem|p2a: Slowbro|Rocky Helmet|[from] move: Knock Off|[of] p1a: Tornadus
|move|p2a: Slowbro|Future Sight|p1a: Tornadus
|-start|p2a: Slowbro|move: Future Sight
|
|-damage|p2a: Slowbro|31/100 brn|[from] brn
|-fieldend|move: Electric Terrain
|upkeep
|turn|16
|
|t:|1666942662
|move|p1a: Tornadus|Defog|p2a: Slowbro
|-unboost|p2a: Slowbro|evasion|1
|-sideend|p2: ghecisbestvillain|Reflect
|-sideend|p2: ghecisbestvillain|move: Light Screen
|-sideend|p2: ghecisbestvillain|Stealth Rock|[from] move: Defog|[of] p1a: Tornadus
|move|p2a: Slowbro|Teleport|p2a: Slowbro
|
|t:|1666942688
|switch|p2a: Ninetales|Ninetales-Alola, F|37/100 brn|[from]move: Teleport
|-weather|Hail|[from] ability: Snow Warning|[of] p2a: Ninetales
|
|-weather|Hail|[upkeep]
|-damage|p1a: Tornadus|78/100|[from] Hail
|-damage|p2a: Ninetales|32/100 brn|[from] brn
|upkeep
|turn|17
|
|t:|1666942696
|move|p1a: Tornadus|Heat Wave|p2a: Ninetales
|-supereffective|p2a: Ninetales
|-damage|p2a: Ninetales|0 fnt
|faint|p2a: Ninetales
|
|-weather|Hail|[upkeep]
|-damage|p1a: Tornadus|72/100|[from] Hail
|-end|p1a: Tornadus|move: Future Sight
|-damage|p1a: Tornadus|21/100
|upkeep
|
|t:|1666942704
|switch|p2a: Tapu Koko|Tapu Koko|55/100
|-fieldstart|move: Electric Terrain|[from] ability: Electric Surge|[of] p2a: Tapu Koko
|turn|18
|
|t:|1666942708
|move|p2a: Tapu Koko|Reflect|p2a: Tapu Koko
|-sidestart|p2: ghecisbestvillain|Reflect
|move|p1a: Tornadus|Defog|p2a: Tapu Koko
|-unboost|p2a: Tapu Koko|evasion|1
|-sideend|p2: ghecisbestvillain|Reflect
|-fieldend|move: Electric Terrain
|
|-weather|Hail|[upkeep]
|-damage|p2a: Tapu Koko|49/100|[from] Hail
|-damage|p1a: Tornadus|15/100|[from] Hail
|upkeep
|turn|19
|
|t:|1666942715
|move|p2a: Tapu Koko|Reflect|p2a: Tapu Koko
|-sidestart|p2: ghecisbestvillain|Reflect
|move|p1a: Tornadus|Defog|p2a: Tapu Koko
|-unboost|p2a: Tapu Koko|evasion|1
|-sideend|p2: ghecisbestvillain|Reflect
|
|-weather|Hail|[upkeep]
|-damage|p2a: Tapu Koko|43/100|[from] Hail
|-damage|p1a: Tornadus|9/100|[from] Hail
|upkeep
|turn|20
|
|t:|1666942723
|move|p2a: Tapu Koko|Reflect|p2a: Tapu Koko
|-sidestart|p2: ghecisbestvillain|Reflect
|move|p1a: Tornadus|Defog|p2a: Tapu Koko
|-unboost|p2a: Tapu Koko|evasion|1
|-sideend|p2: ghecisbestvillain|Reflect
|
|-weather|none
|upkeep
|turn|21
|
|t:|1666942729
|move|p2a: Tapu Koko|Taunt|p1a: Tornadus
|-start|p1a: Tornadus|move: Taunt
|cant|p1a: Tornadus|move: Taunt|Defog
|
|upkeep
|turn|22
|
|t:|1666942736
|move|p2a: Tapu Koko|Reflect|p2a: Tapu Koko
|-sidestart|p2: ghecisbestvillain|Reflect
|move|p1a: Tornadus|Heat Wave|p2a: Tapu Koko
|-damage|p2a: Tapu Koko|14/100
|
|upkeep
|turn|23
|
|t:|1666942741
|move|p2a: Tapu Koko|Light Screen|p2a: Tapu Koko
|-sidestart|p2: ghecisbestvillain|move: Light Screen
|move|p1a: Tornadus|U-turn|p2a: Tapu Koko
|-resisted|p2a: Tapu Koko
|-damage|p2a: Tapu Koko|10/100
|
|t:|1666942749
|switch|p1a: Melmetal|Melmetal, shiny|40/100|[from]move: U-turn
|
|upkeep
|turn|24
|
|t:|1666942757
|switch|p2a: Slowbro|Slowbro, M|64/100 brn
|switch|p1a: Tornadus|Tornadus-Therian, M, shiny|42/100
|
|-damage|p2a: Slowbro|58/100 brn|[from] brn
|upkeep
|turn|25
|
|t:|1666942770
|switch|p2a: Tapu Koko|Tapu Koko|10/100
|-fieldstart|move: Electric Terrain|[from] ability: Electric Surge|[of] p2a: Tapu Koko
|move|p1a: Tornadus|Defog|p2a: Tapu Koko
|-unboost|p2a: Tapu Koko|evasion|1
|-sideend|p2: ghecisbestvillain|Reflect
|-sideend|p2: ghecisbestvillain|move: Light Screen
|-fieldend|move: Electric Terrain
|
|upkeep
|turn|26
|
|t:|1666942779
|move|p2a: Tapu Koko|Reflect|p2a: Tapu Koko
|-sidestart|p2: ghecisbestvillain|Reflect
|move|p1a: Tornadus|Heat Wave|p2a: Tapu Koko
|-damage|p2a: Tapu Koko|0 fnt
|faint|p2a: Tapu Koko
|
|upkeep
|
|t:|1666942785
|switch|p2a: Mew|Mew|100/100
|turn|27
|
|t:|1666942787
|move|p1a: Tornadus|Defog|p2a: Mew
|-unboost|p2a: Mew|evasion|1
|-sideend|p2: ghecisbestvillain|Reflect
|move|p2a: Mew|Cosmic Power|p2a: Mew
|-boost|p2a: Mew|def|1
|-boost|p2a: Mew|spd|1
|
|upkeep
|turn|28
|
|t:|1666942793
|switch|p1a: Kartana|Kartana, shiny|100/100
|move|p2a: Mew|Cosmic Power|p2a: Mew
|-boost|p2a: Mew|def|1
|-boost|p2a: Mew|spd|1
|
|upkeep
|turn|29
|
|t:|1666942799
|move|p1a: Kartana|Swords Dance|p1a: Kartana
|-boost|p1a: Kartana|atk|2
|move|p2a: Mew|Cosmic Power|p2a: Mew
|-boost|p2a: Mew|def|1
|-boost|p2a: Mew|spd|1
|
|upkeep
|turn|30
|
|t:|1666942805
|move|p1a: Kartana|Swords Dance|p1a: Kartana
|-boost|p1a: Kartana|atk|2
|move|p2a: Mew|Body Press|p1a: Kartana
|-supereffective|p1a: Kartana
|-damage|p1a: Kartana|2/100
|
|upkeep
|turn|31
|
|t:|1666942812
|move|p1a: Kartana|Knock Off|p2a: Mew
|-supereffective|p2a: Mew
|-damage|p2a: Mew|7/100
|-enditem|p2a: Mew|Leftovers|[from] move: Knock Off|[of] p1a: Kartana
|move|p2a: Mew|Body Press|p1a: Kartana
|-supereffective|p1a: Kartana
|-damage|p1a: Kartana|0 fnt
|faint|p1a: Kartana
|
|upkeep
|
|t:|1666942815
|switch|p1a: Tapu Lele|Tapu Lele, shiny|100/100
|-fieldstart|move: Psychic Terrain|[from] ability: Psychic Surge|[of] p1a: Tapu Lele
|turn|32
|-message|ghecisbestvillain forfeited.
|
|win|Agent Strike
|raw|Agent Strike's rating: 1629 &rarr; <strong>1653</strong><br />(+24 for winning)
|raw|ghecisbestvillain's rating: 1702 &rarr; <strong>1678</strong><br />(-24 for losing)
|l|☆ghecisbestvillain
