|j|☆Rhinotank93
|j|☆demgeilem
|t:|1668072275
|gametype|singles
|player|p1|Rhinotank93|pokemaniac|1615
|player|p2|demgeilem|ethan-masters|1609
|teamsize|p1|6
|teamsize|p2|6
|gen|8
|tier|[Gen 8] OU
|rated|
|rule|Sleep Clause Mod: Limit one foe put to sleep
|rule|Species Clause: Limit one of each Pokémon
|rule|OHKO Clause: OHKO moves are banned
|rule|Evasion Items Clause: Evasion items are banned
|rule|Evasion Moves Clause: Evasion moves are banned
|rule|Endless Battle Clause: Forcing endless battles is banned
|rule|HP Percentage Mod: HP is shown in percentages
|rule|Dynamax Clause: You cannot dynamax
|clearpoke
|poke|p1|Pelipper, M|
|poke|p1|Swampert, M|
|poke|p1|Barraskewda, M|
|poke|p1|Tapu Fini|
|poke|p1|Zapdos|
|poke|p1|Ferrothorn, F|
|poke|p2|Melmetal|
|poke|p2|Dragapult, F|
|poke|p2|Slowbro, F|
|poke|p2|Clefable, F|
|poke|p2|Landorus-Therian, M|
|poke|p2|Buzzwole|
|teampreview
|inactive|Battle timer is ON: inactive players will automatically lose when time's up. (requested by Rhinotank93)
|
|t:|1668072298
|start
|switch|p1a: Tapu Fini|Tapu Fini|100/100
|switch|p2a: Clefable|Clefable, F|100/100
|-fieldstart|move: Misty Terrain|[from] ability: Misty Surge|[of] p1a: Tapu Fini
|turn|1
|
|t:|1668072309
|switch|p1a: Pelipper|Pelipper, M|100/100
|-weather|RainDance|[from] ability: Drizzle|[of] p1a: Pelipper
|move|p2a: Clefable|Stealth Rock|p1a: Pelipper
|-sidestart|p1: Rhinotank93|move: Stealth Rock
|
|-weather|RainDance|[upkeep]
|upkeep
|turn|2
|
|t:|1668072317
|switch|p1a: Swampert|Swampert, M|100/100
|-damage|p1a: Swampert|94/100|[from] Stealth Rock
|move|p2a: Clefable|Moonblast|p1a: Swampert
|-crit|p1a: Swampert
|-damage|p1a: Swampert|51/100
|
|-weather|RainDance|[upkeep]
|-heal|p1a: Swampert|57/100|[from] item: Leftovers
|upkeep
|turn|3
|j| wdz999
|
|t:|1668072327
|move|p2a: Clefable|Moonblast|p1a: Swampert
|-damage|p1a: Swampert|29/100
|move|p1a: Swampert|Flip Turn|p2a: Clefable
|-damage|p2a: Clefable|68/100
|
|t:|1668072333
|switch|p1a: Ferrothorn|Ferrothorn, F|100/100|[from]move: Flip Turn
|-damage|p1a: Ferrothorn|95/100|[from] Stealth Rock
|
|-weather|RainDance|[upkeep]
|-heal|p2a: Clefable|74/100|[from] item: Leftovers
|-heal|p1a: Ferrothorn|100/100|[from] item: Leftovers
|upkeep
|turn|4
|
|t:|1668072344
|switch|p2a: Slowbro|Slowbro, F, shiny|100/100
|move|p1a: Ferrothorn|Knock Off|p2a: Slowbro
|-supereffective|p2a: Slowbro
|-damage|p2a: Slowbro|77/100
|-damage|p1a: Ferrothorn|84/100|[from] item: Rocky Helmet|[of] p2a: Slowbro
|-enditem|p2a: Slowbro|Rocky Helmet|[from] move: Knock Off|[of] p1a: Ferrothorn
|
|-weather|RainDance|[upkeep]
|-heal|p1a: Ferrothorn|90/100|[from] item: Leftovers
|upkeep
|turn|5
|
|t:|1668072355
|move|p2a: Slowbro|Future Sight|p1a: Ferrothorn
|-start|p2a: Slowbro|move: Future Sight
|move|p1a: Ferrothorn|Leech Seed|p2a: Slowbro
|-start|p2a: Slowbro|move: Leech Seed
|
|-weather|RainDance|[upkeep]
|-heal|p1a: Ferrothorn|96/100|[from] item: Leftovers
|-damage|p2a: Slowbro|65/100|[from] Leech Seed|[of] p1a: Ferrothorn
|-heal|p1a: Ferrothorn|100/100|[silent]
|-fieldend|Misty Terrain
|upkeep
|turn|6
|
|t:|1668072365
|switch|p1a: Tapu Fini|Tapu Fini|100/100
|-fieldstart|move: Misty Terrain|[from] ability: Misty Surge|[of] p1a: Tapu Fini
|move|p2a: Slowbro|Teleport|p2a: Slowbro
|
|t:|1668072380
|switch|p2a: Melmetal|Melmetal|100/100|[from]move: Teleport
|
|-weather|RainDance|[upkeep]
|upkeep
|turn|7
|
|t:|1668072392
|switch|p1a: Ferrothorn|Ferrothorn, F|100/100
|-damage|p1a: Ferrothorn|95/100|[from] Stealth Rock
|move|p2a: Melmetal|Earthquake|p1a: Ferrothorn
|-damage|p1a: Ferrothorn|54/100
|
|-weather|RainDance|[upkeep]
|-end|p1a: Ferrothorn|move: Future Sight
|-resisted|p1a: Ferrothorn
|-damage|p1a: Ferrothorn|39/100
|-heal|p1a: Ferrothorn|45/100|[from] item: Leftovers
|upkeep
|turn|8
|
|t:|1668072407
|switch|p1a: Pelipper|Pelipper, M|100/100
|-damage|p1a: Pelipper|75/100|[from] Stealth Rock
|move|p2a: Melmetal|Earthquake|p1a: Pelipper
|-immune|p1a: Pelipper
|
|-weather|none
|upkeep
|turn|9
|
|t:|1668072416
|switch|p2a: Slowbro|Slowbro, F, shiny|98/100
|move|p1a: Pelipper|Defog|p2a: Slowbro
|-unboost|p2a: Slowbro|evasion|1
|-sideend|p1: Rhinotank93|Stealth Rock|[from] move: Defog|[of] p1a: Pelipper
|-fieldend|Misty Terrain
|
|upkeep
|turn|10
|
|t:|1668072423
|move|p1a: Pelipper|U-turn|p2a: Slowbro
|-supereffective|p2a: Slowbro
|-damage|p2a: Slowbro|88/100
|j| Ran Kob
|
|t:|1668072426
|switch|p1a: Swampert|Swampert, M|29/100|[from]move: U-turn
|move|p2a: Slowbro|Future Sight|p1a: Swampert
|-start|p2a: Slowbro|move: Future Sight
|
|-heal|p1a: Swampert|35/100|[from] item: Leftovers
|upkeep
|turn|11
|
|t:|1668072440
|switch|p2a: Melmetal|Melmetal|100/100
|move|p1a: Swampert|Toxic|p2a: Melmetal
|-immune|p2a: Melmetal
|
|-heal|p1a: Swampert|42/100|[from] item: Leftovers
|upkeep
|turn|12
|
|t:|1668072450
|move|p2a: Melmetal|Superpower|p1a: Swampert
|-damage|p1a: Swampert|0 fnt
|-unboost|p2a: Melmetal|atk|1
|-unboost|p2a: Melmetal|def|1
|faint|p1a: Swampert
|
|-hint|Future Sight did not hit because the target is fainted.
|upkeep
|
|t:|1668072459
|switch|p1a: Pelipper|Pelipper, M|75/100
|-weather|RainDance|[from] ability: Drizzle|[of] p1a: Pelipper
|turn|13
|
|t:|1668072468
|switch|p2a: Clefable|Clefable, F|74/100
|move|p1a: Pelipper|U-turn|p2a: Clefable
|-resisted|p2a: Clefable
|-damage|p2a: Clefable|69/100
|
|t:|1668072474
|switch|p1a: Zapdos|Zapdos|100/100|[from]move: U-turn
|
|-weather|RainDance|[upkeep]
|-heal|p2a: Clefable|75/100|[from] item: Leftovers
|upkeep
|turn|14
|
|t:|1668072481
|move|p1a: Zapdos|Weather Ball|p2a: Clefable
|-damage|p2a: Clefable|25/100
|move|p2a: Clefable|Soft-Boiled|p2a: Clefable
|-heal|p2a: Clefable|75/100
|
|-weather|RainDance|[upkeep]
|-heal|p2a: Clefable|81/100|[from] item: Leftovers
|upkeep
|turn|15
|
|t:|1668072494
|switch|p1a: Barraskewda|Barraskewda, M|100/100
|switch|p2a: Landorus|Landorus-Therian, M|100/100
|-ability|p2a: Landorus|Intimidate|boost
|-unboost|p1a: Barraskewda|atk|1
|
|-weather|RainDance|[upkeep]
|upkeep
|turn|16
|
|t:|1668072502
|switch|p2a: Slowbro|Slowbro, F, shiny|100/100
|move|p1a: Barraskewda|Flip Turn|p2a: Slowbro
|-resisted|p2a: Slowbro
|-damage|p2a: Slowbro|87/100
|
|t:|1668072509
|switch|p1a: Zapdos|Zapdos|100/100|[from]move: Flip Turn
|
|-weather|RainDance|[upkeep]
|upkeep
|turn|17
|
|t:|1668072515
|switch|p2a: Landorus|Landorus-Therian, M|100/100
|-ability|p2a: Landorus|Intimidate|boost
|-unboost|p1a: Zapdos|atk|1
|move|p1a: Zapdos|Hurricane|p2a: Landorus
|-damage|p2a: Landorus|36/100
|
|-weather|RainDance|[upkeep]
|-heal|p2a: Landorus|42/100|[from] item: Leftovers
|upkeep
|turn|18
|
|t:|1668072525
|move|p1a: Zapdos|Hurricane|p2a: Landorus
|-damage|p2a: Landorus|0 fnt
|faint|p2a: Landorus
|
|-weather|RainDance|[upkeep]
|upkeep
|
|t:|1668072536
|switch|p2a: Melmetal|Melmetal|100/100
|turn|19
|
|t:|1668072545
|switch|p1a: Ferrothorn|Ferrothorn, F|45/100
|move|p2a: Melmetal|Thunder Punch|p1a: Ferrothorn
|-resisted|p1a: Ferrothorn
|-damage|p1a: Ferrothorn|27/100
|-damage|p2a: Melmetal|88/100|[from] ability: Iron Barbs|[of] p1a: Ferrothorn
|
|-weather|RainDance|[upkeep]
|-heal|p1a: Ferrothorn|33/100|[from] item: Leftovers
|upkeep
|turn|20
|
|t:|1668072555
|switch|p2a: Clefable|Clefable, F|81/100
|move|p1a: Ferrothorn|Leech Seed|p2a: Clefable
|-start|p2a: Clefable|move: Leech Seed
|
|-weather|none
|-heal|p2a: Clefable|87/100|[from] item: Leftovers
|-heal|p1a: Ferrothorn|39/100|[from] item: Leftovers
|upkeep
|turn|21
|
|t:|1668072565
|switch|p1a: Tapu Fini|Tapu Fini|100/100
|-fieldstart|move: Misty Terrain|[from] ability: Misty Surge|[of] p1a: Tapu Fini
|move|p2a: Clefable|Stealth Rock|p1a: Tapu Fini
|-sidestart|p1: Rhinotank93|move: Stealth Rock
|
|-heal|p2a: Clefable|93/100|[from] item: Leftovers
|upkeep
|turn|22
|
|t:|1668072576
|switch|p2a: Melmetal|Melmetal|88/100
|move|p1a: Tapu Fini|Defog|p2a: Melmetal
|-unboost|p2a: Melmetal|evasion|1
|-sideend|p1: Rhinotank93|Stealth Rock|[from] move: Defog|[of] p1a: Tapu Fini
|-fieldend|Misty Terrain
|
|upkeep
|turn|23
|l| wdz999
|
|t:|1668072585
|switch|p1a: Ferrothorn|Ferrothorn, F|39/100
|move|p2a: Melmetal|Thunder Punch|p1a: Ferrothorn
|-resisted|p1a: Ferrothorn
|-damage|p1a: Ferrothorn|22/100
|-status|p1a: Ferrothorn|par
|-damage|p2a: Melmetal|76/100|[from] ability: Iron Barbs|[of] p1a: Ferrothorn
|
|-heal|p1a: Ferrothorn|28/100 par|[from] item: Leftovers
|upkeep
|turn|24
|
|t:|1668072600
|switch|p2a: Buzzwole|Buzzwole|100/100
|move|p1a: Ferrothorn|Knock Off|p2a: Buzzwole
|-resisted|p2a: Buzzwole
|-damage|p2a: Buzzwole|93/100
|-enditem|p2a: Buzzwole|Choice Scarf|[from] move: Knock Off|[of] p1a: Ferrothorn
|
|-heal|p1a: Ferrothorn|34/100 par|[from] item: Leftovers
|upkeep
|turn|25
|
|t:|1668072613
|switch|p1a: Pelipper|Pelipper, M|75/100
|-weather|RainDance|[from] ability: Drizzle|[of] p1a: Pelipper
|move|p2a: Buzzwole|Close Combat|p1a: Pelipper
|-resisted|p1a: Pelipper
|-damage|p1a: Pelipper|50/100
|-unboost|p2a: Buzzwole|def|1
|-unboost|p2a: Buzzwole|spd|1
|
|-weather|RainDance|[upkeep]
|upkeep
|turn|26
|
|t:|1668072625
|switch|p2a: Slowbro|Slowbro, F, shiny|100/100
|switch|p1a: Ferrothorn|Ferrothorn, F|34/100 par
|
|-weather|RainDance|[upkeep]
|-heal|p1a: Ferrothorn|40/100 par|[from] item: Leftovers
|upkeep
|turn|27
|
|t:|1668072633
|switch|p1a: Zapdos|Zapdos|100/100
|move|p2a: Slowbro|Future Sight|p1a: Zapdos
|-start|p2a: Slowbro|move: Future Sight
|
|-weather|RainDance|[upkeep]
|upkeep
|turn|28
|
|t:|1668072649
|switch|p2a: Buzzwole|Buzzwole|93/100
|move|p1a: Zapdos|Thunder|p2a: Buzzwole
|-damage|p2a: Buzzwole|0 fnt
|faint|p2a: Buzzwole
|
|-weather|RainDance|[upkeep]
|upkeep
|
|t:|1668072654
|switch|p2a: Dragapult|Dragapult, F|100/100
|turn|29
|
|t:|1668072662
|switch|p1a: Ferrothorn|Ferrothorn, F|40/100 par
|move|p2a: Dragapult|Shadow Ball|p1a: Ferrothorn
|-damage|p1a: Ferrothorn|0 fnt
|faint|p1a: Ferrothorn
|
|-weather|RainDance|[upkeep]
|-hint|Future Sight did not hit because the target is fainted.
|upkeep
|
|t:|1668072672
|switch|p1a: Tapu Fini|Tapu Fini|100/100
|-fieldstart|move: Misty Terrain|[from] ability: Misty Surge|[of] p1a: Tapu Fini
|turn|30
|
|t:|1668072701
|switch|p2a: Slowbro|Slowbro, F, shiny|100/100
|switch|p1a: Barraskewda|Barraskewda, M|100/100
|
|-weather|RainDance|[upkeep]
|upkeep
|turn|31
|
|t:|1668072709
|switch|p1a: Zapdos|Zapdos|100/100
|move|p2a: Slowbro|Teleport|p2a: Slowbro
|
|t:|1668072714
|switch|p2a: Dragapult|Dragapult, F|100/100|[from]move: Teleport
|
|-weather|RainDance|[upkeep]
|upkeep
|turn|32
|
|t:|1668072720
|move|p2a: Dragapult|Draco Meteor|p1a: Zapdos
|-damage|p1a: Zapdos|0 fnt
|-unboost|p2a: Dragapult|spa|2
|faint|p1a: Zapdos
|
|-weather|none
|upkeep
|l| Ran Kob
|-message|Rhinotank93 forfeited.
|
|win|demgeilem
|raw|Rhinotank93's rating: 1615 &rarr; <strong>1595</strong><br />(-20 for losing)
|raw|demgeilem's rating: 1609 &rarr; <strong>1629</strong><br />(+20 for winning)
|l|☆Rhinotank93
||Ladder isn't responding, score probably updated but might not have (Request timeout).
