|j|☆Avarice
|j|☆Chickpiee
|t:|1616164164
|player|p1|Avarice|phoebe-gen3|
|player|p2|Chickpiee|caitlin|
|teamsize|p1|6
|teamsize|p2|6
|gametype|singles
|gen|8
|tier|[Gen 8] OU
|rated|Tournament battle
|clearpoke
|poke|p1|Mew|
|poke|p1|Volcarona, F|
|poke|p1|Dragapult, M|
|poke|p1|Cloyster, M|
|poke|p1|Garchomp, M|
|poke|p1|Bisharp, M|
|poke|p2|Swampert, M|
|poke|p2|Abomasnow, M|
|poke|p2|Corviknight, M|
|poke|p2|Arctozolt|
|poke|p2|Zapdos-Galar|
|poke|p2|Kyurem|
|rule|Sleep Clause Mod: Limit one foe put to sleep
|rule|Species Clause: Limit one of each Pokémon
|rule|OHKO Clause: OHKO moves are banned
|rule|Evasion Moves Clause: Evasion moves are banned
|rule|Endless Battle Clause: Forcing endless battles is banned
|rule|HP Percentage Mod: HP is shown in percentages
|rule|Dynamax Clause: You cannot dynamax
|teampreview
|j|*Lady Monita
|c|☆Chickpiee|HF
|j| o0 ⌐◼_◼ 0o 34
|j| TheLastTemplar
|j| toxicroaker1
|j| Pkmonkey
|inactive|Battle timer is ON: inactive players will automatically lose when time's up. (requested by Avarice)
|inactive|Chickpiee also wants the timer to be on.
|j| KJLX
|l| toxicroaker1
|j| JLBx
|j| bl4ze4444
|j| GeoJumper0001
|j| dharm.mehta.73
|j|%Perish Song
|j| SEYA645_YT
|inactive|Chickpiee has 120 seconds left.
|j| Raj 00
|j| Lazard27
|j| unluck bender
|l| Lazard27
|j| Harshal~08
|
|t:|1616164224
|start
|switch|p1a: Mew|Mew|100/100
|switch|p2a: Kyotaro|Kyurem, shiny|100/100
|-ability|p2a: Kyotaro|Pressure
|turn|1
|j| rod ketchum
|j| Serene Grace
|j| Rahul_3301
|l| Rahul_3301
|
|t:|1616164236
|move|p1a: Mew|Thunder Wave|p2a: Kyotaro
|-status|p2a: Kyotaro|par
|cant|p2a: Kyotaro|par
|
|upkeep
|turn|2
|
|t:|1616164248
|move|p1a: Mew|Stealth Rock|p2a: Kyotaro
|-sidestart|p2: Chickpiee|move: Stealth Rock
|move|p2a: Kyotaro|Ice Beam|p1a: Mew
|-damage|p1a: Mew|31/100
|-enditem|p1a: Mew|Red Card|[of] p2a: Kyotaro
|drag|p2a: Predator|Swampert, M|100/100
|-damage|p2a: Predator|95/100|[from] Stealth Rock
|
|upkeep
|turn|3
|j| Rahul_3301
|
|t:|1616164265
|move|p1a: Mew|Taunt|p2a: Predator
|-start|p2a: Predator|move: Taunt
|move|p2a: Predator|Flip Turn|p1a: Mew
|-damage|p1a: Mew|0 fnt
|faint|p1a: Mew
|l| Rahul_3301
|c| rod ketchum|goooo
|
|t:|1616164280
|switch|p2a: Roadrunner|Zapdos-Galar|100/100|[from]move: Flip Turn
|-damage|p2a: Roadrunner|88/100|[from] Stealth Rock
|
|upkeep
|
|t:|1616164293
|switch|p1a: Garchomp|Garchomp, M|100/100
|turn|4
|l| SEYA645_YT
|
|t:|1616164296
|switch|p2a: Yami|Corviknight, M, shiny|100/100
|-damage|p2a: Yami|88/100|[from] Stealth Rock
|-ability|p2a: Yami|Pressure
|move|p1a: Garchomp|Scale Shot|p2a: Yami
|-resisted|p2a: Yami
|-damage|p2a: Yami|82/100
|-resisted|p2a: Yami
|-damage|p2a: Yami|74/100
|-hitcount|p2a: Yami|2
|-unboost|p1a: Garchomp|def|1
|-boost|p1a: Garchomp|spe|1
|-damage|p1a: Garchomp|91/100|[from] item: Life Orb
|
|upkeep
|turn|5
|
|t:|1616164308
|switch|p1a: Volcarona|Volcarona, F|100/100
|move|p2a: Yami|Defog|p1a: Volcarona
|-unboost|p1a: Volcarona|evasion|1
|-sideend|p2: Chickpiee|Stealth Rock|[from] move: Defog|[of] p2a: Yami
|
|upkeep
|turn|6
|
|t:|1616164317
|switch|p2a: Roadrunner|Zapdos-Galar|88/100
|move|p1a: Volcarona|Bug Buzz|p2a: Roadrunner
|-resisted|p2a: Roadrunner
|-damage|p2a: Roadrunner|75/100
|
|upkeep
|turn|7
|l| o0 ⌐◼_◼ 0o 34
|
|t:|1616164324
|switch|p1a: Garchomp|Garchomp, M|91/100
|move|p2a: Roadrunner|U-turn|p1a: Garchomp
|-damage|p1a: Garchomp|66/100
|-damage|p2a: Roadrunner|62/100|[from] ability: Rough Skin|[of] p1a: Garchomp
|
|t:|1616164328
|switch|p2a: Izo|Abomasnow, M, shiny|100/100|[from]move: U-turn
|-weather|Hail|[from] ability: Snow Warning|[of] p2a: Izo
|
|-weather|Hail|[upkeep]
|-damage|p1a: Garchomp|60/100|[from] Hail
|upkeep
|turn|8
|j| Lazard27
|
|t:|1616164348
|move|p2a: Izo|Ice Shard|p1a: Garchomp
|-supereffective|p1a: Garchomp
|-damage|p1a: Garchomp|0 fnt
|faint|p1a: Garchomp
|
|-weather|Hail|[upkeep]
|upkeep
|l| Lazard27
|
|t:|1616164353
|switch|p1a: Bisharp|Bisharp, M|100/100
|turn|9
|j| tgm624
|l| Raj 00
|
|t:|1616164363
|move|p2a: Izo|Earthquake|p1a: Bisharp
|-supereffective|p1a: Bisharp
|-damage|p1a: Bisharp|37/100
|move|p1a: Bisharp|Swords Dance|p1a: Bisharp
|-boost|p1a: Bisharp|atk|2
|
|-weather|Hail|[upkeep]
|-damage|p1a: Bisharp|31/100|[from] Hail
|upkeep
|turn|10
|
|t:|1616164391
|switch|p2a: Kyotaro|Kyurem, shiny|100/100 par
|-ability|p2a: Kyotaro|Pressure
|move|p1a: Bisharp|Iron Head|p2a: Kyotaro
|-supereffective|p2a: Kyotaro
|-damage|p2a: Kyotaro|0 fnt
|-damage|p1a: Bisharp|21/100|[from] item: Life Orb
|faint|p2a: Kyotaro
|
|-weather|Hail|[upkeep]
|-damage|p1a: Bisharp|15/100|[from] Hail
|upkeep
|inactive|Chickpiee has 120 seconds left.
|j| JewelTemptation
|j| Raj 00
|
|t:|1616164408
|switch|p2a: Destroyer|Arctozolt, shiny|100/100
|turn|11
|
|t:|1616164410
|move|p1a: Bisharp|Sucker Punch||[still]
|-fail|p1a: Bisharp
|move|p2a: Destroyer|Substitute|p2a: Destroyer
|-start|p2a: Destroyer|Substitute
|-damage|p2a: Destroyer|76/100
|
|-weather|Hail|[upkeep]
|-damage|p1a: Bisharp|9/100|[from] Hail
|upkeep
|turn|12
|-message|Avarice forfeited.
|
|win|Chickpiee
|n|☆Avarice|avarice
|n|☆Chickpiee|chickpiee
|n|*Lady Monita|ladymonita
|n| TheLastTemplar|thelasttemplar
|n| Pkmonkey|pkmonkey
|n| KJLX|kjlx
|n| JLBx|jlbx
|n| bl4ze4444|bl4ze4444
|n| GeoJumper0001|geojumper0001
|n| dharm.mehta.73|dharmmehta73
|n|%Perish Song|perishsong
|n| unluck bender|unluckbender
|n| Harshal~08|harshal08
|n| rod ketchum|rodketchum
|n| Serene Grace|serenegrace
|n| tgm624|tgm624
|n| JewelTemptation|jeweltemptation
|n| Raj 00|raj00
|l|☆Avarice
|l|*Lady Monita
|c|☆Chickpiee|gg
|j| Edfggvc
|l| Pkmonkey
|l|%Perish Song
|l| Raj 00
|l| Harshal~08
|l| JewelTemptation
|l| dharm.mehta.73
