|j|☆OneTreeWaiting
|j|☆Stimo96
|t:|1655571078
|gametype|singles
|player|p1|OneTreeWaiting|bruno|1467
|player|p2|Stimo96|alder|1489
|teamsize|p1|6
|teamsize|p2|6
|gen|8
|tier|[Gen 8] OU
|rated|
|rule|Sleep Clause Mod: Limit one foe put to sleep
|rule|Species Clause: Limit one of each Pokémon
|rule|OHKO Clause: OHKO moves are banned
|rule|Evasion Moves Clause: Evasion moves are banned
|rule|Endless Battle Clause: Forcing endless battles is banned
|rule|HP Percentage Mod: HP is shown in percentages
|rule|Dynamax Clause: You cannot dynamax
|clearpoke
|poke|p1|Bisharp, M|
|poke|p1|Kartana|
|poke|p1|Cloyster, M|
|poke|p1|Kommo-o, M|
|poke|p1|Tapu Lele|
|poke|p1|Hawlucha, M|
|poke|p2|Krookodile, M|
|poke|p2|Urshifu-*, F|
|poke|p2|Tapu Lele|
|poke|p2|Tapu Fini|
|poke|p2|Moltres|
|poke|p2|Melmetal|
|teampreview
|inactive|Battle timer is ON: inactive players will automatically lose when time's up. (requested by OneTreeWaiting)
|
|t:|1655571111
|start
|switch|p1a: Bisharp|Bisharp, M|100/100
|switch|p2a: Urshifu|Urshifu-Rapid-Strike, F|100/100
|turn|1
|
|t:|1655571122
|move|p2a: Urshifu|Surging Strikes|p1a: Bisharp
|-crit|p1a: Bisharp
|-damage|p1a: Bisharp|60/100
|-crit|p1a: Bisharp
|-damage|p1a: Bisharp|26/100
|-crit|p1a: Bisharp
|-damage|p1a: Bisharp|0 fnt
|faint|p1a: Bisharp
|-hitcount|p1: Bisharp|3
|
|upkeep
|
|t:|1655571126
|switch|p1a: Kartana|Kartana|100/100
|turn|2
|
|t:|1655571132
|switch|p2a: Moltres|Moltres|100/100
|move|p1a: Kartana|Swords Dance|p1a: Kartana
|-boost|p1a: Kartana|atk|2
|
|upkeep
|turn|3
|
|t:|1655571139
|move|p1a: Kartana|Knock Off|p2a: Moltres
|-damage|p2a: Moltres|9/100
|-status|p1a: Kartana|brn|[from] ability: Flame Body|[of] p2a: Moltres
|-enditem|p2a: Moltres|Heavy-Duty Boots|[from] move: Knock Off|[of] p1a: Kartana
|-damage|p1a: Kartana|91/100 brn|[from] item: Life Orb
|move|p2a: Moltres|Mystical Fire|p1a: Kartana
|-supereffective|p1a: Kartana
|-damage|p1a: Kartana|0 fnt
|faint|p1a: Kartana
|
|upkeep
|
|t:|1655571167
|switch|p1a: Kommo-o|Kommo-o, M|100/100
|turn|4
|
|t:|1655571181
|move|p1a: Kommo-o|Clangorous Soul|p1a: Kommo-o
|-boost|p1a: Kommo-o|atk|1
|-boost|p1a: Kommo-o|def|1
|-boost|p1a: Kommo-o|spa|1
|-boost|p1a: Kommo-o|spd|1
|-boost|p1a: Kommo-o|spe|1
|-damage|p1a: Kommo-o|68/100
|-enditem|p1a: Kommo-o|Throat Spray
|-boost|p1a: Kommo-o|spa|1|[from] item: Throat Spray
|move|p2a: Moltres|Scorching Sands|p1a: Kommo-o
|-damage|p1a: Kommo-o|53/100
|
|upkeep
|turn|5
|
|t:|1655571192
|move|p1a: Kommo-o|Boomburst|p2a: Moltres
|-damage|p2a: Moltres|0 fnt
|faint|p2a: Moltres
|
|upkeep
|
|t:|1655571205
|switch|p2a: Melmetal|Melmetal|100/100
|turn|6
|
|t:|1655571210
|move|p1a: Kommo-o|Aura Sphere|p2a: Melmetal
|-supereffective|p2a: Melmetal
|-damage|p2a: Melmetal|31/100
|move|p2a: Melmetal|Double Iron Bash|p1a: Kommo-o
|-damage|p1a: Kommo-o|29/100
|-damage|p1a: Kommo-o|5/100
|-hitcount|p1a: Kommo-o|2
|
|upkeep
|turn|7
|
|t:|1655571219
|move|p1a: Kommo-o|Aura Sphere|p2a: Melmetal
|-supereffective|p2a: Melmetal
|-damage|p2a: Melmetal|0 fnt
|faint|p2a: Melmetal
|
|upkeep
|
|t:|1655571228
|switch|p2a: Urshifu|Urshifu-Rapid-Strike, F|100/100
|turn|8
|
|t:|1655571232
|move|p2a: Urshifu|Aqua Jet|p1a: Kommo-o
|-resisted|p1a: Kommo-o
|-damage|p1a: Kommo-o|0 fnt
|faint|p1a: Kommo-o
|
|upkeep
|
|t:|1655571235
|switch|p1a: Cloyster|Cloyster, M|100/100
|turn|9
|
|t:|1655571239
|switch|p2a: Tapu Fini|Tapu Fini|100/100
|-fieldstart|move: Misty Terrain|[from] ability: Misty Surge|[of] p2a: Tapu Fini
|move|p1a: Cloyster|Shell Smash|p1a: Cloyster
|-unboost|p1a: Cloyster|def|1
|-unboost|p1a: Cloyster|spd|1
|-boost|p1a: Cloyster|atk|2
|-boost|p1a: Cloyster|spa|2
|-boost|p1a: Cloyster|spe|2
|
|upkeep
|turn|10
|
|t:|1655571250
|move|p1a: Cloyster|Rock Blast|p2a: Tapu Fini
|-damage|p2a: Tapu Fini|90/100
|-damage|p2a: Tapu Fini|80/100
|-damage|p2a: Tapu Fini|69/100
|-damage|p2a: Tapu Fini|58/100
|-damage|p2a: Tapu Fini|47/100
|-hitcount|p2a: Tapu Fini|5
|move|p2a: Tapu Fini|Draining Kiss|p1a: Cloyster
|-damage|p1a: Cloyster|32/100
|-heal|p2a: Tapu Fini|84/100|[from] drain|[of] p1a: Cloyster
|
|-heal|p2a: Tapu Fini|90/100|[from] item: Leftovers
|upkeep
|turn|11
|
|t:|1655571262
|move|p1a: Cloyster|Rock Blast|p2a: Tapu Fini
|-damage|p2a: Tapu Fini|80/100
|-damage|p2a: Tapu Fini|69/100
|-damage|p2a: Tapu Fini|57/100
|-damage|p2a: Tapu Fini|46/100
|-damage|p2a: Tapu Fini|36/100
|-hitcount|p2a: Tapu Fini|5
|move|p2a: Tapu Fini|Draining Kiss|p1a: Cloyster
|-damage|p1a: Cloyster|0 fnt
|-heal|p2a: Tapu Fini|52/100|[from] drain|[of] p1a: Cloyster
|faint|p1a: Cloyster
|
|-heal|p2a: Tapu Fini|59/100|[from] item: Leftovers
|upkeep
|
|t:|1655571272
|switch|p1a: Tapu Lele|Tapu Lele|100/100
|-fieldstart|move: Psychic Terrain|[from] ability: Psychic Surge|[of] p1a: Tapu Lele
|turn|12
|
|t:|1655571288
|switch|p2a: Tapu Lele|Tapu Lele|100/100
|move|p1a: Tapu Lele|Moonblast|p2a: Tapu Lele
|-damage|p2a: Tapu Lele|22/100
|-unboost|p2a: Tapu Lele|spa|1
|
|upkeep
|turn|13
|
|t:|1655571299
|move|p2a: Tapu Lele|Psyshock|p1a: Tapu Lele
|-resisted|p1a: Tapu Lele
|-damage|p1a: Tapu Lele|60/100
|move|p1a: Tapu Lele|Moonblast|p2a: Tapu Lele
|-damage|p2a: Tapu Lele|0 fnt
|faint|p2a: Tapu Lele
|
|upkeep
|
|t:|1655571308
|switch|p2a: Urshifu|Urshifu-Rapid-Strike, F|100/100
|turn|14
|
|t:|1655571317
|move|p2a: Urshifu|Surging Strikes|p1a: Tapu Lele
|-crit|p1a: Tapu Lele
|-damage|p1a: Tapu Lele|18/100
|-crit|p1a: Tapu Lele
|-damage|p1a: Tapu Lele|0 fnt
|faint|p1a: Tapu Lele
|-hitcount|p1: Tapu Lele|2
|
|upkeep
|
|t:|1655571319
|switch|p1a: Hawlucha|Hawlucha, M|100/100
|-enditem|p1a: Hawlucha|Psychic Seed
|-boost|p1a: Hawlucha|spd|1|[from] item: Psychic Seed
|turn|15
|
|t:|1655571326
|move|p1a: Hawlucha|Acrobatics|p2a: Urshifu
|-supereffective|p2a: Urshifu
|-damage|p2a: Urshifu|0 fnt
|faint|p2a: Urshifu
|
|upkeep
|
|t:|1655571336
|switch|p2a: Tapu Fini|Tapu Fini|59/100
|-fieldstart|move: Misty Terrain|[from] ability: Misty Surge|[of] p2a: Tapu Fini
|turn|16
|
|t:|1655571340
|move|p1a: Hawlucha|Swords Dance|p1a: Hawlucha
|-boost|p1a: Hawlucha|atk|2
|move|p2a: Tapu Fini|Draining Kiss|p1a: Hawlucha
|-supereffective|p1a: Hawlucha
|-damage|p1a: Hawlucha|68/100
|-heal|p2a: Tapu Fini|80/100|[from] drain|[of] p1a: Hawlucha
|
|-heal|p2a: Tapu Fini|86/100|[from] item: Leftovers
|upkeep
|turn|17
|
|t:|1655571349
|move|p1a: Hawlucha|Acrobatics|p2a: Tapu Fini
|-damage|p2a: Tapu Fini|18/100
|move|p2a: Tapu Fini|Draining Kiss|p1a: Hawlucha
|-supereffective|p1a: Hawlucha
|-damage|p1a: Hawlucha|36/100
|-heal|p2a: Tapu Fini|39/100|[from] drain|[of] p1a: Hawlucha
|
|-heal|p2a: Tapu Fini|45/100|[from] item: Leftovers
|upkeep
|turn|18
|
|t:|1655571358
|switch|p2a: Krookodile|Krookodile, M|100/100
|move|p1a: Hawlucha|Acrobatics|p2a: Krookodile
|-damage|p2a: Krookodile|0 fnt
|faint|p2a: Krookodile
|
|upkeep
|
|t:|1655571364
|switch|p2a: Tapu Fini|Tapu Fini|45/100
|turn|19
|
|t:|1655571368
|move|p1a: Hawlucha|Acrobatics|p2a: Tapu Fini
|-crit|p2a: Tapu Fini
|-damage|p2a: Tapu Fini|0 fnt
|faint|p2a: Tapu Fini
|
|win|OneTreeWaiting
|raw|OneTreeWaiting's rating: 1467 &rarr; <strong>1488</strong><br />(+21 for winning)
|raw|Stimo96's rating: 1489 &rarr; <strong>1468</strong><br />(-21 for losing)
|l|☆Stimo96
||Ladder isn't responding, score probably updated but might not have (Request timeout).
