|j|☆Adel19
|j|☆minimax_ai
|t:|1665556034
|gametype|singles
|player|p1|Adel19|1|1797
|player|p2|minimax_ai|lusamine-nihilego|1698
|teamsize|p1|6
|teamsize|p2|6
|gen|8
|tier|[Gen 8] OU
|rated|
|rule|Sleep Clause Mod: Limit one foe put to sleep
|rule|Species Clause: Limit one of each Pokémon
|rule|OHKO Clause: OHKO moves are banned
|rule|Evasion Items Clause: Evasion items are banned
|rule|Evasion Moves Clause: Evasion moves are banned
|rule|Endless Battle Clause: Forcing endless battles is banned
|rule|HP Percentage Mod: HP is shown in percentages
|rule|Dynamax Clause: You cannot dynamax
|clearpoke
|poke|p1|Landorus-Therian, M|
|poke|p1|Zapdos|
|poke|p1|Blissey, F|
|poke|p1|Tapu Fini|
|poke|p1|Kartana|
|poke|p1|Zeraora|
|poke|p2|Rotom-Wash|
|poke|p2|Weavile, M|
|poke|p2|Landorus-Therian, M|
|poke|p2|Heatran, M|
|poke|p2|Tangrowth, F|
|poke|p2|Melmetal|
|teampreview
|c|☆minimax_ai|hf
|inactive|Battle timer is ON: inactive players will automatically lose when time's up. (requested by minimax_ai)
|
|t:|1665556042
|start
|switch|p1a: Kartana|Kartana|100/100
|switch|p2a: Melmetal|Melmetal|100/100
|turn|1
|
|t:|1665556045
|switch|p1a: Zapdos|Zapdos|100/100
|switch|p2a: Tangrowth|Tangrowth, F|100/100
|
|upkeep
|turn|2
|
|t:|1665556051
|switch|p2a: landorustherian|Landorus-Therian, M|100/100
|-ability|p2a: landorustherian|Intimidate|boost
|-unboost|p1a: Zapdos|atk|1
|move|p1a: Zapdos|Toxic|p2a: landorustherian
|-status|p2a: landorustherian|tox
|
|-damage|p2a: landorustherian|94/100 tox|[from] psn
|upkeep
|turn|3
|
|t:|1665556055
|switch|p1a: Blissey|Blissey, F|100/100
|move|p2a: landorustherian|U-turn|p1a: Blissey
|-damage|p1a: Blissey|81/100
|
|t:|1665556055
|switch|p2a: Melmetal|Melmetal|100/100|[from]move: U-turn
|
|upkeep
|turn|4
|j| freerobuxman!
|
|t:|1665556060
|switch|p1a: Zapdos|Zapdos|100/100
|move|p2a: Melmetal|Double Iron Bash|p1a: Zapdos
|-resisted|p1a: Zapdos
|-damage|p1a: Zapdos|87/100
|-resisted|p1a: Zapdos
|-damage|p1a: Zapdos|72/100
|-hitcount|p1a: Zapdos|2
|
|upkeep
|turn|5
|
|t:|1665556068
|move|p1a: Zapdos|Hurricane|p2a: Melmetal
|-resisted|p2a: Melmetal
|-damage|p2a: Melmetal|88/100
|move|p2a: Melmetal|Ice Punch|p1a: Zapdos
|-supereffective|p1a: Zapdos
|-damage|p1a: Zapdos|22/100
|
|upkeep
|turn|6
|
|t:|1665556077
|switch|p1a: Landorus|Landorus-Therian, M|100/100
|-ability|p1a: Landorus|Intimidate|boost
|-unboost|p2a: Melmetal|atk|1
|move|p2a: Melmetal|Ice Punch|p1a: Landorus
|-supereffective|p1a: Landorus
|-damage|p1a: Landorus|1/100
|
|upkeep
|turn|7
|
|t:|1665556086
|move|p1a: Landorus|Stone Edge|p2a: Melmetal
|-resisted|p2a: Melmetal
|-damage|p2a: Melmetal|76/100
|move|p2a: Melmetal|Double Iron Bash|p1a: Landorus
|-damage|p1a: Landorus|0 fnt
|faint|p1a: Landorus
|-hitcount|p1: Landorus|1
|
|upkeep
|
|t:|1665556092
|switch|p1a: Kartana|Kartana|100/100
|turn|8
|
|t:|1665556095
|switch|p2a: Tangrowth|Tangrowth, F|100/100
|move|p1a: Kartana|Knock Off|p2a: Tangrowth
|-damage|p2a: Tangrowth|84/100
|-enditem|p2a: Tangrowth|Rocky Helmet|[from] move: Knock Off|[of] p1a: Kartana
|
|upkeep
|turn|9
|j| xLadyPenumbra
|
|t:|1665556098
|switch|p1a: Blissey|Blissey, F|81/100
|switch|p2a: Melmetal|Melmetal|76/100
|
|upkeep
|turn|10
|
|t:|1665556103
|move|p1a: Blissey|Seismic Toss|p2a: Melmetal
|-damage|p2a: Melmetal|53/100
|move|p2a: Melmetal|Double Iron Bash|p1a: Blissey
|-damage|p1a: Blissey|49/100
|-damage|p1a: Blissey|13/100
|-hitcount|p1a: Blissey|2
|
|upkeep
|turn|11
|
|t:|1665556111
|move|p1a: Blissey|Seismic Toss|p2a: Melmetal
|-damage|p2a: Melmetal|30/100
|move|p2a: Melmetal|Double Iron Bash|p1a: Blissey
|-damage|p1a: Blissey|0 fnt
|faint|p1a: Blissey
|-hitcount|p1: Blissey|1
|
|upkeep
|
|t:|1665556114
|switch|p1a: Zapdos|Zapdos|22/100
|turn|12
|
|t:|1665556116
|move|p1a: Zapdos|Roost|p1a: Zapdos
|-heal|p1a: Zapdos|72/100
|-singleturn|p1a: Zapdos|move: Roost
|move|p2a: Melmetal|Ice Punch|p1a: Zapdos
|-damage|p1a: Zapdos|47/100
|
|upkeep
|turn|13
|
|t:|1665556123
|move|p1a: Zapdos|Hurricane|p2a: Melmetal
|-resisted|p2a: Melmetal
|-damage|p2a: Melmetal|18/100
|-start|p2a: Melmetal|confusion
|-activate|p2a: Melmetal|confusion
|move|p2a: Melmetal|Ice Punch|p1a: Zapdos
|-supereffective|p1a: Zapdos
|-damage|p1a: Zapdos|0 fnt
|faint|p1a: Zapdos
|
|upkeep
|
|t:|1665556131
|switch|p1a: Kartana|Kartana|100/100
|turn|14
|
|t:|1665556133
|switch|p2a: Tangrowth|Tangrowth, F|100/100
|move|p1a: Kartana|Swords Dance|p1a: Kartana
|-boost|p1a: Kartana|atk|2
|
|upkeep
|turn|15
|
|t:|1665556135
|move|p1a: Kartana|Knock Off|p2a: Tangrowth
|-damage|p2a: Tangrowth|77/100
|move|p2a: Tangrowth|Focus Blast|p1a: Kartana|[miss]
|-miss|p2a: Tangrowth|p1a: Kartana
|
|upkeep
|turn|16
|
|t:|1665556148
|switch|p1a: Zeraora|Zeraora|100/100
|move|p2a: Tangrowth|Focus Blast|p1a: Zeraora
|-damage|p1a: Zeraora|60/100
|
|upkeep
|turn|17
|
|t:|1665556153
|move|p1a: Zeraora|Knock Off|p2a: Tangrowth
|-damage|p2a: Tangrowth|65/100
|move|p2a: Tangrowth|Giga Drain|p1a: Zeraora
|-damage|p1a: Zeraora|21/100
|-heal|p2a: Tangrowth|81/100|[from] drain|[of] p1a: Zeraora
|
|upkeep
|turn|18
|
|t:|1665556155
|move|p1a: Zeraora|Close Combat|p2a: Tangrowth
|-damage|p2a: Tangrowth|62/100
|-unboost|p1a: Zeraora|def|1
|-unboost|p1a: Zeraora|spd|1
|move|p2a: Tangrowth|Giga Drain|p1a: Zeraora
|-damage|p1a: Zeraora|0 fnt
|-heal|p2a: Tangrowth|70/100|[from] drain|[of] p1a: Zeraora
|faint|p1a: Zeraora
|
|upkeep
|
|t:|1665556157
|switch|p1a: Tapu Fini|Tapu Fini|100/100
|-fieldstart|move: Misty Terrain|[from] ability: Misty Surge|[of] p1a: Tapu Fini
|turn|19
|
|t:|1665556159
|move|p1a: Tapu Fini|Calm Mind|p1a: Tapu Fini
|-boost|p1a: Tapu Fini|spa|1
|-boost|p1a: Tapu Fini|spd|1
|move|p2a: Tangrowth|Giga Drain|p1a: Tapu Fini
|-supereffective|p1a: Tapu Fini
|-crit|p1a: Tapu Fini
|-damage|p1a: Tapu Fini|36/100
|-heal|p2a: Tangrowth|97/100|[from] drain|[of] p1a: Tapu Fini
|
|-heal|p1a: Tapu Fini|42/100|[from] item: Leftovers
|upkeep
|turn|20
|
|t:|1665556165
|switch|p2a: rotomwash|Rotom-Wash|100/100
|move|p1a: Tapu Fini|Moonblast|p2a: rotomwash
|-damage|p2a: rotomwash|45/100
|
|-heal|p2a: rotomwash|51/100|[from] item: Leftovers
|-heal|p1a: Tapu Fini|48/100|[from] item: Leftovers
|upkeep
|turn|21
|
|t:|1665556168
|move|p2a: rotomwash|Thunderbolt|p1a: Tapu Fini
|-supereffective|p1a: Tapu Fini
|-damage|p1a: Tapu Fini|12/100
|move|p1a: Tapu Fini|Moonblast|p2a: rotomwash
|-damage|p2a: rotomwash|0 fnt
|faint|p2a: rotomwash
|
|-heal|p1a: Tapu Fini|18/100|[from] item: Leftovers
|upkeep
|
|t:|1665556168
|switch|p2a: Heatran|Heatran, M|100/100
|-item|p2a: Heatran|Air Balloon
|turn|22
|
|t:|1665556171
|move|p2a: Heatran|Eruption|p1a: Tapu Fini
|-resisted|p1a: Tapu Fini
|-damage|p1a: Tapu Fini|0 fnt
|faint|p1a: Tapu Fini
|
|upkeep
|-message|Adel19 forfeited.
|
|win|minimax_ai
|raw|Adel19's rating: 1797 &rarr; <strong>1771</strong><br />(-26 for losing)
|raw|minimax_ai's rating: 1698 &rarr; <strong>1724</strong><br />(+26 for winning)
|c|☆minimax_ai|gg
|l|☆Adel19
