|j|☆Stads
|j|‽hypervortexreturns
|t:|1663682236
|gametype|singles
|player|p1|Stads|170|1787
|player|p2|hypervortexreturns|101|1928
|teamsize|p1|6
|teamsize|p2|6
|gen|8
|tier|[Gen 8] OU
|rated|
|rule|Sleep Clause Mod: Limit one foe put to sleep
|rule|Species Clause: Limit one of each Pokémon
|rule|OHKO Clause: OHKO moves are banned
|rule|Evasion Items Clause: Evasion items are banned
|rule|Evasion Moves Clause: Evasion moves are banned
|rule|Endless Battle Clause: Forcing endless battles is banned
|rule|HP Percentage Mod: HP is shown in percentages
|rule|Dynamax Clause: You cannot dynamax
|clearpoke
|poke|p1|Tornadus-Therian, M|
|poke|p1|Corviknight, M|
|poke|p1|Kartana|
|poke|p1|Toxapex, M|
|poke|p1|Hippowdon, F|
|poke|p1|Heatran, F|
|poke|p2|Hydreigon, F|
|poke|p2|Zapdos|
|poke|p2|Tangrowth, F|
|poke|p2|Corviknight, F|
|poke|p2|Excadrill, M|
|poke|p2|Azumarill, F|
|teampreview
|j| nightsujiu
|j| BabyPigsAreLaughin
|
|t:|1663682285
|start
|switch|p1a: Heatran|Heatran, F|100/100
|switch|p2a: Tangrowth|Tangrowth, F|100/100
|turn|1
|
|t:|1663682303
|switch|p2a: Hydreigon|Hydreigon, F|100/100
|move|p1a: Heatran|Magma Storm|p2a: Hydreigon
|-resisted|p2a: Hydreigon
|-damage|p2a: Hydreigon|81/100
|-activate|p2a: Hydreigon|move: Magma Storm|[of] p1a: Heatran
|
|-heal|p2a: Hydreigon|87/100|[from] item: Leftovers
|-damage|p2a: Hydreigon|74/100|[from] move: Magma Storm|[partiallytrapped]
|upkeep
|turn|2
|inactive|Battle timer is ON: inactive players will automatically lose when time's up. (requested by Stads)
|
|t:|1663682318
|move|p2a: Hydreigon|Nasty Plot|p2a: Hydreigon
|-boost|p2a: Hydreigon|spa|2
|move|p1a: Heatran|Toxic|p2a: Hydreigon
|-status|p2a: Hydreigon|tox
|
|-heal|p2a: Hydreigon|81/100 tox|[from] item: Leftovers
|-damage|p2a: Hydreigon|74/100 tox|[from] psn
|-damage|p2a: Hydreigon|62/100 tox|[from] move: Magma Storm|[partiallytrapped]
|upkeep
|turn|3
|
|t:|1663682329
|move|p1a: Heatran|Protect|p1a: Heatran
|-singleturn|p1a: Heatran|Protect
|move|p2a: Hydreigon|Dark Pulse|p1a: Heatran
|-activate|p1a: Heatran|move: Protect
|
|-heal|p2a: Hydreigon|68/100 tox|[from] item: Leftovers
|-damage|p2a: Hydreigon|56/100 tox|[from] psn
|-damage|p2a: Hydreigon|43/100 tox|[from] move: Magma Storm|[partiallytrapped]
|upkeep
|turn|4
|
|t:|1663682346
|switch|p1a: Tornadus|Tornadus-Therian, M|100/100
|move|p2a: Hydreigon|Earth Power|p1a: Tornadus
|-immune|p1a: Tornadus
|
|-heal|p2a: Hydreigon|49/100 tox|[from] item: Leftovers
|-damage|p2a: Hydreigon|31/100 tox|[from] psn
|-end|p2a: Hydreigon|Magma Storm|[partiallytrapped]|[silent]
|upkeep
|turn|5
|j| rlmuru
|j| sendpais
|c| rlmuru|>:O
|c| rlmuru|hydreigon!
|
|t:|1663682366
|switch|p2a: Zapdos|Zapdos|100/100
|move|p1a: Tornadus|U-turn|p2a: Zapdos
|-resisted|p2a: Zapdos
|-damage|p2a: Zapdos|93/100
|
|t:|1663682368
|switch|p1a: Hippowdon|Hippowdon, F|100/100|[from]move: U-turn
|-weather|Sandstorm|[from] ability: Sand Stream|[of] p1a: Hippowdon
|
|-weather|Sandstorm|[upkeep]
|-damage|p2a: Zapdos|87/100|[from] Sandstorm
|upkeep
|turn|6
|l| sendpais
|
|t:|1663682391
|switch|p2a: Hydreigon|Hydreigon, F|31/100 tox
|move|p1a: Hippowdon|Stealth Rock|p2a: Hydreigon
|-sidestart|p2: hypervortexreturns|move: Stealth Rock
|
|-weather|Sandstorm|[upkeep]
|-damage|p2a: Hydreigon|24/100 tox|[from] Sandstorm
|-heal|p2a: Hydreigon|31/100 tox|[from] item: Leftovers
|-damage|p2a: Hydreigon|24/100 tox|[from] psn
|upkeep
|turn|7
|l| rlmuru
|
|t:|1663682401
|switch|p1a: Tornadus|Tornadus-Therian, M|100/100
|move|p2a: Hydreigon|Roost|p2a: Hydreigon
|-heal|p2a: Hydreigon|74/100 tox
|-singleturn|p2a: Hydreigon|move: Roost
|
|-weather|Sandstorm|[upkeep]
|-damage|p1a: Tornadus|94/100|[from] Sandstorm
|-damage|p2a: Hydreigon|68/100 tox|[from] Sandstorm
|-heal|p2a: Hydreigon|74/100 tox|[from] item: Leftovers
|-damage|p2a: Hydreigon|62/100 tox|[from] psn
|upkeep
|turn|8
|
|t:|1663682413
|switch|p2a: Zapdos|Zapdos|87/100
|move|p1a: Tornadus|Knock Off|p2a: Zapdos
|-damage|p2a: Zapdos|67/100
|-enditem|p2a: Zapdos|Heavy-Duty Boots|[from] move: Knock Off|[of] p1a: Tornadus
|
|-weather|Sandstorm|[upkeep]
|-damage|p1a: Tornadus|88/100|[from] Sandstorm
|-damage|p2a: Zapdos|61/100|[from] Sandstorm
|upkeep
|turn|9
|j| sendpais
|
|t:|1663682426
|move|p1a: Tornadus|Heat Wave|p2a: Zapdos
|-damage|p2a: Zapdos|34/100
|move|p2a: Zapdos|Toxic|p1a: Tornadus
|-status|p1a: Tornadus|tox
|
|-weather|none
|-damage|p1a: Tornadus|82/100 tox|[from] psn
|upkeep
|turn|10
|
|t:|1663682435
|switch|p1a: Hippowdon|Hippowdon, F|100/100
|-weather|Sandstorm|[from] ability: Sand Stream|[of] p1a: Hippowdon
|move|p2a: Zapdos|Hurricane|p1a: Hippowdon
|-damage|p1a: Hippowdon|68/100
|
|-weather|Sandstorm|[upkeep]
|-damage|p2a: Zapdos|27/100|[from] Sandstorm
|-heal|p1a: Hippowdon|74/100|[from] item: Leftovers
|upkeep
|turn|11
|
|t:|1663682454
|switch|p2a: Tangrowth|Tangrowth, F|100/100
|-damage|p2a: Tangrowth|88/100|[from] Stealth Rock
|move|p1a: Hippowdon|Toxic|p2a: Tangrowth
|-status|p2a: Tangrowth|tox
|
|-weather|Sandstorm|[upkeep]
|-damage|p2a: Tangrowth|82/100 tox|[from] Sandstorm
|-heal|p1a: Hippowdon|80/100|[from] item: Leftovers
|-damage|p2a: Tangrowth|76/100 tox|[from] psn
|upkeep
|turn|12
|
|t:|1663682470
|switch|p1a: Tornadus|Tornadus-Therian, M|100/100 tox
|move|p2a: Tangrowth|Knock Off|p1a: Tornadus
|-crit|p1a: Tornadus
|-damage|p1a: Tornadus|53/100 tox
|-enditem|p1a: Tornadus|Assault Vest|[from] move: Knock Off|[of] p2a: Tangrowth
|
|-weather|Sandstorm|[upkeep]
|-damage|p1a: Tornadus|47/100 tox|[from] Sandstorm
|-damage|p2a: Tangrowth|70/100 tox|[from] Sandstorm
|-damage|p1a: Tornadus|40/100 tox|[from] psn
|-damage|p2a: Tangrowth|57/100 tox|[from] psn
|upkeep
|turn|13
|j| madmagi
|inactive|hypervortexreturns has 120 seconds left.
|j| Zombini62
|
|t:|1663682511
|switch|p2a: Zapdos|Zapdos|27/100
|-damage|p2a: Zapdos|2/100|[from] Stealth Rock
|move|p1a: Tornadus|U-turn|p2a: Zapdos
|-resisted|p2a: Zapdos
|-damage|p2a: Zapdos|0 fnt
|faint|p2a: Zapdos
|
|t:|1663682518
|switch|p1a: Hippowdon|Hippowdon, F|80/100|[from]move: U-turn
|
|-weather|Sandstorm|[upkeep]
|-heal|p1a: Hippowdon|87/100|[from] item: Leftovers
|upkeep
|inactive|hypervortexreturns has 90 seconds left.
|j| Arnaud senju vgc
|
|t:|1663682544
|switch|p2a: Hydreigon|Hydreigon, F|62/100 tox
|-damage|p2a: Hydreigon|49/100 tox|[from] Stealth Rock
|turn|14
|l| sendpais
|
|t:|1663682566
|switch|p1a: Tornadus|Tornadus-Therian, M|74/100 tox
|move|p2a: Hydreigon|Roost|p2a: Hydreigon
|-heal|p2a: Hydreigon|99/100 tox
|-singleturn|p2a: Hydreigon|move: Roost
|
|-weather|none
|-heal|p2a: Hydreigon|100/100 tox|[from] item: Leftovers
|-damage|p1a: Tornadus|67/100 tox|[from] psn
|-damage|p2a: Hydreigon|94/100 tox|[from] psn
|upkeep
|turn|15
|j| fearlessgod
|inactive|hypervortexreturns has 90 seconds left.
|j| guozi
|
|t:|1663682590
|switch|p2a: Tangrowth|Tangrowth, F|90/100 tox
|-damage|p2a: Tangrowth|78/100 tox|[from] Stealth Rock
|move|p1a: Tornadus|U-turn|p2a: Tangrowth
|-supereffective|p2a: Tangrowth
|-damage|p2a: Tangrowth|62/100 tox
|-damage|p1a: Tornadus|51/100 tox|[from] item: Rocky Helmet|[of] p2a: Tangrowth
|l| guozi
|
|t:|1663682594
|switch|p1a: Heatran|Heatran, F|100/100|[from]move: U-turn
|
|-damage|p2a: Tangrowth|55/100 tox|[from] psn
|upkeep
|turn|16
|
|t:|1663682611
|switch|p1a: Tornadus|Tornadus-Therian, M|84/100 tox
|switch|p2a: Hydreigon|Hydreigon, F|94/100 tox
|-damage|p2a: Hydreigon|82/100 tox|[from] Stealth Rock
|
|-heal|p2a: Hydreigon|88/100 tox|[from] item: Leftovers
|-damage|p1a: Tornadus|78/100 tox|[from] psn
|-damage|p2a: Hydreigon|82/100 tox|[from] psn
|upkeep
|turn|17
|
|t:|1663682627
|switch|p2a: Excadrill|Excadrill, M|100/100
|-damage|p2a: Excadrill|97/100|[from] Stealth Rock
|-ability|p2a: Excadrill|Mold Breaker
|move|p1a: Tornadus|U-turn|p2a: Excadrill
|-resisted|p2a: Excadrill
|-damage|p2a: Excadrill|87/100
|
|t:|1663682629
|switch|p1a: Corviknight|Corviknight, M|100/100|[from]move: U-turn
|-ability|p1a: Corviknight|Pressure
|
|-heal|p2a: Excadrill|94/100|[from] item: Leftovers
|upkeep
|turn|18
|l| nightsujiu
|
|t:|1663682645
|move|p2a: Excadrill|Stealth Rock|p1a: Corviknight
|-sidestart|p1: Stads|move: Stealth Rock
|move|p1a: Corviknight|Body Press|p2a: Excadrill
|-supereffective|p2a: Excadrill
|-damage|p2a: Excadrill|25/100
|
|-heal|p2a: Excadrill|31/100|[from] item: Leftovers
|upkeep
|turn|19
|l| fearlessgod
|
|t:|1663682662
|switch|p2a: Azumarill|Azumarill, F|100/100
|-damage|p2a: Azumarill|88/100|[from] Stealth Rock
|move|p1a: Corviknight|U-turn|p2a: Azumarill
|-resisted|p2a: Azumarill
|-damage|p2a: Azumarill|80/100
|
|t:|1663682665
|switch|p1a: Kartana|Kartana|100/100|[from]move: U-turn
|-damage|p1a: Kartana|94/100|[from] Stealth Rock
|
|upkeep
|turn|20
|
|t:|1663682675
|switch|p2a: Tangrowth|Tangrowth, F|89/100 tox
|-damage|p2a: Tangrowth|76/100 tox|[from] Stealth Rock
|move|p1a: Kartana|Knock Off|p2a: Tangrowth
|-damage|p2a: Tangrowth|51/100 tox
|-damage|p1a: Kartana|78/100|[from] item: Rocky Helmet|[of] p2a: Tangrowth
|-enditem|p2a: Tangrowth|Rocky Helmet|[from] move: Knock Off|[of] p1a: Kartana
|
|-damage|p2a: Tangrowth|45/100 tox|[from] psn
|upkeep
|turn|21
|
|t:|1663682689
|switch|p1a: Toxapex|Toxapex, M|100/100
|-damage|p1a: Toxapex|88/100|[from] Stealth Rock
|move|p2a: Tangrowth|Sleep Powder|p1a: Toxapex
|-status|p1a: Toxapex|slp|[from] move: Sleep Powder
|
|-damage|p2a: Tangrowth|33/100 tox|[from] psn
|upkeep
|turn|22
|inactive|hypervortexreturns has 60 seconds left.
|
|t:|1663682710
|switch|p2a: Azumarill|Azumarill, F|80/100
|-damage|p2a: Azumarill|68/100|[from] Stealth Rock
|cant|p1a: Toxapex|slp
|
|upkeep
|turn|23
|
|t:|1663682718
|move|p2a: Azumarill|Belly Drum|p2a: Azumarill
|-damage|p2a: Azumarill|18/100
|-setboost|p2a: Azumarill|atk|6|[from] move: Belly Drum
|-enditem|p2a: Azumarill|Sitrus Berry|[eat]
|-heal|p2a: Azumarill|43/100|[from] item: Sitrus Berry
|cant|p1a: Toxapex|slp
|
|upkeep
|turn|24
|j| htrfy6cx
|
|t:|1663682728
|move|p2a: Azumarill|Knock Off|p1a: Toxapex
|-damage|p1a: Toxapex|0 fnt
|-enditem|p1a: Toxapex|Shed Shell|[from] move: Knock Off|[of] p2a: Azumarill
|faint|p1a: Toxapex
|
|upkeep
|
|t:|1663682731
|switch|p1a: Kartana|Kartana|78/100
|-damage|p1a: Kartana|72/100|[from] Stealth Rock
|turn|25
|
|t:|1663682739
|move|p2a: Azumarill|Aqua Jet|p1a: Kartana
|-resisted|p1a: Kartana
|-damage|p1a: Kartana|17/100
|move|p1a: Kartana|Smart Strike|p2a: Azumarill
|-damage|p2a: Azumarill|0 fnt
|faint|p2a: Azumarill
|-ability|p1a: Kartana|Beast Boost|boost
|-boost|p1a: Kartana|atk|1
|
|upkeep
|
|t:|1663682753
|switch|p2a: Corviknight|Corviknight, F|100/100
|-damage|p2a: Corviknight|88/100|[from] Stealth Rock
|-ability|p2a: Corviknight|Pressure
|turn|26
|l| htrfy6cx
|
|t:|1663682770
|switch|p1a: Hippowdon|Hippowdon, F|87/100
|-damage|p1a: Hippowdon|80/100|[from] Stealth Rock
|-weather|Sandstorm|[from] ability: Sand Stream|[of] p1a: Hippowdon
|move|p2a: Corviknight|Roost|p2a: Corviknight
|-heal|p2a: Corviknight|100/100
|-singleturn|p2a: Corviknight|move: Roost
|
|-weather|Sandstorm|[upkeep]
|-heal|p1a: Hippowdon|87/100|[from] item: Leftovers
|upkeep
|turn|27
|
|t:|1663682783
|switch|p1a: Corviknight|Corviknight, M|100/100
|-damage|p1a: Corviknight|88/100|[from] Stealth Rock
|-ability|p1a: Corviknight|Pressure
|move|p2a: Corviknight|Taunt|p1a: Corviknight
|-start|p1a: Corviknight|move: Taunt
|
|-weather|Sandstorm|[upkeep]
|-heal|p1a: Corviknight|94/100|[from] item: Leftovers
|upkeep
|turn|28
|inactive|hypervortexreturns has 60 seconds left.
|
|t:|1663682806
|move|p2a: Corviknight|Bulk Up|p2a: Corviknight
|-boost|p2a: Corviknight|atk|1
|-boost|p2a: Corviknight|def|1
|move|p1a: Corviknight|U-turn|p2a: Corviknight
|-resisted|p2a: Corviknight
|-damage|p2a: Corviknight|98/100
|
|t:|1663682808
|switch|p1a: Heatran|Heatran, F|100/100|[from]move: U-turn
|-damage|p1a: Heatran|88/100|[from] Stealth Rock
|
|-weather|Sandstorm|[upkeep]
|-heal|p1a: Heatran|94/100|[from] item: Leftovers
|-heal|p2a: Corviknight|100/100|[from] item: Leftovers
|upkeep
|turn|29
|inactive|hypervortexreturns has 60 seconds left.
|
|t:|1663682833
|switch|p2a: Hydreigon|Hydreigon, F|82/100 tox
|-damage|p2a: Hydreigon|69/100 tox|[from] Stealth Rock
|move|p1a: Heatran|Taunt|p2a: Hydreigon
|-start|p2a: Hydreigon|move: Taunt
|
|-weather|Sandstorm|[upkeep]
|-damage|p2a: Hydreigon|63/100 tox|[from] Sandstorm
|-heal|p2a: Hydreigon|69/100 tox|[from] item: Leftovers
|-heal|p1a: Heatran|100/100|[from] item: Leftovers
|-damage|p2a: Hydreigon|63/100 tox|[from] psn
|upkeep
|turn|30
|
|t:|1663682859
|switch|p2a: Excadrill|Excadrill, M|31/100
|-damage|p2a: Excadrill|28/100|[from] Stealth Rock
|-ability|p2a: Excadrill|Mold Breaker
|move|p1a: Heatran|Protect||[still]
|-fail|p1a: Heatran
|
|-weather|none
|-heal|p2a: Excadrill|34/100|[from] item: Leftovers
|upkeep
|turn|31
|inactive|hypervortexreturns has 30 seconds left.
|inactive|hypervortexreturns has 20 seconds left.
|
|t:|1663682885
|switch|p2a: Tangrowth|Tangrowth, F|66/100 tox
|-damage|p2a: Tangrowth|54/100 tox|[from] Stealth Rock
|switch|p1a: Corviknight|Corviknight, M|94/100
|-damage|p1a: Corviknight|82/100|[from] Stealth Rock
|-ability|p1a: Corviknight|Pressure
|
|-heal|p1a: Corviknight|88/100|[from] item: Leftovers
|-damage|p2a: Tangrowth|48/100 tox|[from] psn
|upkeep
|turn|32
|inactive|hypervortexreturns has 30 seconds left this turn.
|inactive|hypervortexreturns has 20 seconds left.
|inactive|hypervortexreturns has 15 seconds left.
|
|t:|1663682901
|switch|p2a: Corviknight|Corviknight, F|100/100
|-damage|p2a: Corviknight|88/100|[from] Stealth Rock
|-ability|p2a: Corviknight|Pressure
|move|p1a: Corviknight|Defog|p2a: Corviknight
|-unboost|p2a: Corviknight|evasion|1
|-sideend|p2: hypervortexreturns|Stealth Rock|[from] move: Defog|[of] p1a: Corviknight
|-sideend|p1: Stads|Stealth Rock|[from] move: Defog|[of] p1a: Corviknight
|
|-heal|p2a: Corviknight|94/100|[from] item: Leftovers
|-heal|p1a: Corviknight|94/100|[from] item: Leftovers
|upkeep
|turn|33
|inactive|hypervortexreturns has 25 seconds left this turn.
|inactive|hypervortexreturns has 20 seconds left.
|inactive|hypervortexreturns has 15 seconds left.
|inactive|hypervortexreturns has 10 seconds left.
|
|t:|1663682917
|switch|p2a: Tangrowth|Tangrowth, F|81/100 tox
|move|p1a: Corviknight|U-turn|p2a: Tangrowth
|-supereffective|p2a: Tangrowth
|-crit|p2a: Tangrowth
|-damage|p2a: Tangrowth|57/100 tox
|inactive|hypervortexreturns has 15 seconds left this turn.
|
|t:|1663682919
|switch|p1a: Heatran|Heatran, F|100/100|[from]move: U-turn
|
|-damage|p2a: Tangrowth|51/100 tox|[from] psn
|upkeep
|turn|34
|inactive|hypervortexreturns has 25 seconds left this turn.
|inactive|hypervortexreturns has 20 seconds left.
|inactive|hypervortexreturns has 15 seconds left.
|
|t:|1663682931
|move|p1a: Heatran|Magma Storm|p2a: Tangrowth
|-supereffective|p2a: Tangrowth
|-damage|p2a: Tangrowth|0 fnt
|faint|p2a: Tangrowth
|
|upkeep
|inactive|hypervortexreturns has 20 seconds left this turn.
|j| 87tw
|inactive|hypervortexreturns has 15 seconds left.
|
|t:|1663682939
|switch|p2a: Excadrill|Excadrill, M|34/100
|-ability|p2a: Excadrill|Mold Breaker
|turn|35
|inactive|hypervortexreturns has 25 seconds left this turn.
|inactive|hypervortexreturns has 20 seconds left.
|
|t:|1663682944
|switch|p1a: Corviknight|Corviknight, M|94/100
|-ability|p1a: Corviknight|Pressure
|move|p2a: Excadrill|Stealth Rock|p1a: Corviknight
|-sidestart|p1: Stads|move: Stealth Rock
|
|-heal|p2a: Excadrill|40/100|[from] item: Leftovers
|-heal|p1a: Corviknight|100/100|[from] item: Leftovers
|upkeep
|turn|36
|inactive|hypervortexreturns has 30 seconds left this turn.
|inactive|hypervortexreturns has 20 seconds left.
|
|t:|1663682954
|switch|p2a: Corviknight|Corviknight, F|94/100
|-ability|p2a: Corviknight|Pressure
|move|p1a: Corviknight|Defog|p2a: Corviknight
|-unboost|p2a: Corviknight|evasion|1
|-sideend|p1: Stads|Stealth Rock|[from] move: Defog|[of] p1a: Corviknight
|
|-heal|p2a: Corviknight|100/100|[from] item: Leftovers
|upkeep
|turn|37
|inactive|hypervortexreturns has 30 seconds left this turn.
|inactive|hypervortexreturns has 20 seconds left.
|
|t:|1663682965
|switch|p2a: Excadrill|Excadrill, M|40/100
|-ability|p2a: Excadrill|Mold Breaker
|move|p1a: Corviknight|U-turn|p2a: Excadrill
|-resisted|p2a: Excadrill
|-damage|p2a: Excadrill|30/100
|inactive|hypervortexreturns has 25 seconds left this turn.
|
|t:|1663682967
|switch|p1a: Tornadus|Tornadus-Therian, M|100/100 tox|[from]move: U-turn
|
|-heal|p2a: Excadrill|36/100|[from] item: Leftovers
|-damage|p1a: Tornadus|94/100 tox|[from] psn
|upkeep
|turn|38
|inactive|hypervortexreturns has 30 seconds left.
|
|t:|1663682978
|move|p1a: Tornadus|Heat Wave|p2a: Excadrill
|-supereffective|p2a: Excadrill
|-damage|p2a: Excadrill|0 fnt
|faint|p2a: Excadrill
|
|-damage|p1a: Tornadus|82/100 tox|[from] psn
|upkeep
|inactive|hypervortexreturns has 30 seconds left this turn.
|j| nightsujiu
|
|t:|1663682986
|switch|p2a: Corviknight|Corviknight, F|100/100
|-ability|p2a: Corviknight|Pressure
|turn|39
|inactive|hypervortexreturns has 30 seconds left.
|l| Arnaud senju vgc
|
|t:|1663682993
|move|p1a: Tornadus|Knock Off|p2a: Corviknight
|-damage|p2a: Corviknight|84/100
|-enditem|p2a: Corviknight|Leftovers|[from] move: Knock Off|[of] p1a: Tornadus
|move|p2a: Corviknight|Bulk Up|p2a: Corviknight
|-boost|p2a: Corviknight|atk|1
|-boost|p2a: Corviknight|def|1
|
|-damage|p1a: Tornadus|63/100 tox|[from] psn
|upkeep
|turn|40
|j| Arnaud senju vgc
|inactive|hypervortexreturns has 30 seconds left.
|
|t:|1663683003
|move|p1a: Tornadus|Heat Wave|p2a: Corviknight
|-supereffective|p2a: Corviknight
|-damage|p2a: Corviknight|45/100
|move|p2a: Corviknight|Bulk Up|p2a: Corviknight
|-boost|p2a: Corviknight|atk|1
|-boost|p2a: Corviknight|def|1
|
|-damage|p1a: Tornadus|39/100 tox|[from] psn
|upkeep
|turn|41
|
|t:|1663683013
|move|p1a: Tornadus|U-turn|p2a: Corviknight
|-resisted|p2a: Corviknight
|-damage|p2a: Corviknight|44/100
|
|t:|1663683015
|switch|p1a: Heatran|Heatran, F|100/100|[from]move: U-turn
|move|p2a: Corviknight|Roost|p2a: Corviknight
|-heal|p2a: Corviknight|94/100
|-singleturn|p2a: Corviknight|move: Roost
|
|upkeep
|turn|42
|
|t:|1663683023
|move|p1a: Heatran|Magma Storm|p2a: Corviknight
|-supereffective|p2a: Corviknight
|-damage|p2a: Corviknight|29/100
|-activate|p2a: Corviknight|move: Magma Storm|[of] p1a: Heatran
|move|p2a: Corviknight|Brave Bird|p1a: Heatran
|-resisted|p1a: Heatran
|-damage|p1a: Heatran|70/100
|-damage|p2a: Corviknight|19/100|[from] Recoil
|
|-heal|p1a: Heatran|76/100|[from] item: Leftovers
|-damage|p2a: Corviknight|7/100|[from] move: Magma Storm|[partiallytrapped]
|upkeep
|turn|43
|l| Arnaud senju vgc
|
|t:|1663683036
|move|p1a: Heatran|Taunt|p2a: Corviknight
|-start|p2a: Corviknight|move: Taunt
|move|p2a: Corviknight|Brave Bird|p1a: Heatran
|-resisted|p1a: Heatran
|-damage|p1a: Heatran|44/100
|-damage|p2a: Corviknight|0 fnt|[from] Recoil
|faint|p2a: Corviknight
|
|-heal|p1a: Heatran|50/100|[from] item: Leftovers
|upkeep
|c|☆Stads|GG
|
|t:|1663683048
|switch|p2a: Hydreigon|Hydreigon, F|63/100 tox
|turn|44
|
|t:|1663683059
|switch|p1a: Hippowdon|Hippowdon, F|87/100
|-weather|Sandstorm|[from] ability: Sand Stream|[of] p1a: Hippowdon
|move|p2a: Hydreigon|Nasty Plot|p2a: Hydreigon
|-boost|p2a: Hydreigon|spa|2
|
|-weather|Sandstorm|[upkeep]
|-damage|p2a: Hydreigon|57/100 tox|[from] Sandstorm
|-heal|p2a: Hydreigon|63/100 tox|[from] item: Leftovers
|-heal|p1a: Hippowdon|93/100|[from] item: Leftovers
|-damage|p2a: Hydreigon|57/100 tox|[from] psn
|upkeep
|turn|45
|c| BabyPigsAreLaughin|This was brutal.
|
|t:|1663683072
|move|p2a: Hydreigon|Dark Pulse|p1a: Hippowdon
|-damage|p1a: Hippowdon|45/100
|move|p1a: Hippowdon|Slack Off|p1a: Hippowdon
|-heal|p1a: Hippowdon|95/100
|
|-weather|Sandstorm|[upkeep]
|-damage|p2a: Hydreigon|50/100 tox|[from] Sandstorm
|-heal|p2a: Hydreigon|57/100 tox|[from] item: Leftovers
|-heal|p1a: Hippowdon|100/100|[from] item: Leftovers
|-damage|p2a: Hydreigon|44/100 tox|[from] psn
|upkeep
|turn|46
|inactive|hypervortexreturns has 30 seconds left.
|inactive|hypervortexreturns has 20 seconds left.
|inactive|hypervortexreturns has 15 seconds left.
|inactive|hypervortexreturns has 10 seconds left.
|j| Iphone312
|inactive|hypervortexreturns has 5 seconds left.
|c|☆Stads|Brutal?
|-message|hypervortexreturns lost due to inactivity.
|
|win|Stads
|raw|Stads's rating: 1787 &rarr; <strong>1815</strong><br />(+28 for winning)
|raw|hypervortexreturns's rating: 1928 &rarr; <strong>1900</strong><br />(-28 for losing)
|j| sendpais
|l| madmagi
||Ladder isn't responding, score probably updated but might not have (Request timeout).
|l| 87tw
|l| nightsujiu
|l| sendpais
|l|☆Stads
|l| BabyPigsAreLaughin
