|j|☆Raimei Hakkei 2
|j|☆Gieros
|t:|1667595100
|gametype|singles
|player|p1|Raimei Hakkei 2|2|1683
|player|p2|Gieros|hexmaniac-gen6|1680
|teamsize|p1|6
|teamsize|p2|6
|gen|8
|tier|[Gen 8] OU
|rated|
|rule|Sleep Clause Mod: Limit one foe put to sleep
|rule|Species Clause: Limit one of each Pokémon
|rule|OHKO Clause: OHKO moves are banned
|rule|Evasion Items Clause: Evasion items are banned
|rule|Evasion Moves Clause: Evasion moves are banned
|rule|Endless Battle Clause: Forcing endless battles is banned
|rule|HP Percentage Mod: HP is shown in percentages
|rule|Dynamax Clause: You cannot dynamax
|clearpoke
|poke|p1|Landorus-Therian, M|
|poke|p1|Urshifu-*, M|
|poke|p1|Dragonite, F|
|poke|p1|Tyrantrum, M|
|poke|p1|Aegislash, F|
|poke|p1|Chansey, F|
|poke|p2|Regidrago|
|poke|p2|Jirachi|
|poke|p2|Landorus-Therian, M|
|poke|p2|Ferrothorn, M|
|poke|p2|Kommo-o, M|
|poke|p2|Tapu Lele|
|teampreview
|inactive|Battle timer is ON: inactive players will automatically lose when time's up. (requested by Raimei Hakkei 2)
|j| intai+frnds
|
|t:|1667595109
|start
|switch|p1a: Death Destroyer|Aegislash, F|100/100
|switch|p2a: Ferrothorn|Ferrothorn, M|100/100
|turn|1
|
|t:|1667595112
|switch|p1a: Raging Drunk|Landorus-Therian, M|100/100
|-ability|p1a: Raging Drunk|Intimidate|boost
|-unboost|p2a: Ferrothorn|atk|1
|move|p2a: Ferrothorn|Stealth Rock|p1a: Raging Drunk
|-sidestart|p1: Raimei Hakkei 2|move: Stealth Rock
|
|upkeep
|turn|2
|
|t:|1667595117
|move|p1a: Raging Drunk|Knock Off|p2a: Ferrothorn
|-damage|p2a: Ferrothorn|82/100
|-damage|p1a: Raging Drunk|88/100|[from] ability: Iron Barbs|[of] p2a: Ferrothorn
|-enditem|p2a: Ferrothorn|Leftovers|[from] move: Knock Off|[of] p1a: Raging Drunk
|move|p2a: Ferrothorn|Knock Off|p1a: Raging Drunk
|-damage|p1a: Raging Drunk|78/100
|-enditem|p1a: Raging Drunk|Lum Berry|[from] move: Knock Off|[of] p2a: Ferrothorn
|
|upkeep
|turn|3
|
|t:|1667595120
|move|p1a: Raging Drunk|Stealth Rock|p2a: Ferrothorn
|-sidestart|p2: Gieros|move: Stealth Rock
|move|p2a: Ferrothorn|Leech Seed|p1a: Raging Drunk|[miss]
|-miss|p2a: Ferrothorn|p1a: Raging Drunk
|
|upkeep
|turn|4
|
|t:|1667595123
|move|p1a: Raging Drunk|Earth Power|p2a: Ferrothorn
|-damage|p2a: Ferrothorn|55/100
|-unboost|p2a: Ferrothorn|spd|1
|move|p2a: Ferrothorn|Leech Seed|p1a: Raging Drunk
|-start|p1a: Raging Drunk|move: Leech Seed
|
|-damage|p1a: Raging Drunk|65/100|[from] Leech Seed|[of] p2a: Ferrothorn
|-heal|p2a: Ferrothorn|68/100|[silent]
|upkeep
|turn|5
|
|t:|1667595128
|move|p1a: Raging Drunk|Earth Power|p2a: Ferrothorn
|-damage|p2a: Ferrothorn|26/100
|move|p2a: Ferrothorn|Leech Seed||[still]
|-fail|p2a: Ferrothorn
|
|-damage|p1a: Raging Drunk|53/100|[from] Leech Seed|[of] p2a: Ferrothorn
|-heal|p2a: Ferrothorn|39/100|[silent]
|upkeep
|turn|6
|
|t:|1667595132
|switch|p2a: Landorus|Landorus-Therian, M|100/100
|-damage|p2a: Landorus|88/100|[from] Stealth Rock
|-ability|p2a: Landorus|Intimidate|boost
|-unboost|p1a: Raging Drunk|atk|1
|move|p1a: Raging Drunk|Knock Off|p2a: Landorus
|-damage|p2a: Landorus|70/100
|-enditem|p2a: Landorus|Leftovers|[from] move: Knock Off|[of] p1a: Raging Drunk
|
|-damage|p1a: Raging Drunk|41/100|[from] Leech Seed|[of] p2a: Landorus
|-heal|p2a: Landorus|82/100|[silent]
|upkeep
|turn|7
|
|t:|1667595134
|switch|p1a: Flirty Drunk|Chansey, F|100/100
|-damage|p1a: Flirty Drunk|88/100|[from] Stealth Rock
|move|p2a: Landorus|U-turn|p1a: Flirty Drunk
|-damage|p1a: Flirty Drunk|74/100
|
|t:|1667595139
|switch|p2a: Jirachi|Jirachi|100/100|[from]move: U-turn
|-damage|p2a: Jirachi|94/100|[from] Stealth Rock
|
|-heal|p2a: Jirachi|100/100|[from] item: Leftovers
|upkeep
|turn|8
|
|t:|1667595141
|move|p2a: Jirachi|Iron Head|p1a: Flirty Drunk
|-damage|p1a: Flirty Drunk|57/100
|cant|p1a: Flirty Drunk|flinch
|
|upkeep
|turn|9
|
|t:|1667595145
|move|p2a: Jirachi|Iron Head|p1a: Flirty Drunk
|-damage|p1a: Flirty Drunk|39/100
|cant|p1a: Flirty Drunk|flinch
|
|upkeep
|turn|10
|
|t:|1667595148
|move|p2a: Jirachi|Iron Head|p1a: Flirty Drunk
|-damage|p1a: Flirty Drunk|22/100
|cant|p1a: Flirty Drunk|flinch
|
|upkeep
|turn|11
|
|t:|1667595150
|move|p2a: Jirachi|Iron Head|p1a: Flirty Drunk
|-damage|p1a: Flirty Drunk|5/100
|move|p1a: Flirty Drunk|Soft-Boiled|p1a: Flirty Drunk
|-heal|p1a: Flirty Drunk|55/100
|
|upkeep
|turn|12
|
|t:|1667595152
|move|p2a: Jirachi|Iron Head|p1a: Flirty Drunk
|-damage|p1a: Flirty Drunk|38/100
|move|p1a: Flirty Drunk|Soft-Boiled|p1a: Flirty Drunk
|-heal|p1a: Flirty Drunk|88/100
|
|upkeep
|turn|13
|
|t:|1667595154
|switch|p1a: Raging Drunk|Landorus-Therian, M|41/100
|-damage|p1a: Raging Drunk|29/100|[from] Stealth Rock
|-ability|p1a: Raging Drunk|Intimidate|boost
|-unboost|p2a: Jirachi|atk|1
|move|p2a: Jirachi|Iron Head|p1a: Raging Drunk
|-damage|p1a: Raging Drunk|15/100
|
|upkeep
|turn|14
|
|t:|1667595160
|move|p2a: Jirachi|Iron Head|p1a: Raging Drunk
|-crit|p1a: Raging Drunk
|-damage|p1a: Raging Drunk|0 fnt
|faint|p1a: Raging Drunk
|
|upkeep
|
|t:|1667595163
|switch|p1a: Death Destroyer|Aegislash, F|100/100
|-damage|p1a: Death Destroyer|94/100|[from] Stealth Rock
|turn|15
|
|t:|1667595168
|switch|p2a: Landorus|Landorus-Therian, M|82/100
|-damage|p2a: Landorus|70/100|[from] Stealth Rock
|-ability|p2a: Landorus|Intimidate|boost
|-unboost|p1a: Death Destroyer|atk|1
|-formechange|p1a: Death Destroyer|Aegislash-Blade||[from] ability: Stance Change
|move|p1a: Death Destroyer|Close Combat|p2a: Landorus
|-resisted|p2a: Landorus
|-damage|p2a: Landorus|57/100
|-unboost|p1a: Death Destroyer|def|1
|-unboost|p1a: Death Destroyer|spd|1
|
|upkeep
|turn|16
|
|t:|1667595173
|switch|p1a: Thieving Drunk|Dragonite, F|100/100
|move|p2a: Landorus|U-turn|p1a: Thieving Drunk
|-resisted|p1a: Thieving Drunk
|-damage|p1a: Thieving Drunk|95/100
|
|t:|1667595176
|switch|p2a: Tapu Lele|Tapu Lele|100/100|[from]move: U-turn
|-damage|p2a: Tapu Lele|88/100|[from] Stealth Rock
|-fieldstart|move: Psychic Terrain|[from] ability: Psychic Surge|[of] p2a: Tapu Lele
|
|upkeep
|turn|17
|
|t:|1667595182
|switch|p1a: Flirty Drunk|Chansey, F|88/100
|-damage|p1a: Flirty Drunk|75/100|[from] Stealth Rock
|move|p2a: Tapu Lele|Psyshock|p1a: Flirty Drunk
|-damage|p1a: Flirty Drunk|40/100
|
|upkeep
|turn|18
|
|t:|1667595188
|switch|p2a: Jirachi|Jirachi|100/100
|-damage|p2a: Jirachi|94/100|[from] Stealth Rock
|move|p1a: Flirty Drunk|Soft-Boiled|p1a: Flirty Drunk
|-heal|p1a: Flirty Drunk|90/100
|
|-heal|p2a: Jirachi|100/100|[from] item: Leftovers
|upkeep
|turn|19
|
|t:|1667595191
|switch|p1a: Death Destroyer|Aegislash, F|94/100
|-damage|p1a: Death Destroyer|88/100|[from] Stealth Rock
|move|p2a: Jirachi|Doom Desire|p1a: Death Destroyer
|-start|p2a: Jirachi|Doom Desire
|
|upkeep
|turn|20
|
|t:|1667595204
|move|p2a: Jirachi|Iron Head|p1a: Death Destroyer
|-resisted|p1a: Death Destroyer
|-damage|p1a: Death Destroyer|74/100
|cant|p1a: Death Destroyer|flinch
|
|-fieldend|move: Psychic Terrain
|upkeep
|turn|21
|
|t:|1667595210
|switch|p2a: Kommo-o|Kommo-o, M|100/100
|-damage|p2a: Kommo-o|94/100|[from] Stealth Rock
|move|p1a: Death Destroyer|King's Shield||[still]
|-fail|p1a: Death Destroyer
|
|-end|p1a: Death Destroyer|move: Doom Desire
|-resisted|p1a: Death Destroyer
|-damage|p1a: Death Destroyer|46/100
|upkeep
|turn|22
|
|t:|1667595224
|switch|p2a: Landorus|Landorus-Therian, M|57/100
|-damage|p2a: Landorus|44/100|[from] Stealth Rock
|-ability|p2a: Landorus|Intimidate|boost
|-unboost|p1a: Death Destroyer|atk|1
|switch|p1a: Thieving Drunk|Dragonite, F|95/100
|
|upkeep
|turn|23
|
|t:|1667595227
|move|p1a: Thieving Drunk|Dual Wingbeat|p2a: Landorus
|-damage|p2a: Landorus|25/100
|-damage|p2a: Landorus|3/100
|-hitcount|p2a: Landorus|2
|move|p2a: Landorus|Toxic|p1a: Thieving Drunk
|-status|p1a: Thieving Drunk|tox
|
|-damage|p1a: Thieving Drunk|89/100 tox|[from] psn
|upkeep
|turn|24
|
|t:|1667595237
|switch|p2a: Ferrothorn|Ferrothorn, M|39/100
|-damage|p2a: Ferrothorn|33/100|[from] Stealth Rock
|move|p1a: Thieving Drunk|Dragon Dance|p1a: Thieving Drunk
|-boost|p1a: Thieving Drunk|atk|1
|-boost|p1a: Thieving Drunk|spe|1
|
|-damage|p1a: Thieving Drunk|76/100 tox|[from] psn
|upkeep
|turn|25
|
|t:|1667595247
|move|p1a: Thieving Drunk|Earthquake|p2a: Ferrothorn
|-damage|p2a: Ferrothorn|2/100
|move|p2a: Ferrothorn|Knock Off|p1a: Thieving Drunk
|-damage|p1a: Thieving Drunk|52/100 tox
|-enditem|p1a: Thieving Drunk|Heavy-Duty Boots|[from] move: Knock Off|[of] p2a: Ferrothorn
|
|-damage|p1a: Thieving Drunk|33/100 tox|[from] psn
|upkeep
|turn|26
|
|t:|1667595252
|move|p1a: Thieving Drunk|Earthquake|p2a: Ferrothorn
|-damage|p2a: Ferrothorn|0 fnt
|faint|p2a: Ferrothorn
|
|-damage|p1a: Thieving Drunk|8/100 tox|[from] psn
|upkeep
|
|t:|1667595257
|switch|p2a: Tapu Lele|Tapu Lele|88/100
|-damage|p2a: Tapu Lele|76/100|[from] Stealth Rock
|-fieldstart|move: Psychic Terrain|[from] ability: Psychic Surge|[of] p2a: Tapu Lele
|turn|27
|
|t:|1667595260
|switch|p1a: Flirty Drunk|Chansey, F|90/100
|-damage|p1a: Flirty Drunk|77/100|[from] Stealth Rock
|move|p2a: Tapu Lele|Moonblast|p1a: Flirty Drunk
|-damage|p1a: Flirty Drunk|62/100
|
|upkeep
|turn|28
|
|t:|1667595265
|switch|p2a: Landorus|Landorus-Therian, M|3/100
|-damage|p2a: Landorus|0 fnt|[from] Stealth Rock
|faint|p2a: Landorus
|move|p1a: Flirty Drunk|Soft-Boiled|p1a: Flirty Drunk
|-heal|p1a: Flirty Drunk|100/100
|
|upkeep
|
|t:|1667595270
|switch|p2a: Jirachi|Jirachi|100/100
|-damage|p2a: Jirachi|94/100|[from] Stealth Rock
|turn|29
|
|t:|1667595279
|switch|p1a: Gundari: Ryuseigun|Urshifu-Rapid-Strike, M|100/100
|-damage|p1a: Gundari: Ryuseigun|94/100|[from] Stealth Rock
|move|p2a: Jirachi|Thunder|p1a: Gundari: Ryuseigun
|-supereffective|p1a: Gundari: Ryuseigun
|-damage|p1a: Gundari: Ryuseigun|0 fnt
|faint|p1a: Gundari: Ryuseigun
|
|-heal|p2a: Jirachi|100/100|[from] item: Leftovers
|upkeep
|
|t:|1667595283
|switch|p1a: Flirty Drunk|Chansey, F|100/100
|-damage|p1a: Flirty Drunk|88/100|[from] Stealth Rock
|turn|30
|
|t:|1667595286
|move|p2a: Jirachi|Iron Head|p1a: Flirty Drunk
|-damage|p1a: Flirty Drunk|71/100
|cant|p1a: Flirty Drunk|flinch
|
|upkeep
|turn|31
|
|t:|1667595289
|move|p2a: Jirachi|Iron Head|p1a: Flirty Drunk
|-damage|p1a: Flirty Drunk|54/100
|cant|p1a: Flirty Drunk|flinch
|
|-fieldend|move: Psychic Terrain
|upkeep
|turn|32
|
|t:|1667595291
|move|p2a: Jirachi|Iron Head|p1a: Flirty Drunk
|-damage|p1a: Flirty Drunk|37/100
|cant|p1a: Flirty Drunk|flinch
|
|upkeep
|turn|33
|
|t:|1667595293
|move|p2a: Jirachi|Iron Head|p1a: Flirty Drunk
|-damage|p1a: Flirty Drunk|20/100
|cant|p1a: Flirty Drunk|flinch
|
|upkeep
|turn|34
|
|t:|1667595296
|move|p2a: Jirachi|Iron Head|p1a: Flirty Drunk
|-damage|p1a: Flirty Drunk|2/100
|move|p1a: Flirty Drunk|Soft-Boiled|p1a: Flirty Drunk
|-heal|p1a: Flirty Drunk|52/100
|
|upkeep
|turn|35
|
|t:|1667595299
|move|p2a: Jirachi|Iron Head|p1a: Flirty Drunk
|-damage|p1a: Flirty Drunk|33/100
|cant|p1a: Flirty Drunk|flinch
|
|upkeep
|turn|36
|
|t:|1667595301
|move|p2a: Jirachi|Iron Head|p1a: Flirty Drunk
|-damage|p1a: Flirty Drunk|16/100
|cant|p1a: Flirty Drunk|flinch
|
|upkeep
|turn|37
|
|t:|1667595303
|move|p2a: Jirachi|Iron Head|p1a: Flirty Drunk
|-damage|p1a: Flirty Drunk|0 fnt
|faint|p1a: Flirty Drunk
|
|upkeep
|
|t:|1667595308
|switch|p1a: Horai Hakke|Tyrantrum, M|100/100
|-damage|p1a: Horai Hakke|88/100|[from] Stealth Rock
|turn|38
|
|t:|1667595313
|move|p2a: Jirachi|Iron Head|p1a: Horai Hakke
|-supereffective|p1a: Horai Hakke
|-damage|p1a: Horai Hakke|38/100
|move|p1a: Horai Hakke|Earthquake|p2a: Jirachi
|-supereffective|p2a: Jirachi
|-damage|p2a: Jirachi|0 fnt
|faint|p2a: Jirachi
|
|upkeep
|
|t:|1667595324
|switch|p2a: Regidrago|Regidrago|100/100
|-damage|p2a: Regidrago|88/100|[from] Stealth Rock
|turn|39
|
|t:|1667595326
|move|p2a: Regidrago|Dragon Energy|p1a: Horai Hakke
|-supereffective|p1a: Horai Hakke
|-damage|p1a: Horai Hakke|0 fnt
|faint|p1a: Horai Hakke
|
|upkeep
|
|t:|1667595328
|switch|p1a: Death Destroyer|Aegislash, F|46/100
|-damage|p1a: Death Destroyer|40/100|[from] Stealth Rock
|turn|40
|
|t:|1667595330
|move|p1a: Death Destroyer|King's Shield|p1a: Death Destroyer
|-singleturn|p1a: Death Destroyer|Protect
|move|p2a: Regidrago|Dragon Energy|p1a: Death Destroyer
|-activate|p1a: Death Destroyer|move: Protect
|
|upkeep
|turn|41
|
|t:|1667595332
|-formechange|p1a: Death Destroyer|Aegislash-Blade||[from] ability: Stance Change
|move|p1a: Death Destroyer|Shadow Sneak|p2a: Regidrago
|-damage|p2a: Regidrago|62/100
|move|p2a: Regidrago|Dragon Energy|p1a: Death Destroyer
|-resisted|p1a: Death Destroyer
|-damage|p1a: Death Destroyer|0 fnt
|faint|p1a: Death Destroyer
|
|upkeep
|-message|Raimei Hakkei 2 forfeited.
|
|win|Gieros
|raw|Raimei Hakkei 2's rating: 1683 &rarr; <strong>1663</strong><br />(-20 for losing)
|raw|Gieros's rating: 1680 &rarr; <strong>1700</strong><br />(+20 for winning)
|l|☆Raimei Hakkei 2
||Ladder isn't responding, score probably updated but might not have (Request timeout).
