|j|☆Bloody Busybody
|j|☆minimax_ai
|t:|1663230834
|gametype|singles
|player|p1|Bloody Busybody|bugcatcher|1570
|player|p2|minimax_ai|lusamine-nihilego|1504
|teamsize|p1|6
|teamsize|p2|6
|gen|8
|tier|[Gen 8] OU
|rated|
|rule|Sleep Clause Mod: Limit one foe put to sleep
|rule|Species Clause: Limit one of each Pokémon
|rule|OHKO Clause: OHKO moves are banned
|rule|Evasion Items Clause: Evasion items are banned
|rule|Evasion Moves Clause: Evasion moves are banned
|rule|Endless Battle Clause: Forcing endless battles is banned
|rule|HP Percentage Mod: HP is shown in percentages
|rule|Dynamax Clause: You cannot dynamax
|clearpoke
|poke|p1|Volcanion|
|poke|p1|Corviknight, F|
|poke|p1|Mamoswine, F|
|poke|p1|Blissey, F|
|poke|p1|Rillaboom, M|
|poke|p1|Hydreigon, M|
|poke|p2|Rotom-Wash|
|poke|p2|Weavile, F|
|poke|p2|Landorus-Therian, M|
|poke|p2|Heatran, M|
|poke|p2|Tangrowth, F|
|poke|p2|Melmetal|
|teampreview
|inactive|Battle timer is ON: inactive players will automatically lose when time's up. (requested by Bloody Busybody)
|c|☆minimax_ai|hf
|inactive|minimax_ai also wants the timer to be on.
|c|☆Bloody Busybody|u2
|
|t:|1663230845
|start
|switch|p1a: Rillaboom|Rillaboom, M|100/100
|switch|p2a: Melmetal|Melmetal|100/100
|-fieldstart|move: Grassy Terrain|[from] ability: Grassy Surge|[of] p1a: Rillaboom
|turn|1
|
|t:|1663230848
|move|p1a: Rillaboom|U-turn|p2a: Melmetal
|-resisted|p2a: Melmetal
|-damage|p2a: Melmetal|89/100
|
|t:|1663230850
|switch|p1a: Corviknight|Corviknight, F|100/100|[from]move: U-turn
|-ability|p1a: Corviknight|Pressure
|move|p2a: Melmetal|Double Iron Bash|p1a: Corviknight
|-resisted|p1a: Corviknight
|-damage|p1a: Corviknight|89/100
|-damage|p2a: Melmetal|73/100|[from] item: Rocky Helmet|[of] p1a: Corviknight
|-resisted|p1a: Corviknight
|-damage|p1a: Corviknight|77/100
|-damage|p2a: Melmetal|56/100|[from] item: Rocky Helmet|[of] p1a: Corviknight
|-hitcount|p1a: Corviknight|2
|
|-heal|p2a: Melmetal|62/100|[from] Grassy Terrain
|upkeep
|turn|2
|
|t:|1663230852
|move|p1a: Corviknight|U-turn|p2a: Melmetal
|-resisted|p2a: Melmetal
|-damage|p2a: Melmetal|58/100
|
|t:|1663230855
|switch|p1a: Mamoswine|Mamoswine, F|100/100|[from]move: U-turn
|move|p2a: Melmetal|Thunder Punch|p1a: Mamoswine
|-immune|p1a: Mamoswine
|
|-heal|p2a: Melmetal|64/100|[from] Grassy Terrain
|upkeep
|turn|3
|
|t:|1663230859
|switch|p1a: Corviknight|Corviknight, F|77/100
|-ability|p1a: Corviknight|Pressure
|move|p2a: Melmetal|Double Iron Bash|p1a: Corviknight
|-resisted|p1a: Corviknight
|-damage|p1a: Corviknight|66/100
|-damage|p2a: Melmetal|48/100|[from] item: Rocky Helmet|[of] p1a: Corviknight
|-resisted|p1a: Corviknight
|-damage|p1a: Corviknight|53/100
|-damage|p2a: Melmetal|31/100|[from] item: Rocky Helmet|[of] p1a: Corviknight
|-hitcount|p1a: Corviknight|2
|
|-heal|p2a: Melmetal|37/100|[from] Grassy Terrain
|upkeep
|turn|4
|
|t:|1663230861
|switch|p2a: rotomwash|Rotom-Wash|100/100
|move|p1a: Corviknight|Roost|p1a: Corviknight
|-heal|p1a: Corviknight|100/100
|-singleturn|p1a: Corviknight|move: Roost
|
|upkeep
|turn|5
|
|t:|1663230865
|switch|p1a: Blissey|Blissey, F|100/100
|move|p2a: rotomwash|Thunderbolt|p1a: Blissey
|-damage|p1a: Blissey|87/100
|-status|p1a: Blissey|par
|
|-heal|p1a: Blissey|93/100 par|[from] Grassy Terrain
|-fieldend|move: Grassy Terrain
|upkeep
|turn|6
|
|t:|1663230868
|move|p2a: rotomwash|Thunderbolt|p1a: Blissey
|-damage|p1a: Blissey|81/100 par
|move|p1a: Blissey|Teleport|p1a: Blissey
|
|t:|1663230872
|-curestatus|p1a: Blissey|par|[from] ability: Natural Cure
|switch|p1a: Rillaboom|Rillaboom, M|100/100|[from]move: Teleport
|-fieldstart|move: Grassy Terrain|[from] ability: Grassy Surge|[of] p1a: Rillaboom
|
|upkeep
|turn|7
|
|t:|1663230876
|switch|p2a: Heatran|Heatran, M|100/100
|-item|p2a: Heatran|Air Balloon
|move|p1a: Rillaboom|U-turn|p2a: Heatran
|-resisted|p2a: Heatran
|-damage|p2a: Heatran|92/100
|-enditem|p2a: Heatran|Air Balloon
|
|t:|1663230880
|switch|p1a: Mamoswine|Mamoswine, F|100/100|[from]move: U-turn
|
|-heal|p2a: Heatran|98/100|[from] Grassy Terrain
|upkeep
|turn|8
|
|t:|1663230887
|switch|p2a: rotomwash|Rotom-Wash|100/100
|move|p1a: Mamoswine|High Horsepower|p2a: rotomwash
|-immune|p2a: rotomwash|[from] ability: Levitate
|
|upkeep
|turn|9
|
|t:|1663230892
|switch|p1a: Blissey|Blissey, F|81/100
|move|p2a: rotomwash|Thunderbolt|p1a: Blissey
|-damage|p1a: Blissey|68/100
|
|-heal|p1a: Blissey|74/100|[from] Grassy Terrain
|upkeep
|turn|10
|
|t:|1663230895
|move|p2a: rotomwash|Thunderbolt|p1a: Blissey
|-crit|p1a: Blissey
|-damage|p1a: Blissey|56/100
|move|p1a: Blissey|Toxic|p2a: rotomwash
|-status|p2a: rotomwash|tox
|
|-heal|p1a: Blissey|62/100|[from] Grassy Terrain
|-damage|p2a: rotomwash|94/100 tox|[from] psn
|-fieldend|move: Grassy Terrain
|upkeep
|turn|11
|
|t:|1663230896
|move|p2a: rotomwash|Nasty Plot|p2a: rotomwash
|-boost|p2a: rotomwash|spa|2
|move|p1a: Blissey|Soft-Boiled|p1a: Blissey
|-heal|p1a: Blissey|100/100
|
|-heal|p2a: rotomwash|100/100 tox|[from] item: Leftovers
|-damage|p2a: rotomwash|88/100 tox|[from] psn
|upkeep
|turn|12
|
|t:|1663230899
|move|p2a: rotomwash|Thunderbolt|p1a: Blissey
|-damage|p1a: Blissey|76/100
|move|p1a: Blissey|Seismic Toss|p2a: rotomwash
|-damage|p2a: rotomwash|55/100 tox
|
|-heal|p2a: rotomwash|61/100 tox|[from] item: Leftovers
|-damage|p2a: rotomwash|43/100 tox|[from] psn
|upkeep
|turn|13
|
|t:|1663230902
|move|p2a: rotomwash|Pain Split|p1a: Blissey
|-sethp|p1a: Blissey|47/100|[from] move: Pain Split|[silent]
|-sethp|p2a: rotomwash|100/100 tox|[from] move: Pain Split
|move|p1a: Blissey|Seismic Toss|p2a: rotomwash
|-damage|p2a: rotomwash|68/100 tox
|
|-heal|p2a: rotomwash|74/100 tox|[from] item: Leftovers
|-damage|p2a: rotomwash|49/100 tox|[from] psn
|upkeep
|turn|14
|
|t:|1663230905
|move|p2a: rotomwash|Pain Split|p1a: Blissey
|-sethp|p1a: Blissey|34/100|[from] move: Pain Split|[silent]
|-sethp|p2a: rotomwash|80/100 tox|[from] move: Pain Split
|move|p1a: Blissey|Seismic Toss|p2a: rotomwash
|-damage|p2a: rotomwash|47/100 tox
|
|-heal|p2a: rotomwash|53/100 tox|[from] item: Leftovers
|-damage|p2a: rotomwash|22/100 tox|[from] psn
|upkeep
|turn|15
|
|t:|1663230907
|move|p2a: rotomwash|Pain Split|p1a: Blissey
|-sethp|p1a: Blissey|22/100|[from] move: Pain Split|[silent]
|-sethp|p2a: rotomwash|51/100 tox|[from] move: Pain Split
|move|p1a: Blissey|Soft-Boiled|p1a: Blissey
|-heal|p1a: Blissey|72/100
|
|-heal|p2a: rotomwash|57/100 tox|[from] item: Leftovers
|-damage|p2a: rotomwash|20/100 tox|[from] psn
|upkeep
|turn|16
|
|t:|1663230910
|move|p2a: rotomwash|Pain Split|p1a: Blissey
|-sethp|p1a: Blissey|40/100|[from] move: Pain Split|[silent]
|-sethp|p2a: rotomwash|94/100 tox|[from] move: Pain Split
|move|p1a: Blissey|Soft-Boiled|p1a: Blissey
|-heal|p1a: Blissey|90/100
|
|-heal|p2a: rotomwash|99/100 tox|[from] item: Leftovers
|-damage|p2a: rotomwash|56/100 tox|[from] psn
|upkeep
|turn|17
|
|t:|1663230914
|move|p2a: rotomwash|Pain Split|p1a: Blissey
|-sethp|p1a: Blissey|57/100|[from] move: Pain Split|[silent]
|-sethp|p2a: rotomwash|100/100 tox|[from] move: Pain Split
|move|p1a: Blissey|Soft-Boiled|p1a: Blissey
|-heal|p1a: Blissey|100/100
|
|-damage|p2a: rotomwash|50/100 tox|[from] psn
|upkeep
|turn|18
|
|t:|1663230921
|move|p2a: rotomwash|Pain Split|p1a: Blissey
|-sethp|p1a: Blissey|61/100|[from] move: Pain Split|[silent]
|-sethp|p2a: rotomwash|100/100 tox|[from] move: Pain Split
|move|p1a: Blissey|Seismic Toss|p2a: rotomwash
|-damage|p2a: rotomwash|68/100 tox
|
|-heal|p2a: rotomwash|74/100 tox|[from] item: Leftovers
|-damage|p2a: rotomwash|18/100 tox|[from] psn
|upkeep
|turn|19
|
|t:|1663230934
|move|p2a: rotomwash|Pain Split|p1a: Blissey
|-sethp|p1a: Blissey|34/100|[from] move: Pain Split|[silent]
|-sethp|p2a: rotomwash|80/100 tox|[from] move: Pain Split
|move|p1a: Blissey|Soft-Boiled|p1a: Blissey
|-heal|p1a: Blissey|84/100
|
|-heal|p2a: rotomwash|86/100 tox|[from] item: Leftovers
|-damage|p2a: rotomwash|24/100 tox|[from] psn
|upkeep
|turn|20
|
|t:|1663230939
|move|p2a: rotomwash|Pain Split|p1a: Blissey
|-sethp|p1a: Blissey|47/100|[from] move: Pain Split|[silent]
|-sethp|p2a: rotomwash|100/100 tox|[from] move: Pain Split
|move|p1a: Blissey|Seismic Toss|p2a: rotomwash
|-damage|p2a: rotomwash|68/100 tox
|
|-heal|p2a: rotomwash|74/100 tox|[from] item: Leftovers
|-damage|p2a: rotomwash|5/100 tox|[from] psn
|upkeep
|turn|21
|
|t:|1663230941
|move|p2a: rotomwash|Pain Split|p1a: Blissey
|-sethp|p1a: Blissey|25/100|[from] move: Pain Split|[silent]
|-sethp|p2a: rotomwash|58/100 tox|[from] move: Pain Split
|move|p1a: Blissey|Soft-Boiled|p1a: Blissey
|-heal|p1a: Blissey|75/100
|
|-heal|p2a: rotomwash|64/100 tox|[from] item: Leftovers
|-damage|p2a: rotomwash|0 fnt|[from] psn
|faint|p2a: rotomwash
|upkeep
|
|t:|1663230941
|switch|p2a: Weavile|Weavile, F|100/100
|-ability|p2a: Weavile|Pressure
|turn|22
|c|☆Bloody Busybody|are you literally an ai?
|c|☆Bloody Busybody|why do you make these plays
|
|t:|1663230971
|switch|p1a: Corviknight|Corviknight, F|100/100
|-ability|p1a: Corviknight|Pressure
|move|p2a: Weavile|Knock Off|p1a: Corviknight
|-damage|p1a: Corviknight|61/100
|-damage|p2a: Weavile|84/100|[from] item: Rocky Helmet|[of] p1a: Corviknight
|-enditem|p1a: Corviknight|Rocky Helmet|[from] move: Knock Off|[of] p2a: Weavile
|
|upkeep
|turn|23
|
|t:|1663230972
|switch|p2a: Heatran|Heatran, M|98/100
|move|p1a: Corviknight|Body Press|p2a: Heatran
|-supereffective|p2a: Heatran
|-damage|p2a: Heatran|44/100
|
|upkeep
|turn|24
|
|t:|1663230976
|switch|p1a: Volcanion|Volcanion|100/100
|move|p2a: Heatran|Magma Storm|p1a: Volcanion
|-resisted|p1a: Volcanion
|-damage|p1a: Volcanion|86/100
|-activate|p1a: Volcanion|move: Magma Storm|[of] p2a: Heatran
|
|-damage|p1a: Volcanion|73/100|[from] move: Magma Storm|[partiallytrapped]
|upkeep
|turn|25
|
|t:|1663230978
|move|p2a: Heatran|Stealth Rock|p1a: Volcanion
|-sidestart|p1: Bloody Busybody|move: Stealth Rock
|move|p1a: Volcanion|Steam Eruption|p2a: Heatran
|-supereffective|p2a: Heatran
|-damage|p2a: Heatran|0 fnt
|faint|p2a: Heatran
|
|-end|p1a: Volcanion|Magma Storm|[partiallytrapped]|[silent]
|upkeep
|
|t:|1663230979
|switch|p2a: Tangrowth|Tangrowth, F|100/100
|turn|26
|
|t:|1663230982
|switch|p1a: Corviknight|Corviknight, F|61/100
|-damage|p1a: Corviknight|48/100|[from] Stealth Rock
|-ability|p1a: Corviknight|Pressure
|move|p2a: Tangrowth|Knock Off|p1a: Corviknight
|-damage|p1a: Corviknight|39/100
|
|upkeep
|turn|27
|
|t:|1663230984
|move|p1a: Corviknight|Roost|p1a: Corviknight
|-heal|p1a: Corviknight|89/100
|-singleturn|p1a: Corviknight|move: Roost
|move|p2a: Tangrowth|Sleep Powder|p1a: Corviknight
|-status|p1a: Corviknight|slp|[from] move: Sleep Powder
|
|upkeep
|turn|28
|
|t:|1663230987
|cant|p1a: Corviknight|slp
|move|p2a: Tangrowth|Knock Off|p1a: Corviknight
|-damage|p1a: Corviknight|79/100 slp
|
|upkeep
|turn|29
|
|t:|1663230989
|cant|p1a: Corviknight|slp
|move|p2a: Tangrowth|Knock Off|p1a: Corviknight
|-damage|p1a: Corviknight|71/100 slp
|
|upkeep
|turn|30
|
|t:|1663230991
|cant|p1a: Corviknight|slp
|move|p2a: Tangrowth|Knock Off|p1a: Corviknight
|-damage|p1a: Corviknight|61/100 slp
|
|upkeep
|turn|31
|
|t:|1663230993
|-curestatus|p1a: Corviknight|slp|[msg]
|move|p1a: Corviknight|Defog|p2a: Tangrowth
|-unboost|p2a: Tangrowth|evasion|1
|-sideend|p1: Bloody Busybody|Stealth Rock|[from] move: Defog|[of] p1a: Corviknight
|move|p2a: Tangrowth|Knock Off|p1a: Corviknight
|-damage|p1a: Corviknight|53/100
|
|upkeep
|turn|32
|
|t:|1663230996
|move|p1a: Corviknight|Roost|p1a: Corviknight
|-heal|p1a: Corviknight|100/100
|-singleturn|p1a: Corviknight|move: Roost
|move|p2a: Tangrowth|Sleep Powder|p1a: Corviknight|[miss]
|-miss|p2a: Tangrowth|p1a: Corviknight
|
|upkeep
|turn|33
|
|t:|1663230999
|switch|p1a: Rillaboom|Rillaboom, M|100/100
|-fieldstart|move: Grassy Terrain|[from] ability: Grassy Surge|[of] p1a: Rillaboom
|move|p2a: Tangrowth|Sleep Powder|p1a: Rillaboom
|-immune|p1a: Rillaboom
|
|upkeep
|turn|34
|
|t:|1663231000
|move|p1a: Rillaboom|Knock Off|p2a: Tangrowth
|-damage|p2a: Tangrowth|73/100
|-damage|p1a: Rillaboom|84/100|[from] item: Rocky Helmet|[of] p2a: Tangrowth
|-enditem|p2a: Tangrowth|Rocky Helmet|[from] move: Knock Off|[of] p1a: Rillaboom
|move|p2a: Tangrowth|Sleep Powder|p1a: Rillaboom
|-immune|p1a: Rillaboom
|
|-heal|p1a: Rillaboom|90/100|[from] Grassy Terrain
|-heal|p2a: Tangrowth|79/100|[from] Grassy Terrain
|upkeep
|turn|35
|
|t:|1663231005
|switch|p1a: Blissey|Blissey, F|75/100
|move|p2a: Tangrowth|Sleep Powder|p1a: Blissey|[miss]
|-miss|p2a: Tangrowth|p1a: Blissey
|
|-heal|p1a: Blissey|81/100|[from] Grassy Terrain
|-heal|p2a: Tangrowth|86/100|[from] Grassy Terrain
|upkeep
|turn|36
|
|t:|1663231007
|move|p2a: Tangrowth|Sleep Powder|p1a: Blissey
|-status|p1a: Blissey|slp|[from] move: Sleep Powder
|cant|p1a: Blissey|slp
|
|-heal|p1a: Blissey|87/100 slp|[from] Grassy Terrain
|-heal|p2a: Tangrowth|92/100|[from] Grassy Terrain
|upkeep
|turn|37
|
|t:|1663231009
|move|p2a: Tangrowth|Sleep Powder|p1a: Blissey
|-fail|p1a: Blissey|slp
|cant|p1a: Blissey|slp
|
|-heal|p1a: Blissey|93/100 slp|[from] Grassy Terrain
|-heal|p2a: Tangrowth|98/100|[from] Grassy Terrain
|-fieldend|move: Grassy Terrain
|upkeep
|turn|38
|
|t:|1663231021
|move|p2a: Tangrowth|Sleep Powder|p1a: Blissey
|-fail|p1a: Blissey|slp
|cant|p1a: Blissey|slp
|
|upkeep
|turn|39
|
|t:|1663231023
|-curestatus|p1a: Blissey|slp|[msg]
|move|p1a: Blissey|Toxic|p2a: Tangrowth
|-status|p2a: Tangrowth|tox
|move|p2a: Tangrowth|Sleep Powder|p1a: Blissey
|-status|p1a: Blissey|slp|[from] move: Sleep Powder
|
|-damage|p2a: Tangrowth|92/100 tox|[from] psn
|upkeep
|turn|40
|
|t:|1663231026
|move|p2a: Tangrowth|Sleep Powder|p1a: Blissey
|-fail|p1a: Blissey|slp
|cant|p1a: Blissey|slp
|
|-damage|p2a: Tangrowth|79/100 tox|[from] psn
|upkeep
|turn|41
|
|t:|1663231028
|move|p2a: Tangrowth|Sleep Powder|p1a: Blissey
|-fail|p1a: Blissey|slp
|cant|p1a: Blissey|slp
|
|-damage|p2a: Tangrowth|61/100 tox|[from] psn
|upkeep
|turn|42
|
|t:|1663231031
|move|p2a: Tangrowth|Sleep Powder|p1a: Blissey
|-fail|p1a: Blissey|slp
|-curestatus|p1a: Blissey|slp|[msg]
|move|p1a: Blissey|Teleport|p1a: Blissey
|
|t:|1663231036
|switch|p1a: Volcanion|Volcanion|73/100|[from]move: Teleport
|
|-damage|p2a: Tangrowth|36/100 tox|[from] psn
|upkeep
|turn|43
|
|t:|1663231038
|move|p1a: Volcanion|Fire Blast|p2a: Tangrowth
|-supereffective|p2a: Tangrowth
|-crit|p2a: Tangrowth
|-damage|p2a: Tangrowth|0 fnt
|faint|p2a: Tangrowth
|
|upkeep
|
|t:|1663231038
|switch|p2a: landorustherian|Landorus-Therian, M|100/100
|-ability|p2a: landorustherian|Intimidate|boost
|-unboost|p1a: Volcanion|atk|1
|turn|44
|
|t:|1663231041
|switch|p1a: Corviknight|Corviknight, F|100/100
|-ability|p1a: Corviknight|Pressure
|move|p2a: landorustherian|Toxic|p1a: Corviknight
|-immune|p1a: Corviknight
|
|upkeep
|turn|45
|
|t:|1663231044
|move|p2a: landorustherian|Earthquake|p1a: Corviknight
|-immune|p1a: Corviknight
|move|p1a: Corviknight|U-turn|p2a: landorustherian
|-resisted|p2a: landorustherian
|-damage|p2a: landorustherian|94/100
|
|t:|1663231047
|switch|p1a: Mamoswine|Mamoswine, F|100/100|[from]move: U-turn
|
|-heal|p2a: landorustherian|99/100|[from] item: Leftovers
|upkeep
|turn|46
|
|t:|1663231048
|switch|p2a: Melmetal|Melmetal|37/100
|move|p1a: Mamoswine|Icicle Crash|p2a: Melmetal
|-resisted|p2a: Melmetal
|-damage|p2a: Melmetal|26/100
|
|upkeep
|turn|47
|
|t:|1663231050
|move|p1a: Mamoswine|High Horsepower|p2a: Melmetal
|-supereffective|p2a: Melmetal
|-damage|p2a: Melmetal|0 fnt
|faint|p2a: Melmetal
|
|upkeep
|
|t:|1663231050
|switch|p2a: Weavile|Weavile, F|84/100
|-ability|p2a: Weavile|Pressure
|turn|48
|
|t:|1663231057
|move|p2a: Weavile|Low Kick|p1a: Mamoswine
|-supereffective|p1a: Mamoswine
|-enditem|p1a: Mamoswine|Focus Sash
|-damage|p1a: Mamoswine|1/100
|move|p1a: Mamoswine|High Horsepower|p2a: Weavile
|-damage|p2a: Weavile|5/100
|
|upkeep
|turn|49
|
|t:|1663231060
|switch|p1a: Corviknight|Corviknight, F|100/100
|-ability|p1a: Corviknight|Pressure
|move|p2a: Weavile|Low Kick|p1a: Corviknight
|-damage|p1a: Corviknight|78/100
|
|upkeep
|turn|50
|
|t:|1663231062
|move|p2a: Weavile|Low Kick|p1a: Corviknight
|-damage|p1a: Corviknight|55/100
|move|p1a: Corviknight|U-turn|p2a: Weavile
|-supereffective|p2a: Weavile
|-damage|p2a: Weavile|0 fnt
|faint|p2a: Weavile
|inactive|Bloody Busybody has 120 seconds left.
|
|t:|1663231100
|switch|p1a: Mamoswine|Mamoswine, F|1/100|[from]move: U-turn
|
|upkeep
|
|t:|1663231100
|switch|p2a: landorustherian|Landorus-Therian, M|99/100
|-ability|p2a: landorustherian|Intimidate|boost
|-unboost|p1a: Mamoswine|atk|1
|turn|51
|
|t:|1663231101
|move|p1a: Mamoswine|Icicle Crash|p2a: landorustherian
|-supereffective|p2a: landorustherian
|-damage|p2a: landorustherian|0 fnt
|faint|p2a: landorustherian
|
|win|Bloody Busybody
|raw|Bloody Busybody's rating: 1570 &rarr; <strong>1586</strong><br />(+16 for winning)
|raw|minimax_ai's rating: 1504 &rarr; <strong>1488</strong><br />(-16 for losing)
|c|☆minimax_ai|gg
|l|☆minimax_ai
