|html|<div class="broadcast-blue"><strong>[Gen 8] OU is currently suspecting Melmetal! For information on how to participate check out the <a href="https://www.smogon.com/forums/threads/np-ss-ou-suspect-process-round-12-monster-mash.3709234/">suspect thread</a>.</strong></div>
|j|☆OUTDragonyte
|j|☆Aim on mai wei
|t:|1666220423
|gametype|singles
|player|p1|OUTDragonyte|#splxiclassiest|1637
|player|p2|Aim on mai wei|102|1915
|teamsize|p1|6
|teamsize|p2|6
|gen|8
|tier|[Gen 8] OU
|rated|
|rule|Sleep Clause Mod: Limit one foe put to sleep
|rule|Species Clause: Limit one of each Pokémon
|rule|OHKO Clause: OHKO moves are banned
|rule|Evasion Items Clause: Evasion items are banned
|rule|Evasion Moves Clause: Evasion moves are banned
|rule|Endless Battle Clause: Forcing endless battles is banned
|rule|HP Percentage Mod: HP is shown in percentages
|rule|Dynamax Clause: You cannot dynamax
|clearpoke
|poke|p1|Toxapex, F|
|poke|p1|Rotom-Wash|
|poke|p1|Clefable, M|
|poke|p1|Skarmory, F|
|poke|p1|Excadrill, M|
|poke|p1|Tyranitar, M|
|poke|p2|Gastrodon, F|
|poke|p2|Blissey, F|
|poke|p2|Slowking-Galar, F|
|poke|p2|Toxapex, F|
|poke|p2|Clefable, M|
|poke|p2|Corviknight, M|
|teampreview
|j| DarkRinoRex
|inactive|Battle timer is ON: inactive players will automatically lose when time's up. (requested by Aim on mai wei)
|c|☆OUTDragonyte|LOL wtf
|j| outd bad dream
|c|☆OUTDragonyte|why am i playing a 1900
|c|☆Aim on mai wei|dw I’m not good
|inactive|OUTDragonyte has 120 seconds left.
|c|☆OUTDragonyte|ik
|c|☆OUTDragonyte|ur using stall on ladder
|
|t:|1666220504
|start
|switch|p1a: Tyranitar|Tyranitar, M|100/100
|switch|p2a: Toxapex|Toxapex, F|100/100
|-weather|Sandstorm|[from] ability: Sand Stream|[of] p1a: Tyranitar
|turn|1
|
|t:|1666220515
|switch|p1a: Toxapex|Toxapex, F|100/100
|move|p2a: Toxapex|Knock Off|p1a: Toxapex
|-damage|p1a: Toxapex|91/100
|-enditem|p1a: Toxapex|Shed Shell|[from] move: Knock Off|[of] p2a: Toxapex
|
|-weather|Sandstorm|[upkeep]
|-damage|p2a: Toxapex|95/100|[from] Sandstorm
|-damage|p1a: Toxapex|85/100|[from] Sandstorm
|upkeep
|turn|2
|
|t:|1666220522
|move|p2a: Toxapex|Toxic Spikes|p1a: Toxapex
|-sidestart|p1: OUTDragonyte|move: Toxic Spikes
|move|p1a: Toxapex|Knock Off|p2a: Toxapex
|-damage|p2a: Toxapex|86/100
|-enditem|p2a: Toxapex|Payapa Berry|[from] move: Knock Off|[of] p1a: Toxapex
|
|-weather|Sandstorm|[upkeep]
|-damage|p1a: Toxapex|79/100|[from] Sandstorm
|-damage|p2a: Toxapex|80/100|[from] Sandstorm
|upkeep
|turn|3
|
|t:|1666220530
|move|p1a: Toxapex|Knock Off|p2a: Toxapex
|-damage|p2a: Toxapex|73/100
|move|p2a: Toxapex|Toxic Spikes|p1a: Toxapex
|-sidestart|p1: OUTDragonyte|move: Toxic Spikes
|
|-weather|Sandstorm|[upkeep]
|-damage|p1a: Toxapex|73/100|[from] Sandstorm
|-damage|p2a: Toxapex|67/100|[from] Sandstorm
|upkeep
|turn|4
|
|t:|1666220533
|move|p1a: Toxapex|Knock Off|p2a: Toxapex
|-damage|p2a: Toxapex|60/100
|move|p2a: Toxapex|Knock Off|p1a: Toxapex
|-damage|p1a: Toxapex|67/100
|
|-weather|Sandstorm|[upkeep]
|-damage|p2a: Toxapex|54/100|[from] Sandstorm
|-damage|p1a: Toxapex|61/100|[from] Sandstorm
|upkeep
|turn|5
|
|t:|1666220536
|move|p2a: Toxapex|Knock Off|p1a: Toxapex
|-damage|p1a: Toxapex|54/100
|move|p1a: Toxapex|Knock Off|p2a: Toxapex
|-damage|p2a: Toxapex|47/100
|
|-weather|none
|upkeep
|turn|6
|
|t:|1666220540
|move|p1a: Toxapex|Toxic Spikes|p2a: Toxapex
|-sidestart|p2: Aim on mai wei|move: Toxic Spikes
|move|p2a: Toxapex|Recover|p2a: Toxapex
|-heal|p2a: Toxapex|98/100
|
|upkeep
|turn|7
|
|t:|1666220549
|switch|p2a: Slowking|Slowking-Galar, F|100/100
|-sideend|p2: Aim on mai wei|move: Toxic Spikes|[of] p2a: Slowking
|move|p1a: Toxapex|Knock Off|p2a: Slowking
|-supereffective|p2a: Slowking
|-damage|p2a: Slowking|72/100
|-enditem|p2a: Slowking|Assault Vest|[from] move: Knock Off|[of] p1a: Toxapex
|
|upkeep
|turn|8
|
|t:|1666220560
|switch|p1a: Clefable|Clefable, M|100/100
|-status|p1a: Clefable|tox
|move|p2a: Slowking|Flamethrower|p1a: Clefable
|-crit|p1a: Clefable
|-damage|p1a: Clefable|56/100 tox
|
|-heal|p1a: Clefable|62/100 tox|[from] item: Leftovers
|upkeep
|turn|9
|
|t:|1666220567
|switch|p1a: Toxapex|Toxapex, F|88/100
|-sideend|p1: OUTDragonyte|move: Toxic Spikes|[of] p1a: Toxapex
|move|p2a: Slowking|Future Sight|p1a: Toxapex
|-start|p2a: Slowking|move: Future Sight
|
|upkeep
|turn|10
|
|t:|1666220583
|switch|p1a: Rotom|Rotom-Wash|100/100
|move|p2a: Slowking|Scald|p1a: Rotom
|-resisted|p1a: Rotom
|-damage|p1a: Rotom|88/100
|-status|p1a: Rotom|brn
|
|-heal|p1a: Rotom|95/100 brn|[from] item: Leftovers
|-damage|p1a: Rotom|88/100 brn|[from] brn
|upkeep
|turn|11
|
|t:|1666220599
|move|p1a: Rotom|Volt Switch|p2a: Slowking
|-damage|p2a: Slowking|52/100
|
|t:|1666220601
|switch|p1a: Ezcadrill|Excadrill, M|100/100|[from]move: Volt Switch
|move|p2a: Slowking|Flamethrower|p1a: Ezcadrill
|-supereffective|p1a: Ezcadrill
|-crit|p1a: Ezcadrill
|-damage|p1a: Ezcadrill|0 fnt
|faint|p1a: Ezcadrill
|
|-hint|Future Sight did not hit because the target is fainted.
|upkeep
|
|t:|1666220607
|switch|p1a: Tyranitar|Tyranitar, M|100/100
|-weather|Sandstorm|[from] ability: Sand Stream|[of] p1a: Tyranitar
|turn|12
|
|t:|1666220617
|switch|p2a: Toxapex|Toxapex, F|100/100
|move|p1a: Tyranitar|Crunch|p2a: Toxapex
|-damage|p2a: Toxapex|59/100
|
|-weather|Sandstorm|[upkeep]
|-damage|p2a: Toxapex|53/100|[from] Sandstorm
|upkeep
|turn|13
|
|t:|1666220624
|switch|p1a: Clefable|Clefable, M|62/100 tox
|move|p2a: Toxapex|Recover|p2a: Toxapex
|-heal|p2a: Toxapex|100/100
|
|-weather|Sandstorm|[upkeep]
|-damage|p2a: Toxapex|95/100|[from] Sandstorm
|-heal|p1a: Clefable|69/100 tox|[from] item: Leftovers
|upkeep
|turn|14
|
|t:|1666220632
|move|p1a: Clefable|Stealth Rock|p2a: Toxapex
|-sidestart|p2: Aim on mai wei|move: Stealth Rock
|move|p2a: Toxapex|Knock Off|p1a: Clefable
|-resisted|p1a: Clefable
|-damage|p1a: Clefable|63/100 tox
|-enditem|p1a: Clefable|Leftovers|[from] move: Knock Off|[of] p2a: Toxapex
|
|-weather|Sandstorm|[upkeep]
|-damage|p2a: Toxapex|89/100|[from] Sandstorm
|upkeep
|turn|15
|
|t:|1666220658
|switch|p1a: Rotom|Rotom-Wash|88/100 brn
|move|p2a: Toxapex|Toxic Spikes|p1a: Rotom
|-sidestart|p1: OUTDragonyte|move: Toxic Spikes
|
|-weather|Sandstorm|[upkeep]
|-damage|p1a: Rotom|82/100 brn|[from] Sandstorm
|-damage|p2a: Toxapex|83/100|[from] Sandstorm
|-heal|p1a: Rotom|88/100 brn|[from] item: Leftovers
|-damage|p1a: Rotom|82/100 brn|[from] brn
|upkeep
|turn|16
|
|t:|1666220662
|switch|p2a: Gastrodon|Gastrodon, F|100/100
|-damage|p2a: Gastrodon|94/100|[from] Stealth Rock
|move|p1a: Rotom|Will-O-Wisp|p2a: Gastrodon|[miss]
|-miss|p1a: Rotom|p2a: Gastrodon
|
|-weather|none
|-heal|p1a: Rotom|88/100 brn|[from] item: Leftovers
|-heal|p2a: Gastrodon|100/100|[from] item: Leftovers
|-damage|p1a: Rotom|82/100 brn|[from] brn
|upkeep
|turn|17
|
|t:|1666220667
|switch|p2a: Blissey|Blissey, F|100/100
|move|p1a: Rotom|Will-O-Wisp|p2a: Blissey
|-status|p2a: Blissey|brn
|
|-heal|p1a: Rotom|88/100 brn|[from] item: Leftovers
|-damage|p1a: Rotom|82/100 brn|[from] brn
|-damage|p2a: Blissey|94/100 brn|[from] brn
|upkeep
|turn|18
|c|☆OUTDragonyte|cmon dude
|
|t:|1666220675
|move|p1a: Rotom|Volt Switch|p2a: Blissey
|-damage|p2a: Blissey|85/100 brn
|
|t:|1666220677
|switch|p1a: Skarmory|Skarmory, F|100/100|[from]move: Volt Switch
|move|p2a: Blissey|Stealth Rock|p1a: Skarmory
|-sidestart|p1: OUTDragonyte|move: Stealth Rock
|
|-damage|p2a: Blissey|79/100 brn|[from] brn
|upkeep
|turn|19
|
|t:|1666220688
|move|p1a: Skarmory|Spikes|p2a: Blissey
|-sidestart|p2: Aim on mai wei|Spikes
|move|p2a: Blissey|Thunder Wave|p1a: Skarmory
|-status|p1a: Skarmory|par
|
|-damage|p2a: Blissey|73/100 brn|[from] brn
|upkeep
|turn|20
|
|t:|1666220700
|-curestatus|p2a: Blissey|brn|[from] ability: Natural Cure
|switch|p2a: Corviknight|Corviknight, M|100/100
|-damage|p2a: Corviknight|88/100|[from] Stealth Rock
|-ability|p2a: Corviknight|Pressure
|move|p1a: Skarmory|Body Press|p2a: Corviknight
|-damage|p2a: Corviknight|66/100
|
|upkeep
|turn|21
|
|t:|1666220707
|switch|p1a: Clefable|Clefable, M|63/100 tox
|move|p2a: Corviknight|Defog|p1a: Clefable
|-unboost|p1a: Clefable|evasion|1
|-sideend|p1: OUTDragonyte|Toxic Spikes|[from] move: Defog|[of] p2a: Corviknight
|-sideend|p1: OUTDragonyte|Stealth Rock|[from] move: Defog|[of] p2a: Corviknight
|-sideend|p2: Aim on mai wei|Spikes|[from] move: Defog|[of] p2a: Corviknight
|-sideend|p2: Aim on mai wei|Stealth Rock|[from] move: Defog|[of] p2a: Corviknight
|
|upkeep
|turn|22
|
|t:|1666220713
|move|p2a: Corviknight|Roost|p2a: Corviknight
|-heal|p2a: Corviknight|100/100
|-singleturn|p2a: Corviknight|move: Roost
|move|p1a: Clefable|Knock Off|p2a: Corviknight
|-damage|p2a: Corviknight|91/100
|-enditem|p2a: Corviknight|Shed Shell|[from] move: Knock Off|[of] p1a: Clefable
|
|upkeep
|turn|23
|
|t:|1666220717
|move|p2a: Corviknight|Iron Defense|p2a: Corviknight
|-boost|p2a: Corviknight|def|2
|move|p1a: Clefable|Stealth Rock|p2a: Corviknight
|-sidestart|p2: Aim on mai wei|move: Stealth Rock
|
|upkeep
|turn|24
|
|t:|1666220721
|move|p2a: Corviknight|Defog|p1a: Clefable
|-unboost|p1a: Clefable|evasion|1
|-sideend|p2: Aim on mai wei|Stealth Rock|[from] move: Defog|[of] p2a: Corviknight
|move|p1a: Clefable|Soft-Boiled|p1a: Clefable
|-heal|p1a: Clefable|100/100 tox
|
|upkeep
|turn|25
|
|t:|1666220725
|switch|p1a: Rotom|Rotom-Wash|82/100 brn
|move|p2a: Corviknight|Iron Defense|p2a: Corviknight
|-boost|p2a: Corviknight|def|2
|
|-heal|p1a: Rotom|88/100 brn|[from] item: Leftovers
|-damage|p1a: Rotom|82/100 brn|[from] brn
|upkeep
|turn|26
|
|t:|1666220730
|switch|p2a: Gastrodon|Gastrodon, F|100/100
|move|p1a: Rotom|Will-O-Wisp|p2a: Gastrodon
|-status|p2a: Gastrodon|brn
|
|-heal|p1a: Rotom|88/100 brn|[from] item: Leftovers
|-damage|p1a: Rotom|82/100 brn|[from] brn
|-damage|p2a: Gastrodon|94/100 brn|[from] brn
|upkeep
|turn|27
|
|t:|1666220735
|move|p1a: Rotom|Volt Switch|p2a: Gastrodon
|-immune|p2a: Gastrodon
|move|p2a: Gastrodon|Scald|p1a: Rotom
|-resisted|p1a: Rotom
|-damage|p1a: Rotom|71/100 brn
|
|-heal|p1a: Rotom|77/100 brn|[from] item: Leftovers
|-heal|p2a: Gastrodon|100/100 brn|[from] item: Leftovers
|-damage|p1a: Rotom|71/100 brn|[from] brn
|-damage|p2a: Gastrodon|94/100 brn|[from] brn
|upkeep
|turn|28
|
|t:|1666220738
|move|p1a: Rotom|Pain Split|p2a: Gastrodon
|-sethp|p2a: Gastrodon|73/100 brn|[from] move: Pain Split|[silent]
|-sethp|p1a: Rotom|100/100 brn|[from] move: Pain Split
|move|p2a: Gastrodon|Scald|p1a: Rotom
|-resisted|p1a: Rotom
|-damage|p1a: Rotom|91/100 brn
|
|-heal|p1a: Rotom|97/100 brn|[from] item: Leftovers
|-heal|p2a: Gastrodon|79/100 brn|[from] item: Leftovers
|-damage|p1a: Rotom|91/100 brn|[from] brn
|-damage|p2a: Gastrodon|73/100 brn|[from] brn
|upkeep
|turn|29
|
|t:|1666220744
|move|p1a: Rotom|Volt Switch|p2a: Gastrodon
|-immune|p2a: Gastrodon
|move|p2a: Gastrodon|Scald|p1a: Rotom
|-resisted|p1a: Rotom
|-damage|p1a: Rotom|80/100 brn
|
|-heal|p1a: Rotom|86/100 brn|[from] item: Leftovers
|-heal|p2a: Gastrodon|79/100 brn|[from] item: Leftovers
|-damage|p1a: Rotom|80/100 brn|[from] brn
|-damage|p2a: Gastrodon|73/100 brn|[from] brn
|upkeep
|turn|30
|
|t:|1666220752
|switch|p1a: Clefable|Clefable, M|100/100 tox
|move|p2a: Gastrodon|Scald|p1a: Clefable
|-damage|p1a: Clefable|78/100 tox
|
|-heal|p2a: Gastrodon|79/100 brn|[from] item: Leftovers
|-damage|p2a: Gastrodon|73/100 brn|[from] brn
|upkeep
|turn|31
|
|t:|1666220757
|switch|p1a: Rotom|Rotom-Wash|80/100 brn
|switch|p2a: Corviknight|Corviknight, M|91/100
|-ability|p2a: Corviknight|Pressure
|
|-heal|p1a: Rotom|86/100 brn|[from] item: Leftovers
|-damage|p1a: Rotom|80/100 brn|[from] brn
|upkeep
|turn|32
|
|t:|1666220761
|switch|p2a: Gastrodon|Gastrodon, F|73/100 brn
|move|p1a: Rotom|Volt Switch|p2a: Gastrodon
|-immune|p2a: Gastrodon
|
|-heal|p1a: Rotom|86/100 brn|[from] item: Leftovers
|-heal|p2a: Gastrodon|79/100 brn|[from] item: Leftovers
|-damage|p1a: Rotom|80/100 brn|[from] brn
|-damage|p2a: Gastrodon|73/100 brn|[from] brn
|upkeep
|turn|33
|
|t:|1666220765
|move|p1a: Rotom|Volt Switch|p2a: Gastrodon
|-immune|p2a: Gastrodon
|move|p2a: Gastrodon|Scald|p1a: Rotom
|-resisted|p1a: Rotom
|-damage|p1a: Rotom|69/100 brn
|
|-heal|p1a: Rotom|75/100 brn|[from] item: Leftovers
|-heal|p2a: Gastrodon|79/100 brn|[from] item: Leftovers
|-damage|p1a: Rotom|69/100 brn|[from] brn
|-damage|p2a: Gastrodon|73/100 brn|[from] brn
|upkeep
|turn|34
|
|t:|1666220770
|move|p1a: Rotom|Volt Switch|p2a: Gastrodon
|-immune|p2a: Gastrodon
|move|p2a: Gastrodon|Scald|p1a: Rotom
|-resisted|p1a: Rotom
|-damage|p1a: Rotom|59/100 brn
|
|-heal|p1a: Rotom|65/100 brn|[from] item: Leftovers
|-heal|p2a: Gastrodon|79/100 brn|[from] item: Leftovers
|-damage|p1a: Rotom|59/100 brn|[from] brn
|-damage|p2a: Gastrodon|73/100 brn|[from] brn
|upkeep
|turn|35
|
|t:|1666220773
|move|p1a: Rotom|Pain Split|p2a: Gastrodon
|-sethp|p2a: Gastrodon|57/100 brn|[from] move: Pain Split|[silent]
|-sethp|p1a: Rotom|80/100 brn|[from] move: Pain Split
|move|p2a: Gastrodon|Scald|p1a: Rotom
|-resisted|p1a: Rotom
|-damage|p1a: Rotom|69/100 brn
|
|-heal|p1a: Rotom|75/100 brn|[from] item: Leftovers
|-heal|p2a: Gastrodon|63/100 brn|[from] item: Leftovers
|-damage|p1a: Rotom|69/100 brn|[from] brn
|-damage|p2a: Gastrodon|57/100 brn|[from] brn
|upkeep
|turn|36
|
|t:|1666220777
|switch|p1a: Clefable|Clefable, M|78/100 tox
|move|p2a: Gastrodon|Scald|p1a: Clefable
|-damage|p1a: Clefable|58/100 tox
|
|-heal|p2a: Gastrodon|63/100 brn|[from] item: Leftovers
|-damage|p2a: Gastrodon|57/100 brn|[from] brn
|upkeep
|turn|37
|
|t:|1666220785
|switch|p2a: Slowking|Slowking-Galar, F|85/100
|move|p1a: Clefable|Stealth Rock|p2a: Slowking
|-sidestart|p2: Aim on mai wei|move: Stealth Rock
|
|upkeep
|turn|38
|
|t:|1666220794
|switch|p1a: Tyranitar|Tyranitar, M|100/100
|-weather|Sandstorm|[from] ability: Sand Stream|[of] p1a: Tyranitar
|move|p2a: Slowking|Scald|p1a: Tyranitar
|-supereffective|p1a: Tyranitar
|-damage|p1a: Tyranitar|65/100
|
|-weather|Sandstorm|[upkeep]
|-damage|p2a: Slowking|79/100|[from] Sandstorm
|upkeep
|turn|39
|
|t:|1666220800
|switch|p2a: Toxapex|Toxapex, F|100/100
|-damage|p2a: Toxapex|88/100|[from] Stealth Rock
|move|p1a: Tyranitar|Stone Edge|p2a: Toxapex|[miss]
|-miss|p1a: Tyranitar|p2a: Toxapex
|
|-weather|Sandstorm|[upkeep]
|-damage|p2a: Toxapex|82/100|[from] Sandstorm
|upkeep
|turn|40
|c|☆OUTDragonyte|jesus fuck
|
|t:|1666220815
|switch|p1a: Rotom|Rotom-Wash|69/100 brn
|move|p2a: Toxapex|Toxic||[still]
|-fail|p2a: Toxapex
|
|-weather|Sandstorm|[upkeep]
|-damage|p1a: Rotom|63/100 brn|[from] Sandstorm
|-damage|p2a: Toxapex|76/100|[from] Sandstorm
|-heal|p1a: Rotom|69/100 brn|[from] item: Leftovers
|-damage|p1a: Rotom|63/100 brn|[from] brn
|upkeep
|turn|41
|
|t:|1666220825
|switch|p1a: Tyranitar|Tyranitar, M|65/100
|move|p2a: Toxapex|Recover|p2a: Toxapex
|-heal|p2a: Toxapex|100/100
|
|-weather|Sandstorm|[upkeep]
|-damage|p2a: Toxapex|95/100|[from] Sandstorm
|upkeep
|turn|42
|j| Oru Buru
|
|t:|1666220830
|switch|p1a: Rotom|Rotom-Wash|63/100 brn
|move|p2a: Toxapex|Toxic||[still]
|-fail|p2a: Toxapex
|
|-weather|none
|-heal|p1a: Rotom|69/100 brn|[from] item: Leftovers
|-damage|p1a: Rotom|63/100 brn|[from] brn
|upkeep
|turn|43
|
|t:|1666220842
|move|p1a: Rotom|Will-O-Wisp|p2a: Toxapex|[miss]
|-miss|p1a: Rotom|p2a: Toxapex
|move|p2a: Toxapex|Toxic Spikes|p1a: Rotom
|-sidestart|p1: OUTDragonyte|move: Toxic Spikes
|
|-heal|p1a: Rotom|69/100 brn|[from] item: Leftovers
|-damage|p1a: Rotom|63/100 brn|[from] brn
|upkeep
|turn|44
|
|t:|1666220850
|switch|p2a: Gastrodon|Gastrodon, F|57/100 brn
|-damage|p2a: Gastrodon|51/100 brn|[from] Stealth Rock
|move|p1a: Rotom|Will-O-Wisp|p2a: Gastrodon
|-fail|p2a: Gastrodon|brn
|
|-heal|p1a: Rotom|69/100 brn|[from] item: Leftovers
|-heal|p2a: Gastrodon|57/100 brn|[from] item: Leftovers
|-damage|p1a: Rotom|63/100 brn|[from] brn
|-damage|p2a: Gastrodon|51/100 brn|[from] brn
|upkeep
|turn|45
|j| darkcloud1986
|l| Oru Buru
|
|t:|1666220872
|switch|p1a: Toxapex|Toxapex, F|100/100
|-sideend|p1: OUTDragonyte|move: Toxic Spikes|[of] p1a: Toxapex
|switch|p2a: Slowking|Slowking-Galar, F|100/100
|-damage|p2a: Slowking|88/100|[from] Stealth Rock
|
|upkeep
|turn|46
|l| darkcloud1986
|
|t:|1666220880
|switch|p1a: Tyranitar|Tyranitar, M|65/100
|-weather|Sandstorm|[from] ability: Sand Stream|[of] p1a: Tyranitar
|move|p2a: Slowking|Scald|p1a: Tyranitar
|-supereffective|p1a: Tyranitar
|-damage|p1a: Tyranitar|27/100
|
|-weather|Sandstorm|[upkeep]
|-damage|p2a: Slowking|82/100|[from] Sandstorm
|upkeep
|turn|47
|
|t:|1666220890
|switch|p2a: Toxapex|Toxapex, F|100/100
|-damage|p2a: Toxapex|88/100|[from] Stealth Rock
|move|p1a: Tyranitar|Stone Edge|p2a: Toxapex
|-damage|p2a: Toxapex|37/100
|
|-weather|Sandstorm|[upkeep]
|-damage|p2a: Toxapex|31/100|[from] Sandstorm
|upkeep
|turn|48
|
|t:|1666220909
|switch|p2a: Corviknight|Corviknight, M|91/100
|-damage|p2a: Corviknight|78/100|[from] Stealth Rock
|-ability|p2a: Corviknight|Pressure
|move|p1a: Tyranitar|Stone Edge|p2a: Corviknight
|-damage|p2a: Corviknight|23/100
|
|-weather|Sandstorm|[upkeep]
|upkeep
|turn|49
|
|t:|1666220923
|move|p1a: Tyranitar|Stone Edge|p2a: Corviknight
|-damage|p2a: Corviknight|0 fnt
|faint|p2a: Corviknight
|
|-weather|Sandstorm|[upkeep]
|upkeep
|
|t:|1666220941
|switch|p2a: Gastrodon|Gastrodon, F|51/100 brn
|-damage|p2a: Gastrodon|45/100 brn|[from] Stealth Rock
|turn|50
|
|t:|1666220954
|switch|p1a: Rotom|Rotom-Wash|63/100 brn
|move|p2a: Gastrodon|Recover|p2a: Gastrodon
|-heal|p2a: Gastrodon|95/100 brn
|
|-weather|none
|-heal|p1a: Rotom|69/100 brn|[from] item: Leftovers
|-heal|p2a: Gastrodon|100/100 brn|[from] item: Leftovers
|-damage|p1a: Rotom|63/100 brn|[from] brn
|-damage|p2a: Gastrodon|94/100 brn|[from] brn
|upkeep
|turn|51
|
|t:|1666220966
|switch|p2a: Toxapex|Toxapex, F|64/100
|-damage|p2a: Toxapex|52/100|[from] Stealth Rock
|move|p1a: Rotom|Volt Switch|p2a: Toxapex
|-supereffective|p2a: Toxapex
|-damage|p2a: Toxapex|8/100
|
|t:|1666220968
|switch|p1a: Tyranitar|Tyranitar, M|27/100|[from]move: Volt Switch
|-weather|Sandstorm|[from] ability: Sand Stream|[of] p1a: Tyranitar
|
|-weather|Sandstorm|[upkeep]
|-damage|p2a: Toxapex|2/100|[from] Sandstorm
|upkeep
|turn|52
|
|t:|1666220981
|switch|p2a: Clefable|Clefable, M|100/100
|-damage|p2a: Clefable|88/100|[from] Stealth Rock
|move|p1a: Tyranitar|Crunch|p2a: Clefable
|-resisted|p2a: Clefable
|-damage|p2a: Clefable|62/100
|-unboost|p2a: Clefable|def|1
|
|-weather|Sandstorm|[upkeep]
|-damage|p2a: Clefable|56/100|[from] Sandstorm
|-heal|p2a: Clefable|62/100|[from] item: Leftovers
|upkeep
|turn|53
|
|t:|1666220989
|switch|p1a: Skarmory|Skarmory, F|100/100 par
|move|p2a: Clefable|Soft-Boiled|p2a: Clefable
|-heal|p2a: Clefable|100/100
|
|-weather|Sandstorm|[upkeep]
|-damage|p2a: Clefable|94/100|[from] Sandstorm
|-heal|p2a: Clefable|100/100|[from] item: Leftovers
|upkeep
|turn|54
|
|t:|1666221008
|switch|p2a: Blissey|Blissey, F|73/100
|move|p1a: Skarmory|Spikes|p2a: Blissey
|-sidestart|p2: Aim on mai wei|Spikes
|
|-weather|Sandstorm|[upkeep]
|-damage|p2a: Blissey|67/100|[from] Sandstorm
|upkeep
|turn|55
|
|t:|1666221018
|move|p2a: Blissey|Stealth Rock|p1a: Skarmory
|-sidestart|p1: OUTDragonyte|move: Stealth Rock
|move|p1a: Skarmory|Spikes|p2a: Blissey
|-sidestart|p2: Aim on mai wei|Spikes
|
|-weather|none
|upkeep
|turn|56
|
|t:|1666221030
|switch|p2a: Toxapex|Toxapex, F|36/100
|-damage|p2a: Toxapex|24/100|[from] Stealth Rock
|-damage|p2a: Toxapex|7/100|[from] Spikes
|move|p1a: Skarmory|Body Press|p2a: Toxapex
|-resisted|p2a: Toxapex
|-damage|p2a: Toxapex|0 fnt
|faint|p2a: Toxapex
|
|upkeep
|c|☆OUTDragonyte|lmfao
|
|t:|1666221045
|switch|p2a: Slowking|Slowking-Galar, F|100/100
|-damage|p2a: Slowking|88/100|[from] Stealth Rock
|-damage|p2a: Slowking|72/100|[from] Spikes
|turn|57
|c|☆Aim on mai wei|Can you stop being stupid?
|c|☆OUTDragonyte|?
|inactive|Aim on mai wei has 120 seconds left.
|
|t:|1666221069
|move|p2a: Slowking|Future Sight|p1a: Skarmory
|-start|p2a: Slowking|move: Future Sight
|move|p1a: Skarmory|Spikes|p2a: Slowking
|-sidestart|p2: Aim on mai wei|Spikes
|
|upkeep
|turn|58
|
|t:|1666221077
|switch|p1a: Toxapex|Toxapex, F|100/100
|-damage|p1a: Toxapex|88/100|[from] Stealth Rock
|move|p2a: Slowking|Flamethrower|p1a: Toxapex
|-resisted|p1a: Toxapex
|-damage|p1a: Toxapex|78/100
|
|upkeep
|turn|59
|
|t:|1666221085
|switch|p1a: Skarmory|Skarmory, F|100/100 par
|-damage|p1a: Skarmory|88/100 par|[from] Stealth Rock
|move|p2a: Slowking|Flamethrower|p1a: Skarmory
|-supereffective|p1a: Skarmory
|-damage|p1a: Skarmory|0 fnt
|faint|p1a: Skarmory
|
|-hint|Future Sight did not hit because the target is fainted.
|upkeep
|
|t:|1666221089
|switch|p1a: Tyranitar|Tyranitar, M|27/100
|-damage|p1a: Tyranitar|14/100|[from] Stealth Rock
|-weather|Sandstorm|[from] ability: Sand Stream|[of] p1a: Tyranitar
|turn|60
|
|t:|1666221111
|switch|p2a: Gastrodon|Gastrodon, F|94/100 brn
|-damage|p2a: Gastrodon|88/100 brn|[from] Stealth Rock
|-damage|p2a: Gastrodon|63/100 brn|[from] Spikes
|move|p1a: Tyranitar|Crunch|p2a: Gastrodon
|-damage|p2a: Gastrodon|0 fnt
|faint|p2a: Gastrodon
|
|-weather|Sandstorm|[upkeep]
|upkeep
|
|t:|1666221115
|switch|p2a: Clefable|Clefable, M|100/100
|-damage|p2a: Clefable|88/100|[from] Stealth Rock
|-damage|p2a: Clefable|63/100|[from] Spikes
|turn|61
|inactive|OUTDragonyte has 120 seconds left.
|
|t:|1666221146
|switch|p1a: Toxapex|Toxapex, F|100/100
|-damage|p1a: Toxapex|88/100|[from] Stealth Rock
|move|p2a: Clefable|Soft-Boiled|p2a: Clefable
|-heal|p2a: Clefable|100/100
|
|-weather|Sandstorm|[upkeep]
|-damage|p2a: Clefable|94/100|[from] Sandstorm
|-damage|p1a: Toxapex|82/100|[from] Sandstorm
|-heal|p2a: Clefable|100/100|[from] item: Leftovers
|upkeep
|turn|62
|
|t:|1666221156
|switch|p2a: Slowking|Slowking-Galar, F|100/100
|-damage|p2a: Slowking|88/100|[from] Stealth Rock
|-damage|p2a: Slowking|63/100|[from] Spikes
|move|p1a: Toxapex|Knock Off|p2a: Slowking
|-supereffective|p2a: Slowking
|-damage|p2a: Slowking|41/100
|
|-weather|Sandstorm|[upkeep]
|-damage|p1a: Toxapex|76/100|[from] Sandstorm
|-damage|p2a: Slowking|35/100|[from] Sandstorm
|upkeep
|turn|63
|
|t:|1666221179
|move|p1a: Toxapex|Knock Off|p2a: Slowking
|-supereffective|p2a: Slowking
|-damage|p2a: Slowking|13/100
|move|p2a: Slowking|Future Sight|p1a: Toxapex
|-start|p2a: Slowking|move: Future Sight
|
|-weather|Sandstorm|[upkeep]
|-damage|p1a: Toxapex|70/100|[from] Sandstorm
|-damage|p2a: Slowking|7/100|[from] Sandstorm
|upkeep
|turn|64
|
|t:|1666221195
|switch|p2a: Blissey|Blissey, F|67/100
|move|p1a: Toxapex|Knock Off|p2a: Blissey
|-damage|p2a: Blissey|54/100
|-enditem|p2a: Blissey|Heavy-Duty Boots|[from] move: Knock Off|[of] p1a: Toxapex
|
|-weather|none
|upkeep
|turn|65
|
|t:|1666221207
|switch|p1a: Clefable|Clefable, M|58/100 tox
|move|p2a: Blissey|Seismic Toss|p1a: Clefable
|-damage|p1a: Clefable|32/100 tox
|
|-end|p1a: Clefable|move: Future Sight
|-damage|p1a: Clefable|0 fnt
|faint|p1a: Clefable
|upkeep
|inactive|OUTDragonyte has 120 seconds left.
|
|t:|1666221244
|switch|p1a: Tyranitar|Tyranitar, M|14/100
|-damage|p1a: Tyranitar|2/100|[from] Stealth Rock
|-weather|Sandstorm|[from] ability: Sand Stream|[of] p1a: Tyranitar
|turn|66
|
|t:|1666221260
|switch|p2a: Slowking|Slowking-Galar, F|40/100
|-damage|p2a: Slowking|28/100|[from] Stealth Rock
|-damage|p2a: Slowking|3/100|[from] Spikes
|move|p1a: Tyranitar|Stone Edge|p2a: Slowking
|-damage|p2a: Slowking|0 fnt
|faint|p2a: Slowking
|
|-weather|Sandstorm|[upkeep]
|upkeep
|
|t:|1666221270
|switch|p2a: Blissey|Blissey, F|54/100
|-damage|p2a: Blissey|41/100|[from] Stealth Rock
|-damage|p2a: Blissey|16/100|[from] Spikes
|turn|67
|
|t:|1666221276
|move|p1a: Tyranitar|Stone Edge|p2a: Blissey
|-damage|p2a: Blissey|0 fnt
|faint|p2a: Blissey
|
|-weather|Sandstorm|[upkeep]
|upkeep
|
|t:|1666221278
|switch|p2a: Clefable|Clefable, M|100/100
|-damage|p2a: Clefable|88/100|[from] Stealth Rock
|-damage|p2a: Clefable|63/100|[from] Spikes
|turn|68
|
|t:|1666221284
|-activate|p1a: Tyranitar|move: Struggle
|move|p1a: Tyranitar|Struggle|p2a: Clefable
|-damage|p2a: Clefable|40/100
|-damage|p1a: Tyranitar|0 fnt|[from] recoil
|faint|p1a: Tyranitar
|move|p2a: Clefable|Soft-Boiled|p2a: Clefable
|-heal|p2a: Clefable|90/100
|
|-weather|Sandstorm|[upkeep]
|-damage|p2a: Clefable|84/100|[from] Sandstorm
|-heal|p2a: Clefable|90/100|[from] item: Leftovers
|upkeep
|
|t:|1666221287
|switch|p1a: Toxapex|Toxapex, F|100/100
|-damage|p1a: Toxapex|88/100|[from] Stealth Rock
|turn|69
|c|☆OUTDragonyte|chip
|
|t:|1666221292
|move|p2a: Clefable|Calm Mind|p2a: Clefable
|-boost|p2a: Clefable|spa|1
|-boost|p2a: Clefable|spd|1
|move|p1a: Toxapex|Toxic|p2a: Clefable
|-status|p2a: Clefable|tox
|
|-weather|Sandstorm|[upkeep]
|-damage|p2a: Clefable|84/100 tox|[from] Sandstorm
|-damage|p1a: Toxapex|82/100|[from] Sandstorm
|-heal|p2a: Clefable|90/100 tox|[from] item: Leftovers
|-damage|p2a: Clefable|84/100 tox|[from] psn
|upkeep
|turn|70
|j| supah hawt fire
|
|t:|1666221303
|move|p2a: Clefable|Calm Mind|p2a: Clefable
|-boost|p2a: Clefable|spa|1
|-boost|p2a: Clefable|spd|1
|move|p1a: Toxapex|Knock Off|p2a: Clefable
|-resisted|p2a: Clefable
|-damage|p2a: Clefable|78/100 tox
|-enditem|p2a: Clefable|Leftovers|[from] move: Knock Off|[of] p1a: Toxapex
|
|-weather|none
|-damage|p2a: Clefable|65/100 tox|[from] psn
|upkeep
|turn|71
|
|t:|1666221313
|move|p2a: Clefable|Heal Bell|p2a: Clefable
|-activate|p2a: Clefable|move: Heal Bell
|-curestatus|p2a: Clefable|tox|[msg]
|move|p1a: Toxapex|Toxic|p2a: Clefable
|-status|p2a: Clefable|tox
|
|-damage|p2a: Clefable|59/100 tox|[from] psn
|upkeep
|turn|72
|
|t:|1666221325
|move|p2a: Clefable|Calm Mind|p2a: Clefable
|-boost|p2a: Clefable|spa|1
|-boost|p2a: Clefable|spd|1
|move|p1a: Toxapex|Knock Off|p2a: Clefable
|-resisted|p2a: Clefable
|-damage|p2a: Clefable|55/100 tox
|
|-damage|p2a: Clefable|43/100 tox|[from] psn
|upkeep
|turn|73
|c| supah hawt fire|☆OUTDragonyte: why am i playing a 1900
|c| supah hawt fire|☆Aim on mai wei: dw I’m not good
|c| supah hawt fire|☆OUTDragonyte: ik
|c| supah hawt fire|☆OUTDragonyte: ur using stall on ladder
|
|t:|1666221330
|move|p2a: Clefable|Soft-Boiled|p2a: Clefable
|-heal|p2a: Clefable|93/100 tox
|move|p1a: Toxapex|Toxic|p2a: Clefable
|-fail|p2a: Clefable|tox
|
|-damage|p2a: Clefable|75/100 tox|[from] psn
|upkeep
|turn|74
|c| supah hawt fire|LMAO
|inactive|Aim on mai wei has 120 seconds left.
|c|☆OUTDragonyte|test
|
|t:|1666221364
|move|p2a: Clefable|Calm Mind|p2a: Clefable
|-boost|p2a: Clefable|spa|1
|-boost|p2a: Clefable|spd|1
|move|p1a: Toxapex|Toxic Spikes|p2a: Clefable
|-sidestart|p2: Aim on mai wei|move: Toxic Spikes
|
|-damage|p2a: Clefable|50/100 tox|[from] psn
|upkeep
|turn|75
|
|t:|1666221379
|move|p2a: Clefable|Soft-Boiled|p2a: Clefable
|-heal|p2a: Clefable|100/100 tox
|move|p1a: Toxapex|Toxic|p2a: Clefable
|-fail|p2a: Clefable|tox
|
|-damage|p2a: Clefable|70/100 tox|[from] psn
|upkeep
|turn|76
|j| SweetJellyDonut
|
|t:|1666221390
|move|p2a: Clefable|Heal Bell|p2a: Clefable
|-activate|p2a: Clefable|move: Heal Bell
|-curestatus|p2a: Clefable|tox|[msg]
|move|p1a: Toxapex|Toxic|p2a: Clefable
|-status|p2a: Clefable|tox
|
|-damage|p2a: Clefable|64/100 tox|[from] psn
|upkeep
|turn|77
|
|t:|1666221394
|move|p2a: Clefable|Calm Mind|p2a: Clefable
|-boost|p2a: Clefable|spa|1
|-boost|p2a: Clefable|spd|1
|move|p1a: Toxapex|Toxic Spikes|p2a: Clefable
|-sidestart|p2: Aim on mai wei|move: Toxic Spikes
|
|-damage|p2a: Clefable|52/100 tox|[from] psn
|upkeep
|turn|78
|inactive|OUTDragonyte has 120 seconds left.
|
|t:|1666221432
|move|p2a: Clefable|Soft-Boiled|p2a: Clefable
|-heal|p2a: Clefable|100/100 tox
|move|p1a: Toxapex|Recover|p1a: Toxapex
|-heal|p1a: Toxapex|100/100
|
|-damage|p2a: Clefable|82/100 tox|[from] psn
|upkeep
|turn|79
|inactive|OUTDragonyte has 120 seconds left.
|
|t:|1666221450
|move|p2a: Clefable|Calm Mind|p2a: Clefable
|-boost|p2a: Clefable|spa|1
|-boost|p2a: Clefable|spd|1
|move|p1a: Toxapex|Knock Off|p2a: Clefable
|-resisted|p2a: Clefable
|-damage|p2a: Clefable|78/100 tox
|
|-damage|p2a: Clefable|54/100 tox|[from] psn
|upkeep
|turn|80
|
|t:|1666221457
|move|p2a: Clefable|Soft-Boiled|p2a: Clefable
|-heal|p2a: Clefable|100/100 tox
|move|p1a: Toxapex|Knock Off|p2a: Clefable
|-resisted|p2a: Clefable
|-damage|p2a: Clefable|96/100 tox
|
|-damage|p2a: Clefable|66/100 tox|[from] psn
|upkeep
|turn|81
|
|t:|1666221462
|move|p2a: Clefable|Heal Bell|p2a: Clefable
|-activate|p2a: Clefable|move: Heal Bell
|-curestatus|p2a: Clefable|tox|[msg]
|move|p1a: Toxapex|Toxic|p2a: Clefable
|-status|p2a: Clefable|tox
|
|-damage|p2a: Clefable|60/100 tox|[from] psn
|upkeep
|turn|82
|
|t:|1666221468
|move|p2a: Clefable|Moonblast|p1a: Toxapex
|-resisted|p1a: Toxapex
|-damage|p1a: Toxapex|56/100
|-unboost|p1a: Toxapex|spa|1
|move|p1a: Toxapex|Toxic Spikes||[still]
|-fail|p1a: Toxapex
|
|-damage|p2a: Clefable|47/100 tox|[from] psn
|upkeep
|turn|83
|
|t:|1666221475
|move|p2a: Clefable|Heal Bell|p2a: Clefable
|-activate|p2a: Clefable|move: Heal Bell
|-curestatus|p2a: Clefable|tox|[msg]
|move|p1a: Toxapex|Recover|p1a: Toxapex
|-heal|p1a: Toxapex|100/100
|
|upkeep
|turn|84
|
|t:|1666221480
|move|p2a: Clefable|Moonblast|p1a: Toxapex
|-resisted|p1a: Toxapex
|-crit|p1a: Toxapex
|-damage|p1a: Toxapex|36/100
|move|p1a: Toxapex|Toxic|p2a: Clefable
|-status|p2a: Clefable|tox
|
|-damage|p2a: Clefable|41/100 tox|[from] psn
|upkeep
|turn|85
|c|☆OUTDragonyte|n
|c|☆OUTDragonyte|oo
|c|☆OUTDragonyte|no
|c|☆OUTDragonyte|no
|c|☆OUTDragonyte|no
|c|☆OUTDragonyte|no
|
|t:|1666221488
|switch|p1a: Rotom|Rotom-Wash|63/100 brn
|-damage|p1a: Rotom|50/100 brn|[from] Stealth Rock
|move|p2a: Clefable|Moonblast|p1a: Rotom
|-damage|p1a: Rotom|0 fnt
|faint|p1a: Rotom
|
|-damage|p2a: Clefable|29/100 tox|[from] psn
|upkeep
|j| Udfhr
|
|t:|1666221490
|switch|p1a: Toxapex|Toxapex, F|69/100
|-damage|p1a: Toxapex|57/100|[from] Stealth Rock
|turn|86
|c| supah hawt fire|1 more crit
|c| supah hawt fire|all he needs
|c|☆OUTDragonyte|that would be a joke and a half
|
|t:|1666221505
|move|p2a: Clefable|Moonblast|p1a: Toxapex
|-resisted|p1a: Toxapex
|-damage|p1a: Toxapex|13/100
|-unboost|p1a: Toxapex|spa|1
|move|p1a: Toxapex|Recover|p1a: Toxapex
|-heal|p1a: Toxapex|63/100
|
|-damage|p2a: Clefable|11/100 tox|[from] psn
|upkeep
|turn|87
|
|t:|1666221516
|move|p2a: Clefable|Heal Bell|p2a: Clefable
|-activate|p2a: Clefable|move: Heal Bell
|-curestatus|p2a: Clefable|tox|[msg]
|move|p1a: Toxapex|Recover|p1a: Toxapex
|-heal|p1a: Toxapex|100/100
|
|upkeep
|turn|88
|
|t:|1666221521
|move|p2a: Clefable|Soft-Boiled|p2a: Clefable
|-heal|p2a: Clefable|61/100
|move|p1a: Toxapex|Toxic|p2a: Clefable
|-status|p2a: Clefable|tox
|
|-damage|p2a: Clefable|55/100 tox|[from] psn
|upkeep
|turn|89
|
|t:|1666221531
|move|p2a: Clefable|Soft-Boiled|p2a: Clefable
|-heal|p2a: Clefable|100/100 tox
|move|p1a: Toxapex|Knock Off|p2a: Clefable
|-resisted|p2a: Clefable
|-damage|p2a: Clefable|97/100 tox
|
|-damage|p2a: Clefable|85/100 tox|[from] psn
|upkeep
|turn|90
|
|t:|1666221536
|move|p2a: Clefable|Moonblast|p1a: Toxapex
|-resisted|p1a: Toxapex
|-damage|p1a: Toxapex|56/100
|move|p1a: Toxapex|Toxic|p2a: Clefable
|-fail|p2a: Clefable|tox
|
|-damage|p2a: Clefable|66/100 tox|[from] psn
|upkeep
|turn|91
|
|t:|1666221542
|move|p2a: Clefable|Heal Bell|p2a: Clefable
|-activate|p2a: Clefable|move: Heal Bell
|-curestatus|p2a: Clefable|tox|[msg]
|move|p1a: Toxapex|Recover|p1a: Toxapex
|-heal|p1a: Toxapex|100/100
|
|upkeep
|turn|92
|
|t:|1666221545
|move|p2a: Clefable|Moonblast|p1a: Toxapex
|-resisted|p1a: Toxapex
|-damage|p1a: Toxapex|59/100
|move|p1a: Toxapex|Toxic|p2a: Clefable
|-status|p2a: Clefable|tox
|
|-damage|p2a: Clefable|60/100 tox|[from] psn
|upkeep
|turn|93
|
|t:|1666221552
|move|p2a: Clefable|Moonblast|p1a: Toxapex
|-resisted|p1a: Toxapex
|-damage|p1a: Toxapex|16/100
|move|p1a: Toxapex|Recover|p1a: Toxapex
|-heal|p1a: Toxapex|67/100
|
|-damage|p2a: Clefable|48/100 tox|[from] psn
|upkeep
|turn|94
|
|t:|1666221561
|move|p2a: Clefable|Soft-Boiled|p2a: Clefable
|-heal|p2a: Clefable|98/100 tox
|move|p1a: Toxapex|Recover|p1a: Toxapex
|-heal|p1a: Toxapex|100/100
|
|-damage|p2a: Clefable|80/100 tox|[from] psn
|upkeep
|turn|95
|
|t:|1666221567
|move|p2a: Clefable|Moonblast|p1a: Toxapex
|-resisted|p1a: Toxapex
|-damage|p1a: Toxapex|55/100
|-unboost|p1a: Toxapex|spa|1
|move|p1a: Toxapex|Toxic|p2a: Clefable
|-fail|p2a: Clefable|tox
|
|-damage|p2a: Clefable|55/100 tox|[from] psn
|upkeep
|turn|96
|
|t:|1666221573
|move|p2a: Clefable|Heal Bell|p2a: Clefable
|-activate|p2a: Clefable|move: Heal Bell
|-curestatus|p2a: Clefable|tox|[msg]
|move|p1a: Toxapex|Recover|p1a: Toxapex
|-heal|p1a: Toxapex|100/100
|
|upkeep
|turn|97
|
|t:|1666221576
|move|p2a: Clefable|Moonblast|p1a: Toxapex
|-resisted|p1a: Toxapex
|-damage|p1a: Toxapex|55/100
|move|p1a: Toxapex|Toxic|p2a: Clefable
|-status|p2a: Clefable|tox
|
|-damage|p2a: Clefable|49/100 tox|[from] psn
|upkeep
|turn|98
|
|t:|1666221580
|move|p2a: Clefable|Moonblast|p1a: Toxapex
|-resisted|p1a: Toxapex
|-damage|p1a: Toxapex|10/100
|move|p1a: Toxapex|Recover|p1a: Toxapex
|-heal|p1a: Toxapex|60/100
|
|-damage|p2a: Clefable|37/100 tox|[from] psn
|upkeep
|turn|99
|
|t:|1666221589
|move|p2a: Clefable|Soft-Boiled|p2a: Clefable
|-heal|p2a: Clefable|87/100 tox
|move|p1a: Toxapex|Recover|p1a: Toxapex
|-heal|p1a: Toxapex|100/100
|
|-damage|p2a: Clefable|69/100 tox|[from] psn
|upkeep
|turn|100
|j| BabyPigsAreLaughin
|
|t:|1666221606
|move|p2a: Clefable|Moonblast|p1a: Toxapex
|-resisted|p1a: Toxapex
|-damage|p1a: Toxapex|60/100
|move|p1a: Toxapex|Knock Off|p2a: Clefable
|-resisted|p2a: Clefable
|-damage|p2a: Clefable|65/100 tox
|
|-damage|p2a: Clefable|40/100 tox|[from] psn
|upkeep
|turn|101
|
|t:|1666221616
|move|p2a: Clefable|Soft-Boiled|p2a: Clefable
|-heal|p2a: Clefable|90/100 tox
|move|p1a: Toxapex|Recover|p1a: Toxapex
|-heal|p1a: Toxapex|100/100
|
|-damage|p2a: Clefable|60/100 tox|[from] psn
|upkeep
|turn|102
|
|t:|1666221626
|move|p2a: Clefable|Soft-Boiled|p2a: Clefable
|-heal|p2a: Clefable|100/100 tox
|move|p1a: Toxapex|Toxic|p2a: Clefable
|-fail|p2a: Clefable|tox
|
|-damage|p2a: Clefable|64/100 tox|[from] psn
|upkeep
|turn|103
|c| BabyPigsAreLaughin|That Toxic damage, though.
|
|t:|1666221641
|move|p2a: Clefable|Soft-Boiled|p2a: Clefable
|-heal|p2a: Clefable|100/100 tox
|move|p1a: Toxapex|Toxic|p2a: Clefable
|-fail|p2a: Clefable|tox
|
|-damage|p2a: Clefable|58/100 tox|[from] psn
|upkeep
|turn|104
|c| SweetJellyDonut|Burning your recovery for no reason
|c| outd bad dream|1 crit away to the match
|inactive|OUTDragonyte has 120 seconds left.
|
|t:|1666221666
|move|p2a: Clefable|Heal Bell|p2a: Clefable
|-activate|p2a: Clefable|move: Heal Bell
|-curestatus|p2a: Clefable|tox|[msg]
|move|p1a: Toxapex|Knock Off|p2a: Clefable
|-resisted|p2a: Clefable
|-damage|p2a: Clefable|54/100
|
|upkeep
|turn|105
|c|☆OUTDragonyte|lmao
|c|☆OUTDragonyte|im ass
|
|t:|1666221672
|move|p2a: Clefable|Moonblast|p1a: Toxapex
|-resisted|p1a: Toxapex
|-damage|p1a: Toxapex|58/100
|move|p1a: Toxapex|Toxic|p2a: Clefable
|-status|p2a: Clefable|tox
|
|-damage|p2a: Clefable|47/100 tox|[from] psn
|upkeep
|turn|106
|
|t:|1666221675
|move|p2a: Clefable|Moonblast|p1a: Toxapex
|-resisted|p1a: Toxapex
|-damage|p1a: Toxapex|16/100
|move|p1a: Toxapex|Recover|p1a: Toxapex
|-heal|p1a: Toxapex|67/100
|
|-damage|p2a: Clefable|35/100 tox|[from] psn
|upkeep
|turn|107
|
|t:|1666221681
|move|p2a: Clefable|Moonblast|p1a: Toxapex
|-resisted|p1a: Toxapex
|-damage|p1a: Toxapex|21/100
|move|p1a: Toxapex|Recover|p1a: Toxapex
|-heal|p1a: Toxapex|71/100
|
|-damage|p2a: Clefable|17/100 tox|[from] psn
|upkeep
|turn|108
|c|☆OUTDragonyte|GG
|
|t:|1666221688
|move|p2a: Clefable|Soft-Boiled|p2a: Clefable
|-heal|p2a: Clefable|67/100 tox
|move|p1a: Toxapex|Recover|p1a: Toxapex
|-heal|p1a: Toxapex|100/100
|
|-damage|p2a: Clefable|43/100 tox|[from] psn
|upkeep
|turn|109
|
|t:|1666221696
|move|p2a: Clefable|Soft-Boiled|p2a: Clefable
|-heal|p2a: Clefable|93/100 tox
|move|p1a: Toxapex|Recover||[still]
|-fail|p1a: Toxapex|heal
|
|-damage|p2a: Clefable|62/100 tox|[from] psn
|upkeep
|turn|110
|
|t:|1666221699
|move|p2a: Clefable|Moonblast|p1a: Toxapex
|-resisted|p1a: Toxapex
|-damage|p1a: Toxapex|57/100
|move|p1a: Toxapex|Recover|p1a: Toxapex
|-heal|p1a: Toxapex|100/100
|
|-damage|p2a: Clefable|26/100 tox|[from] psn
|upkeep
|turn|111
|l| SweetJellyDonut
|c| outd bad dream|still he need ONE crit and it's gg
|
|t:|1666221708
|move|p2a: Clefable|Moonblast|p1a: Toxapex
|-resisted|p1a: Toxapex
|-damage|p1a: Toxapex|61/100
|-unboost|p1a: Toxapex|spa|1
|move|p1a: Toxapex|Toxic Spikes||[still]
|-fail|p1a: Toxapex
|
|-damage|p2a: Clefable|0 fnt|[from] psn
|faint|p2a: Clefable
|
|win|OUTDragonyte
|upkeep
|raw|OUTDragonyte's rating: 1637 &rarr; <strong>1670</strong><br />(+33 for winning)
|raw|Aim on mai wei's rating: 1915 &rarr; <strong>1882</strong><br />(-33 for losing)
|c| outd bad dream|yeah nah
