|j|☆Geenobe
|j|☆minimax_ai
|t:|1667799448
|gametype|singles
|player|p1|Geenobe|1|1680
|player|p2|minimax_ai|169|1609
|teamsize|p1|6
|teamsize|p2|6
|gen|8
|tier|[Gen 8] OU
|rated|
|rule|Sleep Clause Mod: Limit one foe put to sleep
|rule|Species Clause: Limit one of each Pokémon
|rule|OHKO Clause: OHKO moves are banned
|rule|Evasion Items Clause: Evasion items are banned
|rule|Evasion Moves Clause: Evasion moves are banned
|rule|Endless Battle Clause: Forcing endless battles is banned
|rule|HP Percentage Mod: HP is shown in percentages
|rule|Dynamax Clause: You cannot dynamax
|clearpoke
|poke|p1|Torkoal, M|
|poke|p1|Venusaur, M|
|poke|p1|Regieleki|
|poke|p1|Landorus-Therian, M|
|poke|p1|Bisharp, M|
|poke|p1|Charizard, F|
|poke|p2|Rotom-Wash|
|poke|p2|Weavile, F|
|poke|p2|Landorus-Therian, M|
|poke|p2|Heatran, M|
|poke|p2|Tangrowth, M|
|poke|p2|Melmetal|
|teampreview
|c|☆minimax_ai|hf
|inactive|Battle timer is ON: inactive players will automatically lose when time's up. (requested by minimax_ai)
|j| westcottike
|c|☆Geenobe|U2
|
|t:|1667799461
|start
|switch|p1a: Torkoal|Torkoal, M|100/100
|switch|p2a: landorustherian|Landorus-Therian, M|100/100
|-ability|p2a: landorustherian|Intimidate|boost
|-unboost|p1a: Torkoal|atk|1
|-weather|SunnyDay|[from] ability: Drought|[of] p1a: Torkoal
|turn|1
|
|t:|1667799464
|switch|p1a: Charizard|Charizard, F|100/100
|move|p2a: landorustherian|U-turn|p1a: Charizard
|-resisted|p1a: Charizard
|-damage|p1a: Charizard|93/100
|
|t:|1667799465
|switch|p2a: Weavile|Weavile, F|100/100|[from]move: U-turn
|-ability|p2a: Weavile|Pressure
|
|-weather|SunnyDay|[upkeep]
|-damage|p1a: Charizard|81/100|[from] ability: Solar Power|[of] p1a: Charizard
|upkeep
|turn|2
|
|t:|1667799469
|move|p2a: Weavile|Knock Off|p1a: Charizard
|-damage|p1a: Charizard|0 fnt
|-enditem|p1a: Charizard|Choice Specs|[from] move: Knock Off|[of] p2a: Weavile
|faint|p1a: Charizard
|
|-weather|SunnyDay|[upkeep]
|upkeep
|
|t:|1667799476
|switch|p1a: Venusaur|Venusaur, M|100/100
|turn|3
|
|t:|1667799480
|switch|p2a: Heatran|Heatran, M|100/100
|-item|p2a: Heatran|Air Balloon
|move|p1a: Venusaur|Growth|p1a: Venusaur
|-boost|p1a: Venusaur|atk|2
|-boost|p1a: Venusaur|spa|2
|
|-weather|SunnyDay|[upkeep]
|upkeep
|turn|4
|
|t:|1667799484
|move|p1a: Venusaur|Giga Drain|p2a: Heatran
|-resisted|p2a: Heatran
|-damage|p2a: Heatran|79/100
|-enditem|p2a: Heatran|Air Balloon
|-damage|p1a: Venusaur|91/100|[from] item: Life Orb
|move|p2a: Heatran|Eruption|p1a: Venusaur
|-supereffective|p1a: Venusaur
|-damage|p1a: Venusaur|0 fnt
|faint|p1a: Venusaur
|
|-weather|SunnyDay|[upkeep]
|upkeep
|
|t:|1667799491
|switch|p1a: Regieleki|Regieleki|100/100
|turn|5
|c|☆Geenobe|gg
|-message|Geenobe forfeited.
|
|win|minimax_ai
|raw|Geenobe's rating: 1680 &rarr; <strong>1656</strong><br />(-24 for losing)
|raw|minimax_ai's rating: 1609 &rarr; <strong>1633</strong><br />(+24 for winning)
|c|☆minimax_ai|gg
|l|☆Geenobe
