|j|☆Chokst du
|j|☆Down$hift
|t:|1657134970
|gametype|singles
|player|p1|Chokst du|101|1780
|player|p2|Down$hift|teamrocket|1720
|teamsize|p1|6
|teamsize|p2|6
|gen|8
|tier|[Gen 8] OU
|rated|
|rule|Sleep Clause Mod: Limit one foe put to sleep
|rule|Species Clause: Limit one of each Pokémon
|rule|OHKO Clause: OHKO moves are banned
|rule|Evasion Moves Clause: Evasion moves are banned
|rule|Endless Battle Clause: Forcing endless battles is banned
|rule|HP Percentage Mod: HP is shown in percentages
|rule|Dynamax Clause: You cannot dynamax
|clearpoke
|poke|p1|Dragapult, M|
|poke|p1|Tornadus-Therian, M|
|poke|p1|Gastrodon, M|
|poke|p1|Clefable, M|
|poke|p1|Ferrothorn, M|
|poke|p1|Heatran, M|
|poke|p2|Magnezone|
|poke|p2|Volcarona, F|
|poke|p2|Clefable, F|
|poke|p2|Tornadus-Therian, M|
|poke|p2|Toxapex, F|
|poke|p2|Landorus-Therian, M|
|teampreview
|c|☆Down$hift|hf
|c|☆Chokst du|hf
|
|t:|1657134998
|start
|switch|p1a: Dragapult|Dragapult, M|100/100
|switch|p2a: Pink Menace|Clefable, F|100/100
|turn|1
|
|t:|1657135002
|move|p1a: Dragapult|U-turn|p2a: Pink Menace
|-resisted|p2a: Pink Menace
|-damage|p2a: Pink Menace|86/100
|-damage|p1a: Dragapult|84/100|[from] item: Rocky Helmet|[of] p2a: Pink Menace
|
|t:|1657135006
|switch|p1a: Tornadus|Tornadus-Therian, M|100/100|[from]move: U-turn
|move|p2a: Pink Menace|Stealth Rock|p1a: Tornadus
|-sidestart|p1: Chokst du|move: Stealth Rock
|
|upkeep
|turn|2
|
|t:|1657135011
|move|p1a: Tornadus|Knock Off|p2a: Pink Menace
|-resisted|p2a: Pink Menace
|-damage|p2a: Pink Menace|79/100
|-damage|p1a: Tornadus|84/100|[from] item: Rocky Helmet|[of] p2a: Pink Menace
|-enditem|p2a: Pink Menace|Rocky Helmet|[from] move: Knock Off|[of] p1a: Tornadus
|move|p2a: Pink Menace|Wish|p2a: Pink Menace
|
|upkeep
|turn|3
|
|t:|1657135014
|move|p1a: Tornadus|Defog|p2a: Pink Menace
|-unboost|p2a: Pink Menace|evasion|1
|-sideend|p1: Chokst du|Stealth Rock|[from] move: Defog|[of] p1a: Tornadus
|move|p2a: Pink Menace|Moonblast|p1a: Tornadus
|-damage|p1a: Tornadus|54/100
|
|-heal|p2a: Pink Menace|100/100|[from] move: Wish|[wisher] Pink Menace
|upkeep
|turn|4
|
|t:|1657135017
|move|p1a: Tornadus|Hurricane|p2a: Pink Menace
|-damage|p2a: Pink Menace|65/100
|move|p2a: Pink Menace|Stealth Rock|p1a: Tornadus
|-sidestart|p1: Chokst du|move: Stealth Rock
|
|upkeep
|turn|5
|
|t:|1657135020
|move|p1a: Tornadus|Hurricane|p2a: Pink Menace
|-damage|p2a: Pink Menace|28/100
|move|p2a: Pink Menace|Soft-Boiled|p2a: Pink Menace
|-heal|p2a: Pink Menace|78/100
|
|upkeep
|turn|6
|
|t:|1657135027
|move|p1a: Tornadus|Defog|p2a: Pink Menace
|-unboost|p2a: Pink Menace|evasion|1
|-sideend|p1: Chokst du|Stealth Rock|[from] move: Defog|[of] p1a: Tornadus
|move|p2a: Pink Menace|Wish|p2a: Pink Menace
|
|upkeep
|turn|7
|
|t:|1657135030
|move|p1a: Tornadus|Hurricane|p2a: Pink Menace
|-damage|p2a: Pink Menace|39/100
|-start|p2a: Pink Menace|confusion
|-activate|p2a: Pink Menace|confusion
|move|p2a: Pink Menace|Stealth Rock|p1a: Tornadus
|-sidestart|p1: Chokst du|move: Stealth Rock
|
|-heal|p2a: Pink Menace|89/100|[from] move: Wish|[wisher] Pink Menace
|upkeep
|turn|8
|
|t:|1657135034
|move|p1a: Tornadus|Defog|p2a: Pink Menace
|-unboost|p2a: Pink Menace|evasion|1
|-sideend|p1: Chokst du|Stealth Rock|[from] move: Defog|[of] p1a: Tornadus
|-activate|p2a: Pink Menace|confusion
|-damage|p2a: Pink Menace|85/100|[from] confusion
|
|upkeep
|turn|9
|
|t:|1657135037
|move|p1a: Tornadus|U-turn|p2a: Pink Menace
|-resisted|p2a: Pink Menace
|-damage|p2a: Pink Menace|80/100
|
|t:|1657135039
|switch|p1a: Heatran|Heatran, M|100/100|[from]move: U-turn
|-activate|p2a: Pink Menace|confusion
|-damage|p2a: Pink Menace|76/100|[from] confusion
|
|upkeep
|turn|10
|
|t:|1657135042
|switch|p2a: Prédastérie|Toxapex, F|100/100
|move|p1a: Heatran|Eruption|p2a: Prédastérie
|-resisted|p2a: Prédastérie
|-damage|p2a: Prédastérie|57/100
|-enditem|p2a: Prédastérie|Eject Button
|
|t:|1657135046
|switch|p2a: LandOUrus-T|Landorus-Therian, M|100/100
|-ability|p2a: LandOUrus-T|Intimidate|boost
|-unboost|p1a: Heatran|atk|1
|
|upkeep
|turn|11
|
|t:|1657135050
|switch|p1a: Clefable|Clefable, M|100/100
|move|p2a: LandOUrus-T|U-turn|p1a: Clefable
|-resisted|p1a: Clefable
|-damage|p1a: Clefable|90/100
|-damage|p2a: LandOUrus-T|84/100|[from] item: Rocky Helmet|[of] p1a: Clefable
|
|t:|1657135058
|switch|p2a: Pink Menace|Clefable, F|76/100|[from]move: U-turn
|
|upkeep
|turn|12
|
|t:|1657135061
|switch|p1a: Tornadus|Tornadus-Therian, M|87/100
|move|p2a: Pink Menace|Stealth Rock|p1a: Tornadus
|-sidestart|p1: Chokst du|move: Stealth Rock
|
|upkeep
|turn|13
|
|t:|1657135065
|move|p1a: Tornadus|Defog|p2a: Pink Menace
|-unboost|p2a: Pink Menace|evasion|1
|-sideend|p1: Chokst du|Stealth Rock|[from] move: Defog|[of] p1a: Tornadus
|move|p2a: Pink Menace|Soft-Boiled|p2a: Pink Menace
|-heal|p2a: Pink Menace|100/100
|
|upkeep
|turn|14
|
|t:|1657135067
|move|p1a: Tornadus|Hurricane|p2a: Pink Menace
|-damage|p2a: Pink Menace|61/100
|-start|p2a: Pink Menace|confusion
|-activate|p2a: Pink Menace|confusion
|move|p2a: Pink Menace|Stealth Rock|p1a: Tornadus
|-sidestart|p1: Chokst du|move: Stealth Rock
|
|upkeep
|turn|15
|
|t:|1657135070
|move|p1a: Tornadus|Defog|p2a: Pink Menace
|-unboost|p2a: Pink Menace|evasion|1
|-sideend|p1: Chokst du|Stealth Rock|[from] move: Defog|[of] p1a: Tornadus
|-activate|p2a: Pink Menace|confusion
|-damage|p2a: Pink Menace|57/100|[from] confusion
|
|upkeep
|turn|16
|
|t:|1657135072
|move|p1a: Tornadus|U-turn|p2a: Pink Menace
|-resisted|p2a: Pink Menace
|-damage|p2a: Pink Menace|51/100
|
|t:|1657135074
|switch|p1a: Heatran|Heatran, M|100/100|[from]move: U-turn
|-activate|p2a: Pink Menace|confusion
|move|p2a: Pink Menace|Soft-Boiled|p2a: Pink Menace
|-heal|p2a: Pink Menace|100/100
|
|upkeep
|turn|17
|
|t:|1657135077
|switch|p2a: Prédastérie|Toxapex, F|90/100
|move|p1a: Heatran|Eruption|p2a: Prédastérie
|-resisted|p2a: Prédastérie
|-damage|p2a: Prédastérie|47/100
|
|upkeep
|turn|18
|
|t:|1657135080
|move|p1a: Heatran|Eruption|p2a: Prédastérie
|-resisted|p2a: Prédastérie
|-damage|p2a: Prédastérie|7/100
|move|p2a: Prédastérie|Recover|p2a: Prédastérie
|-heal|p2a: Prédastérie|57/100
|
|upkeep
|turn|19
|
|t:|1657135086
|switch|p1a: Clefable|Clefable, M|90/100
|move|p2a: Prédastérie|Recover|p2a: Prédastérie
|-heal|p2a: Prédastérie|100/100
|
|upkeep
|turn|20
|
|t:|1657135089
|switch|p2a: Pink Menace|Clefable, F|100/100
|move|p1a: Clefable|Stealth Rock|p2a: Pink Menace
|-sidestart|p2: Down$hift|move: Stealth Rock
|
|upkeep
|turn|21
|
|t:|1657135091
|switch|p1a: Heatran|Heatran, M|100/100
|move|p2a: Pink Menace|Stealth Rock|p1a: Heatran
|-sidestart|p1: Chokst du|move: Stealth Rock
|
|upkeep
|turn|22
|
|t:|1657135094
|switch|p2a: Prédastérie|Toxapex, F|100/100
|-damage|p2a: Prédastérie|88/100|[from] Stealth Rock
|move|p1a: Heatran|Eruption|p2a: Prédastérie
|-resisted|p2a: Prédastérie
|-damage|p2a: Prédastérie|42/100
|
|upkeep
|turn|23
|j| anirui
|
|t:|1657135102
|move|p1a: Heatran|Eruption|p2a: Prédastérie
|-resisted|p2a: Prédastérie
|-damage|p2a: Prédastérie|0 fnt
|faint|p2a: Prédastérie
|
|upkeep
|
|t:|1657135107
|switch|p2a: LandOUrus-T|Landorus-Therian, M|84/100
|-damage|p2a: LandOUrus-T|72/100|[from] Stealth Rock
|-ability|p2a: LandOUrus-T|Intimidate|boost
|-unboost|p1a: Heatran|atk|1
|turn|24
|
|t:|1657135113
|switch|p1a: Clefable|Clefable, M|90/100
|move|p2a: LandOUrus-T|U-turn|p1a: Clefable
|-resisted|p1a: Clefable
|-damage|p1a: Clefable|80/100
|-damage|p2a: LandOUrus-T|55/100|[from] item: Rocky Helmet|[of] p1a: Clefable
|
|t:|1657135119
|switch|p2a: Pandemic|Volcarona, F|100/100|[from]move: U-turn
|
|upkeep
|turn|25
|inactive|Battle timer is ON: inactive players will automatically lose when time's up. (requested by Down$hift)
|
|t:|1657135132
|switch|p1a: Dragapult|Dragapult, M|84/100
|-damage|p1a: Dragapult|72/100|[from] Stealth Rock
|move|p2a: Pandemic|Quiver Dance|p2a: Pandemic
|-boost|p2a: Pandemic|spa|1
|-boost|p2a: Pandemic|spd|1
|-boost|p2a: Pandemic|spe|1
|
|upkeep
|turn|26
|
|t:|1657135136
|switch|p2a: Pink Menace|Clefable, F|100/100
|move|p1a: Dragapult|Dragon Darts|p2a: Pink Menace
|-immune|p2a: Pink Menace
|
|upkeep
|turn|27
|l| anirui
|j| CB Bhris Breezy
|
|t:|1657135143
|switch|p1a: Tornadus|Tornadus-Therian, M|100/100
|switch|p2a: LandOUrus-T|Landorus-Therian, M|55/100
|-damage|p2a: LandOUrus-T|43/100|[from] Stealth Rock
|-ability|p2a: LandOUrus-T|Intimidate|boost
|-unboost|p1a: Tornadus|atk|1
|
|upkeep
|turn|28
|j| TheMightyDRE
|
|t:|1657135147
|switch|p2a: Pink Menace|Clefable, F|100/100
|move|p1a: Tornadus|Defog|p2a: Pink Menace
|-unboost|p2a: Pink Menace|evasion|1
|-sideend|p2: Down$hift|Stealth Rock|[from] move: Defog|[of] p1a: Tornadus
|-sideend|p1: Chokst du|Stealth Rock|[from] move: Defog|[of] p1a: Tornadus
|
|upkeep
|turn|29
|
|t:|1657135151
|move|p1a: Tornadus|Hurricane|p2a: Pink Menace
|-damage|p2a: Pink Menace|63/100
|-start|p2a: Pink Menace|confusion
|-activate|p2a: Pink Menace|confusion
|-damage|p2a: Pink Menace|59/100|[from] confusion
|
|upkeep
|turn|30
|
|t:|1657135154
|move|p1a: Tornadus|U-turn|p2a: Pink Menace
|-resisted|p2a: Pink Menace
|-damage|p2a: Pink Menace|55/100
|
|t:|1657135156
|switch|p1a: Heatran|Heatran, M|100/100|[from]move: U-turn
|-end|p2a: Pink Menace|confusion
|move|p2a: Pink Menace|Soft-Boiled|p2a: Pink Menace
|-heal|p2a: Pink Menace|100/100
|
|upkeep
|turn|31
|
|t:|1657135159
|move|p1a: Heatran|Eruption|p2a: Pink Menace
|-damage|p2a: Pink Menace|0 fnt
|faint|p2a: Pink Menace
|
|upkeep
|
|t:|1657135163
|switch|p2a: LandOUrus-T|Landorus-Therian, M|43/100
|-ability|p2a: LandOUrus-T|Intimidate|boost
|-unboost|p1a: Heatran|atk|1
|turn|32
|
|t:|1657135166
|switch|p1a: Clefable|Clefable, M|80/100
|move|p2a: LandOUrus-T|U-turn|p1a: Clefable
|-resisted|p1a: Clefable
|-damage|p1a: Clefable|70/100
|-damage|p2a: LandOUrus-T|26/100|[from] item: Rocky Helmet|[of] p1a: Clefable
|
|t:|1657135168
|switch|p2a: Pandemic|Volcarona, F|100/100|[from]move: U-turn
|
|upkeep
|turn|33
|
|t:|1657135172
|switch|p1a: Dragapult|Dragapult, M|72/100
|move|p2a: Pandemic|Quiver Dance|p2a: Pandemic
|-boost|p2a: Pandemic|spa|1
|-boost|p2a: Pandemic|spd|1
|-boost|p2a: Pandemic|spe|1
|
|upkeep
|turn|34
|
|t:|1657135175
|move|p2a: Pandemic|Quiver Dance|p2a: Pandemic
|-boost|p2a: Pandemic|spa|1
|-boost|p2a: Pandemic|spd|1
|-boost|p2a: Pandemic|spe|1
|move|p1a: Dragapult|Dragon Darts|p2a: Pandemic
|-damage|p2a: Pandemic|58/100
|-anim|p1a: Dragapult|Dragon Darts|p2a: Pandemic
|-damage|p2a: Pandemic|13/100
|
|upkeep
|turn|35
|j| mmllmollppl
|
|t:|1657135180
|switch|p1a: Heatran|Heatran, M|100/100
|move|p2a: Pandemic|Psychic|p1a: Heatran
|-resisted|p1a: Heatran
|-damage|p1a: Heatran|76/100
|
|upkeep
|turn|36
|
|t:|1657135183
|move|p2a: Pandemic|Roost|p2a: Pandemic
|-heal|p2a: Pandemic|64/100
|-singleturn|p2a: Pandemic|move: Roost
|move|p1a: Heatran|Flamethrower|p2a: Pandemic
|-damage|p2a: Pandemic|29/100
|
|upkeep
|turn|37
|
|t:|1657135187
|switch|p1a: Gastrodon|Gastrodon, M|100/100
|move|p2a: Pandemic|Roost|p2a: Pandemic
|-heal|p2a: Pandemic|80/100
|-singleturn|p2a: Pandemic|move: Roost
|
|upkeep
|turn|38
|
|t:|1657135198
|move|p2a: Pandemic|Quiver Dance|p2a: Pandemic
|-boost|p2a: Pandemic|spa|1
|-boost|p2a: Pandemic|spd|1
|-boost|p2a: Pandemic|spe|1
|move|p1a: Gastrodon|Clear Smog|p2a: Pandemic
|-damage|p2a: Pandemic|75/100
|-clearboost|p2a: Pandemic
|
|upkeep
|turn|39
|
|t:|1657135202
|switch|p2a: Torn Anus|Tornadus-Therian, M|100/100
|move|p1a: Gastrodon|Scald|p2a: Torn Anus
|-damage|p2a: Torn Anus|76/100
|
|upkeep
|turn|40
|
|t:|1657135207
|switch|p1a: Clefable|Clefable, M|70/100
|move|p2a: Torn Anus|Nasty Plot|p2a: Torn Anus
|-boost|p2a: Torn Anus|spa|2
|
|upkeep
|turn|41
|
|t:|1657135213
|move|p2a: Torn Anus|Hurricane|p1a: Clefable|[miss]
|-miss|p2a: Torn Anus|p1a: Clefable
|move|p1a: Clefable|Healing Wish|p1a: Clefable
|faint|p1a: Clefable
|
|upkeep
|
|t:|1657135214
|switch|p1a: Dragapult|Dragapult, M|72/100
|-heal|p1a: Dragapult|100/100|[from] move: Healing Wish
|turn|42
|
|t:|1657135219
|switch|p2a: $wagnezone|Magnezone|100/100
|move|p1a: Dragapult|Dragon Darts|p2a: $wagnezone
|-resisted|p2a: $wagnezone
|-damage|p2a: $wagnezone|84/100
|-anim|p1a: Dragapult|Dragon Darts|p2a: $wagnezone
|-resisted|p2a: $wagnezone
|-damage|p2a: $wagnezone|64/100
|
|upkeep
|turn|43
|
|t:|1657135224
|switch|p1a: Heatran|Heatran, M|76/100
|switch|p2a: Torn Anus|Tornadus-Therian, M|100/100
|
|upkeep
|turn|44
|c|☆Down$hift|gg
|-message|Down$hift forfeited.
|
|win|Chokst du
|raw|Chokst du's rating: 1780 &rarr; <strong>1797</strong><br />(+17 for winning)
|raw|Down$hift's rating: 1720 &rarr; <strong>1703</strong><br />(-17 for losing)
|l|☆Down$hift
|c|☆Chokst du|gg
|l| CB Bhris Breezy
||Ladder isn't responding, score probably updated but might not have (Request timeout).
|l| TheMightyDRE
|player|p1|Chokst du|101
