|j|☆4funaccount
|j|☆Obstagoon546
|player|p1|4funaccount|volkner|1778
|player|p2|Obstagoon546|interviewers|1702
|teamsize|p1|6
|teamsize|p2|6
|gametype|singles
|gen|8
|tier|[Gen 8] OU
|rated|
|clearpoke
|poke|p1|Lanturn, M|
|poke|p1|Steelix, F|
|poke|p1|Clefable, M|
|poke|p1|Corviknight, F|
|poke|p1|Hydreigon, M|
|poke|p1|Gengar, M|
|poke|p2|Hatterene, F|
|poke|p2|Cloyster, F|
|poke|p2|Indeedee, M|
|poke|p2|Seismitoad, F|
|poke|p2|Hydreigon, M|
|poke|p2|Hawlucha, M|
|rule|Sleep Clause Mod: Limit one foe put to sleep
|rule|Species Clause: Limit one of each Pokémon
|rule|OHKO Clause: OHKO moves are banned
|rule|Evasion Moves Clause: Evasion moves are banned
|rule|Endless Battle Clause: Forcing endless battles is banned
|rule|HP Percentage Mod: HP is shown in percentages
|rule|Dynamax Clause: You cannot dynamax
|teampreview
|inactive|Battle timer is ON: inactive players will automatically lose when time's up. (requested by Obstagoon546)
|
|start
|switch|p1a: Hydreigon|Hydreigon, M|100/100
|switch|p2a: Seismitoad|Seismitoad, F, shiny|100/100
|turn|1
|
|move|p1a: Hydreigon|Draco Meteor|p2a: Seismitoad
|-damage|p2a: Seismitoad|0 fnt
|-unboost|p1a: Hydreigon|spa|2
|-damage|p1a: Hydreigon|91/100|[from] item: Life Orb
|faint|p2a: Seismitoad
|
|upkeep
|
|switch|p2a: Hawlucha|Hawlucha, M, shiny|100/100
|turn|2
|
|switch|p2a: Cloyster|Cloyster, F, shiny|100/100
|switch|p1a: Corviknight|Corviknight, F|100/100
|-ability|p1a: Corviknight|Pressure
|
|upkeep
|turn|3
|
|switch|p1a: Lanturn|Lanturn, M, shiny|100/100
|move|p2a: Cloyster|Shell Smash|p2a: Cloyster
|-unboost|p2a: Cloyster|def|1
|-unboost|p2a: Cloyster|spd|1
|-boost|p2a: Cloyster|atk|2
|-boost|p2a: Cloyster|spa|2
|-boost|p2a: Cloyster|spe|2
|
|upkeep
|turn|4
|
|move|p2a: Cloyster|Rock Blast|p1a: Lanturn
|-damage|p1a: Lanturn|89/100
|-damage|p1a: Lanturn|77/100
|-damage|p1a: Lanturn|65/100
|-damage|p1a: Lanturn|53/100
|-damage|p1a: Lanturn|43/100
|-hitcount|p1a: Lanturn|5
|cant|p1a: Lanturn|flinch
|
|-heal|p1a: Lanturn|49/100|[from] item: Leftovers
|upkeep
|turn|5
|
|move|p2a: Cloyster|Rock Blast|p1a: Lanturn
|-damage|p1a: Lanturn|37/100
|-damage|p1a: Lanturn|26/100
|-damage|p1a: Lanturn|15/100
|-damage|p1a: Lanturn|4/100
|-damage|p1a: Lanturn|0 fnt
|-hitcount|p1a: Lanturn|5
|faint|p1a: Lanturn
|
|upkeep
|
|switch|p1a: Steelix|Steelix, F|100/100
|turn|6
|
|move|p2a: Cloyster|Icicle Spear|p1a: Steelix
|-damage|p1a: Steelix|91/100
|-damage|p1a: Steelix|81/100
|-damage|p1a: Steelix|71/100
|-damage|p1a: Steelix|60/100
|-damage|p1a: Steelix|50/100
|-hitcount|p1a: Steelix|5
|move|p1a: Steelix|Body Press|p2a: Cloyster
|-supereffective|p2a: Cloyster
|-damage|p2a: Cloyster|0 fnt
|faint|p2a: Cloyster
|
|-heal|p1a: Steelix|56/100|[from] item: Leftovers
|upkeep
|
|switch|p2a: Indeedee|Indeedee, M, shiny|100/100
|-fieldstart|move: Psychic Terrain|[from] ability: Psychic Surge|[of] p2a: Indeedee
|turn|7
|
|switch|p1a: Clefable|Clefable, M|100/100
|move|p2a: Indeedee|Calm Mind|p2a: Indeedee
|-boost|p2a: Indeedee|spa|1
|-boost|p2a: Indeedee|spd|1
|
|upkeep
|turn|8
|
|move|p2a: Indeedee|Psychic|p1a: Clefable
|-damage|p1a: Clefable|44/100
|move|p1a: Clefable|Teleport|p1a: Clefable
|
|switch|p1a: Hydreigon|Hydreigon, M|91/100|[from]move: Teleport
|
|upkeep
|turn|9
|
|move|p1a: Hydreigon|Draco Meteor|p2a: Indeedee
|-damage|p2a: Indeedee|29/100
|-unboost|p1a: Hydreigon|spa|2
|-damage|p1a: Hydreigon|81/100|[from] item: Life Orb
|move|p2a: Indeedee|Mystical Fire|p1a: Hydreigon
|-resisted|p1a: Hydreigon
|-damage|p1a: Hydreigon|60/100
|-unboost|p1a: Hydreigon|spa|1
|
|upkeep
|turn|10
|j| trifall citi
|j| myjava
|
|move|p1a: Hydreigon|Draco Meteor|p2a: Indeedee
|-damage|p2a: Indeedee|0 fnt
|-unboost|p1a: Hydreigon|spa|2
|-damage|p1a: Hydreigon|50/100|[from] item: Life Orb
|faint|p2a: Indeedee
|
|upkeep
|
|switch|p2a: Hawlucha|Hawlucha, M, shiny|100/100
|-enditem|p2a: Hawlucha|Psychic Seed
|-boost|p2a: Hawlucha|spd|1|[from] item: Psychic Seed
|turn|11
|
|switch|p1a: Corviknight|Corviknight, F|100/100
|-ability|p1a: Corviknight|Pressure
|move|p2a: Hawlucha|Substitute|p2a: Hawlucha
|-start|p2a: Hawlucha|Substitute
|-damage|p2a: Hawlucha|76/100
|
|upkeep
|turn|12
|
|move|p2a: Hawlucha|Swords Dance|p2a: Hawlucha
|-boost|p2a: Hawlucha|atk|2
|move|p1a: Corviknight|Brave Bird|p2a: Hawlucha
|-supereffective|p2a: Hawlucha
|-end|p2a: Hawlucha|Substitute
|-damage|p1a: Corviknight|94/100|[from] Recoil|[of] p2a: Hawlucha
|
|-heal|p1a: Corviknight|100/100|[from] item: Leftovers
|upkeep
|turn|13
|
|move|p2a: Hawlucha|Close Combat|p1a: Corviknight
|-damage|p1a: Corviknight|39/100
|-unboost|p2a: Hawlucha|def|1
|-unboost|p2a: Hawlucha|spd|1
|move|p1a: Corviknight|Brave Bird|p2a: Hawlucha
|-supereffective|p2a: Hawlucha
|-damage|p2a: Hawlucha|0 fnt
|-damage|p1a: Corviknight|20/100|[from] Recoil
|faint|p2a: Hawlucha
|
|-heal|p1a: Corviknight|26/100|[from] item: Leftovers
|upkeep
|
|switch|p2a: Hydreigon|Hydreigon, M, shiny|100/100
|turn|14
|
|move|p2a: Hydreigon|Flamethrower|p1a: Corviknight
|-supereffective|p1a: Corviknight
|-damage|p1a: Corviknight|0 fnt
|faint|p1a: Corviknight
|
|-fieldend|move: Psychic Terrain
|upkeep
|
|switch|p1a: Clefable|Clefable, M|44/100
|turn|15
|
|move|p2a: Hydreigon|Flamethrower|p1a: Clefable
|-damage|p1a: Clefable|15/100
|move|p1a: Clefable|Moonblast|p2a: Hydreigon
|-supereffective|p2a: Hydreigon
|-damage|p2a: Hydreigon|0 fnt
|faint|p2a: Hydreigon
|
|-heal|p1a: Clefable|21/100|[from] item: Leftovers
|upkeep
|
|switch|p2a: Hatterene|Hatterene, F, shiny|100/100
|turn|16
|
|move|p2a: Hatterene|Calm Mind|p2a: Hatterene
|-boost|p2a: Hatterene|spa|1
|-boost|p2a: Hatterene|spd|1
|move|p1a: Clefable|Teleport|p1a: Clefable
|
|switch|p1a: Gengar|Gengar, M|100/100|[from]move: Teleport
|
|upkeep
|turn|17
|
|move|p1a: Gengar|Trick|p2a: Hatterene
|-activate|p1a: Gengar|move: Trick|[of] p2a: Hatterene
|-item|p2a: Hatterene|Choice Specs|[from] move: Trick
|-item|p1a: Gengar|Leftovers|[from] move: Trick
|move|p2a: Hatterene|Psyshock|p1a: Gengar
|-supereffective|p1a: Gengar
|-damage|p1a: Gengar|0 fnt
|faint|p1a: Gengar
|
|upkeep
|
|switch|p1a: Hydreigon|Hydreigon, M|50/100
|turn|18
|-message|Obstagoon546 forfeited.
|
|win|4funaccount
|l|☆Obstagoon546
|l| trifall citi
|raw|4funaccount's rating: 1778 &rarr; <strong>1794</strong><br />(+16 for winning)
|raw|Obstagoon546's rating: 1702 &rarr; <strong>1686</strong><br />(-16 for losing)
