|j|☆LudwigFrog
|j|☆Treasvon69
|t:|1635721152
|gametype|singles
|player|p1|LudwigFrog|hilbert-wonderlauncher|
|player|p2|Treasvon69|nate|
|teamsize|p1|6
|teamsize|p2|6
|gen|8
|tier|[Gen 8] OU
|rule|Sleep Clause Mod: Limit one foe put to sleep
|rule|Species Clause: Limit one of each Pokémon
|rule|OHKO Clause: OHKO moves are banned
|rule|Evasion Moves Clause: Evasion moves are banned
|rule|Endless Battle Clause: Forcing endless battles is banned
|rule|HP Percentage Mod: HP is shown in percentages
|rule|Dynamax Clause: You cannot dynamax
|clearpoke
|poke|p1|Pelipper, M|
|poke|p1|Barraskewda, M|
|poke|p1|Regieleki|
|poke|p1|Tapu Lele|
|poke|p1|Landorus-Therian, M|
|poke|p1|Ferrothorn, M|
|poke|p2|Pikachu, M|
|poke|p2|Togekiss, F|
|poke|p2|Grimmsnarl, M|
|poke|p2|Garchomp, M|
|poke|p2|Mimikyu, M|
|poke|p2|Corsola-Galar, M|
|teampreview
|inactive|Battle timer is ON: inactive players will automatically lose when time's up. (requested by LudwigFrog)
|
|t:|1635721157
|start
|switch|p1a: Tapu Lele|Tapu Lele|100/100
|switch|p2a: Pikayu|Mimikyu, M|100/100
|-fieldstart|move: Psychic Terrain|[from] ability: Psychic Surge|[of] p1a: Tapu Lele
|turn|1
|
|t:|1635721165
|switch|p1a: Ferrothorn|Ferrothorn, M|100/100
|move|p2a: Pikayu|Shadow Claw|p1a: Ferrothorn
|-damage|p1a: Ferrothorn|79/100
|-damage|p2a: Pikayu|88/100|[from] ability: Iron Barbs|[of] p1a: Ferrothorn
|
|-heal|p1a: Ferrothorn|85/100|[from] item: Leftovers
|upkeep
|turn|2
|
|t:|1635721171
|switch|p2a: Chiaki|Togekiss, F|100/100
|move|p1a: Ferrothorn|Knock Off|p2a: Chiaki
|-resisted|p2a: Chiaki
|-damage|p2a: Chiaki|88/100
|-enditem|p2a: Chiaki|Salac Berry|[from] move: Knock Off|[of] p1a: Ferrothorn
|
|-heal|p1a: Ferrothorn|91/100|[from] item: Leftovers
|upkeep
|turn|3
|
|t:|1635721179
|switch|p1a: Tapu Lele|Tapu Lele|100/100
|move|p2a: Chiaki|Air Slash|p1a: Tapu Lele
|-damage|p1a: Tapu Lele|62/100
|
|upkeep
|turn|4
|
|t:|1635721195
|switch|p2a: RapidBow1|Corsola-Galar, M|100/100
|move|p1a: Tapu Lele|Thunder|p2a: RapidBow1|[miss]
|-miss|p1a: Tapu Lele|p2a: RapidBow1
|
|upkeep
|turn|5
|
|t:|1635721204
|switch|p1a: Pelipper|Pelipper, M|100/100
|-weather|RainDance|[from] ability: Drizzle|[of] p1a: Pelipper
|move|p2a: RapidBow1|Strength Sap|p1a: Pelipper
|-unboost|p1a: Pelipper|atk|1
|
|-weather|RainDance|[upkeep]
|-fieldend|move: Psychic Terrain
|upkeep
|turn|6
|
|t:|1635721210
|move|p1a: Pelipper|Weather Ball|p2a: RapidBow1
|-damage|p2a: RapidBow1|24/100
|move|p2a: RapidBow1|Will-O-Wisp|p1a: Pelipper
|-status|p1a: Pelipper|brn
|
|-weather|RainDance|[upkeep]
|-damage|p1a: Pelipper|94/100 brn|[from] brn
|upkeep
|turn|7
|
|t:|1635721223
|move|p1a: Pelipper|Weather Ball|p2a: RapidBow1
|-damage|p2a: RapidBow1|0 fnt
|faint|p2a: RapidBow1
|
|-weather|RainDance|[upkeep]
|-damage|p1a: Pelipper|88/100 brn|[from] brn
|upkeep
|
|t:|1635721230
|switch|p2a: Bolty|Pikachu, M|100/100
|turn|8
|
|t:|1635721237
|switch|p1a: Landorus|Landorus-Therian, M|100/100
|-ability|p1a: Landorus|Intimidate|boost
|-unboost|p2a: Bolty|atk|1
|move|p2a: Bolty|Volt Tackle|p1a: Landorus
|-immune|p1a: Landorus
|
|-weather|RainDance|[upkeep]
|upkeep
|turn|9
|
|t:|1635721246
|switch|p2a: Chiaki|Togekiss, F|88/100
|move|p1a: Landorus|Stealth Rock|p2a: Chiaki
|-sidestart|p2: Treasvon69|move: Stealth Rock
|
|-weather|none
|upkeep
|turn|10
|
|t:|1635721252
|move|p2a: Chiaki|Air Slash|p1a: Landorus
|-damage|p1a: Landorus|72/100
|cant|p1a: Landorus|flinch
|
|-heal|p1a: Landorus|78/100|[from] item: Leftovers
|upkeep
|turn|11
|
|t:|1635721257
|move|p2a: Chiaki|Nasty Plot|p2a: Chiaki
|-boost|p2a: Chiaki|spa|2
|move|p1a: Landorus|Toxic|p2a: Chiaki|[miss]
|-miss|p1a: Landorus|p2a: Chiaki
|
|-heal|p1a: Landorus|84/100|[from] item: Leftovers
|upkeep
|turn|12
|
|t:|1635721262
|move|p2a: Chiaki|Air Slash|p1a: Landorus
|-damage|p1a: Landorus|22/100
|cant|p1a: Landorus|flinch
|
|-heal|p1a: Landorus|28/100|[from] item: Leftovers
|upkeep
|turn|13
|
|t:|1635721266
|move|p2a: Chiaki|Dazzling Gleam|p1a: Landorus
|-damage|p1a: Landorus|0 fnt
|faint|p1a: Landorus
|
|upkeep
|
|t:|1635721270
|switch|p1a: Tapu Lele|Tapu Lele|62/100
|-fieldstart|move: Psychic Terrain|[from] ability: Psychic Surge|[of] p1a: Tapu Lele
|turn|14
|
|t:|1635721277
|move|p1a: Tapu Lele|Thunder|p2a: Chiaki
|-supereffective|p2a: Chiaki
|-damage|p2a: Chiaki|12/100
|move|p2a: Chiaki|Dazzling Gleam|p1a: Tapu Lele
|-damage|p1a: Tapu Lele|0 fnt
|faint|p1a: Tapu Lele
|
|upkeep
|
|t:|1635721280
|switch|p1a: Barraskewda|Barraskewda, M|100/100
|turn|15
|
|t:|1635721288
|move|p1a: Barraskewda|Flip Turn|p2a: Chiaki
|-damage|p2a: Chiaki|0 fnt
|faint|p2a: Chiaki
|
|t:|1635721290
|switch|p1a: Pelipper|Pelipper, M|88/100 brn|[from]move: Flip Turn
|-weather|RainDance|[from] ability: Drizzle|[of] p1a: Pelipper
|
|-weather|RainDance|[upkeep]
|-damage|p1a: Pelipper|82/100 brn|[from] brn
|upkeep
|
|t:|1635721303
|switch|p2a: Bolty|Pikachu, M|100/100
|-damage|p2a: Bolty|88/100|[from] Stealth Rock
|turn|16
|
|t:|1635721309
|switch|p2a: Chompers|Garchomp, M|100/100
|-damage|p2a: Chompers|94/100|[from] Stealth Rock
|switch|p1a: Ferrothorn|Ferrothorn, M|91/100
|
|-weather|RainDance|[upkeep]
|-heal|p1a: Ferrothorn|97/100|[from] item: Leftovers
|upkeep
|turn|17
|
|t:|1635721318
|move|p2a: Chompers|Earthquake|p1a: Ferrothorn
|-damage|p1a: Ferrothorn|57/100
|move|p1a: Ferrothorn|Leech Seed|p2a: Chompers
|-start|p2a: Chompers|move: Leech Seed
|
|-weather|RainDance|[upkeep]
|-heal|p1a: Ferrothorn|63/100|[from] item: Leftovers
|-damage|p2a: Chompers|82/100|[from] Leech Seed|[of] p1a: Ferrothorn
|-heal|p1a: Ferrothorn|76/100|[silent]
|upkeep
|turn|18
|
|t:|1635721324
|switch|p2a: Trolololol|Grimmsnarl, M|100/100
|-damage|p2a: Trolololol|88/100|[from] Stealth Rock
|move|p1a: Ferrothorn|Spikes|p2a: Trolololol
|-sidestart|p2: Treasvon69|Spikes
|
|-weather|RainDance|[upkeep]
|-heal|p1a: Ferrothorn|82/100|[from] item: Leftovers
|-fieldend|move: Psychic Terrain
|upkeep
|turn|19
|
|t:|1635721330
|move|p2a: Trolololol|Taunt|p1a: Ferrothorn
|-start|p1a: Ferrothorn|move: Taunt
|move|p1a: Ferrothorn|Knock Off|p2a: Trolololol
|-resisted|p2a: Trolololol
|-damage|p2a: Trolololol|83/100
|-enditem|p2a: Trolololol|Light Clay|[from] move: Knock Off|[of] p1a: Ferrothorn
|
|-weather|none
|-heal|p1a: Ferrothorn|88/100|[from] item: Leftovers
|upkeep
|turn|20
|
|t:|1635721334
|move|p2a: Trolololol|Reflect|p2a: Trolololol
|-sidestart|p2: Treasvon69|Reflect
|move|p1a: Ferrothorn|Gyro Ball|p2a: Trolololol
|-supereffective|p2a: Trolololol
|-damage|p2a: Trolololol|57/100
|
|-heal|p1a: Ferrothorn|94/100|[from] item: Leftovers
|upkeep
|turn|21
|
|t:|1635721337
|move|p2a: Trolololol|Thunder Wave|p1a: Ferrothorn
|-status|p1a: Ferrothorn|par
|move|p1a: Ferrothorn|Gyro Ball|p2a: Trolololol
|-supereffective|p2a: Trolololol
|-damage|p2a: Trolololol|6/100
|
|-heal|p1a: Ferrothorn|99/100 par|[from] item: Leftovers
|-end|p1a: Ferrothorn|move: Taunt
|upkeep
|turn|22
|
|t:|1635721346
|switch|p2a: Pikayu|Mimikyu, M|88/100
|-damage|p2a: Pikayu|76/100|[from] Stealth Rock
|-damage|p2a: Pikayu|64/100|[from] Spikes
|move|p1a: Ferrothorn|Gyro Ball|p2a: Pikayu
|-activate|p2a: Pikayu|ability: Disguise
|-damage|p2a: Pikayu|64/100
|detailschange|p2a: Pikayu|Mimikyu-Busted, M
|-damage|p2a: Pikayu|51/100|[from] pokemon: Mimikyu-Busted
|
|-heal|p1a: Ferrothorn|100/100 par|[from] item: Leftovers
|upkeep
|turn|23
|
|t:|1635721352
|move|p2a: Pikayu|Swords Dance|p2a: Pikayu
|-boost|p2a: Pikayu|atk|2
|move|p1a: Ferrothorn|Gyro Ball|p2a: Pikayu
|-supereffective|p2a: Pikayu
|-damage|p2a: Pikayu|0 fnt
|faint|p2a: Pikayu
|
|upkeep
|-message|Treasvon69 forfeited.
|
|win|LudwigFrog
|l|☆Treasvon69
