|j|☆zhengxd
|j|☆Sombra Diurna
|t:|1644321790
|gametype|singles
|player|p1|zhengxd|265|1635
|player|p2|Sombra Diurna|blue|1642
|teamsize|p1|6
|teamsize|p2|6
|gen|8
|tier|[Gen 8] OU
|rated|
|rule|Sleep Clause Mod: Limit one foe put to sleep
|rule|Species Clause: Limit one of each Pokémon
|rule|OHKO Clause: OHKO moves are banned
|rule|Evasion Moves Clause: Evasion moves are banned
|rule|Endless Battle Clause: Forcing endless battles is banned
|rule|HP Percentage Mod: HP is shown in percentages
|rule|Dynamax Clause: You cannot dynamax
|clearpoke
|poke|p1|Tyranitar, M|
|poke|p1|Blissey, F|
|poke|p1|Heatran, F|
|poke|p1|Buzzwole|
|poke|p1|Urshifu-*, M|
|poke|p1|Zeraora|
|poke|p2|Marowak-Alola, M|
|poke|p2|Slowbro, M|
|poke|p2|Hatterene, F|
|poke|p2|Garchomp, M|
|poke|p2|Ferrothorn, M|
|poke|p2|Drampa, M|
|teampreview
|inactive|Battle timer is ON: inactive players will automatically lose when time's up. (requested by zhengxd)
|
|t:|1644321802
|start
|switch|p1a: Urshifu|Urshifu-Rapid-Strike, M|100/100
|switch|p2a: Sharko|Garchomp, M|100/100
|turn|1
|
|t:|1644321809
|switch|p2a: Sonso|Slowbro, M|100/100
|switch|p1a: Buzzwole|Buzzwole|100/100
|
|upkeep
|turn|2
|j| zap4lyfe
|
|t:|1644321816
|switch|p1a: Blissey|Blissey, F|100/100
|move|p2a: Sonso|Trick Room|p2a: Sonso
|-fieldstart|move: Trick Room|[of] p2a: Sonso
|
|upkeep
|turn|3
|j| JoleneFreezu
|
|t:|1644321825
|switch|p2a: Thorns|Ferrothorn, M|100/100
|move|p1a: Blissey|Stealth Rock|p2a: Thorns
|-sidestart|p2: Sombra Diurna|move: Stealth Rock
|
|upkeep
|turn|4
|
|t:|1644321832
|switch|p1a: Heatran|Heatran, F|100/100
|move|p2a: Thorns|Stealth Rock|p1a: Heatran
|-sidestart|p1: zhengxd|move: Stealth Rock
|
|upkeep
|turn|5
|
|t:|1644321842
|switch|p2a: Falkor|Drampa, M|100/100
|-damage|p2a: Falkor|88/100|[from] Stealth Rock
|move|p1a: Heatran|Magma Storm|p2a: Falkor
|-resisted|p2a: Falkor
|-damage|p2a: Falkor|65/100
|-activate|p2a: Falkor|move: Magma Storm|[of] p1a: Heatran
|
|-damage|p2a: Falkor|53/100|[from] move: Magma Storm|[partiallytrapped]
|upkeep
|turn|6
|
|t:|1644321853
|switch|p1a: Blissey|Blissey, F|100/100
|move|p2a: Falkor|Roost|p2a: Falkor
|-heal|p2a: Falkor|100/100
|-singleturn|p2a: Falkor|move: Roost
|
|-end|p2a: Falkor|Magma Storm|[partiallytrapped]|[silent]
|-fieldend|move: Trick Room
|upkeep
|turn|7
|
|t:|1644321864
|switch|p1a: Urshifu|Urshifu-Rapid-Strike, M|100/100
|-damage|p1a: Urshifu|94/100|[from] Stealth Rock
|switch|p2a: Thorns|Ferrothorn, M|100/100
|-damage|p2a: Thorns|94/100|[from] Stealth Rock
|
|upkeep
|turn|8
|
|t:|1644321874
|switch|p2a: Sonso|Slowbro, M|100/100
|-damage|p2a: Sonso|88/100|[from] Stealth Rock
|move|p1a: Urshifu|Close Combat|p2a: Sonso
|-resisted|p2a: Sonso
|-damage|p2a: Sonso|68/100
|-unboost|p1a: Urshifu|def|1
|-unboost|p1a: Urshifu|spd|1
|
|upkeep
|turn|9
|
|t:|1644321885
|move|p1a: Urshifu|U-turn|p2a: Sonso
|-supereffective|p2a: Sonso
|-damage|p2a: Sonso|37/100
|
|t:|1644321890
|switch|p1a: Heatran|Heatran, F|100/100|[from]move: U-turn
|-damage|p1a: Heatran|88/100|[from] Stealth Rock
|move|p2a: Sonso|Trick Room|p2a: Sonso
|-fieldstart|move: Trick Room|[of] p2a: Sonso
|
|-heal|p1a: Heatran|94/100|[from] item: Leftovers
|upkeep
|turn|10
|
|t:|1644321898
|switch|p2a: Falkor|Drampa, M|100/100
|-damage|p2a: Falkor|88/100|[from] Stealth Rock
|move|p1a: Heatran|Magma Storm|p2a: Falkor
|-resisted|p2a: Falkor
|-damage|p2a: Falkor|65/100
|-activate|p2a: Falkor|move: Magma Storm|[of] p1a: Heatran
|
|-heal|p1a: Heatran|100/100|[from] item: Leftovers
|-damage|p2a: Falkor|53/100|[from] move: Magma Storm|[partiallytrapped]
|upkeep
|turn|11
|
|t:|1644321909
|move|p2a: Falkor|Focus Blast|p1a: Heatran
|-supereffective|p1a: Heatran
|-crit|p1a: Heatran
|-damage|p1a: Heatran|0 fnt
|faint|p1a: Heatran
|-damage|p2a: Falkor|43/100|[from] item: Life Orb
|
|-end|p2a: Falkor|Magma Storm|[partiallytrapped]|[silent]
|upkeep
|
|t:|1644321918
|switch|p1a: Blissey|Blissey, F|100/100
|turn|12
|j| Rattataboy2003
|
|t:|1644321922
|move|p2a: Falkor|Roost|p2a: Falkor
|-heal|p2a: Falkor|94/100
|-singleturn|p2a: Falkor|move: Roost
|move|p1a: Blissey|Toxic|p2a: Falkor
|-status|p2a: Falkor|tox
|
|-damage|p2a: Falkor|87/100 tox|[from] psn
|upkeep
|turn|13
|
|t:|1644321937
|switch|p2a: Thorns|Ferrothorn, M|94/100
|-damage|p2a: Thorns|88/100|[from] Stealth Rock
|move|p1a: Blissey|Seismic Toss|p2a: Thorns
|-damage|p2a: Thorns|60/100
|-damage|p1a: Blissey|88/100|[from] ability: Iron Barbs|[of] p2a: Thorns
|
|-fieldend|move: Trick Room
|upkeep
|turn|14
|j| Jdiejsjdksk
|
|t:|1644321946
|switch|p1a: Buzzwole|Buzzwole|100/100
|-damage|p1a: Buzzwole|88/100|[from] Stealth Rock
|move|p2a: Thorns|Leech Seed|p1a: Buzzwole
|-start|p1a: Buzzwole|move: Leech Seed
|
|-damage|p1a: Buzzwole|76/100|[from] Leech Seed|[of] p2a: Thorns
|-heal|p2a: Thorns|72/100|[silent]
|upkeep
|turn|15
|
|t:|1644321961
|switch|p1a: Zeraora|Zeraora|100/100
|switch|p2a: Sonso|Slowbro, M|71/100
|-damage|p2a: Sonso|58/100|[from] Stealth Rock
|
|upkeep
|turn|16
|
|t:|1644321975
|move|p1a: Zeraora|Knock Off|p2a: Sonso
|-supereffective|p2a: Sonso
|-enditem|p2a: Sonso|Colbur Berry|[eat]
|-enditem|p2a: Sonso|Colbur Berry|[weaken]
|-damage|p2a: Sonso|41/100
|move|p2a: Sonso|Trick Room|p2a: Sonso
|-fieldstart|move: Trick Room|[of] p2a: Sonso
|
|upkeep
|turn|17
|
|t:|1644321984
|switch|p2a: Falkor|Drampa, M|87/100 tox
|-damage|p2a: Falkor|75/100 tox|[from] Stealth Rock
|move|p1a: Zeraora|Volt Switch|p2a: Falkor
|-resisted|p2a: Falkor
|-damage|p2a: Falkor|63/100 tox
|
|t:|1644321993
|switch|p1a: Blissey|Blissey, F|88/100|[from]move: Volt Switch
|
|-damage|p2a: Falkor|57/100 tox|[from] psn
|upkeep
|turn|18
|
|t:|1644322003
|move|p2a: Falkor|Focus Blast|p1a: Blissey
|-supereffective|p1a: Blissey
|-damage|p1a: Blissey|51/100
|-damage|p2a: Falkor|47/100 tox|[from] item: Life Orb
|move|p1a: Blissey|Seismic Toss|p2a: Falkor
|-damage|p2a: Falkor|19/100 tox
|
|-damage|p2a: Falkor|7/100 tox|[from] psn
|upkeep
|turn|19
|
|t:|1644322012
|move|p2a: Falkor|Roost|p2a: Falkor
|-heal|p2a: Falkor|57/100 tox
|-singleturn|p2a: Falkor|move: Roost
|move|p1a: Blissey|Soft-Boiled|p1a: Blissey
|-heal|p1a: Blissey|100/100
|
|-damage|p2a: Falkor|39/100 tox|[from] psn
|upkeep
|turn|20
|
|t:|1644322025
|switch|p2a: Sonso|Slowbro, M|75/100
|-damage|p2a: Sonso|62/100|[from] Stealth Rock
|move|p1a: Blissey|Seismic Toss|p2a: Sonso
|-damage|p2a: Sonso|37/100
|
|-fieldend|move: Trick Room
|upkeep
|turn|21
|
|t:|1644322034
|switch|p2a: Gorra|Hatterene, F, shiny|100/100
|-damage|p2a: Gorra|88/100|[from] Stealth Rock
|move|p1a: Blissey|Toxic|p2a: Gorra
|move|p2a: Gorra|Toxic|p1a: Blissey|[from]ability: Magic Bounce
|-status|p1a: Blissey|tox
|
|-damage|p1a: Blissey|94/100 tox|[from] psn
|upkeep
|turn|22
|
|t:|1644322044
|-curestatus|p1a: Blissey|tox|[from] ability: Natural Cure
|switch|p1a: Tyranitar|Tyranitar, M|100/100
|-damage|p1a: Tyranitar|88/100|[from] Stealth Rock
|-weather|Sandstorm|[from] ability: Sand Stream|[of] p1a: Tyranitar
|move|p2a: Gorra|Trick Room|p2a: Gorra
|-fieldstart|move: Trick Room|[of] p2a: Gorra
|
|-weather|Sandstorm|[upkeep]
|-damage|p2a: Gorra|82/100|[from] Sandstorm
|upkeep
|turn|23
|
|t:|1644322055
|switch|p2a: Thorns|Ferrothorn, M|72/100
|-damage|p2a: Thorns|66/100|[from] Stealth Rock
|switch|p1a: Blissey|Blissey, F|94/100
|
|-weather|Sandstorm|[upkeep]
|-damage|p1a: Blissey|88/100|[from] Sandstorm
|upkeep
|turn|24
|
|t:|1644322072
|switch|p1a: Buzzwole|Buzzwole|76/100
|-damage|p1a: Buzzwole|64/100|[from] Stealth Rock
|move|p2a: Thorns|Leech Seed|p1a: Buzzwole
|-start|p1a: Buzzwole|move: Leech Seed
|
|-weather|Sandstorm|[upkeep]
|-damage|p1a: Buzzwole|57/100|[from] Sandstorm
|-damage|p1a: Buzzwole|45/100|[from] Leech Seed|[of] p2a: Thorns
|-heal|p2a: Thorns|78/100|[silent]
|upkeep
|turn|25
|
|t:|1644322092
|switch|p2a: Falkor|Drampa, M|39/100 tox
|-damage|p2a: Falkor|27/100 tox|[from] Stealth Rock
|move|p1a: Buzzwole|Roost|p1a: Buzzwole
|-heal|p1a: Buzzwole|95/100
|-singleturn|p1a: Buzzwole|move: Roost
|
|-weather|Sandstorm|[upkeep]
|-damage|p2a: Falkor|21/100 tox|[from] Sandstorm
|-damage|p1a: Buzzwole|89/100|[from] Sandstorm
|-damage|p1a: Buzzwole|77/100|[from] Leech Seed|[of] p2a: Falkor
|-heal|p2a: Falkor|33/100 tox|[silent]
|-damage|p2a: Falkor|27/100 tox|[from] psn
|upkeep
|turn|26
|
|t:|1644322105
|switch|p1a: Tyranitar|Tyranitar, M|88/100
|-damage|p1a: Tyranitar|76/100|[from] Stealth Rock
|move|p2a: Falkor|Roost|p2a: Falkor
|-heal|p2a: Falkor|77/100 tox
|-singleturn|p2a: Falkor|move: Roost
|
|-weather|none
|-damage|p2a: Falkor|65/100 tox|[from] psn
|-fieldend|move: Trick Room
|upkeep
|turn|27
|j| veryrandomperson
|
|t:|1644322117
|move|p1a: Tyranitar|Flamethrower|p2a: Falkor
|-resisted|p2a: Falkor
|-damage|p2a: Falkor|49/100 tox
|-ability|p2a: Falkor|Berserk|boost
|-boost|p2a: Falkor|spa|1
|move|p2a: Falkor|Focus Blast|p1a: Tyranitar
|-supereffective|p1a: Tyranitar
|-damage|p1a: Tyranitar|0 fnt
|faint|p1a: Tyranitar
|-damage|p2a: Falkor|39/100 tox|[from] item: Life Orb
|
|-damage|p2a: Falkor|21/100 tox|[from] psn
|upkeep
|
|t:|1644322128
|switch|p1a: Buzzwole|Buzzwole|77/100
|-damage|p1a: Buzzwole|64/100|[from] Stealth Rock
|turn|28
|
|t:|1644322133
|switch|p2a: Sonso|Slowbro, M|70/100
|-damage|p2a: Sonso|58/100|[from] Stealth Rock
|move|p1a: Buzzwole|Close Combat|p2a: Sonso
|-resisted|p2a: Sonso
|-damage|p2a: Sonso|40/100
|-unboost|p1a: Buzzwole|def|1
|-unboost|p1a: Buzzwole|spd|1
|
|upkeep
|turn|29
|
|t:|1644322142
|move|p1a: Buzzwole|Earthquake|p2a: Sonso
|-damage|p2a: Sonso|21/100
|move|p2a: Sonso|Trick Room|p2a: Sonso
|-fieldstart|move: Trick Room|[of] p2a: Sonso
|
|upkeep
|turn|30
|
|t:|1644322149
|move|p2a: Sonso|Body Press|p1a: Buzzwole
|-resisted|p1a: Buzzwole
|-damage|p1a: Buzzwole|51/100
|-damage|p2a: Sonso|5/100|[from] item: Rocky Helmet|[of] p1a: Buzzwole
|move|p1a: Buzzwole|Ice Punch|p2a: Sonso
|-resisted|p2a: Sonso
|-damage|p2a: Sonso|0 fnt
|faint|p2a: Sonso
|-ability|p1a: Buzzwole|Beast Boost|boost
|-boost|p1a: Buzzwole|atk|1
|
|upkeep
|
|t:|1644322158
|switch|p2a: Billy B.|Marowak-Alola, M, shiny|100/100
|-damage|p2a: Billy B.|76/100|[from] Stealth Rock
|turn|31
|
|t:|1644322167
|switch|p1a: Blissey|Blissey, F|88/100
|move|p2a: Billy B.|Flare Blitz|p1a: Blissey
|-damage|p1a: Blissey|0 fnt
|faint|p1a: Blissey
|
|upkeep
|
|t:|1644322192
|switch|p1a: Zeraora|Zeraora|100/100
|turn|32
|
|t:|1644322208
|switch|p1a: Urshifu|Urshifu-Rapid-Strike, M|94/100
|-damage|p1a: Urshifu|88/100|[from] Stealth Rock
|move|p2a: Billy B.|Flare Blitz|p1a: Urshifu
|-resisted|p1a: Urshifu
|-damage|p1a: Urshifu|41/100
|
|upkeep
|turn|33
|j| DaGundalf
|l| Rattataboy2003
|
|t:|1644322218
|move|p1a: Urshifu|Aqua Jet|p2a: Billy B.
|-supereffective|p2a: Billy B.
|-damage|p2a: Billy B.|39/100
|move|p2a: Billy B.|Flare Blitz|p1a: Urshifu
|-resisted|p1a: Urshifu
|-damage|p1a: Urshifu|0 fnt
|faint|p1a: Urshifu
|
|-fieldend|move: Trick Room
|upkeep
|j| AlIoutdragadarts
|l| AlIoutdragadarts
|
|t:|1644322226
|switch|p1a: Buzzwole|Buzzwole|51/100
|-damage|p1a: Buzzwole|39/100|[from] Stealth Rock
|turn|34
|l| DaGundalf
|inactive|Sombra Diurna has 120 seconds left.
|
|t:|1644322257
|switch|p2a: Sharko|Garchomp, M|100/100
|-damage|p2a: Sharko|94/100|[from] Stealth Rock
|move|p1a: Buzzwole|Earthquake|p2a: Sharko
|-damage|p2a: Sharko|60/100
|
|-heal|p2a: Sharko|66/100|[from] item: Leftovers
|upkeep
|turn|35
|
|t:|1644322266
|switch|p2a: Thorns|Ferrothorn, M|78/100
|-damage|p2a: Thorns|72/100|[from] Stealth Rock
|move|p1a: Buzzwole|Roost|p1a: Buzzwole
|-heal|p1a: Buzzwole|89/100
|-singleturn|p1a: Buzzwole|move: Roost
|
|upkeep
|turn|36
|inactive|Sombra Diurna has 120 seconds left.
|
|t:|1644322288
|switch|p2a: Billy B.|Marowak-Alola, M, shiny|39/100
|-damage|p2a: Billy B.|14/100|[from] Stealth Rock
|move|p1a: Buzzwole|Close Combat|p2a: Billy B.
|-immune|p2a: Billy B.
|
|upkeep
|turn|37
|inactive|Sombra Diurna has 120 seconds left.
|
|t:|1644322298
|switch|p2a: Thorns|Ferrothorn, M|72/100
|-damage|p2a: Thorns|66/100|[from] Stealth Rock
|move|p1a: Buzzwole|Earthquake|p2a: Thorns
|-damage|p2a: Thorns|42/100
|
|upkeep
|turn|38
|inactive|Sombra Diurna has 120 seconds left.
|
|t:|1644322309
|switch|p2a: Billy B.|Marowak-Alola, M, shiny|14/100
|-damage|p2a: Billy B.|0 fnt|[from] Stealth Rock
|faint|p2a: Billy B.
|move|p1a: Buzzwole|Close Combat|p2: Billy B.|[notarget]
|-fail|p1a: Buzzwole
|
|upkeep
|inactive|Sombra Diurna has 120 seconds left.
|
|t:|1644322315
|switch|p2a: Gorra|Hatterene, F, shiny|82/100
|-damage|p2a: Gorra|70/100|[from] Stealth Rock
|turn|39
|j| Misty Gym comback1
|
|t:|1644322320
|switch|p1a: Zeraora|Zeraora|100/100
|move|p2a: Gorra|Trick Room|p2a: Gorra
|-fieldstart|move: Trick Room|[of] p2a: Gorra
|
|upkeep
|turn|40
|
|t:|1644322332
|move|p2a: Gorra|Draining Kiss|p1a: Zeraora
|-damage|p1a: Zeraora|71/100
|-heal|p2a: Gorra|92/100|[from] drain|[of] p1a: Zeraora
|move|p1a: Zeraora|Knock Off|p2a: Gorra
|-damage|p2a: Gorra|61/100
|-enditem|p2a: Gorra|Kasib Berry|[from] move: Knock Off|[of] p1a: Zeraora
|
|upkeep
|turn|41
|
|t:|1644322342
|move|p2a: Gorra|Healing Wish|p2a: Gorra
|faint|p2a: Gorra
|move|p1a: Zeraora|Plasma Fists|p2: Gorra|[notarget]
|-fail|p1a: Zeraora
|
|upkeep
|
|t:|1644322346
|switch|p2a: Falkor|Drampa, M|21/100 tox
|-heal|p2a: Falkor|100/100|[from] move: Healing Wish
|-damage|p2a: Falkor|88/100|[from] Stealth Rock
|turn|42
|
|t:|1644322355
|move|p2a: Falkor|Hyper Voice|p1a: Zeraora
|-damage|p1a: Zeraora|0 fnt
|faint|p1a: Zeraora
|-damage|p2a: Falkor|78/100|[from] item: Life Orb
|
|upkeep
|
|t:|1644322360
|switch|p1a: Buzzwole|Buzzwole|89/100
|-damage|p1a: Buzzwole|77/100|[from] Stealth Rock
|turn|43
|
|t:|1644322365
|move|p2a: Falkor|Hyper Voice|p1a: Buzzwole
|-damage|p1a: Buzzwole|0 fnt
|faint|p1a: Buzzwole
|-damage|p2a: Falkor|69/100|[from] item: Life Orb
|
|win|Sombra Diurna
|raw|zhengxd's rating: 1635 &rarr; <strong>1615</strong><br />(-20 for losing)
|raw|Sombra Diurna's rating: 1642 &rarr; <strong>1662</strong><br />(+20 for winning)
|l|☆zhengxd
|l| zap4lyfe
