|j|‽GORAN EL DRACO
|j|☆Spex Ice Beam
|t:|1649631896
|gametype|singles
|player|p1|GORAN EL DRACO|harlequin|1809
|player|p2|Spex Ice Beam|dawn-gen4pt|1736
|teamsize|p1|6
|teamsize|p2|6
|gen|8
|tier|[Gen 8] OU
|rated|
|rule|Sleep Clause Mod: Limit one foe put to sleep
|rule|Species Clause: Limit one of each Pokémon
|rule|OHKO Clause: OHKO moves are banned
|rule|Evasion Moves Clause: Evasion moves are banned
|rule|Endless Battle Clause: Forcing endless battles is banned
|rule|HP Percentage Mod: HP is shown in percentages
|rule|Dynamax Clause: You cannot dynamax
|clearpoke
|poke|p1|Obstagoon, F|
|poke|p1|Tyranitar, M|
|poke|p1|Landorus-Therian, M|
|poke|p1|Dragapult, M|
|poke|p1|Kartana|
|poke|p1|Clefable, F|
|poke|p2|Magnezone|
|poke|p2|Landorus-Therian, M|
|poke|p2|Tapu Koko|
|poke|p2|Weavile, M|
|poke|p2|Toxapex, M|
|poke|p2|Corviknight, F|
|teampreview
|inactive|Battle timer is ON: inactive players will automatically lose when time's up. (requested by GORAN EL DRACO)
|inactive|Spex Ice Beam has 120 seconds left.
|c|☆Spex Ice Beam|hf
|
|t:|1649631932
|start
|switch|p1a: Landorus|Landorus-Therian, M|100/100
|switch|p2a: Landorus|Landorus-Therian, M|100/100
|-ability|p2a: Landorus|Intimidate|boost
|-unboost|p1a: Landorus|atk|1
|-ability|p1a: Landorus|Intimidate|boost
|-unboost|p2a: Landorus|atk|1
|turn|1
|
|t:|1649631936
|switch|p2a: Corviknight|Corviknight, F|100/100
|-ability|p2a: Corviknight|Pressure
|move|p1a: Landorus|Knock Off|p2a: Corviknight
|-damage|p2a: Corviknight|87/100
|-enditem|p2a: Corviknight|Leftovers|[from] move: Knock Off|[of] p1a: Landorus
|
|upkeep
|turn|2
|
|t:|1649631939
|move|p1a: Landorus|Stealth Rock|p2a: Corviknight
|-sidestart|p2: Spex Ice Beam|move: Stealth Rock
|move|p2a: Corviknight|Body Press|p1a: Landorus
|-resisted|p1a: Landorus
|-damage|p1a: Landorus|88/100
|-damage|p2a: Corviknight|71/100|[from] item: Rocky Helmet|[of] p1a: Landorus
|
|upkeep
|turn|3
|
|t:|1649631942
|move|p1a: Landorus|U-turn|p2a: Corviknight
|-resisted|p2a: Corviknight
|-damage|p2a: Corviknight|69/100
|
|t:|1649631945
|switch|p1a: Dragapult|Dragapult, M|100/100|[from]move: U-turn
|move|p2a: Corviknight|Defog|p1a: Dragapult
|-unboost|p1a: Dragapult|evasion|1
|-sideend|p2: Spex Ice Beam|Stealth Rock|[from] move: Defog|[of] p2a: Corviknight
|
|upkeep
|turn|4
|
|t:|1649631948
|switch|p2a: Toxapex|Toxapex, M|100/100
|move|p1a: Dragapult|Shadow Ball|p2a: Toxapex
|-damage|p2a: Toxapex|64/100
|-unboost|p2a: Toxapex|spd|1
|
|-heal|p2a: Toxapex|70/100|[from] item: Black Sludge
|upkeep
|turn|5
|
|t:|1649631951
|move|p1a: Dragapult|Shadow Ball|p2a: Toxapex
|-damage|p2a: Toxapex|17/100
|move|p2a: Toxapex|Knock Off|p1a: Dragapult
|-supereffective|p1a: Dragapult
|-damage|p1a: Dragapult|65/100
|-enditem|p1a: Dragapult|Choice Specs|[from] move: Knock Off|[of] p2a: Toxapex
|
|-heal|p2a: Toxapex|23/100|[from] item: Black Sludge
|upkeep
|turn|6
|
|t:|1649631956
|switch|p2a: Landorus|Landorus-Therian, M|100/100
|-ability|p2a: Landorus|Intimidate|boost
|-unboost|p1a: Dragapult|atk|1
|move|p1a: Dragapult|Shadow Ball|p2a: Landorus
|-damage|p2a: Landorus|72/100
|
|-heal|p2a: Landorus|78/100|[from] item: Leftovers
|upkeep
|turn|7
|
|t:|1649631962
|move|p1a: Dragapult|Draco Meteor|p2a: Landorus|[miss]
|-miss|p1a: Dragapult|p2a: Landorus
|move|p2a: Landorus|Stealth Rock|p1a: Dragapult
|-sidestart|p1: GORAN EL DRACO|move: Stealth Rock
|
|-heal|p2a: Landorus|84/100|[from] item: Leftovers
|upkeep
|turn|8
|
|t:|1649631966
|move|p1a: Dragapult|U-turn|p2a: Landorus
|-resisted|p2a: Landorus
|-damage|p2a: Landorus|79/100
|j| ecall
|
|t:|1649631967
|switch|p1a: Landorus|Landorus-Therian, M|88/100|[from]move: U-turn
|-damage|p1a: Landorus|76/100|[from] Stealth Rock
|-ability|p1a: Landorus|Intimidate|boost
|-unboost|p2a: Landorus|atk|1
|move|p2a: Landorus|Earthquake|p1a: Landorus
|-immune|p1a: Landorus
|
|-heal|p2a: Landorus|85/100|[from] item: Leftovers
|upkeep
|turn|9
|
|t:|1649631979
|switch|p2a: Corviknight|Corviknight, F|69/100
|-ability|p2a: Corviknight|Pressure
|move|p1a: Landorus|Stealth Rock|p2a: Corviknight
|-sidestart|p2: Spex Ice Beam|move: Stealth Rock
|
|upkeep
|turn|10
|
|t:|1649631982
|move|p1a: Landorus|U-turn|p2a: Corviknight
|-resisted|p2a: Corviknight
|-damage|p2a: Corviknight|65/100
|
|t:|1649631986
|switch|p1a: Dragapult|Dragapult, M|65/100|[from]move: U-turn
|-damage|p1a: Dragapult|53/100|[from] Stealth Rock
|move|p2a: Corviknight|Roost|p2a: Corviknight
|-heal|p2a: Corviknight|100/100
|-singleturn|p2a: Corviknight|move: Roost
|
|upkeep
|turn|11
|
|t:|1649631990
|switch|p2a: Landorus|Landorus-Therian, M|85/100
|-damage|p2a: Landorus|72/100|[from] Stealth Rock
|-ability|p2a: Landorus|Intimidate|boost
|-unboost|p1a: Dragapult|atk|1
|move|p1a: Dragapult|U-turn|p2a: Landorus
|-resisted|p2a: Landorus
|-damage|p2a: Landorus|66/100
|j| peepeepoopoo72
|
|t:|1649631992
|switch|p1a: Obstagoon|Obstagoon, F|100/100|[from]move: U-turn
|-damage|p1a: Obstagoon|88/100|[from] Stealth Rock
|
|-heal|p2a: Landorus|72/100|[from] item: Leftovers
|-status|p1a: Obstagoon|brn|[from] item: Flame Orb
|upkeep
|turn|12
|
|t:|1649631999
|switch|p2a: Corviknight|Corviknight, F|100/100
|-damage|p2a: Corviknight|88/100|[from] Stealth Rock
|-ability|p2a: Corviknight|Pressure
|move|p1a: Obstagoon|Facade|p2a: Corviknight
|-resisted|p2a: Corviknight
|-damage|p2a: Corviknight|58/100
|
|-damage|p1a: Obstagoon|82/100 brn|[from] brn
|upkeep
|turn|13
|
|t:|1649632003
|switch|p1a: Landorus|Landorus-Therian, M|76/100
|-damage|p1a: Landorus|64/100|[from] Stealth Rock
|-ability|p1a: Landorus|Intimidate|boost
|-unboost|p2a: Corviknight|atk|1
|move|p2a: Corviknight|Roost|p2a: Corviknight
|-heal|p2a: Corviknight|100/100
|-singleturn|p2a: Corviknight|move: Roost
|
|upkeep
|turn|14
|j| Nesnot
|
|t:|1649632006
|move|p1a: Landorus|U-turn|p2a: Corviknight
|-resisted|p2a: Corviknight
|-damage|p2a: Corviknight|97/100
|
|t:|1649632008
|switch|p1a: Dragapult|Dragapult, M|53/100|[from]move: U-turn
|-damage|p1a: Dragapult|40/100|[from] Stealth Rock
|move|p2a: Corviknight|U-turn|p1a: Dragapult
|-resisted|p1a: Dragapult
|-damage|p1a: Dragapult|34/100
|
|t:|1649632015
|switch|p2a: Weavile|Weavile, M|100/100|[from]move: U-turn
|-ability|p2a: Weavile|Pressure
|
|upkeep
|turn|15
|
|t:|1649632019
|switch|p1a: Clefable|Clefable, F|100/100
|move|p2a: Weavile|Knock Off|p1a: Clefable
|-resisted|p1a: Clefable
|-damage|p1a: Clefable|79/100
|-damage|p2a: Weavile|84/100|[from] item: Rocky Helmet|[of] p1a: Clefable
|-enditem|p1a: Clefable|Rocky Helmet|[from] move: Knock Off|[of] p2a: Weavile
|
|upkeep
|turn|16
|j| ppev
|
|t:|1649632030
|switch|p2a: Magnezone|Magnezone|100/100
|-damage|p2a: Magnezone|94/100|[from] Stealth Rock
|move|p1a: Clefable|Teleport|p1a: Clefable
|
|t:|1649632037
|switch|p1a: Landorus|Landorus-Therian, M|64/100|[from]move: Teleport
|-damage|p1a: Landorus|51/100|[from] Stealth Rock
|-ability|p1a: Landorus|Intimidate|boost
|-unboost|p2a: Magnezone|atk|1
|
|upkeep
|turn|17
|
|t:|1649632044
|switch|p2a: Corviknight|Corviknight, F|97/100
|-damage|p2a: Corviknight|84/100|[from] Stealth Rock
|-ability|p2a: Corviknight|Pressure
|move|p1a: Landorus|U-turn|p2a: Corviknight
|-resisted|p2a: Corviknight
|-damage|p2a: Corviknight|81/100
|j| Drito01
|
|t:|1649632049
|switch|p1a: Dragapult|Dragapult, M|34/100|[from]move: U-turn
|-damage|p1a: Dragapult|22/100|[from] Stealth Rock
|
|upkeep
|turn|18
|j| LT_Alt1
|
|t:|1649632054
|move|p1a: Dragapult|Flamethrower|p2a: Corviknight
|-supereffective|p2a: Corviknight
|-damage|p2a: Corviknight|34/100
|move|p2a: Corviknight|Roost|p2a: Corviknight
|-heal|p2a: Corviknight|84/100
|-singleturn|p2a: Corviknight|move: Roost
|
|upkeep
|turn|19
|j| blessed days
|
|t:|1649632057
|switch|p2a: Toxapex|Toxapex, M|56/100
|-damage|p2a: Toxapex|44/100|[from] Stealth Rock
|move|p1a: Dragapult|U-turn|p2a: Toxapex
|-resisted|p2a: Toxapex
|-damage|p2a: Toxapex|38/100
|
|t:|1649632062
|switch|p1a: Tyranitar|Tyranitar, M|100/100|[from]move: U-turn
|-damage|p1a: Tyranitar|88/100|[from] Stealth Rock
|-weather|Sandstorm|[from] ability: Sand Stream|[of] p1a: Tyranitar
|
|-weather|Sandstorm|[upkeep]
|-damage|p2a: Toxapex|32/100|[from] Sandstorm
|-heal|p2a: Toxapex|38/100|[from] item: Black Sludge
|upkeep
|turn|20
|j| BabyPigsAreLaughin
|
|t:|1649632079
|switch|p2a: Landorus|Landorus-Therian, M|72/100
|-damage|p2a: Landorus|60/100|[from] Stealth Rock
|-ability|p2a: Landorus|Intimidate|boost
|-unboost|p1a: Tyranitar|atk|1
|move|p1a: Tyranitar|Stone Edge|p2a: Landorus
|-damage|p2a: Landorus|0 fnt
|faint|p2a: Landorus
|
|-weather|Sandstorm|[upkeep]
|upkeep
|
|t:|1649632085
|switch|p2a: Magnezone|Magnezone|94/100
|-damage|p2a: Magnezone|88/100|[from] Stealth Rock
|turn|21
|
|t:|1649632089
|switch|p1a: Landorus|Landorus-Therian, M|51/100
|-damage|p1a: Landorus|39/100|[from] Stealth Rock
|-ability|p1a: Landorus|Intimidate|boost
|-unboost|p2a: Magnezone|atk|1
|move|p2a: Magnezone|Flash Cannon|p1a: Landorus
|-damage|p1a: Landorus|0 fnt
|faint|p1a: Landorus
|
|-weather|Sandstorm|[upkeep]
|upkeep
|l| Nesnot
|
|t:|1649632097
|switch|p1a: Dragapult|Dragapult, M|22/100
|-damage|p1a: Dragapult|9/100|[from] Stealth Rock
|turn|22
|
|t:|1649632103
|switch|p2a: Toxapex|Toxapex, M|71/100
|-damage|p2a: Toxapex|59/100|[from] Stealth Rock
|move|p1a: Dragapult|U-turn|p2a: Toxapex
|-resisted|p2a: Toxapex
|-damage|p2a: Toxapex|53/100
|
|t:|1649632105
|switch|p1a: Obstagoon|Obstagoon, F|82/100 brn|[from]move: U-turn
|-damage|p1a: Obstagoon|70/100 brn|[from] Stealth Rock
|
|-weather|Sandstorm|[upkeep]
|-damage|p1a: Obstagoon|64/100 brn|[from] Sandstorm
|-damage|p2a: Toxapex|47/100|[from] Sandstorm
|-heal|p2a: Toxapex|53/100|[from] item: Black Sludge
|-damage|p1a: Obstagoon|58/100 brn|[from] brn
|upkeep
|turn|23
|
|t:|1649632110
|switch|p2a: Corviknight|Corviknight, F|84/100
|-damage|p2a: Corviknight|71/100|[from] Stealth Rock
|-ability|p2a: Corviknight|Pressure
|move|p1a: Obstagoon|Knock Off|p2a: Corviknight
|-damage|p2a: Corviknight|46/100
|
|-weather|none
|-damage|p1a: Obstagoon|52/100 brn|[from] brn
|upkeep
|turn|24
|j| Marquesa-10%
|
|t:|1649632116
|move|p1a: Obstagoon|Taunt|p2a: Corviknight
|-start|p2a: Corviknight|move: Taunt
|cant|p2a: Corviknight|move: Taunt|Roost
|
|-damage|p1a: Obstagoon|46/100 brn|[from] brn
|upkeep
|turn|25
|
|t:|1649632120
|switch|p1a: Dragapult|Dragapult, M|9/100
|-damage|p1a: Dragapult|0 fnt|[from] Stealth Rock
|faint|p1a: Dragapult
|move|p2a: Corviknight|Body Press|p1: Dragapult|[notarget]
|-fail|p2a: Corviknight
|
|upkeep
|
|t:|1649632124
|switch|p1a: Tyranitar|Tyranitar, M|88/100
|-damage|p1a: Tyranitar|76/100|[from] Stealth Rock
|-weather|Sandstorm|[from] ability: Sand Stream|[of] p1a: Tyranitar
|turn|26
|
|t:|1649632142
|move|p1a: Tyranitar|Crunch|p2a: Corviknight
|-damage|p2a: Corviknight|0 fnt
|faint|p2a: Corviknight
|
|-weather|Sandstorm|[upkeep]
|upkeep
|
|t:|1649632144
|switch|p2a: Magnezone|Magnezone|88/100
|-damage|p2a: Magnezone|82/100|[from] Stealth Rock
|turn|27
|
|t:|1649632146
|move|p2a: Magnezone|Flash Cannon|p1a: Tyranitar
|-supereffective|p1a: Tyranitar
|-damage|p1a: Tyranitar|0 fnt
|faint|p1a: Tyranitar
|
|-weather|Sandstorm|[upkeep]
|upkeep
|
|t:|1649632153
|switch|p1a: Obstagoon|Obstagoon, F|46/100 brn
|-damage|p1a: Obstagoon|34/100 brn|[from] Stealth Rock
|turn|28
|
|t:|1649632157
|switch|p2a: Weavile|Weavile, M|84/100
|-ability|p2a: Weavile|Pressure
|move|p1a: Obstagoon|Facade|p2a: Weavile
|-damage|p2a: Weavile|0 fnt
|faint|p2a: Weavile
|
|-weather|Sandstorm|[upkeep]
|-damage|p1a: Obstagoon|28/100 brn|[from] Sandstorm
|-damage|p1a: Obstagoon|22/100 brn|[from] brn
|upkeep
|
|t:|1649632163
|switch|p2a: Tapu Koko|Tapu Koko|100/100
|-fieldstart|move: Electric Terrain|[from] ability: Electric Surge|[of] p2a: Tapu Koko
|turn|29
|
|t:|1649632166
|switch|p1a: Clefable|Clefable, F|79/100
|move|p2a: Tapu Koko|U-turn|p1a: Clefable
|-resisted|p1a: Clefable
|-damage|p1a: Clefable|73/100
|
|t:|1649632168
|switch|p2a: Magnezone|Magnezone|82/100|[from]move: U-turn
|-damage|p2a: Magnezone|76/100|[from] Stealth Rock
|
|-weather|Sandstorm|[upkeep]
|upkeep
|turn|30
|
|t:|1649632173
|move|p1a: Clefable|Protect|p1a: Clefable
|-singleturn|p1a: Clefable|Protect
|move|p2a: Magnezone|Rising Voltage|p1a: Clefable
|-activate|p1a: Clefable|move: Protect
|
|-weather|none
|upkeep
|turn|31
|
|t:|1649632177
|move|p2a: Magnezone|Rising Voltage|p1a: Clefable
|-hint|Rising Voltage's BP doubled on grounded target.
|-damage|p1a: Clefable|0 fnt
|faint|p1a: Clefable
|
|upkeep
|
|t:|1649632186
|switch|p1a: Obstagoon|Obstagoon, F|22/100 brn
|-damage|p1a: Obstagoon|10/100 brn|[from] Stealth Rock
|turn|32
|j| pokemonbaatttlee44
|
|t:|1649632196
|switch|p2a: Tapu Koko|Tapu Koko|100/100
|move|p1a: Obstagoon|Facade|p2a: Tapu Koko
|-damage|p2a: Tapu Koko|0 fnt
|faint|p2a: Tapu Koko
|
|-damage|p1a: Obstagoon|4/100 brn|[from] brn
|upkeep
|
|t:|1649632199
|switch|p2a: Toxapex|Toxapex, M|86/100
|-damage|p2a: Toxapex|74/100|[from] Stealth Rock
|turn|33
|
|t:|1649632202
|move|p1a: Obstagoon|Facade|p2a: Toxapex
|-damage|p2a: Toxapex|3/100
|move|p2a: Toxapex|Recover|p2a: Toxapex
|-heal|p2a: Toxapex|53/100
|
|-heal|p2a: Toxapex|59/100|[from] item: Black Sludge
|-damage|p1a: Obstagoon|0 fnt|[from] brn
|faint|p1a: Obstagoon
|-fieldend|move: Electric Terrain
|upkeep
|
|t:|1649632214
|switch|p1a: Kartana|Kartana|100/100
|-damage|p1a: Kartana|94/100|[from] Stealth Rock
|turn|34
|
|t:|1649632218
|move|p1a: Kartana|Leaf Blade|p2a: Toxapex
|-damage|p2a: Toxapex|16/100
|move|p2a: Toxapex|Haze|p2a: Toxapex
|-clearallboost
|
|-heal|p2a: Toxapex|22/100|[from] item: Black Sludge
|upkeep
|turn|35
|
|t:|1649632225
|move|p1a: Kartana|Leaf Blade|p2a: Toxapex
|-damage|p2a: Toxapex|0 fnt
|faint|p2a: Toxapex
|-ability|p1a: Kartana|Beast Boost|boost
|-boost|p1a: Kartana|atk|1
|
|upkeep
|
|t:|1649632226
|switch|p2a: Magnezone|Magnezone|76/100
|-damage|p2a: Magnezone|70/100|[from] Stealth Rock
|turn|36
|
|t:|1649632228
|move|p1a: Kartana|Leaf Blade|p2a: Magnezone
|-resisted|p2a: Magnezone
|-damage|p2a: Magnezone|18/100
|move|p2a: Magnezone|Thunderbolt|p1a: Kartana
|-resisted|p1a: Kartana
|-damage|p1a: Kartana|0 fnt
|faint|p1a: Kartana
|
|win|Spex Ice Beam
|raw|GORAN EL DRACO's rating: 1809 &rarr; <strong>1785</strong><br />(-24 for losing)
|raw|Spex Ice Beam's rating: 1736 &rarr; <strong>1760</strong><br />(+24 for winning)
|l|‽GORAN EL DRACO
|c|☆Spex Ice Beam|gg
