|j|☆EGmiau
|j|☆FENDINI
|t:|1662077402
|gametype|singles
|player|p1|EGmiau|bianca|1572
|player|p2|FENDINI|ethan-masters|1578
|teamsize|p1|6
|teamsize|p2|6
|gen|8
|tier|[Gen 8] OU
|rated|
|rule|Sleep Clause Mod: Limit one foe put to sleep
|rule|Species Clause: Limit one of each Pokémon
|rule|OHKO Clause: OHKO moves are banned
|rule|Evasion Items Clause: Evasion items are banned
|rule|Evasion Moves Clause: Evasion moves are banned
|rule|Endless Battle Clause: Forcing endless battles is banned
|rule|HP Percentage Mod: HP is shown in percentages
|rule|Dynamax Clause: You cannot dynamax
|clearpoke
|poke|p1|Hatterene, F|
|poke|p1|Marowak-Alola, F|
|poke|p1|Melmetal|
|poke|p1|Azumarill, F|
|poke|p1|Crawdaunt, M|
|poke|p1|Slowbro, F|
|poke|p2|Rillaboom, M|
|poke|p2|Tornadus-Therian, M|
|poke|p2|Blaziken, M|
|poke|p2|Melmetal|
|poke|p2|Garchomp, F|
|poke|p2|Slowbro, M|
|teampreview
|c|☆EGmiau|glhf
|inactive|Battle timer is ON: inactive players will automatically lose when time's up. (requested by FENDINI)
|
|t:|1662077408
|start
|switch|p1a: Hatterene|Hatterene, F|100/100
|switch|p2a: Melmetal|Melmetal|100/100
|turn|1
|
|t:|1662077410
|switch|p1a: Slowbro|Slowbro, F|100/100
|move|p2a: Melmetal|Double Iron Bash|p1a: Slowbro
|-resisted|p1a: Slowbro
|-damage|p1a: Slowbro|87/100
|-resisted|p1a: Slowbro
|-damage|p1a: Slowbro|74/100
|-hitcount|p1a: Slowbro|2
|
|upkeep
|turn|2
|
|t:|1662077417
|move|p2a: Melmetal|Thunder Punch|p1a: Slowbro
|-supereffective|p1a: Slowbro
|-damage|p1a: Slowbro|32/100
|move|p1a: Slowbro|Trick Room|p1a: Slowbro
|-fieldstart|move: Trick Room|[of] p1a: Slowbro
|
|upkeep
|turn|3
|
|t:|1662077424
|switch|p1a: Marowak|Marowak-Alola, F|100/100
|move|p2a: Melmetal|Double Iron Bash|p1a: Marowak
|-resisted|p1a: Marowak
|-damage|p1a: Marowak|80/100
|-resisted|p1a: Marowak
|-damage|p1a: Marowak|59/100
|-hitcount|p1a: Marowak|2
|
|upkeep
|turn|4
|
|t:|1662077431
|move|p2a: Melmetal|Protect|p2a: Melmetal
|-singleturn|p2a: Melmetal|Protect
|move|p1a: Marowak|Earthquake|p2a: Melmetal
|-activate|p2a: Melmetal|move: Protect
|
|upkeep
|turn|5
|
|t:|1662077434
|switch|p2a: Garchomp|Garchomp, F|100/100
|move|p1a: Marowak|Flare Blitz|p2a: Garchomp
|-resisted|p2a: Garchomp
|-damage|p2a: Garchomp|59/100
|-damage|p1a: Marowak|47/100|[from] ability: Rough Skin|[of] p2a: Garchomp
|-damage|p1a: Marowak|29/100|[from] Recoil
|
|-heal|p2a: Garchomp|65/100|[from] item: Leftovers
|upkeep
|turn|6
|
|t:|1662077439
|move|p2a: Garchomp|Protect|p2a: Garchomp
|-singleturn|p2a: Garchomp|Protect
|move|p1a: Marowak|Poltergeist|p2a: Garchomp
|-activate|p2a: Garchomp|move: Protect
|
|-heal|p2a: Garchomp|71/100|[from] item: Leftovers
|-fieldend|move: Trick Room
|upkeep
|turn|7
|
|t:|1662077445
|switch|p2a: Melmetal|Melmetal|100/100
|switch|p1a: Azumarill|Azumarill, F|100/100
|
|upkeep
|turn|8
|
|t:|1662077451
|move|p1a: Azumarill|Belly Drum|p1a: Azumarill
|-damage|p1a: Azumarill|50/100
|-setboost|p1a: Azumarill|atk|6|[from] move: Belly Drum
|-enditem|p1a: Azumarill|Sitrus Berry|[eat]
|-heal|p1a: Azumarill|75/100|[from] item: Sitrus Berry
|move|p2a: Melmetal|Thunder Punch|p1a: Azumarill
|-supereffective|p1a: Azumarill
|-damage|p1a: Azumarill|5/100
|
|upkeep
|turn|9
|
|t:|1662077476
|switch|p2a: Garchomp|Garchomp, F|71/100
|move|p1a: Azumarill|Knock Off|p2a: Garchomp
|-damage|p2a: Garchomp|0 fnt
|-damage|p1a: Azumarill|0 fnt|[from] ability: Rough Skin|[of] p2a: Garchomp
|faint|p2a: Garchomp
|faint|p1a: Azumarill
|
|upkeep
|
|t:|1662077484
|switch|p2a: Melmetal|Melmetal|100/100
|switch|p1a: Hatterene|Hatterene, F|100/100
|turn|10
|
|t:|1662077488
|switch|p1a: Melmetal|Melmetal|100/100
|move|p2a: Melmetal|Double Iron Bash|p1a: Melmetal
|-resisted|p1a: Melmetal
|-damage|p1a: Melmetal|86/100
|-resisted|p1a: Melmetal
|-damage|p1a: Melmetal|74/100
|-hitcount|p1a: Melmetal|2
|
|upkeep
|turn|11
|
|t:|1662077493
|switch|p2a: Slowbro|Slowbro, M|100/100
|move|p1a: Melmetal|Double Iron Bash|p2a: Slowbro
|-resisted|p2a: Slowbro
|-damage|p2a: Slowbro|88/100
|-damage|p1a: Melmetal|58/100|[from] item: Rocky Helmet|[of] p2a: Slowbro
|-resisted|p2a: Slowbro
|-damage|p2a: Slowbro|75/100
|-damage|p1a: Melmetal|41/100|[from] item: Rocky Helmet|[of] p2a: Slowbro
|-hitcount|p2a: Slowbro|2
|
|upkeep
|turn|12
|
|t:|1662077499
|switch|p1a: Hatterene|Hatterene, F|100/100
|move|p2a: Slowbro|Teleport|p2a: Slowbro
|
|t:|1662077501
|switch|p2a: Melmetal|Melmetal|100/100|[from]move: Teleport
|
|upkeep
|turn|13
|
|t:|1662077505
|switch|p1a: Melmetal|Melmetal|41/100
|move|p2a: Melmetal|Double Iron Bash|p1a: Melmetal
|-resisted|p1a: Melmetal
|-damage|p1a: Melmetal|28/100
|-resisted|p1a: Melmetal
|-damage|p1a: Melmetal|14/100
|-hitcount|p1a: Melmetal|2
|
|upkeep
|turn|14
|
|t:|1662077510
|move|p2a: Melmetal|Thunder Punch|p1a: Melmetal
|-damage|p1a: Melmetal|0 fnt
|faint|p1a: Melmetal
|
|upkeep
|
|t:|1662077513
|switch|p1a: Slowbro|Slowbro, F|66/100
|turn|15
|
|t:|1662077521
|move|p2a: Melmetal|Double Iron Bash|p1a: Slowbro
|-resisted|p1a: Slowbro
|-damage|p1a: Slowbro|53/100
|-resisted|p1a: Slowbro
|-damage|p1a: Slowbro|40/100
|-hitcount|p1a: Slowbro|2
|cant|p1a: Slowbro|flinch
|
|upkeep
|turn|16
|
|t:|1662077524
|move|p2a: Melmetal|Thunder Punch|p1a: Slowbro
|-supereffective|p1a: Slowbro
|-damage|p1a: Slowbro|0 fnt
|faint|p1a: Slowbro
|
|upkeep
|
|t:|1662077531
|switch|p1a: Marowak|Marowak-Alola, F|29/100
|turn|17
|
|t:|1662077543
|move|p2a: Melmetal|Double Iron Bash|p1a: Marowak
|-resisted|p1a: Marowak
|-damage|p1a: Marowak|9/100
|-resisted|p1a: Marowak
|-damage|p1a: Marowak|0 fnt
|faint|p1a: Marowak
|-hitcount|p1: Marowak|2
|
|upkeep
|
|t:|1662077547
|switch|p1a: Crawdaunt|Crawdaunt, M|100/100
|turn|18
|
|t:|1662077551
|move|p1a: Crawdaunt|Liquidation|p2a: Melmetal
|-damage|p2a: Melmetal|55/100
|-damage|p1a: Crawdaunt|90/100|[from] item: Life Orb
|move|p2a: Melmetal|Thunder Punch|p1a: Crawdaunt
|-supereffective|p1a: Crawdaunt
|-damage|p1a: Crawdaunt|0 fnt
|faint|p1a: Crawdaunt
|
|-heal|p2a: Melmetal|61/100|[from] item: Leftovers
|upkeep
|
|t:|1662077554
|switch|p1a: Hatterene|Hatterene, F|100/100
|turn|19
|c|☆EGmiau|gg
|-message|EGmiau forfeited.
|
|win|FENDINI
|raw|EGmiau's rating: 1572 &rarr; <strong>1552</strong><br />(-20 for losing)
|raw|FENDINI's rating: 1578 &rarr; <strong>1598</strong><br />(+20 for winning)
|l|☆EGmiau
