|j|☆Lou dort
|j|☆LT91BB Silk
|t:|1659549960
|gametype|singles
|player|p1|Lou dort|lyra|1384
|player|p2|LT91BB Silk|caitlin|1406
|teamsize|p1|6
|teamsize|p2|6
|gen|8
|tier|[Gen 8] OU
|rated|
|rule|Sleep Clause Mod: Limit one foe put to sleep
|rule|Species Clause: Limit one of each Pokémon
|rule|OHKO Clause: OHKO moves are banned
|rule|Evasion Moves Clause: Evasion moves are banned
|rule|Endless Battle Clause: Forcing endless battles is banned
|rule|HP Percentage Mod: HP is shown in percentages
|rule|Dynamax Clause: You cannot dynamax
|clearpoke
|poke|p1|Tyranitar, F|
|poke|p1|Blacephalon|
|poke|p1|Corviknight, F|
|poke|p1|Volcanion|
|poke|p1|Mamoswine, M|
|poke|p1|Zapdos|
|poke|p2|Gastrodon, F|
|poke|p2|Rillaboom, M|
|poke|p2|Clefable, M|
|poke|p2|Heatran, F|
|poke|p2|Tornadus-Therian, M|
|poke|p2|Melmetal|
|teampreview
|inactive|Battle timer is ON: inactive players will automatically lose when time's up. (requested by Lou dort)
|
|t:|1659549976
|start
|switch|p1a: Tyranitar|Tyranitar, F|100/100
|switch|p2a: Tornadus|Tornadus-Therian, M|100/100
|-weather|Sandstorm|[from] ability: Sand Stream|[of] p1a: Tyranitar
|turn|1
|
|t:|1659549980
|move|p2a: Tornadus|U-turn|p1a: Tyranitar
|-supereffective|p1a: Tyranitar
|-damage|p1a: Tyranitar|75/100
|
|t:|1659549985
|switch|p2a: Gastrodon|Gastrodon, F|100/100|[from]move: U-turn
|move|p1a: Tyranitar|Stone Edge|p2a: Gastrodon
|-resisted|p2a: Gastrodon
|-damage|p2a: Gastrodon|51/100
|
|-weather|Sandstorm|[upkeep]
|-heal|p2a: Gastrodon|57/100|[from] item: Leftovers
|upkeep
|turn|2
|
|t:|1659549992
|switch|p1a: Mamoswine|Mamoswine, M|100/100
|move|p2a: Gastrodon|Recover|p2a: Gastrodon
|-heal|p2a: Gastrodon|100/100
|
|-weather|Sandstorm|[upkeep]
|upkeep
|turn|3
|
|t:|1659549996
|move|p1a: Mamoswine|Earthquake|p2a: Gastrodon
|-damage|p2a: Gastrodon|8/100
|move|p2a: Gastrodon|Toxic|p1a: Mamoswine
|-status|p1a: Mamoswine|tox
|
|-weather|Sandstorm|[upkeep]
|-heal|p2a: Gastrodon|14/100|[from] item: Leftovers
|-damage|p1a: Mamoswine|94/100 tox|[from] psn
|upkeep
|turn|4
|
|t:|1659550000
|switch|p1a: Zapdos|Zapdos|100/100
|switch|p2a: Tornadus|Tornadus-Therian, M|100/100
|
|-weather|Sandstorm|[upkeep]
|-damage|p2a: Tornadus|94/100|[from] Sandstorm
|-damage|p1a: Zapdos|94/100|[from] Sandstorm
|upkeep
|turn|5
|
|t:|1659550009
|move|p2a: Tornadus|Knock Off|p1a: Zapdos
|-damage|p1a: Zapdos|71/100
|-status|p2a: Tornadus|par|[from] ability: Static|[of] p1a: Zapdos
|-enditem|p1a: Zapdos|Heavy-Duty Boots|[from] move: Knock Off|[of] p2a: Tornadus
|move|p1a: Zapdos|Thunderbolt|p2a: Tornadus
|-supereffective|p2a: Tornadus
|-damage|p2a: Tornadus|5/100 par
|
|-weather|none
|upkeep
|turn|6
|
|t:|1659550020
|switch|p2a: Heatran|Heatran, F|100/100
|move|p1a: Zapdos|Volt Switch|p2a: Heatran
|-damage|p2a: Heatran|79/100
|
|t:|1659550027
|switch|p1a: Mamoswine|Mamoswine, M|94/100 tox|[from]move: Volt Switch
|
|-heal|p2a: Heatran|85/100|[from] item: Leftovers
|-damage|p1a: Mamoswine|88/100 tox|[from] psn
|upkeep
|turn|7
|
|t:|1659550031
|switch|p2a: Melmetal|Melmetal|100/100
|move|p1a: Mamoswine|Earthquake|p2a: Melmetal
|-supereffective|p2a: Melmetal
|-damage|p2a: Melmetal|5/100
|
|-heal|p2a: Melmetal|11/100|[from] item: Leftovers
|-damage|p1a: Mamoswine|76/100 tox|[from] psn
|upkeep
|turn|8
|
|t:|1659550039
|switch|p1a: Zapdos|Zapdos|71/100
|move|p2a: Melmetal|Double Iron Bash|p1a: Zapdos
|-resisted|p1a: Zapdos
|-damage|p1a: Zapdos|42/100
|-status|p2a: Melmetal|par|[from] ability: Static|[of] p1a: Zapdos
|-resisted|p1a: Zapdos
|-damage|p1a: Zapdos|17/100
|-hitcount|p1a: Zapdos|2
|
|-heal|p2a: Melmetal|17/100 par|[from] item: Leftovers
|upkeep
|turn|9
|
|t:|1659550044
|switch|p2a: Heatran|Heatran, F|85/100
|move|p1a: Zapdos|Thunderbolt|p2a: Heatran
|-damage|p2a: Heatran|57/100
|
|-heal|p2a: Heatran|63/100|[from] item: Leftovers
|upkeep
|turn|10
|
|t:|1659550050
|move|p1a: Zapdos|Volt Switch|p2a: Heatran
|-damage|p2a: Heatran|39/100
|
|t:|1659550054
|switch|p1a: Volcanion|Volcanion|100/100|[from]move: Volt Switch
|move|p2a: Heatran|Magma Storm|p1a: Volcanion
|-resisted|p1a: Volcanion
|-damage|p1a: Volcanion|87/100
|-activate|p1a: Volcanion|move: Magma Storm|[of] p2a: Heatran
|
|-heal|p2a: Heatran|46/100|[from] item: Leftovers
|-damage|p1a: Volcanion|74/100|[from] move: Magma Storm|[partiallytrapped]
|upkeep
|turn|11
|
|t:|1659550069
|switch|p2a: Melmetal|Melmetal|17/100 par
|move|p1a: Volcanion|Earth Power|p2a: Melmetal
|-supereffective|p2a: Melmetal
|-damage|p2a: Melmetal|0 fnt
|faint|p2a: Melmetal
|
|-end|p1a: Volcanion|Magma Storm|[partiallytrapped]|[silent]
|upkeep
|
|t:|1659550077
|switch|p2a: Tornadus|Tornadus-Therian, M|38/100 par
|turn|12
|
|t:|1659550090
|switch|p1a: Zapdos|Zapdos|17/100
|move|p2a: Tornadus|U-turn|p1a: Zapdos
|-resisted|p1a: Zapdos
|-damage|p1a: Zapdos|8/100
|
|t:|1659550094
|switch|p2a: Rillaboom|Rillaboom, M|100/100|[from]move: U-turn
|-fieldstart|move: Grassy Terrain|[from] ability: Grassy Surge|[of] p2a: Rillaboom
|
|upkeep
|turn|13
|
|t:|1659550098
|switch|p1a: Corviknight|Corviknight, F|100/100
|-ability|p1a: Corviknight|Pressure
|move|p2a: Rillaboom|Grassy Glide|p1a: Corviknight
|-resisted|p1a: Corviknight
|-damage|p1a: Corviknight|90/100
|-damage|p2a: Rillaboom|91/100|[from] item: Life Orb
|
|-heal|p2a: Rillaboom|97/100|[from] Grassy Terrain
|-heal|p1a: Corviknight|96/100|[from] item: Leftovers
|upkeep
|turn|14
|
|t:|1659550105
|switch|p2a: Tornadus|Tornadus-Therian, M|71/100 par
|move|p1a: Corviknight|U-turn|p2a: Tornadus
|-resisted|p2a: Tornadus
|-damage|p2a: Tornadus|64/100 par
|
|t:|1659550117
|switch|p1a: Zapdos|Zapdos|8/100|[from]move: U-turn
|
|upkeep
|turn|15
|
|t:|1659550124
|switch|p2a: Gastrodon|Gastrodon, F|14/100
|move|p1a: Zapdos|Roost|p1a: Zapdos
|-heal|p1a: Zapdos|58/100
|-singleturn|p1a: Zapdos|move: Roost
|
|-heal|p1a: Zapdos|65/100|[from] Grassy Terrain
|-heal|p2a: Gastrodon|20/100|[from] Grassy Terrain
|-heal|p2a: Gastrodon|26/100|[from] item: Leftovers
|upkeep
|turn|16
|
|t:|1659550133
|move|p1a: Zapdos|Hurricane|p2a: Gastrodon|[miss]
|-miss|p1a: Zapdos|p2a: Gastrodon
|move|p2a: Gastrodon|Recover|p2a: Gastrodon
|-heal|p2a: Gastrodon|76/100
|
|-heal|p2a: Gastrodon|82/100|[from] Grassy Terrain
|-heal|p2a: Gastrodon|88/100|[from] item: Leftovers
|-fieldend|move: Grassy Terrain
|upkeep
|turn|17
|c|☆Lou dort|nice
|
|t:|1659550137
|move|p1a: Zapdos|Hurricane|p2a: Gastrodon
|-damage|p2a: Gastrodon|50/100
|-start|p2a: Gastrodon|confusion
|-activate|p2a: Gastrodon|confusion
|-damage|p2a: Gastrodon|43/100|[from] confusion
|
|-heal|p2a: Gastrodon|49/100|[from] item: Leftovers
|upkeep
|turn|18
|
|t:|1659550140
|move|p1a: Zapdos|Hurricane|p2a: Gastrodon
|-damage|p2a: Gastrodon|12/100
|-end|p2a: Gastrodon|confusion
|move|p2a: Gastrodon|Recover|p2a: Gastrodon
|-heal|p2a: Gastrodon|62/100
|
|-heal|p2a: Gastrodon|68/100|[from] item: Leftovers
|upkeep
|turn|19
|
|t:|1659550142
|move|p1a: Zapdos|Hurricane|p2a: Gastrodon
|-damage|p2a: Gastrodon|34/100
|move|p2a: Gastrodon|Recover|p2a: Gastrodon
|-heal|p2a: Gastrodon|84/100
|
|-heal|p2a: Gastrodon|90/100|[from] item: Leftovers
|upkeep
|turn|20
|
|t:|1659550146
|switch|p1a: Mamoswine|Mamoswine, M|76/100 tox
|move|p2a: Gastrodon|Toxic|p1a: Mamoswine
|-fail|p1a: Mamoswine|tox
|
|-heal|p2a: Gastrodon|96/100|[from] item: Leftovers
|-damage|p1a: Mamoswine|70/100 tox|[from] psn
|upkeep
|turn|21
|
|t:|1659550160
|switch|p2a: Heatran|Heatran, F|46/100
|move|p1a: Mamoswine|Icicle Crash|p2a: Heatran
|-resisted|p2a: Heatran
|-damage|p2a: Heatran|30/100
|
|-heal|p2a: Heatran|36/100|[from] item: Leftovers
|-damage|p1a: Mamoswine|58/100 tox|[from] psn
|upkeep
|turn|22
|
|t:|1659550167
|switch|p1a: Tyranitar|Tyranitar, F|75/100
|-weather|Sandstorm|[from] ability: Sand Stream|[of] p1a: Tyranitar
|move|p2a: Heatran|Magma Storm|p1a: Tyranitar
|-resisted|p1a: Tyranitar
|-damage|p1a: Tyranitar|61/100
|-activate|p1a: Tyranitar|move: Magma Storm|[of] p2a: Heatran
|
|-weather|Sandstorm|[upkeep]
|-heal|p2a: Heatran|42/100|[from] item: Leftovers
|-damage|p1a: Tyranitar|49/100|[from] move: Magma Storm|[partiallytrapped]
|upkeep
|turn|23
|
|t:|1659550171
|switch|p2a: Gastrodon|Gastrodon, F|96/100
|move|p1a: Tyranitar|Crunch|p2a: Gastrodon
|-damage|p2a: Gastrodon|16/100
|
|-weather|Sandstorm|[upkeep]
|-heal|p2a: Gastrodon|22/100|[from] item: Leftovers
|-end|p1a: Tyranitar|Magma Storm|[partiallytrapped]|[silent]
|upkeep
|turn|24
|
|t:|1659550177
|switch|p2a: Clefable|Clefable, M|100/100
|move|p1a: Tyranitar|Crunch|p2a: Clefable
|-resisted|p2a: Clefable
|-damage|p2a: Clefable|73/100
|
|-weather|Sandstorm|[upkeep]
|-damage|p2a: Clefable|67/100|[from] Sandstorm
|-heal|p2a: Clefable|73/100|[from] item: Leftovers
|upkeep
|turn|25
|
|t:|1659550187
|switch|p1a: Corviknight|Corviknight, F|96/100
|-ability|p1a: Corviknight|Pressure
|switch|p2a: Gastrodon|Gastrodon, F|22/100
|
|-weather|Sandstorm|[upkeep]
|-heal|p1a: Corviknight|100/100|[from] item: Leftovers
|-heal|p2a: Gastrodon|28/100|[from] item: Leftovers
|upkeep
|turn|26
|
|t:|1659550191
|move|p1a: Corviknight|Brave Bird|p2a: Gastrodon
|-damage|p2a: Gastrodon|0 fnt
|faint|p2a: Gastrodon
|-damage|p1a: Corviknight|91/100|[from] Recoil
|
|-weather|none
|-heal|p1a: Corviknight|97/100|[from] item: Leftovers
|upkeep
|
|t:|1659550194
|switch|p2a: Heatran|Heatran, F|42/100
|turn|27
|
|t:|1659550199
|switch|p1a: Volcanion|Volcanion|74/100
|move|p2a: Heatran|Earth Power|p1a: Volcanion
|-supereffective|p1a: Volcanion
|-damage|p1a: Volcanion|6/100
|
|-heal|p2a: Heatran|49/100|[from] item: Leftovers
|upkeep
|turn|28
|
|t:|1659550203
|switch|p2a: Tornadus|Tornadus-Therian, M|97/100 par
|move|p1a: Volcanion|Steam Eruption|p2a: Tornadus
|-damage|p2a: Tornadus|7/100 par
|
|upkeep
|turn|29
|
|t:|1659550208
|switch|p2a: Rillaboom|Rillaboom, M|97/100
|-fieldstart|move: Grassy Terrain|[from] ability: Grassy Surge|[of] p2a: Rillaboom
|move|p1a: Volcanion|Steam Eruption|p2a: Rillaboom
|-resisted|p2a: Rillaboom
|-damage|p2a: Rillaboom|34/100
|-status|p2a: Rillaboom|brn
|
|-heal|p2a: Rillaboom|40/100 brn|[from] Grassy Terrain
|-heal|p1a: Volcanion|12/100|[from] Grassy Terrain
|-damage|p2a: Rillaboom|34/100 brn|[from] brn
|upkeep
|turn|30
|
|t:|1659550211
|switch|p1a: Corviknight|Corviknight, F|97/100
|-ability|p1a: Corviknight|Pressure
|move|p2a: Rillaboom|Knock Off|p1a: Corviknight
|-damage|p1a: Corviknight|83/100
|-enditem|p1a: Corviknight|Leftovers|[from] move: Knock Off|[of] p2a: Rillaboom
|-damage|p2a: Rillaboom|24/100 brn|[from] item: Life Orb
|
|-heal|p2a: Rillaboom|30/100 brn|[from] Grassy Terrain
|-damage|p2a: Rillaboom|24/100 brn|[from] brn
|upkeep
|turn|31
|
|t:|1659550213
|switch|p2a: Heatran|Heatran, F|49/100
|move|p1a: Corviknight|U-turn|p2a: Heatran
|-resisted|p2a: Heatran
|-damage|p2a: Heatran|46/100
|
|t:|1659550223
|switch|p1a: Volcanion|Volcanion|12/100|[from]move: U-turn
|
|-heal|p1a: Volcanion|18/100|[from] Grassy Terrain
|-heal|p2a: Heatran|52/100|[from] Grassy Terrain
|-heal|p2a: Heatran|58/100|[from] item: Leftovers
|upkeep
|turn|32
|
|t:|1659550226
|switch|p2a: Tornadus|Tornadus-Therian, M|40/100 par
|move|p1a: Volcanion|Steam Eruption|p2a: Tornadus
|-damage|p2a: Tornadus|0 fnt
|faint|p2a: Tornadus
|
|-heal|p1a: Volcanion|24/100|[from] Grassy Terrain
|upkeep
|
|t:|1659550229
|switch|p2a: Rillaboom|Rillaboom, M|24/100 brn
|turn|33
|
|t:|1659550232
|switch|p2a: Heatran|Heatran, F|58/100
|switch|p1a: Corviknight|Corviknight, F|83/100
|-ability|p1a: Corviknight|Pressure
|
|-heal|p2a: Heatran|64/100|[from] Grassy Terrain
|-heal|p2a: Heatran|71/100|[from] item: Leftovers
|-fieldend|move: Grassy Terrain
|upkeep
|turn|34
|
|t:|1659550235
|switch|p1a: Tyranitar|Tyranitar, F|49/100
|-weather|Sandstorm|[from] ability: Sand Stream|[of] p1a: Tyranitar
|move|p2a: Heatran|Magma Storm|p1a: Tyranitar
|-resisted|p1a: Tyranitar
|-damage|p1a: Tyranitar|34/100
|-activate|p1a: Tyranitar|move: Magma Storm|[of] p2a: Heatran
|
|-weather|Sandstorm|[upkeep]
|-heal|p2a: Heatran|77/100|[from] item: Leftovers
|-damage|p1a: Tyranitar|21/100|[from] move: Magma Storm|[partiallytrapped]
|upkeep
|turn|35
|
|t:|1659550239
|switch|p2a: Clefable|Clefable, M|73/100
|move|p1a: Tyranitar|Stone Edge|p2a: Clefable
|-damage|p2a: Clefable|2/100
|
|-weather|Sandstorm|[upkeep]
|-damage|p2a: Clefable|0 fnt|[from] Sandstorm
|faint|p2a: Clefable
|-end|p1a: Tyranitar|Magma Storm|[partiallytrapped]|[silent]
|upkeep
|
|t:|1659550242
|switch|p2a: Rillaboom|Rillaboom, M|24/100 brn
|-fieldstart|move: Grassy Terrain|[from] ability: Grassy Surge|[of] p2a: Rillaboom
|turn|36
|
|t:|1659550246
|switch|p1a: Zapdos|Zapdos|65/100
|move|p2a: Rillaboom|Superpower|p1a: Zapdos
|-resisted|p1a: Zapdos
|-damage|p1a: Zapdos|48/100
|-unboost|p2a: Rillaboom|atk|1
|-unboost|p2a: Rillaboom|def|1
|-damage|p2a: Rillaboom|14/100 brn|[from] item: Life Orb
|
|-weather|Sandstorm|[upkeep]
|-damage|p1a: Zapdos|41/100|[from] Sandstorm
|-damage|p2a: Rillaboom|8/100 brn|[from] Sandstorm
|-heal|p2a: Rillaboom|14/100 brn|[from] Grassy Terrain
|-damage|p2a: Rillaboom|8/100 brn|[from] brn
|upkeep
|turn|37
|c|☆Lou dort|gg olt noob
|
|t:|1659550254
|move|p2a: Rillaboom|Grassy Glide|p1a: Zapdos
|-resisted|p1a: Zapdos
|-damage|p1a: Zapdos|28/100
|-damage|p2a: Rillaboom|0 fnt|[from] item: Life Orb
|faint|p2a: Rillaboom
|move|p1a: Zapdos|Volt Switch|p2: Rillaboom|[notarget]
|-fail|p1a: Zapdos
|
|-weather|Sandstorm|[upkeep]
|-damage|p1a: Zapdos|22/100|[from] Sandstorm
|upkeep
|c|☆LT91BB Silk|playing a hit and miss HO everyone can win
|
|t:|1659550268
|switch|p2a: Heatran|Heatran, F|77/100
|turn|38
|
|t:|1659550279
|move|p1a: Zapdos|Volt Switch|p2a: Heatran
|-damage|p2a: Heatran|54/100
|-message|LT91BB Silk forfeited.
|
|win|Lou dort
|raw|Lou dort's rating: 1384 &rarr; <strong>1405</strong><br />(+21 for winning)
|raw|LT91BB Silk's rating: 1406 &rarr; <strong>1385</strong><br />(-21 for losing)
|l|☆LT91BB Silk
