|j|☆Live From Space
|j|☆A
|player|p1|Live From Space|guitarist-gen3|1619
|player|p2|A|clemont|1691
|teamsize|p1|6
|teamsize|p2|6
|gametype|singles
|gen|8
|tier|[Gen 8] OU
|rated|
|html|<div class="broadcast-blue"><strong>OU is currently suspecting Dracovish! For information on how to participate check out the <a href="https://www.smogon.com/forums/threads/3664521/">suspect thread</a>.</strong></div>
|clearpoke
|poke|p1|Dragapult, M|
|poke|p1|Xatu, M|
|poke|p1|Gastrodon, M|
|poke|p1|Kommo-o, F|
|poke|p1|Clefable, F|
|poke|p1|Ferrothorn, F|
|poke|p2|Corviknight, M|
|poke|p2|Hatterene, F|
|poke|p2|Rotom-Heat|
|poke|p2|Seismitoad, F|
|poke|p2|Conkeldurr, M|
|poke|p2|Zeraora|
|rule|Sleep Clause Mod: Limit one foe put to sleep
|rule|Species Clause: Limit one of each Pokémon
|rule|OHKO Clause: OHKO moves are banned
|rule|Evasion Moves Clause: Evasion moves are banned
|rule|Endless Battle Clause: Forcing endless battles is banned
|rule|HP Percentage Mod: HP is shown in percentages
|rule|Dynamax Clause: You cannot dynamax
|teampreview
|inactive|Battle timer is ON: inactive players will automatically lose when time's up. (requested by A)
|
|start
|switch|p1a: Clefable|Clefable, F, shiny|100/100
|switch|p2a: him|Zeraora|100/100
|turn|1
|
|switch|p1a: Gastrodon|Gastrodon, M|100/100
|move|p2a: him|Knock Off|p1a: Gastrodon
|-damage|p1a: Gastrodon|74/100
|-activate|p1a: Gastrodon|ability: Sticky Hold
|
|-heal|p1a: Gastrodon|80/100|[from] item: Leftovers
|upkeep
|turn|2
|
|move|p2a: him|Grass Knot|p1a: Gastrodon
|-supereffective|p1a: Gastrodon
|-damage|p1a: Gastrodon|33/100
|move|p1a: Gastrodon|Scald|p2a: him
|-damage|p2a: him|70/100
|-status|p2a: him|brn
|
|-heal|p1a: Gastrodon|39/100|[from] item: Leftovers
|-damage|p2a: him|64/100 brn|[from] brn
|upkeep
|turn|3
|
|switch|p1a: Ferrothorn|Ferrothorn, F|100/100
|move|p2a: him|Knock Off|p1a: Ferrothorn
|-damage|p1a: Ferrothorn|92/100
|-damage|p2a: him|52/100 brn|[from] ability: Iron Barbs|[of] p1a: Ferrothorn
|-enditem|p1a: Ferrothorn|Leftovers|[from] move: Knock Off|[of] p2a: him
|
|-damage|p2a: him|46/100 brn|[from] brn
|upkeep
|turn|4
|
|switch|p2a: Hello?|Hatterene, F|100/100
|move|p1a: Ferrothorn|Leech Seed|p2a: Hello?
|move|p2a: Hello?|Leech Seed|p1a: Ferrothorn|[from]Magic Bounce
|-immune|p1a: Ferrothorn
|
|upkeep
|turn|5
|
|move|p2a: Hello?|Mystical Fire|p1a: Ferrothorn
|-supereffective|p1a: Ferrothorn
|-damage|p1a: Ferrothorn|4/100
|-unboost|p1a: Ferrothorn|spa|1
|move|p1a: Ferrothorn|Iron Head|p2a: Hello?
|-supereffective|p2a: Hello?
|-damage|p2a: Hello?|46/100
|
|upkeep
|turn|6
|
|switch|p1a: Clefable|Clefable, F, shiny|100/100
|move|p2a: Hello?|Psychic|p1a: Clefable
|-damage|p1a: Clefable|66/100
|
|-heal|p1a: Clefable|72/100|[from] item: Leftovers
|upkeep
|turn|7
|
|move|p1a: Clefable|Knock Off|p2a: Hello?
|-damage|p2a: Hello?|30/100
|-enditem|p2a: Hello?|Assault Vest|[from] move: Knock Off|[of] p1a: Clefable
|move|p2a: Hello?|Nuzzle|p1a: Clefable
|-damage|p1a: Clefable|68/100
|-status|p1a: Clefable|par
|
|-heal|p1a: Clefable|74/100 par|[from] item: Leftovers
|upkeep
|turn|8
|
|move|p2a: Hello?|Draining Kiss|p1a: Clefable
|-damage|p1a: Clefable|54/100 par
|-heal|p2a: Hello?|50/100|[from] drain|[of] p1a: Clefable
|cant|p1a: Clefable|par
|
|-heal|p1a: Clefable|60/100 par|[from] item: Leftovers
|upkeep
|turn|9
|
|move|p2a: Hello?|Draining Kiss|p1a: Clefable
|-damage|p1a: Clefable|39/100 par
|-heal|p2a: Hello?|69/100|[from] drain|[of] p1a: Clefable
|move|p1a: Clefable|Moonblast|p2a: Hello?
|-damage|p2a: Hello?|36/100
|
|-heal|p1a: Clefable|45/100 par|[from] item: Leftovers
|upkeep
|turn|10
|
|move|p2a: Hello?|Mystical Fire|p1a: Clefable
|-damage|p1a: Clefable|27/100 par
|-unboost|p1a: Clefable|spa|1
|move|p1a: Clefable|Soft-Boiled|p1a: Clefable
|-heal|p1a: Clefable|77/100 par
|
|-heal|p1a: Clefable|83/100 par|[from] item: Leftovers
|upkeep
|turn|11
|
|move|p2a: Hello?|Draining Kiss|p1a: Clefable
|-damage|p1a: Clefable|63/100 par
|-heal|p2a: Hello?|54/100|[from] drain|[of] p1a: Clefable
|move|p1a: Clefable|Moonblast|p2a: Hello?
|-damage|p2a: Hello?|33/100
|
|-heal|p1a: Clefable|69/100 par|[from] item: Leftovers
|upkeep
|turn|12
|
|move|p2a: Hello?|Mystical Fire|p1a: Clefable
|-damage|p1a: Clefable|50/100 par
|-unboost|p1a: Clefable|spa|1
|move|p1a: Clefable|Moonblast|p2a: Hello?
|-damage|p2a: Hello?|19/100
|-unboost|p2a: Hello?|spa|1
|
|-heal|p1a: Clefable|57/100 par|[from] item: Leftovers
|upkeep
|turn|13
|
|move|p2a: Hello?|Draining Kiss|p1a: Clefable
|-damage|p1a: Clefable|43/100 par
|-heal|p2a: Hello?|32/100|[from] drain|[of] p1a: Clefable
|cant|p1a: Clefable|par
|
|-heal|p1a: Clefable|49/100 par|[from] item: Leftovers
|upkeep
|turn|14
|
|move|p2a: Hello?|Draining Kiss|p1a: Clefable
|-damage|p1a: Clefable|35/100 par
|-heal|p2a: Hello?|45/100|[from] drain|[of] p1a: Clefable
|cant|p1a: Clefable|par
|
|-heal|p1a: Clefable|41/100 par|[from] item: Leftovers
|upkeep
|turn|15
|
|move|p2a: Hello?|Psychic|p1a: Clefable
|-damage|p1a: Clefable|18/100 par
|move|p1a: Clefable|Soft-Boiled|p1a: Clefable
|-heal|p1a: Clefable|68/100 par
|
|-heal|p1a: Clefable|74/100 par|[from] item: Leftovers
|upkeep
|turn|16
|
|move|p2a: Hello?|Draining Kiss|p1a: Clefable
|-damage|p1a: Clefable|61/100 par
|-heal|p2a: Hello?|57/100|[from] drain|[of] p1a: Clefable
|move|p1a: Clefable|Wish|p1a: Clefable
|
|-heal|p1a: Clefable|67/100 par|[from] item: Leftovers
|upkeep
|turn|17
|
|move|p2a: Hello?|Draining Kiss|p1a: Clefable
|-damage|p1a: Clefable|52/100 par
|-heal|p2a: Hello?|71/100|[from] drain|[of] p1a: Clefable
|move|p1a: Clefable|Moonblast|p2a: Hello?
|-damage|p2a: Hello?|55/100
|
|-heal|p1a: Clefable|100/100 par|[from] move: Wish|[wisher] Clefable
|upkeep
|turn|18
|
|switch|p2a: Choccy Milk|Rotom-Heat|100/100
|move|p1a: Clefable|Moonblast|p2a: Choccy Milk
|-resisted|p2a: Choccy Milk
|-damage|p2a: Choccy Milk|92/100
|-unboost|p2a: Choccy Milk|spa|1
|
|-heal|p2a: Choccy Milk|98/100|[from] item: Leftovers
|upkeep
|turn|19
|j| xAnish
|
|switch|p1a: Gastrodon|Gastrodon, M|39/100
|move|p2a: Choccy Milk|Volt Switch|p1a: Gastrodon
|-immune|p1a: Gastrodon
|
|-heal|p2a: Choccy Milk|100/100|[from] item: Leftovers
|-heal|p1a: Gastrodon|45/100|[from] item: Leftovers
|upkeep
|turn|20
|
|move|p2a: Choccy Milk|Toxic|p1a: Gastrodon
|-status|p1a: Gastrodon|tox
|move|p1a: Gastrodon|Recover|p1a: Gastrodon
|-heal|p1a: Gastrodon|95/100 tox
|
|-heal|p1a: Gastrodon|100/100 tox|[from] item: Leftovers
|-damage|p1a: Gastrodon|94/100 tox|[from] psn
|upkeep
|turn|21
|
|switch|p2a: Hello?|Hatterene, F|55/100
|move|p1a: Gastrodon|Earthquake|p2a: Hello?
|-damage|p2a: Hello?|24/100
|
|-heal|p1a: Gastrodon|100/100 tox|[from] item: Leftovers
|-damage|p1a: Gastrodon|88/100 tox|[from] psn
|upkeep
|turn|22
|
|switch|p2a: im in love w the|Seismitoad, F|100/100
|move|p1a: Gastrodon|Earthquake|p2a: im in love w the
|-damage|p2a: im in love w the|77/100
|
|-heal|p2a: im in love w the|83/100|[from] item: Leftovers
|-heal|p1a: Gastrodon|94/100 tox|[from] item: Leftovers
|-damage|p1a: Gastrodon|76/100 tox|[from] psn
|upkeep
|turn|23
|
|switch|p1a: Xatu|Xatu, M, shiny|100/100
|move|p2a: im in love w the|Knock Off|p1a: Xatu
|-supereffective|p1a: Xatu
|-damage|p1a: Xatu|57/100
|-enditem|p1a: Xatu|Heavy-Duty Boots|[from] move: Knock Off|[of] p2a: im in love w the
|
|-heal|p2a: im in love w the|89/100|[from] item: Leftovers
|upkeep
|turn|24
|
|move|p1a: Xatu|Roost|p1a: Xatu
|-heal|p1a: Xatu|100/100
|-singleturn|p1a: Xatu|move: Roost
|move|p2a: im in love w the|Scald|p1a: Xatu
|-damage|p1a: Xatu|71/100
|
|-heal|p2a: im in love w the|95/100|[from] item: Leftovers
|upkeep
|turn|25
|
|move|p1a: Xatu|Psychic|p2a: im in love w the
|-damage|p2a: im in love w the|65/100
|move|p2a: im in love w the|Scald|p1a: Xatu
|-damage|p1a: Xatu|40/100
|-status|p1a: Xatu|brn
|
|-heal|p2a: im in love w the|71/100|[from] item: Leftovers
|-damage|p1a: Xatu|34/100 brn|[from] brn
|upkeep
|turn|26
|
|move|p1a: Xatu|Roost|p1a: Xatu
|-heal|p1a: Xatu|84/100 brn
|-singleturn|p1a: Xatu|move: Roost
|move|p2a: im in love w the|Earthquake|p1a: Xatu
|-damage|p1a: Xatu|52/100 brn
|
|-heal|p2a: im in love w the|77/100|[from] item: Leftovers
|-damage|p1a: Xatu|46/100 brn|[from] brn
|upkeep
|turn|27
|
|switch|p2a: Hello?|Hatterene, F|24/100
|move|p1a: Xatu|Roost|p1a: Xatu
|-heal|p1a: Xatu|96/100 brn
|-singleturn|p1a: Xatu|move: Roost
|
|-damage|p1a: Xatu|90/100 brn|[from] brn
|upkeep
|turn|28
|c|☆A|welcome anish
|
|switch|p1a: Clefable|Clefable, F, shiny|100/100 par
|move|p2a: Hello?|Draining Kiss|p1a: Clefable
|-damage|p1a: Clefable|82/100 par
|-heal|p2a: Hello?|41/100|[from] drain|[of] p1a: Clefable
|
|-heal|p1a: Clefable|88/100 par|[from] item: Leftovers
|upkeep
|turn|29
|
|move|p2a: Hello?|Mystical Fire|p1a: Clefable
|-damage|p1a: Clefable|68/100 par
|-unboost|p1a: Clefable|spa|1
|cant|p1a: Clefable|par
|
|-heal|p1a: Clefable|74/100 par|[from] item: Leftovers
|upkeep
|turn|30
|c| xAnish|i still dont know
|
|move|p2a: Hello?|Draining Kiss|p1a: Clefable
|-damage|p1a: Clefable|55/100 par
|-heal|p2a: Hello?|59/100|[from] drain|[of] p1a: Clefable
|move|p1a: Clefable|Moonblast|p2a: Hello?
|-damage|p2a: Hello?|37/100
|
|-heal|p1a: Clefable|61/100 par|[from] item: Leftovers
|upkeep
|turn|31
|c|☆A|dont know what
|
|move|p2a: Hello?|Draining Kiss|p1a: Clefable
|-damage|p1a: Clefable|42/100 par
|-heal|p2a: Hello?|55/100|[from] drain|[of] p1a: Clefable
|move|p1a: Clefable|Soft-Boiled|p1a: Clefable
|-heal|p1a: Clefable|92/100 par
|
|-heal|p1a: Clefable|98/100 par|[from] item: Leftovers
|upkeep
|turn|32
|c| xAnish|why ur using hatterne
|c| xAnish|instead of broken clefable
|c|☆A|i have a clef team
|
|move|p2a: Hello?|Mystical Fire|p1a: Clefable
|-damage|p1a: Clefable|79/100 par
|-unboost|p1a: Clefable|spa|1
|move|p1a: Clefable|Moonblast|p2a: Hello?
|-damage|p2a: Hello?|40/100
|
|-heal|p1a: Clefable|86/100 par|[from] item: Leftovers
|upkeep
|turn|33
|
|move|p2a: Hello?|Draining Kiss|p1a: Clefable
|-damage|p1a: Clefable|66/100 par
|-heal|p2a: Hello?|58/100|[from] drain|[of] p1a: Clefable
|move|p1a: Clefable|Moonblast|p2a: Hello?
|-damage|p2a: Hello?|42/100
|
|-heal|p1a: Clefable|72/100 par|[from] item: Leftovers
|upkeep
|turn|34
|
|move|p2a: Hello?|Psychic|p1a: Clefable
|-damage|p1a: Clefable|33/100 par
|move|p1a: Clefable|Wish|p1a: Clefable
|
|-heal|p1a: Clefable|39/100 par|[from] item: Leftovers
|upkeep
|turn|35
|
|move|p2a: Hello?|Psychic|p1a: Clefable
|-damage|p1a: Clefable|6/100 par
|move|p1a: Clefable|Soft-Boiled|p1a: Clefable
|-heal|p1a: Clefable|56/100 par
|
|-heal|p1a: Clefable|100/100 par|[from] move: Wish|[wisher] Clefable
|upkeep
|turn|36
|
|move|p2a: Hello?|Draining Kiss|p1a: Clefable
|-damage|p1a: Clefable|78/100 par
|-heal|p2a: Hello?|63/100|[from] drain|[of] p1a: Clefable
|move|p1a: Clefable|Moonblast|p2a: Hello?
|-damage|p2a: Hello?|47/100
|
|-heal|p1a: Clefable|85/100 par|[from] item: Leftovers
|upkeep
|turn|37
|
|move|p2a: Hello?|Psychic|p1a: Clefable
|-damage|p1a: Clefable|48/100 par
|cant|p1a: Clefable|par
|
|-heal|p1a: Clefable|54/100 par|[from] item: Leftovers
|upkeep
|turn|38
|
|move|p2a: Hello?|Psychic|p1a: Clefable
|-crit|p1a: Clefable
|-damage|p1a: Clefable|0 fnt
|faint|p1a: Clefable
|
|upkeep
|
|switch|p1a: Dragapult|Dragapult, M, shiny|100/100
|turn|39
|
|switch|p2a: Choccy Milk|Rotom-Heat|100/100
|move|p1a: Dragapult|Substitute|p1a: Dragapult
|-start|p1a: Dragapult|Substitute
|-damage|p1a: Dragapult|76/100
|
|-heal|p1a: Dragapult|82/100|[from] item: Leftovers
|upkeep
|turn|40
|
|move|p1a: Dragapult|Hex|p2a: Choccy Milk
|-damage|p2a: Choccy Milk|74/100
|move|p2a: Choccy Milk|Volt Switch|p1a: Dragapult
|-resisted|p1a: Dragapult
|-activate|p1a: Dragapult|move: Substitute|[damage]
|
|switch|p2a: him|Zeraora|46/100 brn|[from]move: Volt Switch
|
|-heal|p1a: Dragapult|88/100|[from] item: Leftovers
|-damage|p2a: him|40/100 brn|[from] brn
|upkeep
|turn|41
|
|move|p2a: him|Knock Off|p1a: Dragapult
|-supereffective|p1a: Dragapult
|-end|p1a: Dragapult|Substitute
|move|p1a: Dragapult|Hex|p2a: him
|-damage|p2a: him|0 fnt
|faint|p2a: him
|
|-heal|p1a: Dragapult|94/100|[from] item: Leftovers
|upkeep
|
|switch|p2a: clicker|Conkeldurr, M|100/100
|turn|42
|
|switch|p1a: Kommo-o|Kommo-o, F|100/100
|move|p2a: clicker|Knock Off|p1a: Kommo-o
|-resisted|p1a: Kommo-o
|-damage|p1a: Kommo-o|88/100
|-enditem|p1a: Kommo-o|Leftovers|[from] move: Knock Off|[of] p2a: clicker
|
|-status|p2a: clicker|brn|[from] item: Flame Orb
|upkeep
|turn|43
|
|move|p1a: Kommo-o|Flamethrower|p2a: clicker
|-damage|p2a: clicker|76/100 brn
|move|p2a: clicker|Close Combat|p1a: Kommo-o
|-damage|p1a: Kommo-o|20/100
|-unboost|p2a: clicker|def|1
|-unboost|p2a: clicker|spd|1
|
|-damage|p2a: clicker|70/100 brn|[from] brn
|upkeep
|turn|44
|
|switch|p1a: Dragapult|Dragapult, M, shiny|94/100
|move|p2a: clicker|Mach Punch|p1a: Dragapult
|-immune|p1a: Dragapult
|
|-heal|p1a: Dragapult|99/100|[from] item: Leftovers
|-damage|p2a: clicker|64/100 brn|[from] brn
|upkeep
|turn|45
|
|switch|p2a: im in love w the|Seismitoad, F|77/100
|move|p1a: Dragapult|Substitute|p1a: Dragapult
|-start|p1a: Dragapult|Substitute
|-damage|p1a: Dragapult|75/100
|
|-heal|p1a: Dragapult|81/100|[from] item: Leftovers
|-heal|p2a: im in love w the|83/100|[from] item: Leftovers
|upkeep
|turn|46
|
|move|p1a: Dragapult|Hex|p2a: im in love w the
|-damage|p2a: im in love w the|59/100
|move|p2a: im in love w the|Knock Off|p1a: Dragapult
|-supereffective|p1a: Dragapult
|-end|p1a: Dragapult|Substitute
|
|-heal|p1a: Dragapult|88/100|[from] item: Leftovers
|-heal|p2a: im in love w the|65/100|[from] item: Leftovers
|upkeep
|turn|47
|
|switch|p1a: Xatu|Xatu, M, shiny|90/100 brn
|move|p2a: im in love w the|Knock Off|p1a: Xatu
|-supereffective|p1a: Xatu
|-damage|p1a: Xatu|61/100 brn
|
|-heal|p2a: im in love w the|71/100|[from] item: Leftovers
|-damage|p1a: Xatu|55/100 brn|[from] brn
|upkeep
|turn|48
|
|move|p1a: Xatu|Roost|p1a: Xatu
|-heal|p1a: Xatu|100/100 brn
|-singleturn|p1a: Xatu|move: Roost
|move|p2a: im in love w the|Scald|p1a: Xatu
|-damage|p1a: Xatu|73/100 brn
|
|-heal|p2a: im in love w the|77/100|[from] item: Leftovers
|-damage|p1a: Xatu|67/100 brn|[from] brn
|upkeep
|turn|49
|
|switch|p2a: Hello?|Hatterene, F|47/100
|move|p1a: Xatu|Psychic|p2a: Hello?
|-resisted|p2a: Hello?
|-damage|p2a: Hello?|32/100
|
|-damage|p1a: Xatu|61/100 brn|[from] brn
|upkeep
|turn|50
|
|move|p2a: Hello?|Draining Kiss|p1a: Xatu
|-damage|p1a: Xatu|32/100 brn
|-heal|p2a: Hello?|55/100|[from] drain|[of] p1a: Xatu
|move|p1a: Xatu|Teleport|p1a: Xatu
|
|switch|p1a: Dragapult|Dragapult, M, shiny|88/100|[from]move: Teleport
|
|-heal|p1a: Dragapult|94/100|[from] item: Leftovers
|upkeep
|turn|51
|
|switch|p2a: im in love w the|Seismitoad, F|77/100
|move|p1a: Dragapult|Substitute|p1a: Dragapult
|-start|p1a: Dragapult|Substitute
|-damage|p1a: Dragapult|69/100
|
|-heal|p1a: Dragapult|75/100|[from] item: Leftovers
|-heal|p2a: im in love w the|83/100|[from] item: Leftovers
|upkeep
|turn|52
|
|move|p1a: Dragapult|Hex|p2a: im in love w the
|-damage|p2a: im in love w the|55/100
|move|p2a: im in love w the|Knock Off|p1a: Dragapult
|-supereffective|p1a: Dragapult
|-end|p1a: Dragapult|Substitute
|
|-heal|p1a: Dragapult|81/100|[from] item: Leftovers
|-heal|p2a: im in love w the|61/100|[from] item: Leftovers
|upkeep
|turn|53
|
|switch|p1a: Ferrothorn|Ferrothorn, F|4/100
|move|p2a: im in love w the|Knock Off|p1a: Ferrothorn
|-damage|p1a: Ferrothorn|0 fnt
|-damage|p2a: im in love w the|49/100|[from] ability: Iron Barbs|[of] p1a: Ferrothorn
|faint|p1a: Ferrothorn
|
|-heal|p2a: im in love w the|55/100|[from] item: Leftovers
|upkeep
|
|switch|p1a: Xatu|Xatu, M, shiny|32/100 brn
|turn|54
|j| adfhj
|
|switch|p2a: Hello?|Hatterene, F|55/100
|move|p1a: Xatu|Roost|p1a: Xatu
|-heal|p1a: Xatu|82/100 brn
|-singleturn|p1a: Xatu|move: Roost
|
|-damage|p1a: Xatu|76/100 brn|[from] brn
|upkeep
|turn|55
|
|move|p2a: Hello?|Draining Kiss|p1a: Xatu
|-damage|p1a: Xatu|43/100 brn
|-heal|p2a: Hello?|82/100|[from] drain|[of] p1a: Xatu
|move|p1a: Xatu|Teleport|p1a: Xatu
|
|switch|p1a: Dragapult|Dragapult, M, shiny|81/100|[from]move: Teleport
|
|-heal|p1a: Dragapult|87/100|[from] item: Leftovers
|upkeep
|turn|56
|
|move|p1a: Dragapult|Substitute|p1a: Dragapult
|-start|p1a: Dragapult|Substitute
|-damage|p1a: Dragapult|62/100
|move|p2a: Hello?|Draining Kiss|p1a: Dragapult
|-supereffective|p1a: Dragapult
|-end|p1a: Dragapult|Substitute
|-heal|p2a: Hello?|100/100|[from] drain|[of] p1a: Dragapult
|
|-heal|p1a: Dragapult|69/100|[from] item: Leftovers
|upkeep
|turn|57
|
|move|p1a: Dragapult|Disable|p2a: Hello?
|move|p2a: Hello?|Disable|p1a: Dragapult|[from]Magic Bounce
|-start|p1a: Dragapult|Disable|Disable
|move|p2a: Hello?|Psychic|p1a: Dragapult
|-damage|p1a: Dragapult|11/100
|
|-heal|p1a: Dragapult|18/100|[from] item: Leftovers
|upkeep
|turn|58
|
|move|p1a: Dragapult|Hex|p2a: Hello?
|-supereffective|p2a: Hello?
|-damage|p2a: Hello?|46/100
|move|p2a: Hello?|Psychic|p1a: Dragapult
|-crit|p1a: Dragapult
|-damage|p1a: Dragapult|0 fnt
|faint|p1a: Dragapult
|
|upkeep
|-message|Live From Space forfeited.
|
|win|A
|l|☆Live From Space
|raw|Live From Space's rating: 1619 &rarr; <strong>1603</strong><br />(-16 for losing)
|raw|A's rating: 1691 &rarr; <strong>1707</strong><br />(+16 for winning)
|c|☆A|gg
