|raw|<div class="broadcast-blue"><strong>This battle is required to be public due to a player having a name starting with 'lt91bb'.</div>
|j|☆Plasmeek
|j|☆LT91BB xray
|t:|1658929471
|gametype|singles
|player|p1|Plasmeek|lucas|1813
|player|p2|LT91BB xray|#npl2022ballermannbierbaren|1773
|teamsize|p1|6
|teamsize|p2|6
|gen|8
|tier|[Gen 8] OU
|rated|
|rule|Sleep Clause Mod: Limit one foe put to sleep
|rule|Species Clause: Limit one of each Pokémon
|rule|OHKO Clause: OHKO moves are banned
|rule|Evasion Moves Clause: Evasion moves are banned
|rule|Endless Battle Clause: Forcing endless battles is banned
|rule|HP Percentage Mod: HP is shown in percentages
|rule|Dynamax Clause: You cannot dynamax
|clearpoke
|poke|p1|Rillaboom, M|
|poke|p1|Kartana|
|poke|p1|Clefable, F|
|poke|p1|Garchomp, M|
|poke|p1|Heatran, F|
|poke|p1|Tornadus-Therian, M|
|poke|p2|Rillaboom, M|
|poke|p2|Tornadus-Therian, M|
|poke|p2|Blaziken, F|
|poke|p2|Melmetal|
|poke|p2|Garchomp, M|
|poke|p2|Slowbro, F|
|teampreview
|j| LT91BB uomo bomba
|j| LT91BB AlI
|inactive|Battle timer is ON: inactive players will automatically lose when time's up. (requested by LT91BB xray)
|
|t:|1658929497
|start
|switch|p1a: Tornadus|Tornadus-Therian, M|100/100
|switch|p2a: Tornadus|Tornadus-Therian, M|100/100
|turn|1
|
|t:|1658929501
|move|p1a: Tornadus|Knock Off|p2a: Tornadus
|-damage|p2a: Tornadus|80/100
|-enditem|p2a: Tornadus|Heavy-Duty Boots|[from] move: Knock Off|[of] p1a: Tornadus
|move|p2a: Tornadus|Knock Off|p1a: Tornadus
|-damage|p1a: Tornadus|80/100
|-enditem|p1a: Tornadus|Heavy-Duty Boots|[from] move: Knock Off|[of] p2a: Tornadus
|
|upkeep
|turn|2
|j| LT91BB Tace
|j| vkhss
|
|t:|1658929503
|move|p1a: Tornadus|U-turn|p2a: Tornadus
|-resisted|p2a: Tornadus
|-damage|p2a: Tornadus|72/100
|j| chiharu haru
|j| LT91BB yama
|
|t:|1658929506
|switch|p1a: Clefable|Clefable, F|100/100|[from]move: U-turn
|move|p2a: Tornadus|U-turn|p1a: Clefable
|-resisted|p1a: Clefable
|-damage|p1a: Clefable|95/100
|
|t:|1658929511
|switch|p2a: Melmetal|Melmetal|100/100|[from]move: U-turn
|
|upkeep
|turn|3
|j| LT91BB Raizen
|j| arbok13
|j| reje
|j| liiw
|j| crosschampion
|j| LT91BB Mario34
|j| Venositile
|inactive|Plasmeek has 120 seconds left.
|j| mars and back
|j|%Mihowk
|j| joeding
|
|t:|1658929567
|switch|p1a: Tornadus|Tornadus-Therian, M|100/100
|move|p2a: Melmetal|Double Iron Bash|p1a: Tornadus
|-damage|p1a: Tornadus|55/100
|-damage|p1a: Tornadus|10/100
|-hitcount|p1a: Tornadus|2
|
|upkeep
|turn|4
|j| CALL THE CREW
|
|t:|1658929581
|switch|p1a: Kartana|Kartana|100/100
|switch|p2a: Garchomp|Garchomp, M|100/100
|
|upkeep
|turn|5
|
|t:|1658929588
|switch|p1a: Clefable|Clefable, F|95/100
|switch|p2a: Tornadus|Tornadus-Therian, M|100/100
|
|-damage|p2a: Tornadus|88/100|[from] item: Sticky Barb
|upkeep
|turn|6
|
|t:|1658929604
|move|p2a: Tornadus|U-turn|p1a: Clefable
|-resisted|p1a: Clefable
|-damage|p1a: Clefable|89/100
|
|t:|1658929606
|switch|p2a: Slowbro|Slowbro, F|100/100|[from]move: U-turn
|move|p1a: Clefable|Stealth Rock|p2a: Slowbro
|-sidestart|p2: LT91BB xray|move: Stealth Rock
|
|upkeep
|turn|7
|
|t:|1658929619
|switch|p1a: Tornadus|Tornadus-Therian, M|44/100
|move|p2a: Slowbro|Future Sight|p1a: Tornadus
|-start|p2a: Slowbro|move: Future Sight
|
|upkeep
|turn|8
|
|t:|1658929628
|switch|p1a: Heatran|Heatran, F|100/100
|switch|p2a: Tornadus|Tornadus-Therian, M|100/100
|-damage|p2a: Tornadus|76/100|[from] Stealth Rock
|
|-damage|p2a: Tornadus|63/100|[from] item: Sticky Barb
|upkeep
|turn|9
|inactive|Plasmeek has 120 seconds left.
|
|t:|1658929640
|move|p2a: Tornadus|U-turn|p1a: Heatran
|-resisted|p1a: Heatran
|-damage|p1a: Heatran|97/100
|
|t:|1658929642
|switch|p2a: Garchomp|Garchomp, M|100/100|[from]move: U-turn
|-damage|p2a: Garchomp|94/100|[from] Stealth Rock
|move|p1a: Heatran|Toxic|p2a: Garchomp
|-status|p2a: Garchomp|tox
|
|-end|p1a: Heatran|move: Future Sight
|-resisted|p1a: Heatran
|-damage|p1a: Heatran|85/100
|-heal|p2a: Garchomp|100/100 tox|[from] item: Leftovers
|-heal|p1a: Heatran|92/100|[from] item: Leftovers
|-damage|p2a: Garchomp|94/100 tox|[from] psn
|upkeep
|turn|10
|inactive|Plasmeek has 120 seconds left.
|j| Zirpurze
|
|t:|1658929657
|switch|p1a: Tornadus|Tornadus-Therian, M|77/100
|move|p2a: Garchomp|Stealth Rock|p1a: Tornadus
|-sidestart|p1: Plasmeek|move: Stealth Rock
|
|-heal|p2a: Garchomp|100/100 tox|[from] item: Leftovers
|-damage|p2a: Garchomp|88/100 tox|[from] psn
|upkeep
|turn|11
|inactive|Plasmeek has 120 seconds left.
|
|t:|1658929662
|switch|p1a: Clefable|Clefable, F|89/100
|move|p2a: Garchomp|Toxic|p1a: Clefable
|-status|p1a: Clefable|tox
|
|-heal|p2a: Garchomp|94/100 tox|[from] item: Leftovers
|-damage|p2a: Garchomp|76/100 tox|[from] psn
|upkeep
|turn|12
|inactive|Plasmeek has 120 seconds left.
|l| Zirpurze
|
|t:|1658929680
|switch|p2a: Tornadus|Tornadus-Therian, M|96/100
|-damage|p2a: Tornadus|71/100|[from] Stealth Rock
|move|p1a: Clefable|Moonblast|p2a: Tornadus
|-damage|p2a: Tornadus|41/100
|
|-damage|p2a: Tornadus|29/100|[from] item: Sticky Barb
|upkeep
|turn|13
|inactive|Plasmeek has 120 seconds left.
|l| LT91BB Tace
|
|t:|1658929696
|switch|p1a: Tornadus|Tornadus-Therian, M|100/100
|-damage|p1a: Tornadus|76/100|[from] Stealth Rock
|move|p2a: Tornadus|U-turn|p1a: Tornadus
|-resisted|p1a: Tornadus
|-damage|p1a: Tornadus|68/100
|
|t:|1658929701
|switch|p2a: Melmetal|Melmetal|100/100|[from]move: U-turn
|-damage|p2a: Melmetal|94/100|[from] Stealth Rock
|
|-heal|p2a: Melmetal|100/100|[from] item: Leftovers
|upkeep
|turn|14
|j|+berry
|inactive|Plasmeek has 120 seconds left.
|
|t:|1658929716
|move|p1a: Tornadus|Knock Off|p2a: Melmetal
|-damage|p2a: Melmetal|87/100
|-enditem|p2a: Melmetal|Leftovers|[from] move: Knock Off|[of] p1a: Tornadus
|move|p2a: Melmetal|Superpower|p1a: Tornadus
|-resisted|p1a: Tornadus
|-damage|p1a: Tornadus|45/100
|-unboost|p2a: Melmetal|atk|1
|-unboost|p2a: Melmetal|def|1
|
|upkeep
|turn|15
|inactive|Plasmeek has 120 seconds left.
|
|t:|1658929729
|switch|p1a: Heatran|Heatran, F|92/100
|-damage|p1a: Heatran|79/100|[from] Stealth Rock
|switch|p2a: Rillaboom|Rillaboom, M|100/100
|-damage|p2a: Rillaboom|88/100|[from] Stealth Rock
|-fieldstart|move: Grassy Terrain|[from] ability: Grassy Surge|[of] p2a: Rillaboom
|
|-heal|p2a: Rillaboom|94/100|[from] Grassy Terrain
|-heal|p2a: Rillaboom|100/100|[from] item: Leftovers
|-heal|p1a: Heatran|85/100|[from] Grassy Terrain
|-heal|p1a: Heatran|92/100|[from] item: Leftovers
|upkeep
|turn|16
|j| Welli0u
|inactive|Plasmeek has 120 seconds left.
|
|t:|1658929742
|switch|p2a: Garchomp|Garchomp, M|76/100 tox
|-damage|p2a: Garchomp|69/100 tox|[from] Stealth Rock
|move|p1a: Heatran|Magma Storm|p2a: Garchomp
|-resisted|p2a: Garchomp
|-damage|p2a: Garchomp|54/100 tox
|-activate|p2a: Garchomp|move: Magma Storm|[of] p1a: Heatran
|
|-heal|p2a: Garchomp|60/100 tox|[from] Grassy Terrain
|-heal|p2a: Garchomp|67/100 tox|[from] item: Leftovers
|-heal|p1a: Heatran|98/100|[from] Grassy Terrain
|-heal|p1a: Heatran|100/100|[from] item: Leftovers
|-damage|p2a: Garchomp|60/100 tox|[from] psn
|-damage|p2a: Garchomp|48/100 tox|[from] move: Magma Storm|[partiallytrapped]
|upkeep
|turn|17
|inactive|Plasmeek has 120 seconds left.
|
|t:|1658929754
|move|p1a: Heatran|Protect|p1a: Heatran
|-singleturn|p1a: Heatran|Protect
|move|p2a: Garchomp|Earthquake|p1a: Heatran
|-activate|p1a: Heatran|move: Protect
|
|-heal|p2a: Garchomp|54/100 tox|[from] Grassy Terrain
|-heal|p2a: Garchomp|60/100 tox|[from] item: Leftovers
|-damage|p2a: Garchomp|48/100 tox|[from] psn
|-damage|p2a: Garchomp|36/100 tox|[from] move: Magma Storm|[partiallytrapped]
|upkeep
|turn|18
|
|t:|1658929761
|switch|p1a: Clefable|Clefable, F|89/100 tox
|move|p2a: Garchomp|Earthquake|p1a: Clefable
|-damage|p1a: Clefable|71/100 tox
|
|-heal|p2a: Garchomp|42/100 tox|[from] Grassy Terrain
|-heal|p2a: Garchomp|48/100 tox|[from] item: Leftovers
|-heal|p1a: Clefable|77/100 tox|[from] Grassy Terrain
|-damage|p2a: Garchomp|29/100 tox|[from] psn
|-end|p2a: Garchomp|Magma Storm|[partiallytrapped]|[silent]
|upkeep
|turn|19
|j| mncmt
|
|t:|1658929774
|switch|p2a: Melmetal|Melmetal|87/100
|-damage|p2a: Melmetal|81/100|[from] Stealth Rock
|switch|p1a: Heatran|Heatran, F|100/100
|-damage|p1a: Heatran|88/100|[from] Stealth Rock
|
|-heal|p1a: Heatran|94/100|[from] Grassy Terrain
|-heal|p1a: Heatran|100/100|[from] item: Leftovers
|-heal|p2a: Melmetal|87/100|[from] Grassy Terrain
|-fieldend|move: Grassy Terrain
|upkeep
|turn|20
|
|t:|1658929788
|switch|p2a: Garchomp|Garchomp, M|29/100 tox
|-damage|p2a: Garchomp|23/100 tox|[from] Stealth Rock
|move|p1a: Heatran|Magma Storm|p2a: Garchomp|[miss]
|-miss|p1a: Heatran|p2a: Garchomp
|
|-heal|p2a: Garchomp|29/100 tox|[from] item: Leftovers
|-damage|p2a: Garchomp|23/100 tox|[from] psn
|upkeep
|turn|21
|
|t:|1658929797
|switch|p2a: Melmetal|Melmetal|87/100
|-damage|p2a: Melmetal|81/100|[from] Stealth Rock
|move|p1a: Heatran|Protect||[still]
|-fail|p1a: Heatran
|
|upkeep
|turn|22
|
|t:|1658929802
|switch|p2a: Garchomp|Garchomp, M|23/100 tox
|-damage|p2a: Garchomp|17/100 tox|[from] Stealth Rock
|move|p1a: Heatran|Magma Storm|p2a: Garchomp|[miss]
|-miss|p1a: Heatran|p2a: Garchomp
|
|-heal|p2a: Garchomp|23/100 tox|[from] item: Leftovers
|-damage|p2a: Garchomp|17/100 tox|[from] psn
|upkeep
|turn|23
|
|t:|1658929812
|move|p2a: Garchomp|Toxic|p1a: Heatran
|-immune|p1a: Heatran
|move|p1a: Heatran|Toxic|p2a: Garchomp|[miss]
|-miss|p1a: Heatran|p2a: Garchomp
|
|-heal|p2a: Garchomp|23/100 tox|[from] item: Leftovers
|-damage|p2a: Garchomp|11/100 tox|[from] psn
|upkeep
|turn|24
|j| Ernstbusch
|
|t:|1658929823
|switch|p2a: Blaziken|Blaziken, F|100/100
|-damage|p2a: Blaziken|88/100|[from] Stealth Rock
|switch|p1a: Tornadus|Tornadus-Therian, M|78/100
|-damage|p1a: Tornadus|54/100|[from] Stealth Rock
|
|-heal|p2a: Blaziken|94/100|[from] item: Leftovers
|upkeep
|turn|25
|
|t:|1658929834
|switch|p1a: Garchomp|Garchomp, M|100/100
|-damage|p1a: Garchomp|94/100|[from] Stealth Rock
|move|p2a: Blaziken|Swords Dance|p2a: Blaziken
|-boost|p2a: Blaziken|atk|2
|
|-heal|p1a: Garchomp|100/100|[from] item: Leftovers
|-heal|p2a: Blaziken|100/100|[from] item: Leftovers
|-ability|p2a: Blaziken|Speed Boost|boost
|-boost|p2a: Blaziken|spe|1
|upkeep
|turn|26
|
|t:|1658929853
|move|p2a: Blaziken|Close Combat|p1a: Garchomp
|-damage|p1a: Garchomp|0 fnt
|-unboost|p2a: Blaziken|def|1
|-unboost|p2a: Blaziken|spd|1
|-damage|p2a: Blaziken|88/100|[from] ability: Rough Skin|[of] p1a: Garchomp
|faint|p1a: Garchomp
|
|-heal|p2a: Blaziken|94/100|[from] item: Leftovers
|-ability|p2a: Blaziken|Speed Boost|boost
|-boost|p2a: Blaziken|spe|1
|upkeep
|j| LT91BB W.Rounar
|j| LT91BB Tace
|inactive|Plasmeek has 120 seconds left.
|
|t:|1658929894
|switch|p1a: Heatran|Heatran, F|100/100
|-damage|p1a: Heatran|88/100|[from] Stealth Rock
|turn|27
|j| ownerfloor
|
|t:|1658929900
|move|p2a: Blaziken|Close Combat|p1a: Heatran
|-supereffective|p1a: Heatran
|-damage|p1a: Heatran|0 fnt
|-unboost|p2a: Blaziken|def|1
|-unboost|p2a: Blaziken|spd|1
|faint|p1a: Heatran
|
|-heal|p2a: Blaziken|100/100|[from] item: Leftovers
|-ability|p2a: Blaziken|Speed Boost|boost
|-boost|p2a: Blaziken|spe|1
|upkeep
|
|t:|1658929902
|switch|p1a: Rillaboom|Rillaboom, M|100/100
|-damage|p1a: Rillaboom|88/100|[from] Stealth Rock
|-fieldstart|move: Grassy Terrain|[from] ability: Grassy Surge|[of] p1a: Rillaboom
|turn|28
|
|t:|1658929906
|move|p1a: Rillaboom|Grassy Glide|p2a: Blaziken
|-resisted|p2a: Blaziken
|-damage|p2a: Blaziken|11/100
|-damage|p1a: Rillaboom|78/100|[from] item: Life Orb
|move|p2a: Blaziken|Close Combat|p1a: Rillaboom
|-damage|p1a: Rillaboom|0 fnt
|-unboost|p2a: Blaziken|def|1
|-unboost|p2a: Blaziken|spd|1
|faint|p1a: Rillaboom
|
|-heal|p2a: Blaziken|17/100|[from] Grassy Terrain
|-heal|p2a: Blaziken|23/100|[from] item: Leftovers
|-ability|p2a: Blaziken|Speed Boost|boost
|-boost|p2a: Blaziken|spe|1
|upkeep
|j| D Cawotte
|
|t:|1658929914
|switch|p1a: Clefable|Clefable, F|77/100 tox
|turn|29
|j| Elite4Donovan
|
|t:|1658929921
|move|p2a: Blaziken|Protect|p2a: Blaziken
|-singleturn|p2a: Blaziken|Protect
|move|p1a: Clefable|Moonblast|p2a: Blaziken
|-activate|p2a: Blaziken|move: Protect
|
|-heal|p2a: Blaziken|30/100|[from] Grassy Terrain
|-heal|p2a: Blaziken|36/100|[from] item: Leftovers
|-heal|p1a: Clefable|83/100 tox|[from] Grassy Terrain
|-ability|p2a: Blaziken|Speed Boost|boost
|-boost|p2a: Blaziken|spe|1
|upkeep
|turn|30
|
|t:|1658929925
|move|p2a: Blaziken|Flare Blitz|p1a: Clefable
|-damage|p1a: Clefable|0 fnt
|faint|p1a: Clefable
|-damage|p2a: Blaziken|4/100|[from] Recoil
|
|-heal|p2a: Blaziken|10/100|[from] Grassy Terrain
|-heal|p2a: Blaziken|17/100|[from] item: Leftovers
|-ability|p2a: Blaziken|Speed Boost|boost
|-boost|p2a: Blaziken|spe|1
|upkeep
|c|☆LT91BB xray|u played my ass ngl
|c|☆LT91BB xray|but blaze
|c|☆Plasmeek|this mon is broken
|c| Elite4Donovan|ray has blaziken been on a lot of OLT teams so far
|c|☆Plasmeek|gg
|c| Elite4Donovan|it seems p crazy
|j| peter pan pm
|-message|Plasmeek forfeited.
|
|win|LT91BB xray
|raw|Plasmeek's rating: 1813 &rarr; <strong>1791</strong><br />(-22 for losing)
|raw|LT91BB xray's rating: 1773 &rarr; <strong>1795</strong><br />(+22 for winning)
|l| LT91BB Tace
|c|☆LT91BB xray|I been using it on ladder for a while
|l| Ernstbusch
|l| peter pan pm
|c|☆LT91BB xray|have seen others use it too
|c|☆LT91BB xray|ye
|j| peter pan pm
|l| joeding
|c|☆LT91BB xray|but not this set
|l| arbok13
|c| Elite4Donovan|yeah blaziken goated
|c| Elite4Donovan|I like uh
|l| LT91BB Mario34
|c| Elite4Donovan|life orb '
|l| reje
|c| Elite4Donovan|personally
|c| Elite4Donovan|but that one doesn't last long
|c|☆LT91BB xray|yea
|l| LT91BB W.Rounar
|l| chiharu haru
|c|☆LT91BB xray|I love this w tect + lefties and terrain
|l|%Mihowk
|l|☆LT91BB xray
|c| Elite4Donovan|mhm yeah it's really cool
|l| crosschampion
||Ladder isn't responding, score probably updated but might not have (Request timeout).
|l|☆Plasmeek
|l| ownerfloor
|l| LT91BB uomo bomba
|l| vkhss
|l| mars and back
|l| D Cawotte
|j| vkhss
|l| LT91BB yama
|j| dragonitenb
|l| liiw
|l| Venositile
|l|+berry
|j|+berry
