|j|☆magical gohda chef
|j|☆Makuryu
|t:|1658360652
|gametype|singles
|player|p1|magical gohda chef|harlequin|1646
|player|p2|Makuryu|koga|1692
|teamsize|p1|6
|teamsize|p2|6
|gen|8
|tier|[Gen 8] OU
|rated|
|rule|Sleep Clause Mod: Limit one foe put to sleep
|rule|Species Clause: Limit one of each Pokémon
|rule|OHKO Clause: OHKO moves are banned
|rule|Evasion Moves Clause: Evasion moves are banned
|rule|Endless Battle Clause: Forcing endless battles is banned
|rule|HP Percentage Mod: HP is shown in percentages
|rule|Dynamax Clause: You cannot dynamax
|clearpoke
|poke|p1|Toxtricity, F|
|poke|p1|Blacephalon|
|poke|p1|Landorus-Therian, M|
|poke|p1|Dragapult, F|
|poke|p1|Tyranitar, M|
|poke|p1|Corviknight, M|
|poke|p2|Landorus-Therian, M|
|poke|p2|Tapu Lele|
|poke|p2|Magnezone|
|poke|p2|Kartana|
|poke|p2|Dragonite, F|
|poke|p2|Weavile, M|
|teampreview
|inactive|Battle timer is ON: inactive players will automatically lose when time's up. (requested by magical gohda chef)
|
|t:|1658360662
|start
|switch|p1a: Landorus|Landorus-Therian, M|100/100
|switch|p2a: Landorus|Landorus-Therian, M|100/100
|-ability|p2a: Landorus|Intimidate|boost
|-unboost|p1a: Landorus|atk|1
|-ability|p1a: Landorus|Intimidate|boost
|-unboost|p2a: Landorus|atk|1
|turn|1
|
|t:|1658360669
|move|p2a: Landorus|Stealth Rock|p1a: Landorus
|-sidestart|p1: magical gohda chef|move: Stealth Rock
|move|p1a: Landorus|Stealth Rock|p2a: Landorus
|-sidestart|p2: Makuryu|move: Stealth Rock
|
|upkeep
|turn|2
|
|t:|1658360673
|move|p2a: Landorus|Toxic|p1a: Landorus
|-status|p1a: Landorus|tox
|move|p1a: Landorus|U-turn|p2a: Landorus
|-resisted|p2a: Landorus
|-damage|p2a: Landorus|94/100
|
|t:|1658360694
|switch|p1a: Corviknight|Corviknight, M|100/100|[from]move: U-turn
|-damage|p1a: Corviknight|88/100|[from] Stealth Rock
|-ability|p1a: Corviknight|Pressure
|
|-heal|p2a: Landorus|99/100|[from] item: Leftovers
|upkeep
|turn|3
|j| ChristianBeThatGuy
|
|t:|1658360701
|switch|p2a: Magnezone|Magnezone|100/100
|-damage|p2a: Magnezone|94/100|[from] Stealth Rock
|move|p1a: Corviknight|U-turn|p2a: Magnezone
|-resisted|p2a: Magnezone
|-damage|p2a: Magnezone|88/100
|
|t:|1658360712
|switch|p1a: Landorus|Landorus-Therian, M|100/100 tox|[from]move: U-turn
|-ability|p1a: Landorus|Intimidate|boost
|-unboost|p2a: Magnezone|atk|1
|
|-damage|p1a: Landorus|94/100 tox|[from] psn
|upkeep
|turn|4
|
|t:|1658360721
|move|p2a: Magnezone|Body Press|p1a: Landorus
|-resisted|p1a: Landorus
|-damage|p1a: Landorus|81/100 tox
|move|p1a: Landorus|Knock Off|p2a: Magnezone
|-damage|p2a: Magnezone|61/100
|-enditem|p2a: Magnezone|Chople Berry|[from] move: Knock Off|[of] p1a: Landorus
|
|-damage|p1a: Landorus|69/100 tox|[from] psn
|upkeep
|turn|5
|
|t:|1658360729
|move|p2a: Magnezone|Magnet Rise|p2a: Magnezone
|-start|p2a: Magnezone|Magnet Rise
|move|p1a: Landorus|U-turn|p2a: Magnezone
|-resisted|p2a: Magnezone
|-damage|p2a: Magnezone|51/100
|
|t:|1658360736
|switch|p1a: Dragapult|Dragapult, F|100/100|[from]move: U-turn
|-damage|p1a: Dragapult|88/100|[from] Stealth Rock
|
|upkeep
|turn|6
|
|t:|1658360741
|move|p1a: Dragapult|Shadow Ball|p2a: Magnezone
|-damage|p2a: Magnezone|0 fnt
|faint|p2a: Magnezone
|
|upkeep
|
|t:|1658360745
|switch|p2a: Weavile|Weavile, M|100/100
|-ability|p2a: Weavile|Pressure
|turn|7
|
|t:|1658360750
|switch|p1a: Corviknight|Corviknight, M|88/100
|-damage|p1a: Corviknight|76/100|[from] Stealth Rock
|-ability|p1a: Corviknight|Pressure
|move|p2a: Weavile|Knock Off|p1a: Corviknight
|-damage|p1a: Corviknight|46/100
|-damage|p2a: Weavile|84/100|[from] item: Rocky Helmet|[of] p1a: Corviknight
|-enditem|p1a: Corviknight|Rocky Helmet|[from] move: Knock Off|[of] p2a: Weavile
|
|upkeep
|turn|8
|l| ChristianBeThatGuy
|
|t:|1658360763
|move|p2a: Weavile|Triple Axel|p1a: Corviknight|[miss]
|-miss|p2a: Weavile|p1a: Corviknight
|move|p1a: Corviknight|Roost|p1a: Corviknight
|-heal|p1a: Corviknight|96/100
|-singleturn|p1a: Corviknight|move: Roost
|
|upkeep
|turn|9
|
|t:|1658360770
|move|p2a: Weavile|Triple Axel|p1a: Corviknight
|-damage|p1a: Corviknight|90/100
|-damage|p1a: Corviknight|77/100
|-damage|p1a: Corviknight|59/100
|-hitcount|p1a: Corviknight|3
|move|p1a: Corviknight|Body Press|p2a: Weavile
|-supereffective|p2a: Weavile
|-damage|p2a: Weavile|0 fnt
|faint|p2a: Weavile
|
|upkeep
|
|t:|1658360781
|switch|p2a: Tapu Lele|Tapu Lele|100/100
|-damage|p2a: Tapu Lele|88/100|[from] Stealth Rock
|-fieldstart|move: Psychic Terrain|[from] ability: Psychic Surge|[of] p2a: Tapu Lele
|turn|10
|
|t:|1658360790
|switch|p1a: Toxtricity|Toxtricity, F|100/100
|-damage|p1a: Toxtricity|88/100|[from] Stealth Rock
|move|p2a: Tapu Lele|Future Sight|p1a: Toxtricity
|-start|p2a: Tapu Lele|move: Future Sight
|
|upkeep
|turn|11
|
|t:|1658360796
|switch|p2a: Landorus|Landorus-Therian, M|99/100
|-damage|p2a: Landorus|88/100|[from] Stealth Rock
|-ability|p2a: Landorus|Intimidate|boost
|-unboost|p1a: Toxtricity|atk|1
|move|p1a: Toxtricity|Boomburst|p2a: Landorus
|-damage|p2a: Landorus|17/100
|
|-heal|p2a: Landorus|23/100|[from] item: Leftovers
|upkeep
|turn|12
|
|t:|1658360805
|move|p1a: Toxtricity|Boomburst|p2a: Landorus
|-damage|p2a: Landorus|0 fnt
|faint|p2a: Landorus
|
|-end|p1a: Toxtricity|move: Future Sight
|-supereffective|p1a: Toxtricity
|-damage|p1a: Toxtricity|0 fnt
|faint|p1a: Toxtricity
|upkeep
|
|t:|1658360815
|switch|p1a: Dragapult|Dragapult, F|88/100
|switch|p2a: Tapu Lele|Tapu Lele|88/100
|-damage|p1a: Dragapult|76/100|[from] Stealth Rock
|-damage|p2a: Tapu Lele|76/100|[from] Stealth Rock
|turn|13
|
|t:|1658360821
|move|p1a: Dragapult|Shadow Ball|p2a: Tapu Lele
|-supereffective|p2a: Tapu Lele
|-damage|p2a: Tapu Lele|0 fnt
|faint|p2a: Tapu Lele
|
|upkeep
|
|t:|1658360826
|switch|p2a: Dragonite|Dragonite, F|100/100
|turn|14
|
|t:|1658360830
|switch|p1a: Tyranitar|Tyranitar, M|100/100
|-damage|p1a: Tyranitar|88/100|[from] Stealth Rock
|-weather|Sandstorm|[from] ability: Sand Stream|[of] p1a: Tyranitar
|move|p2a: Dragonite|Dragon Dance|p2a: Dragonite
|-boost|p2a: Dragonite|atk|1
|-boost|p2a: Dragonite|spe|1
|
|-weather|Sandstorm|[upkeep]
|-damage|p2a: Dragonite|94/100|[from] Sandstorm
|-fieldend|move: Psychic Terrain
|upkeep
|turn|15
|
|t:|1658360840
|move|p2a: Dragonite|Earthquake|p1a: Tyranitar
|-supereffective|p1a: Tyranitar
|-damage|p1a: Tyranitar|0 fnt
|faint|p1a: Tyranitar
|
|-weather|Sandstorm|[upkeep]
|-damage|p2a: Dragonite|88/100|[from] Sandstorm
|upkeep
|
|t:|1658360851
|switch|p1a: Blacephalon|Blacephalon|100/100
|-damage|p1a: Blacephalon|76/100|[from] Stealth Rock
|turn|16
|
|t:|1658360855
|move|p1a: Blacephalon|Trick|p2a: Dragonite
|-activate|p1a: Blacephalon|move: Trick|[of] p2a: Dragonite
|-item|p2a: Dragonite|Choice Scarf|[from] move: Trick
|-item|p1a: Blacephalon|Heavy-Duty Boots|[from] move: Trick
|move|p2a: Dragonite|Earthquake|p1a: Blacephalon
|-supereffective|p1a: Blacephalon
|-damage|p1a: Blacephalon|0 fnt
|faint|p1a: Blacephalon
|
|-weather|Sandstorm|[upkeep]
|-damage|p2a: Dragonite|82/100|[from] Sandstorm
|upkeep
|
|t:|1658360862
|switch|p1a: Corviknight|Corviknight, M|59/100
|-damage|p1a: Corviknight|46/100|[from] Stealth Rock
|-ability|p1a: Corviknight|Pressure
|turn|17
|
|t:|1658360867
|switch|p2a: Kartana|Kartana|100/100
|-damage|p2a: Kartana|94/100|[from] Stealth Rock
|move|p1a: Corviknight|Roost|p1a: Corviknight
|-heal|p1a: Corviknight|96/100
|-singleturn|p1a: Corviknight|move: Roost
|
|-weather|Sandstorm|[upkeep]
|upkeep
|turn|18
|inactive|Makuryu has 120 seconds left.
|inactive|Makuryu has 90 seconds left.
|
|t:|1658360929
|move|p2a: Kartana|Knock Off|p1a: Corviknight
|-damage|p1a: Corviknight|78/100
|move|p1a: Corviknight|Body Press|p2a: Kartana
|-supereffective|p2a: Kartana
|-damage|p2a: Kartana|34/100
|
|-weather|none
|upkeep
|turn|19
|-message|Makuryu forfeited.
|
|win|magical gohda chef
|raw|magical gohda chef's rating: 1646 &rarr; <strong>1669</strong><br />(+23 for winning)
|raw|Makuryu's rating: 1692 &rarr; <strong>1669</strong><br />(-23 for losing)
|l|☆Makuryu
||Ladder isn't responding, score probably updated but might not have (Request timeout).
