|j|☆tanishq1
|j|☆JudicaelmangaVIDEO
|t:|1658041798
|gametype|singles
|player|p1|tanishq1|169|1853
|player|p2|JudicaelmangaVIDEO|steven|1894
|teamsize|p1|6
|teamsize|p2|6
|gen|8
|tier|[Gen 8] OU
|rated|
|rule|Sleep Clause Mod: Limit one foe put to sleep
|rule|Species Clause: Limit one of each Pokémon
|rule|OHKO Clause: OHKO moves are banned
|rule|Evasion Moves Clause: Evasion moves are banned
|rule|Endless Battle Clause: Forcing endless battles is banned
|rule|HP Percentage Mod: HP is shown in percentages
|rule|Dynamax Clause: You cannot dynamax
|clearpoke
|poke|p1|Urshifu-*, F|
|poke|p1|Tyranitar, M|
|poke|p1|Excadrill, M|
|poke|p1|Zapdos|
|poke|p1|Ferrothorn, M|
|poke|p1|Tapu Lele|
|poke|p2|Dragapult, F|
|poke|p2|Kartana|
|poke|p2|Blissey, F|
|poke|p2|Tapu Fini|
|poke|p2|Landorus-Therian, M|
|poke|p2|Melmetal|
|teampreview
|inactive|Battle timer is ON: inactive players will automatically lose when time's up. (requested by JudicaelmangaVIDEO)
|j| jien laqwa hehe
|c|☆JudicaelmangaVIDEO|Gl
|
|t:|1658041821
|start
|switch|p1a: Tapu Lele|Tapu Lele, shiny|100/100
|switch|p2a: Dragapult|Dragapult, F|100/100
|-fieldstart|move: Psychic Terrain|[from] ability: Psychic Surge|[of] p1a: Tapu Lele
|turn|1
|
|t:|1658041828
|switch|p2a: Melmetal|Melmetal|100/100
|move|p1a: Tapu Lele|Moonblast|p2a: Melmetal
|-resisted|p2a: Melmetal
|-damage|p2a: Melmetal|82/100
|-unboost|p2a: Melmetal|spa|1
|
|upkeep
|turn|2
|
|t:|1658041832
|switch|p1a: Zapdos|Zapdos|100/100
|move|p2a: Melmetal|Ice Punch|p1a: Zapdos
|-supereffective|p1a: Zapdos
|-damage|p1a: Zapdos|49/100
|-status|p2a: Melmetal|par|[from] ability: Static|[of] p1a: Zapdos
|
|upkeep
|turn|3
|j| isduffbidfhjgb
|
|t:|1658041835
|switch|p2a: Blissey|Blissey, F|100/100
|move|p1a: Zapdos|Roost|p1a: Zapdos
|-heal|p1a: Zapdos|99/100
|-singleturn|p1a: Zapdos|move: Roost
|
|upkeep
|turn|4
|
|t:|1658041837
|switch|p1a: Ferrothorn|Ferrothorn, M|100/100
|move|p2a: Blissey|Stealth Rock|p1a: Ferrothorn
|-sidestart|p1: tanishq1|move: Stealth Rock
|
|upkeep
|turn|5
|
|t:|1658041839
|move|p2a: Blissey|Thunder Wave|p1a: Ferrothorn
|-status|p1a: Ferrothorn|par
|move|p1a: Ferrothorn|Stealth Rock|p2a: Blissey
|-sidestart|p2: JudicaelmangaVIDEO|move: Stealth Rock
|
|-fieldend|move: Psychic Terrain
|upkeep
|turn|6
|
|t:|1658041842
|move|p2a: Blissey|Seismic Toss|p1a: Ferrothorn
|-damage|p1a: Ferrothorn|72/100 par
|-damage|p2a: Blissey|88/100|[from] ability: Iron Barbs|[of] p1a: Ferrothorn
|move|p1a: Ferrothorn|Body Press|p2a: Blissey
|-supereffective|p2a: Blissey
|-damage|p2a: Blissey|44/100
|
|-heal|p2a: Blissey|50/100|[from] item: Leftovers
|-heal|p1a: Ferrothorn|78/100 par|[from] item: Leftovers
|upkeep
|turn|7
|
|t:|1658041846
|move|p2a: Blissey|Soft-Boiled|p2a: Blissey
|-heal|p2a: Blissey|99/100
|move|p1a: Ferrothorn|Leech Seed|p2a: Blissey
|-start|p2a: Blissey|move: Leech Seed
|
|-heal|p2a: Blissey|100/100|[from] item: Leftovers
|-heal|p1a: Ferrothorn|84/100 par|[from] item: Leftovers
|-damage|p2a: Blissey|88/100|[from] Leech Seed|[of] p1a: Ferrothorn
|-heal|p1a: Ferrothorn|100/100 par|[silent]
|upkeep
|turn|8
|
|t:|1658041849
|switch|p2a: Landorus|Landorus-Therian, M|100/100
|-damage|p2a: Landorus|88/100|[from] Stealth Rock
|-ability|p2a: Landorus|Intimidate|boost
|-unboost|p1a: Ferrothorn|atk|1
|move|p1a: Ferrothorn|Knock Off|p2a: Landorus
|-damage|p2a: Landorus|75/100
|-enditem|p2a: Landorus|Leftovers|[from] move: Knock Off|[of] p1a: Ferrothorn
|
|upkeep
|turn|9
|
|t:|1658041852
|move|p2a: Landorus|Earthquake|p1a: Ferrothorn
|-damage|p1a: Ferrothorn|56/100 par
|move|p1a: Ferrothorn|Leech Seed|p2a: Landorus
|-start|p2a: Landorus|move: Leech Seed
|
|-heal|p1a: Ferrothorn|62/100 par|[from] item: Leftovers
|-damage|p2a: Landorus|62/100|[from] Leech Seed|[of] p1a: Ferrothorn
|-heal|p1a: Ferrothorn|75/100 par|[silent]
|upkeep
|turn|10
|
|t:|1658041857
|switch|p1a: Zapdos|Zapdos|99/100
|move|p2a: Landorus|U-turn|p1a: Zapdos
|-resisted|p1a: Zapdos
|-damage|p1a: Zapdos|88/100
|
|t:|1658041862
|switch|p2a: Blissey|Blissey, F|88/100|[from]move: U-turn
|-damage|p2a: Blissey|76/100|[from] Stealth Rock
|
|-heal|p2a: Blissey|82/100|[from] item: Leftovers
|upkeep
|turn|11
|
|t:|1658041866
|switch|p1a: Excadrill|Excadrill, M|100/100
|-damage|p1a: Excadrill|97/100|[from] Stealth Rock
|move|p2a: Blissey|Thunder Wave|p1a: Excadrill
|-immune|p1a: Excadrill
|
|-heal|p2a: Blissey|88/100|[from] item: Leftovers
|upkeep
|turn|12
|
|t:|1658041871
|move|p1a: Excadrill|Rapid Spin|p2a: Blissey
|-damage|p2a: Blissey|60/100
|-boost|p1a: Excadrill|spe|1
|-sideend|p1: tanishq1|Stealth Rock|[from] move: Rapid Spin|[of] p1a: Excadrill
|move|p2a: Blissey|Seismic Toss|p1a: Excadrill
|-damage|p1a: Excadrill|70/100
|
|-heal|p2a: Blissey|66/100|[from] item: Leftovers
|upkeep
|turn|13
|
|t:|1658041875
|switch|p1a: Tyranitar|Tyranitar, M|100/100
|-weather|Sandstorm|[from] ability: Sand Stream|[of] p1a: Tyranitar
|switch|p2a: Landorus|Landorus-Therian, M|62/100
|-damage|p2a: Landorus|50/100|[from] Stealth Rock
|-ability|p2a: Landorus|Intimidate|boost
|-unboost|p1a: Tyranitar|atk|1
|
|-weather|Sandstorm|[upkeep]
|upkeep
|turn|14
|
|t:|1658041880
|switch|p1a: Zapdos|Zapdos|88/100
|move|p2a: Landorus|Earthquake|p1a: Zapdos
|-immune|p1a: Zapdos
|
|-weather|Sandstorm|[upkeep]
|-damage|p1a: Zapdos|82/100|[from] Sandstorm
|upkeep
|turn|15
|
|t:|1658041883
|move|p1a: Zapdos|Hurricane|p2a: Landorus
|-damage|p2a: Landorus|0 fnt
|faint|p2a: Landorus
|
|-weather|Sandstorm|[upkeep]
|-damage|p1a: Zapdos|76/100|[from] Sandstorm
|upkeep
|
|t:|1658041888
|switch|p2a: Blissey|Blissey, F|66/100
|-damage|p2a: Blissey|54/100|[from] Stealth Rock
|turn|16
|
|t:|1658041890
|switch|p1a: Excadrill|Excadrill, M|70/100
|move|p2a: Blissey|Seismic Toss|p1a: Excadrill
|-damage|p1a: Excadrill|42/100
|
|-weather|Sandstorm|[upkeep]
|-damage|p2a: Blissey|48/100|[from] Sandstorm
|-heal|p2a: Blissey|54/100|[from] item: Leftovers
|upkeep
|turn|17
|
|t:|1658041895
|move|p1a: Excadrill|Earthquake|p2a: Blissey
|-damage|p2a: Blissey|0 fnt
|faint|p2a: Blissey
|
|-weather|none
|upkeep
|
|t:|1658041897
|switch|p2a: Kartana|Kartana|100/100
|-damage|p2a: Kartana|94/100|[from] Stealth Rock
|turn|18
|
|t:|1658041898
|switch|p1a: Zapdos|Zapdos|76/100
|move|p2a: Kartana|Knock Off|p1a: Zapdos
|-damage|p1a: Zapdos|28/100
|-enditem|p1a: Zapdos|Heavy-Duty Boots|[from] move: Knock Off|[of] p2a: Kartana
|
|upkeep
|turn|19
|
|t:|1658041901
|move|p2a: Kartana|Knock Off|p1a: Zapdos
|-damage|p1a: Zapdos|0 fnt
|-status|p2a: Kartana|par|[from] ability: Static|[of] p1a: Zapdos
|faint|p1a: Zapdos
|-ability|p2a: Kartana|Beast Boost|boost
|-boost|p2a: Kartana|atk|1
|
|upkeep
|
|t:|1658041905
|switch|p1a: Urshifu|Urshifu-Rapid-Strike, F|100/100
|turn|20
|
|t:|1658041908
|switch|p2a: Tapu Fini|Tapu Fini|100/100
|-damage|p2a: Tapu Fini|88/100|[from] Stealth Rock
|-fieldstart|move: Misty Terrain|[from] ability: Misty Surge|[of] p2a: Tapu Fini
|move|p1a: Urshifu|U-turn|p2a: Tapu Fini
|-resisted|p2a: Tapu Fini
|-damage|p2a: Tapu Fini|78/100
|
|t:|1658041909
|switch|p1a: Tapu Lele|Tapu Lele, shiny|100/100|[from]move: U-turn
|-fieldstart|move: Psychic Terrain|[from] ability: Psychic Surge|[of] p1a: Tapu Lele
|
|-heal|p2a: Tapu Fini|84/100|[from] item: Leftovers
|upkeep
|turn|21
|
|t:|1658041912
|switch|p2a: Melmetal|Melmetal|82/100 par
|-damage|p2a: Melmetal|76/100 par|[from] Stealth Rock
|move|p1a: Tapu Lele|Focus Blast|p2a: Melmetal
|-supereffective|p2a: Melmetal
|-damage|p2a: Melmetal|20/100 par
|
|upkeep
|turn|22
|
|t:|1658041919
|switch|p1a: Ferrothorn|Ferrothorn, M|75/100 par
|switch|p2a: Tapu Fini|Tapu Fini|84/100
|-damage|p2a: Tapu Fini|72/100|[from] Stealth Rock
|-fieldstart|move: Misty Terrain|[from] ability: Misty Surge|[of] p2a: Tapu Fini
|
|-heal|p2a: Tapu Fini|78/100|[from] item: Leftovers
|-heal|p1a: Ferrothorn|81/100 par|[from] item: Leftovers
|upkeep
|turn|23
|
|t:|1658041922
|move|p2a: Tapu Fini|Taunt|p1a: Ferrothorn
|-start|p1a: Ferrothorn|move: Taunt
|cant|p1a: Ferrothorn|move: Taunt|Leech Seed
|
|-heal|p2a: Tapu Fini|84/100|[from] item: Leftovers
|-heal|p1a: Ferrothorn|87/100 par|[from] item: Leftovers
|upkeep
|turn|24
|
|t:|1658041924
|switch|p1a: Tapu Lele|Tapu Lele, shiny|100/100
|-fieldstart|move: Psychic Terrain|[from] ability: Psychic Surge|[of] p1a: Tapu Lele
|move|p2a: Tapu Fini|Calm Mind|p2a: Tapu Fini
|-boost|p2a: Tapu Fini|spa|1
|-boost|p2a: Tapu Fini|spd|1
|
|-heal|p2a: Tapu Fini|90/100|[from] item: Leftovers
|upkeep
|turn|25
|
|t:|1658041927
|move|p1a: Tapu Lele|Psyshock|p2a: Tapu Fini
|-damage|p2a: Tapu Fini|46/100
|move|p2a: Tapu Fini|Draining Kiss|p1a: Tapu Lele
|-damage|p1a: Tapu Lele|61/100
|-heal|p2a: Tapu Fini|70/100|[from] drain|[of] p1a: Tapu Lele
|
|-heal|p2a: Tapu Fini|76/100|[from] item: Leftovers
|upkeep
|turn|26
|j| Karumis
|
|t:|1658041931
|move|p1a: Tapu Lele|Psyshock|p2a: Tapu Fini
|-damage|p2a: Tapu Fini|30/100
|move|p2a: Tapu Fini|Scald|p1a: Tapu Lele
|-damage|p1a: Tapu Lele|4/100
|
|-heal|p2a: Tapu Fini|36/100|[from] item: Leftovers
|upkeep
|turn|27
|
|t:|1658041936
|switch|p2a: Melmetal|Melmetal|20/100 par
|-damage|p2a: Melmetal|14/100 par|[from] Stealth Rock
|move|p1a: Tapu Lele|Psyshock|p2a: Melmetal
|-resisted|p2a: Melmetal
|-damage|p2a: Melmetal|0 fnt
|faint|p2a: Melmetal
|
|upkeep
|
|t:|1658041938
|switch|p2a: Kartana|Kartana|94/100 par
|-damage|p2a: Kartana|88/100 par|[from] Stealth Rock
|turn|28
|
|t:|1658041941
|switch|p1a: Ferrothorn|Ferrothorn, M|87/100 par
|move|p2a: Kartana|Knock Off|p1a: Ferrothorn
|-damage|p1a: Ferrothorn|45/100 par
|-damage|p2a: Kartana|76/100 par|[from] ability: Iron Barbs|[of] p1a: Ferrothorn
|-enditem|p1a: Ferrothorn|Leftovers|[from] move: Knock Off|[of] p2a: Kartana
|
|-fieldend|move: Psychic Terrain
|upkeep
|turn|29
|
|t:|1658041944
|move|p2a: Kartana|Knock Off|p1a: Ferrothorn
|-damage|p1a: Ferrothorn|16/100 par
|-damage|p2a: Kartana|64/100 par|[from] ability: Iron Barbs|[of] p1a: Ferrothorn
|move|p1a: Ferrothorn|Knock Off|p2a: Kartana
|-damage|p2a: Kartana|43/100 par
|-enditem|p2a: Kartana|Choice Band|[from] move: Knock Off|[of] p1a: Ferrothorn
|
|upkeep
|turn|30
|
|t:|1658041946
|move|p2a: Kartana|Sacred Sword|p1a: Ferrothorn
|-supereffective|p1a: Ferrothorn
|-damage|p1a: Ferrothorn|0 fnt
|-damage|p2a: Kartana|30/100 par|[from] ability: Iron Barbs|[of] p1a: Ferrothorn
|faint|p1a: Ferrothorn
|-ability|p2a: Kartana|Beast Boost|boost
|-boost|p2a: Kartana|atk|1
|
|upkeep
|
|t:|1658041948
|switch|p1a: Urshifu|Urshifu-Rapid-Strike, F|100/100
|turn|31
|
|t:|1658041952
|move|p1a: Urshifu|Close Combat|p2a: Kartana
|-supereffective|p2a: Kartana
|-damage|p2a: Kartana|0 fnt
|-unboost|p1a: Urshifu|def|1
|-unboost|p1a: Urshifu|spd|1
|faint|p2a: Kartana
|
|upkeep
|
|t:|1658041954
|switch|p2a: Tapu Fini|Tapu Fini|36/100
|-damage|p2a: Tapu Fini|24/100|[from] Stealth Rock
|-fieldstart|move: Misty Terrain|[from] ability: Misty Surge|[of] p2a: Tapu Fini
|turn|32
|
|t:|1658041958
|switch|p1a: Excadrill|Excadrill, M|42/100
|move|p2a: Tapu Fini|Draining Kiss|p1a: Excadrill
|-resisted|p1a: Excadrill
|-damage|p1a: Excadrill|25/100
|-heal|p2a: Tapu Fini|37/100|[from] drain|[of] p1a: Excadrill
|
|-heal|p2a: Tapu Fini|43/100|[from] item: Leftovers
|upkeep
|turn|33
|
|t:|1658041961
|move|p1a: Excadrill|Earthquake|p2a: Tapu Fini
|-damage|p2a: Tapu Fini|0 fnt
|faint|p2a: Tapu Fini
|
|upkeep
|j| my emoji is goat
|j| cqx_z
|-message|JudicaelmangaVIDEO forfeited.
|
|win|tanishq1
|raw|tanishq1's rating: 1853 &rarr; <strong>1875</strong><br />(+22 for winning)
|raw|JudicaelmangaVIDEO's rating: 1894 &rarr; <strong>1872</strong><br />(-22 for losing)
|l|☆tanishq1
|l|☆JudicaelmangaVIDEO
|l| Karumis
|l| cqx_z
|l| isduffbidfhjgb
