|j|☆Stellar Flares
|j|☆perrine13
|inactive|Battle timer is ON: inactive players will automatically lose when time's up.
|t:|1619702569
|gametype|singles
|player|p1|Stellar Flares|unknown|
|player|p2|perrine13|acetrainerf|
|teamsize|p1|6
|teamsize|p2|6
|gen|8
|tier|[Gen 8] OU
|rated|Tournament battle
|clearpoke
|poke|p1|Tornadus-Therian, M|
|poke|p1|Hippowdon, M|
|poke|p1|Slowbro, M|
|poke|p1|Kartana|
|poke|p1|Dragapult, F|
|poke|p1|Corviknight, F|
|poke|p2|Dragapult, M|
|poke|p2|Tapu Lele|
|poke|p2|Corviknight, M|
|poke|p2|Zeraora|
|poke|p2|Urshifu-*, M|
|poke|p2|Landorus-Therian, M|
|rule|Sleep Clause Mod: Limit one foe put to sleep
|rule|Species Clause: Limit one of each Pokémon
|rule|OHKO Clause: OHKO moves are banned
|rule|Evasion Moves Clause: Evasion moves are banned
|rule|Endless Battle Clause: Forcing endless battles is banned
|rule|HP Percentage Mod: HP is shown in percentages
|rule|Dynamax Clause: You cannot dynamax
|teampreview
|
|t:|1619702577
|start
|switch|p1a: Tornadus|Tornadus-Therian, M|100/100
|switch|p2a: Landorus|Landorus-Therian, M, shiny|100/100
|-ability|p2a: Landorus|Intimidate|boost
|-unboost|p1a: Tornadus|atk|1
|turn|1
|j| femboy fox
|
|t:|1619702585
|move|p1a: Tornadus|Taunt|p2a: Landorus
|-start|p2a: Landorus|move: Taunt
|move|p2a: Landorus|Knock Off|p1a: Tornadus
|-damage|p1a: Tornadus|67/100
|-enditem|p1a: Tornadus|Heavy-Duty Boots|[from] move: Knock Off|[of] p2a: Landorus
|
|upkeep
|turn|2
|j| rere_magicgirl
|j| random coinflip
|
|t:|1619702594
|move|p1a: Tornadus|Knock Off|p2a: Landorus
|-damage|p2a: Landorus|90/100
|-damage|p1a: Tornadus|51/100|[from] item: Rocky Helmet|[of] p2a: Landorus
|-enditem|p2a: Landorus|Rocky Helmet|[from] move: Knock Off|[of] p1a: Tornadus
|move|p2a: Landorus|U-turn|p1a: Tornadus
|-resisted|p1a: Tornadus
|-damage|p1a: Tornadus|41/100
|
|t:|1619702606
|switch|p2a: Urshifu|Urshifu-Rapid-Strike, M, shiny|100/100|[from]move: U-turn
|
|upkeep
|turn|3
|
|t:|1619702610
|switch|p1a: Slowbro|Slowbro, M|100/100
|move|p2a: Urshifu|U-turn|p1a: Slowbro
|-supereffective|p1a: Slowbro
|-damage|p1a: Slowbro|58/100
|
|t:|1619702616
|switch|p2a: Zeraora|Zeraora, shiny|100/100|[from]move: U-turn
|
|upkeep
|turn|4
|j| Arceros
|
|t:|1619702622
|switch|p1a: Hippowdon|Hippowdon, M|100/100
|-weather|Sandstorm|[from] ability: Sand Stream|[of] p1a: Hippowdon
|move|p2a: Zeraora|Knock Off|p1a: Hippowdon
|-damage|p1a: Hippowdon|80/100
|-enditem|p1a: Hippowdon|Leftovers|[from] move: Knock Off|[of] p2a: Zeraora
|
|-weather|Sandstorm|[upkeep]
|-damage|p2a: Zeraora|95/100|[from] Sandstorm
|upkeep
|turn|5
|l| Arceros
|
|t:|1619702631
|switch|p2a: Landorus|Landorus-Therian, M, shiny|90/100
|-ability|p2a: Landorus|Intimidate|boost
|-unboost|p1a: Hippowdon|atk|1
|move|p1a: Hippowdon|Slack Off|p1a: Hippowdon
|-heal|p1a: Hippowdon|100/100
|
|-weather|Sandstorm|[upkeep]
|upkeep
|turn|6
|j| human misery
|c| human misery|yall better hurry up
|c| human misery|you got 2 battles to catch up on
|inactive|perrine13 has 120 seconds left.
|j| quagsireperson
|
|t:|1619702676
|switch|p1a: Tornadus|Tornadus-Therian, M|74/100
|move|p2a: Landorus|U-turn|p1a: Tornadus
|-resisted|p1a: Tornadus
|-damage|p1a: Tornadus|62/100
|
|t:|1619702683
|switch|p2a: Urshifu|Urshifu-Rapid-Strike, M, shiny|100/100|[from]move: U-turn
|
|-weather|Sandstorm|[upkeep]
|-damage|p1a: Tornadus|56/100|[from] Sandstorm
|-damage|p2a: Urshifu|94/100|[from] Sandstorm
|upkeep
|turn|7
|
|t:|1619702704
|move|p1a: Tornadus|Hurricane|p2a: Urshifu
|-supereffective|p2a: Urshifu
|-damage|p2a: Urshifu|0 fnt
|faint|p2a: Urshifu
|
|-weather|Sandstorm|[upkeep]
|-damage|p1a: Tornadus|50/100|[from] Sandstorm
|upkeep
|inactive|perrine13 has 120 seconds left.
|
|t:|1619702717
|switch|p2a: Dragapult|Dragapult, M, shiny|100/100
|turn|8
|
|t:|1619702725
|switch|p1a: Corviknight|Corviknight, F|100/100
|-ability|p1a: Corviknight|Pressure
|move|p2a: Dragapult|Shadow Ball|p1a: Corviknight
|-damage|p1a: Corviknight|66/100
|
|-weather|none
|-heal|p1a: Corviknight|72/100|[from] item: Leftovers
|upkeep
|turn|9
|
|t:|1619702734
|move|p2a: Dragapult|Shadow Ball|p1a: Corviknight
|-damage|p1a: Corviknight|39/100
|move|p1a: Corviknight|Roost|p1a: Corviknight
|-heal|p1a: Corviknight|89/100
|-singleturn|p1a: Corviknight|move: Roost
|
|-heal|p1a: Corviknight|95/100|[from] item: Leftovers
|upkeep
|turn|10
|
|t:|1619702739
|switch|p2a: Landorus|Landorus-Therian, M, shiny|90/100
|-ability|p2a: Landorus|Intimidate|boost
|-unboost|p1a: Corviknight|atk|1
|move|p1a: Corviknight|Brave Bird|p2a: Landorus
|-damage|p2a: Landorus|72/100
|-damage|p1a: Corviknight|89/100|[from] Recoil
|
|-heal|p1a: Corviknight|96/100|[from] item: Leftovers
|upkeep
|turn|11
|j| cfor_cobo
|
|t:|1619702745
|switch|p1a: Tornadus|Tornadus-Therian, M|83/100
|move|p2a: Landorus|Knock Off|p1a: Tornadus
|-damage|p1a: Tornadus|61/100
|
|upkeep
|turn|12
|
|t:|1619702750
|move|p1a: Tornadus|Taunt|p2a: Landorus
|-start|p2a: Landorus|move: Taunt
|move|p2a: Landorus|U-turn|p1a: Tornadus
|-resisted|p1a: Tornadus
|-damage|p1a: Tornadus|50/100
|
|t:|1619702757
|switch|p2a: Zeraora|Zeraora, shiny|95/100|[from]move: U-turn
|
|upkeep
|turn|13
|
|t:|1619702762
|switch|p1a: Hippowdon|Hippowdon, M|100/100
|-weather|Sandstorm|[from] ability: Sand Stream|[of] p1a: Hippowdon
|move|p2a: Zeraora|Volt Switch|p1a: Hippowdon
|-immune|p1a: Hippowdon
|
|-weather|Sandstorm|[upkeep]
|-damage|p2a: Zeraora|89/100|[from] Sandstorm
|upkeep
|turn|14
|
|t:|1619702766
|switch|p2a: Landorus|Landorus-Therian, M, shiny|72/100
|-ability|p2a: Landorus|Intimidate|boost
|-unboost|p1a: Hippowdon|atk|1
|move|p1a: Hippowdon|Toxic|p2a: Landorus
|-status|p2a: Landorus|tox
|
|-weather|Sandstorm|[upkeep]
|-damage|p2a: Landorus|66/100 tox|[from] psn
|upkeep
|turn|15
|
|t:|1619702771
|switch|p1a: Tornadus|Tornadus-Therian, M|83/100
|move|p2a: Landorus|Stealth Rock|p1a: Tornadus
|-sidestart|p1: Stellar Flares|move: Stealth Rock
|
|-weather|Sandstorm|[upkeep]
|-damage|p1a: Tornadus|77/100|[from] Sandstorm
|-damage|p2a: Landorus|54/100 tox|[from] psn
|upkeep
|turn|16
|
|t:|1619702778
|move|p1a: Tornadus|Defog|p2a: Landorus
|-unboost|p2a: Landorus|evasion|1
|-sideend|p1: Stellar Flares|Stealth Rock|[from] move: Defog|[of] p1a: Tornadus
|move|p2a: Landorus|U-turn|p1a: Tornadus
|-resisted|p1a: Tornadus
|-damage|p1a: Tornadus|66/100
|
|t:|1619702783
|switch|p2a: Dragapult|Dragapult, M, shiny|100/100|[from]move: U-turn
|
|-weather|Sandstorm|[upkeep]
|-damage|p2a: Dragapult|95/100|[from] Sandstorm
|-damage|p1a: Tornadus|60/100|[from] Sandstorm
|upkeep
|turn|17
|
|t:|1619702788
|switch|p1a: Corviknight|Corviknight, F|96/100
|-ability|p1a: Corviknight|Pressure
|move|p2a: Dragapult|Flamethrower|p1a: Corviknight
|-supereffective|p1a: Corviknight
|-crit|p1a: Corviknight
|-damage|p1a: Corviknight|13/100
|-status|p1a: Corviknight|brn
|
|-weather|none
|-heal|p1a: Corviknight|19/100 brn|[from] item: Leftovers
|-damage|p1a: Corviknight|13/100 brn|[from] brn
|upkeep
|turn|18
|c|☆Stellar Flares|lol
|
|t:|1619702796
|switch|p1a: Slowbro|Slowbro, M|91/100
|move|p2a: Dragapult|Flamethrower|p1a: Slowbro
|-resisted|p1a: Slowbro
|-damage|p1a: Slowbro|70/100
|
|upkeep
|turn|19
|
|t:|1619702800
|switch|p2a: Corviknight|Corviknight, M, shiny|100/100
|-ability|p2a: Corviknight|Pressure
|move|p1a: Slowbro|Teleport|p1a: Slowbro
|c|☆Stellar Flares|opponent is good at the game
|
|t:|1619702807
|switch|p1a: Corviknight|Corviknight, F|13/100 brn|[from]move: Teleport
|-ability|p1a: Corviknight|Pressure
|
|-heal|p1a: Corviknight|19/100 brn|[from] item: Leftovers
|-damage|p1a: Corviknight|13/100 brn|[from] brn
|upkeep
|turn|20
|
|t:|1619702810
|move|p1a: Corviknight|Roost|p1a: Corviknight
|-heal|p1a: Corviknight|63/100 brn
|-singleturn|p1a: Corviknight|move: Roost
|move|p2a: Corviknight|Brave Bird|p1a: Corviknight
|-resisted|p1a: Corviknight
|-damage|p1a: Corviknight|48/100 brn
|-damage|p2a: Corviknight|95/100|[from] Recoil
|
|-heal|p1a: Corviknight|54/100 brn|[from] item: Leftovers
|-heal|p2a: Corviknight|100/100|[from] item: Leftovers
|-damage|p1a: Corviknight|48/100 brn|[from] brn
|upkeep
|turn|21
|
|t:|1619702818
|move|p1a: Corviknight|Roost|p1a: Corviknight
|-heal|p1a: Corviknight|98/100 brn
|-singleturn|p1a: Corviknight|move: Roost
|move|p2a: Corviknight|U-turn|p1a: Corviknight
|-resisted|p1a: Corviknight
|-damage|p1a: Corviknight|93/100 brn
|
|t:|1619702827
|switch|p2a: Zeraora|Zeraora, shiny|89/100|[from]move: U-turn
|
|-heal|p1a: Corviknight|99/100 brn|[from] item: Leftovers
|-damage|p1a: Corviknight|93/100 brn|[from] brn
|upkeep
|turn|22
|
|t:|1619702830
|switch|p1a: Hippowdon|Hippowdon, M|100/100
|-weather|Sandstorm|[from] ability: Sand Stream|[of] p1a: Hippowdon
|move|p2a: Zeraora|Close Combat|p1a: Hippowdon
|-damage|p1a: Hippowdon|75/100
|-unboost|p2a: Zeraora|def|1
|-unboost|p2a: Zeraora|spd|1
|
|-weather|Sandstorm|[upkeep]
|-damage|p2a: Zeraora|83/100|[from] Sandstorm
|upkeep
|turn|23
|
|t:|1619702839
|switch|p2a: Landorus|Landorus-Therian, M, shiny|54/100 tox
|-ability|p2a: Landorus|Intimidate|boost
|-unboost|p1a: Hippowdon|atk|1
|move|p1a: Hippowdon|Slack Off|p1a: Hippowdon
|-heal|p1a: Hippowdon|100/100
|
|-weather|Sandstorm|[upkeep]
|-damage|p2a: Landorus|48/100 tox|[from] psn
|upkeep
|turn|24
|
|t:|1619702848
|switch|p1a: Tornadus|Tornadus-Therian, M|93/100
|move|p2a: Landorus|U-turn|p1a: Tornadus
|-resisted|p1a: Tornadus
|-damage|p1a: Tornadus|81/100
|
|t:|1619702855
|switch|p2a: Tapu Lele|Tapu Lele, shiny|100/100|[from]move: U-turn
|-fieldstart|move: Psychic Terrain|[from] ability: Psychic Surge|[of] p2a: Tapu Lele
|
|-weather|Sandstorm|[upkeep]
|-damage|p2a: Tapu Lele|94/100|[from] Sandstorm
|-damage|p1a: Tornadus|75/100|[from] Sandstorm
|upkeep
|turn|25
|
|t:|1619702860
|switch|p1a: Corviknight|Corviknight, F|93/100 brn
|-ability|p1a: Corviknight|Pressure
|move|p2a: Tapu Lele|Moonblast|p1a: Corviknight
|-resisted|p1a: Corviknight
|-damage|p1a: Corviknight|73/100 brn
|
|-weather|Sandstorm|[upkeep]
|-damage|p2a: Tapu Lele|88/100|[from] Sandstorm
|-heal|p1a: Corviknight|79/100 brn|[from] item: Leftovers
|-damage|p1a: Corviknight|73/100 brn|[from] brn
|upkeep
|turn|26
|
|t:|1619702869
|switch|p2a: Corviknight|Corviknight, M, shiny|100/100
|-ability|p2a: Corviknight|Pressure
|move|p1a: Corviknight|Roost|p1a: Corviknight
|-heal|p1a: Corviknight|100/100 brn
|-singleturn|p1a: Corviknight|move: Roost
|
|-weather|none
|-damage|p1a: Corviknight|94/100 brn|[from] brn
|upkeep
|turn|27
|
|t:|1619702897
|switch|p1a: Tornadus|Tornadus-Therian, M|100/100
|move|p2a: Corviknight|U-turn|p1a: Tornadus
|-resisted|p1a: Tornadus
|-damage|p1a: Tornadus|94/100
|inactive|perrine13 has 120 seconds left.
|
|t:|1619702909
|switch|p2a: Zeraora|Zeraora, shiny|83/100|[from]move: U-turn
|
|upkeep
|turn|28
|
|t:|1619702914
|switch|p2a: Dragapult|Dragapult, M, shiny|95/100
|switch|p1a: Hippowdon|Hippowdon, M|100/100
|-weather|Sandstorm|[from] ability: Sand Stream|[of] p1a: Hippowdon
|
|-weather|Sandstorm|[upkeep]
|-damage|p2a: Dragapult|89/100|[from] Sandstorm
|-fieldend|move: Psychic Terrain
|upkeep
|turn|29
|
|t:|1619702923
|switch|p1a: Corviknight|Corviknight, F|94/100 brn
|-ability|p1a: Corviknight|Pressure
|move|p2a: Dragapult|Shadow Ball|p1a: Corviknight
|-damage|p1a: Corviknight|56/100 brn
|
|-weather|Sandstorm|[upkeep]
|-damage|p2a: Dragapult|83/100|[from] Sandstorm
|-heal|p1a: Corviknight|62/100 brn|[from] item: Leftovers
|-damage|p1a: Corviknight|56/100 brn|[from] brn
|upkeep
|turn|30
|
|t:|1619702931
|move|p2a: Dragapult|Shadow Ball|p1a: Corviknight
|-damage|p1a: Corviknight|21/100 brn
|move|p1a: Corviknight|Roost|p1a: Corviknight
|-heal|p1a: Corviknight|71/100 brn
|-singleturn|p1a: Corviknight|move: Roost
|
|-weather|Sandstorm|[upkeep]
|-damage|p2a: Dragapult|77/100|[from] Sandstorm
|-heal|p1a: Corviknight|77/100 brn|[from] item: Leftovers
|-damage|p1a: Corviknight|71/100 brn|[from] brn
|upkeep
|turn|31
|
|t:|1619702934
|move|p2a: Dragapult|Shadow Ball|p1a: Corviknight
|-damage|p1a: Corviknight|37/100 brn
|move|p1a: Corviknight|Roost|p1a: Corviknight
|-heal|p1a: Corviknight|87/100 brn
|-singleturn|p1a: Corviknight|move: Roost
|
|-weather|Sandstorm|[upkeep]
|-damage|p2a: Dragapult|71/100|[from] Sandstorm
|-heal|p1a: Corviknight|93/100 brn|[from] item: Leftovers
|-damage|p1a: Corviknight|87/100 brn|[from] brn
|upkeep
|turn|32
|
|t:|1619702939
|move|p2a: Dragapult|Shadow Ball|p1a: Corviknight
|-damage|p1a: Corviknight|52/100 brn
|move|p1a: Corviknight|Roost|p1a: Corviknight
|-heal|p1a: Corviknight|100/100 brn
|-singleturn|p1a: Corviknight|move: Roost
|
|-weather|none
|-damage|p1a: Corviknight|94/100 brn|[from] brn
|upkeep
|turn|33
|l| rere_magicgirl
|
|t:|1619702948
|switch|p1a: Hippowdon|Hippowdon, M|100/100
|-weather|Sandstorm|[from] ability: Sand Stream|[of] p1a: Hippowdon
|move|p2a: Dragapult|Shadow Ball|p1a: Hippowdon
|-damage|p1a: Hippowdon|60/100
|
|-weather|Sandstorm|[upkeep]
|-damage|p2a: Dragapult|65/100|[from] Sandstorm
|upkeep
|turn|34
|
|t:|1619702955
|move|p2a: Dragapult|Shadow Ball|p1a: Hippowdon
|-damage|p1a: Hippowdon|25/100
|move|p1a: Hippowdon|Slack Off|p1a: Hippowdon
|-heal|p1a: Hippowdon|75/100
|
|-weather|Sandstorm|[upkeep]
|-damage|p2a: Dragapult|59/100|[from] Sandstorm
|upkeep
|turn|35
|
|t:|1619702959
|move|p2a: Dragapult|Shadow Ball|p1a: Hippowdon
|-damage|p1a: Hippowdon|35/100
|move|p1a: Hippowdon|Slack Off|p1a: Hippowdon
|-heal|p1a: Hippowdon|85/100
|
|-weather|Sandstorm|[upkeep]
|-damage|p2a: Dragapult|53/100|[from] Sandstorm
|upkeep
|turn|36
|
|t:|1619702963
|move|p2a: Dragapult|Shadow Ball|p1a: Hippowdon
|-damage|p1a: Hippowdon|50/100
|move|p1a: Hippowdon|Slack Off|p1a: Hippowdon
|-heal|p1a: Hippowdon|99/100
|
|-weather|Sandstorm|[upkeep]
|-damage|p2a: Dragapult|47/100|[from] Sandstorm
|upkeep
|turn|37
|
|t:|1619702969
|move|p2a: Dragapult|Shadow Ball|p1a: Hippowdon
|-damage|p1a: Hippowdon|65/100
|-unboost|p1a: Hippowdon|spd|1
|move|p1a: Hippowdon|Earthquake|p2a: Dragapult
|-crit|p2a: Dragapult
|-damage|p2a: Dragapult|0 fnt
|faint|p2a: Dragapult
|
|-weather|none
|upkeep
|
|t:|1619702974
|switch|p2a: Tapu Lele|Tapu Lele, shiny|88/100
|-fieldstart|move: Psychic Terrain|[from] ability: Psychic Surge|[of] p2a: Tapu Lele
|turn|38
|
|t:|1619702977
|switch|p1a: Corviknight|Corviknight, F|94/100 brn
|-ability|p1a: Corviknight|Pressure
|move|p2a: Tapu Lele|Focus Blast|p1a: Corviknight
|-damage|p1a: Corviknight|64/100 brn
|-unboost|p1a: Corviknight|spd|1
|
|-heal|p1a: Corviknight|71/100 brn|[from] item: Leftovers
|-damage|p1a: Corviknight|64/100 brn|[from] brn
|upkeep
|turn|39
|
|t:|1619702984
|move|p2a: Tapu Lele|Focus Blast|p1a: Corviknight|[miss]
|-miss|p2a: Tapu Lele|p1a: Corviknight
|move|p1a: Corviknight|Roost|p1a: Corviknight
|-heal|p1a: Corviknight|100/100 brn
|-singleturn|p1a: Corviknight|move: Roost
|
|-damage|p1a: Corviknight|94/100 brn|[from] brn
|upkeep
|turn|40
|
|t:|1619702988
|switch|p2a: Zeraora|Zeraora, shiny|83/100
|switch|p1a: Slowbro|Slowbro, M|100/100
|
|upkeep
|turn|41
|
|t:|1619702995
|move|p2a: Zeraora|Knock Off|p1a: Slowbro
|-supereffective|p1a: Slowbro
|-damage|p1a: Slowbro|66/100
|-enditem|p1a: Slowbro|Heavy-Duty Boots|[from] move: Knock Off|[of] p2a: Zeraora
|move|p1a: Slowbro|Teleport|p1a: Slowbro
|
|t:|1619702997
|switch|p1a: Hippowdon|Hippowdon, M|65/100|[from]move: Teleport
|-weather|Sandstorm|[from] ability: Sand Stream|[of] p1a: Hippowdon
|
|-weather|Sandstorm|[upkeep]
|-damage|p2a: Zeraora|77/100|[from] Sandstorm
|upkeep
|turn|42
|
|t:|1619703007
|switch|p2a: Tapu Lele|Tapu Lele, shiny|88/100
|move|p1a: Hippowdon|Slack Off|p1a: Hippowdon
|-heal|p1a: Hippowdon|100/100
|
|-weather|Sandstorm|[upkeep]
|-damage|p2a: Tapu Lele|82/100|[from] Sandstorm
|-fieldend|move: Psychic Terrain
|upkeep
|turn|43
|
|t:|1619703013
|switch|p1a: Corviknight|Corviknight, F|94/100 brn
|-ability|p1a: Corviknight|Pressure
|move|p2a: Tapu Lele|Psychic|p1a: Corviknight
|-resisted|p1a: Corviknight
|-damage|p1a: Corviknight|76/100 brn
|
|-weather|Sandstorm|[upkeep]
|-damage|p2a: Tapu Lele|76/100|[from] Sandstorm
|-heal|p1a: Corviknight|83/100 brn|[from] item: Leftovers
|-damage|p1a: Corviknight|76/100 brn|[from] brn
|upkeep
|turn|44
|
|t:|1619703021
|move|p2a: Tapu Lele|Psychic|p1a: Corviknight
|-resisted|p1a: Corviknight
|-damage|p1a: Corviknight|60/100 brn
|-unboost|p1a: Corviknight|spd|1
|move|p1a: Corviknight|Roost|p1a: Corviknight
|-heal|p1a: Corviknight|100/100 brn
|-singleturn|p1a: Corviknight|move: Roost
|
|-weather|Sandstorm|[upkeep]
|-damage|p2a: Tapu Lele|70/100|[from] Sandstorm
|-damage|p1a: Corviknight|94/100 brn|[from] brn
|upkeep
|turn|45
|
|t:|1619703027
|switch|p2a: Zeraora|Zeraora, shiny|77/100
|switch|p1a: Slowbro|Slowbro, M|99/100
|
|-weather|none
|upkeep
|turn|46
|
|t:|1619703032
|move|p2a: Zeraora|Plasma Fists|p1a: Slowbro
|-supereffective|p1a: Slowbro
|-damage|p1a: Slowbro|42/100
|move|p1a: Slowbro|Scald|p2a: Zeraora
|-damage|p2a: Zeraora|41/100
|
|upkeep
|turn|47
|
|t:|1619703042
|switch|p1a: Hippowdon|Hippowdon, M|100/100
|-weather|Sandstorm|[from] ability: Sand Stream|[of] p1a: Hippowdon
|move|p2a: Zeraora|Knock Off|p1a: Hippowdon
|-damage|p1a: Hippowdon|86/100
|
|-weather|Sandstorm|[upkeep]
|-damage|p2a: Zeraora|35/100|[from] Sandstorm
|upkeep
|turn|48
|
|t:|1619703051
|move|p2a: Zeraora|Close Combat|p1a: Hippowdon
|-damage|p1a: Hippowdon|61/100
|-unboost|p2a: Zeraora|def|1
|-unboost|p2a: Zeraora|spd|1
|move|p1a: Hippowdon|Stealth Rock|p2a: Zeraora
|-sidestart|p2: perrine13|move: Stealth Rock
|
|-weather|Sandstorm|[upkeep]
|-damage|p2a: Zeraora|29/100|[from] Sandstorm
|upkeep
|turn|49
|
|t:|1619703054
|move|p2a: Zeraora|Close Combat|p1a: Hippowdon
|-damage|p1a: Hippowdon|36/100
|-unboost|p2a: Zeraora|def|1
|-unboost|p2a: Zeraora|spd|1
|move|p1a: Hippowdon|Slack Off|p1a: Hippowdon
|-heal|p1a: Hippowdon|86/100
|
|-weather|Sandstorm|[upkeep]
|-damage|p2a: Zeraora|23/100|[from] Sandstorm
|upkeep
|turn|50
|j| mikoto coinflip
|
|t:|1619703060
|move|p2a: Zeraora|Close Combat|p1a: Hippowdon
|-damage|p1a: Hippowdon|60/100
|-unboost|p2a: Zeraora|def|1
|-unboost|p2a: Zeraora|spd|1
|move|p1a: Hippowdon|Toxic|p2a: Zeraora
|-status|p2a: Zeraora|tox
|
|-weather|Sandstorm|[upkeep]
|-damage|p2a: Zeraora|17/100 tox|[from] Sandstorm
|-damage|p2a: Zeraora|11/100 tox|[from] psn
|upkeep
|turn|51
|
|t:|1619703065
|move|p2a: Zeraora|Close Combat|p1a: Hippowdon
|-damage|p1a: Hippowdon|35/100
|-unboost|p2a: Zeraora|def|1
|-unboost|p2a: Zeraora|spd|1
|move|p1a: Hippowdon|Slack Off|p1a: Hippowdon
|-heal|p1a: Hippowdon|85/100
|
|-weather|none
|-damage|p2a: Zeraora|0 fnt|[from] psn
|faint|p2a: Zeraora
|upkeep
|
|t:|1619703072
|switch|p2a: Tapu Lele|Tapu Lele, shiny|70/100
|-damage|p2a: Tapu Lele|58/100|[from] Stealth Rock
|-fieldstart|move: Psychic Terrain|[from] ability: Psychic Surge|[of] p2a: Tapu Lele
|turn|52
|
|t:|1619703076
|switch|p1a: Corviknight|Corviknight, F|94/100 brn
|-ability|p1a: Corviknight|Pressure
|move|p2a: Tapu Lele|Moonblast|p1a: Corviknight
|-resisted|p1a: Corviknight
|-damage|p1a: Corviknight|74/100 brn
|-unboost|p1a: Corviknight|spa|1
|
|-heal|p1a: Corviknight|81/100 brn|[from] item: Leftovers
|-damage|p1a: Corviknight|74/100 brn|[from] brn
|upkeep
|turn|53
|c|☆perrine13|gg
|c|☆Stellar Flares|gz
|
|t:|1619703087
|move|p2a: Tapu Lele|Moonblast|p1a: Corviknight
|-resisted|p1a: Corviknight
|-damage|p1a: Corviknight|56/100 brn
|move|p1a: Corviknight|Roost|p1a: Corviknight
|-heal|p1a: Corviknight|100/100 brn
|-singleturn|p1a: Corviknight|move: Roost
|
|-damage|p1a: Corviknight|94/100 brn|[from] brn
|upkeep
|turn|54
|
|t:|1619703093
|move|p2a: Tapu Lele|Moonblast|p1a: Corviknight
|-resisted|p1a: Corviknight
|-damage|p1a: Corviknight|77/100 brn
|move|p1a: Corviknight|Brave Bird|p2a: Tapu Lele
|-damage|p2a: Tapu Lele|31/100
|-damage|p1a: Corviknight|71/100 brn|[from] Recoil
|
|-heal|p1a: Corviknight|77/100 brn|[from] item: Leftovers
|-damage|p1a: Corviknight|71/100 brn|[from] brn
|upkeep
|turn|55
|j| dragonknifeY
|
|t:|1619703100
|move|p2a: Tapu Lele|Moonblast|p1a: Corviknight
|-resisted|p1a: Corviknight
|-damage|p1a: Corviknight|52/100 brn
|move|p1a: Corviknight|Roost|p1a: Corviknight
|-heal|p1a: Corviknight|100/100 brn
|-singleturn|p1a: Corviknight|move: Roost
|
|-damage|p1a: Corviknight|94/100 brn|[from] brn
|upkeep
|turn|56
|l| dragonknifeY
|
|t:|1619703107
|move|p2a: Tapu Lele|Moonblast|p1a: Corviknight
|-resisted|p1a: Corviknight
|-damage|p1a: Corviknight|77/100 brn
|move|p1a: Corviknight|Brave Bird|p2a: Tapu Lele
|-damage|p2a: Tapu Lele|4/100
|-damage|p1a: Corviknight|71/100 brn|[from] Recoil
|
|-heal|p1a: Corviknight|77/100 brn|[from] item: Leftovers
|-damage|p1a: Corviknight|71/100 brn|[from] brn
|-fieldend|move: Psychic Terrain
|upkeep
|turn|57
|
|t:|1619703116
|move|p2a: Tapu Lele|Moonblast|p1a: Corviknight
|-resisted|p1a: Corviknight
|-crit|p1a: Corviknight
|-damage|p1a: Corviknight|45/100 brn
|-unboost|p1a: Corviknight|spa|1
|move|p1a: Corviknight|Roost|p1a: Corviknight
|-heal|p1a: Corviknight|95/100 brn
|-singleturn|p1a: Corviknight|move: Roost
|
|-heal|p1a: Corviknight|100/100 brn|[from] item: Leftovers
|-damage|p1a: Corviknight|94/100 brn|[from] brn
|upkeep
|turn|58
|l|☆perrine13
|inactive|perrine13 disconnected and has a minute to reconnect!
|player|p2|
|c| human misery|perrine click x please
|c| human misery|oh ok
|j|☆perrine13
|inactive|perrine13 reconnected and has 120 seconds left.
|player|p2|perrine13|acetrainerf
|
|t:|1619703159
|move|p2a: Tapu Lele|Moonblast|p1a: Corviknight
|-resisted|p1a: Corviknight
|-damage|p1a: Corviknight|76/100 brn
|move|p1a: Corviknight|Brave Bird|p2a: Tapu Lele
|-damage|p2a: Tapu Lele|0 fnt
|-damage|p1a: Corviknight|75/100 brn|[from] Recoil
|faint|p2a: Tapu Lele
|
|-heal|p1a: Corviknight|81/100 brn|[from] item: Leftovers
|-damage|p1a: Corviknight|75/100 brn|[from] brn
|upkeep
|l|☆perrine13
|inactive|perrine13 disconnected and has a minute to reconnect!
|player|p2|
|l| human misery
|inactive|perrine13 has 30 seconds to reconnect!
|inactive|perrine13 has 20 seconds to reconnect!
|j|☆perrine13
|inactive|perrine13 reconnected and has 55 seconds left.
|player|p2|perrine13|acetrainerf
|
|t:|1619703225
|switch|p2a: Landorus|Landorus-Therian, M, shiny|48/100 tox
|-damage|p2a: Landorus|36/100 tox|[from] Stealth Rock
|-ability|p2a: Landorus|Intimidate|boost
|-unboost|p1a: Corviknight|atk|1
|turn|59
|
|t:|1619703232
|switch|p1a: Tornadus|Tornadus-Therian, M|100/100
|move|p2a: Landorus|Knock Off|p1a: Tornadus
|-damage|p1a: Tornadus|78/100
|
|-damage|p2a: Landorus|30/100 tox|[from] psn
|upkeep
|turn|60
|inactive|perrine13 has 60 seconds left.
|
|t:|1619703239
|move|p1a: Tornadus|Taunt|p2a: Landorus
|-start|p2a: Landorus|move: Taunt
|move|p2a: Landorus|Knock Off|p1a: Tornadus
|-damage|p1a: Tornadus|58/100
|
|-damage|p2a: Landorus|18/100 tox|[from] psn
|upkeep
|turn|61
|j| skeb
|
|t:|1619703246
|move|p1a: Tornadus|Hurricane|p2a: Landorus|[miss]
|-miss|p1a: Tornadus|p2a: Landorus
|move|p2a: Landorus|Knock Off|p1a: Tornadus
|-damage|p1a: Tornadus|36/100
|
|-damage|p2a: Landorus|0 fnt|[from] psn
|faint|p2a: Landorus
|upkeep
|
|t:|1619703252
|switch|p2a: Corviknight|Corviknight, M, shiny|100/100
|-damage|p2a: Corviknight|88/100|[from] Stealth Rock
|-ability|p2a: Corviknight|Pressure
|turn|62
|
|t:|1619703257
|move|p1a: Tornadus|Taunt|p2a: Corviknight
|-start|p2a: Corviknight|move: Taunt
|move|p2a: Corviknight|Brave Bird|p1a: Tornadus
|-damage|p1a: Tornadus|0 fnt
|-damage|p2a: Corviknight|77/100|[from] Recoil
|faint|p1a: Tornadus
|
|-heal|p2a: Corviknight|83/100|[from] item: Leftovers
|upkeep
|
|t:|1619703262
|switch|p1a: Slowbro|Slowbro, M|76/100
|turn|63
|
|t:|1619703266
|move|p2a: Corviknight|U-turn|p1a: Slowbro
|-supereffective|p1a: Slowbro
|-damage|p1a: Slowbro|57/100
|move|p1a: Slowbro|Scald|p2a: Corviknight
|-damage|p2a: Corviknight|59/100
|
|-heal|p2a: Corviknight|65/100|[from] item: Leftovers
|upkeep
|turn|64
|
|t:|1619703272
|move|p2a: Corviknight|Brave Bird|p1a: Slowbro
|-damage|p1a: Slowbro|36/100
|-damage|p2a: Corviknight|58/100|[from] Recoil
|move|p1a: Slowbro|Slack Off|p1a: Slowbro
|-heal|p1a: Slowbro|86/100
|
|-heal|p2a: Corviknight|65/100|[from] item: Leftovers
|-end|p2a: Corviknight|move: Taunt
|upkeep
|turn|65
|
|t:|1619703279
|move|p2a: Corviknight|Brave Bird|p1a: Slowbro
|-damage|p1a: Slowbro|64/100
|-damage|p2a: Corviknight|58/100|[from] Recoil
|move|p1a: Slowbro|Scald|p2a: Corviknight
|-damage|p2a: Corviknight|34/100
|
|-heal|p2a: Corviknight|40/100|[from] item: Leftovers
|upkeep
|turn|66
|
|t:|1619703282
|move|p2a: Corviknight|Brave Bird|p1a: Slowbro
|-damage|p1a: Slowbro|43/100
|-damage|p2a: Corviknight|33/100|[from] Recoil
|move|p1a: Slowbro|Scald|p2a: Corviknight
|-damage|p2a: Corviknight|10/100
|
|-heal|p2a: Corviknight|16/100|[from] item: Leftovers
|upkeep
|turn|67
|
|t:|1619703287
|move|p2a: Corviknight|Brave Bird|p1a: Slowbro
|-damage|p1a: Slowbro|19/100
|-damage|p2a: Corviknight|8/100|[from] Recoil
|move|p1a: Slowbro|Scald|p2a: Corviknight
|-damage|p2a: Corviknight|0 fnt
|faint|p2a: Corviknight
|
|win|Stellar Flares
|n|☆Stellar Flares|stellarflares
|n| femboy fox|femboyfox
|n| random coinflip|randomcoinflip
|n| quagsireperson|quagsireperson
|n| cfor_cobo|cforcobo
|n| mikoto coinflip|mikotocoinflip
|n|☆perrine13|perrine13
|n| skeb|skeb
|l| femboy fox
|l|☆Stellar Flares
|l| quagsireperson
