|raw|<div class="broadcast-blue"><strong>This battle is required to be public due to a player having a name starting with 'lt92pf'.</div>
|j|☆LT92PF Fakyewww
|j|☆rheysali
|t:|1660143965
|gametype|singles
|player|p1|LT92PF Fakyewww|169|1706
|player|p2|rheysali|bugcatcher-gen4dp|1941
|teamsize|p1|6
|teamsize|p2|6
|gen|8
|tier|[Gen 8] OU
|rated|
|rule|Sleep Clause Mod: Limit one foe put to sleep
|rule|Species Clause: Limit one of each Pokémon
|rule|OHKO Clause: OHKO moves are banned
|rule|Evasion Items Clause: Evasion items are banned
|rule|Evasion Moves Clause: Evasion moves are banned
|rule|Endless Battle Clause: Forcing endless battles is banned
|rule|HP Percentage Mod: HP is shown in percentages
|rule|Dynamax Clause: You cannot dynamax
|clearpoke
|poke|p1|Weavile, M|
|poke|p1|Tapu Lele|
|poke|p1|Hawlucha, M|
|poke|p1|Ferrothorn, F|
|poke|p1|Rotom-Heat|
|poke|p1|Tornadus-Therian, M|
|poke|p2|Weavile, M|
|poke|p2|Tornadus-Therian, M|
|poke|p2|Zapdos|
|poke|p2|Heatran, F|
|poke|p2|Gastrodon, M|
|poke|p2|Clefable, M|
|teampreview
|inactive|Battle timer is ON: inactive players will automatically lose when time's up. (requested by rheysali)
|
|t:|1660143976
|start
|switch|p1a: Weavile|Weavile, M|100/100
|switch|p2a: Tornadus|Tornadus-Therian, M|100/100
|-ability|p1a: Weavile|Pressure
|turn|1
|
|t:|1660143985
|move|p1a: Weavile|Knock Off|p2a: Tornadus
|-damage|p2a: Tornadus|12/100
|-enditem|p2a: Tornadus|Heavy-Duty Boots|[from] move: Knock Off|[of] p1a: Weavile
|move|p2a: Tornadus|U-turn|p1a: Weavile
|-supereffective|p1a: Weavile
|-damage|p1a: Weavile|51/100
|
|t:|1660144013
|switch|p2a: Clefable|Clefable, M|100/100|[from]move: U-turn
|
|upkeep
|turn|2
|
|t:|1660144018
|switch|p1a: Tornadus|Tornadus-Therian, M|100/100
|move|p2a: Clefable|Knock Off|p1a: Tornadus
|-damage|p1a: Tornadus|86/100
|-enditem|p1a: Tornadus|Heavy-Duty Boots|[from] move: Knock Off|[of] p2a: Clefable
|
|upkeep
|turn|3
|
|t:|1660144023
|move|p1a: Tornadus|Knock Off|p2a: Clefable
|-resisted|p2a: Clefable
|-damage|p2a: Clefable|92/100
|-damage|p1a: Tornadus|69/100|[from] item: Rocky Helmet|[of] p2a: Clefable
|-enditem|p2a: Clefable|Rocky Helmet|[from] move: Knock Off|[of] p1a: Tornadus
|move|p2a: Clefable|Thunder Wave|p1a: Tornadus
|-status|p1a: Tornadus|par
|
|upkeep
|turn|4
|
|t:|1660144034
|move|p1a: Tornadus|U-turn|p2a: Clefable
|-resisted|p2a: Clefable
|-damage|p2a: Clefable|87/100
|
|t:|1660144036
|switch|p1a: Ferrothorn|Ferrothorn, F|100/100|[from]move: U-turn
|move|p2a: Clefable|Knock Off|p1a: Ferrothorn
|-damage|p1a: Ferrothorn|92/100
|-activate|p1a: Ferrothorn|ability: Iron Barbs
|-enditem|p1a: Ferrothorn|Rocky Helmet|[from] move: Knock Off|[of] p2a: Clefable
|
|upkeep
|turn|5
|
|t:|1660144043
|switch|p2a: Heatran|Heatran, F|100/100
|move|p1a: Ferrothorn|Stealth Rock|p2a: Heatran
|-sidestart|p2: rheysali|move: Stealth Rock
|
|upkeep
|turn|6
|
|t:|1660144053
|switch|p1a: Rotom|Rotom-Heat|100/100
|move|p2a: Heatran|Stealth Rock|p1a: Rotom
|-sidestart|p1: LT92PF Fakyewww|move: Stealth Rock
|
|upkeep
|turn|7
|j| lt92pf mj
|
|t:|1660144058
|switch|p2a: Gastrodon|Gastrodon, M|100/100
|-damage|p2a: Gastrodon|94/100|[from] Stealth Rock
|move|p1a: Rotom|Nasty Plot|p1a: Rotom
|-boost|p1a: Rotom|spa|2
|
|-heal|p2a: Gastrodon|100/100|[from] item: Leftovers
|upkeep
|turn|8
|
|t:|1660144068
|switch|p1a: Ferrothorn|Ferrothorn, F|92/100
|-damage|p1a: Ferrothorn|86/100|[from] Stealth Rock
|move|p2a: Gastrodon|Scald|p1a: Ferrothorn
|-resisted|p1a: Ferrothorn
|-damage|p1a: Ferrothorn|75/100
|
|upkeep
|turn|9
|
|t:|1660144075
|switch|p2a: Clefable|Clefable, M|87/100
|move|p1a: Ferrothorn|Body Press|p2a: Clefable
|-resisted|p2a: Clefable
|-damage|p2a: Clefable|76/100
|
|upkeep
|turn|10
|
|t:|1660144088
|switch|p1a: Tornadus|Tornadus-Therian, M|100/100 par
|-damage|p1a: Tornadus|76/100 par|[from] Stealth Rock
|move|p2a: Clefable|Knock Off|p1a: Tornadus
|-damage|p1a: Tornadus|66/100 par
|
|upkeep
|turn|11
|
|t:|1660144094
|move|p1a: Tornadus|U-turn|p2a: Clefable
|-resisted|p2a: Clefable
|-damage|p2a: Clefable|71/100
|
|t:|1660144098
|switch|p1a: Rotom|Rotom-Heat|100/100|[from]move: U-turn
|move|p2a: Clefable|Soft-Boiled|p2a: Clefable
|-heal|p2a: Clefable|100/100
|
|upkeep
|turn|12
|
|t:|1660144104
|move|p1a: Rotom|Discharge|p2a: Clefable
|-damage|p2a: Clefable|71/100
|move|p2a: Clefable|Knock Off|p1a: Rotom
|-damage|p1a: Rotom|84/100
|-enditem|p1a: Rotom|Heavy-Duty Boots|[from] move: Knock Off|[of] p2a: Clefable
|
|upkeep
|turn|13
|
|t:|1660144110
|move|p1a: Rotom|Discharge|p2a: Clefable
|-damage|p2a: Clefable|42/100
|move|p2a: Clefable|Soft-Boiled|p2a: Clefable
|-heal|p2a: Clefable|92/100
|
|upkeep
|turn|14
|
|t:|1660144116
|switch|p1a: Weavile|Weavile, M|51/100
|-damage|p1a: Weavile|26/100|[from] Stealth Rock
|-ability|p1a: Weavile|Pressure
|switch|p2a: Gastrodon|Gastrodon, M|100/100
|-damage|p2a: Gastrodon|94/100|[from] Stealth Rock
|
|-heal|p2a: Gastrodon|100/100|[from] item: Leftovers
|upkeep
|turn|15
|
|t:|1660144137
|switch|p2a: Tornadus|Tornadus-Therian, M|46/100
|-damage|p2a: Tornadus|21/100|[from] Stealth Rock
|move|p1a: Weavile|Triple Axel|p2a: Tornadus
|-supereffective|p2a: Tornadus
|-damage|p2a: Tornadus|0 fnt
|faint|p2a: Tornadus
|-hitcount|p2: Tornadus|1
|
|upkeep
|inactive|rheysali has 120 seconds left.
|
|t:|1660144153
|switch|p2a: Weavile|Weavile, M|100/100
|-ability|p2a: Weavile|Pressure
|turn|16
|
|t:|1660144156
|switch|p1a: Ferrothorn|Ferrothorn, F|75/100
|-damage|p1a: Ferrothorn|69/100|[from] Stealth Rock
|move|p2a: Weavile|Knock Off|p1a: Ferrothorn
|-damage|p1a: Ferrothorn|49/100
|-damage|p2a: Weavile|88/100|[from] ability: Iron Barbs|[of] p1a: Ferrothorn
|
|upkeep
|turn|17
|
|t:|1660144166
|switch|p2a: Clefable|Clefable, M|92/100
|switch|p1a: Tornadus|Tornadus-Therian, M|99/100 par
|-damage|p1a: Tornadus|74/100 par|[from] Stealth Rock
|
|upkeep
|turn|18
|
|t:|1660144172
|move|p1a: Tornadus|Defog|p2a: Clefable
|-unboost|p2a: Clefable|evasion|1
|-sideend|p2: rheysali|Stealth Rock|[from] move: Defog|[of] p1a: Tornadus
|-sideend|p1: LT92PF Fakyewww|Stealth Rock|[from] move: Defog|[of] p1a: Tornadus
|move|p2a: Clefable|Soft-Boiled|p2a: Clefable
|-heal|p2a: Clefable|100/100
|
|upkeep
|turn|19
|
|t:|1660144180
|move|p1a: Tornadus|Hurricane|p2a: Clefable
|-damage|p2a: Clefable|64/100
|-start|p2a: Clefable|confusion
|-activate|p2a: Clefable|confusion
|move|p2a: Clefable|Moonblast|p1a: Tornadus
|-damage|p1a: Tornadus|43/100 par
|
|upkeep
|turn|20
|
|t:|1660144187
|move|p1a: Tornadus|U-turn|p2a: Clefable
|-resisted|p2a: Clefable
|-damage|p2a: Clefable|59/100
|
|t:|1660144192
|switch|p1a: Tapu Lele|Tapu Lele|100/100|[from]move: U-turn
|-fieldstart|move: Psychic Terrain|[from] ability: Psychic Surge|[of] p1a: Tapu Lele
|-end|p2a: Clefable|confusion
|move|p2a: Clefable|Soft-Boiled|p2a: Clefable
|-heal|p2a: Clefable|100/100
|
|upkeep
|turn|21
|
|t:|1660144200
|switch|p2a: Heatran|Heatran, F|100/100
|move|p1a: Tapu Lele|Psychic|p2a: Heatran
|-resisted|p2a: Heatran
|-damage|p2a: Heatran|65/100
|-unboost|p2a: Heatran|spd|1
|
|-heal|p2a: Heatran|71/100|[from] item: Leftovers
|upkeep
|turn|22
|
|t:|1660144208
|move|p1a: Tapu Lele|Psychic|p2a: Heatran
|-resisted|p2a: Heatran
|-damage|p2a: Heatran|24/100
|move|p2a: Heatran|Stealth Rock|p1a: Tapu Lele
|-sidestart|p1: LT92PF Fakyewww|move: Stealth Rock
|
|-heal|p2a: Heatran|30/100|[from] item: Leftovers
|upkeep
|turn|23
|
|t:|1660144223
|move|p1a: Tapu Lele|Psychic|p2a: Heatran
|-resisted|p2a: Heatran
|-crit|p2a: Heatran
|-damage|p2a: Heatran|0 fnt
|faint|p2a: Heatran
|
|upkeep
|
|t:|1660144226
|switch|p2a: Weavile|Weavile, M|88/100
|-ability|p2a: Weavile|Pressure
|turn|24
|
|t:|1660144232
|switch|p1a: Ferrothorn|Ferrothorn, F|49/100
|-damage|p1a: Ferrothorn|43/100|[from] Stealth Rock
|move|p2a: Weavile|Swords Dance|p2a: Weavile
|-boost|p2a: Weavile|atk|2
|
|-fieldend|move: Psychic Terrain
|upkeep
|turn|25
|
|t:|1660144240
|move|p2a: Weavile|Triple Axel|p1a: Ferrothorn
|-damage|p1a: Ferrothorn|31/100
|-damage|p2a: Weavile|76/100|[from] ability: Iron Barbs|[of] p1a: Ferrothorn
|-damage|p1a: Ferrothorn|5/100
|-damage|p2a: Weavile|63/100|[from] ability: Iron Barbs|[of] p1a: Ferrothorn
|-damage|p1a: Ferrothorn|0 fnt
|-damage|p2a: Weavile|51/100|[from] ability: Iron Barbs|[of] p1a: Ferrothorn
|faint|p1a: Ferrothorn
|-hitcount|p1: Ferrothorn|3
|
|upkeep
|
|t:|1660144255
|switch|p1a: Tapu Lele|Tapu Lele|100/100
|-damage|p1a: Tapu Lele|88/100|[from] Stealth Rock
|-fieldstart|move: Psychic Terrain|[from] ability: Psychic Surge|[of] p1a: Tapu Lele
|turn|26
|
|t:|1660144260
|switch|p1a: Rotom|Rotom-Heat|84/100
|-damage|p1a: Rotom|59/100|[from] Stealth Rock
|move|p2a: Weavile|Knock Off|p1a: Rotom
|-damage|p1a: Rotom|0 fnt
|faint|p1a: Rotom
|
|upkeep
|
|t:|1660144267
|switch|p1a: Weavile|Weavile, M|26/100
|-damage|p1a: Weavile|1/100|[from] Stealth Rock
|-ability|p1a: Weavile|Pressure
|turn|27
|j| ArSeN18=
|
|t:|1660144279
|switch|p2a: Gastrodon|Gastrodon, M|100/100
|move|p1a: Weavile|Triple Axel|p2a: Gastrodon
|-damage|p2a: Gastrodon|85/100
|-hitcount|p2a: Gastrodon|1
|
|-heal|p2a: Gastrodon|91/100|[from] item: Leftovers
|upkeep
|turn|28
|
|t:|1660144289
|switch|p1a: Tornadus|Tornadus-Therian, M|76/100 par
|-damage|p1a: Tornadus|51/100 par|[from] Stealth Rock
|move|p2a: Gastrodon|Scald|p1a: Tornadus
|-damage|p1a: Tornadus|23/100 par
|
|-heal|p2a: Gastrodon|97/100|[from] item: Leftovers
|upkeep
|turn|29
|
|t:|1660144297
|move|p1a: Tornadus|Defog|p2a: Gastrodon
|-unboost|p2a: Gastrodon|evasion|1
|-sideend|p1: LT92PF Fakyewww|Stealth Rock|[from] move: Defog|[of] p1a: Tornadus
|-fieldend|move: Psychic Terrain
|move|p2a: Gastrodon|Scald|p1a: Tornadus
|-damage|p1a: Tornadus|0 fnt
|faint|p1a: Tornadus
|
|-heal|p2a: Gastrodon|100/100|[from] item: Leftovers
|upkeep
|
|t:|1660144309
|switch|p1a: Tapu Lele|Tapu Lele|88/100
|-fieldstart|move: Psychic Terrain|[from] ability: Psychic Surge|[of] p1a: Tapu Lele
|turn|30
|
|t:|1660144314
|move|p1a: Tapu Lele|Moonblast|p2a: Gastrodon
|-damage|p2a: Gastrodon|44/100
|-unboost|p2a: Gastrodon|spa|1
|move|p2a: Gastrodon|Toxic|p1a: Tapu Lele
|-status|p1a: Tapu Lele|tox
|
|-heal|p2a: Gastrodon|50/100|[from] item: Leftovers
|-damage|p1a: Tapu Lele|82/100 tox|[from] psn
|upkeep
|turn|31
|
|t:|1660144325
|move|p1a: Tapu Lele|Moonblast|p2a: Gastrodon
|-damage|p2a: Gastrodon|0 fnt
|faint|p2a: Gastrodon
|
|-damage|p1a: Tapu Lele|70/100 tox|[from] psn
|upkeep
|j| LT92PFMimikyuStarD
|l| LT92PFMimikyuStarD
|
|t:|1660144332
|switch|p2a: Weavile|Weavile, M|51/100
|-ability|p2a: Weavile|Pressure
|turn|32
|
|t:|1660144341
|move|p2a: Weavile|Triple Axel|p1a: Tapu Lele
|-damage|p1a: Tapu Lele|52/100 tox
|-damage|p1a: Tapu Lele|17/100 tox
|-damage|p1a: Tapu Lele|0 fnt
|faint|p1a: Tapu Lele
|-hitcount|p1: Tapu Lele|3
|
|upkeep
|
|t:|1660144351
|switch|p1a: Weavile|Weavile, M|1/100
|-ability|p1a: Weavile|Pressure
|turn|33
|
|t:|1660144369
|move|p1a: Weavile|Triple Axel|p2a: Weavile
|-resisted|p2a: Weavile
|-damage|p2a: Weavile|38/100
|-resisted|p2a: Weavile
|-damage|p2a: Weavile|14/100
|-resisted|p2a: Weavile
|-damage|p2a: Weavile|0 fnt
|faint|p2a: Weavile
|-hitcount|p2: Weavile|3
|
|upkeep
|
|t:|1660144374
|switch|p2a: Clefable|Clefable, M|100/100
|turn|34
|
|t:|1660144379
|switch|p1a: Hawlucha|Hawlucha, M|100/100
|-enditem|p1a: Hawlucha|Psychic Seed
|-boost|p1a: Hawlucha|spd|1|[from] item: Psychic Seed
|move|p2a: Clefable|Moonblast|p1a: Hawlucha
|-supereffective|p1a: Hawlucha
|-damage|p1a: Hawlucha|45/100
|
|-fieldend|move: Psychic Terrain
|upkeep
|turn|35
|
|t:|1660144392
|switch|p2a: Zapdos|Zapdos|100/100
|-ability|p2a: Zapdos|Pressure
|move|p1a: Hawlucha|Acrobatics|p2a: Zapdos
|-resisted|p2a: Zapdos
|-damage|p2a: Zapdos|76/100
|
|upkeep
|turn|36
|
|t:|1660144402
|move|p1a: Hawlucha|Swords Dance|p1a: Hawlucha
|-boost|p1a: Hawlucha|atk|2
|move|p2a: Zapdos|Thunderbolt|p1a: Hawlucha
|-supereffective|p1a: Hawlucha
|-damage|p1a: Hawlucha|0 fnt
|faint|p1a: Hawlucha
|
|upkeep
|
|t:|1660144407
|switch|p1a: Weavile|Weavile, M|1/100
|-ability|p1a: Weavile|Pressure
|turn|37
|
|t:|1660144412
|move|p1a: Weavile|Triple Axel|p2a: Zapdos
|-supereffective|p2a: Zapdos
|-crit|p2a: Zapdos
|-damage|p2a: Zapdos|29/100
|-supereffective|p2a: Zapdos
|-damage|p2a: Zapdos|0 fnt
|faint|p2a: Zapdos
|-hitcount|p2: Zapdos|2
|
|upkeep
|
|t:|1660144414
|switch|p2a: Clefable|Clefable, M|100/100
|turn|38
|
|t:|1660144420
|move|p1a: Weavile|Triple Axel|p2a: Clefable
|-damage|p2a: Clefable|90/100
|-damage|p2a: Clefable|68/100
|-damage|p2a: Clefable|32/100
|-hitcount|p2a: Clefable|3
|move|p2a: Clefable|Moonblast|p1a: Weavile
|-supereffective|p1a: Weavile
|-damage|p1a: Weavile|0 fnt
|faint|p1a: Weavile
|
|win|rheysali
|raw|LT92PF Fakyewww's rating: 1706 &rarr; <strong>1698</strong><br />(-8 for losing)
|raw|rheysali's rating: 1941 &rarr; <strong>1949</strong><br />(+8 for winning)
|l|☆LT92PF Fakyewww
|l|☆rheysali
|l| lt92pf mj
||Ladder isn't responding, score probably updated but might not have (Request timeout).
|l| ArSeN18=
|j| yop on the flux
