|html|<div class="broadcast-blue"><strong>[Gen 8] OU is currently suspecting Kyurem! For information on how to participate check out the <a href="https://www.smogon.com/forums/threads/np-ss-ou-suspect-process-round-11-break-the-ice.3694129/">suspect thread</a>.</strong></div>
|j|☆VirginJimmy99
|j|☆K2O
|inactive|Battle timer is ON: inactive players will automatically lose when time's up.
|t:|1638758938
|gametype|singles
|player|p1|VirginJimmy99|rocketgrunt|
|player|p2|K2O|firebreather|
|teamsize|p1|6
|teamsize|p2|6
|gen|8
|tier|[Gen 8] OU
|rated|Tournament battle
|rule|Sleep Clause Mod: Limit one foe put to sleep
|rule|Species Clause: Limit one of each Pokémon
|rule|OHKO Clause: OHKO moves are banned
|rule|Evasion Moves Clause: Evasion moves are banned
|rule|Endless Battle Clause: Forcing endless battles is banned
|rule|HP Percentage Mod: HP is shown in percentages
|rule|Dynamax Clause: You cannot dynamax
|clearpoke
|poke|p1|Steelix, F|
|poke|p1|Espeon, F|
|poke|p1|Moltres-Galar|
|poke|p1|Rillaboom, F|
|poke|p1|Slowbro-Galar, F|
|poke|p1|Cobalion|
|poke|p2|Bisharp, F|
|poke|p2|Dragapult, M|
|poke|p2|Rillaboom, M|
|poke|p2|Garchomp, M|
|poke|p2|Mamoswine, M|
|poke|p2|Skarmory, M|
|teampreview
|inactive|K2O also wants the timer to be on.
|j| zeno420
|inactive|VirginJimmy99 has 120 seconds left.
|
|t:|1638758971
|start
|switch|p1a: Espeon|Espeon, F|100/100
|switch|p2a: dababy pen!s|Skarmory, M|100/100
|turn|1
|inactive|K2O has 120 seconds left.
|inactive|K2O has 90 seconds left.
|inactive|K2O has 60 seconds left.
|
|t:|1638759085
|switch|p1a: Steelix|Steelix, F|100/100
|move|p2a: dababy pen!s|Brave Bird|p1a: Steelix
|-resisted|p1a: Steelix
|-damage|p1a: Steelix|85/100
|-damage|p2a: dababy pen!s|95/100|[from] Recoil
|
|upkeep
|turn|2
|
|t:|1638759090
|switch|p1a: Espeon|Espeon, F|100/100
|move|p2a: dababy pen!s|Stealth Rock|p1a: Espeon
|move|p1a: Espeon|Stealth Rock|p2a: dababy pen!s|[from]ability: Magic Bounce
|-sidestart|p2: K2O|move: Stealth Rock
|
|upkeep
|turn|3
|
|t:|1638759093
|move|p1a: Espeon|Reflect|p1a: Espeon
|-sidestart|p1: VirginJimmy99|Reflect
|move|p2a: dababy pen!s|Brave Bird|p1a: Espeon
|-damage|p1a: Espeon|64/100
|-damage|p2a: dababy pen!s|80/100|[from] Recoil
|
|upkeep
|turn|4
|c|☆K2O|wait
|inactive|K2O has 60 seconds left.
|c|☆K2O|u arent a ladder chump
|c|☆K2O|fuck
|
|t:|1638759109
|move|p1a: Espeon|Light Screen|p1a: Espeon
|-sidestart|p1: VirginJimmy99|move: Light Screen
|move|p2a: dababy pen!s|Brave Bird|p1a: Espeon
|-damage|p1a: Espeon|30/100
|-damage|p2a: dababy pen!s|66/100|[from] Recoil
|
|upkeep
|turn|5
|inactive|K2O has 60 seconds left.
|
|t:|1638759121
|switch|p1a: Moltres|Moltres-Galar|100/100
|move|p2a: dababy pen!s|Brave Bird|p1a: Moltres
|-damage|p1a: Moltres|75/100
|-damage|p2a: dababy pen!s|56/100|[from] Recoil
|
|upkeep
|turn|6
|
|t:|1638759123
|move|p1a: Moltres|Fiery Wrath|p2a: dababy pen!s
|-damage|p2a: dababy pen!s|0 fnt
|faint|p2a: dababy pen!s
|
|upkeep
|inactive|K2O has 60 seconds left.
|
|t:|1638759143
|switch|p2a: 4chusrtrynot2brcst|Mamoswine, M|100/100
|-damage|p2a: 4chusrtrynot2brcst|88/100|[from] Stealth Rock
|turn|7
|
|t:|1638759148
|move|p1a: Moltres|Hurricane|p2a: 4chusrtrynot2brcst|[miss]
|-miss|p1a: Moltres|p2a: 4chusrtrynot2brcst
|move|p2a: 4chusrtrynot2brcst|Icicle Crash|p1a: Moltres
|-supereffective|p1a: Moltres
|-damage|p1a: Moltres|7/100
|-enditem|p1a: Moltres|Weakness Policy
|-boost|p1a: Moltres|atk|2|[from] item: Weakness Policy
|-boost|p1a: Moltres|spa|2|[from] item: Weakness Policy
|-ability|p1a: Moltres|Berserk|boost
|-boost|p1a: Moltres|spa|1
|-damage|p2a: 4chusrtrynot2brcst|78/100|[from] item: Life Orb
|
|upkeep
|turn|8
|l| zeno420
|inactive|K2O has 60 seconds left.
|
|t:|1638759178
|move|p2a: 4chusrtrynot2brcst|Ice Shard|p1a: Moltres
|-supereffective|p1a: Moltres
|-damage|p1a: Moltres|0 fnt
|faint|p1a: Moltres
|-damage|p2a: 4chusrtrynot2brcst|68/100|[from] item: Life Orb
|
|upkeep
|
|t:|1638759189
|switch|p1a: Rillaboom|Rillaboom, F|100/100
|-fieldstart|move: Grassy Terrain|[from] ability: Grassy Surge|[of] p1a: Rillaboom
|turn|9
|
|t:|1638759199
|switch|p2a: BLACKTAR|Bisharp, F, shiny|100/100
|-damage|p2a: BLACKTAR|95/100|[from] Stealth Rock
|move|p1a: Rillaboom|Swords Dance|p1a: Rillaboom
|-boost|p1a: Rillaboom|atk|2
|
|-heal|p2a: BLACKTAR|100/100|[from] Grassy Terrain
|upkeep
|turn|10
|
|t:|1638759208
|move|p1a: Rillaboom|Swords Dance|p1a: Rillaboom
|-boost|p1a: Rillaboom|atk|2
|move|p2a: BLACKTAR|Knock Off|p1a: Rillaboom
|-damage|p1a: Rillaboom|61/100
|-enditem|p1a: Rillaboom|Life Orb|[from] move: Knock Off|[of] p2a: BLACKTAR
|-damage|p2a: BLACKTAR|91/100|[from] item: Life Orb
|
|-heal|p1a: Rillaboom|68/100|[from] Grassy Terrain
|-heal|p2a: BLACKTAR|96/100|[from] Grassy Terrain
|-sideend|p1: VirginJimmy99|Reflect
|upkeep
|turn|11
|
|t:|1638759217
|switch|p2a: 4chusrtrynot2brcst|Mamoswine, M|68/100
|-damage|p2a: 4chusrtrynot2brcst|56/100|[from] Stealth Rock
|move|p1a: Rillaboom|Superpower|p2a: 4chusrtrynot2brcst
|-supereffective|p2a: 4chusrtrynot2brcst
|-damage|p2a: 4chusrtrynot2brcst|0 fnt
|-unboost|p1a: Rillaboom|atk|1
|-unboost|p1a: Rillaboom|def|1
|faint|p2a: 4chusrtrynot2brcst
|
|-heal|p1a: Rillaboom|74/100|[from] Grassy Terrain
|-sideend|p1: VirginJimmy99|move: Light Screen
|upkeep
|
|t:|1638759220
|switch|p2a: BLACKTAR|Bisharp, F, shiny|96/100
|-damage|p2a: BLACKTAR|91/100|[from] Stealth Rock
|turn|12
|
|t:|1638759225
|switch|p1a: Cobalion|Cobalion|100/100
|move|p2a: BLACKTAR|Sucker Punch||[still]
|-fail|p2a: BLACKTAR
|
|-heal|p2a: BLACKTAR|96/100|[from] Grassy Terrain
|upkeep
|turn|13
|
|t:|1638759233
|switch|p2a: SUN BLEACHED|Garchomp, M, shiny|100/100
|-damage|p2a: SUN BLEACHED|94/100|[from] Stealth Rock
|move|p1a: Cobalion|Iron Head|p2a: SUN BLEACHED
|-damage|p2a: SUN BLEACHED|50/100
|-damage|p1a: Cobalion|88/100|[from] ability: Rough Skin|[of] p2a: SUN BLEACHED
|-damage|p1a: Cobalion|78/100|[from] item: Life Orb
|
|-heal|p1a: Cobalion|84/100|[from] Grassy Terrain
|-heal|p2a: SUN BLEACHED|57/100|[from] Grassy Terrain
|-fieldend|move: Grassy Terrain
|upkeep
|turn|14
|
|t:|1638759238
|move|p1a: Cobalion|Close Combat|p2a: SUN BLEACHED
|-damage|p2a: SUN BLEACHED|0 fnt
|-unboost|p1a: Cobalion|def|1
|-unboost|p1a: Cobalion|spd|1
|-damage|p1a: Cobalion|72/100|[from] ability: Rough Skin|[of] p2a: SUN BLEACHED
|faint|p2a: SUN BLEACHED
|-damage|p1a: Cobalion|62/100|[from] item: Life Orb
|
|upkeep
|
|t:|1638759243
|switch|p2a: dababy|Dragapult, M, shiny|100/100
|-damage|p2a: dababy|88/100|[from] Stealth Rock
|turn|15
|
|t:|1638759247
|switch|p1a: Slowbro|Slowbro-Galar, F|100/100
|move|p2a: dababy|Phantom Force||[still]
|-prepare|p2a: dababy|Phantom Force
|
|upkeep
|turn|16
|-activate|p1a: Slowbro|ability: Quick Draw
|
|t:|1638759250
|move|p1a: Slowbro|Psychic|p2a: dababy|[miss]
|-miss|p1a: Slowbro|p2a: dababy
|move|p2a: dababy|Phantom Force|p1a: Slowbro|[from]lockedmove
|-supereffective|p1a: Slowbro
|-damage|p1a: Slowbro|0 fnt
|faint|p1a: Slowbro
|-damage|p2a: dababy|78/100|[from] item: Life Orb
|
|upkeep
|
|t:|1638759256
|switch|p1a: Steelix|Steelix, F|85/100
|turn|17
|
|t:|1638759259
|switch|p2a: BLACKTAR|Bisharp, F, shiny|96/100
|-damage|p2a: BLACKTAR|91/100|[from] Stealth Rock
|move|p1a: Steelix|Iron Tail|p2a: BLACKTAR
|-resisted|p2a: BLACKTAR
|-damage|p2a: BLACKTAR|46/100
|
|upkeep
|turn|18
|
|t:|1638759265
|switch|p1a: Espeon|Espeon, F|30/100
|move|p2a: BLACKTAR|Knock Off|p1a: Espeon
|-supereffective|p1a: Espeon
|-damage|p1a: Espeon|0 fnt
|-enditem|p1a: Espeon|Light Clay|[from] move: Knock Off|[of] p2a: BLACKTAR
|faint|p1a: Espeon
|-damage|p2a: BLACKTAR|36/100|[from] item: Life Orb
|
|upkeep
|
|t:|1638759275
|switch|p1a: Rillaboom|Rillaboom, F|74/100
|-fieldstart|move: Grassy Terrain|[from] ability: Grassy Surge|[of] p1a: Rillaboom
|turn|19
|
|t:|1638759277
|move|p1a: Rillaboom|Grassy Glide|p2a: BLACKTAR
|-resisted|p2a: BLACKTAR
|-crit|p2a: BLACKTAR
|-damage|p2a: BLACKTAR|0 fnt
|faint|p2a: BLACKTAR
|
|-heal|p1a: Rillaboom|80/100|[from] Grassy Terrain
|upkeep
|
|t:|1638759281
|switch|p2a: unfunny rilla name|Rillaboom, M, shiny|100/100
|-damage|p2a: unfunny rilla name|88/100|[from] Stealth Rock
|turn|20
|
|t:|1638759285
|move|p2a: unfunny rilla name|Swords Dance|p2a: unfunny rilla name
|-boost|p2a: unfunny rilla name|atk|2
|move|p1a: Rillaboom|Knock Off|p2a: unfunny rilla name
|-damage|p2a: unfunny rilla name|46/100
|-enditem|p2a: unfunny rilla name|Life Orb|[from] move: Knock Off|[of] p1a: Rillaboom
|
|-heal|p2a: unfunny rilla name|52/100|[from] Grassy Terrain
|-heal|p1a: Rillaboom|86/100|[from] Grassy Terrain
|upkeep
|turn|21
|
|t:|1638759291
|move|p1a: Rillaboom|Superpower|p2a: unfunny rilla name
|-damage|p2a: unfunny rilla name|2/100
|-unboost|p1a: Rillaboom|atk|1
|-unboost|p1a: Rillaboom|def|1
|move|p2a: unfunny rilla name|Superpower|p1a: Rillaboom
|-damage|p1a: Rillaboom|0 fnt
|-unboost|p2a: unfunny rilla name|atk|1
|-unboost|p2a: unfunny rilla name|def|1
|faint|p1a: Rillaboom
|
|-heal|p2a: unfunny rilla name|8/100|[from] Grassy Terrain
|upkeep
|
|t:|1638759294
|switch|p1a: Cobalion|Cobalion|62/100
|turn|22
|
|t:|1638759299
|move|p1a: Cobalion|Iron Head|p2a: unfunny rilla name
|-damage|p2a: unfunny rilla name|0 fnt
|faint|p2a: unfunny rilla name
|-damage|p1a: Cobalion|52/100|[from] item: Life Orb
|
|-heal|p1a: Cobalion|58/100|[from] Grassy Terrain
|upkeep
|
|t:|1638759300
|switch|p2a: dababy|Dragapult, M, shiny|78/100
|-damage|p2a: dababy|66/100|[from] Stealth Rock
|turn|23
|
|t:|1638759302
|move|p2a: dababy|Dragon Dance|p2a: dababy
|-boost|p2a: dababy|atk|1
|-boost|p2a: dababy|spe|1
|move|p1a: Cobalion|Iron Head|p2a: dababy
|-damage|p2a: dababy|5/100
|-damage|p1a: Cobalion|48/100|[from] item: Life Orb
|
|-heal|p2a: dababy|11/100|[from] Grassy Terrain
|-heal|p1a: Cobalion|55/100|[from] Grassy Terrain
|-fieldend|move: Grassy Terrain
|upkeep
|turn|24
|
|t:|1638759305
|move|p2a: dababy|Phantom Force||[still]
|-prepare|p2a: dababy|Phantom Force
|move|p1a: Cobalion|Iron Head|p2a: dababy|[miss]
|-miss|p1a: Cobalion|p2a: dababy
|
|upkeep
|turn|25
|
|t:|1638759307
|move|p2a: dababy|Phantom Force|p1a: Cobalion|[from]lockedmove
|-damage|p1a: Cobalion|0 fnt
|faint|p1a: Cobalion
|-damage|p2a: dababy|1/100|[from] item: Life Orb
|
|upkeep
|
|t:|1638759309
|switch|p1a: Steelix|Steelix, F|85/100
|turn|26
|
|t:|1638759313
|move|p2a: dababy|Phantom Force||[still]
|-prepare|p2a: dababy|Phantom Force
|move|p1a: Steelix|Fire Fang|p2a: dababy|[miss]
|-miss|p1a: Steelix|p2a: dababy
|
|upkeep
|turn|27
|
|t:|1638759315
|move|p2a: dababy|Phantom Force|p1a: Steelix|[from]lockedmove
|-damage|p1a: Steelix|27/100
|-damage|p2a: dababy|0 fnt|[from] item: Life Orb
|faint|p2a: dababy
|
|win|VirginJimmy99
|n|☆VirginJimmy99|virginjimmy99
|n|☆K2O|k2o
|c|☆VirginJimmy99|gg
|l|☆K2O
