|j|☆the real assdude
|j|☆Rorschach I
|player|p1|the real assdude|shadowtriad|1826
|player|p2|Rorschach I|cynthia|1838
|teamsize|p1|6
|teamsize|p2|6
|gametype|singles
|gen|8
|tier|[Gen 8] OU
|rated|
|clearpoke
|poke|p1|Hydreigon, M|
|poke|p1|Clefable, M|
|poke|p1|Hippowdon, M|
|poke|p1|Excadrill, M|
|poke|p1|Dragapult, M|
|poke|p1|Toxapex, F|
|poke|p2|Terrakion|
|poke|p2|Aegislash, M|
|poke|p2|Crawdaunt, M|
|poke|p2|Zeraora|
|poke|p2|Kyurem|
|poke|p2|Togekiss, M|
|rule|Sleep Clause Mod: Limit one foe put to sleep
|rule|Species Clause: Limit one of each Pokémon
|rule|OHKO Clause: OHKO moves are banned
|rule|Evasion Moves Clause: Evasion moves are banned
|rule|Endless Battle Clause: Forcing endless battles is banned
|rule|HP Percentage Mod: HP is shown in percentages
|rule|Dynamax Clause: You cannot dynamax
|teampreview
|inactive|Battle timer is ON: inactive players will automatically lose when time's up. (requested by the real assdude)
|
|start
|switch|p1a: Toxapex|Toxapex, F|100/100
|switch|p2a: Terrakion|Terrakion|100/100
|turn|1
|
|move|p2a: Terrakion|Taunt|p1a: Toxapex
|-start|p1a: Toxapex|move: Taunt
|cant|p1a: Toxapex|move: Taunt|Toxic Spikes
|
|upkeep
|turn|2
|j|+McMeghan
|
|move|p2a: Terrakion|Stealth Rock|p1a: Toxapex
|-sidestart|p1: the real assdude|move: Stealth Rock
|move|p1a: Toxapex|Scald|p2a: Terrakion
|-supereffective|p2a: Terrakion
|-damage|p2a: Terrakion|63/100
|-status|p2a: Terrakion|brn
|
|-damage|p2a: Terrakion|57/100 brn|[from] brn
|upkeep
|turn|3
|
|switch|p2a: Kyurem|Kyurem|100/100
|-ability|p2a: Kyurem|Pressure
|move|p1a: Toxapex|Scald|p2a: Kyurem
|-resisted|p2a: Kyurem
|-damage|p2a: Kyurem|93/100
|
|-end|p1a: Toxapex|move: Taunt
|upkeep
|turn|4
|
|move|p2a: Kyurem|Freeze-Dry|p1a: Toxapex
|-supereffective|p1a: Toxapex
|-damage|p1a: Toxapex|15/100
|move|p1a: Toxapex|Toxic Spikes|p2a: Kyurem
|-sidestart|p2: Rorschach I|move: Toxic Spikes
|
|-heal|p1a: Toxapex|21/100|[from] item: Black Sludge
|upkeep
|turn|5
|
|switch|p1a: Clefable|Clefable, M|100/100
|move|p2a: Kyurem|Freeze-Dry|p1a: Clefable
|-damage|p1a: Clefable|64/100
|
|-heal|p1a: Clefable|70/100|[from] item: Leftovers
|upkeep
|turn|6
|
|move|p2a: Kyurem|Freeze-Dry|p1a: Clefable
|-damage|p1a: Clefable|36/100
|move|p1a: Clefable|Wish|p1a: Clefable
|
|-heal|p1a: Clefable|42/100|[from] item: Leftovers
|upkeep
|turn|7
|
|switch|p2a: Terrakion|Terrakion|57/100 brn
|move|p1a: Clefable|Moonblast|p2a: Terrakion
|-supereffective|p2a: Terrakion
|-damage|p2a: Terrakion|0 fnt
|faint|p2a: Terrakion
|
|-heal|p1a: Clefable|92/100|[from] move: Wish|[wisher] Clefable
|-heal|p1a: Clefable|98/100|[from] item: Leftovers
|upkeep
|
|switch|p2a: Aegislash|Aegislash, M|100/100
|-item|p2a: Aegislash|Air Balloon
|turn|8
|
|switch|p2a: Kyurem|Kyurem|93/100
|-status|p2a: Kyurem|psn
|-ability|p2a: Kyurem|Pressure
|move|p1a: Clefable|Moonblast|p2a: Kyurem
|-supereffective|p2a: Kyurem
|-damage|p2a: Kyurem|38/100 psn
|
|-heal|p1a: Clefable|100/100|[from] item: Leftovers
|-damage|p2a: Kyurem|25/100 psn|[from] psn
|upkeep
|turn|9
|-message|Rorschach I forfeited.
|
|win|the real assdude
|l|☆Rorschach I
|raw|the real assdude's rating: 1822 &rarr; <strong>1843</strong><br />(+21 for winning)
|raw|Rorschach I's rating: 1838 &rarr; <strong>1817</strong><br />(-21 for losing)
