|j|☆OUT Kazt
|j|☆HOF69
|inactive|Battle timer is ON: inactive players will automatically lose when time's up.
|t:|1656823036
|gametype|singles
|player|p1|OUT Kazt|acetrainersnowf|
|player|p2|HOF69|red|
|teamsize|p1|6
|teamsize|p2|6
|gen|8
|tier|[Gen 8] OU
|rated|Tournament battle
|rule|Sleep Clause Mod: Limit one foe put to sleep
|rule|Species Clause: Limit one of each Pokémon
|rule|OHKO Clause: OHKO moves are banned
|rule|Evasion Moves Clause: Evasion moves are banned
|rule|Endless Battle Clause: Forcing endless battles is banned
|rule|HP Percentage Mod: HP is shown in percentages
|rule|Dynamax Clause: You cannot dynamax
|clearpoke
|poke|p1|Glaceon, F|
|poke|p1|Pelipper, M|
|poke|p1|Barraskewda, F|
|poke|p1|Ferrothorn, M|
|poke|p1|Tornadus-Therian, M|
|poke|p1|Regieleki|
|poke|p2|Blacephalon|
|poke|p2|Gengar, M|
|poke|p2|Landorus-Therian, M|
|poke|p2|Krookodile, M|
|poke|p2|Tapu Lele|
|poke|p2|Kartana|
|teampreview
|j| Rosaism
|j|%Sww-Suwa
|j| sealoo
|c|☆OUT Kazt|hf
|j| Iknowup
|c|☆HOF69|u2
|
|t:|1656823051
|start
|switch|p1a: Pelipper|Pelipper, M|100/100
|switch|p2a: Krookodile|Krookodile, M|100/100
|-ability|p2a: Krookodile|Intimidate|boost
|-unboost|p1a: Pelipper|atk|1
|-weather|RainDance|[from] ability: Drizzle|[of] p1a: Pelipper
|turn|1
|
|t:|1656823054
|switch|p1a: Ferrothorn|Ferrothorn, M|100/100
|move|p2a: Krookodile|Stealth Rock|p1a: Ferrothorn
|-sidestart|p1: OUT Kazt|move: Stealth Rock
|
|-weather|RainDance|[upkeep]
|upkeep
|turn|2
|
|t:|1656823060
|move|p2a: Krookodile|Taunt|p1a: Ferrothorn
|-start|p1a: Ferrothorn|move: Taunt
|cant|p1a: Ferrothorn|move: Taunt|Spikes
|
|-weather|RainDance|[upkeep]
|upkeep
|turn|3
|
|t:|1656823070
|move|p2a: Krookodile|Knock Off|p1a: Ferrothorn
|-damage|p1a: Ferrothorn|65/100
|-damage|p2a: Krookodile|88/100|[from] ability: Iron Barbs|[of] p1a: Ferrothorn
|-enditem|p1a: Ferrothorn|Leftovers|[from] move: Knock Off|[of] p2a: Krookodile
|move|p1a: Ferrothorn|Gyro Ball|p2a: Krookodile
|-damage|p2a: Krookodile|23/100
|
|-weather|RainDance|[upkeep]
|upkeep
|turn|4
|
|t:|1656823077
|move|p2a: Krookodile|Earthquake|p1a: Ferrothorn
|-damage|p1a: Ferrothorn|28/100
|move|p1a: Ferrothorn|Gyro Ball|p2a: Krookodile
|-damage|p2a: Krookodile|0 fnt
|faint|p2a: Krookodile
|
|-weather|RainDance|[upkeep]
|-end|p1a: Ferrothorn|move: Taunt
|upkeep
|j| Trexton
|j|@Fusien
|j| Trailblazer324
|inactive|HOF69 has 120 seconds left.
|
|t:|1656823114
|switch|p2a: Gengar|Gengar, M, shiny|100/100
|turn|5
|
|t:|1656823118
|move|p2a: Gengar|Shadow Ball|p1a: Ferrothorn
|-damage|p1a: Ferrothorn|3/100
|move|p1a: Ferrothorn|Knock Off|p2a: Gengar
|-supereffective|p2a: Gengar
|-damage|p2a: Gengar|17/100
|-enditem|p2a: Gengar|Focus Sash|[from] move: Knock Off|[of] p1a: Ferrothorn
|
|-weather|RainDance|[upkeep]
|upkeep
|turn|6
|
|t:|1656823123
|move|p2a: Gengar|Shadow Ball|p1a: Ferrothorn
|-damage|p1a: Ferrothorn|0 fnt
|faint|p1a: Ferrothorn
|
|-weather|RainDance|[upkeep]
|upkeep
|
|t:|1656823128
|switch|p1a: Barraskewda|Barraskewda, F|100/100
|-damage|p1a: Barraskewda|88/100|[from] Stealth Rock
|turn|7
|
|t:|1656823132
|move|p1a: Barraskewda|Flip Turn|p2a: Gengar
|-damage|p2a: Gengar|0 fnt
|faint|p2a: Gengar
|
|t:|1656823137
|switch|p1a: Tornadus|Tornadus-Therian, M|100/100|[from]move: Flip Turn
|
|-weather|RainDance|[upkeep]
|upkeep
|j| d18l
|l|@Fusien
|
|t:|1656823158
|switch|p2a: Tapu Lele|Tapu Lele|100/100
|-fieldstart|move: Psychic Terrain|[from] ability: Psychic Surge|[of] p2a: Tapu Lele
|turn|8
|
|t:|1656823165
|switch|p1a: Glaceon|Glaceon, F|100/100
|-damage|p1a: Glaceon|76/100|[from] Stealth Rock
|move|p2a: Tapu Lele|Psyshock|p1a: Glaceon
|-damage|p1a: Glaceon|6/100
|
|-weather|none
|upkeep
|turn|9
|
|t:|1656823171
|move|p2a: Tapu Lele|Psyshock|p1a: Glaceon
|-damage|p1a: Glaceon|0 fnt
|faint|p1a: Glaceon
|
|upkeep
|
|t:|1656823178
|switch|p1a: Pelipper|Pelipper, M|100/100
|-damage|p1a: Pelipper|75/100|[from] Stealth Rock
|-weather|RainDance|[from] ability: Drizzle|[of] p1a: Pelipper
|turn|10
|
|t:|1656823182
|move|p2a: Tapu Lele|Psyshock|p1a: Pelipper
|-damage|p1a: Pelipper|26/100
|move|p1a: Pelipper|U-turn|p2a: Tapu Lele
|-crit|p2a: Tapu Lele
|-damage|p2a: Tapu Lele|78/100
|j| kraniium
|
|t:|1656823185
|switch|p1a: Barraskewda|Barraskewda, F|88/100|[from]move: U-turn
|-damage|p1a: Barraskewda|76/100|[from] Stealth Rock
|
|-weather|RainDance|[upkeep]
|upkeep
|turn|11
|j| Lou Dort
|
|t:|1656823202
|move|p1a: Barraskewda|Liquidation|p2a: Tapu Lele
|-damage|p2a: Tapu Lele|0 fnt
|faint|p2a: Tapu Lele
|
|-weather|RainDance|[upkeep]
|upkeep
|
|t:|1656823204
|switch|p2a: Kartana|Kartana|100/100
|turn|12
|
|t:|1656823214
|switch|p1a: Tornadus|Tornadus-Therian, M|100/100
|move|p2a: Kartana|Knock Off|p1a: Tornadus
|-damage|p1a: Tornadus|42/100
|-enditem|p1a: Tornadus|Heavy-Duty Boots|[from] move: Knock Off|[of] p2a: Kartana
|
|-weather|RainDance|[upkeep]
|-fieldend|move: Psychic Terrain
|upkeep
|turn|13
|
|t:|1656823231
|switch|p2a: Blacephalon|Blacephalon|100/100
|move|p1a: Tornadus|Hurricane|p2a: Blacephalon
|-damage|p2a: Blacephalon|15/100
|-start|p2a: Blacephalon|confusion
|
|-weather|RainDance|[upkeep]
|upkeep
|turn|14
|
|t:|1656823242
|-activate|p2a: Blacephalon|confusion
|move|p2a: Blacephalon|Shadow Ball|p1a: Tornadus
|-damage|p1a: Tornadus|0 fnt
|faint|p1a: Tornadus
|-ability|p2a: Blacephalon|Beast Boost|boost
|-boost|p2a: Blacephalon|spa|1
|
|-weather|RainDance|[upkeep]
|upkeep
|
|t:|1656823245
|switch|p1a: Barraskewda|Barraskewda, F|76/100
|-damage|p1a: Barraskewda|64/100|[from] Stealth Rock
|turn|15
|
|t:|1656823249
|move|p1a: Barraskewda|Flip Turn|p2a: Blacephalon
|-supereffective|p2a: Blacephalon
|-damage|p2a: Blacephalon|0 fnt
|faint|p2a: Blacephalon
|
|t:|1656823255
|switch|p1a: Regieleki|Regieleki|100/100|[from]move: Flip Turn
|
|-weather|RainDance|[upkeep]
|upkeep
|
|t:|1656823259
|switch|p2a: Landorus|Landorus-Therian, M|100/100
|-ability|p2a: Landorus|Intimidate|boost
|-unboost|p1a: Regieleki|atk|1
|turn|16
|c|☆OUT Kazt|aaaaaaahhh I choked
|inactive|OUT Kazt has 120 seconds left.
|
|t:|1656823296
|move|p1a: Regieleki|Rapid Spin|p2a: Landorus
|-damage|p2a: Landorus|94/100
|-boost|p1a: Regieleki|spe|1
|-sideend|p1: OUT Kazt|Stealth Rock|[from] move: Rapid Spin|[of] p1a: Regieleki
|move|p2a: Landorus|Earthquake|p1a: Regieleki
|-supereffective|p1a: Regieleki
|-damage|p1a: Regieleki|0 fnt
|faint|p1a: Regieleki
|
|-weather|RainDance|[upkeep]
|upkeep
|
|t:|1656823298
|switch|p1a: Barraskewda|Barraskewda, F|64/100
|turn|17
|
|t:|1656823317
|switch|p2a: Kartana|Kartana|100/100
|move|p1a: Barraskewda|Liquidation|p2a: Kartana
|-resisted|p2a: Kartana
|-damage|p2a: Kartana|41/100
|
|-weather|none
|upkeep
|turn|18
|
|t:|1656823325
|switch|p1a: Pelipper|Pelipper, M|26/100
|-weather|RainDance|[from] ability: Drizzle|[of] p1a: Pelipper
|move|p2a: Kartana|Leaf Blade|p1a: Pelipper
|-crit|p1a: Pelipper
|-damage|p1a: Pelipper|0 fnt
|faint|p1a: Pelipper
|-ability|p2a: Kartana|Beast Boost|boost
|-boost|p2a: Kartana|atk|1
|
|-weather|RainDance|[upkeep]
|upkeep
|
|t:|1656823331
|switch|p1a: Barraskewda|Barraskewda, F|64/100
|turn|19
|
|t:|1656823335
|switch|p2a: Landorus|Landorus-Therian, M|94/100
|-ability|p2a: Landorus|Intimidate|boost
|-unboost|p1a: Barraskewda|atk|1
|move|p1a: Barraskewda|Liquidation|p2a: Landorus
|-supereffective|p2a: Landorus
|-damage|p2a: Landorus|0 fnt
|faint|p2a: Landorus
|
|-weather|RainDance|[upkeep]
|upkeep
|
|t:|1656823341
|switch|p2a: Kartana|Kartana|41/100
|turn|20
|
|t:|1656823343
|move|p1a: Barraskewda|Liquidation|p2a: Kartana
|-resisted|p2a: Kartana
|-damage|p2a: Kartana|5/100
|move|p2a: Kartana|Leaf Blade|p1a: Barraskewda
|-supereffective|p1a: Barraskewda
|-damage|p1a: Barraskewda|0 fnt
|faint|p1a: Barraskewda
|
|win|HOF69
|n|☆OUT Kazt|outkazt
|n|☆HOF69|hof69
|n| Rosaism|rosaism
|n| Sww-Suwa|swwsuwa
|n| sealoo|sealoo
|n| Iknowup|iknowup
|n| Trexton|trexton
|n| Trailblazer324|trailblazer324
|n| d18l|d18l
|n| kraniium|kraniium
|n| Lou Dort|loudort
|c|☆OUT Kazt|gg
|c|☆HOF69|gg
|l| Trailblazer324
|l| d18l
|l| Sww-Suwa
|l|☆OUT Kazt
|l| Trexton
|l| Rosaism
|l| sealoo
|l| Lou Dort
|l|☆HOF69
