|j|☆2(H2O)
|j|☆Iknowup
|t:|1654407500
|gametype|singles
|player|p1|2(H2O)|viola|1655
|player|p2|Iknowup|koga-lgpe|1703
|teamsize|p1|6
|teamsize|p2|6
|gen|8
|tier|[Gen 8] OU
|rated|
|rule|Sleep Clause Mod: Limit one foe put to sleep
|rule|Species Clause: Limit one of each Pokémon
|rule|OHKO Clause: OHKO moves are banned
|rule|Evasion Moves Clause: Evasion moves are banned
|rule|Endless Battle Clause: Forcing endless battles is banned
|rule|HP Percentage Mod: HP is shown in percentages
|rule|Dynamax Clause: You cannot dynamax
|clearpoke
|poke|p1|Heliolisk, M|
|poke|p1|Torkoal, M|
|poke|p1|Heatran, M|
|poke|p1|Landorus-Therian, M|
|poke|p1|Venusaur, M|
|poke|p1|Weavile, M|
|poke|p2|Eiscue, M|
|poke|p2|Corviknight, F|
|poke|p2|Chansey, F|
|poke|p2|Clefable, F|
|poke|p2|Heatran, F|
|poke|p2|Slowking-Galar, M|
|teampreview
|
|t:|1654407521
|start
|switch|p1a: Torkoal|Torkoal, M|100/100
|switch|p2a: Queen|Chansey, F|100/100
|-weather|SunnyDay|[from] ability: Drought|[of] p1a: Torkoal
|turn|1
|inactive|Battle timer is ON: inactive players will automatically lose when time's up. (requested by 2(H2O))
|
|t:|1654407526
|move|p2a: Queen|Toxic|p1a: Torkoal
|-status|p1a: Torkoal|tox
|move|p1a: Torkoal|Stealth Rock|p2a: Queen
|-sidestart|p2: Iknowup|move: Stealth Rock
|
|-weather|SunnyDay|[upkeep]
|-damage|p1a: Torkoal|94/100 tox|[from] psn
|upkeep
|turn|2
|
|t:|1654407532
|switch|p2a: Rook|Slowking-Galar, M|100/100
|-damage|p2a: Rook|88/100|[from] Stealth Rock
|switch|p1a: Heatran|Heatran, M|100/100
|-item|p1a: Heatran|Air Balloon
|
|-weather|SunnyDay|[upkeep]
|upkeep
|turn|3
|
|t:|1654407541
|move|p1a: Heatran|Magma Storm|p2a: Rook
|-damage|p2a: Rook|55/100
|-activate|p2a: Rook|move: Magma Storm|[of] p1a: Heatran
|move|p2a: Rook|Scald|p1a: Heatran
|-supereffective|p1a: Heatran
|-damage|p1a: Heatran|82/100
|-enditem|p1a: Heatran|Air Balloon
|
|-weather|SunnyDay|[upkeep]
|-damage|p2a: Rook|42/100|[from] move: Magma Storm|[partiallytrapped]
|upkeep
|turn|4
|
|t:|1654407544
|move|p1a: Heatran|Earth Power|p2a: Rook
|-supereffective|p2a: Rook
|-damage|p2a: Rook|16/100
|move|p2a: Rook|Earthquake|p1a: Heatran
|-supereffective|p1a: Heatran
|-damage|p1a: Heatran|25/100
|
|-weather|SunnyDay|[upkeep]
|-damage|p2a: Rook|3/100|[from] move: Magma Storm|[partiallytrapped]
|upkeep
|turn|5
|
|t:|1654407554
|move|p1a: Heatran|Earth Power|p2a: Rook
|-supereffective|p2a: Rook
|-damage|p2a: Rook|0 fnt
|faint|p2a: Rook
|
|-weather|SunnyDay|[upkeep]
|upkeep
|
|t:|1654407559
|switch|p2a: Queen|Chansey, F|100/100
|-damage|p2a: Queen|88/100|[from] Stealth Rock
|turn|6
|
|t:|1654407564
|move|p1a: Heatran|Body Press|p2a: Queen
|-supereffective|p2a: Queen
|-damage|p2a: Queen|63/100
|move|p2a: Queen|Seismic Toss|p1a: Heatran
|-damage|p1a: Heatran|0 fnt
|faint|p1a: Heatran
|
|-weather|SunnyDay|[upkeep]
|upkeep
|
|t:|1654407575
|switch|p1a: Weavile|Weavile, M|100/100
|-ability|p1a: Weavile|Pressure
|turn|7
|
|t:|1654407581
|switch|p2a: (Obvious Name)|Corviknight, F|100/100
|-damage|p2a: (Obvious Name)|88/100|[from] Stealth Rock
|-ability|p2a: (Obvious Name)|Pressure
|move|p1a: Weavile|Knock Off|p2a: (Obvious Name)
|-damage|p2a: (Obvious Name)|61/100
|-damage|p1a: Weavile|84/100|[from] item: Rocky Helmet|[of] p2a: (Obvious Name)
|-enditem|p2a: (Obvious Name)|Rocky Helmet|[from] move: Knock Off|[of] p1a: Weavile
|
|-weather|SunnyDay|[upkeep]
|upkeep
|turn|8
|j| TPerZ
|
|t:|1654407595
|switch|p1a: Heliolisk|Heliolisk, M, shiny|100/100
|move|p2a: (Obvious Name)|Roost|p2a: (Obvious Name)
|-heal|p2a: (Obvious Name)|100/100
|-singleturn|p2a: (Obvious Name)|move: Roost
|
|-weather|none
|upkeep
|turn|9
|j| Cukrcek
|l| Cukrcek
|
|t:|1654407609
|move|p1a: Heliolisk|Volt Switch|p2a: (Obvious Name)
|-supereffective|p2a: (Obvious Name)
|-damage|p2a: (Obvious Name)|12/100
|
|t:|1654407613
|switch|p1a: Torkoal|Torkoal, M|94/100 tox|[from]move: Volt Switch
|-weather|SunnyDay|[from] ability: Drought|[of] p1a: Torkoal
|move|p2a: (Obvious Name)|Roost|p2a: (Obvious Name)
|-heal|p2a: (Obvious Name)|62/100
|-singleturn|p2a: (Obvious Name)|move: Roost
|
|-weather|SunnyDay|[upkeep]
|-damage|p1a: Torkoal|88/100 tox|[from] psn
|upkeep
|turn|10
|j| Cukrcek
|
|t:|1654407621
|switch|p2a: Pawn|Heatran, F|100/100
|-damage|p2a: Pawn|88/100|[from] Stealth Rock
|move|p1a: Torkoal|Lava Plume|p2a: Pawn
|-start|p2a: Pawn|ability: Flash Fire
|
|-weather|SunnyDay|[upkeep]
|-heal|p2a: Pawn|94/100|[from] item: Leftovers
|-damage|p1a: Torkoal|76/100 tox|[from] psn
|upkeep
|turn|11
|
|t:|1654407629
|switch|p1a: Landorus|Landorus-Therian, M|100/100
|-ability|p1a: Landorus|Intimidate|boost
|-unboost|p2a: Pawn|atk|1
|move|p2a: Pawn|Magma Storm|p1a: Landorus|[miss]
|-miss|p2a: Pawn|p1a: Landorus
|
|-weather|SunnyDay|[upkeep]
|-heal|p2a: Pawn|100/100|[from] item: Leftovers
|upkeep
|turn|12
|
|t:|1654407638
|-end|p2a: Pawn|ability: Flash Fire|[silent]
|switch|p2a: Bishop|Clefable, F|100/100
|move|p1a: Landorus|Earthquake|p2a: Bishop
|-damage|p2a: Bishop|63/100
|
|-weather|SunnyDay|[upkeep]
|-heal|p2a: Bishop|69/100|[from] item: Leftovers
|upkeep
|turn|13
|
|t:|1654407644
|move|p1a: Landorus|U-turn|p2a: Bishop
|-resisted|p2a: Bishop
|-damage|p2a: Bishop|60/100
|j| Malyap
|
|t:|1654407648
|switch|p1a: Heliolisk|Heliolisk, M, shiny|100/100|[from]move: U-turn
|move|p2a: Bishop|Stealth Rock|p1a: Heliolisk
|-sidestart|p1: 2(H2O)|move: Stealth Rock
|
|-weather|SunnyDay|[upkeep]
|-damage|p1a: Heliolisk|88/100|[from] ability: Solar Power|[of] p1a: Heliolisk
|-heal|p2a: Bishop|66/100|[from] item: Leftovers
|upkeep
|turn|14
|l| Malyap
|j| GROSS SAMPLE TEAM
|l| Cukrcek
|
|t:|1654407661
|switch|p2a: Pawn|Heatran, F|100/100
|-damage|p2a: Pawn|88/100|[from] Stealth Rock
|move|p1a: Heliolisk|Hyper Voice|p2a: Pawn
|-resisted|p2a: Pawn
|-damage|p2a: Pawn|60/100
|
|-weather|SunnyDay|[upkeep]
|-damage|p1a: Heliolisk|76/100|[from] ability: Solar Power|[of] p1a: Heliolisk
|-heal|p2a: Pawn|66/100|[from] item: Leftovers
|upkeep
|turn|15
|
|t:|1654407666
|switch|p1a: Landorus|Landorus-Therian, M|100/100
|-damage|p1a: Landorus|88/100|[from] Stealth Rock
|-ability|p1a: Landorus|Intimidate|boost
|-unboost|p2a: Pawn|atk|1
|move|p2a: Pawn|Magma Storm|p1a: Landorus
|-damage|p1a: Landorus|14/100
|-activate|p1a: Landorus|move: Magma Storm|[of] p2a: Pawn
|
|-weather|SunnyDay|[upkeep]
|-heal|p2a: Pawn|72/100|[from] item: Leftovers
|-heal|p1a: Landorus|20/100|[from] item: Leftovers
|-damage|p1a: Landorus|8/100|[from] move: Magma Storm|[partiallytrapped]
|upkeep
|turn|16
|
|t:|1654407672
|switch|p2a: Emperor PengWin|Eiscue, M|100/100
|-damage|p2a: Emperor PengWin|76/100|[from] Stealth Rock
|move|p1a: Landorus|Earthquake|p2a: Emperor PengWin
|-activate|p2a: Emperor PengWin|ability: Ice Face
|-damage|p2a: Emperor PengWin|76/100
|detailschange|p2a: Emperor PengWin|Eiscue-Noice, M
|
|-weather|none
|-heal|p1a: Landorus|14/100|[from] item: Leftovers
|-end|p1a: Landorus|Magma Storm|[partiallytrapped]|[silent]
|upkeep
|turn|17
|
|t:|1654407677
|move|p2a: Emperor PengWin|Whirlpool|p1a: Landorus
|-supereffective|p1a: Landorus
|-damage|p1a: Landorus|0 fnt
|faint|p1a: Landorus
|
|upkeep
|l| GROSS SAMPLE TEAM
|
|t:|1654407690
|switch|p1a: Torkoal|Torkoal, M|76/100 tox
|-damage|p1a: Torkoal|51/100 tox|[from] Stealth Rock
|-weather|SunnyDay|[from] ability: Drought|[of] p1a: Torkoal
|turn|18
|
|t:|1654407695
|move|p2a: Emperor PengWin|Protect|p2a: Emperor PengWin
|-singleturn|p2a: Emperor PengWin|Protect
|move|p1a: Torkoal|Rapid Spin|p2a: Emperor PengWin
|-activate|p2a: Emperor PengWin|move: Protect
|
|-weather|SunnyDay|[upkeep]
|-damage|p1a: Torkoal|45/100 tox|[from] psn
|upkeep
|turn|19
|
|t:|1654407698
|move|p2a: Emperor PengWin|Hail|p2a: Emperor PengWin
|-weather|Hail
|-activate|p2a: Emperor PengWin|ability: Ice Face
|detailschange|p2a: Emperor PengWin|Eiscue, M
|move|p1a: Torkoal|Rapid Spin|p2a: Emperor PengWin
|-activate|p2a: Emperor PengWin|ability: Ice Face
|-damage|p2a: Emperor PengWin|76/100
|-boost|p1a: Torkoal|spe|1
|-damage|p1a: Torkoal|28/100 tox|[from] item: Rocky Helmet|[of] p2a: Emperor PengWin
|-sideend|p1: 2(H2O)|Stealth Rock|[from] move: Rapid Spin|[of] p1a: Torkoal
|detailschange|p2a: Emperor PengWin|Eiscue-Noice, M
|
|-weather|Hail|[upkeep]
|-damage|p1a: Torkoal|22/100 tox|[from] Hail
|-damage|p1a: Torkoal|10/100 tox|[from] psn
|upkeep
|turn|20
|
|t:|1654407707
|switch|p1a: Heliolisk|Heliolisk, M, shiny|76/100
|move|p2a: Emperor PengWin|Whirlpool|p1a: Heliolisk
|-damage|p1a: Heliolisk|67/100
|-activate|p1a: Heliolisk|move: Whirlpool|[of] p2a: Emperor PengWin
|
|-weather|Hail|[upkeep]
|-damage|p1a: Heliolisk|60/100|[from] Hail
|-damage|p1a: Heliolisk|48/100|[from] move: Whirlpool|[partiallytrapped]
|upkeep
|turn|21
|
|t:|1654407713
|move|p2a: Emperor PengWin|Protect|p2a: Emperor PengWin
|-singleturn|p2a: Emperor PengWin|Protect
|move|p1a: Heliolisk|Volt Switch|p2a: Emperor PengWin
|-activate|p2a: Emperor PengWin|move: Protect
|
|-weather|Hail|[upkeep]
|-damage|p1a: Heliolisk|42/100|[from] Hail
|-damage|p1a: Heliolisk|30/100|[from] move: Whirlpool|[partiallytrapped]
|upkeep
|turn|22
|
|t:|1654407720
|move|p2a: Emperor PengWin|Freeze-Dry|p1a: Heliolisk
|-damage|p1a: Heliolisk|2/100
|move|p1a: Heliolisk|Volt Switch|p2a: Emperor PengWin
|-damage|p2a: Emperor PengWin|0 fnt
|faint|p2a: Emperor PengWin
|
|t:|1654407726
|switch|p1a: Torkoal|Torkoal, M|10/100 tox|[from]move: Volt Switch
|-weather|SunnyDay|[from] ability: Drought|[of] p1a: Torkoal
|
|-weather|SunnyDay|[upkeep]
|-damage|p1a: Torkoal|4/100 tox|[from] psn
|upkeep
|
|t:|1654407742
|switch|p2a: Bishop|Clefable, F|66/100
|turn|23
|
|t:|1654407754
|switch|p1a: Venusaur|Venusaur, M|100/100
|move|p2a: Bishop|Stealth Rock|p1a: Venusaur
|-sidestart|p1: 2(H2O)|move: Stealth Rock
|
|-weather|SunnyDay|[upkeep]
|-heal|p2a: Bishop|73/100|[from] item: Leftovers
|upkeep
|turn|24
|
|t:|1654407759
|move|p1a: Venusaur|Growth|p1a: Venusaur
|-boost|p1a: Venusaur|atk|2
|-boost|p1a: Venusaur|spa|2
|move|p2a: Bishop|Flamethrower|p1a: Venusaur
|-supereffective|p1a: Venusaur
|-damage|p1a: Venusaur|31/100
|
|-weather|SunnyDay|[upkeep]
|-heal|p2a: Bishop|79/100|[from] item: Leftovers
|upkeep
|turn|25
|j| GROSS SAMPLE TEAM
|inactive|Iknowup has 120 seconds left.
|
|t:|1654407792
|move|p1a: Venusaur|Weather Ball|p2a: Bishop
|-damage|p2a: Bishop|0 fnt
|faint|p2a: Bishop
|-damage|p1a: Venusaur|21/100|[from] item: Life Orb
|
|-weather|SunnyDay|[upkeep]
|upkeep
|inactive|Iknowup has 120 seconds left.
|
|t:|1654407797
|switch|p2a: Queen|Chansey, F|63/100
|-damage|p2a: Queen|50/100|[from] Stealth Rock
|turn|26
|
|t:|1654407801
|move|p1a: Venusaur|Giga Drain|p2a: Queen
|-damage|p2a: Queen|22/100
|-heal|p1a: Venusaur|54/100|[from] drain|[of] p2a: Queen
|-damage|p1a: Venusaur|44/100|[from] item: Life Orb
|move|p2a: Queen|Soft-Boiled|p2a: Queen
|-heal|p2a: Queen|72/100
|
|-weather|SunnyDay|[upkeep]
|upkeep
|turn|27
|
|t:|1654407807
|move|p1a: Venusaur|Giga Drain|p2a: Queen
|-damage|p2a: Queen|47/100
|-heal|p1a: Venusaur|73/100|[from] drain|[of] p2a: Queen
|-damage|p1a: Venusaur|63/100|[from] item: Life Orb
|move|p2a: Queen|Seismic Toss|p1a: Venusaur
|-damage|p1a: Venusaur|30/100
|
|-weather|SunnyDay|[upkeep]
|upkeep
|turn|28
|
|t:|1654407817
|move|p1a: Venusaur|Growth|p1a: Venusaur
|-boost|p1a: Venusaur|atk|2
|-boost|p1a: Venusaur|spa|2
|move|p2a: Queen|Soft-Boiled|p2a: Queen
|-heal|p2a: Queen|97/100
|
|-weather|SunnyDay|[upkeep]
|upkeep
|turn|29
|
|t:|1654407828
|switch|p2a: Pawn|Heatran, F|72/100
|-damage|p2a: Pawn|60/100|[from] Stealth Rock
|move|p1a: Venusaur|Giga Drain|p2a: Pawn
|-resisted|p2a: Pawn
|-damage|p2a: Pawn|41/100
|-heal|p1a: Venusaur|42/100|[from] drain|[of] p2a: Pawn
|-damage|p1a: Venusaur|32/100|[from] item: Life Orb
|
|-weather|none
|-heal|p2a: Pawn|48/100|[from] item: Leftovers
|upkeep
|turn|30
|l| GROSS SAMPLE TEAM
|
|t:|1654407840
|switch|p2a: (Obvious Name)|Corviknight, F|62/100
|-damage|p2a: (Obvious Name)|49/100|[from] Stealth Rock
|-ability|p2a: (Obvious Name)|Pressure
|move|p1a: Venusaur|Earth Power|p2a: (Obvious Name)
|-immune|p2a: (Obvious Name)
|
|upkeep
|turn|31
|
|t:|1654407847
|move|p1a: Venusaur|Weather Ball|p2a: (Obvious Name)
|-resisted|p2a: (Obvious Name)
|-damage|p2a: (Obvious Name)|21/100
|-damage|p1a: Venusaur|22/100|[from] item: Life Orb
|move|p2a: (Obvious Name)|Roost|p2a: (Obvious Name)
|-heal|p2a: (Obvious Name)|71/100
|-singleturn|p2a: (Obvious Name)|move: Roost
|
|upkeep
|turn|32
|c| TPerZ|earthquake?
|
|t:|1654407853
|move|p1a: Venusaur|Giga Drain|p2a: (Obvious Name)
|-resisted|p2a: (Obvious Name)
|-damage|p2a: (Obvious Name)|39/100
|-heal|p1a: Venusaur|43/100|[from] drain|[of] p2a: (Obvious Name)
|-damage|p1a: Venusaur|33/100|[from] item: Life Orb
|move|p2a: (Obvious Name)|Roost|p2a: (Obvious Name)
|-heal|p2a: (Obvious Name)|89/100
|-singleturn|p2a: (Obvious Name)|move: Roost
|
|upkeep
|turn|33
|c| TPerZ|...
|
|t:|1654407857
|move|p1a: Venusaur|Giga Drain|p2a: (Obvious Name)
|-resisted|p2a: (Obvious Name)
|-damage|p2a: (Obvious Name)|60/100
|-heal|p1a: Venusaur|52/100|[from] drain|[of] p2a: (Obvious Name)
|-damage|p1a: Venusaur|42/100|[from] item: Life Orb
|move|p2a: (Obvious Name)|Defog|p1a: Venusaur
|-unboost|p1a: Venusaur|evasion|1
|-sideend|p1: 2(H2O)|Stealth Rock|[from] move: Defog|[of] p2a: (Obvious Name)
|-sideend|p2: Iknowup|Stealth Rock|[from] move: Defog|[of] p2a: (Obvious Name)
|
|upkeep
|turn|34
|
|t:|1654407863
|move|p1a: Venusaur|Giga Drain|p2a: (Obvious Name)
|-resisted|p2a: (Obvious Name)
|-damage|p2a: (Obvious Name)|32/100
|-heal|p1a: Venusaur|61/100|[from] drain|[of] p2a: (Obvious Name)
|-damage|p1a: Venusaur|51/100|[from] item: Life Orb
|move|p2a: (Obvious Name)|Roost|p2a: (Obvious Name)
|-heal|p2a: (Obvious Name)|82/100
|-singleturn|p2a: (Obvious Name)|move: Roost
|
|upkeep
|turn|35
|
|t:|1654407869
|switch|p1a: Torkoal|Torkoal, M|4/100 tox
|-weather|SunnyDay|[from] ability: Drought|[of] p1a: Torkoal
|move|p2a: (Obvious Name)|Iron Defense|p2a: (Obvious Name)
|-boost|p2a: (Obvious Name)|def|2
|
|-weather|SunnyDay|[upkeep]
|-damage|p1a: Torkoal|0 fnt|[from] psn
|faint|p1a: Torkoal
|upkeep
|
|t:|1654407871
|switch|p1a: Venusaur|Venusaur, M|51/100
|turn|36
|
|t:|1654407883
|switch|p2a: Queen|Chansey, F|97/100
|move|p1a: Venusaur|Growth|p1a: Venusaur
|-boost|p1a: Venusaur|atk|2
|-boost|p1a: Venusaur|spa|2
|
|-weather|SunnyDay|[upkeep]
|upkeep
|turn|37
|
|t:|1654407887
|move|p1a: Venusaur|Growth|p1a: Venusaur
|-boost|p1a: Venusaur|atk|2
|-boost|p1a: Venusaur|spa|2
|move|p2a: Queen|Seismic Toss|p1a: Venusaur
|-damage|p1a: Venusaur|18/100
|
|-weather|SunnyDay|[upkeep]
|upkeep
|turn|38
|j| s-kylink42
|
|t:|1654407893
|move|p1a: Venusaur|Giga Drain|p2a: Queen
|-damage|p2a: Queen|59/100
|-heal|p1a: Venusaur|62/100|[from] drain|[of] p2a: Queen
|-damage|p1a: Venusaur|52/100|[from] item: Life Orb
|move|p2a: Queen|Seismic Toss|p1a: Venusaur
|-damage|p1a: Venusaur|19/100
|
|-weather|SunnyDay|[upkeep]
|upkeep
|turn|39
|c| TPerZ|earthquake is better
|
|t:|1654407902
|move|p1a: Venusaur|Giga Drain|p2a: Queen
|-damage|p2a: Queen|21/100
|-heal|p1a: Venusaur|64/100|[from] drain|[of] p2a: Queen
|-damage|p1a: Venusaur|54/100|[from] item: Life Orb
|move|p2a: Queen|Soft-Boiled|p2a: Queen
|-heal|p2a: Queen|71/100
|
|-weather|SunnyDay|[upkeep]
|upkeep
|turn|40
|
|t:|1654407907
|move|p1a: Venusaur|Growth|p1a: Venusaur
|-boost|p1a: Venusaur|atk|2
|-boost|p1a: Venusaur|spa|2
|move|p2a: Queen|Soft-Boiled|p2a: Queen
|-heal|p2a: Queen|100/100
|
|-weather|SunnyDay|[upkeep]
|upkeep
|turn|41
|
|t:|1654407910
|move|p1a: Venusaur|Giga Drain|p2a: Queen
|-damage|p2a: Queen|49/100
|-heal|p1a: Venusaur|100/100|[from] drain|[of] p2a: Queen
|-damage|p1a: Venusaur|91/100|[from] item: Life Orb
|move|p2a: Queen|Soft-Boiled|p2a: Queen
|-heal|p2a: Queen|99/100
|
|-weather|SunnyDay|[upkeep]
|upkeep
|turn|42
|
|t:|1654407915
|move|p1a: Venusaur|Giga Drain|p2a: Queen
|-damage|p2a: Queen|43/100
|-heal|p1a: Venusaur|100/100|[from] drain|[of] p2a: Queen
|-damage|p1a: Venusaur|91/100|[from] item: Life Orb
|move|p2a: Queen|Soft-Boiled|p2a: Queen
|-heal|p2a: Queen|93/100
|
|-weather|none
|upkeep
|turn|43
|
|t:|1654407926
|move|p1a: Venusaur|Earth Power|p2a: Queen
|-damage|p2a: Queen|48/100
|-damage|p1a: Venusaur|81/100|[from] item: Life Orb
|move|p2a: Queen|Teleport|p2a: Queen
|
|t:|1654407930
|switch|p2a: (Obvious Name)|Corviknight, F|82/100|[from]move: Teleport
|-ability|p2a: (Obvious Name)|Pressure
|
|upkeep
|turn|44
|
|t:|1654407935
|move|p1a: Venusaur|Weather Ball|p2a: (Obvious Name)
|-resisted|p2a: (Obvious Name)
|-damage|p2a: (Obvious Name)|44/100
|-damage|p1a: Venusaur|71/100|[from] item: Life Orb
|move|p2a: (Obvious Name)|Roost|p2a: (Obvious Name)
|-heal|p2a: (Obvious Name)|94/100
|-singleturn|p2a: (Obvious Name)|move: Roost
|
|upkeep
|turn|45
|
|t:|1654407940
|move|p1a: Venusaur|Giga Drain|p2a: (Obvious Name)
|-resisted|p2a: (Obvious Name)
|-damage|p2a: (Obvious Name)|53/100
|-heal|p1a: Venusaur|98/100|[from] drain|[of] p2a: (Obvious Name)
|-damage|p1a: Venusaur|88/100|[from] item: Life Orb
|move|p2a: (Obvious Name)|Body Press|p1a: Venusaur
|-resisted|p1a: Venusaur
|-damage|p1a: Venusaur|69/100
|
|upkeep
|turn|46
|
|t:|1654407945
|move|p1a: Venusaur|Weather Ball|p2a: (Obvious Name)
|-resisted|p2a: (Obvious Name)
|-damage|p2a: (Obvious Name)|17/100
|-damage|p1a: Venusaur|59/100|[from] item: Life Orb
|move|p2a: (Obvious Name)|Roost|p2a: (Obvious Name)
|-heal|p2a: (Obvious Name)|67/100
|-singleturn|p2a: (Obvious Name)|move: Roost
|
|upkeep
|turn|47
|
|t:|1654407953
|move|p1a: Venusaur|Weather Ball|p2a: (Obvious Name)
|-resisted|p2a: (Obvious Name)
|-damage|p2a: (Obvious Name)|33/100
|-damage|p1a: Venusaur|49/100|[from] item: Life Orb
|move|p2a: (Obvious Name)|Roost|p2a: (Obvious Name)
|-heal|p2a: (Obvious Name)|83/100
|-singleturn|p2a: (Obvious Name)|move: Roost
|
|upkeep
|turn|48
|l| s-kylink42
|
|t:|1654407960
|move|p1a: Venusaur|Weather Ball|p2a: (Obvious Name)
|-resisted|p2a: (Obvious Name)
|-damage|p2a: (Obvious Name)|47/100
|-damage|p1a: Venusaur|39/100|[from] item: Life Orb
|move|p2a: (Obvious Name)|Body Press|p1a: Venusaur
|-resisted|p1a: Venusaur
|-damage|p1a: Venusaur|20/100
|
|upkeep
|turn|49
|
|t:|1654407967
|move|p1a: Venusaur|Giga Drain|p2a: (Obvious Name)
|-resisted|p2a: (Obvious Name)
|-damage|p2a: (Obvious Name)|3/100
|-heal|p1a: Venusaur|50/100|[from] drain|[of] p2a: (Obvious Name)
|-damage|p1a: Venusaur|40/100|[from] item: Life Orb
|move|p2a: (Obvious Name)|Roost|p2a: (Obvious Name)
|-heal|p2a: (Obvious Name)|53/100
|-singleturn|p2a: (Obvious Name)|move: Roost
|
|upkeep
|turn|50
|
|t:|1654407973
|move|p1a: Venusaur|Weather Ball|p2a: (Obvious Name)
|-resisted|p2a: (Obvious Name)
|-damage|p2a: (Obvious Name)|18/100
|-damage|p1a: Venusaur|30/100|[from] item: Life Orb
|move|p2a: (Obvious Name)|Roost|p2a: (Obvious Name)
|-heal|p2a: (Obvious Name)|68/100
|-singleturn|p2a: (Obvious Name)|move: Roost
|
|upkeep
|turn|51
|j| Crowv2
|
|t:|1654407981
|move|p1a: Venusaur|Weather Ball|p2a: (Obvious Name)
|-resisted|p2a: (Obvious Name)
|-damage|p2a: (Obvious Name)|30/100
|-damage|p1a: Venusaur|20/100|[from] item: Life Orb
|move|p2a: (Obvious Name)|Roost|p2a: (Obvious Name)
|-heal|p2a: (Obvious Name)|80/100
|-singleturn|p2a: (Obvious Name)|move: Roost
|
|upkeep
|turn|52
|
|t:|1654407990
|move|p1a: Venusaur|Weather Ball|p2a: (Obvious Name)
|-resisted|p2a: (Obvious Name)
|-damage|p2a: (Obvious Name)|40/100
|-damage|p1a: Venusaur|10/100|[from] item: Life Orb
|move|p2a: (Obvious Name)|Roost|p2a: (Obvious Name)
|-heal|p2a: (Obvious Name)|90/100
|-singleturn|p2a: (Obvious Name)|move: Roost
|
|upkeep
|turn|53
|c| TPerZ|shet...
|
|t:|1654407999
|move|p1a: Venusaur|Earth Power|p2a: (Obvious Name)
|-immune|p2a: (Obvious Name)
|move|p2a: (Obvious Name)|Iron Defense|p2a: (Obvious Name)
|-boost|p2a: (Obvious Name)|def|2
|
|upkeep
|turn|54
|
|t:|1654408013
|move|p1a: Venusaur|Earth Power|p2a: (Obvious Name)
|-immune|p2a: (Obvious Name)
|move|p2a: (Obvious Name)|Body Press|p1a: Venusaur
|-resisted|p1a: Venusaur
|-damage|p1a: Venusaur|0 fnt
|faint|p1a: Venusaur
|
|upkeep
|
|t:|1654408017
|switch|p1a: Heliolisk|Heliolisk, M, shiny|2/100
|turn|55
|
|t:|1654408023
|switch|p2a: Pawn|Heatran, F|48/100
|move|p1a: Heliolisk|Volt Switch|p2a: Pawn
|-crit|p2a: Pawn
|-damage|p2a: Pawn|0 fnt
|faint|p2a: Pawn
|
|t:|1654408027
|switch|p1a: Weavile|Weavile, M|84/100|[from]move: Volt Switch
|-ability|p1a: Weavile|Pressure
|
|upkeep
|
|t:|1654408031
|switch|p2a: (Obvious Name)|Corviknight, F|90/100
|-ability|p2a: (Obvious Name)|Pressure
|turn|56
|
|t:|1654408039
|move|p1a: Weavile|Triple Axel|p2a: (Obvious Name)
|-damage|p2a: (Obvious Name)|84/100
|-damage|p2a: (Obvious Name)|73/100
|-damage|p2a: (Obvious Name)|54/100
|-hitcount|p2a: (Obvious Name)|3
|move|p2a: (Obvious Name)|Body Press|p1a: Weavile
|-supereffective|p1a: Weavile
|-damage|p1a: Weavile|0 fnt
|faint|p1a: Weavile
|
|upkeep
|
|t:|1654408044
|switch|p1a: Heliolisk|Heliolisk, M, shiny|2/100
|turn|57
|
|t:|1654408050
|move|p1a: Heliolisk|Parabolic Charge|p2a: (Obvious Name)
|-supereffective|p2a: (Obvious Name)
|-damage|p2a: (Obvious Name)|0 fnt
|-heal|p1a: Heliolisk|43/100|[from] drain|[of] p2a: (Obvious Name)
|faint|p2a: (Obvious Name)
|
|upkeep
|
|t:|1654408053
|switch|p2a: Queen|Chansey, F|48/100
|turn|58
|
|t:|1654408057
|move|p1a: Heliolisk|Parabolic Charge|p2a: Queen
|-damage|p2a: Queen|33/100
|-heal|p1a: Heliolisk|62/100|[from] drain|[of] p2a: Queen
|move|p2a: Queen|Soft-Boiled|p2a: Queen
|-heal|p2a: Queen|83/100
|
|upkeep
|turn|59
|c| TPerZ|What?
|
|t:|1654408062
|move|p1a: Heliolisk|Parabolic Charge|p2a: Queen
|-damage|p2a: Queen|68/100
|-heal|p1a: Heliolisk|82/100|[from] drain|[of] p2a: Queen
|move|p2a: Queen|Toxic|p1a: Heliolisk
|-status|p1a: Heliolisk|tox
|
|-damage|p1a: Heliolisk|76/100 tox|[from] psn
|upkeep
|turn|60
|
|t:|1654408070
|move|p1a: Heliolisk|Parabolic Charge|p2a: Queen
|-damage|p2a: Queen|54/100
|-heal|p1a: Heliolisk|94/100 tox|[from] drain|[of] p2a: Queen
|move|p2a: Queen|Soft-Boiled|p2a: Queen
|-heal|p2a: Queen|100/100
|
|-damage|p1a: Heliolisk|82/100 tox|[from] psn
|upkeep
|turn|61
|
|t:|1654408078
|move|p1a: Heliolisk|Parabolic Charge|p2a: Queen
|-damage|p2a: Queen|86/100
|-heal|p1a: Heliolisk|100/100 tox|[from] drain|[of] p2a: Queen
|move|p2a: Queen|Seismic Toss|p1a: Heliolisk
|-damage|p1a: Heliolisk|63/100 tox
|
|-damage|p1a: Heliolisk|45/100 tox|[from] psn
|upkeep
|turn|62
|c|☆Iknowup|What what
|inactive|Iknowup has 120 seconds left.
|l| Crowv2
|j| Crowv2
|c|☆Iknowup|Sacked Corviknight to not risk something strong like hyper voice 2HKOing Chansey
|
|t:|1654408130
|move|p1a: Heliolisk|Parabolic Charge|p2a: Queen
|-crit|p2a: Queen
|-damage|p2a: Queen|67/100
|-heal|p1a: Heliolisk|70/100 tox|[from] drain|[of] p2a: Queen
|move|p2a: Queen|Soft-Boiled|p2a: Queen
|-heal|p2a: Queen|100/100
|
|-damage|p1a: Heliolisk|46/100 tox|[from] psn
|upkeep
|turn|63
|
|t:|1654408152
|move|p1a: Heliolisk|Parabolic Charge|p2a: Queen
|-damage|p2a: Queen|86/100
|-heal|p1a: Heliolisk|66/100 tox|[from] drain|[of] p2a: Queen
|move|p2a: Queen|Seismic Toss|p1a: Heliolisk
|-damage|p1a: Heliolisk|28/100 tox
|
|-damage|p1a: Heliolisk|0 fnt|[from] psn
|faint|p1a: Heliolisk
|
|win|Iknowup
|upkeep
|raw|2(H2O)'s rating: 1655 &rarr; <strong>1638</strong><br />(-17 for losing)
|raw|Iknowup's rating: 1703 &rarr; <strong>1720</strong><br />(+17 for winning)
|l|☆2(H2O)
