|j|☆Bayb The 2nd
|j|☆Colonel Rivai
|t:|1650107428
|gametype|singles
|player|p1|Bayb The 2nd|acetrainer|1708
|player|p2|Colonel Rivai|169|1612
|teamsize|p1|6
|teamsize|p2|6
|gen|8
|tier|[Gen 8] OU
|rated|
|rule|Sleep Clause Mod: Limit one foe put to sleep
|rule|Species Clause: Limit one of each Pokémon
|rule|OHKO Clause: OHKO moves are banned
|rule|Evasion Moves Clause: Evasion moves are banned
|rule|Endless Battle Clause: Forcing endless battles is banned
|rule|HP Percentage Mod: HP is shown in percentages
|rule|Dynamax Clause: You cannot dynamax
|clearpoke
|poke|p1|Heracross, M|
|poke|p1|Mimikyu, F|
|poke|p1|Slowking, M|
|poke|p1|Steelix, M|
|poke|p1|Corviknight, M|
|poke|p1|Hawlucha, F|
|poke|p2|Glastrier|
|poke|p2|Tapu Fini|
|poke|p2|Ferrothorn, M|
|poke|p2|Krookodile, F|
|poke|p2|Zapdos|
|poke|p2|Victini|
|teampreview
|inactive|Battle timer is ON: inactive players will automatically lose when time's up. (requested by Bayb The 2nd)
|
|t:|1650107445
|start
|switch|p1a: Slowking|Slowking, M|100/100
|switch|p2a: Panamera|Glastrier|100/100
|turn|1
|inactive|Bayb The 2nd has 120 seconds left.
|
|t:|1650107479
|move|p2a: Panamera|Megahorn|p1a: Slowking
|-supereffective|p1a: Slowking
|-damage|p1a: Slowking|0 fnt
|faint|p1a: Slowking
|-ability|p2a: Panamera|Chilling Neigh|boost
|-boost|p2a: Panamera|atk|1
|
|upkeep
|inactive|Bayb The 2nd has 120 seconds left.
|
|t:|1650107485
|switch|p1a: Steelix|Steelix, M|100/100
|turn|2
|
|t:|1650107495
|switch|p2a: F-150|Ferrothorn, M|100/100
|move|p1a: Steelix|Stealth Rock|p2a: F-150
|-sidestart|p2: Colonel Rivai|move: Stealth Rock
|
|upkeep
|turn|3
|inactive|Bayb The 2nd has 120 seconds left.
|
|t:|1650107518
|switch|p1a: Corviknight|Corviknight, M|100/100
|-ability|p1a: Corviknight|Pressure
|move|p2a: F-150|Leech Seed|p1a: Corviknight
|-start|p1a: Corviknight|move: Leech Seed
|
|-damage|p1a: Corviknight|88/100|[from] Leech Seed|[of] p2a: F-150
|upkeep
|turn|4
|
|t:|1650107522
|switch|p1a: Hawlucha|Hawlucha, F|100/100
|move|p2a: F-150|Spikes|p1a: Hawlucha
|-sidestart|p1: Bayb The 2nd|Spikes
|
|upkeep
|turn|5
|
|t:|1650107527
|switch|p2a: Tesla|Zapdos|100/100
|move|p1a: Hawlucha|Substitute|p1a: Hawlucha
|-start|p1a: Hawlucha|Substitute
|-damage|p1a: Hawlucha|76/100
|
|upkeep
|turn|6
|
|t:|1650107531
|move|p1a: Hawlucha|Swords Dance|p1a: Hawlucha
|-boost|p1a: Hawlucha|atk|2
|move|p2a: Tesla|Volt Switch|p1a: Hawlucha
|-supereffective|p1a: Hawlucha
|-end|p1a: Hawlucha|Substitute
|
|t:|1650107534
|switch|p2a: F-150|Ferrothorn, M|100/100|[from]move: Volt Switch
|-damage|p2a: F-150|94/100|[from] Stealth Rock
|
|upkeep
|turn|7
|
|t:|1650107538
|switch|p2a: Tesla|Zapdos|100/100
|move|p1a: Hawlucha|Swords Dance|p1a: Hawlucha
|-boost|p1a: Hawlucha|atk|2
|
|upkeep
|turn|8
|
|t:|1650107542
|move|p1a: Hawlucha|Substitute|p1a: Hawlucha
|-start|p1a: Hawlucha|Substitute
|-damage|p1a: Hawlucha|51/100
|move|p2a: Tesla|Volt Switch|p1a: Hawlucha
|-supereffective|p1a: Hawlucha
|-end|p1a: Hawlucha|Substitute
|
|t:|1650107547
|switch|p2a: Hellcat|Victini|100/100|[from]move: Volt Switch
|
|upkeep
|turn|9
|
|t:|1650107551
|move|p1a: Hawlucha|Substitute|p1a: Hawlucha
|-start|p1a: Hawlucha|Substitute
|-damage|p1a: Hawlucha|26/100
|-enditem|p1a: Hawlucha|Sitrus Berry|[eat]
|-heal|p1a: Hawlucha|51/100|[from] item: Sitrus Berry
|move|p2a: Hellcat|Bolt Strike|p1a: Hawlucha
|-supereffective|p1a: Hawlucha
|-end|p1a: Hawlucha|Substitute
|
|upkeep
|turn|10
|
|t:|1650107555
|switch|p2a: Tesla|Zapdos|100/100
|move|p1a: Hawlucha|Acrobatics|p2a: Tesla
|-resisted|p2a: Tesla
|-damage|p2a: Tesla|49/100
|
|upkeep
|turn|11
|
|t:|1650107558
|switch|p2a: F-150|Ferrothorn, M|94/100
|-damage|p2a: F-150|88/100|[from] Stealth Rock
|move|p1a: Hawlucha|Close Combat|p2a: F-150
|-supereffective|p2a: F-150
|-damage|p2a: F-150|0 fnt
|-unboost|p1a: Hawlucha|def|1
|-unboost|p1a: Hawlucha|spd|1
|-damage|p1a: Hawlucha|38/100|[from] ability: Iron Barbs|[of] p2a: F-150
|-damage|p1a: Hawlucha|22/100|[from] item: Rocky Helmet|[of] p2a: F-150
|faint|p2a: F-150
|
|upkeep
|
|t:|1650107568
|switch|p2a: Charger|Krookodile, F|100/100
|-damage|p2a: Charger|94/100|[from] Stealth Rock
|turn|12
|
|t:|1650107571
|move|p1a: Hawlucha|Close Combat|p2a: Charger
|-supereffective|p2a: Charger
|-damage|p2a: Charger|0 fnt
|-unboost|p1a: Hawlucha|def|1
|-unboost|p1a: Hawlucha|spd|1
|faint|p2a: Charger
|
|upkeep
|l|☆Colonel Rivai
|inactive|Colonel Rivai disconnected and has a minute to reconnect!
|player|p2|
|c|☆Bayb The 2nd|hahahahaha
|c|☆Bayb The 2nd|/log Bayb The 2nd made this room public.
|inactive|Colonel Rivai has 30 seconds to reconnect!
|inactive|Colonel Rivai has 20 seconds to reconnect!
|inactive|Colonel Rivai has 15 seconds to reconnect!
|inactive|Colonel Rivai has 10 seconds to reconnect!
|inactive|Colonel Rivai has 5 seconds to reconnect!
|-message|Colonel Rivai lost due to inactivity.
|
|win|Bayb The 2nd
|raw|Bayb The 2nd's rating: 1708 &rarr; <strong>1723</strong><br />(+15 for winning)
|raw|Colonel Rivai's rating: 1612 &rarr; <strong>1597</strong><br />(-15 for losing)
