|raw|<div class="broadcast-blue"><strong>This battle is required to be public due to a player having a name starting with 'LT73IU'.</div>
|j|☆lt73iu vert
|j|☆BugCatcherWeevil
|t:|1598713793
|player|p1|lt73iu vert|hoopster|1829
|player|p2|BugCatcherWeevil|7|1785
|teamsize|p1|6
|teamsize|p2|6
|gametype|singles
|gen|8
|tier|[Gen 8] OU
|rated|
|clearpoke
|poke|p1|Aegislash, M|
|poke|p1|Urshifu-*, M|
|poke|p1|Volcarona, M|
|poke|p1|Mew|
|poke|p1|Rillaboom, M|
|poke|p1|Hawlucha, M|
|poke|p2|Amoonguss, M|
|poke|p2|Clefable, M|
|poke|p2|Skarmory, F|
|poke|p2|Urshifu-*, F|
|poke|p2|Dragapult, M|
|poke|p2|Magnezone|
|rule|Sleep Clause Mod: Limit one foe put to sleep
|rule|Species Clause: Limit one of each Pokémon
|rule|OHKO Clause: OHKO moves are banned
|rule|Evasion Moves Clause: Evasion moves are banned
|rule|Endless Battle Clause: Forcing endless battles is banned
|rule|HP Percentage Mod: HP is shown in percentages
|rule|Dynamax Clause: You cannot dynamax
|teampreview
|
|t:|1598713819
|start
|switch|p1a: Mew|Mew|100/100
|switch|p2a: Magnezone|Magnezone|100/100
|turn|1
|
|t:|1598713823
|move|p1a: Mew|Earthquake|p2a: Magnezone
|-supereffective|p2a: Magnezone
|-damage|p2a: Magnezone|0 fnt
|faint|p2a: Magnezone
|
|upkeep
|
|t:|1598713828
|switch|p2a: Urshifu|Urshifu, F|100/100
|turn|2
|
|t:|1598713832
|move|p1a: Mew|Stealth Rock|p2a: Urshifu
|-sidestart|p2: BugCatcherWeevil|move: Stealth Rock
|move|p2a: Urshifu|Wicked Blow|p1a: Mew
|-supereffective|p1a: Mew
|-crit|p1a: Mew
|-enditem|p1a: Mew|Focus Sash
|-damage|p1a: Mew|1/100
|-damage|p2a: Urshifu|91/100|[from] item: Life Orb
|
|upkeep
|turn|3
|
|t:|1598713839
|move|p1a: Mew|Spikes|p2a: Urshifu
|-sidestart|p2: BugCatcherWeevil|Spikes
|move|p2a: Urshifu|Wicked Blow|p1a: Mew
|-supereffective|p1a: Mew
|-crit|p1a: Mew
|-damage|p1a: Mew|0 fnt
|-damage|p2a: Urshifu|81/100|[from] item: Life Orb
|faint|p1a: Mew
|
|upkeep
|
|t:|1598713845
|switch|p1a: Volcarona|Volcarona, M|100/100
|turn|4
|
|t:|1598713848
|move|p1a: Volcarona|Bug Buzz|p2a: Urshifu
|-damage|p2a: Urshifu|9/100
|move|p2a: Urshifu|Wicked Blow|p1a: Volcarona
|-crit|p1a: Volcarona
|-damage|p1a: Volcarona|0 fnt
|-status|p2a: Urshifu|brn|[from] ability: Flame Body|[of] p1a: Volcarona
|-damage|p2a: Urshifu|0 fnt|[from] item: Life Orb
|faint|p1a: Volcarona
|faint|p2a: Urshifu
|
|upkeep
|
|t:|1598713865
|switch|p1a: Rillaboom|Rillaboom, M|100/100
|switch|p2a: Amoonguss|Amoonguss, M|100/100
|-fieldstart|move: Grassy Terrain|[from] ability: Grassy Surge|[of] p1a: Rillaboom
|-damage|p2a: Amoonguss|88/100|[from] Spikes
|-damage|p2a: Amoonguss|76/100|[from] Stealth Rock
|turn|5
|
|t:|1598713876
|switch|p1a: Urshifu|Urshifu, M|100/100
|move|p2a: Amoonguss|Sludge Bomb|p1a: Urshifu
|-damage|p1a: Urshifu|58/100
|
|-heal|p1a: Urshifu|64/100|[from] Grassy Terrain
|-heal|p2a: Amoonguss|82/100|[from] Grassy Terrain
|upkeep
|turn|6
|
|t:|1598713884
|move|p1a: Urshifu|Wicked Blow|p2a: Amoonguss
|-crit|p2a: Amoonguss
|-damage|p2a: Amoonguss|16/100
|-damage|p1a: Urshifu|48/100|[from] item: Rocky Helmet|[of] p2a: Amoonguss
|-damage|p1a: Urshifu|38/100|[from] item: Life Orb
|move|p2a: Amoonguss|Spore|p1a: Urshifu
|-status|p1a: Urshifu|slp|[from] move: Spore
|
|-heal|p1a: Urshifu|44/100 slp|[from] Grassy Terrain
|-heal|p2a: Amoonguss|22/100|[from] Grassy Terrain
|upkeep
|turn|7
|
|t:|1598713893
|switch|p1a: Aegislash|Aegislash, M|100/100
|move|p2a: Amoonguss|Giga Drain|p1a: Aegislash
|-resisted|p1a: Aegislash
|-damage|p1a: Aegislash|87/100
|-heal|p2a: Amoonguss|26/100|[from] drain|[of] p1a: Aegislash
|
|-heal|p1a: Aegislash|93/100|[from] Grassy Terrain
|-heal|p2a: Amoonguss|32/100|[from] Grassy Terrain
|upkeep
|turn|8
|
|t:|1598713905
|switch|p2a: Skarmory|Skarmory, F|100/100
|-damage|p2a: Skarmory|88/100|[from] Stealth Rock
|move|p1a: Aegislash|Swords Dance|p1a: Aegislash
|-boost|p1a: Aegislash|atk|2
|
|-heal|p1a: Aegislash|99/100|[from] Grassy Terrain
|upkeep
|turn|9
|
|t:|1598713912
|-formechange|p1a: Aegislash|Aegislash-Blade||[from] ability: Stance Change
|move|p1a: Aegislash|Close Combat|p2a: Skarmory
|-damage|p2a: Skarmory|15/100
|-unboost|p1a: Aegislash|def|1
|-unboost|p1a: Aegislash|spd|1
|-damage|p1a: Aegislash|82/100|[from] item: Rocky Helmet|[of] p2a: Skarmory
|-damage|p1a: Aegislash|73/100|[from] item: Life Orb
|move|p2a: Skarmory|Defog|p1a: Aegislash
|-unboost|p1a: Aegislash|evasion|1
|-sideend|p2: BugCatcherWeevil|Spikes|[from] move: Defog|[of] p2a: Skarmory
|-sideend|p2: BugCatcherWeevil|Stealth Rock|[from] move: Defog|[of] p2a: Skarmory
|-fieldend|move: Grassy Terrain
|
|upkeep
|turn|10
|
|t:|1598713925
|move|p1a: Aegislash|Close Combat|p2a: Skarmory
|-damage|p2a: Skarmory|0 fnt
|-unboost|p1a: Aegislash|def|1
|-unboost|p1a: Aegislash|spd|1
|-damage|p1a: Aegislash|56/100|[from] item: Rocky Helmet|[of] p2a: Skarmory
|-damage|p1a: Aegislash|46/100|[from] item: Life Orb
|faint|p2a: Skarmory
|
|upkeep
|
|t:|1598713932
|switch|p2a: Amoonguss|Amoonguss, M|65/100
|turn|11
|
|t:|1598713937
|switch|p2a: Clefable|Clefable, M|100/100
|move|p1a: Aegislash|Iron Head|p2a: Clefable
|-supereffective|p2a: Clefable
|-damage|p2a: Clefable|0 fnt
|-damage|p1a: Aegislash|36/100|[from] item: Life Orb
|faint|p2a: Clefable
|
|upkeep
|
|t:|1598713944
|switch|p2a: Amoonguss|Amoonguss, M|98/100
|turn|12
|
|t:|1598713948
|move|p1a: Aegislash|Iron Head|p2a: Amoonguss
|-damage|p2a: Amoonguss|0 fnt
|-damage|p1a: Aegislash|20/100|[from] item: Rocky Helmet|[of] p2a: Amoonguss
|-damage|p1a: Aegislash|10/100|[from] item: Life Orb
|faint|p2a: Amoonguss
|
|upkeep
|c|☆lt73iu vert|gg
|-message|BugCatcherWeevil forfeited.
|
|win|lt73iu vert
|l|☆BugCatcherWeevil
|raw|lt73iu vert's rating: 1829 &rarr; <strong>1846</strong><br />(+17 for winning)
|raw|BugCatcherWeevil's rating: 1765 &rarr; <strong>1748</strong><br />(-17 for losing)
