|j|☆jawabarat
|j|☆ninjamage13
|t:|1650565651
|gametype|singles
|player|p1|jawabarat|artist-gen4|1842
|player|p2|ninjamage13|riley|1888
|teamsize|p1|6
|teamsize|p2|6
|gen|8
|tier|[Gen 8] OU
|rated|
|rule|Sleep Clause Mod: Limit one foe put to sleep
|rule|Species Clause: Limit one of each Pokémon
|rule|OHKO Clause: OHKO moves are banned
|rule|Evasion Moves Clause: Evasion moves are banned
|rule|Endless Battle Clause: Forcing endless battles is banned
|rule|HP Percentage Mod: HP is shown in percentages
|rule|Dynamax Clause: You cannot dynamax
|clearpoke
|poke|p1|Kartana|
|poke|p1|Weavile, M|
|poke|p1|Dragapult, F|
|poke|p1|Volcanion|
|poke|p1|Landorus-Therian, M|
|poke|p1|Melmetal|
|poke|p2|Mamoswine, F|
|poke|p2|Primarina, F|
|poke|p2|Zapdos|
|poke|p2|Victini|
|poke|p2|Ferrothorn, M|
|poke|p2|Latios, M|
|teampreview
|c|☆jawabarat|hf
|c|☆ninjamage13|u2
|inactive|Battle timer is ON: inactive players will automatically lose when time's up. (requested by jawabarat)
|j| Invisible flame
|j| pyh333
|
|t:|1650565682
|start
|switch|p1a: DAGDA|Melmetal|100/100
|switch|p2a: HORRIBLY RIGHT|Mamoswine, F|100/100
|turn|1
|j| OMEGA LUL c2
|
|t:|1650565697
|switch|p2a: CAPALA|Zapdos|100/100
|move|p1a: DAGDA|Double Iron Bash|p2a: CAPALA
|-resisted|p2a: CAPALA
|-damage|p2a: CAPALA|83/100
|-resisted|p2a: CAPALA
|-damage|p2a: CAPALA|64/100
|-hitcount|p2a: CAPALA|2
|
|upkeep
|turn|2
|
|t:|1650565705
|move|p2a: CAPALA|Roost|p2a: CAPALA
|-heal|p2a: CAPALA|100/100
|-singleturn|p2a: CAPALA|move: Roost
|move|p1a: DAGDA|Ice Punch|p2a: CAPALA
|-damage|p2a: CAPALA|73/100
|
|upkeep
|turn|3
|
|t:|1650565709
|switch|p1a: LEADERSHIP STARS|Landorus-Therian, M|100/100
|-ability|p1a: LEADERSHIP STARS|Intimidate|boost
|-unboost|p2a: CAPALA|atk|1
|move|p2a: CAPALA|Volt Switch|p1a: LEADERSHIP STARS
|-immune|p1a: LEADERSHIP STARS
|
|upkeep
|turn|4
|
|t:|1650565716
|switch|p2a: SPINE CURVES|Ferrothorn, M|100/100
|move|p1a: LEADERSHIP STARS|Stealth Rock|p2a: SPINE CURVES
|-sidestart|p2: ninjamage13|move: Stealth Rock
|
|upkeep
|turn|5
|
|t:|1650565728
|switch|p1a: EYVEL|Volcanion|100/100
|move|p2a: SPINE CURVES|Thunder Wave|p1a: EYVEL
|-status|p1a: EYVEL|par
|
|upkeep
|turn|6
|
|t:|1650565743
|switch|p2a: TESSELATE|Latios, M|100/100
|-damage|p2a: TESSELATE|88/100|[from] Stealth Rock
|move|p1a: EYVEL|Flamethrower|p2a: TESSELATE
|-resisted|p2a: TESSELATE
|-damage|p2a: TESSELATE|61/100
|
|upkeep
|turn|7
|j| jyai
|
|t:|1650565763
|move|p2a: TESSELATE|Draco Meteor|p1a: EYVEL
|-damage|p1a: EYVEL|15/100 par
|-unboost|p2a: TESSELATE|spa|2
|move|p1a: EYVEL|Steam Eruption|p2a: TESSELATE
|-resisted|p2a: TESSELATE
|-damage|p2a: TESSELATE|29/100
|
|upkeep
|turn|8
|
|t:|1650565771
|switch|p1a: DAGDA|Melmetal|100/100
|move|p2a: TESSELATE|Draco Meteor|p1a: DAGDA
|-resisted|p1a: DAGDA
|-damage|p1a: DAGDA|83/100
|-unboost|p2a: TESSELATE|spa|2
|
|upkeep
|turn|9
|
|t:|1650565781
|switch|p2a: CAPALA|Zapdos|73/100
|move|p1a: DAGDA|Double Iron Bash|p2a: CAPALA
|-resisted|p2a: CAPALA
|-damage|p2a: CAPALA|54/100
|-resisted|p2a: CAPALA
|-crit|p2a: CAPALA
|-damage|p2a: CAPALA|27/100
|-hitcount|p2a: CAPALA|2
|
|upkeep
|turn|10
|
|t:|1650565789
|move|p2a: CAPALA|Roost|p2a: CAPALA
|-heal|p2a: CAPALA|77/100
|-singleturn|p2a: CAPALA|move: Roost
|move|p1a: DAGDA|Ice Punch|p2a: CAPALA
|-crit|p2a: CAPALA
|-damage|p2a: CAPALA|30/100
|-status|p2a: CAPALA|frz
|
|upkeep
|turn|11
|inactive|ninjamage13 has 120 seconds left.
|
|t:|1650565820
|-curestatus|p2a: CAPALA|frz|[msg]
|move|p2a: CAPALA|Defog|p1a: DAGDA
|-unboost|p1a: DAGDA|evasion|1
|-sideend|p2: ninjamage13|Stealth Rock|[from] move: Defog|[of] p2a: CAPALA
|move|p1a: DAGDA|Double Iron Bash|p2a: CAPALA
|-resisted|p2a: CAPALA
|-damage|p2a: CAPALA|13/100
|-resisted|p2a: CAPALA
|-damage|p2a: CAPALA|0 fnt
|faint|p2a: CAPALA
|-hitcount|p2: CAPALA|2
|
|upkeep
|inactive|ninjamage13 has 120 seconds left.
|
|t:|1650565837
|switch|p2a: HOT THOUGHTS|Victini|100/100
|turn|12
|
|t:|1650565848
|switch|p1a: EYVEL|Volcanion|15/100 par
|move|p2a: HOT THOUGHTS|U-turn|p1a: EYVEL
|-resisted|p1a: EYVEL
|-damage|p1a: EYVEL|5/100 par
|
|t:|1650565857
|switch|p2a: SEA CHANGE|Primarina, F|100/100|[from]move: U-turn
|
|upkeep
|turn|13
|j| tapu moxo
|
|t:|1650565863
|move|p2a: SEA CHANGE|Moonblast|p1a: EYVEL
|-resisted|p1a: EYVEL
|-damage|p1a: EYVEL|0 fnt
|faint|p1a: EYVEL
|
|upkeep
|
|t:|1650565873
|switch|p1a: DAGDA|Melmetal|83/100
|turn|14
|
|t:|1650565880
|switch|p2a: SPINE CURVES|Ferrothorn, M|100/100
|move|p1a: DAGDA|Double Iron Bash|p2a: SPINE CURVES
|-resisted|p2a: SPINE CURVES
|-damage|p2a: SPINE CURVES|87/100
|-activate|p2a: SPINE CURVES|ability: Iron Barbs
|-activate|p1a: DAGDA|item: Protective Pads
|-resisted|p2a: SPINE CURVES
|-damage|p2a: SPINE CURVES|75/100
|-activate|p2a: SPINE CURVES|ability: Iron Barbs
|-activate|p1a: DAGDA|item: Protective Pads
|-hitcount|p2a: SPINE CURVES|2
|
|-heal|p2a: SPINE CURVES|81/100|[from] item: Leftovers
|upkeep
|turn|15
|
|t:|1650565894
|move|p1a: DAGDA|Double Iron Bash|p2a: SPINE CURVES
|-resisted|p2a: SPINE CURVES
|-damage|p2a: SPINE CURVES|69/100
|-activate|p2a: SPINE CURVES|ability: Iron Barbs
|-activate|p1a: DAGDA|item: Protective Pads
|-resisted|p2a: SPINE CURVES
|-damage|p2a: SPINE CURVES|56/100
|-activate|p2a: SPINE CURVES|ability: Iron Barbs
|-activate|p1a: DAGDA|item: Protective Pads
|-hitcount|p2a: SPINE CURVES|2
|move|p2a: SPINE CURVES|Stealth Rock|p1a: DAGDA
|-sidestart|p1: jawabarat|move: Stealth Rock
|
|-heal|p2a: SPINE CURVES|62/100|[from] item: Leftovers
|upkeep
|turn|16
|
|t:|1650565903
|move|p1a: DAGDA|Superpower|p2a: SPINE CURVES
|-supereffective|p2a: SPINE CURVES
|-damage|p2a: SPINE CURVES|8/100
|-unboost|p1a: DAGDA|atk|1
|-unboost|p1a: DAGDA|def|1
|-activate|p2a: SPINE CURVES|ability: Iron Barbs
|-activate|p1a: DAGDA|item: Protective Pads
|move|p2a: SPINE CURVES|Leech Seed|p1a: DAGDA
|-start|p1a: DAGDA|move: Leech Seed
|
|-heal|p2a: SPINE CURVES|14/100|[from] item: Leftovers
|-damage|p1a: DAGDA|70/100|[from] Leech Seed|[of] p2a: SPINE CURVES
|-heal|p2a: SPINE CURVES|30/100|[silent]
|upkeep
|turn|17
|
|t:|1650565915
|switch|p1a: LEADERSHIP STARS|Landorus-Therian, M|100/100
|-damage|p1a: LEADERSHIP STARS|88/100|[from] Stealth Rock
|-ability|p1a: LEADERSHIP STARS|Intimidate|boost
|-unboost|p2a: SPINE CURVES|atk|1
|move|p2a: SPINE CURVES|Thunder Wave|p1a: LEADERSHIP STARS
|-immune|p1a: LEADERSHIP STARS
|
|-heal|p1a: LEADERSHIP STARS|94/100|[from] item: Leftovers
|-heal|p2a: SPINE CURVES|36/100|[from] item: Leftovers
|upkeep
|turn|18
|
|t:|1650565923
|switch|p2a: HORRIBLY RIGHT|Mamoswine, F|100/100
|move|p1a: LEADERSHIP STARS|Earthquake|p2a: HORRIBLY RIGHT
|-crit|p2a: HORRIBLY RIGHT
|-damage|p2a: HORRIBLY RIGHT|17/100
|
|-heal|p1a: LEADERSHIP STARS|99/100|[from] item: Leftovers
|upkeep
|turn|19
|
|t:|1650565938
|switch|p1a: FOG OF WAR|Dragapult, F|100/100
|-damage|p1a: FOG OF WAR|88/100|[from] Stealth Rock
|move|p2a: HORRIBLY RIGHT|Icicle Crash|p1a: FOG OF WAR
|-supereffective|p1a: FOG OF WAR
|-damage|p1a: FOG OF WAR|0 fnt
|faint|p1a: FOG OF WAR
|
|upkeep
|inactive|jawabarat has 120 seconds left.
|
|t:|1650565963
|switch|p1a: PUGI|Weavile, M|100/100
|-damage|p1a: PUGI|76/100|[from] Stealth Rock
|-ability|p1a: PUGI|Pressure
|turn|20
|j| jasnoas
|
|t:|1650565972
|switch|p2a: SPINE CURVES|Ferrothorn, M|36/100
|move|p1a: PUGI|Knock Off|p2a: SPINE CURVES
|-damage|p2a: SPINE CURVES|0 fnt
|-damage|p1a: PUGI|63/100|[from] ability: Iron Barbs|[of] p2a: SPINE CURVES
|-enditem|p2a: SPINE CURVES|Leftovers|[from] move: Knock Off|[of] p1a: PUGI
|faint|p2a: SPINE CURVES
|
|upkeep
|
|t:|1650565975
|switch|p2a: SEA CHANGE|Primarina, F|100/100
|turn|21
|l|jasnoas
|j| NovaFish21
|j| Amaja8
|j| 0wt0rez
|inactive|jawabarat has 120 seconds left.
|
|t:|1650566000
|move|p1a: PUGI|Knock Off|p2a: SEA CHANGE
|-resisted|p2a: SEA CHANGE
|-damage|p2a: SEA CHANGE|61/100
|-enditem|p2a: SEA CHANGE|Leftovers|[from] move: Knock Off|[of] p1a: PUGI
|move|p2a: SEA CHANGE|Scald|p1a: PUGI
|-damage|p1a: PUGI|17/100
|
|upkeep
|turn|22
|l| 0wt0rez
|
|t:|1650566011
|move|p1a: PUGI|Knock Off|p2a: SEA CHANGE
|-resisted|p2a: SEA CHANGE
|-damage|p2a: SEA CHANGE|33/100
|move|p2a: SEA CHANGE|Scald|p1a: PUGI
|-damage|p1a: PUGI|0 fnt
|faint|p1a: PUGI
|
|upkeep
|
|t:|1650566016
|switch|p1a: MARTY PARTY|Kartana|100/100
|-damage|p1a: MARTY PARTY|94/100|[from] Stealth Rock
|turn|23
|
|t:|1650566028
|move|p1a: MARTY PARTY|Leaf Blade|p2a: SEA CHANGE
|-supereffective|p2a: SEA CHANGE
|-crit|p2a: SEA CHANGE
|-damage|p2a: SEA CHANGE|0 fnt
|faint|p2a: SEA CHANGE
|-ability|p1a: MARTY PARTY|Beast Boost|boost
|-boost|p1a: MARTY PARTY|atk|1
|
|upkeep
|
|t:|1650566032
|switch|p2a: HOT THOUGHTS|Victini|100/100
|turn|24
|
|t:|1650566041
|switch|p1a: DAGDA|Melmetal|70/100
|-damage|p1a: DAGDA|64/100|[from] Stealth Rock
|move|p2a: HOT THOUGHTS|Glaciate|p1a: DAGDA
|-resisted|p1a: DAGDA
|-damage|p1a: DAGDA|57/100
|-unboost|p1a: DAGDA|spe|1
|
|upkeep
|turn|25
|
|t:|1650566070
|move|p2a: HOT THOUGHTS|V-create|p1a: DAGDA
|-supereffective|p1a: DAGDA
|-damage|p1a: DAGDA|0 fnt
|-unboost|p2a: HOT THOUGHTS|spe|1
|-unboost|p2a: HOT THOUGHTS|def|1
|-unboost|p2a: HOT THOUGHTS|spd|1
|faint|p1a: DAGDA
|
|upkeep
|
|t:|1650566075
|switch|p1a: MARTY PARTY|Kartana|94/100
|-damage|p1a: MARTY PARTY|88/100|[from] Stealth Rock
|turn|26
|
|t:|1650566086
|switch|p2a: HORRIBLY RIGHT|Mamoswine, F|17/100
|move|p1a: MARTY PARTY|Knock Off|p2a: HORRIBLY RIGHT
|-damage|p2a: HORRIBLY RIGHT|0 fnt
|-enditem|p2a: HORRIBLY RIGHT|Expert Belt|[from] move: Knock Off|[of] p1a: MARTY PARTY
|faint|p2a: HORRIBLY RIGHT
|-ability|p1a: MARTY PARTY|Beast Boost|boost
|-boost|p1a: MARTY PARTY|atk|1
|
|upkeep
|
|t:|1650566091
|switch|p2a: TESSELATE|Latios, M|29/100
|turn|27
|
|t:|1650566106
|move|p2a: TESSELATE|Draco Meteor|p1a: MARTY PARTY
|-resisted|p1a: MARTY PARTY
|-damage|p1a: MARTY PARTY|0 fnt
|-unboost|p2a: TESSELATE|spa|2
|faint|p1a: MARTY PARTY
|
|upkeep
|
|t:|1650566108
|switch|p1a: LEADERSHIP STARS|Landorus-Therian, M|99/100
|-damage|p1a: LEADERSHIP STARS|88/100|[from] Stealth Rock
|-ability|p1a: LEADERSHIP STARS|Intimidate|boost
|-unboost|p2a: TESSELATE|atk|1
|turn|28
|
|t:|1650566117
|switch|p2a: HOT THOUGHTS|Victini|100/100
|move|p1a: LEADERSHIP STARS|Earthquake|p2a: HOT THOUGHTS
|-supereffective|p2a: HOT THOUGHTS
|-damage|p2a: HOT THOUGHTS|0 fnt
|faint|p2a: HOT THOUGHTS
|
|-heal|p1a: LEADERSHIP STARS|94/100|[from] item: Leftovers
|upkeep
|
|t:|1650566121
|switch|p2a: TESSELATE|Latios, M|29/100
|turn|29
|
|t:|1650566125
|move|p2a: TESSELATE|Draco Meteor|p1a: LEADERSHIP STARS
|-damage|p1a: LEADERSHIP STARS|44/100
|-unboost|p2a: TESSELATE|spa|2
|move|p1a: LEADERSHIP STARS|U-turn|p2a: TESSELATE
|-supereffective|p2a: TESSELATE
|-damage|p2a: TESSELATE|0 fnt
|faint|p2a: TESSELATE
|
|win|jawabarat
|raw|jawabarat's rating: 1842 &rarr; <strong>1865</strong><br />(+23 for winning)
|raw|ninjamage13's rating: 1888 &rarr; <strong>1865</strong><br />(-23 for losing)
|c|☆jawabarat|gg
|c|☆ninjamage13|what a fucking throw
|c|☆jawabarat|yeah
|c|☆ninjamage13|good god
|c|☆ninjamage13|gg
|c|☆jawabarat|was thinking that
|c|☆jawabarat|I could only play for the throw lmao
|l|☆jawabarat
