|j|☆TheQzertz
|j|☆Maitredouard2
|t:|1664189808
|gametype|singles
|player|p1|TheQzertz|266|1627
|player|p2|Maitredouard2|lance|1665
|teamsize|p1|6
|teamsize|p2|6
|gen|8
|tier|[Gen 8] OU
|rated|
|rule|Sleep Clause Mod: Limit one foe put to sleep
|rule|Species Clause: Limit one of each Pokémon
|rule|OHKO Clause: OHKO moves are banned
|rule|Evasion Items Clause: Evasion items are banned
|rule|Evasion Moves Clause: Evasion moves are banned
|rule|Endless Battle Clause: Forcing endless battles is banned
|rule|HP Percentage Mod: HP is shown in percentages
|rule|Dynamax Clause: You cannot dynamax
|clearpoke
|poke|p1|Tapu Lele|
|poke|p1|Garchomp, M|
|poke|p1|Ferrothorn, F|
|poke|p1|Tornadus-Therian, M|
|poke|p1|Heatran, M|
|poke|p1|Weavile, M|
|poke|p2|Mandibuzz, F|
|poke|p2|Landorus-Therian, M|
|poke|p2|Blissey, F|
|poke|p2|Heatran, F|
|poke|p2|Toxapex, F|
|poke|p2|Tapu Lele|
|teampreview
|
|t:|1664189834
|start
|switch|p1a: Garchomp|Garchomp, M|100/100
|switch|p2a: Landorus|Landorus-Therian, M|100/100
|-ability|p2a: Landorus|Intimidate|boost
|-unboost|p1a: Garchomp|atk|1
|turn|1
|
|t:|1664189855
|switch|p2a: Tapu Lele|Tapu Lele|100/100
|-fieldstart|move: Psychic Terrain|[from] ability: Psychic Surge|[of] p2a: Tapu Lele
|move|p1a: Garchomp|Stealth Rock|p2a: Tapu Lele
|-sidestart|p2: Maitredouard2|move: Stealth Rock
|
|upkeep
|turn|2
|inactive|Battle timer is ON: inactive players will automatically lose when time's up. (requested by Maitredouard2)
|
|t:|1664189862
|switch|p1a: Ferrothorn|Ferrothorn, F|100/100
|move|p2a: Tapu Lele|Focus Blast|p1a: Ferrothorn
|-supereffective|p1a: Ferrothorn
|-damage|p1a: Ferrothorn|1/100
|
|-heal|p1a: Ferrothorn|7/100|[from] item: Leftovers
|upkeep
|turn|3
|
|t:|1664189872
|switch|p2a: Landorus|Landorus-Therian, M|100/100
|-damage|p2a: Landorus|88/100|[from] Stealth Rock
|-ability|p2a: Landorus|Intimidate|boost
|-unboost|p1a: Ferrothorn|atk|1
|switch|p1a: Tapu Lele|Tapu Lele|100/100
|
|upkeep
|turn|4
|
|t:|1664189883
|move|p2a: Landorus|Explosion|p1a: Tapu Lele
|-damage|p1a: Tapu Lele|0 fnt
|faint|p2a: Landorus
|faint|p1a: Tapu Lele
|
|upkeep
|
|t:|1664189893
|switch|p2a: Heatran|Heatran, F|100/100
|switch|p1a: Garchomp|Garchomp, M|100/100
|-damage|p2a: Heatran|88/100|[from] Stealth Rock
|-item|p2a: Heatran|Air Balloon
|turn|5
|
|t:|1664189900
|move|p1a: Garchomp|Stone Edge|p2a: Heatran|[miss]
|-miss|p1a: Garchomp|p2a: Heatran
|move|p2a: Heatran|Stealth Rock|p1a: Garchomp
|-sidestart|p1: TheQzertz|move: Stealth Rock
|
|-fieldend|move: Psychic Terrain
|upkeep
|turn|6
|
|t:|1664189908
|switch|p2a: Mandibuzz|Mandibuzz, F|100/100
|move|p1a: Garchomp|Stone Edge|p2a: Mandibuzz
|-supereffective|p2a: Mandibuzz
|-damage|p2a: Mandibuzz|55/100
|
|upkeep
|turn|7
|
|t:|1664189917
|move|p1a: Garchomp|Swords Dance|p1a: Garchomp
|-boost|p1a: Garchomp|atk|2
|move|p2a: Mandibuzz|Roost|p2a: Mandibuzz
|-heal|p2a: Mandibuzz|100/100
|-singleturn|p2a: Mandibuzz|move: Roost
|
|upkeep
|turn|8
|
|t:|1664189924
|move|p1a: Garchomp|Stone Edge|p2a: Mandibuzz
|-supereffective|p2a: Mandibuzz
|-crit|p2a: Mandibuzz
|-damage|p2a: Mandibuzz|0 fnt
|faint|p2a: Mandibuzz
|
|upkeep
|
|t:|1664189930
|switch|p2a: Tapu Lele|Tapu Lele|100/100
|-damage|p2a: Tapu Lele|88/100|[from] Stealth Rock
|-fieldstart|move: Psychic Terrain|[from] ability: Psychic Surge|[of] p2a: Tapu Lele
|turn|9
|
|t:|1664189936
|move|p1a: Garchomp|Earthquake|p2a: Tapu Lele
|-damage|p2a: Tapu Lele|0 fnt
|faint|p2a: Tapu Lele
|
|upkeep
|-message|Maitredouard2 forfeited.
|
|win|TheQzertz
|raw|TheQzertz's rating: 1627 &rarr; <strong>1649</strong><br />(+22 for winning)
|raw|Maitredouard2's rating: 1665 &rarr; <strong>1643</strong><br />(-22 for losing)
|l|☆Maitredouard2
||Ladder isn't responding, score probably updated but might not have (Request timeout).
