|j|☆Feenieh
|j|☆jlashbacks
|t:|1667941404
|gametype|singles
|player|p1|Feenieh|psychic-gen4|1696
|player|p2|jlashbacks|youngcouple-gen4dp|1817
|teamsize|p1|6
|teamsize|p2|6
|gen|8
|tier|[Gen 8] OU
|rated|
|rule|Sleep Clause Mod: Limit one foe put to sleep
|rule|Species Clause: Limit one of each Pokémon
|rule|OHKO Clause: OHKO moves are banned
|rule|Evasion Items Clause: Evasion items are banned
|rule|Evasion Moves Clause: Evasion moves are banned
|rule|Endless Battle Clause: Forcing endless battles is banned
|rule|HP Percentage Mod: HP is shown in percentages
|rule|Dynamax Clause: You cannot dynamax
|clearpoke
|poke|p1|Corsola-Galar, F|
|poke|p1|Landorus-Therian, M|
|poke|p1|Garchomp, F|
|poke|p1|Heatran, M|
|poke|p1|Zapdos|
|poke|p1|Tyranitar, F|
|poke|p2|Heatran, F|
|poke|p2|Garchomp, M|
|poke|p2|Dragapult, M|
|poke|p2|Zapdos|
|poke|p2|Ferrothorn, F|
|poke|p2|Keldeo-Resolute|
|teampreview
|inactive|Battle timer is ON: inactive players will automatically lose when time's up. (requested by Feenieh)
|inactive|jlashbacks has 120 seconds left.
|
|t:|1667941435
|start
|switch|p1a: Shenron|Garchomp, F|100/100
|switch|p2a: Keldeo|Keldeo-Resolute|100/100
|turn|1
|
|t:|1667941447
|move|p1a: Shenron|Outrage|p2a: Keldeo
|-damage|p2a: Keldeo|22/100
|move|p2a: Keldeo|Scald|p1a: Shenron
|-damage|p1a: Shenron|32/100
|
|upkeep
|turn|2
|
|t:|1667941453
|switch|p2a: Ferrothorn|Ferrothorn, F|100/100
|move|p1a: Shenron|Outrage|p2a: Ferrothorn|[from]lockedmove
|-resisted|p2a: Ferrothorn
|-damage|p2a: Ferrothorn|83/100
|-damage|p1a: Shenron|20/100|[from] ability: Iron Barbs|[of] p2a: Ferrothorn
|-damage|p1a: Shenron|4/100|[from] item: Rocky Helmet|[of] p2a: Ferrothorn
|
|upkeep
|turn|3
|
|t:|1667941457
|move|p1a: Shenron|Outrage|p2a: Ferrothorn|[from]lockedmove
|-resisted|p2a: Ferrothorn
|-damage|p2a: Ferrothorn|66/100
|-damage|p1a: Shenron|0 fnt|[from] ability: Iron Barbs|[of] p2a: Ferrothorn
|faint|p1a: Shenron
|move|p2a: Ferrothorn|Spikes|p1: Shenron
|-sidestart|p1: Feenieh|Spikes
|
|upkeep
|
|t:|1667941460
|switch|p1a: Thor|Zapdos|100/100
|turn|4
|
|t:|1667941462
|switch|p2a: Heatran|Heatran, F|100/100
|move|p1a: Thor|Defog|p2a: Heatran
|-unboost|p2a: Heatran|evasion|1
|-sideend|p1: Feenieh|Spikes|[from] move: Defog|[of] p1a: Thor
|
|upkeep
|turn|5
|
|t:|1667941467
|switch|p1a: MetalGreymon|Heatran, M|100/100
|-item|p1a: MetalGreymon|Air Balloon
|move|p2a: Heatran|Stealth Rock|p1a: MetalGreymon
|-sidestart|p1: Feenieh|move: Stealth Rock
|
|upkeep
|turn|6
|
|t:|1667941471
|switch|p2a: Keldeo|Keldeo-Resolute|22/100
|move|p1a: MetalGreymon|Lava Plume|p2a: Keldeo
|-resisted|p2a: Keldeo
|-damage|p2a: Keldeo|0 fnt
|faint|p2a: Keldeo
|
|upkeep
|
|t:|1667941478
|switch|p2a: Dragapult|Dragapult, M|100/100
|turn|7
|
|t:|1667941484
|switch|p1a: Thor|Zapdos|100/100
|move|p2a: Dragapult|Shadow Ball|p1a: Thor
|-damage|p1a: Thor|52/100
|-unboost|p1a: Thor|spd|1
|
|upkeep
|turn|8
|
|t:|1667941500
|switch|p2a: Garchomp|Garchomp, M|100/100
|switch|p1a: Médusa|Tyranitar, F|100/100
|-damage|p1a: Médusa|88/100|[from] Stealth Rock
|-weather|Sandstorm|[from] ability: Sand Stream|[of] p1a: Médusa
|
|-weather|Sandstorm|[upkeep]
|upkeep
|turn|9
|
|t:|1667941504
|switch|p1a: Cyclos|Landorus-Therian, M|100/100
|-damage|p1a: Cyclos|88/100|[from] Stealth Rock
|-ability|p1a: Cyclos|Intimidate|boost
|-unboost|p2a: Garchomp|atk|1
|move|p2a: Garchomp|Swords Dance|p2a: Garchomp
|-boost|p2a: Garchomp|atk|2
|
|-weather|Sandstorm|[upkeep]
|upkeep
|turn|10
|
|t:|1667941509
|move|p2a: Garchomp|Scale Shot|p1a: Cyclos
|-damage|p1a: Cyclos|66/100
|-damage|p1a: Cyclos|44/100
|-hitcount|p1a: Cyclos|2
|-unboost|p2a: Garchomp|def|1
|-boost|p2a: Garchomp|spe|1
|move|p1a: Cyclos|Explosion|p2a: Garchomp
|-damage|p2a: Garchomp|0 fnt
|faint|p1a: Cyclos
|faint|p2a: Garchomp
|
|-weather|Sandstorm|[upkeep]
|upkeep
|
|t:|1667941531
|switch|p2a: Dragapult|Dragapult, M|100/100
|switch|p1a: Médusa|Tyranitar, F|88/100
|-damage|p1a: Médusa|76/100|[from] Stealth Rock
|turn|11
|
|t:|1667941537
|move|p2a: Dragapult|U-turn|p1a: Médusa
|-supereffective|p1a: Médusa
|-damage|p1a: Médusa|47/100
|
|t:|1667941539
|switch|p2a: Ferrothorn|Ferrothorn, F|66/100|[from]move: U-turn
|move|p1a: Médusa|Flamethrower|p2a: Ferrothorn
|-supereffective|p2a: Ferrothorn
|-damage|p2a: Ferrothorn|0 fnt
|faint|p2a: Ferrothorn
|
|-weather|Sandstorm|[upkeep]
|upkeep
|
|t:|1667941546
|switch|p2a: Zapdos|Zapdos|100/100
|turn|12
|
|t:|1667941553
|switch|p1a: Gon|Corsola-Galar, F|100/100
|-damage|p1a: Gon|88/100|[from] Stealth Rock
|move|p2a: Zapdos|Volt Switch|p1a: Gon
|-damage|p1a: Gon|67/100
|
|t:|1667941556
|switch|p2a: Dragapult|Dragapult, M|100/100|[from]move: Volt Switch
|
|-weather|none
|upkeep
|turn|13
|
|t:|1667941563
|move|p2a: Dragapult|Shadow Ball|p1a: Gon
|-supereffective|p1a: Gon
|-damage|p1a: Gon|0 fnt
|faint|p1a: Gon
|
|upkeep
|
|t:|1667941565
|switch|p1a: Médusa|Tyranitar, F|47/100
|-damage|p1a: Médusa|35/100|[from] Stealth Rock
|-weather|Sandstorm|[from] ability: Sand Stream|[of] p1a: Médusa
|turn|14
|
|t:|1667941571
|switch|p2a: Heatran|Heatran, F|100/100
|move|p1a: Médusa|Dark Pulse|p2a: Heatran
|-damage|p2a: Heatran|68/100
|
|-weather|Sandstorm|[upkeep]
|-heal|p2a: Heatran|74/100|[from] item: Leftovers
|upkeep
|turn|15
|
|t:|1667941577
|switch|p1a: MetalGreymon|Heatran, M|100/100
|-damage|p1a: MetalGreymon|88/100|[from] Stealth Rock
|-item|p1a: MetalGreymon|Air Balloon
|move|p2a: Heatran|Heavy Slam|p1a: MetalGreymon
|-resisted|p1a: MetalGreymon
|-damage|p1a: MetalGreymon|86/100
|-enditem|p1a: MetalGreymon|Air Balloon
|
|-weather|Sandstorm|[upkeep]
|-heal|p2a: Heatran|80/100|[from] item: Leftovers
|upkeep
|turn|16
|
|t:|1667941591
|switch|p1a: Thor|Zapdos|52/100
|switch|p2a: Zapdos|Zapdos|100/100
|
|-weather|Sandstorm|[upkeep]
|-damage|p2a: Zapdos|94/100|[from] Sandstorm
|-damage|p1a: Thor|46/100|[from] Sandstorm
|upkeep
|turn|17
|
|t:|1667941598
|move|p2a: Zapdos|Toxic|p1a: Thor
|-status|p1a: Thor|tox
|move|p1a: Thor|Roost|p1a: Thor
|-heal|p1a: Thor|96/100 tox
|-singleturn|p1a: Thor|move: Roost
|
|-weather|Sandstorm|[upkeep]
|-damage|p2a: Zapdos|88/100|[from] Sandstorm
|-damage|p1a: Thor|90/100 tox|[from] Sandstorm
|-damage|p1a: Thor|84/100 tox|[from] psn
|upkeep
|turn|18
|
|t:|1667941603
|move|p2a: Zapdos|Volt Switch|p1a: Thor
|-damage|p1a: Thor|54/100 tox
|
|t:|1667941605
|switch|p2a: Heatran|Heatran, F|80/100|[from]move: Volt Switch
|move|p1a: Thor|Defog|p2a: Heatran
|-unboost|p2a: Heatran|evasion|1
|-sideend|p1: Feenieh|Stealth Rock|[from] move: Defog|[of] p1a: Thor
|
|-weather|none
|-heal|p2a: Heatran|86/100|[from] item: Leftovers
|-damage|p1a: Thor|42/100 tox|[from] psn
|upkeep
|turn|19
|
|t:|1667941610
|move|p1a: Thor|Thunderbolt|p2a: Heatran
|-damage|p2a: Heatran|58/100
|move|p2a: Heatran|Stealth Rock|p1a: Thor
|-sidestart|p1: Feenieh|move: Stealth Rock
|
|-heal|p2a: Heatran|64/100|[from] item: Leftovers
|-damage|p1a: Thor|24/100 tox|[from] psn
|upkeep
|turn|20
|
|t:|1667941619
|switch|p2a: Zapdos|Zapdos|88/100
|move|p1a: Thor|Thunderbolt|p2a: Zapdos
|-damage|p2a: Zapdos|43/100
|
|-damage|p1a: Thor|0 fnt|[from] psn
|faint|p1a: Thor
|upkeep
|
|t:|1667941622
|switch|p1a: Médusa|Tyranitar, F|35/100
|-damage|p1a: Médusa|22/100|[from] Stealth Rock
|-weather|Sandstorm|[from] ability: Sand Stream|[of] p1a: Médusa
|turn|21
|
|t:|1667941626
|move|p2a: Zapdos|Volt Switch|p1a: Médusa
|-crit|p1a: Médusa
|-damage|p1a: Médusa|0 fnt
|faint|p1a: Médusa
|-message|Feenieh forfeited.
|
|win|jlashbacks
|raw|Feenieh's rating: 1696 &rarr; <strong>1683</strong><br />(-13 for losing)
|raw|jlashbacks's rating: 1817 &rarr; <strong>1830</strong><br />(+13 for winning)
|l|☆Feenieh
