|j|☆BigWes95
|j|☆justvented
|inactive|Battle timer is ON: inactive players will automatically lose when time's up.
|t:|1666973184
|gametype|singles
|player|p1|BigWes95|101|
|player|p2|justvented|wattson|
|teamsize|p1|6
|teamsize|p2|6
|gen|8
|tier|[Gen 8] OU
|rated|Tournament battle
|rule|Sleep Clause Mod: Limit one foe put to sleep
|rule|Species Clause: Limit one of each Pokémon
|rule|OHKO Clause: OHKO moves are banned
|rule|Evasion Items Clause: Evasion items are banned
|rule|Evasion Moves Clause: Evasion moves are banned
|rule|Endless Battle Clause: Forcing endless battles is banned
|rule|HP Percentage Mod: HP is shown in percentages
|rule|Dynamax Clause: You cannot dynamax
|clearpoke
|poke|p1|Gastly, M|
|poke|p1|Pincurchin, F|
|poke|p1|Tangela, F|
|poke|p1|Koffing, F|
|poke|p1|Solosis, F|
|poke|p1|Whismur, F|
|poke|p2|Swirlix, M|
|poke|p2|Pincurchin, F|
|poke|p2|Tangela, F|
|poke|p2|Gastly, F|
|poke|p2|Cottonee, M|
|poke|p2|Munna, L5, M|
|teampreview
|j| BloodFins˙︵˙
|j|%moondazing
|j| Nis298
|l| Nis298
|j| Animemer
|j| Bradley Chadster
|j| FENDINI
|c|☆BigWes95|Gl
|inactive|justvented has 120 seconds left.
|c|☆justvented|Oh it stayed at level 5
|c| FENDINI|oo the whismur is heat
|c| FENDINI|it doesn't get boomburst does it
|j| CarlyBae
|
|t:|1666973240
|start
|switch|p1a: Pincurchin|Pincurchin, F|100/100
|switch|p2a: Pincurchin|Pincurchin, F|100/100
|-fieldstart|move: Electric Terrain|[from] ability: Electric Surge|[of] p1a: Pincurchin
|turn|1
|c|☆BigWes95|Nah
|
|t:|1666973247
|move|p1a: Pincurchin|Rising Voltage|p2a: Pincurchin
|-hint|Rising Voltage's BP doubled on grounded target.
|-resisted|p2a: Pincurchin
|-damage|p2a: Pincurchin|41/100
|move|p2a: Pincurchin|Spikes|p1a: Pincurchin
|-sidestart|p1: BigWes95|Spikes
|
|upkeep
|turn|2
|
|t:|1666973256
|switch|p2a: Cottonee|Cottonee, M|100/100
|move|p1a: Pincurchin|Rising Voltage|p2a: Cottonee
|-hint|Rising Voltage's BP doubled on grounded target.
|-resisted|p2a: Cottonee
|-damage|p2a: Cottonee|0 fnt
|faint|p2a: Cottonee
|
|upkeep
|
|t:|1666973262
|switch|p2a: Tangela|Tangela, F|100/100
|turn|3
|c| Animemer|damn
|c| Animemer|already lost
|c| Animemer|wp
|c|☆BigWes95|It gets hyper voice though
|c|☆BigWes95|Specs curchin is the truth
|j| smoolicalt
|
|t:|1666973291
|move|p2a: Tangela|Power Whip|p1a: Pincurchin
|-damage|p1a: Pincurchin|49/100
|move|p1a: Pincurchin|Rising Voltage|p2a: Tangela
|-hint|Rising Voltage's BP doubled on grounded target.
|-resisted|p2a: Tangela
|-damage|p2a: Tangela|0 fnt
|faint|p2a: Tangela
|
|upkeep
|c| CarlyBae|what is this tour
|c| Bradley Chadster|it doesn't have scrappy tho
|
|t:|1666973295
|switch|p2a: Gastly|Gastly, F|100/100
|turn|4
|
|t:|1666973301
|move|p2a: Gastly|Sludge Bomb|p1a: Pincurchin
|-damage|p1a: Pincurchin|0 fnt
|faint|p1a: Pincurchin
|
|upkeep
|
|t:|1666973306
|switch|p1a: Gastly|Gastly, M|100/100
|turn|5
|
|t:|1666973310
|move|p2a: Gastly|Shadow Ball|p1a: Gastly
|-supereffective|p1a: Gastly
|-damage|p1a: Gastly|0 fnt
|faint|p1a: Gastly
|
|-fieldend|move: Electric Terrain
|upkeep
|c| Animemer|crazy
|
|t:|1666973317
|switch|p1a: Solosis|Solosis, F|100/100
|-damage|p1a: Solosis|88/100|[from] Spikes
|turn|6
|
|t:|1666973321
|move|p2a: Gastly|Shadow Ball|p1a: Solosis
|-supereffective|p1a: Solosis
|-damage|p1a: Solosis|8/100
|move|p1a: Solosis|Psychic|p2a: Gastly
|-supereffective|p2a: Gastly
|-enditem|p2a: Gastly|Focus Sash
|-damage|p2a: Gastly|1/100
|
|upkeep
|turn|7
|
|t:|1666973328
|move|p2a: Gastly|Sludge Bomb|p1a: Solosis
|-damage|p1a: Solosis|0 fnt
|faint|p1a: Solosis
|
|upkeep
|c| Animemer|real
|
|t:|1666973329
|switch|p1a: Koffing|Koffing, F|100/100
|turn|8
|
|t:|1666973337
|move|p2a: Gastly|Destiny Bond|p2a: Gastly
|-singlemove|p2a: Gastly|Destiny Bond
|move|p1a: Koffing|Sludge Bomb|p2a: Gastly
|-resisted|p2a: Gastly
|-damage|p2a: Gastly|0 fnt
|faint|p2a: Gastly
|-activate|p2a: Gastly|move: Destiny Bond
|faint|p1a: Koffing
|
|upkeep
|
|t:|1666973342
|switch|p2a: Pincurchin|Pincurchin, F|41/100
|switch|p1a: Tangela|Tangela, F|100/100
|-damage|p1a: Tangela|88/100|[from] Spikes
|-fieldstart|move: Electric Terrain|[from] ability: Electric Surge|[of] p2a: Pincurchin
|turn|9
|c| Animemer|ooh
|c| Animemer|strats are insane
|c| smoolicalt|destiny bond lets go
|
|t:|1666973349
|move|p1a: Tangela|Giga Drain|p2a: Pincurchin
|-damage|p2a: Pincurchin|10/100
|-heal|p1a: Tangela|100/100|[from] drain|[of] p2a: Pincurchin
|move|p2a: Pincurchin|Rising Voltage|p1a: Tangela
|-hint|Rising Voltage's BP doubled on grounded target.
|-resisted|p1a: Tangela
|-damage|p1a: Tangela|69/100
|
|upkeep
|turn|10
|
|t:|1666973354
|move|p2a: Pincurchin|Sucker Punch|p1a: Tangela
|-damage|p1a: Tangela|51/100
|move|p1a: Tangela|Giga Drain|p2a: Pincurchin
|-damage|p2a: Pincurchin|0 fnt
|-heal|p1a: Tangela|56/100|[from] drain|[of] p2a: Pincurchin
|faint|p2a: Pincurchin
|
|upkeep
|
|t:|1666973357
|switch|p2a: Swirlix|Swirlix, M|100/100
|-enditem|p2a: Swirlix|Electric Seed
|-boost|p2a: Swirlix|def|1|[from] item: Electric Seed
|turn|11
|
|t:|1666973360
|move|p2a: Swirlix|Calm Mind|p2a: Swirlix
|-boost|p2a: Swirlix|spa|1
|-boost|p2a: Swirlix|spd|1
|move|p1a: Tangela|Sludge Bomb|p2a: Swirlix
|-supereffective|p2a: Swirlix
|-damage|p2a: Swirlix|35/100
|-status|p2a: Swirlix|psn
|
|-damage|p2a: Swirlix|22/100 psn|[from] psn
|upkeep
|turn|12
|
|t:|1666973366
|move|p2a: Swirlix|Flamethrower|p1a: Tangela
|-supereffective|p1a: Tangela
|-damage|p1a: Tangela|0 fnt
|faint|p1a: Tangela
|
|-damage|p2a: Swirlix|10/100 psn|[from] psn
|upkeep
|c| Animemer|oooh
|
|t:|1666973372
|switch|p1a: Whismur|Whismur, F|100/100
|-damage|p1a: Whismur|88/100|[from] Spikes
|turn|13
|
|t:|1666973375
|move|p2a: Swirlix|Draining Kiss|p1a: Whismur
|-damage|p1a: Whismur|0 fnt
|-heal|p2a: Swirlix|77/100 psn|[from] drain|[of] p1a: Whismur
|faint|p1a: Whismur
|
|win|justvented
|n|☆BigWes95|bigwes95
|n|☆justvented|justvented
|n| BloodFins˙︵˙|bloodfins
|n|+moondazing|moondazing
|n| Animemer|animemer
|n| Bradley Chadster|bradleychadster
|n| FENDINI|fendini
|n| CarlyBae|carlybae
|n| smoolicalt|smoolicalt
