|raw|<div class="broadcast-blue"><strong>This battle is required to be public due to a player having a name starting with 'lt94je'.</div>
|j|☆LT94JE gostop
|j|☆Shark tale is best
|t:|1661673982
|gametype|singles
|player|p1|LT94JE gostop|swimmer-gen4dp|1655
|player|p2|Shark tale is best|nate|1631
|teamsize|p1|6
|teamsize|p2|6
|gen|8
|tier|[Gen 8] OU
|rated|
|rule|Sleep Clause Mod: Limit one foe put to sleep
|rule|Species Clause: Limit one of each Pokémon
|rule|OHKO Clause: OHKO moves are banned
|rule|Evasion Items Clause: Evasion items are banned
|rule|Evasion Moves Clause: Evasion moves are banned
|rule|Endless Battle Clause: Forcing endless battles is banned
|rule|HP Percentage Mod: HP is shown in percentages
|rule|Dynamax Clause: You cannot dynamax
|clearpoke
|poke|p1|Pyukumuku, M|
|poke|p1|Audino, M|
|poke|p1|Clefable, M|
|poke|p1|Corviknight, F|
|poke|p1|Toxapex, F|
|poke|p1|Gastrodon, F|
|poke|p2|Dragapult, F|
|poke|p2|Heatran, M|
|poke|p2|Rillaboom, M|
|poke|p2|Hawlucha, M|
|poke|p2|Clefable, M|
|poke|p2|Swampert, M|
|teampreview
|inactive|Battle timer is ON: inactive players will automatically lose when time's up. (requested by LT94JE gostop)
|
|t:|1661674029
|start
|switch|p1a: Audino|Audino, M|100/100
|switch|p2a: Swampert|Swampert, M|100/100
|turn|1
|
|t:|1661674035
|switch|p1a: Corviknight|Corviknight, F|100/100
|-ability|p1a: Corviknight|Pressure
|move|p2a: Swampert|Stealth Rock|p1a: Corviknight
|-sidestart|p1: LT94JE gostop|move: Stealth Rock
|
|upkeep
|turn|2
|
|t:|1661674050
|move|p1a: Corviknight|Defog|p2a: Swampert
|-unboost|p2a: Swampert|evasion|1
|-sideend|p1: LT94JE gostop|Stealth Rock|[from] move: Defog|[of] p1a: Corviknight
|move|p2a: Swampert|Flip Turn|p1a: Corviknight
|-damage|p1a: Corviknight|87/100
|
|t:|1661674056
|switch|p2a: Heatran|Heatran, M|100/100|[from]move: Flip Turn
|
|-heal|p1a: Corviknight|93/100|[from] item: Leftovers
|upkeep
|turn|3
|
|t:|1661674061
|switch|p1a: Gastrodon|Gastrodon, F|100/100
|move|p2a: Heatran|Eruption|p1a: Gastrodon
|-resisted|p1a: Gastrodon
|-damage|p1a: Gastrodon|67/100
|
|-heal|p1a: Gastrodon|73/100|[from] item: Leftovers
|upkeep
|turn|4
|
|t:|1661674073
|switch|p2a: Rillaboom|Rillaboom, M|100/100
|-fieldstart|move: Grassy Terrain|[from] ability: Grassy Surge|[of] p2a: Rillaboom
|move|p1a: Gastrodon|Scald|p2a: Rillaboom
|-resisted|p2a: Rillaboom
|-damage|p2a: Rillaboom|86/100
|
|-heal|p2a: Rillaboom|92/100|[from] Grassy Terrain
|-heal|p1a: Gastrodon|79/100|[from] Grassy Terrain
|-heal|p1a: Gastrodon|85/100|[from] item: Leftovers
|upkeep
|turn|5
|j| aaaaaqwq
|
|t:|1661674086
|switch|p1a: Toxapex|Toxapex, F|100/100
|move|p2a: Rillaboom|Superpower|p1a: Toxapex
|-resisted|p1a: Toxapex
|-damage|p1a: Toxapex|80/100
|-unboost|p2a: Rillaboom|atk|1
|-unboost|p2a: Rillaboom|def|1
|-damage|p2a: Rillaboom|75/100|[from] item: Rocky Helmet|[of] p1a: Toxapex
|
|-heal|p2a: Rillaboom|81/100|[from] Grassy Terrain
|-heal|p1a: Toxapex|86/100|[from] Grassy Terrain
|upkeep
|turn|6
|
|t:|1661674093
|switch|p2a: Heatran|Heatran, M|100/100
|move|p1a: Toxapex|Scald|p2a: Heatran
|-supereffective|p2a: Heatran
|-damage|p2a: Heatran|69/100
|
|-heal|p2a: Heatran|75/100|[from] Grassy Terrain
|-heal|p2a: Heatran|81/100|[from] item: Leftovers
|-heal|p1a: Toxapex|92/100|[from] Grassy Terrain
|upkeep
|turn|7
|
|t:|1661674119
|switch|p1a: Gastrodon|Gastrodon, F|85/100
|move|p2a: Heatran|Earth Power|p1a: Gastrodon
|-damage|p1a: Gastrodon|54/100
|
|-heal|p2a: Heatran|87/100|[from] Grassy Terrain
|-heal|p2a: Heatran|94/100|[from] item: Leftovers
|-heal|p1a: Gastrodon|61/100|[from] Grassy Terrain
|-heal|p1a: Gastrodon|67/100|[from] item: Leftovers
|upkeep
|turn|8
|
|t:|1661674134
|switch|p2a: Rillaboom|Rillaboom, M|81/100
|switch|p1a: Toxapex|Toxapex, F|100/100
|
|-heal|p2a: Rillaboom|88/100|[from] Grassy Terrain
|-fieldend|move: Grassy Terrain
|upkeep
|turn|9
|
|t:|1661674139
|move|p2a: Rillaboom|Wood Hammer|p1a: Toxapex
|-damage|p1a: Toxapex|44/100
|-damage|p2a: Rillaboom|71/100|[from] item: Rocky Helmet|[of] p1a: Toxapex
|-damage|p2a: Rillaboom|55/100|[from] Recoil
|move|p1a: Toxapex|Scald|p2a: Rillaboom
|-resisted|p2a: Rillaboom
|-damage|p2a: Rillaboom|44/100
|
|upkeep
|turn|10
|
|t:|1661674149
|switch|p1a: Corviknight|Corviknight, F|93/100
|-ability|p1a: Corviknight|Pressure
|move|p2a: Rillaboom|Wood Hammer|p1a: Corviknight
|-resisted|p1a: Corviknight
|-crit|p1a: Corviknight
|-damage|p1a: Corviknight|68/100
|-damage|p2a: Rillaboom|35/100|[from] Recoil
|
|-heal|p1a: Corviknight|74/100|[from] item: Leftovers
|upkeep
|turn|11
|
|t:|1661674155
|switch|p2a: Heatran|Heatran, M|94/100
|move|p1a: Corviknight|Roost|p1a: Corviknight
|-heal|p1a: Corviknight|100/100
|-singleturn|p1a: Corviknight|move: Roost
|
|-heal|p2a: Heatran|99/100|[from] item: Leftovers
|upkeep
|turn|12
|
|t:|1661674166
|switch|p1a: Gastrodon|Gastrodon, F|67/100
|move|p2a: Heatran|Eruption|p1a: Gastrodon
|-resisted|p1a: Gastrodon
|-damage|p1a: Gastrodon|31/100
|
|-heal|p2a: Heatran|100/100|[from] item: Leftovers
|-heal|p1a: Gastrodon|37/100|[from] item: Leftovers
|upkeep
|turn|13
|
|t:|1661674179
|move|p2a: Heatran|Eruption|p1a: Gastrodon
|-resisted|p1a: Gastrodon
|-damage|p1a: Gastrodon|0 fnt
|faint|p1a: Gastrodon
|
|upkeep
|-message|LT94JE gostop forfeited.
|
|win|Shark tale is best
|raw|LT94JE gostop's rating: 1655 &rarr; <strong>1634</strong><br />(-21 for losing)
|raw|Shark tale is best's rating: 1631 &rarr; <strong>1652</strong><br />(+21 for winning)
|l|☆LT94JE gostop
|l|☆Shark tale is best
