|j|☆nimed beatches
|j|☆minimax_ai
|t:|1665395662
|gametype|singles
|player|p1|nimed beatches|maid-gen6|1672
|player|p2|minimax_ai|lusamine-nihilego|1687
|teamsize|p1|6
|teamsize|p2|6
|gen|8
|tier|[Gen 8] OU
|rated|
|rule|Sleep Clause Mod: Limit one foe put to sleep
|rule|Species Clause: Limit one of each Pokémon
|rule|OHKO Clause: OHKO moves are banned
|rule|Evasion Items Clause: Evasion items are banned
|rule|Evasion Moves Clause: Evasion moves are banned
|rule|Endless Battle Clause: Forcing endless battles is banned
|rule|HP Percentage Mod: HP is shown in percentages
|rule|Dynamax Clause: You cannot dynamax
|clearpoke
|poke|p1|Rillaboom, M|
|poke|p1|Clefable, F|
|poke|p1|Heatran, M|
|poke|p1|Zapdos|
|poke|p1|Slowking-Galar, M|
|poke|p1|Gastrodon-East, M|
|poke|p2|Rotom-Wash|
|poke|p2|Weavile, M|
|poke|p2|Landorus-Therian, M|
|poke|p2|Heatran, M|
|poke|p2|Tangrowth, M|
|poke|p2|Melmetal|
|teampreview
|c|☆minimax_ai|hf
|inactive|Battle timer is ON: inactive players will automatically lose when time's up. (requested by minimax_ai)
|j| Kyurem
|c|☆nimed beatches|yo hf
|
|t:|1665395686
|start
|switch|p1a: Slowking|Slowking-Galar, M, shiny|100/100
|switch|p2a: landorustherian|Landorus-Therian, M|100/100
|-ability|p2a: landorustherian|Intimidate|boost
|-unboost|p1a: Slowking|atk|1
|turn|1
|
|t:|1665395692
|move|p2a: landorustherian|Earthquake|p1a: Slowking
|-supereffective|p1a: Slowking
|-damage|p1a: Slowking|28/100
|move|p1a: Slowking|Trick|p2a: landorustherian
|-activate|p1a: Slowking|move: Trick|[of] p2a: landorustherian
|-item|p2a: landorustherian|Black Sludge|[from] move: Trick
|-item|p1a: Slowking|Leftovers|[from] move: Trick
|
|-damage|p2a: landorustherian|88/100|[from] item: Black Sludge
|-heal|p1a: Slowking|34/100|[from] item: Leftovers
|upkeep
|turn|2
|
|t:|1665395698
|switch|p1a: Clefable|Clefable, F, shiny|100/100
|move|p2a: landorustherian|Earthquake|p1a: Clefable
|-damage|p1a: Clefable|63/100
|
|-damage|p2a: landorustherian|76/100|[from] item: Black Sludge
|upkeep
|turn|3
|
|t:|1665395703
|switch|p2a: Heatran|Heatran, M|100/100
|-item|p2a: Heatran|Air Balloon
|move|p1a: Clefable|Soft-Boiled|p1a: Clefable
|-heal|p1a: Clefable|100/100
|
|upkeep
|turn|4
|
|t:|1665395712
|move|p2a: Heatran|Stealth Rock|p1a: Clefable
|-sidestart|p1: nimed beatches|move: Stealth Rock
|move|p1a: Clefable|Thunder Wave|p2a: Heatran
|-status|p2a: Heatran|par
|
|upkeep
|turn|5
|
|t:|1665395717
|switch|p1a: Gastrodon|Gastrodon-East, M, shiny|100/100
|-damage|p1a: Gastrodon|94/100|[from] Stealth Rock
|switch|p2a: Melmetal|Melmetal|100/100
|
|-heal|p1a: Gastrodon|100/100|[from] item: Leftovers
|upkeep
|turn|6
|
|t:|1665395721
|switch|p1a: Zapdos|Zapdos, shiny|100/100
|switch|p2a: rotomwash|Rotom-Wash|100/100
|
|upkeep
|turn|7
|j| wdz999
|
|t:|1665395736
|switch|p1a: Rillaboom|Rillaboom, M, shiny|100/100
|-damage|p1a: Rillaboom|88/100|[from] Stealth Rock
|-fieldstart|move: Grassy Terrain|[from] ability: Grassy Surge|[of] p1a: Rillaboom
|move|p2a: rotomwash|Thunderbolt|p1a: Rillaboom
|-resisted|p1a: Rillaboom
|-crit|p1a: Rillaboom
|-damage|p1a: Rillaboom|59/100
|
|-heal|p1a: Rillaboom|65/100|[from] Grassy Terrain
|-heal|p1a: Rillaboom|71/100|[from] item: Leftovers
|upkeep
|turn|8
|
|t:|1665395748
|switch|p2a: Tangrowth|Tangrowth, M|100/100
|switch|p1a: Heatran|Heatran, M, shiny|100/100
|-damage|p1a: Heatran|88/100|[from] Stealth Rock
|
|-heal|p1a: Heatran|94/100|[from] Grassy Terrain
|-heal|p1a: Heatran|100/100|[from] item: Leftovers
|upkeep
|turn|9
|
|t:|1665395752
|switch|p2a: Heatran|Heatran, M|100/100 par
|-item|p2a: Heatran|Air Balloon
|move|p1a: Heatran|Stealth Rock|p2a: Heatran
|-sidestart|p2: minimax_ai|move: Stealth Rock
|
|upkeep
|turn|10
|
|t:|1665395756
|switch|p1a: Gastrodon|Gastrodon-East, M, shiny|100/100
|-damage|p1a: Gastrodon|94/100|[from] Stealth Rock
|cant|p2a: Heatran|par
|
|-heal|p1a: Gastrodon|100/100|[from] Grassy Terrain
|upkeep
|turn|11
|
|t:|1665395761
|switch|p2a: rotomwash|Rotom-Wash|100/100
|-damage|p2a: rotomwash|88/100|[from] Stealth Rock
|move|p1a: Gastrodon|Toxic|p2a: rotomwash
|-status|p2a: rotomwash|tox
|
|-heal|p2a: rotomwash|94/100 tox|[from] item: Leftovers
|-damage|p2a: rotomwash|88/100 tox|[from] psn
|-fieldend|move: Grassy Terrain
|upkeep
|turn|12
|
|t:|1665395764
|move|p2a: rotomwash|Thunderbolt|p1a: Gastrodon
|-immune|p1a: Gastrodon
|move|p1a: Gastrodon|Scald|p2a: rotomwash
|-resisted|p2a: rotomwash
|-damage|p2a: rotomwash|75/100 tox
|
|-heal|p2a: rotomwash|81/100 tox|[from] item: Leftovers
|-damage|p2a: rotomwash|69/100 tox|[from] psn
|upkeep
|turn|13
|
|t:|1665395768
|move|p2a: rotomwash|Thunderbolt|p1a: Gastrodon
|-immune|p1a: Gastrodon
|move|p1a: Gastrodon|Scald|p2a: rotomwash
|-resisted|p2a: rotomwash
|-damage|p2a: rotomwash|56/100 tox
|
|-heal|p2a: rotomwash|62/100 tox|[from] item: Leftovers
|-damage|p2a: rotomwash|43/100 tox|[from] psn
|upkeep
|turn|14
|
|t:|1665395773
|switch|p2a: Tangrowth|Tangrowth, M|100/100
|-damage|p2a: Tangrowth|88/100|[from] Stealth Rock
|switch|p1a: Slowking|Slowking-Galar, M, shiny|67/100
|-damage|p1a: Slowking|55/100|[from] Stealth Rock
|
|-heal|p1a: Slowking|61/100|[from] item: Leftovers
|upkeep
|turn|15
|
|t:|1665395777
|switch|p2a: Melmetal|Melmetal|100/100
|-damage|p2a: Melmetal|94/100|[from] Stealth Rock
|move|p1a: Slowking|Sludge Bomb|p2a: Melmetal
|-immune|p2a: Melmetal
|
|-heal|p1a: Slowking|67/100|[from] item: Leftovers
|upkeep
|turn|16
|
|t:|1665395779
|switch|p1a: Zapdos|Zapdos, shiny|100/100
|move|p2a: Melmetal|Double Iron Bash|p1a: Zapdos
|-resisted|p1a: Zapdos
|-damage|p1a: Zapdos|85/100
|-status|p2a: Melmetal|par|[from] ability: Static|[of] p1a: Zapdos
|-resisted|p1a: Zapdos
|-damage|p1a: Zapdos|69/100
|-hitcount|p1a: Zapdos|2
|
|upkeep
|turn|17
|
|t:|1665395781
|move|p1a: Zapdos|Roost|p1a: Zapdos
|-heal|p1a: Zapdos|100/100
|-singleturn|p1a: Zapdos|move: Roost
|move|p2a: Melmetal|Ice Punch|p1a: Zapdos
|-damage|p1a: Zapdos|73/100
|
|upkeep
|turn|18
|
|t:|1665395784
|move|p1a: Zapdos|Discharge|p2a: Melmetal
|-damage|p2a: Melmetal|76/100 par
|cant|p2a: Melmetal|par
|
|upkeep
|turn|19
|
|t:|1665395791
|move|p1a: Zapdos|Heat Wave|p2a: Melmetal
|-supereffective|p2a: Melmetal
|-damage|p2a: Melmetal|46/100 par
|move|p2a: Melmetal|Ice Punch|p1a: Zapdos
|-supereffective|p1a: Zapdos
|-damage|p1a: Zapdos|22/100
|
|upkeep
|turn|20
|
|t:|1665395797
|move|p1a: Zapdos|Roost|p1a: Zapdos
|-heal|p1a: Zapdos|72/100
|-singleturn|p1a: Zapdos|move: Roost
|cant|p2a: Melmetal|par
|
|upkeep
|turn|21
|j| penguino0205
|
|t:|1665395801
|move|p1a: Zapdos|Heat Wave|p2a: Melmetal
|-supereffective|p2a: Melmetal
|-damage|p2a: Melmetal|18/100 par
|move|p2a: Melmetal|Ice Punch|p1a: Zapdos
|-supereffective|p1a: Zapdos
|-damage|p1a: Zapdos|19/100
|-status|p1a: Zapdos|frz
|
|upkeep
|turn|22
|
|t:|1665395808
|-curestatus|p1a: Zapdos|frz|[msg]
|move|p1a: Zapdos|Heat Wave|p2a: Melmetal
|-supereffective|p2a: Melmetal
|-damage|p2a: Melmetal|0 fnt
|faint|p2a: Melmetal
|
|upkeep
|
|t:|1665395808
|switch|p2a: Weavile|Weavile, M|100/100
|-damage|p2a: Weavile|76/100|[from] Stealth Rock
|-ability|p2a: Weavile|Pressure
|turn|23
|
|t:|1665395811
|switch|p1a: Clefable|Clefable, F, shiny|100/100
|move|p2a: Weavile|Knock Off|p1a: Clefable
|-resisted|p1a: Clefable
|-damage|p1a: Clefable|70/100
|-damage|p2a: Weavile|59/100|[from] item: Rocky Helmet|[of] p1a: Clefable
|-enditem|p1a: Clefable|Rocky Helmet|[from] move: Knock Off|[of] p2a: Weavile
|
|upkeep
|turn|24
|
|t:|1665395814
|switch|p2a: Heatran|Heatran, M|100/100 par
|-damage|p2a: Heatran|88/100 par|[from] Stealth Rock
|-item|p2a: Heatran|Air Balloon
|move|p1a: Clefable|Soft-Boiled|p1a: Clefable
|-heal|p1a: Clefable|100/100
|
|upkeep
|turn|25
|
|t:|1665395817
|switch|p1a: Gastrodon|Gastrodon-East, M, shiny|100/100
|-damage|p1a: Gastrodon|94/100|[from] Stealth Rock
|cant|p2a: Heatran|par
|
|-heal|p1a: Gastrodon|100/100|[from] item: Leftovers
|upkeep
|turn|26
|
|t:|1665395819
|switch|p2a: Tangrowth|Tangrowth, M|100/100
|-damage|p2a: Tangrowth|88/100|[from] Stealth Rock
|move|p1a: Gastrodon|Scald|p2a: Tangrowth
|-resisted|p2a: Tangrowth
|-damage|p2a: Tangrowth|70/100
|
|upkeep
|turn|27
|
|t:|1665395826
|switch|p1a: Zapdos|Zapdos, shiny|19/100
|move|p2a: Tangrowth|Sleep Powder|p1a: Zapdos
|-status|p1a: Zapdos|slp|[from] move: Sleep Powder
|
|upkeep
|turn|28
|
|t:|1665395834
|switch|p1a: Clefable|Clefable, F, shiny|100/100
|switch|p2a: Weavile|Weavile, M|59/100
|-damage|p2a: Weavile|34/100|[from] Stealth Rock
|-ability|p2a: Weavile|Pressure
|
|upkeep
|turn|29
|
|t:|1665395840
|move|p2a: Weavile|Triple Axel|p1a: Clefable
|-damage|p1a: Clefable|89/100
|-damage|p1a: Clefable|65/100
|-damage|p1a: Clefable|29/100
|-hitcount|p1a: Clefable|3
|move|p1a: Clefable|Moonblast|p2a: Weavile
|-supereffective|p2a: Weavile
|-damage|p2a: Weavile|0 fnt
|faint|p2a: Weavile
|
|upkeep
|
|t:|1665395840
|switch|p2a: Heatran|Heatran, M|88/100 par
|-damage|p2a: Heatran|76/100 par|[from] Stealth Rock
|-item|p2a: Heatran|Air Balloon
|turn|30
|
|t:|1665395843
|switch|p1a: Gastrodon|Gastrodon-East, M, shiny|100/100
|-damage|p1a: Gastrodon|94/100|[from] Stealth Rock
|move|p2a: Heatran|Magma Storm|p1a: Gastrodon
|-resisted|p1a: Gastrodon
|-damage|p1a: Gastrodon|78/100
|-activate|p1a: Gastrodon|move: Magma Storm|[of] p2a: Heatran
|
|-heal|p1a: Gastrodon|84/100|[from] item: Leftovers
|-damage|p1a: Gastrodon|71/100|[from] move: Magma Storm|[partiallytrapped]
|upkeep
|turn|31
|
|t:|1665395849
|switch|p2a: rotomwash|Rotom-Wash|43/100 tox
|-damage|p2a: rotomwash|31/100 tox|[from] Stealth Rock
|move|p1a: Gastrodon|Toxic|p2a: rotomwash
|-fail|p2a: rotomwash|tox
|
|-heal|p2a: rotomwash|37/100 tox|[from] item: Leftovers
|-heal|p1a: Gastrodon|77/100|[from] item: Leftovers
|-damage|p2a: rotomwash|31/100 tox|[from] psn
|-end|p1a: Gastrodon|Magma Storm|[partiallytrapped]|[silent]
|upkeep
|turn|32
|
|t:|1665395852
|switch|p1a: Rillaboom|Rillaboom, M, shiny|71/100
|-damage|p1a: Rillaboom|59/100|[from] Stealth Rock
|-fieldstart|move: Grassy Terrain|[from] ability: Grassy Surge|[of] p1a: Rillaboom
|move|p2a: rotomwash|Pain Split|p1a: Rillaboom
|-sethp|p1a: Rillaboom|41/100|[from] move: Pain Split|[silent]
|-sethp|p2a: rotomwash|54/100 tox|[from] move: Pain Split
|
|-heal|p2a: rotomwash|60/100 tox|[from] item: Leftovers
|-heal|p1a: Rillaboom|47/100|[from] Grassy Terrain
|-heal|p1a: Rillaboom|54/100|[from] item: Leftovers
|-damage|p2a: rotomwash|48/100 tox|[from] psn
|upkeep
|turn|33
|
|t:|1665395854
|switch|p2a: Tangrowth|Tangrowth, M|100/100
|-damage|p2a: Tangrowth|88/100|[from] Stealth Rock
|move|p1a: Rillaboom|Knock Off|p2a: Tangrowth
|-damage|p2a: Tangrowth|68/100
|-damage|p1a: Rillaboom|37/100|[from] item: Rocky Helmet|[of] p2a: Tangrowth
|-enditem|p2a: Tangrowth|Rocky Helmet|[from] move: Knock Off|[of] p1a: Rillaboom
|
|-heal|p1a: Rillaboom|43/100|[from] Grassy Terrain
|-heal|p1a: Rillaboom|50/100|[from] item: Leftovers
|-heal|p2a: Tangrowth|74/100|[from] Grassy Terrain
|upkeep
|turn|34
|
|t:|1665395861
|switch|p1a: Slowking|Slowking-Galar, M, shiny|100/100
|-damage|p1a: Slowking|88/100|[from] Stealth Rock
|move|p2a: Tangrowth|Knock Off|p1a: Slowking
|-supereffective|p1a: Slowking
|-damage|p1a: Slowking|51/100
|-enditem|p1a: Slowking|Leftovers|[from] move: Knock Off|[of] p2a: Tangrowth
|
|-heal|p2a: Tangrowth|80/100|[from] Grassy Terrain
|-heal|p1a: Slowking|58/100|[from] Grassy Terrain
|upkeep
|turn|35
|
|t:|1665395864
|switch|p2a: rotomwash|Rotom-Wash|48/100 tox
|-damage|p2a: rotomwash|35/100 tox|[from] Stealth Rock
|switch|p1a: Clefable|Clefable, F, shiny|29/100
|
|-heal|p2a: rotomwash|42/100 tox|[from] item: Leftovers
|-heal|p1a: Clefable|35/100|[from] Grassy Terrain
|-damage|p2a: rotomwash|35/100 tox|[from] psn
|upkeep
|turn|36
|
|t:|1665395867
|switch|p1a: Gastrodon|Gastrodon-East, M, shiny|77/100
|-damage|p1a: Gastrodon|71/100|[from] Stealth Rock
|move|p2a: rotomwash|Thunderbolt|p1a: Gastrodon
|-immune|p1a: Gastrodon
|
|-heal|p2a: rotomwash|42/100 tox|[from] item: Leftovers
|-heal|p1a: Gastrodon|77/100|[from] Grassy Terrain
|-heal|p1a: Gastrodon|84/100|[from] item: Leftovers
|-damage|p2a: rotomwash|29/100 tox|[from] psn
|-fieldend|move: Grassy Terrain
|upkeep
|turn|37
|
|t:|1665395869
|switch|p1a: Rillaboom|Rillaboom, M, shiny|50/100
|-damage|p1a: Rillaboom|37/100|[from] Stealth Rock
|-fieldstart|move: Grassy Terrain|[from] ability: Grassy Surge|[of] p1a: Rillaboom
|move|p2a: rotomwash|Pain Split|p1a: Rillaboom
|-sethp|p1a: Rillaboom|30/100|[from] move: Pain Split|[silent]
|-sethp|p2a: rotomwash|39/100 tox|[from] move: Pain Split
|
|-heal|p2a: rotomwash|45/100 tox|[from] item: Leftovers
|-heal|p1a: Rillaboom|36/100|[from] Grassy Terrain
|-heal|p1a: Rillaboom|42/100|[from] item: Leftovers
|-damage|p2a: rotomwash|26/100 tox|[from] psn
|upkeep
|turn|38
|
|t:|1665395871
|switch|p2a: Tangrowth|Tangrowth, M|100/100
|-damage|p2a: Tangrowth|88/100|[from] Stealth Rock
|move|p1a: Rillaboom|Drain Punch|p2a: Tangrowth
|-damage|p2a: Tangrowth|74/100
|-heal|p1a: Rillaboom|49/100|[from] drain|[of] p2a: Tangrowth
|
|-heal|p1a: Rillaboom|56/100|[from] Grassy Terrain
|-heal|p1a: Rillaboom|62/100|[from] item: Leftovers
|-heal|p2a: Tangrowth|80/100|[from] Grassy Terrain
|upkeep
|turn|39
|
|t:|1665395876
|switch|p1a: Slowking|Slowking-Galar, M, shiny|91/100
|-damage|p1a: Slowking|79/100|[from] Stealth Rock
|move|p2a: Tangrowth|Knock Off|p1a: Slowking
|-supereffective|p1a: Slowking
|-damage|p1a: Slowking|56/100
|
|-heal|p2a: Tangrowth|86/100|[from] Grassy Terrain
|-heal|p1a: Slowking|62/100|[from] Grassy Terrain
|upkeep
|turn|40
|j| SweatyNoodle
|
|t:|1665395880
|switch|p2a: rotomwash|Rotom-Wash|26/100 tox
|-damage|p2a: rotomwash|14/100 tox|[from] Stealth Rock
|move|p1a: Slowking|Psychic|p2a: rotomwash
|-damage|p2a: rotomwash|0 fnt
|faint|p2a: rotomwash
|
|-heal|p1a: Slowking|68/100|[from] Grassy Terrain
|upkeep
|
|t:|1665395880
|switch|p2a: Heatran|Heatran, M|76/100 par
|-damage|p2a: Heatran|63/100 par|[from] Stealth Rock
|-item|p2a: Heatran|Air Balloon
|turn|41
|
|t:|1665395883
|move|p2a: Heatran|Magma Storm|p1a: Slowking
|-damage|p1a: Slowking|25/100
|-activate|p1a: Slowking|move: Magma Storm|[of] p2a: Heatran
|move|p1a: Slowking|Psychic|p2a: Heatran
|-resisted|p2a: Heatran
|-damage|p2a: Heatran|46/100 par
|-enditem|p2a: Heatran|Air Balloon
|
|-heal|p2a: Heatran|52/100 par|[from] Grassy Terrain
|-heal|p1a: Slowking|31/100|[from] Grassy Terrain
|-damage|p1a: Slowking|19/100|[from] move: Magma Storm|[partiallytrapped]
|-fieldend|move: Grassy Terrain
|upkeep
|turn|42
|
|t:|1665395885
|cant|p2a: Heatran|par
|move|p1a: Slowking|Psychic|p2a: Heatran
|-resisted|p2a: Heatran
|-damage|p2a: Heatran|36/100 par
|-unboost|p2a: Heatran|spd|1
|
|-damage|p1a: Slowking|7/100|[from] move: Magma Storm|[partiallytrapped]
|upkeep
|turn|43
|
|t:|1665395887
|move|p2a: Heatran|Earth Power|p1a: Slowking
|-supereffective|p1a: Slowking
|-damage|p1a: Slowking|0 fnt
|faint|p1a: Slowking
|
|upkeep
|
|t:|1665395890
|switch|p1a: Heatran|Heatran, M, shiny|100/100
|-damage|p1a: Heatran|88/100|[from] Stealth Rock
|turn|44
|
|t:|1665395891
|move|p1a: Heatran|Earth Power|p2a: Heatran
|-supereffective|p2a: Heatran
|-damage|p2a: Heatran|0 fnt
|faint|p2a: Heatran
|
|-heal|p1a: Heatran|94/100|[from] item: Leftovers
|upkeep
|
|t:|1665395891
|switch|p2a: landorustherian|Landorus-Therian, M|76/100
|-damage|p2a: landorustherian|63/100|[from] Stealth Rock
|-ability|p2a: landorustherian|Intimidate|boost
|-unboost|p1a: Heatran|atk|1
|turn|45
|
|t:|1665395894
|move|p1a: Heatran|Protect|p1a: Heatran
|-singleturn|p1a: Heatran|Protect
|move|p2a: landorustherian|Earthquake|p1a: Heatran
|-activate|p1a: Heatran|move: Protect
|
|-damage|p2a: landorustherian|51/100|[from] item: Black Sludge
|-heal|p1a: Heatran|100/100|[from] item: Leftovers
|upkeep
|turn|46
|
|t:|1665395896
|switch|p1a: Rillaboom|Rillaboom, M, shiny|62/100
|-damage|p1a: Rillaboom|49/100|[from] Stealth Rock
|-fieldstart|move: Grassy Terrain|[from] ability: Grassy Surge|[of] p1a: Rillaboom
|move|p2a: landorustherian|Earthquake|p1a: Rillaboom
|-resisted|p1a: Rillaboom
|-damage|p1a: Rillaboom|37/100
|
|-damage|p2a: landorustherian|39/100|[from] item: Black Sludge
|-heal|p1a: Rillaboom|44/100|[from] Grassy Terrain
|-heal|p1a: Rillaboom|50/100|[from] item: Leftovers
|upkeep
|turn|47
|
|t:|1665395898
|switch|p2a: Tangrowth|Tangrowth, M|100/100
|-damage|p2a: Tangrowth|88/100|[from] Stealth Rock
|move|p1a: Rillaboom|Grassy Glide|p2a: Tangrowth
|-resisted|p2a: Tangrowth
|-damage|p2a: Tangrowth|75/100
|
|-heal|p1a: Rillaboom|56/100|[from] Grassy Terrain
|-heal|p1a: Rillaboom|62/100|[from] item: Leftovers
|-heal|p2a: Tangrowth|81/100|[from] Grassy Terrain
|upkeep
|turn|48
|j| Ran Kob
|
|t:|1665395901
|switch|p1a: Heatran|Heatran, M, shiny|100/100
|-damage|p1a: Heatran|88/100|[from] Stealth Rock
|move|p2a: Tangrowth|Knock Off|p1a: Heatran
|-damage|p1a: Heatran|69/100
|-enditem|p1a: Heatran|Leftovers|[from] move: Knock Off|[of] p2a: Tangrowth
|
|-heal|p1a: Heatran|75/100|[from] Grassy Terrain
|-heal|p2a: Tangrowth|87/100|[from] Grassy Terrain
|upkeep
|turn|49
|
|t:|1665395902
|switch|p2a: landorustherian|Landorus-Therian, M|39/100
|-damage|p2a: landorustherian|26/100|[from] Stealth Rock
|-ability|p2a: landorustherian|Intimidate|boost
|-unboost|p1a: Heatran|atk|1
|move|p1a: Heatran|Magma Storm|p2a: landorustherian
|-damage|p2a: landorustherian|0 fnt
|faint|p2a: landorustherian
|
|-heal|p1a: Heatran|81/100|[from] Grassy Terrain
|upkeep
|
|t:|1665395902
|switch|p2a: Tangrowth|Tangrowth, M|100/100
|-damage|p2a: Tangrowth|88/100|[from] Stealth Rock
|turn|50
|
|t:|1665395904
|move|p1a: Heatran|Magma Storm|p2a: Tangrowth
|-supereffective|p2a: Tangrowth
|-damage|p2a: Tangrowth|0 fnt
|faint|p2a: Tangrowth
|
|win|nimed beatches
|raw|nimed beatches's rating: 1672 &rarr; <strong>1693</strong><br />(+21 for winning)
|raw|minimax_ai's rating: 1687 &rarr; <strong>1666</strong><br />(-21 for losing)
|c|☆minimax_ai|gg
