|j|☆FENDINI
|j|☆testingdriverio
|t:|1667420630
|gametype|singles
|player|p1|FENDINI|ethan-masters|1706
|player|p2|testingdriverio|2|1729
|teamsize|p1|6
|teamsize|p2|6
|gen|8
|tier|[Gen 8] OU
|rated|
|rule|Sleep Clause Mod: Limit one foe put to sleep
|rule|Species Clause: Limit one of each Pokémon
|rule|OHKO Clause: OHKO moves are banned
|rule|Evasion Items Clause: Evasion items are banned
|rule|Evasion Moves Clause: Evasion moves are banned
|rule|Endless Battle Clause: Forcing endless battles is banned
|rule|HP Percentage Mod: HP is shown in percentages
|rule|Dynamax Clause: You cannot dynamax
|clearpoke
|poke|p1|Rillaboom, F|
|poke|p1|Tornadus-Therian, M|
|poke|p1|Blaziken, F|
|poke|p1|Melmetal|
|poke|p1|Garchomp, M|
|poke|p1|Slowbro, F|
|poke|p2|Toxtricity, M|
|poke|p2|Magnezone|
|poke|p2|Flygon, F|
|poke|p2|Slowbro, M|
|poke|p2|Aegislash, M|
|poke|p2|Mandibuzz, F|
|teampreview
|inactive|Battle timer is ON: inactive players will automatically lose when time's up. (requested by FENDINI)
|
|t:|1667420640
|start
|switch|p1a: Garchomp|Garchomp, M|100/100
|switch|p2a: Slowbro|Slowbro, M|100/100
|turn|1
|
|t:|1667420644
|move|p1a: Garchomp|Toxic|p2a: Slowbro
|-status|p2a: Slowbro|tox
|move|p2a: Slowbro|Ice Beam|p1a: Garchomp
|-supereffective|p1a: Garchomp
|-damage|p1a: Garchomp|45/100
|
|-heal|p1a: Garchomp|51/100|[from] item: Leftovers
|-damage|p2a: Slowbro|94/100 tox|[from] psn
|upkeep
|turn|2
|
|t:|1667420649
|move|p1a: Garchomp|Protect|p1a: Garchomp
|-singleturn|p1a: Garchomp|Protect
|move|p2a: Slowbro|Teleport|p2a: Slowbro
|
|t:|1667420663
|switch|p2a: Flygon|Flygon, F|100/100|[from]move: Teleport
|
|-heal|p1a: Garchomp|57/100|[from] item: Leftovers
|upkeep
|turn|3
|
|t:|1667420678
|switch|p1a: Slowbro|Slowbro, F|100/100
|move|p2a: Flygon|Earthquake|p1a: Slowbro
|-damage|p1a: Slowbro|69/100
|-damage|p2a: Flygon|91/100|[from] item: Life Orb
|
|upkeep
|turn|4
|
|t:|1667420688
|move|p2a: Flygon|Dragon Dance|p2a: Flygon
|-boost|p2a: Flygon|atk|1
|-boost|p2a: Flygon|spe|1
|move|p1a: Slowbro|Teleport|p1a: Slowbro
|
|t:|1667420696
|switch|p1a: Rillaboom|Rillaboom, F|100/100|[from]move: Teleport
|-fieldstart|move: Grassy Terrain|[from] ability: Grassy Surge|[of] p1a: Rillaboom
|
|upkeep
|turn|5
|
|t:|1667420703
|switch|p2a: Mandibuzz|Mandibuzz, F|100/100
|move|p1a: Rillaboom|Grassy Glide|p2a: Mandibuzz
|-resisted|p2a: Mandibuzz
|-damage|p2a: Mandibuzz|84/100
|
|upkeep
|turn|6
|
|t:|1667420714
|move|p1a: Rillaboom|Knock Off|p2a: Mandibuzz
|-resisted|p2a: Mandibuzz
|-damage|p2a: Mandibuzz|73/100
|-enditem|p2a: Mandibuzz|Heavy-Duty Boots|[from] move: Knock Off|[of] p1a: Rillaboom
|move|p2a: Mandibuzz|U-turn|p1a: Rillaboom
|-supereffective|p1a: Rillaboom
|-damage|p1a: Rillaboom|77/100
|
|t:|1667420720
|switch|p2a: Toxtricity|Toxtricity, M|100/100|[from]move: U-turn
|
|-heal|p1a: Rillaboom|83/100|[from] Grassy Terrain
|-heal|p1a: Rillaboom|89/100|[from] item: Leftovers
|upkeep
|turn|7
|
|t:|1667420724
|switch|p1a: Melmetal|Melmetal|100/100
|move|p2a: Toxtricity|Boomburst|p1a: Melmetal
|-resisted|p1a: Melmetal
|-damage|p1a: Melmetal|61/100
|
|-heal|p1a: Melmetal|67/100|[from] Grassy Terrain
|-heal|p1a: Melmetal|73/100|[from] item: Leftovers
|upkeep
|turn|8
|
|t:|1667420730
|switch|p2a: Magnezone|Magnezone|100/100
|switch|p1a: Garchomp|Garchomp, M|57/100
|
|-heal|p1a: Garchomp|64/100|[from] Grassy Terrain
|-heal|p1a: Garchomp|70/100|[from] item: Leftovers
|-fieldend|move: Grassy Terrain
|upkeep
|turn|9
|
|t:|1667420740
|switch|p2a: Flygon|Flygon, F|91/100
|move|p1a: Garchomp|Stealth Rock|p2a: Flygon
|-sidestart|p2: testingdriverio|move: Stealth Rock
|
|-heal|p1a: Garchomp|76/100|[from] item: Leftovers
|upkeep
|turn|10
|
|t:|1667420746
|switch|p1a: Slowbro|Slowbro, F|100/100
|move|p2a: Flygon|Outrage|p1a: Slowbro
|-damage|p1a: Slowbro|57/100
|-damage|p2a: Flygon|74/100|[from] item: Rocky Helmet|[of] p1a: Slowbro
|-damage|p2a: Flygon|64/100|[from] item: Life Orb
|
|upkeep
|turn|11
|
|t:|1667420753
|move|p2a: Flygon|Outrage|p1a: Slowbro|[from]lockedmove
|-damage|p1a: Slowbro|15/100
|-damage|p2a: Flygon|47/100|[from] item: Rocky Helmet|[of] p1a: Slowbro
|-damage|p2a: Flygon|37/100|[from] item: Life Orb
|-start|p2a: Flygon|confusion|[fatigue]
|move|p1a: Slowbro|Scald|p2a: Flygon
|-damage|p2a: Flygon|3/100
|-status|p2a: Flygon|brn
|
|-damage|p2a: Flygon|0 fnt|[from] brn
|faint|p2a: Flygon
|upkeep
|
|t:|1667420762
|switch|p2a: Toxtricity|Toxtricity, M|100/100
|-damage|p2a: Toxtricity|88/100|[from] Stealth Rock
|turn|12
|
|t:|1667420772
|move|p2a: Toxtricity|Boomburst|p1a: Slowbro
|-damage|p1a: Slowbro|0 fnt
|faint|p1a: Slowbro
|
|upkeep
|
|t:|1667420780
|switch|p1a: Garchomp|Garchomp, M|76/100
|turn|13
|
|t:|1667420786
|switch|p2a: Slowbro|Slowbro, M|100/100 tox
|-damage|p2a: Slowbro|88/100 tox|[from] Stealth Rock
|move|p1a: Garchomp|Earthquake|p2a: Slowbro
|-damage|p2a: Slowbro|60/100 tox
|
|-heal|p1a: Garchomp|82/100|[from] item: Leftovers
|-damage|p2a: Slowbro|54/100 tox|[from] psn
|upkeep
|turn|14
|
|t:|1667420794
|switch|p1a: Tornadus|Tornadus-Therian, M|100/100
|move|p2a: Slowbro|Slack Off|p2a: Slowbro
|-heal|p2a: Slowbro|100/100 tox
|
|-damage|p2a: Slowbro|88/100 tox|[from] psn
|upkeep
|turn|15
|j| Cyberacc
|
|t:|1667420801
|move|p1a: Tornadus|U-turn|p2a: Slowbro
|-supereffective|p2a: Slowbro
|-damage|p2a: Slowbro|72/100 tox
|
|t:|1667420803
|switch|p1a: Garchomp|Garchomp, M|82/100|[from]move: U-turn
|move|p2a: Slowbro|Teleport|p2a: Slowbro
|
|t:|1667420809
|switch|p2a: Mandibuzz|Mandibuzz, F|73/100|[from]move: Teleport
|-damage|p2a: Mandibuzz|48/100|[from] Stealth Rock
|
|-heal|p1a: Garchomp|89/100|[from] item: Leftovers
|upkeep
|turn|16
|
|t:|1667420814
|switch|p2a: Slowbro|Slowbro, M|100/100 tox
|-damage|p2a: Slowbro|88/100 tox|[from] Stealth Rock
|move|p1a: Garchomp|Toxic|p2a: Slowbro
|-fail|p2a: Slowbro|tox
|
|-heal|p1a: Garchomp|95/100|[from] item: Leftovers
|-damage|p2a: Slowbro|82/100 tox|[from] psn
|upkeep
|turn|17
|
|t:|1667420820
|switch|p1a: Rillaboom|Rillaboom, F|89/100
|-fieldstart|move: Grassy Terrain|[from] ability: Grassy Surge|[of] p1a: Rillaboom
|move|p2a: Slowbro|Ice Beam|p1a: Rillaboom
|-supereffective|p1a: Rillaboom
|-damage|p1a: Rillaboom|38/100
|
|-heal|p1a: Rillaboom|45/100|[from] Grassy Terrain
|-heal|p1a: Rillaboom|51/100|[from] item: Leftovers
|-heal|p2a: Slowbro|88/100 tox|[from] Grassy Terrain
|-damage|p2a: Slowbro|76/100 tox|[from] psn
|upkeep
|turn|18
|
|t:|1667420825
|move|p1a: Rillaboom|Grassy Glide|p2a: Slowbro
|-supereffective|p2a: Slowbro
|-damage|p2a: Slowbro|11/100 tox
|move|p2a: Slowbro|Teleport|p2a: Slowbro
|
|t:|1667420830
|switch|p2a: Toxtricity|Toxtricity, M|88/100|[from]move: Teleport
|-damage|p2a: Toxtricity|76/100|[from] Stealth Rock
|
|-heal|p2a: Toxtricity|82/100|[from] Grassy Terrain
|-heal|p1a: Rillaboom|57/100|[from] Grassy Terrain
|-heal|p1a: Rillaboom|63/100|[from] item: Leftovers
|upkeep
|turn|19
|
|t:|1667420843
|switch|p1a: Garchomp|Garchomp, M|95/100
|move|p2a: Toxtricity|Volt Switch|p1a: Garchomp
|-immune|p1a: Garchomp
|
|-heal|p2a: Toxtricity|88/100|[from] Grassy Terrain
|-heal|p1a: Garchomp|100/100|[from] Grassy Terrain
|upkeep
|turn|20
|-message|testingdriverio forfeited.
|
|win|FENDINI
|raw|FENDINI's rating: 1706 &rarr; <strong>1727</strong><br />(+21 for winning)
|raw|testingdriverio's rating: 1729 &rarr; <strong>1708</strong><br />(-21 for losing)
|l|☆testingdriverio
