|j|☆SkipTheDripBayless
|j|☆big boss 447
|player|p1|SkipTheDripBayless|battlegirl-gen4|1841
|player|p2|big boss 447|n|1791
|teamsize|p1|6
|teamsize|p2|6
|gametype|singles
|gen|8
|tier|[Gen 8] OU
|rated|
|clearpoke
|poke|p1|Clefable, F|
|poke|p1|Kyurem|
|poke|p1|Gastrodon, M|
|poke|p1|Ditto|
|poke|p1|Toxapex, M|
|poke|p1|Corviknight, M|
|poke|p2|Aegislash, M|
|poke|p2|Torkoal, F|
|poke|p2|Darmanitan, F|
|poke|p2|Mandibuzz, F|
|poke|p2|Venusaur, F|
|poke|p2|Kyurem|
|rule|Sleep Clause Mod: Limit one foe put to sleep
|rule|Species Clause: Limit one of each Pokémon
|rule|OHKO Clause: OHKO moves are banned
|rule|Evasion Moves Clause: Evasion moves are banned
|rule|Endless Battle Clause: Forcing endless battles is banned
|rule|HP Percentage Mod: HP is shown in percentages
|rule|Dynamax Clause: You cannot dynamax
|teampreview
|
|start
|switch|p1a: 13 HOES|Clefable, F|100/100
|switch|p2a: Kyurem|Kyurem|100/100
|-ability|p2a: Kyurem|Pressure
|turn|1
|inactive|Battle timer is ON: inactive players will automatically lose when time's up. (requested by big boss 447)
|j| viewtifulyosh
|
|move|p2a: Kyurem|Ice Beam|p1a: 13 HOES
|-damage|p1a: 13 HOES|49/100
|-status|p1a: 13 HOES|frz
|cant|p1a: 13 HOES|frz
|
|-heal|p1a: 13 HOES|55/100 frz|[from] item: Leftovers
|upkeep
|turn|2
|
|switch|p2a: Venusaur|Venusaur, F|100/100
|switch|p1a: STEVE NASH|Toxapex, M|100/100
|
|upkeep
|turn|3
|
|move|p2a: Venusaur|Earth Power|p1a: STEVE NASH
|-supereffective|p1a: STEVE NASH
|-damage|p1a: STEVE NASH|42/100
|-damage|p2a: Venusaur|91/100|[from] item: Life Orb
|move|p1a: STEVE NASH|Toxic Spikes|p2a: Venusaur
|-sidestart|p2: big boss 447|move: Toxic Spikes
|
|-heal|p1a: STEVE NASH|49/100|[from] item: Black Sludge
|upkeep
|turn|4
|j| myjava
|c|☆big boss 447|toxapex and steve nash couldn’t be more different
|j| Trial&3rror
|
|switch|p2a: Mandibuzz|Mandibuzz, F|100/100
|switch|p1a: 13 HOES|Clefable, F|55/100 frz
|
|-heal|p1a: 13 HOES|61/100 frz|[from] item: Leftovers
|upkeep
|turn|5
|c|☆SkipTheDripBayless|hush
|c|☆SkipTheDripBayless|its a song
|
|move|p2a: Mandibuzz|Defog|p1a: 13 HOES
|-unboost|p1a: 13 HOES|evasion|1
|-sideend|p2: big boss 447|Toxic Spikes|[from] move: Defog|[of] p2a: Mandibuzz
|cant|p1a: 13 HOES|frz
|
|-heal|p1a: 13 HOES|67/100 frz|[from] item: Leftovers
|upkeep
|turn|6
|j| ndonlnko
|c|☆big boss 447|promiscuous girl
|
|move|p2a: Mandibuzz|U-turn|p1a: 13 HOES
|-resisted|p1a: 13 HOES
|-damage|p1a: 13 HOES|62/100 frz
|j| WHYAREYOUDYING
|c|☆SkipTheDripBayless|no
|
|switch|p2a: Kyurem|Kyurem|100/100|[from]move: U-turn
|-ability|p2a: Kyurem|Pressure
|cant|p1a: 13 HOES|frz
|
|-heal|p1a: 13 HOES|68/100 frz|[from] item: Leftovers
|upkeep
|turn|7
|
|move|p2a: Kyurem|Freeze-Dry|p1a: 13 HOES
|-damage|p1a: 13 HOES|27/100 frz
|cant|p1a: 13 HOES|frz
|
|-heal|p1a: 13 HOES|33/100 frz|[from] item: Leftovers
|upkeep
|turn|8
|
|switch|p1a: LOUIS V DUFFLE|Corviknight, M|100/100
|-ability|p1a: LOUIS V DUFFLE|Pressure
|move|p2a: Kyurem|Freeze-Dry|p1a: LOUIS V DUFFLE
|-damage|p1a: LOUIS V DUFFLE|43/100
|
|-heal|p1a: LOUIS V DUFFLE|49/100|[from] item: Leftovers
|upkeep
|turn|9
|j| liluzispinkytoe
|j| HeavenStar
|
|move|p2a: Kyurem|Freeze-Dry|p1a: LOUIS V DUFFLE
|-damage|p1a: LOUIS V DUFFLE|0 fnt
|faint|p1a: LOUIS V DUFFLE
|
|upkeep
|
|switch|p1a: SPIRITUAL CHOICES|Kyurem, shiny|100/100
|-ability|p1a: SPIRITUAL CHOICES|Pressure
|turn|10
|
|switch|p2a: Mandibuzz|Mandibuzz, F|100/100
|move|p1a: SPIRITUAL CHOICES|Dragon Dance|p1a: SPIRITUAL CHOICES
|-boost|p1a: SPIRITUAL CHOICES|atk|1
|-boost|p1a: SPIRITUAL CHOICES|spe|1
|
|upkeep
|turn|11
|
|move|p1a: SPIRITUAL CHOICES|Substitute|p1a: SPIRITUAL CHOICES
|-start|p1a: SPIRITUAL CHOICES|Substitute
|-damage|p1a: SPIRITUAL CHOICES|76/100
|move|p2a: Mandibuzz|Foul Play|p1a: SPIRITUAL CHOICES
|-end|p1a: SPIRITUAL CHOICES|Substitute
|
|-heal|p1a: SPIRITUAL CHOICES|82/100|[from] item: Leftovers
|upkeep
|turn|12
|
|move|p1a: SPIRITUAL CHOICES|Protect|p1a: SPIRITUAL CHOICES
|-singleturn|p1a: SPIRITUAL CHOICES|Protect
|move|p2a: Mandibuzz|Foul Play|p1a: SPIRITUAL CHOICES
|-activate|p1a: SPIRITUAL CHOICES|move: Protect
|
|-heal|p1a: SPIRITUAL CHOICES|88/100|[from] item: Leftovers
|upkeep
|turn|13
|j| seckter
|
|move|p1a: SPIRITUAL CHOICES|Substitute|p1a: SPIRITUAL CHOICES
|-start|p1a: SPIRITUAL CHOICES|Substitute
|-damage|p1a: SPIRITUAL CHOICES|63/100
|move|p2a: Mandibuzz|Foul Play|p1a: SPIRITUAL CHOICES
|-end|p1a: SPIRITUAL CHOICES|Substitute
|
|-heal|p1a: SPIRITUAL CHOICES|69/100|[from] item: Leftovers
|upkeep
|turn|14
|
|move|p1a: SPIRITUAL CHOICES|Protect|p1a: SPIRITUAL CHOICES
|-singleturn|p1a: SPIRITUAL CHOICES|Protect
|move|p2a: Mandibuzz|U-turn|p1a: SPIRITUAL CHOICES
|-activate|p1a: SPIRITUAL CHOICES|move: Protect
|
|-heal|p1a: SPIRITUAL CHOICES|75/100|[from] item: Leftovers
|upkeep
|turn|15
|
|move|p1a: SPIRITUAL CHOICES|Icicle Spear|p2a: Mandibuzz
|-supereffective|p2a: Mandibuzz
|-damage|p2a: Mandibuzz|70/100
|-supereffective|p2a: Mandibuzz
|-damage|p2a: Mandibuzz|42/100
|-supereffective|p2a: Mandibuzz
|-damage|p2a: Mandibuzz|10/100
|-hitcount|p2a: Mandibuzz|3
|move|p2a: Mandibuzz|Foul Play|p1a: SPIRITUAL CHOICES
|-damage|p1a: SPIRITUAL CHOICES|4/100
|
|-heal|p1a: SPIRITUAL CHOICES|10/100|[from] item: Leftovers
|upkeep
|turn|16
|
|move|p1a: SPIRITUAL CHOICES|Protect|p1a: SPIRITUAL CHOICES
|-singleturn|p1a: SPIRITUAL CHOICES|Protect
|move|p2a: Mandibuzz|Foul Play|p1a: SPIRITUAL CHOICES
|-activate|p1a: SPIRITUAL CHOICES|move: Protect
|
|-heal|p1a: SPIRITUAL CHOICES|16/100|[from] item: Leftovers
|upkeep
|turn|17
|j| baconeatinassassin
|
|move|p1a: SPIRITUAL CHOICES|Icicle Spear|p2a: Mandibuzz
|-supereffective|p2a: Mandibuzz
|-damage|p2a: Mandibuzz|0 fnt
|-hitcount|p2a: Mandibuzz|1
|faint|p2a: Mandibuzz
|
|-heal|p1a: SPIRITUAL CHOICES|22/100|[from] item: Leftovers
|upkeep
|
|switch|p2a: Aegislash|Aegislash, M|100/100
|-item|p2a: Aegislash|Air Balloon
|turn|18
|l| myjava
|
|switch|p1a: STEVE NASH|Toxapex, M|82/100
|-formechange|p2a: Aegislash|Aegislash-Blade||[from] ability: Stance Change
|move|p2a: Aegislash|Close Combat|p1a: STEVE NASH
|-resisted|p1a: STEVE NASH
|-damage|p1a: STEVE NASH|66/100
|-unboost|p2a: Aegislash|def|1
|-unboost|p2a: Aegislash|spd|1
|
|-heal|p1a: STEVE NASH|72/100|[from] item: Black Sludge
|upkeep
|turn|19
|c| ndonlnko|who doesnt s there
|c| ndonlnko|sd
|l|☆SkipTheDripBayless
|inactive|SkipTheDripBayless disconnected and has a minute to reconnect!
|player|p1|
|c|☆big boss 447|he has a ditto clown boy
|c| ndonlnko|scarf darm
|j|☆SkipTheDripBayless
|inactive|SkipTheDripBayless reconnected and has 120 seconds left.
|player|p1|SkipTheDripBayless|battlegirl-gen4
|c|☆big boss 447|look at my garbage ass team
|
|switch|p2a: Torkoal|Torkoal, F|100/100
|-weather|SunnyDay|[from] ability: Drought|[of] p2a: Torkoal
|move|p1a: STEVE NASH|Toxic|p2a: Torkoal
|-status|p2a: Torkoal|tox
|
|-weather|SunnyDay|[upkeep]
|-heal|p1a: STEVE NASH|78/100|[from] item: Black Sludge
|-damage|p2a: Torkoal|94/100 tox|[from] psn
|upkeep
|turn|20
|inactive|SkipTheDripBayless has 120 seconds left.
|
|switch|p1a: SPIRITUAL CHOICES|Kyurem, shiny|22/100
|-ability|p1a: SPIRITUAL CHOICES|Pressure
|move|p2a: Torkoal|Stealth Rock|p1a: SPIRITUAL CHOICES
|-sidestart|p1: SkipTheDripBayless|move: Stealth Rock
|
|-weather|SunnyDay|[upkeep]
|-heal|p1a: SPIRITUAL CHOICES|28/100|[from] item: Leftovers
|-damage|p2a: Torkoal|82/100 tox|[from] psn
|upkeep
|turn|21
|
|switch|p2a: Aegislash|Aegislash, M|100/100
|-item|p2a: Aegislash|Air Balloon
|move|p1a: SPIRITUAL CHOICES|Protect||[still]
|-fail|p1a: SPIRITUAL CHOICES
|
|-weather|SunnyDay|[upkeep]
|-heal|p1a: SPIRITUAL CHOICES|35/100|[from] item: Leftovers
|upkeep
|turn|22
|
|switch|p1a: STEVE NASH|Toxapex, M|100/100
|-damage|p1a: STEVE NASH|88/100|[from] Stealth Rock
|-formechange|p2a: Aegislash|Aegislash-Blade||[from] ability: Stance Change
|move|p2a: Aegislash|Shadow Claw|p1a: STEVE NASH
|-damage|p1a: STEVE NASH|61/100
|
|-weather|SunnyDay|[upkeep]
|-heal|p1a: STEVE NASH|68/100|[from] item: Black Sludge
|upkeep
|turn|23
|c| ndonlnko|this goofy ass kyurem
|
|switch|p1a: 5TH BABY MOMMA|Ditto|100/100
|-damage|p1a: 5TH BABY MOMMA|88/100|[from] Stealth Rock
|-transform|p1a: 5TH BABY MOMMA|p2a: Aegislash|[from] ability: Imposter
|move|p2a: Aegislash|Shadow Claw|p1a: 5TH BABY MOMMA
|-supereffective|p1a: 5TH BABY MOMMA
|-damage|p1a: 5TH BABY MOMMA|0 fnt
|faint|p1a: 5TH BABY MOMMA
|
|-weather|SunnyDay|[upkeep]
|upkeep
|
|switch|p1a: STEVE NASH|Toxapex, M|100/100
|-damage|p1a: STEVE NASH|88/100|[from] Stealth Rock
|turn|24
|c|☆big boss 447|nvm he ain’t got a ditto no mo
|
|switch|p2a: Venusaur|Venusaur, F|91/100
|move|p1a: STEVE NASH|Scald|p2a: Venusaur
|-resisted|p2a: Venusaur
|-damage|p2a: Venusaur|86/100
|
|-weather|SunnyDay|[upkeep]
|-heal|p1a: STEVE NASH|94/100|[from] item: Black Sludge
|upkeep
|turn|25
|l| Trial&3rror
|
|move|p2a: Venusaur|Growth|p2a: Venusaur
|-boost|p2a: Venusaur|atk|2
|-boost|p2a: Venusaur|spa|2
|move|p1a: STEVE NASH|Scald|p2a: Venusaur
|-resisted|p2a: Venusaur
|-damage|p2a: Venusaur|81/100
|
|-weather|SunnyDay|[upkeep]
|-heal|p1a: STEVE NASH|100/100|[from] item: Black Sludge
|upkeep
|turn|26
|j| myjava
|-message|SkipTheDripBayless forfeited.
|
|win|big boss 447
|l|☆SkipTheDripBayless
|l| ndonlnko
|l| myjava
|raw|SkipTheDripBayless's rating: 1843 &rarr; <strong>1820</strong><br />(-23 for losing)
|raw|big boss 447's rating: 1791 &rarr; <strong>1814</strong><br />(+23 for winning)
|l| WHYAREYOUDYING
|l| viewtifulyosh
|l| baconeatinassassin
|l|☆big boss 447
