|j|☆Theotime123
|j|☆BillionthLadderAlt
|t:|1667730666
|gametype|singles
|player|p1|Theotime123|ethan|1608
|player|p2|BillionthLadderAlt|guitarist-gen4|1655
|teamsize|p1|6
|teamsize|p2|6
|gen|8
|tier|[Gen 8] OU
|rated|
|rule|Sleep Clause Mod: Limit one foe put to sleep
|rule|Species Clause: Limit one of each Pokémon
|rule|OHKO Clause: OHKO moves are banned
|rule|Evasion Items Clause: Evasion items are banned
|rule|Evasion Moves Clause: Evasion moves are banned
|rule|Endless Battle Clause: Forcing endless battles is banned
|rule|HP Percentage Mod: HP is shown in percentages
|rule|Dynamax Clause: You cannot dynamax
|clearpoke
|poke|p1|Blacephalon|
|poke|p1|Ninetales-Alola, M|
|poke|p1|Tapu Fini|
|poke|p1|Heatran, M|
|poke|p1|Garchomp, M|
|poke|p1|Kartana|
|poke|p2|Ninetales-Alola, M|
|poke|p2|Arctozolt|
|poke|p2|Blissey, F|
|poke|p2|Zapdos|
|poke|p2|Garchomp, M|
|poke|p2|Ferrothorn, F|
|teampreview
|inactive|Battle timer is ON: inactive players will automatically lose when time's up. (requested by BillionthLadderAlt)
|
|t:|1667730677
|start
|switch|p1a: Heatran|Heatran, M|100/100
|switch|p2a: Arctozolt|Arctozolt|100/100
|-item|p1a: Heatran|Air Balloon
|turn|1
|
|t:|1667730687
|switch|p2a: Blissey|Blissey, F|100/100
|move|p1a: Heatran|Stealth Rock|p2a: Blissey
|-sidestart|p2: BillionthLadderAlt|move: Stealth Rock
|
|upkeep
|turn|2
|j| Noob 0_o
|
|t:|1667730691
|switch|p1a: Tapu Fini|Tapu Fini|100/100
|-fieldstart|move: Misty Terrain|[from] ability: Misty Surge|[of] p1a: Tapu Fini
|move|p2a: Blissey|Seismic Toss|p1a: Tapu Fini
|-damage|p1a: Tapu Fini|71/100
|
|upkeep
|turn|3
|
|t:|1667730696
|switch|p1a: Blacephalon|Blacephalon|100/100
|switch|p2a: Ferrothorn|Ferrothorn, F|100/100
|-damage|p2a: Ferrothorn|95/100|[from] Stealth Rock
|
|-heal|p2a: Ferrothorn|100/100|[from] item: Leftovers
|upkeep
|turn|4
|
|t:|1667730698
|switch|p2a: Arctozolt|Arctozolt|100/100
|-damage|p2a: Arctozolt|76/100|[from] Stealth Rock
|move|p1a: Blacephalon|Flamethrower|p2a: Arctozolt
|-supereffective|p2a: Arctozolt
|-damage|p2a: Arctozolt|0 fnt
|faint|p2a: Arctozolt
|-ability|p1a: Blacephalon|Beast Boost|boost
|-boost|p1a: Blacephalon|spe|1
|
|upkeep
|c|☆BillionthLadderAlt|oh wtf it bugged i thought i clicked on blissey
|inactive|BillionthLadderAlt has 120 seconds left.
|
|t:|1667730730
|switch|p2a: Blissey|Blissey, F|100/100
|turn|5
|
|t:|1667730736
|move|p1a: Blacephalon|Substitute|p1a: Blacephalon
|-start|p1a: Blacephalon|Substitute
|-damage|p1a: Blacephalon|76/100
|move|p2a: Blissey|Teleport|p2a: Blissey
|
|t:|1667730741
|switch|p2a: Garchomp|Garchomp, M|100/100|[from]move: Teleport
|-damage|p2a: Garchomp|94/100|[from] Stealth Rock
|
|upkeep
|turn|6
|
|t:|1667730746
|switch|p1a: Ninetales|Ninetales-Alola, M|100/100
|-weather|Hail|[from] ability: Snow Warning|[of] p1a: Ninetales
|move|p2a: Garchomp|Earthquake|p1a: Ninetales
|-damage|p1a: Ninetales|49/100
|
|-weather|Hail|[upkeep]
|-damage|p2a: Garchomp|88/100|[from] Hail
|-fieldend|Misty Terrain
|upkeep
|turn|7
|
|t:|1667730754
|switch|p2a: Ferrothorn|Ferrothorn, F|100/100
|-damage|p2a: Ferrothorn|95/100|[from] Stealth Rock
|move|p1a: Ninetales|Aurora Veil|p1a: Ninetales
|-sidestart|p1: Theotime123|move: Aurora Veil
|
|-weather|Hail|[upkeep]
|-damage|p2a: Ferrothorn|89/100|[from] Hail
|-heal|p2a: Ferrothorn|95/100|[from] item: Leftovers
|upkeep
|turn|8
|
|t:|1667730759
|switch|p1a: Heatran|Heatran, M|100/100
|-item|p1a: Heatran|Air Balloon
|move|p2a: Ferrothorn|Knock Off|p1a: Heatran
|-damage|p1a: Heatran|92/100
|-enditem|p1a: Heatran|Air Balloon
|
|-weather|Hail|[upkeep]
|-damage|p1a: Heatran|86/100|[from] Hail
|-damage|p2a: Ferrothorn|89/100|[from] Hail
|-heal|p2a: Ferrothorn|95/100|[from] item: Leftovers
|upkeep
|turn|9
|
|t:|1667730766
|switch|p1a: Tapu Fini|Tapu Fini|71/100
|-fieldstart|move: Misty Terrain|[from] ability: Misty Surge|[of] p1a: Tapu Fini
|switch|p2a: Garchomp|Garchomp, M|88/100
|-damage|p2a: Garchomp|82/100|[from] Stealth Rock
|
|-weather|Hail|[upkeep]
|-damage|p2a: Garchomp|76/100|[from] Hail
|-damage|p1a: Tapu Fini|65/100|[from] Hail
|upkeep
|turn|10
|
|t:|1667730774
|switch|p2a: Ferrothorn|Ferrothorn, F|95/100
|-damage|p2a: Ferrothorn|89/100|[from] Stealth Rock
|move|p1a: Tapu Fini|Draining Kiss|p2a: Ferrothorn
|-resisted|p2a: Ferrothorn
|-damage|p2a: Ferrothorn|81/100
|-heal|p1a: Tapu Fini|71/100|[from] drain|[of] p2a: Ferrothorn
|-damage|p1a: Tapu Fini|59/100|[from] ability: Iron Barbs|[of] p2a: Ferrothorn
|
|-weather|none
|-heal|p2a: Ferrothorn|87/100|[from] item: Leftovers
|upkeep
|turn|11
|
|t:|1667730782
|switch|p1a: Garchomp|Garchomp, M|100/100
|move|p2a: Ferrothorn|Spikes|p1a: Garchomp
|-sidestart|p1: Theotime123|Spikes
|
|-heal|p2a: Ferrothorn|93/100|[from] item: Leftovers
|upkeep
|turn|12
|
|t:|1667730787
|move|p1a: Garchomp|Swords Dance|p1a: Garchomp
|-boost|p1a: Garchomp|atk|2
|move|p2a: Ferrothorn|Leech Seed|p1a: Garchomp
|-start|p1a: Garchomp|move: Leech Seed
|
|-heal|p2a: Ferrothorn|99/100|[from] item: Leftovers
|-damage|p1a: Garchomp|88/100|[from] Leech Seed|[of] p2a: Ferrothorn
|-heal|p2a: Ferrothorn|100/100|[silent]
|upkeep
|turn|13
|
|t:|1667730799
|move|p1a: Garchomp|Fire Fang|p2a: Ferrothorn
|-supereffective|p2a: Ferrothorn
|-damage|p2a: Ferrothorn|0 fnt
|-damage|p1a: Garchomp|76/100|[from] ability: Iron Barbs|[of] p2a: Ferrothorn
|faint|p2a: Ferrothorn
|
|-heal|p1a: Garchomp|82/100|[from] item: Leftovers
|-fieldend|Misty Terrain
|upkeep
|
|t:|1667730806
|switch|p2a: Ninetales|Ninetales-Alola, M|100/100
|-damage|p2a: Ninetales|76/100|[from] Stealth Rock
|-weather|Hail|[from] ability: Snow Warning|[of] p2a: Ninetales
|turn|14
|
|t:|1667730811
|switch|p1a: Heatran|Heatran, M|86/100
|-damage|p1a: Heatran|74/100|[from] Spikes
|move|p2a: Ninetales|Blizzard|p1a: Heatran
|-resisted|p1a: Heatran
|-damage|p1a: Heatran|70/100
|
|-weather|Hail|[upkeep]
|-damage|p1a: Heatran|63/100|[from] Hail
|-sideend|p1: Theotime123|move: Aurora Veil
|upkeep
|turn|15
|
|t:|1667730821
|switch|p2a: Garchomp|Garchomp, M|76/100
|-damage|p2a: Garchomp|70/100|[from] Stealth Rock
|move|p1a: Heatran|Magma Storm|p2a: Garchomp
|-resisted|p2a: Garchomp
|-damage|p2a: Garchomp|49/100
|-activate|p2a: Garchomp|move: Magma Storm|[of] p1a: Heatran
|
|-weather|Hail|[upkeep]
|-damage|p2a: Garchomp|43/100|[from] Hail
|-damage|p1a: Heatran|57/100|[from] Hail
|-damage|p2a: Garchomp|30/100|[from] move: Magma Storm|[partiallytrapped]
|upkeep
|turn|16
|
|t:|1667730835
|move|p2a: Garchomp|Earthquake|p1a: Heatran
|-supereffective|p1a: Heatran
|-crit|p1a: Heatran
|-damage|p1a: Heatran|0 fnt
|faint|p1a: Heatran
|
|-weather|Hail|[upkeep]
|-damage|p2a: Garchomp|24/100|[from] Hail
|-end|p2a: Garchomp|Magma Storm|[partiallytrapped]|[silent]
|upkeep
|
|t:|1667730841
|switch|p1a: Ninetales|Ninetales-Alola, M|49/100
|-damage|p1a: Ninetales|37/100|[from] Spikes
|turn|17
|
|t:|1667730849
|move|p1a: Ninetales|Aurora Veil|p1a: Ninetales
|-sidestart|p1: Theotime123|move: Aurora Veil
|move|p2a: Garchomp|Stealth Rock|p1a: Ninetales
|-sidestart|p1: Theotime123|move: Stealth Rock
|
|-weather|Hail|[upkeep]
|-damage|p2a: Garchomp|18/100|[from] Hail
|upkeep
|turn|18
|
|t:|1667730855
|switch|p2a: Blissey|Blissey, F|100/100
|move|p1a: Ninetales|Freeze-Dry|p2a: Blissey
|-damage|p2a: Blissey|93/100
|
|-weather|Hail|[upkeep]
|-damage|p2a: Blissey|87/100|[from] Hail
|upkeep
|turn|19
|
|t:|1667730864
|switch|p1a: Tapu Fini|Tapu Fini|59/100
|-damage|p1a: Tapu Fini|46/100|[from] Spikes
|-damage|p1a: Tapu Fini|34/100|[from] Stealth Rock
|-fieldstart|move: Misty Terrain|[from] ability: Misty Surge|[of] p1a: Tapu Fini
|move|p2a: Blissey|Toxic|p1a: Tapu Fini
|-activate|p1a: Tapu Fini|move: Misty Terrain
|
|-weather|Hail|[upkeep]
|-damage|p1a: Tapu Fini|28/100|[from] Hail
|-damage|p2a: Blissey|81/100|[from] Hail
|upkeep
|turn|20
|
|t:|1667730866
|move|p1a: Tapu Fini|Taunt|p2a: Blissey
|-start|p2a: Blissey|move: Taunt
|move|p2a: Blissey|Seismic Toss|p1a: Tapu Fini
|-damage|p1a: Tapu Fini|0 fnt
|faint|p1a: Tapu Fini
|
|-weather|Hail|[upkeep]
|-damage|p2a: Blissey|75/100|[from] Hail
|upkeep
|
|t:|1667730872
|switch|p1a: Blacephalon|Blacephalon|76/100
|turn|21
|
|t:|1667730883
|switch|p2a: Ninetales|Ninetales-Alola, M|76/100
|-damage|p2a: Ninetales|51/100|[from] Stealth Rock
|move|p1a: Blacephalon|Calm Mind|p1a: Blacephalon
|-boost|p1a: Blacephalon|spa|1
|-boost|p1a: Blacephalon|spd|1
|
|-weather|none
|upkeep
|turn|22
|
|t:|1667730889
|move|p2a: Ninetales|Encore|p1a: Blacephalon
|-start|p1a: Blacephalon|Encore
|move|p1a: Blacephalon|Calm Mind|p1a: Blacephalon
|-boost|p1a: Blacephalon|spa|1
|-boost|p1a: Blacephalon|spd|1
|
|upkeep
|turn|23
|
|t:|1667730898
|switch|p1a: Kartana|Kartana|100/100
|-damage|p1a: Kartana|88/100|[from] Spikes
|-damage|p1a: Kartana|82/100|[from] Stealth Rock
|move|p2a: Ninetales|Nasty Plot|p2a: Ninetales
|-boost|p2a: Ninetales|spa|2
|
|-fieldend|Misty Terrain
|upkeep
|turn|24
|
|t:|1667730903
|switch|p2a: Zapdos|Zapdos|100/100
|move|p1a: Kartana|Smart Strike|p2a: Zapdos
|-resisted|p2a: Zapdos
|-damage|p2a: Zapdos|83/100
|
|-sideend|p1: Theotime123|move: Aurora Veil
|upkeep
|turn|25
|
|t:|1667730918
|switch|p1a: Garchomp|Garchomp, M|82/100
|-damage|p1a: Garchomp|70/100|[from] Spikes
|-damage|p1a: Garchomp|64/100|[from] Stealth Rock
|switch|p2a: Ninetales|Ninetales-Alola, M|51/100
|-damage|p2a: Ninetales|26/100|[from] Stealth Rock
|-weather|Hail|[from] ability: Snow Warning|[of] p2a: Ninetales
|
|-weather|Hail|[upkeep]
|-damage|p1a: Garchomp|57/100|[from] Hail
|-heal|p1a: Garchomp|64/100|[from] item: Leftovers
|upkeep
|turn|26
|
|t:|1667730930
|switch|p1a: Blacephalon|Blacephalon|76/100
|move|p2a: Ninetales|Blizzard|p1a: Blacephalon
|-resisted|p1a: Blacephalon
|-crit|p1a: Blacephalon
|-damage|p1a: Blacephalon|33/100
|
|-weather|Hail|[upkeep]
|-damage|p1a: Blacephalon|26/100|[from] Hail
|upkeep
|turn|27
|
|t:|1667730939
|move|p2a: Ninetales|Blizzard|p1a: Blacephalon
|-resisted|p1a: Blacephalon
|-damage|p1a: Blacephalon|0 fnt
|faint|p1a: Blacephalon
|
|-weather|Hail|[upkeep]
|upkeep
|
|t:|1667730947
|switch|p1a: Kartana|Kartana|82/100
|-damage|p1a: Kartana|70/100|[from] Spikes
|-damage|p1a: Kartana|63/100|[from] Stealth Rock
|turn|28
|
|t:|1667730950
|switch|p2a: Garchomp|Garchomp, M|18/100
|-damage|p2a: Garchomp|12/100|[from] Stealth Rock
|move|p1a: Kartana|Knock Off|p2a: Garchomp
|-damage|p2a: Garchomp|0 fnt
|-damage|p1a: Kartana|51/100|[from] ability: Rough Skin|[of] p2a: Garchomp
|-damage|p1a: Kartana|34/100|[from] item: Rocky Helmet|[of] p2a: Garchomp
|-enditem|p2a: Garchomp|Rocky Helmet|[from] move: Knock Off|[of] p1a: Kartana
|faint|p2a: Garchomp
|-ability|p1a: Kartana|Beast Boost|boost
|-boost|p1a: Kartana|atk|1
|
|-weather|Hail|[upkeep]
|-damage|p1a: Kartana|28/100|[from] Hail
|upkeep
|
|t:|1667730954
|switch|p2a: Zapdos|Zapdos|83/100
|turn|29
|
|t:|1667730977
|move|p1a: Kartana|Knock Off|p2a: Zapdos
|-damage|p2a: Zapdos|36/100
|-enditem|p2a: Zapdos|Heavy-Duty Boots|[from] move: Knock Off|[of] p1a: Kartana
|move|p2a: Zapdos|Defog|p1a: Kartana
|-unboost|p1a: Kartana|evasion|1
|-sideend|p1: Theotime123|Spikes|[from] move: Defog|[of] p2a: Zapdos
|-sideend|p1: Theotime123|Stealth Rock|[from] move: Defog|[of] p2a: Zapdos
|-sideend|p2: BillionthLadderAlt|Stealth Rock|[from] move: Defog|[of] p2a: Zapdos
|
|-weather|Hail|[upkeep]
|-damage|p1a: Kartana|22/100|[from] Hail
|-damage|p2a: Zapdos|30/100|[from] Hail
|upkeep
|turn|30
|
|t:|1667730985
|switch|p1a: Garchomp|Garchomp, M|64/100
|move|p2a: Zapdos|Roost|p2a: Zapdos
|-heal|p2a: Zapdos|80/100
|-singleturn|p2a: Zapdos|move: Roost
|
|-weather|Hail|[upkeep]
|-damage|p1a: Garchomp|57/100|[from] Hail
|-damage|p2a: Zapdos|74/100|[from] Hail
|-heal|p1a: Garchomp|64/100|[from] item: Leftovers
|upkeep
|turn|31
|
|t:|1667730997
|switch|p2a: Ninetales|Ninetales-Alola, M|26/100
|move|p1a: Garchomp|Scale Shot|p2a: Ninetales
|-immune|p2a: Ninetales
|
|-weather|Hail|[upkeep]
|-damage|p1a: Garchomp|57/100|[from] Hail
|-heal|p1a: Garchomp|64/100|[from] item: Leftovers
|upkeep
|turn|32
|
|t:|1667731011
|switch|p1a: Ninetales|Ninetales-Alola, M|37/100
|move|p2a: Ninetales|Blizzard|p1a: Ninetales
|-resisted|p1a: Ninetales
|-damage|p1a: Ninetales|15/100
|
|-weather|none
|upkeep
|turn|33
|
|t:|1667731016
|move|p2a: Ninetales|Moonblast|p1a: Ninetales
|-damage|p1a: Ninetales|0 fnt
|faint|p1a: Ninetales
|
|upkeep
|
|t:|1667731019
|switch|p1a: Kartana|Kartana|22/100
|turn|34
|
|t:|1667731027
|switch|p1a: Garchomp|Garchomp, M|64/100
|switch|p2a: Zapdos|Zapdos|74/100
|
|-heal|p1a: Garchomp|70/100|[from] item: Leftovers
|upkeep
|turn|35
|
|t:|1667731037
|switch|p2a: Blissey|Blissey, F|75/100
|move|p1a: Garchomp|Fire Fang|p2a: Blissey
|-damage|p2a: Blissey|54/100
|
|-heal|p1a: Garchomp|76/100|[from] item: Leftovers
|upkeep
|turn|36
|
|t:|1667731044
|move|p1a: Garchomp|Earthquake|p2a: Blissey
|-damage|p2a: Blissey|10/100
|move|p2a: Blissey|Toxic|p1a: Garchomp
|-status|p1a: Garchomp|tox
|
|-heal|p1a: Garchomp|82/100 tox|[from] item: Leftovers
|-damage|p1a: Garchomp|76/100 tox|[from] psn
|upkeep
|turn|37
|
|t:|1667731058
|switch|p2a: Ninetales|Ninetales-Alola, M|26/100
|-weather|Hail|[from] ability: Snow Warning|[of] p2a: Ninetales
|move|p1a: Garchomp|Scale Shot|p2a: Ninetales
|-immune|p2a: Ninetales
|
|-weather|Hail|[upkeep]
|-damage|p1a: Garchomp|70/100 tox|[from] Hail
|-heal|p1a: Garchomp|76/100 tox|[from] item: Leftovers
|-damage|p1a: Garchomp|64/100 tox|[from] psn
|upkeep
|turn|38
|
|t:|1667731070
|move|p2a: Ninetales|Blizzard|p1a: Garchomp
|-supereffective|p1a: Garchomp
|-damage|p1a: Garchomp|0 fnt
|faint|p1a: Garchomp
|
|-weather|Hail|[upkeep]
|upkeep
|
|t:|1667731072
|switch|p1a: Kartana|Kartana|22/100
|turn|39
|-message|Theotime123 forfeited.
|
|win|BillionthLadderAlt
|raw|Theotime123's rating: 1608 &rarr; <strong>1591</strong><br />(-17 for losing)
|raw|BillionthLadderAlt's rating: 1655 &rarr; <strong>1672</strong><br />(+17 for winning)
|l|☆Theotime123
