|j|☆Stunfisk2140
|j|☆Zephyr1517
|t:|1643192971
|gametype|singles
|player|p1|Stunfisk2140|falkner|
|player|p2|Zephyr1517|elio|
|teamsize|p1|6
|teamsize|p2|6
|gen|8
|tier|[Gen 8] OU
|rule|Sleep Clause Mod: Limit one foe put to sleep
|rule|Species Clause: Limit one of each Pokémon
|rule|OHKO Clause: OHKO moves are banned
|rule|Evasion Moves Clause: Evasion moves are banned
|rule|Endless Battle Clause: Forcing endless battles is banned
|rule|HP Percentage Mod: HP is shown in percentages
|rule|Dynamax Clause: You cannot dynamax
|clearpoke
|poke|p1|Pangoro, F|
|poke|p1|Landorus-Therian, M|
|poke|p1|Ferrothorn, F|
|poke|p1|Heatran, M|
|poke|p1|Slowking, F|
|poke|p1|Tapu Lele|
|poke|p2|Celesteela|
|poke|p2|Urshifu-*, M|
|poke|p2|Landorus-Therian, M|
|poke|p2|Heatran, M|
|poke|p2|Dragapult, F|
|poke|p2|Rillaboom, M|
|teampreview
|c|☆Zephyr1517|Was thinking of trying sun team on ladder
|c|☆Zephyr1517|but accidentally chose my original team
|c|☆Zephyr1517|still won
|c|☆Stunfisk2140|sadge
|c|☆Stunfisk2140|but not
|
|t:|1643193012
|start
|switch|p1a: Po|Pangoro, F|100/100
|switch|p2a: Furshifu|Urshifu-Rapid-Strike, M|100/100
|turn|1
|c|☆Stunfisk2140|furshifu
|c|☆Stunfisk2140|bruh
|
|t:|1643193037
|switch|p1a: Big Brain Boov|Slowking, F, shiny|100/100
|move|p2a: Furshifu|Close Combat|p1a: Big Brain Boov
|-resisted|p1a: Big Brain Boov
|-damage|p1a: Big Brain Boov|64/100
|-unboost|p2a: Furshifu|def|1
|-unboost|p2a: Furshifu|spd|1
|
|upkeep
|turn|2
|
|t:|1643193048
|move|p2a: Furshifu|Close Combat|p1a: Big Brain Boov
|-resisted|p1a: Big Brain Boov
|-crit|p1a: Big Brain Boov
|-damage|p1a: Big Brain Boov|8/100
|-unboost|p2a: Furshifu|def|1
|-unboost|p2a: Furshifu|spd|1
|move|p1a: Big Brain Boov|Future Sight|p2a: Furshifu
|-start|p1a: Big Brain Boov|move: Future Sight
|
|upkeep
|turn|3
|
|t:|1643193058
|switch|p1a: Georgie's Waifu|Tapu Lele|100/100
|-fieldstart|move: Psychic Terrain|[from] ability: Psychic Surge|[of] p1a: Georgie's Waifu
|move|p2a: Furshifu|Close Combat|p1a: Georgie's Waifu
|-resisted|p1a: Georgie's Waifu
|-damage|p1a: Georgie's Waifu|64/100
|-unboost|p2a: Furshifu|def|1
|-unboost|p2a: Furshifu|spd|1
|
|upkeep
|turn|4
|
|t:|1643193070
|switch|p1a: Big Brain Boov|Slowking, F, shiny|41/100
|switch|p2a: Landoroost|Landorus-Therian, M|100/100
|-ability|p2a: Landoroost|Intimidate|boost
|-unboost|p1a: Big Brain Boov|atk|1
|
|-end|p2a: Landoroost|move: Future Sight
|-damage|p2a: Landoroost|69/100
|upkeep
|turn|5
|
|t:|1643193080
|switch|p1a: Orlando Bloom|Landorus-Therian, M|100/100
|-ability|p1a: Orlando Bloom|Intimidate|boost
|-unboost|p2a: Landoroost|atk|1
|move|p2a: Landoroost|Knock Off|p1a: Orlando Bloom
|-damage|p1a: Orlando Bloom|81/100
|-enditem|p1a: Orlando Bloom|Leftovers|[from] move: Knock Off|[of] p2a: Landoroost
|
|upkeep
|turn|6
|
|t:|1643193088
|switch|p2a: Kelestela|Celesteela|100/100
|move|p1a: Orlando Bloom|U-turn|p2a: Kelestela
|-resisted|p2a: Kelestela
|-damage|p2a: Kelestela|95/100
|
|t:|1643193093
|switch|p1a: Alpha Phroge|Heatran, M, shiny|100/100|[from]move: U-turn
|
|upkeep
|turn|7
|
|t:|1643193105
|switch|p2a: Heran|Heatran, M|100/100
|-item|p2a: Heran|Air Balloon
|move|p1a: Alpha Phroge|Toxic|p2a: Heran
|-immune|p2a: Heran
|
|-fieldend|move: Psychic Terrain
|upkeep
|turn|8
|
|t:|1643193112
|switch|p1a: Orlando Bloom|Landorus-Therian, M|81/100
|-ability|p1a: Orlando Bloom|Intimidate|boost
|-unboost|p2a: Heran|atk|1
|move|p2a: Heran|Stealth Rock|p1a: Orlando Bloom
|-sidestart|p1: Stunfisk2140|move: Stealth Rock
|
|upkeep
|turn|9
|
|t:|1643193119
|switch|p2a: Furshifu|Urshifu-Rapid-Strike, M|100/100
|move|p1a: Orlando Bloom|U-turn|p2a: Furshifu
|-resisted|p2a: Furshifu
|-damage|p2a: Furshifu|89/100
|
|t:|1643193130
|switch|p1a: Georgie's Waifu|Tapu Lele|64/100|[from]move: U-turn
|-damage|p1a: Georgie's Waifu|52/100|[from] Stealth Rock
|-fieldstart|move: Psychic Terrain|[from] ability: Psychic Surge|[of] p1a: Georgie's Waifu
|
|upkeep
|turn|10
|
|t:|1643193136
|move|p1a: Georgie's Waifu|Psyshock|p2a: Furshifu
|-supereffective|p2a: Furshifu
|-damage|p2a: Furshifu|0 fnt
|faint|p2a: Furshifu
|
|upkeep
|
|t:|1643193159
|switch|p2a: Rillabomb|Rillaboom, M|100/100
|-fieldstart|move: Grassy Terrain|[from] ability: Grassy Surge|[of] p2a: Rillabomb
|turn|11
|
|t:|1643193167
|switch|p1a: Orlando Bloom|Landorus-Therian, M|81/100
|-damage|p1a: Orlando Bloom|69/100|[from] Stealth Rock
|-ability|p1a: Orlando Bloom|Intimidate|boost
|-unboost|p2a: Rillabomb|atk|1
|move|p2a: Rillabomb|Swords Dance|p2a: Rillabomb
|-boost|p2a: Rillabomb|atk|2
|
|upkeep
|turn|12
|
|t:|1643193177
|switch|p1a: Pain|Ferrothorn, F|100/100
|-damage|p1a: Pain|95/100|[from] Stealth Rock
|move|p2a: Rillabomb|Grassy Glide|p1a: Pain
|-resisted|p1a: Pain
|-damage|p1a: Pain|81/100
|-damage|p2a: Rillabomb|88/100|[from] ability: Iron Barbs|[of] p1a: Pain
|-damage|p2a: Rillabomb|72/100|[from] item: Rocky Helmet|[of] p1a: Pain
|-damage|p2a: Rillabomb|62/100|[from] item: Life Orb
|
|-heal|p2a: Rillabomb|68/100|[from] Grassy Terrain
|-heal|p1a: Pain|87/100|[from] Grassy Terrain
|upkeep
|turn|13
|
|t:|1643193190
|move|p2a: Rillabomb|Superpower|p1a: Pain
|-supereffective|p1a: Pain
|-damage|p1a: Pain|0 fnt
|-unboost|p2a: Rillabomb|atk|1
|-unboost|p2a: Rillabomb|def|1
|-damage|p2a: Rillabomb|56/100|[from] ability: Iron Barbs|[of] p1a: Pain
|-damage|p2a: Rillabomb|39/100|[from] item: Rocky Helmet|[of] p1a: Pain
|faint|p1a: Pain
|-damage|p2a: Rillabomb|29/100|[from] item: Life Orb
|
|-heal|p2a: Rillabomb|35/100|[from] Grassy Terrain
|upkeep
|
|t:|1643193201
|switch|p1a: Georgie's Waifu|Tapu Lele|52/100
|-damage|p1a: Georgie's Waifu|39/100|[from] Stealth Rock
|-fieldstart|move: Psychic Terrain|[from] ability: Psychic Surge|[of] p1a: Georgie's Waifu
|turn|14
|
|t:|1643193217
|switch|p2a: Kelestela|Celesteela|95/100
|move|p1a: Georgie's Waifu|Psyshock|p2a: Kelestela
|-resisted|p2a: Kelestela
|-damage|p2a: Kelestela|67/100
|
|upkeep
|turn|15
|
|t:|1643193225
|switch|p1a: Alpha Phroge|Heatran, M, shiny|100/100
|-damage|p1a: Alpha Phroge|88/100|[from] Stealth Rock
|move|p2a: Kelestela|Meteor Beam||[still]
|-prepare|p2a: Kelestela|Meteor Beam
|-boost|p2a: Kelestela|spa|1
|-enditem|p2a: Kelestela|Power Herb
|-anim|p2a: Kelestela|Meteor Beam|p1a: Alpha Phroge
|-damage|p1a: Alpha Phroge|45/100
|
|-heal|p1a: Alpha Phroge|51/100|[from] item: Leftovers
|upkeep
|turn|16
|
|t:|1643193246
|switch|p1a: Big Brain Boov|Slowking, F, shiny|75/100
|move|p2a: Kelestela|Meteor Beam||[still]
|-prepare|p2a: Kelestela|Meteor Beam
|-boost|p2a: Kelestela|spa|1
|
|upkeep
|turn|17
|
|t:|1643193252
|move|p2a: Kelestela|Meteor Beam|p1a: Big Brain Boov|[from]lockedmove
|-damage|p1a: Big Brain Boov|11/100
|move|p1a: Big Brain Boov|Teleport|p1a: Big Brain Boov
|
|t:|1643193257
|switch|p1a: Alpha Phroge|Heatran, M, shiny|51/100|[from]move: Teleport
|-damage|p1a: Alpha Phroge|39/100|[from] Stealth Rock
|
|-heal|p1a: Alpha Phroge|45/100|[from] item: Leftovers
|upkeep
|turn|18
|
|t:|1643193263
|switch|p2a: Heran|Heatran, M|100/100
|-item|p2a: Heran|Air Balloon
|move|p1a: Alpha Phroge|Magma Storm|p2a: Heran
|-start|p2a: Heran|ability: Flash Fire
|
|-heal|p1a: Alpha Phroge|51/100|[from] item: Leftovers
|-fieldend|move: Psychic Terrain
|upkeep
|turn|19
|
|t:|1643193275
|switch|p1a: Orlando Bloom|Landorus-Therian, M|69/100
|-damage|p1a: Orlando Bloom|57/100|[from] Stealth Rock
|-ability|p1a: Orlando Bloom|Intimidate|boost
|-unboost|p2a: Heran|atk|1
|move|p2a: Heran|Earth Power|p1a: Orlando Bloom
|-immune|p1a: Orlando Bloom
|
|upkeep
|turn|20
|
|t:|1643193286
|-end|p2a: Heran|ability: Flash Fire|[silent]
|switch|p2a: Landoroost|Landorus-Therian, M|69/100
|-ability|p2a: Landoroost|Intimidate|boost
|-unboost|p1a: Orlando Bloom|atk|1
|move|p1a: Orlando Bloom|U-turn|p2a: Landoroost
|-resisted|p2a: Landoroost
|-damage|p2a: Landoroost|63/100
|
|t:|1643193294
|switch|p1a: Big Brain Boov|Slowking, F, shiny|45/100|[from]move: U-turn
|
|upkeep
|turn|21
|
|t:|1643193300
|switch|p1a: Orlando Bloom|Landorus-Therian, M|57/100
|-damage|p1a: Orlando Bloom|44/100|[from] Stealth Rock
|-ability|p1a: Orlando Bloom|Intimidate|boost
|-unboost|p2a: Landoroost|atk|1
|move|p2a: Landoroost|Knock Off|p1a: Orlando Bloom
|-damage|p1a: Orlando Bloom|32/100
|
|upkeep
|turn|22
|
|t:|1643193311
|move|p1a: Orlando Bloom|U-turn|p2a: Landoroost
|-resisted|p2a: Landoroost
|-damage|p2a: Landoroost|54/100
|
|t:|1643193316
|switch|p1a: Alpha Phroge|Heatran, M, shiny|51/100|[from]move: U-turn
|-damage|p1a: Alpha Phroge|39/100|[from] Stealth Rock
|move|p2a: Landoroost|U-turn|p1a: Alpha Phroge
|-resisted|p1a: Alpha Phroge
|-damage|p1a: Alpha Phroge|35/100
|
|t:|1643193343
|switch|p2a: Dracopult|Dragapult, F|100/100|[from]move: U-turn
|
|-heal|p1a: Alpha Phroge|41/100|[from] item: Leftovers
|upkeep
|turn|23
|
|t:|1643193358
|switch|p1a: Big Brain Boov|Slowking, F, shiny|78/100
|move|p2a: Dracopult|U-turn|p1a: Big Brain Boov
|-supereffective|p1a: Big Brain Boov
|-damage|p1a: Big Brain Boov|54/100
|
|t:|1643193365
|switch|p2a: Rillabomb|Rillaboom, M|35/100|[from]move: U-turn
|-fieldstart|move: Grassy Terrain|[from] ability: Grassy Surge|[of] p2a: Rillabomb
|
|-heal|p2a: Rillabomb|42/100|[from] Grassy Terrain
|-heal|p1a: Big Brain Boov|60/100|[from] Grassy Terrain
|upkeep
|turn|24
|
|t:|1643193373
|switch|p1a: Orlando Bloom|Landorus-Therian, M|32/100
|-damage|p1a: Orlando Bloom|19/100|[from] Stealth Rock
|-ability|p1a: Orlando Bloom|Intimidate|boost
|-unboost|p2a: Rillabomb|atk|1
|move|p2a: Rillabomb|Grassy Glide|p1a: Orlando Bloom
|-damage|p1a: Orlando Bloom|0 fnt
|faint|p1a: Orlando Bloom
|-damage|p2a: Rillabomb|32/100|[from] item: Life Orb
|
|-heal|p2a: Rillabomb|38/100|[from] Grassy Terrain
|upkeep
|
|t:|1643193384
|switch|p1a: Georgie's Waifu|Tapu Lele|39/100
|-damage|p1a: Georgie's Waifu|27/100|[from] Stealth Rock
|-fieldstart|move: Psychic Terrain|[from] ability: Psychic Surge|[of] p1a: Georgie's Waifu
|turn|25
|
|t:|1643193393
|switch|p1a: Po|Pangoro, F|100/100
|-damage|p1a: Po|94/100|[from] Stealth Rock
|switch|p2a: Landoroost|Landorus-Therian, M|54/100
|-ability|p2a: Landoroost|Intimidate|boost
|-fail|p1a: Po|unboost|Attack|[from] ability: Scrappy|[of] p1a: Po
|
|upkeep
|turn|26
|
|t:|1643193401
|move|p2a: Landoroost|U-turn|p1a: Po
|-damage|p1a: Po|67/100
|
|t:|1643193415
|switch|p2a: Kelestela|Celesteela|67/100|[from]move: U-turn
|move|p1a: Po|Knock Off|p2a: Kelestela
|-damage|p2a: Kelestela|15/100
|
|upkeep
|turn|27
|
|t:|1643193423
|switch|p1a: Big Brain Boov|Slowking, F, shiny|93/100
|move|p2a: Kelestela|Air Slash|p1a: Big Brain Boov
|-damage|p1a: Big Brain Boov|64/100
|
|upkeep
|turn|28
|
|t:|1643193429
|move|p2a: Kelestela|Air Slash|p1a: Big Brain Boov|[miss]
|-miss|p2a: Kelestela|p1a: Big Brain Boov
|move|p1a: Big Brain Boov|Scald|p2a: Kelestela
|-damage|p2a: Kelestela|0 fnt
|faint|p2a: Kelestela
|
|upkeep
|
|t:|1643193438
|switch|p2a: Dracopult|Dragapult, F|100/100
|turn|29
|
|t:|1643193443
|move|p2a: Dracopult|Shadow Ball|p1a: Big Brain Boov
|-supereffective|p1a: Big Brain Boov
|-damage|p1a: Big Brain Boov|0 fnt
|faint|p1a: Big Brain Boov
|
|-fieldend|move: Psychic Terrain
|upkeep
|
|t:|1643193449
|switch|p1a: Po|Pangoro, F|67/100
|-damage|p1a: Po|61/100|[from] Stealth Rock
|turn|30
|
|t:|1643193463
|move|p2a: Dracopult|Shadow Ball|p1a: Po
|-resisted|p1a: Po
|-damage|p1a: Po|23/100
|move|p1a: Po|Knock Off|p2a: Dracopult
|-supereffective|p2a: Dracopult
|-damage|p2a: Dracopult|0 fnt
|-enditem|p2a: Dracopult|Choice Specs|[from] move: Knock Off|[of] p1a: Po
|faint|p2a: Dracopult
|
|upkeep
|
|t:|1643193472
|switch|p2a: Rillabomb|Rillaboom, M|38/100
|-fieldstart|move: Grassy Terrain|[from] ability: Grassy Surge|[of] p2a: Rillabomb
|turn|31
|
|t:|1643193478
|move|p2a: Rillabomb|Grassy Glide|p1a: Po
|-damage|p1a: Po|0 fnt
|faint|p1a: Po
|-damage|p2a: Rillabomb|28/100|[from] item: Life Orb
|
|-heal|p2a: Rillabomb|34/100|[from] Grassy Terrain
|upkeep
|
|t:|1643193485
|switch|p1a: Georgie's Waifu|Tapu Lele|27/100
|-damage|p1a: Georgie's Waifu|14/100|[from] Stealth Rock
|-fieldstart|move: Psychic Terrain|[from] ability: Psychic Surge|[of] p1a: Georgie's Waifu
|turn|32
|
|t:|1643193491
|switch|p2a: Landoroost|Landorus-Therian, M|54/100
|-ability|p2a: Landoroost|Intimidate|boost
|-unboost|p1a: Georgie's Waifu|atk|1
|move|p1a: Georgie's Waifu|Focus Blast|p2a: Landoroost|[miss]
|-miss|p1a: Georgie's Waifu|p2a: Landoroost
|
|upkeep
|turn|33
|
|t:|1643193498
|move|p1a: Georgie's Waifu|Focus Blast|p2a: Landoroost
|-resisted|p2a: Landoroost
|-damage|p2a: Landoroost|42/100
|move|p2a: Landoroost|Earthquake|p1a: Georgie's Waifu
|-damage|p1a: Georgie's Waifu|0 fnt
|faint|p1a: Georgie's Waifu
|
|upkeep
|
|t:|1643193505
|switch|p1a: Alpha Phroge|Heatran, M, shiny|41/100
|-damage|p1a: Alpha Phroge|29/100|[from] Stealth Rock
|turn|34
|c|☆Zephyr1517|I am getting good
|
|t:|1643193515
|move|p1a: Alpha Phroge|Magma Storm|p2a: Landoroost
|-damage|p2a: Landoroost|15/100
|-activate|p2a: Landoroost|move: Magma Storm|[of] p1a: Alpha Phroge
|move|p2a: Landoroost|Earthquake|p1a: Alpha Phroge
|-supereffective|p1a: Alpha Phroge
|-damage|p1a: Alpha Phroge|0 fnt
|faint|p1a: Alpha Phroge
|
|win|Zephyr1517
|c|☆Zephyr1517|less useless moves
|l|☆Stunfisk2140
|j|☆Stunfisk2140
|player|p1|Stunfisk2140|falkner
|l|☆Stunfisk2140
|player|p1|
|j|☆Stunfisk2140
|player|p1|Stunfisk2140|falkner
|l|☆Stunfisk2140
|player|p1|
|j|☆Stunfisk2140
|player|p1|Stunfisk2140|falkner
|l|☆Stunfisk2140
|player|p1|
|j|☆Stunfisk2140
|player|p1|Stunfisk2140|marshal
