|raw|<div class="broadcast-blue"><strong>This battle is required to be public due to a player having a name starting with 'lt93oq'.</div>
|j|☆LT93OQ Bush
|j|☆ripreckful
|t:|1660970462
|gametype|singles
|player|p1|LT93OQ Bush|101|1852
|player|p2|ripreckful|hilbert|1902
|teamsize|p1|6
|teamsize|p2|6
|gen|8
|tier|[Gen 8] OU
|rated|
|rule|Sleep Clause Mod: Limit one foe put to sleep
|rule|Species Clause: Limit one of each Pokémon
|rule|OHKO Clause: OHKO moves are banned
|rule|Evasion Items Clause: Evasion items are banned
|rule|Evasion Moves Clause: Evasion moves are banned
|rule|Endless Battle Clause: Forcing endless battles is banned
|rule|HP Percentage Mod: HP is shown in percentages
|rule|Dynamax Clause: You cannot dynamax
|clearpoke
|poke|p1|Garchomp, M|
|poke|p1|Blaziken, M|
|poke|p1|Mew|
|poke|p1|Dragapult, M|
|poke|p1|Scizor, F|
|poke|p1|Weavile, M|
|poke|p2|Ferrothorn, M|
|poke|p2|Rotom-Wash|
|poke|p2|Tyranitar, M|
|poke|p2|Excadrill, F|
|poke|p2|Clefable, M|
|poke|p2|Dragapult, F|
|teampreview
|inactive|Battle timer is ON: inactive players will automatically lose when time's up. (requested by ripreckful)
|j| LT93OQ T
|j| Kyurem
|j| LT92PFMimikyuStarD
|j| MANNAT
|j| ProXXDev
|inactive|ripreckful has 120 seconds left.
|j| Staticdpp
|j| ISZA
|
|t:|1660970502
|start
|switch|p1a: Mew|Mew|100/100
|switch|p2a: Excadrill|Excadrill, F|100/100
|turn|1
|j| dragonitenb
|
|t:|1660970509
|move|p1a: Mew|Earthquake|p2a: Excadrill
|-supereffective|p2a: Excadrill
|-damage|p2a: Excadrill|0 fnt
|faint|p2a: Excadrill
|-damage|p1a: Mew|91/100|[from] item: Life Orb
|
|upkeep
|c|☆ripreckful|the fuck
|j| abab rhyme
|
|t:|1660970519
|switch|p2a: Dragapult|Dragapult, F|100/100
|turn|2
|j| trumps convoy
|j| leona misa
|j|+kino
|j| LT92PF Ayk
|inactive|ripreckful has 120 seconds left.
|l| LT92PF Ayk
|j| pls send team
|
|t:|1660970561
|move|p2a: Dragapult|Shadow Ball|p1a: Mew
|-supereffective|p1a: Mew
|-damage|p1a: Mew|0 fnt
|faint|p1a: Mew
|
|upkeep
|
|t:|1660970568
|switch|p1a: Weavile|Weavile, M|100/100
|-ability|p1a: Weavile|Pressure
|turn|3
|j| xtra
|inactive|ripreckful has 120 seconds left.
|j| hariyana grande
|l|+kino
|j|+avarice
|
|t:|1660970601
|move|p2a: Dragapult|Shadow Ball|p1a: Weavile
|-resisted|p1a: Weavile
|-damage|p1a: Weavile|62/100
|move|p1a: Weavile|Swords Dance|p1a: Weavile
|-boost|p1a: Weavile|atk|2
|
|upkeep
|turn|4
|
|t:|1660970611
|switch|p2a: Ferrothorn|Ferrothorn, M|100/100
|move|p1a: Weavile|Knock Off|p2a: Ferrothorn
|-damage|p2a: Ferrothorn|24/100
|-damage|p1a: Weavile|50/100|[from] ability: Iron Barbs|[of] p2a: Ferrothorn
|-enditem|p2a: Ferrothorn|Leftovers|[from] move: Knock Off|[of] p1a: Weavile
|-damage|p1a: Weavile|40/100|[from] item: Life Orb
|
|upkeep
|turn|5
|
|t:|1660970619
|switch|p2a: Clefable|Clefable, M|100/100
|move|p1a: Weavile|Knock Off|p2a: Clefable
|-resisted|p2a: Clefable
|-damage|p2a: Clefable|50/100
|-damage|p1a: Weavile|24/100|[from] item: Rocky Helmet|[of] p2a: Clefable
|-enditem|p2a: Clefable|Rocky Helmet|[from] move: Knock Off|[of] p1a: Weavile
|-damage|p1a: Weavile|14/100|[from] item: Life Orb
|
|upkeep
|turn|6
|j| lt93oq im garbage
|
|t:|1660970625
|switch|p2a: Ferrothorn|Ferrothorn, M|24/100
|move|p1a: Weavile|Knock Off|p2a: Ferrothorn
|-damage|p2a: Ferrothorn|0 fnt
|-damage|p1a: Weavile|1/100|[from] ability: Iron Barbs|[of] p2a: Ferrothorn
|faint|p2a: Ferrothorn
|-damage|p1a: Weavile|0 fnt|[from] item: Life Orb
|faint|p1a: Weavile
|
|upkeep
|inactive|ripreckful has 120 seconds left.
|j| Empo1
|
|t:|1660970659
|switch|p1a: Garchomp|Garchomp, M|100/100
|switch|p2a: Dragapult|Dragapult, F|100/100
|turn|7
|inactive|ripreckful has 90 seconds left.
|c|☆ripreckful|!calc
|c| ripreckful|/raw <div class="infobox">Pok&eacute;mon Showdown! damage calculator. (Courtesy of Honko, Austin, &amp; Kris)<br />- <a href="https://calc.pokemonshowdown.com/index.html">Damage Calculator</a></div>
|inactive|ripreckful has 60 seconds left.
|c|☆LT93OQ Bush|stay in
|c|☆LT93OQ Bush|oops
|inactive|ripreckful has 30 seconds left.
|c|☆ripreckful|whats ur scizor
|
|t:|1660970741
|move|p2a: Dragapult|Draco Meteor|p1a: Garchomp|[miss]
|-miss|p2a: Dragapult|p1a: Garchomp
|move|p1a: Garchomp|Outrage|p2a: Dragapult
|-supereffective|p2a: Dragapult
|-damage|p2a: Dragapult|0 fnt
|faint|p2a: Dragapult
|-damage|p1a: Garchomp|91/100|[from] item: Life Orb
|
|upkeep
|inactive|ripreckful has 30 seconds left this turn.
|c|☆ripreckful|cool
|
|t:|1660970749
|switch|p2a: Clefable|Clefable, M|50/100
|turn|8
|
|t:|1660970752
|move|p1a: Garchomp|Outrage|p2a: Clefable|[from]lockedmove
|-immune|p2a: Clefable
|-start|p1a: Garchomp|confusion|[fatigue]
|move|p2a: Clefable|Soft-Boiled|p2a: Clefable
|-heal|p2a: Clefable|99/100
|
|upkeep
|turn|9
|
|t:|1660970761
|switch|p1a: Blaziken|Blaziken, M|100/100
|move|p2a: Clefable|Moonblast|p1a: Blaziken
|-damage|p1a: Blaziken|57/100
|
|-heal|p1a: Blaziken|63/100|[from] item: Leftovers
|upkeep
|turn|10
|l| ISZA
|
|t:|1660970766
|move|p1a: Blaziken|Swords Dance|p1a: Blaziken
|-boost|p1a: Blaziken|atk|2
|move|p2a: Clefable|Moonblast|p1a: Blaziken
|-damage|p1a: Blaziken|23/100
|
|-heal|p1a: Blaziken|28/100|[from] item: Leftovers
|-ability|p1a: Blaziken|Speed Boost|boost
|-boost|p1a: Blaziken|spe|1
|upkeep
|turn|11
|
|t:|1660970771
|switch|p2a: Tyranitar|Tyranitar, M|100/100
|-weather|Sandstorm|[from] ability: Sand Stream|[of] p2a: Tyranitar
|move|p1a: Blaziken|Protect||[still]
|-fail|p1a: Blaziken
|
|-weather|Sandstorm|[upkeep]
|-damage|p1a: Blaziken|23/100|[from] Sandstorm
|-heal|p1a: Blaziken|28/100|[from] item: Leftovers
|-ability|p1a: Blaziken|Speed Boost|boost
|-boost|p1a: Blaziken|spe|1
|upkeep
|turn|12
|inactive|ripreckful has 60 seconds left.
|
|t:|1660970782
|move|p1a: Blaziken|Close Combat|p2a: Tyranitar
|-supereffective|p2a: Tyranitar
|-damage|p2a: Tyranitar|0 fnt
|-unboost|p1a: Blaziken|def|1
|-unboost|p1a: Blaziken|spd|1
|faint|p2a: Tyranitar
|
|-weather|Sandstorm|[upkeep]
|-damage|p1a: Blaziken|23/100|[from] Sandstorm
|-heal|p1a: Blaziken|28/100|[from] item: Leftovers
|-ability|p1a: Blaziken|Speed Boost|boost
|-boost|p1a: Blaziken|spe|1
|upkeep
|-message|ripreckful forfeited.
|
|win|LT93OQ Bush
|raw|LT93OQ Bush's rating: 1852 &rarr; <strong>1875</strong><br />(+23 for winning)
|raw|ripreckful's rating: 1902 &rarr; <strong>1879</strong><br />(-23 for losing)
|l|☆ripreckful
|l| abab rhyme
|l| dragonitenb
|l| Empo1
|l|+avarice
|j| blarghlfarghl
|l| trumps convoy
|l|☆LT93OQ Bush
|l| LT93OQ T
