|j|☆groundt
|j|☆OUTMbananass
|player|p1|groundt|winona-gen3|1453
|player|p2|OUTMbananass|265|1426
|teamsize|p1|6
|teamsize|p2|6
|gametype|singles
|gen|8
|tier|[Gen 8] OU
|rated|
|rule|Sleep Clause Mod: Limit one foe put to sleep
|rule|Species Clause: Limit one of each Pokémon
|rule|OHKO Clause: OHKO moves are banned
|rule|Evasion Moves Clause: Evasion moves are banned
|rule|Endless Battle Clause: Forcing endless battles is banned
|rule|HP Percentage Mod: HP is shown in percentages
|clearpoke
|poke|p1|Jellicent, F|
|poke|p1|Hatterene, F|
|poke|p1|Ditto|
|poke|p1|Dragapult, F|
|poke|p1|Excadrill, M|
|poke|p1|Mandibuzz, F|
|poke|p2|Darmanitan-Galar, F|
|poke|p2|Ditto|
|poke|p2|Corsola-Galar, F|
|poke|p2|Hydreigon, F|
|poke|p2|Corviknight, F|
|poke|p2|Grimmsnarl, M|
|teampreview
|
|start
|switch|p1a: Jellicent|Jellicent, F|100/100
|switch|p2a: Darmanitan|Darmanitan-Galar, F|100/100
|turn|1
|
|move|p2a: Darmanitan|U-turn|p1a: Jellicent
|-resisted|p1a: Jellicent
|-damage|p1a: Jellicent|82/100
|
|switch|p2a: Hydreigon|Hydreigon, F|100/100|[from]move: U-turn
|move|p1a: Jellicent|Will-O-Wisp|p2a: Hydreigon
|-status|p2a: Hydreigon|brn
|
|-heal|p1a: Jellicent|89/100|[from] item: Leftovers
|-damage|p2a: Hydreigon|94/100 brn|[from] brn
|upkeep
|turn|2
|
|switch|p1a: Ditto|Ditto|100/100
|-transform|p1a: Ditto|p2a: Hydreigon|[from] ability: Imposter
|move|p2a: Hydreigon|Substitute|p2a: Hydreigon
|-start|p2a: Hydreigon|Substitute
|-damage|p2a: Hydreigon|69/100 brn
|
|-heal|p2a: Hydreigon|76/100 brn|[from] item: Leftovers
|-damage|p2a: Hydreigon|69/100 brn|[from] brn
|upkeep
|turn|3
|
|switch|p1a: Mandibuzz|Mandibuzz, F|100/100
|move|p2a: Hydreigon|Nasty Plot|p2a: Hydreigon
|-boost|p2a: Hydreigon|spa|2
|
|-heal|p2a: Hydreigon|76/100 brn|[from] item: Leftovers
|-damage|p2a: Hydreigon|69/100 brn|[from] brn
|upkeep
|turn|4
|
|move|p2a: Hydreigon|Flash Cannon|p1a: Mandibuzz
|-damage|p1a: Mandibuzz|66/100
|move|p1a: Mandibuzz|U-turn|p2a: Hydreigon
|-supereffective|p2a: Hydreigon
|-end|p2a: Hydreigon|Substitute
|
|switch|p1a: Ditto|Ditto|100/100|[from]move: U-turn
|-transform|p1a: Ditto|p2a: Hydreigon|[from] ability: Imposter
|
|-heal|p2a: Hydreigon|76/100 brn|[from] item: Leftovers
|-damage|p2a: Hydreigon|69/100 brn|[from] brn
|upkeep
|turn|5
|
|-start|p1a: Ditto|Dynamax
|-heal|p1a: Ditto|100/100|[silent]
|move|p1a: Ditto|Max Steelspike|p2a: Hydreigon
|-damage|p2a: Hydreigon|0 fnt
|-boost|p1a: Ditto|def|1
|faint|p2a: Hydreigon
|
|upkeep
|
|switch|p2a: Grimmsnarl|Grimmsnarl, M|100/100
|turn|6
|
|-start|p2a: Grimmsnarl|Dynamax
|-heal|p2a: Grimmsnarl|100/100|[silent]
|move|p1a: Ditto|Max Steelspike|p2a: Grimmsnarl
|-supereffective|p2a: Grimmsnarl
|-damage|p2a: Grimmsnarl|36/100
|-boost|p1a: Ditto|def|1
|move|p2a: Grimmsnarl|Max Starfall|p1a: Ditto
|-supereffective|p1a: Ditto
|-damage|p1a: Ditto|30/100
|-fieldstart|move: Misty Terrain
|
|-heal|p2a: Grimmsnarl|42/100|[from] item: Leftovers
|upkeep
|turn|7
|
|move|p2a: Grimmsnarl|Max Guard|p2a: Grimmsnarl
|-singleturn|p2a: Grimmsnarl|Max Guard
|move|p1a: Ditto|Max Steelspike|p2a: Grimmsnarl
|-activate|p2a: Grimmsnarl|move: Max Guard
|
|-heal|p2a: Grimmsnarl|48/100|[from] item: Leftovers
|-end|p1a: Ditto|Dynamax
|-heal|p1a: Ditto|30/100|[silent]
|upkeep
|turn|8
|
|switch|p1a: Excadrill|Excadrill, M|100/100
|-ability|p1a: Excadrill|Mold Breaker
|move|p2a: Grimmsnarl|Max Starfall|p1a: Excadrill
|-resisted|p1a: Excadrill
|-damage|p1a: Excadrill|66/100
|
|-heal|p1a: Excadrill|72/100|[from] item: Leftovers
|-heal|p2a: Grimmsnarl|54/100|[from] item: Leftovers
|-end|p2a: Grimmsnarl|Dynamax
|-heal|p2a: Grimmsnarl|54/100|[silent]
|upkeep
|turn|9
|
|switch|p2a: Corviknight|Corviknight, F|100/100
|-ability|p2a: Corviknight|Pressure
|move|p1a: Excadrill|Stealth Rock|p2a: Corviknight
|-sidestart|p2: OUTMbananass|move: Stealth Rock
|
|-heal|p1a: Excadrill|78/100|[from] item: Leftovers
|upkeep
|turn|10
|
|switch|p1a: Dragapult|Dragapult, F|100/100
|move|p2a: Corviknight|Defog|p1a: Dragapult
|-unboost|p1a: Dragapult|evasion|1
|-sideend|p2: OUTMbananass|Stealth Rock|[from] move: Defog|[of] p2a: Corviknight
|-fieldend|Misty Terrain
|
|upkeep
|turn|11
|
|move|p1a: Dragapult|Substitute|p1a: Dragapult
|-start|p1a: Dragapult|Substitute
|-damage|p1a: Dragapult|76/100
|move|p2a: Corviknight|Roost||[still]
|-fail|p2a: Corviknight|heal
|
|-heal|p1a: Dragapult|82/100|[from] item: Leftovers
|upkeep
|turn|12
|
|move|p1a: Dragapult|Will-O-Wisp|p2a: Corviknight
|-status|p2a: Corviknight|brn
|move|p2a: Corviknight|Brave Bird|p1a: Dragapult
|-end|p1a: Dragapult|Substitute
|-damage|p2a: Corviknight|94/100 brn|[from] Recoil|[of] p1a: Dragapult
|
|-heal|p1a: Dragapult|88/100|[from] item: Leftovers
|-heal|p2a: Corviknight|99/100 brn|[from] item: Leftovers
|-damage|p2a: Corviknight|94/100 brn|[from] brn
|upkeep
|turn|13
|
|move|p1a: Dragapult|Substitute|p1a: Dragapult
|-start|p1a: Dragapult|Substitute
|-damage|p1a: Dragapult|63/100
|move|p2a: Corviknight|Bulk Up|p2a: Corviknight
|-boost|p2a: Corviknight|atk|1
|-boost|p2a: Corviknight|def|1
|
|-heal|p1a: Dragapult|69/100|[from] item: Leftovers
|-heal|p2a: Corviknight|99/100 brn|[from] item: Leftovers
|-damage|p2a: Corviknight|94/100 brn|[from] brn
|upkeep
|turn|14
|
|move|p1a: Dragapult|Hex|p2a: Corviknight
|-damage|p2a: Corviknight|41/100 brn
|move|p2a: Corviknight|Bulk Up|p2a: Corviknight
|-boost|p2a: Corviknight|atk|1
|-boost|p2a: Corviknight|def|1
|
|-heal|p1a: Dragapult|75/100|[from] item: Leftovers
|-heal|p2a: Corviknight|47/100 brn|[from] item: Leftovers
|-damage|p2a: Corviknight|41/100 brn|[from] brn
|upkeep
|turn|15
|
|switch|p2a: Ditto|Ditto|100/100
|move|p1a: Dragapult|Hex|p2a: Ditto
|-immune|p2a: Ditto
|
|-heal|p1a: Dragapult|81/100|[from] item: Leftovers
|upkeep
|turn|16
|
|switch|p2a: Grimmsnarl|Grimmsnarl, M|54/100
|move|p1a: Dragapult|Will-O-Wisp|p2a: Grimmsnarl
|-status|p2a: Grimmsnarl|brn
|
|-heal|p1a: Dragapult|87/100|[from] item: Leftovers
|-heal|p2a: Grimmsnarl|60/100 brn|[from] item: Leftovers
|-damage|p2a: Grimmsnarl|54/100 brn|[from] brn
|upkeep
|turn|17
|
|move|p1a: Dragapult|Hex|p2a: Grimmsnarl
|-resisted|p2a: Grimmsnarl
|-damage|p2a: Grimmsnarl|33/100 brn
|move|p2a: Grimmsnarl|Spirit Break|p1a: Dragapult
|-supereffective|p1a: Dragapult
|-end|p1a: Dragapult|Substitute
|
|-heal|p1a: Dragapult|93/100|[from] item: Leftovers
|-heal|p2a: Grimmsnarl|39/100 brn|[from] item: Leftovers
|-damage|p2a: Grimmsnarl|33/100 brn|[from] brn
|upkeep
|turn|18
|
|switch|p1a: Excadrill|Excadrill, M|78/100
|-ability|p1a: Excadrill|Mold Breaker
|move|p2a: Grimmsnarl|Thunder Wave|p1a: Excadrill
|-immune|p1a: Excadrill
|
|-heal|p1a: Excadrill|84/100|[from] item: Leftovers
|-heal|p2a: Grimmsnarl|39/100 brn|[from] item: Leftovers
|-damage|p2a: Grimmsnarl|33/100 brn|[from] brn
|upkeep
|turn|19
|
|switch|p2a: Corsola|Corsola-Galar, F|100/100
|move|p1a: Excadrill|Iron Head|p2a: Corsola
|-damage|p2a: Corsola|68/100
|
|-heal|p1a: Excadrill|90/100|[from] item: Leftovers
|upkeep
|turn|20
|
|switch|p1a: Hatterene|Hatterene, F|100/100
|move|p2a: Corsola|Will-O-Wisp|p1a: Hatterene
|move|p1a: Hatterene|Will-O-Wisp|p2a: Corsola|[from]Magic Bounce
|-status|p2a: Corsola|brn
|
|-damage|p2a: Corsola|62/100 brn|[from] brn
|upkeep
|turn|21
|
|move|p1a: Hatterene|Mystical Fire|p2a: Corsola
|-damage|p2a: Corsola|51/100 brn
|-start|p1a: Hatterene|Disable|Mystical Fire|[from] ability: Cursed Body|[of] p2a: Corsola
|-unboost|p2a: Corsola|spa|1
|move|p2a: Corsola|Night Shade|p1a: Hatterene
|-damage|p1a: Hatterene|69/100
|
|-heal|p1a: Hatterene|75/100|[from] item: Leftovers
|-damage|p2a: Corsola|45/100 brn|[from] brn
|upkeep
|turn|22
|
|move|p1a: Hatterene|Draining Kiss|p2a: Corsola
|-damage|p2a: Corsola|34/100 brn
|-heal|p1a: Hatterene|83/100|[from] drain|[of] p2a: Corsola
|move|p2a: Corsola|Strength Sap|p1a: Hatterene
|move|p1a: Hatterene|Strength Sap|p2a: Corsola|[from]Magic Bounce
|-unboost|p2a: Corsola|atk|1
|-heal|p1a: Hatterene|100/100
|
|-damage|p2a: Corsola|28/100 brn|[from] brn
|upkeep
|turn|23
|
|switch|p2a: Ditto|Ditto|100/100
|-transform|p2a: Ditto|p1a: Hatterene|[from] ability: Imposter
|move|p1a: Hatterene|Calm Mind|p1a: Hatterene
|-boost|p1a: Hatterene|spa|1
|-boost|p1a: Hatterene|spd|1
|
|upkeep
|turn|24
|
|switch|p2a: Darmanitan|Darmanitan-Galar, F|100/100
|move|p1a: Hatterene|Draining Kiss|p2a: Darmanitan
|-damage|p2a: Darmanitan|51/100
|
|-end|p1a: Hatterene|Disable
|upkeep
|turn|25
|
|switch|p1a: Jellicent|Jellicent, F|89/100
|move|p2a: Darmanitan|Icicle Crash|p1a: Jellicent
|-resisted|p1a: Jellicent
|-damage|p1a: Jellicent|61/100
|
|-heal|p1a: Jellicent|67/100|[from] item: Leftovers
|upkeep
|turn|26
|
|switch|p2a: Grimmsnarl|Grimmsnarl, M|33/100 brn
|move|p1a: Jellicent|Strength Sap|p2a: Grimmsnarl
|-unboost|p2a: Grimmsnarl|atk|1
|-heal|p1a: Jellicent|100/100
|
|-heal|p2a: Grimmsnarl|39/100 brn|[from] item: Leftovers
|-damage|p2a: Grimmsnarl|33/100 brn|[from] brn
|upkeep
|turn|27
|
|switch|p1a: Excadrill|Excadrill, M|90/100
|-ability|p1a: Excadrill|Mold Breaker
|move|p2a: Grimmsnarl|Substitute|p2a: Grimmsnarl
|-start|p2a: Grimmsnarl|Substitute
|-damage|p2a: Grimmsnarl|8/100 brn
|
|-heal|p1a: Excadrill|96/100|[from] item: Leftovers
|-heal|p2a: Grimmsnarl|14/100 brn|[from] item: Leftovers
|-damage|p2a: Grimmsnarl|8/100 brn|[from] brn
|upkeep
|turn|28
|
|switch|p2a: Corsola|Corsola-Galar, F|28/100 brn
|move|p1a: Excadrill|Iron Head|p2a: Corsola
|-damage|p2a: Corsola|0 fnt
|faint|p2a: Corsola
|
|-heal|p1a: Excadrill|100/100|[from] item: Leftovers
|upkeep
|
|switch|p2a: Darmanitan|Darmanitan-Galar, F|51/100
|turn|29
|
|switch|p1a: Jellicent|Jellicent, F|100/100
|move|p2a: Darmanitan|Flare Blitz|p1a: Jellicent
|-resisted|p1a: Jellicent
|-damage|p1a: Jellicent|72/100
|-damage|p2a: Darmanitan|40/100|[from] Recoil
|
|-heal|p1a: Jellicent|78/100|[from] item: Leftovers
|upkeep
|turn|30
|
|switch|p2a: Ditto|Ditto|100/100
|-transform|p2a: Ditto|p1a: Jellicent|[from] ability: Imposter
|move|p1a: Jellicent|Hex|p2a: Ditto
|-supereffective|p2a: Ditto
|-damage|p2a: Ditto|54/100
|
|-heal|p1a: Jellicent|85/100|[from] item: Leftovers
|upkeep
|turn|31
|
|switch|p1a: Mandibuzz|Mandibuzz, F|66/100
|move|p2a: Ditto|Strength Sap|p1a: Mandibuzz
|-unboost|p1a: Mandibuzz|atk|1
|-heal|p2a: Ditto|100/100
|
|upkeep
|turn|32
|
|switch|p2a: Corviknight|Corviknight, F|41/100 brn
|-ability|p2a: Corviknight|Pressure
|move|p1a: Mandibuzz|Knock Off|p2a: Corviknight
|-damage|p2a: Corviknight|31/100 brn
|-enditem|p2a: Corviknight|Leftovers|[from] move: Knock Off|[of] p1a: Mandibuzz
|
|-damage|p2a: Corviknight|25/100 brn|[from] brn
|upkeep
|turn|33
|
|move|p1a: Mandibuzz|U-turn|p2a: Corviknight
|-resisted|p2a: Corviknight
|-damage|p2a: Corviknight|24/100 brn
|l|☆groundt
|player|p1|
|inactive|Battle timer is ON: inactive players will automatically lose when time's up. (requested by OUTMbananass)
|j|☆groundt
|inactive|groundt reconnected and has 150 seconds left.
|player|p1|groundt|winona-gen3
|
|switch|p1a: Dragapult|Dragapult, F|93/100|[from]move: U-turn
|move|p2a: Corviknight|Roost|p2a: Corviknight
|-heal|p2a: Corviknight|74/100 brn
|-singleturn|p2a: Corviknight|move: Roost
|
|-heal|p1a: Dragapult|99/100|[from] item: Leftovers
|-damage|p2a: Corviknight|68/100 brn|[from] brn
|upkeep
|turn|34
|
|move|p1a: Dragapult|Substitute|p1a: Dragapult
|-start|p1a: Dragapult|Substitute
|-damage|p1a: Dragapult|74/100
|move|p2a: Corviknight|Brave Bird|p1a: Dragapult
|-end|p1a: Dragapult|Substitute
|-damage|p2a: Corviknight|61/100 brn|[from] Recoil|[of] p1a: Dragapult
|
|-heal|p1a: Dragapult|80/100|[from] item: Leftovers
|-damage|p2a: Corviknight|55/100 brn|[from] brn
|upkeep
|turn|35
|
|move|p1a: Dragapult|Disable|p2a: Corviknight
|-start|p2a: Corviknight|Disable|Brave Bird
|cant|p2a: Corviknight|Disable|Brave Bird
|
|-heal|p1a: Dragapult|86/100|[from] item: Leftovers
|-damage|p2a: Corviknight|49/100 brn|[from] brn
|upkeep
|turn|36
|
|switch|p2a: Ditto|Ditto|100/100
|-transform|p2a: Ditto|p1a: Dragapult|[from] ability: Imposter
|move|p1a: Dragapult|Substitute|p1a: Dragapult
|-start|p1a: Dragapult|Substitute
|-damage|p1a: Dragapult|61/100
|
|-heal|p1a: Dragapult|67/100|[from] item: Leftovers
|upkeep
|turn|37
|
|switch|p1a: Mandibuzz|Mandibuzz, F|66/100
|move|p2a: Ditto|Hex|p1a: Mandibuzz
|-resisted|p1a: Mandibuzz
|-damage|p1a: Mandibuzz|55/100
|
|upkeep
|turn|38
|
|switch|p2a: Corviknight|Corviknight, F|49/100 brn
|-ability|p2a: Corviknight|Pressure
|move|p1a: Mandibuzz|U-turn|p2a: Corviknight
|-resisted|p2a: Corviknight
|-damage|p2a: Corviknight|47/100 brn
|
|switch|p1a: Dragapult|Dragapult, F|67/100|[from]move: U-turn
|
|-heal|p1a: Dragapult|73/100|[from] item: Leftovers
|-damage|p2a: Corviknight|41/100 brn|[from] brn
|upkeep
|turn|39
|
|move|p1a: Dragapult|Hex|p2a: Corviknight
|-damage|p2a: Corviknight|0 fnt
|faint|p2a: Corviknight
|
|-heal|p1a: Dragapult|79/100|[from] item: Leftovers
|upkeep
|
|switch|p2a: Ditto|Ditto|100/100
|-transform|p2a: Ditto|p1a: Dragapult|[from] ability: Imposter
|turn|40
|
|switch|p1a: Mandibuzz|Mandibuzz, F|55/100
|move|p2a: Ditto|Hex|p1a: Mandibuzz
|-resisted|p1a: Mandibuzz
|-damage|p1a: Mandibuzz|44/100
|
|upkeep
|turn|41
|
|switch|p2a: Grimmsnarl|Grimmsnarl, M|8/100 brn
|move|p1a: Mandibuzz|U-turn|p2a: Grimmsnarl
|-damage|p2a: Grimmsnarl|0 fnt
|faint|p2a: Grimmsnarl
|
|switch|p1a: Jellicent|Jellicent, F|85/100|[from]move: U-turn
|
|-heal|p1a: Jellicent|91/100|[from] item: Leftovers
|upkeep
|
|switch|p2a: Ditto|Ditto|100/100
|-transform|p2a: Ditto|p1a: Jellicent|[from] ability: Imposter
|turn|42
|
|switch|p1a: Mandibuzz|Mandibuzz, F|44/100
|move|p2a: Ditto|Hex|p1a: Mandibuzz
|-resisted|p1a: Mandibuzz
|-damage|p1a: Mandibuzz|38/100
|
|upkeep
|turn|43
|
|move|p2a: Ditto|Hex|p1a: Mandibuzz
|-resisted|p1a: Mandibuzz
|-damage|p1a: Mandibuzz|30/100
|move|p1a: Mandibuzz|Knock Off|p2a: Ditto
|-supereffective|p2a: Ditto
|-damage|p2a: Ditto|42/100
|-enditem|p2a: Ditto|Choice Scarf|[from] move: Knock Off|[of] p1a: Mandibuzz
|
|upkeep
|turn|44
|
|move|p1a: Mandibuzz|U-turn|p2a: Ditto
|-resisted|p2a: Ditto
|-damage|p2a: Ditto|35/100
|
|switch|p1a: Hatterene|Hatterene, F|100/100|[from]move: U-turn
|move|p2a: Ditto|Strength Sap|p1a: Hatterene
|move|p1a: Hatterene|Strength Sap|p2a: Ditto|[from]Magic Bounce
|-unboost|p2a: Ditto|atk|1
|
|upkeep
|turn|45
|
|switch|p2a: Darmanitan|Darmanitan-Galar, F|40/100
|move|p1a: Hatterene|Mystical Fire|p2a: Darmanitan
|-supereffective|p2a: Darmanitan
|-damage|p2a: Darmanitan|0 fnt
|faint|p2a: Darmanitan
|
|upkeep
|l|☆OUTMbananass
|inactive|OUTMbananass disconnected and has a minute to reconnect!
|player|p2|
|inactive|OUTMbananass has 30 seconds to reconnect!
|inactive|OUTMbananass has 20 seconds to reconnect!
|inactive|OUTMbananass has 15 seconds to reconnect!
|inactive|OUTMbananass has 10 seconds to reconnect!
|inactive|OUTMbananass has 5 seconds to reconnect!
|-message|OUTMbananass lost due to inactivity.
|
|win|groundt
