|raw|<div class="broadcast-blue"><strong>This battle is required to be public due to a player having a name starting with 'LT73IU'.</div>
|j|☆LT73IU Piggg
|j|☆ezwz
|t:|1598374216
|player|p1|LT73IU Piggg|rood|1856
|player|p2|ezwz|youngster-gen4|1888
|teamsize|p1|6
|teamsize|p2|6
|gametype|singles
|gen|8
|tier|[Gen 8] OU
|rated|
|clearpoke
|poke|p1|Dragapult, F|
|poke|p1|Cloyster, M|
|poke|p1|Urshifu-*, F|
|poke|p1|Mew|
|poke|p1|Scizor, F|
|poke|p1|Slowbro-Galar, F|
|poke|p2|Excadrill, M|
|poke|p2|Ferrothorn, F|
|poke|p2|Volcarona, F|
|poke|p2|Primarina, M|
|poke|p2|Clefable, F|
|poke|p2|Hydreigon, F|
|rule|Sleep Clause Mod: Limit one foe put to sleep
|rule|Species Clause: Limit one of each Pokémon
|rule|OHKO Clause: OHKO moves are banned
|rule|Evasion Moves Clause: Evasion moves are banned
|rule|Endless Battle Clause: Forcing endless battles is banned
|rule|HP Percentage Mod: HP is shown in percentages
|rule|Dynamax Clause: You cannot dynamax
|teampreview
|j| LT73IU ad
|j| 999Elo4Ever
|j| up n coming
|j| afduihidsuhfiuhds
|j| LowGxeDoritos
|j| lt73iu con
|j| Tortillacrisp
|j| 1rcc
|j| Major Flavor
|j| lt71lx slainey
|j| LT73IU Stareal
|
|t:|1598374281
|start
|switch|p1a: leme get em up|Mew|100/100
|switch|p2a: Excadrill|Excadrill, M|100/100
|-ability|p2a: Excadrill|Mold Breaker
|turn|1
|l| LT73IU Stareal
|j| Asanine
|j| Zombini62
|
|t:|1598374333
|move|p1a: leme get em up|Will-O-Wisp|p2a: Excadrill
|-status|p2a: Excadrill|brn
|move|p2a: Excadrill|Rapid Spin|p1a: leme get em up
|-damage|p1a: leme get em up|95/100
|-boost|p2a: Excadrill|spe|1
|
|-damage|p2a: Excadrill|94/100 brn|[from] brn
|upkeep
|turn|2
|
|t:|1598374341
|move|p2a: Excadrill|Stealth Rock|p1a: leme get em up
|-sidestart|p1: LT73IU Piggg|move: Stealth Rock
|move|p1a: leme get em up|Stealth Rock|p2a: Excadrill
|-sidestart|p2: ezwz|move: Stealth Rock
|
|-heal|p2a: Excadrill|100/100 brn|[from] item: Leftovers
|-damage|p2a: Excadrill|94/100 brn|[from] brn
|upkeep
|turn|3
|j| wertsd26
|
|t:|1598374348
|move|p2a: Excadrill|Earthquake|p1a: leme get em up
|-damage|p1a: leme get em up|76/100
|move|p1a: leme get em up|Knock Off|p2a: Excadrill
|-damage|p2a: Excadrill|60/100 brn
|-enditem|p2a: Excadrill|Leftovers|[from] move: Knock Off|[of] p1a: leme get em up
|
|-damage|p2a: Excadrill|54/100 brn|[from] brn
|upkeep
|turn|4
|j| Separation
|
|t:|1598374356
|switch|p1a: annoying|Dragapult, F|100/100
|-damage|p1a: annoying|88/100|[from] Stealth Rock
|move|p2a: Excadrill|Rapid Spin|p1a: annoying
|-immune|p1a: annoying
|
|-heal|p1a: annoying|94/100|[from] item: Leftovers
|-damage|p2a: Excadrill|48/100 brn|[from] brn
|upkeep
|turn|5
|
|t:|1598374369
|switch|p2a: Clefable|Clefable, F|100/100
|move|p1a: annoying|Hex|p2a: Clefable
|-damage|p2a: Clefable|72/100
|
|-heal|p1a: annoying|99/100|[from] item: Leftovers
|upkeep
|turn|6
|j| cypherstest
|
|t:|1598374382
|switch|p1a: leme get em up|Mew|76/100
|-damage|p1a: leme get em up|64/100|[from] Stealth Rock
|move|p2a: Clefable|Trick|p1a: leme get em up
|-activate|p2a: Clefable|move: Trick|[of] p1a: leme get em up
|-item|p1a: leme get em up|Sticky Barb|[from] move: Trick
|-item|p2a: Clefable|Focus Sash|[from] move: Trick
|
|-damage|p1a: leme get em up|51/100|[from] item: Sticky Barb
|upkeep
|turn|7
|j| whiteegg
|
|t:|1598374412
|move|p1a: leme get em up|Spikes|p2a: Clefable
|-sidestart|p2: ezwz|Spikes
|move|p2a: Clefable|Soft-Boiled|p2a: Clefable
|-heal|p2a: Clefable|100/100
|
|-damage|p1a: leme get em up|39/100|[from] item: Sticky Barb
|upkeep
|turn|8
|
|t:|1598374419
|switch|p2a: Hydreigon|Hydreigon, F|100/100
|-damage|p2a: Hydreigon|88/100|[from] Stealth Rock
|move|p1a: leme get em up|Spikes|p2a: Hydreigon
|-sidestart|p2: ezwz|Spikes
|
|-damage|p1a: leme get em up|26/100|[from] item: Sticky Barb
|upkeep
|turn|9
|
|t:|1598374426
|move|p1a: leme get em up|Knock Off|p2a: Hydreigon
|-resisted|p2a: Hydreigon
|-crit|p2a: Hydreigon
|-damage|p2a: Hydreigon|70/100
|-enditem|p2a: Hydreigon|Life Orb|[from] move: Knock Off|[of] p1a: leme get em up
|move|p2a: Hydreigon|Nasty Plot|p2a: Hydreigon
|-boost|p2a: Hydreigon|spa|2
|
|-damage|p1a: leme get em up|14/100|[from] item: Sticky Barb
|upkeep
|turn|10
|
|t:|1598374435
|move|p1a: leme get em up|Spikes|p2a: Hydreigon
|-sidestart|p2: ezwz|Spikes
|move|p2a: Hydreigon|Nasty Plot|p2a: Hydreigon
|-boost|p2a: Hydreigon|spa|2
|
|-damage|p1a: leme get em up|1/100|[from] item: Sticky Barb
|upkeep
|turn|11
|
|t:|1598374442
|move|p1a: leme get em up|Will-O-Wisp|p2a: Hydreigon
|-status|p2a: Hydreigon|brn
|move|p2a: Hydreigon|Roost|p2a: Hydreigon
|-heal|p2a: Hydreigon|100/100 brn
|-singleturn|p2a: Hydreigon|move: Roost
|
|-damage|p2a: Hydreigon|94/100 brn|[from] brn
|-damage|p1a: leme get em up|0 fnt|[from] item: Sticky Barb
|faint|p1a: leme get em up
|upkeep
|
|t:|1598374452
|switch|p1a: annoying|Dragapult, F|99/100
|-damage|p1a: annoying|88/100|[from] Stealth Rock
|turn|12
|c| lt71lx slainey|stoinky oinks has transcended from a fat hiker to a fat don
|
|t:|1598374464
|move|p1a: annoying|Substitute|p1a: annoying
|-start|p1a: annoying|Substitute
|-damage|p1a: annoying|63/100
|move|p2a: Hydreigon|Draco Meteor|p1a: annoying
|-supereffective|p1a: annoying
|-end|p1a: annoying|Substitute
|-unboost|p2a: Hydreigon|spa|2
|
|-heal|p1a: annoying|69/100|[from] item: Leftovers
|-damage|p2a: Hydreigon|88/100 brn|[from] brn
|upkeep
|turn|13
|c| lt71lx slainey|what character development
|
|t:|1598374474
|move|p1a: annoying|Substitute|p1a: annoying
|-start|p1a: annoying|Substitute
|-damage|p1a: annoying|44/100
|move|p2a: Hydreigon|Draco Meteor|p1a: annoying
|-supereffective|p1a: annoying
|-end|p1a: annoying|Substitute
|-unboost|p2a: Hydreigon|spa|2
|
|-heal|p1a: annoying|50/100|[from] item: Leftovers
|-damage|p2a: Hydreigon|82/100 brn|[from] brn
|upkeep
|turn|14
|
|t:|1598374484
|move|p1a: annoying|Substitute|p1a: annoying
|-start|p1a: annoying|Substitute
|-damage|p1a: annoying|25/100
|move|p2a: Hydreigon|Draco Meteor|p1a: annoying
|-supereffective|p1a: annoying
|-end|p1a: annoying|Substitute
|-unboost|p2a: Hydreigon|spa|2
|
|-heal|p1a: annoying|31/100|[from] item: Leftovers
|-damage|p2a: Hydreigon|76/100 brn|[from] brn
|upkeep
|turn|15
|
|t:|1598374496
|move|p1a: annoying|Dragon Darts|p2a: Hydreigon
|-supereffective|p2a: Hydreigon
|-damage|p2a: Hydreigon|24/100 brn
|-anim|p1a: annoying|Dragon Darts|p2a: Hydreigon
|-supereffective|p2a: Hydreigon
|-damage|p2a: Hydreigon|0 fnt
|faint|p2a: Hydreigon
|
|-heal|p1a: annoying|37/100|[from] item: Leftovers
|upkeep
|
|t:|1598374525
|switch|p2a: Ferrothorn|Ferrothorn, F|100/100
|-damage|p2a: Ferrothorn|75/100|[from] Spikes
|-damage|p2a: Ferrothorn|69/100|[from] Stealth Rock
|turn|16
|
|t:|1598374538
|move|p1a: annoying|Thunder Wave|p2a: Ferrothorn
|-status|p2a: Ferrothorn|par
|move|p2a: Ferrothorn|Spikes|p1a: annoying
|-sidestart|p1: LT73IU Piggg|Spikes
|
|-heal|p1a: annoying|43/100|[from] item: Leftovers
|-heal|p2a: Ferrothorn|75/100 par|[from] item: Leftovers
|upkeep
|turn|17
|
|t:|1598374572
|switch|p1a: Pressure|Cloyster, M|100/100
|-damage|p1a: Pressure|88/100|[from] Spikes
|-damage|p1a: Pressure|63/100|[from] Stealth Rock
|move|p2a: Ferrothorn|Knock Off|p1a: Pressure
|-damage|p1a: Pressure|44/100
|-enditem|p1a: Pressure|King's Rock|[from] move: Knock Off|[of] p2a: Ferrothorn
|
|-heal|p2a: Ferrothorn|82/100 par|[from] item: Leftovers
|upkeep
|turn|18
|c| lt71lx slainey|twave pult
|
|t:|1598374582
|move|p1a: Pressure|Rapid Spin|p2a: Ferrothorn
|-resisted|p2a: Ferrothorn
|-damage|p2a: Ferrothorn|77/100 par
|-boost|p1a: Pressure|spe|1
|-damage|p1a: Pressure|31/100|[from] ability: Iron Barbs|[of] p2a: Ferrothorn
|-sideend|p1: LT73IU Piggg|Spikes|[from] move: Rapid Spin|[of] p1a: Pressure
|-sideend|p1: LT73IU Piggg|Stealth Rock|[from] move: Rapid Spin|[of] p1a: Pressure
|move|p2a: Ferrothorn|Body Press|p1a: Pressure
|-supereffective|p1a: Pressure
|-damage|p1a: Pressure|0 fnt
|faint|p1a: Pressure
|
|-heal|p2a: Ferrothorn|84/100 par|[from] item: Leftovers
|upkeep
|
|t:|1598374596
|switch|p1a: Real man|Urshifu, F|100/100
|turn|19
|
|t:|1598374599
|move|p1a: Real man|Wicked Blow|p2a: Ferrothorn
|-crit|p2a: Ferrothorn
|-damage|p2a: Ferrothorn|37/100 par
|-damage|p1a: Real man|88/100|[from] ability: Iron Barbs|[of] p2a: Ferrothorn
|move|p2a: Ferrothorn|Spikes|p1a: Real man
|-sidestart|p1: LT73IU Piggg|Spikes
|
|-heal|p2a: Ferrothorn|43/100 par|[from] item: Leftovers
|upkeep
|turn|20
|c| lt71lx slainey|47% wicked
|c| lt71lx slainey|well trained urshifu
|j| lt73iu cuzzie
|
|t:|1598374615
|move|p1a: Real man|Wicked Blow|p2a: Ferrothorn
|-crit|p2a: Ferrothorn
|-damage|p2a: Ferrothorn|0 fnt
|-damage|p1a: Real man|76/100|[from] ability: Iron Barbs|[of] p2a: Ferrothorn
|faint|p2a: Ferrothorn
|
|upkeep
|
|t:|1598374622
|switch|p2a: Clefable|Clefable, F|100/100
|turn|21
|
|t:|1598374628
|switch|p1a: Scizor|Scizor, F|100/100
|-damage|p1a: Scizor|88/100|[from] Spikes
|move|p2a: Clefable|Moonblast|p1a: Scizor
|-resisted|p1a: Scizor
|-damage|p1a: Scizor|71/100
|
|upkeep
|turn|22
|
|t:|1598374636
|switch|p2a: Excadrill|Excadrill, M|48/100 brn
|-damage|p2a: Excadrill|23/100 brn|[from] Spikes
|-damage|p2a: Excadrill|20/100 brn|[from] Stealth Rock
|-ability|p2a: Excadrill|Mold Breaker
|move|p1a: Scizor|Knock Off|p2a: Excadrill
|-damage|p2a: Excadrill|0 fnt
|-damage|p1a: Scizor|61/100|[from] item: Life Orb
|faint|p2a: Excadrill
|
|upkeep
|
|t:|1598374638
|switch|p2a: Volcarona|Volcarona, F|100/100
|turn|23
|
|t:|1598374650
|move|p2a: Volcarona|Flamethrower|p1a: Scizor
|-supereffective|p1a: Scizor
|-damage|p1a: Scizor|0 fnt
|faint|p1a: Scizor
|
|upkeep
|
|t:|1598374656
|switch|p1a: annoying|Dragapult, F|43/100
|-damage|p1a: annoying|31/100|[from] Spikes
|turn|24
|
|t:|1598374666
|switch|p2a: Clefable|Clefable, F|100/100
|move|p1a: annoying|Thunder Wave|p2a: Clefable|[miss]
|-miss|p1a: annoying|p2a: Clefable
|
|-heal|p1a: annoying|37/100|[from] item: Leftovers
|upkeep
|turn|25
|
|t:|1598374673
|move|p1a: annoying|Thunder Wave|p2a: Clefable
|-status|p2a: Clefable|par
|move|p2a: Clefable|Moonblast|p1a: annoying
|-supereffective|p1a: annoying
|-damage|p1a: annoying|0 fnt
|faint|p1a: annoying
|
|upkeep
|
|t:|1598374679
|switch|p1a: Slowbro|Slowbro-Galar, F|100/100
|-damage|p1a: Slowbro|88/100|[from] Spikes
|turn|26
|
|t:|1598374695
|switch|p2a: Primarina|Primarina, M|100/100
|-damage|p2a: Primarina|88/100|[from] Stealth Rock
|-damage|p2a: Primarina|63/100|[from] Spikes
|move|p1a: Slowbro|Nasty Plot|p1a: Slowbro
|-boost|p1a: Slowbro|spa|2
|
|-heal|p2a: Primarina|69/100|[from] item: Leftovers
|upkeep
|turn|27
|
|t:|1598374704
|move|p2a: Primarina|Scald|p1a: Slowbro
|-damage|p1a: Slowbro|45/100
|move|p1a: Slowbro|Shell Side Arm|p2a: Primarina
|-supereffective|p2a: Primarina
|-damage|p2a: Primarina|0 fnt
|-hint|Special Shell Side Arm
|faint|p2a: Primarina
|
|upkeep
|
|t:|1598374708
|switch|p2a: Volcarona|Volcarona, F|100/100
|turn|28
|
|t:|1598374713
|move|p2a: Volcarona|Flamethrower|p1a: Slowbro
|-damage|p1a: Slowbro|0 fnt
|faint|p1a: Slowbro
|
|upkeep
|
|t:|1598374717
|switch|p1a: Real man|Urshifu, F|76/100
|-damage|p1a: Real man|64/100|[from] Spikes
|turn|29
|
|t:|1598374720
|move|p2a: Volcarona|Flamethrower|p1a: Real man
|-damage|p1a: Real man|7/100
|move|p1a: Real man|Wicked Blow|p2a: Volcarona
|-crit|p2a: Volcarona
|-damage|p2a: Volcarona|14/100
|
|upkeep
|turn|30
|
|t:|1598374729
|move|p1a: Real man|Sucker Punch||[still]
|-fail|p1a: Real man
|move|p2a: Volcarona|Roost|p2a: Volcarona
|-heal|p2a: Volcarona|65/100
|-singleturn|p2a: Volcarona|move: Roost
|
|upkeep
|turn|31
|
|t:|1598374735
|move|p1a: Real man|Sucker Punch|p2a: Volcarona
|-damage|p2a: Volcarona|9/100
|-status|p1a: Real man|brn|[from] ability: Flame Body|[of] p2a: Volcarona
|move|p2a: Volcarona|Flamethrower|p1a: Real man
|-damage|p1a: Real man|0 fnt
|faint|p1a: Real man
|
|win|ezwz
|c|☆LT73IU Piggg|gg
|l| Major Flavor
|c|☆ezwz|gg
|l|☆LT73IU Piggg
|l| Tortillacrisp
|c|☆ezwz|i played that so badly lol
|l|☆ezwz
