|raw|<div class="broadcast-blue"><strong>This battle is required to be public due to a player having a name starting with 'lt93oq'.</div>
|j|☆xSkelly34
|j|☆LT93OQ Homerun
|t:|1660534948
|gametype|singles
|player|p1|xSkelly34|bugsy|1878
|player|p2|LT93OQ Homerun|#meru|1869
|teamsize|p1|6
|teamsize|p2|6
|gen|8
|tier|[Gen 8] OU
|rated|
|rule|Sleep Clause Mod: Limit one foe put to sleep
|rule|Species Clause: Limit one of each Pokémon
|rule|OHKO Clause: OHKO moves are banned
|rule|Evasion Items Clause: Evasion items are banned
|rule|Evasion Moves Clause: Evasion moves are banned
|rule|Endless Battle Clause: Forcing endless battles is banned
|rule|HP Percentage Mod: HP is shown in percentages
|rule|Dynamax Clause: You cannot dynamax
|clearpoke
|poke|p1|Slurpuff, M|
|poke|p1|Zapdos-Galar|
|poke|p1|Dragapult, M|
|poke|p1|Rillaboom, F|
|poke|p1|Garchomp, M|
|poke|p1|Bisharp, F|
|poke|p2|Rillaboom, F|
|poke|p2|Tornadus-Therian, M|
|poke|p2|Blaziken, M|
|poke|p2|Melmetal|
|poke|p2|Garchomp, M|
|poke|p2|Slowbro, M|
|teampreview
|j| Bad Players
|inactive|Battle timer is ON: inactive players will automatically lose when time's up. (requested by xSkelly34)
|
|t:|1660534995
|start
|switch|p1a: Slurpuff|Slurpuff, M|100/100
|switch|p2a: Tornadus|Tornadus-Therian, M|100/100
|turn|1
|j| idiot jr
|
|t:|1660534999
|move|p1a: Slurpuff|Magic Coat|p1a: Slurpuff
|-singleturn|p1a: Slurpuff|move: Magic Coat
|move|p2a: Tornadus|Heat Wave|p1a: Slurpuff
|-damage|p1a: Slurpuff|73/100
|-enditem|p1a: Slurpuff|Red Card|[of] p2a: Tornadus
|drag|p2a: Melmetal|Melmetal|100/100
|
|upkeep
|turn|2
|
|t:|1660535005
|switch|p2a: Tornadus|Tornadus-Therian, M|100/100
|move|p1a: Slurpuff|Sticky Web|p2a: Tornadus
|-sidestart|p2: LT93OQ Homerun|move: Sticky Web
|
|upkeep
|turn|3
|
|t:|1660535009
|move|p1a: Slurpuff|Yawn|p2a: Tornadus
|-start|p2a: Tornadus|move: Yawn|[of] p1a: Slurpuff
|move|p2a: Tornadus|Defog|p1a: Slurpuff
|-unboost|p1a: Slurpuff|evasion|1
|-sideend|p2: LT93OQ Homerun|Sticky Web|[from] move: Defog|[of] p2a: Tornadus
|
|upkeep
|turn|4
|j| LT93OQ Bee
|
|t:|1660535021
|move|p1a: Slurpuff|Sticky Web|p2a: Tornadus
|-sidestart|p2: LT93OQ Homerun|move: Sticky Web
|move|p2a: Tornadus|Defog|p1a: Slurpuff
|-unboost|p1a: Slurpuff|evasion|1
|-sideend|p2: LT93OQ Homerun|Sticky Web|[from] move: Defog|[of] p2a: Tornadus
|
|-end|p2a: Tornadus|move: Yawn|[silent]
|-status|p2a: Tornadus|slp
|upkeep
|turn|5
|
|t:|1660535025
|switch|p2a: Blaziken|Blaziken, M|100/100
|move|p1a: Slurpuff|Sticky Web|p2a: Blaziken
|-sidestart|p2: LT93OQ Homerun|move: Sticky Web
|
|upkeep
|turn|6
|
|t:|1660535029
|move|p1a: Slurpuff|Misty Explosion|p2a: Blaziken
|-damage|p2a: Blaziken|60/100
|faint|p1a: Slurpuff
|move|p2a: Blaziken|Swords Dance|p2a: Blaziken
|-boost|p2a: Blaziken|atk|2
|
|-heal|p2a: Blaziken|66/100|[from] item: Leftovers
|-ability|p2a: Blaziken|Speed Boost|boost
|-boost|p2a: Blaziken|spe|1
|upkeep
|j| StupidIdiotMe
|
|t:|1660535039
|switch|p1a: Dragapult|Dragapult, M|100/100
|turn|7
|j| lt93oq why
|
|t:|1660535045
|move|p2a: Blaziken|Protect|p2a: Blaziken
|-singleturn|p2a: Blaziken|Protect
|move|p1a: Dragapult|Phantom Force||[still]
|-prepare|p1a: Dragapult|Phantom Force
|
|-heal|p2a: Blaziken|72/100|[from] item: Leftovers
|-ability|p2a: Blaziken|Speed Boost|boost
|-boost|p2a: Blaziken|spe|1
|upkeep
|turn|8
|
|t:|1660535058
|move|p2a: Blaziken|Protect||[still]
|-fail|p2a: Blaziken
|move|p1a: Dragapult|Phantom Force|p2a: Blaziken|[from]lockedmove
|-damage|p2a: Blaziken|0 fnt
|faint|p2a: Blaziken
|-damage|p1a: Dragapult|91/100|[from] item: Life Orb
|
|upkeep
|
|t:|1660535062
|switch|p2a: Melmetal|Melmetal|100/100
|-activate|p2a: Melmetal|move: Sticky Web
|-unboost|p2a: Melmetal|spe|1
|turn|9
|
|t:|1660535073
|switch|p1a: Bisharp|Bisharp, F|100/100
|move|p2a: Melmetal|Double Iron Bash|p1a: Bisharp
|-resisted|p1a: Bisharp
|-damage|p1a: Bisharp|71/100
|-resisted|p1a: Bisharp
|-damage|p1a: Bisharp|45/100
|-hitcount|p1a: Bisharp|2
|
|upkeep
|turn|10
|j| Mimikyu Stardust
|l| Mimikyu Stardust
|
|t:|1660535080
|switch|p2a: Garchomp|Garchomp, M|100/100
|-activate|p2a: Garchomp|move: Sticky Web
|-unboost|p2a: Garchomp|spe|1
|move|p1a: Bisharp|Knock Off|p2a: Garchomp
|-damage|p2a: Garchomp|54/100
|-damage|p1a: Bisharp|33/100|[from] ability: Rough Skin|[of] p2a: Garchomp
|-enditem|p2a: Garchomp|Leftovers|[from] move: Knock Off|[of] p1a: Bisharp
|
|upkeep
|turn|11
|j| Rodrigogtz
|
|t:|1660535089
|move|p1a: Bisharp|Iron Head|p2a: Garchomp
|-damage|p2a: Garchomp|16/100
|-damage|p1a: Bisharp|21/100|[from] ability: Rough Skin|[of] p2a: Garchomp
|cant|p2a: Garchomp|flinch
|
|upkeep
|turn|12
|
|t:|1660535104
|move|p1a: Bisharp|Knock Off|p2a: Garchomp
|-damage|p2a: Garchomp|0 fnt
|-damage|p1a: Bisharp|9/100|[from] ability: Rough Skin|[of] p2a: Garchomp
|faint|p2a: Garchomp
|
|upkeep
|
|t:|1660535105
|switch|p2a: Rillaboom|Rillaboom, F|100/100
|-activate|p2a: Rillaboom|move: Sticky Web
|-unboost|p2a: Rillaboom|spe|1
|-fieldstart|move: Grassy Terrain|[from] ability: Grassy Surge|[of] p2a: Rillaboom
|turn|13
|
|t:|1660535112
|move|p2a: Rillaboom|Grassy Glide|p1a: Bisharp
|-resisted|p1a: Bisharp
|-damage|p1a: Bisharp|0 fnt
|faint|p1a: Bisharp
|
|upkeep
|j| LT93OQ Golgo
|
|t:|1660535118
|switch|p1a: Zapdos|Zapdos-Galar|100/100
|turn|14
|
|t:|1660535123
|switch|p2a: Slowbro|Slowbro, M|100/100
|-activate|p2a: Slowbro|move: Sticky Web
|-unboost|p2a: Slowbro|spe|1
|move|p1a: Zapdos|U-turn|p2a: Slowbro
|-supereffective|p2a: Slowbro
|-damage|p2a: Slowbro|62/100
|-damage|p1a: Zapdos|84/100|[from] item: Rocky Helmet|[of] p2a: Slowbro
|j| EL BAMZUKA
|
|t:|1660535130
|switch|p1a: Rillaboom|Rillaboom, F|100/100|[from]move: U-turn
|
|-heal|p2a: Slowbro|68/100|[from] Grassy Terrain
|upkeep
|turn|15
|l| EL BAMZUKA
|
|t:|1660535137
|switch|p2a: Melmetal|Melmetal|100/100
|-activate|p2a: Melmetal|move: Sticky Web
|-unboost|p2a: Melmetal|spe|1
|move|p1a: Rillaboom|Swords Dance|p1a: Rillaboom
|-boost|p1a: Rillaboom|atk|2
|
|upkeep
|turn|16
|j| Ava<3
|inactive|xSkelly34 has 120 seconds left.
|j| SHSP
|j| Miyan
|inactive|xSkelly34 has 90 seconds left.
|l| StupidIdiotMe
|
|t:|1660535202
|move|p1a: Rillaboom|Knock Off|p2a: Melmetal
|-damage|p2a: Melmetal|43/100
|-enditem|p2a: Melmetal|Leftovers|[from] move: Knock Off|[of] p1a: Rillaboom
|-damage|p1a: Rillaboom|91/100|[from] item: Life Orb
|move|p2a: Melmetal|Double Iron Bash|p1a: Rillaboom
|-damage|p1a: Rillaboom|44/100
|-damage|p1a: Rillaboom|0 fnt
|faint|p1a: Rillaboom
|-hitcount|p1: Rillaboom|2
|
|-heal|p2a: Melmetal|49/100|[from] Grassy Terrain
|upkeep
|inactive|xSkelly34 has 90 seconds left.
|
|t:|1660535213
|switch|p1a: Zapdos|Zapdos-Galar|84/100
|turn|17
|inactive|xSkelly34 has 90 seconds left.
|
|t:|1660535220
|move|p2a: Melmetal|Protect|p2a: Melmetal
|-singleturn|p2a: Melmetal|Protect
|move|p1a: Zapdos|Close Combat|p2a: Melmetal
|-activate|p2a: Melmetal|move: Protect
|
|-heal|p2a: Melmetal|55/100|[from] Grassy Terrain
|-fieldend|move: Grassy Terrain
|upkeep
|turn|18
|j| Tace
|j| anique
|
|t:|1660535227
|switch|p1a: Garchomp|Garchomp, M|100/100
|switch|p2a: Slowbro|Slowbro, M|100/100
|-activate|p2a: Slowbro|move: Sticky Web
|-unboost|p2a: Slowbro|spe|1
|
|upkeep
|turn|19
|l|tace
|
|t:|1660535231
|move|p1a: Garchomp|Swords Dance|p1a: Garchomp
|-boost|p1a: Garchomp|atk|2
|move|p2a: Slowbro|Scald|p1a: Garchomp
|-damage|p1a: Garchomp|71/100
|
|-heal|p1a: Garchomp|77/100|[from] item: Leftovers
|upkeep
|turn|20
|
|t:|1660535236
|move|p1a: Garchomp|Earthquake|p2a: Slowbro
|-damage|p2a: Slowbro|36/100
|move|p2a: Slowbro|Scald|p1a: Garchomp
|-damage|p1a: Garchomp|48/100
|
|-heal|p1a: Garchomp|54/100|[from] item: Leftovers
|upkeep
|turn|21
|j| LT93OQ T
|
|t:|1660535244
|switch|p2a: Tornadus|Tornadus-Therian, M|100/100 slp
|move|p1a: Garchomp|Scale Shot|p2a: Tornadus
|-damage|p2a: Tornadus|72/100 slp
|-damage|p2a: Tornadus|43/100 slp
|-damage|p2a: Tornadus|12/100 slp
|-hitcount|p2a: Tornadus|3
|-unboost|p1a: Garchomp|def|1
|-boost|p1a: Garchomp|spe|1
|
|-heal|p1a: Garchomp|60/100|[from] item: Leftovers
|upkeep
|turn|22
|
|t:|1660535246
|move|p1a: Garchomp|Fire Fang|p2a: Tornadus
|-damage|p2a: Tornadus|0 fnt
|faint|p2a: Tornadus
|
|-heal|p1a: Garchomp|66/100|[from] item: Leftovers
|upkeep
|
|t:|1660535248
|switch|p2a: Rillaboom|Rillaboom, F|100/100
|-activate|p2a: Rillaboom|move: Sticky Web
|-unboost|p2a: Rillaboom|spe|1
|-fieldstart|move: Grassy Terrain|[from] ability: Grassy Surge|[of] p2a: Rillaboom
|turn|23
|
|t:|1660535250
|move|p2a: Rillaboom|Grassy Glide|p1a: Garchomp
|-damage|p1a: Garchomp|0 fnt
|-damage|p2a: Rillaboom|88/100|[from] ability: Rough Skin|[of] p1a: Garchomp
|faint|p1a: Garchomp
|
|-heal|p2a: Rillaboom|94/100|[from] Grassy Terrain
|-heal|p2a: Rillaboom|100/100|[from] item: Leftovers
|upkeep
|
|t:|1660535255
|switch|p1a: Zapdos|Zapdos-Galar|84/100
|turn|24
|j| JiminyRickets
|
|t:|1660535278
|move|p2a: Rillaboom|Grassy Glide|p1a: Zapdos
|-resisted|p1a: Zapdos
|-damage|p1a: Zapdos|53/100
|move|p1a: Zapdos|Brave Bird|p2a: Rillaboom
|-supereffective|p2a: Rillaboom
|-damage|p2a: Rillaboom|0 fnt
|faint|p2a: Rillaboom
|-damage|p1a: Zapdos|12/100|[from] Recoil
|
|upkeep
|
|t:|1660535283
|switch|p2a: Slowbro|Slowbro, M|69/100
|-activate|p2a: Slowbro|move: Sticky Web
|-unboost|p2a: Slowbro|spe|1
|turn|25
|j| LordDarkSkin
|
|t:|1660535300
|move|p1a: Zapdos|Brave Bird|p2a: Slowbro
|-damage|p2a: Slowbro|13/100
|-damage|p1a: Zapdos|0 fnt|[from] item: Rocky Helmet|[of] p2a: Slowbro
|faint|p1a: Zapdos
|move|p2a: Slowbro|Teleport|p2a: Slowbro
|
|t:|1660535305
|switch|p2a: Melmetal|Melmetal|55/100|[from]move: Teleport
|-activate|p2a: Melmetal|move: Sticky Web
|-unboost|p2a: Melmetal|spe|1
|
|-heal|p2a: Melmetal|62/100|[from] Grassy Terrain
|upkeep
|
|t:|1660535308
|switch|p1a: Dragapult|Dragapult, M|91/100
|turn|26
|j| Dhdhsjjsjs
|
|t:|1660535312
|move|p2a: Melmetal|Protect|p2a: Melmetal
|-singleturn|p2a: Melmetal|Protect
|move|p1a: Dragapult|Phantom Force||[still]
|-prepare|p1a: Dragapult|Phantom Force
|
|-heal|p2a: Melmetal|68/100|[from] Grassy Terrain
|upkeep
|turn|27
|
|t:|1660535315
|move|p1a: Dragapult|Phantom Force|p2a: Melmetal|[from]lockedmove
|-damage|p2a: Melmetal|28/100
|-damage|p1a: Dragapult|81/100|[from] item: Life Orb
|move|p2a: Melmetal|Double Iron Bash|p1a: Dragapult
|-damage|p1a: Dragapult|16/100
|-damage|p1a: Dragapult|0 fnt
|faint|p1a: Dragapult
|-hitcount|p1: Dragapult|2
|
|win|LT93OQ Homerun
|raw|xSkelly34's rating: 1878 &rarr; <strong>1857</strong><br />(-21 for losing)
|raw|LT93OQ Homerun's rating: 1869 &rarr; <strong>1890</strong><br />(+21 for winning)
|j| Mimikyu Stardust
|l|☆xSkelly34
|l| Mimikyu Stardust
|l| LT93OQ Bee
|l| Bad Players
|l| Miyan
|l|☆LT93OQ Homerun
|l| anique
