|j|☆piedini bizzarri
|j|☆LolzMachine
|t:|1610293880
|player|p1|piedini bizzarri|zinnia|1631
|player|p2|LolzMachine|294|1688
|teamsize|p1|6
|teamsize|p2|6
|gametype|singles
|gen|8
|tier|[Gen 8] OU
|rated|
|clearpoke
|poke|p1|Mamoswine, M|
|poke|p1|Scolipede, F|
|poke|p1|Spectrier|
|poke|p1|Krookodile, F|
|poke|p1|Kartana|
|poke|p1|Zapdos-Galar|
|poke|p2|Blaziken, F|
|poke|p2|Garchomp, F|
|poke|p2|Salamence, M|
|poke|p2|Melmetal|
|poke|p2|Zarude|
|poke|p2|Regieleki|
|rule|Sleep Clause Mod: Limit one foe put to sleep
|rule|Species Clause: Limit one of each Pokémon
|rule|OHKO Clause: OHKO moves are banned
|rule|Evasion Moves Clause: Evasion moves are banned
|rule|Endless Battle Clause: Forcing endless battles is banned
|rule|HP Percentage Mod: HP is shown in percentages
|rule|Dynamax Clause: You cannot dynamax
|teampreview
|inactive|Battle timer is ON: inactive players will automatically lose when time's up. (requested by LolzMachine)
|
|t:|1610293924
|start
|switch|p1a: Mamoswine|Mamoswine, M|100/100
|switch|p2a: Melmetal|Melmetal|100/100
|turn|1
|
|t:|1610293933
|move|p1a: Mamoswine|Earthquake|p2a: Melmetal
|-supereffective|p2a: Melmetal
|-damage|p2a: Melmetal|44/100
|move|p2a: Melmetal|Double Iron Bash|p1a: Mamoswine
|-supereffective|p1a: Mamoswine
|-enditem|p1a: Mamoswine|Focus Sash
|-damage|p1a: Mamoswine|1/100
|-supereffective|p1a: Mamoswine
|-damage|p1a: Mamoswine|0 fnt
|-hitcount|p1a: Mamoswine|2
|faint|p1a: Mamoswine
|
|upkeep
|
|t:|1610293947
|switch|p1a: Krookodile|Krookodile, F|100/100
|turn|2
|
|t:|1610293950
|switch|p2a: Salamence|Salamence, M|100/100
|-ability|p2a: Salamence|Intimidate|boost
|-unboost|p1a: Krookodile|atk|1
|move|p1a: Krookodile|Close Combat|p2a: Salamence
|-resisted|p2a: Salamence
|-damage|p2a: Salamence|81/100
|-unboost|p1a: Krookodile|def|1
|-unboost|p1a: Krookodile|spd|1
|
|upkeep
|turn|3
|
|t:|1610293954
|switch|p1a: Scolipede|Scolipede, F|100/100
|move|p2a: Salamence|Hurricane|p1a: Scolipede
|-supereffective|p1a: Scolipede
|-enditem|p1a: Scolipede|Focus Sash
|-damage|p1a: Scolipede|1/100
|-damage|p2a: Salamence|71/100|[from] item: Life Orb
|
|upkeep
|turn|4
|inactive|LolzMachine has 120 seconds left.
|
|t:|1610293987
|move|p1a: Scolipede|Toxic Spikes|p2a: Salamence
|-sidestart|p2: LolzMachine|move: Toxic Spikes
|move|p2a: Salamence|Earthquake|p1a: Scolipede
|-damage|p1a: Scolipede|0 fnt
|-damage|p2a: Salamence|62/100|[from] item: Life Orb
|faint|p1a: Scolipede
|
|upkeep
|
|t:|1610293994
|switch|p1a: Spectrier|Spectrier|100/100
|turn|5
|
|t:|1610293998
|move|p1a: Spectrier|Shadow Ball|p2a: Salamence
|-damage|p2a: Salamence|0 fnt
|faint|p2a: Salamence
|-ability|p1a: Spectrier|Grim Neigh|boost
|-boost|p1a: Spectrier|spa|1
|
|upkeep
|
|t:|1610294000
|switch|p2a: Zarude|Zarude|100/100
|-status|p2a: Zarude|psn
|turn|6
|
|t:|1610294008
|switch|p2a: Regieleki|Regieleki|100/100
|-status|p2a: Regieleki|psn
|move|p1a: Spectrier|Shadow Ball|p2a: Regieleki
|-damage|p2a: Regieleki|0 fnt
|faint|p2a: Regieleki
|-ability|p1a: Spectrier|Grim Neigh|boost
|-boost|p1a: Spectrier|spa|1
|
|upkeep
|
|t:|1610294010
|switch|p2a: Zarude|Zarude|100/100 psn
|turn|7
|
|t:|1610294017
|switch|p1a: Zapdos|Zapdos-Galar|100/100
|move|p2a: Zarude|Darkest Lariat|p1a: Zapdos
|-resisted|p1a: Zapdos
|-damage|p1a: Zapdos|79/100
|
|-heal|p1a: Zapdos|85/100|[from] item: Leftovers
|-damage|p2a: Zarude|88/100 psn|[from] psn
|upkeep
|turn|8
|-message|LolzMachine forfeited.
|
|win|piedini bizzarri
|l|☆LolzMachine
|raw|piedini bizzarri's rating: 1629 &rarr; <strong>1652</strong><br />(+23 for winning)
|raw|LolzMachine's rating: 1688 &rarr; <strong>1664</strong><br />(-24 for losing)
