|j|☆GuardArc
|j|☆Arundrago
|t:|1608778065
|player|p1|GuardArc|lance-gen3|
|player|p2|Arundrago|volkner|
|teamsize|p1|6
|teamsize|p2|6
|gametype|singles
|gen|8
|tier|[Gen 8] OU
|clearpoke
|poke|p1|Urshifu-*, F|
|poke|p1|Dragapult, M|
|poke|p1|Swampert, M|
|poke|p1|Moltres|
|poke|p1|Hydreigon, M|
|poke|p1|Tapu Koko|
|poke|p2|Blissey, F|
|poke|p2|Toxapex, F|
|poke|p2|Corviknight, F|
|poke|p2|Urshifu-*, F|
|poke|p2|Clefable, M|
|poke|p2|Landorus-Therian, M|
|rule|Sleep Clause Mod: Limit one foe put to sleep
|rule|Species Clause: Limit one of each Pokémon
|rule|OHKO Clause: OHKO moves are banned
|rule|Evasion Moves Clause: Evasion moves are banned
|rule|Endless Battle Clause: Forcing endless battles is banned
|rule|HP Percentage Mod: HP is shown in percentages
|rule|Dynamax Clause: You cannot dynamax
|teampreview
|c|☆GuardArc|ayyy game 1 gl hf
|
|t:|1608778111
|start
|switch|p1a: Swampert|Swampert, M|100/100
|switch|p2a: Landorus|Landorus-Therian, M|100/100
|-ability|p2a: Landorus|Intimidate|boost
|-unboost|p1a: Swampert|atk|1
|turn|1
|
|t:|1608778121
|move|p2a: Landorus|Swords Dance|p2a: Landorus
|-boost|p2a: Landorus|atk|2
|move|p1a: Swampert|Flip Turn|p2a: Landorus
|-supereffective|p2a: Landorus
|-damage|p2a: Landorus|80/100
|c|☆Arundrago|Glhf
|
|t:|1608778245
|switch|p1a: Tapu Koko|Tapu Koko|100/100|[from]move: Flip Turn
|-fieldstart|move: Electric Terrain|[from] ability: Electric Surge|[of] p1a: Tapu Koko
|
|upkeep
|turn|2
|
|t:|1608778255
|move|p1a: Tapu Koko|Dazzling Gleam|p2a: Landorus
|-damage|p2a: Landorus|26/100
|move|p2a: Landorus|Stone Edge|p1a: Tapu Koko
|-damage|p1a: Tapu Koko|7/100
|
|upkeep
|turn|3
|
|t:|1608778278
|switch|p2a: Blissey|Blissey, F|100/100
|move|p1a: Tapu Koko|Dazzling Gleam|p2a: Blissey
|-damage|p2a: Blissey|82/100
|
|-heal|p2a: Blissey|88/100|[from] item: Leftovers
|upkeep
|turn|4
|
|t:|1608778288
|switch|p1a: Swampert|Swampert, M|100/100
|move|p2a: Blissey|Wish|p2a: Blissey
|
|-heal|p2a: Blissey|94/100|[from] item: Leftovers
|upkeep
|turn|5
|
|t:|1608778296
|switch|p2a: Landorus|Landorus-Therian, M|26/100
|-ability|p2a: Landorus|Intimidate|boost
|-unboost|p1a: Swampert|atk|1
|move|p1a: Swampert|Flip Turn|p2a: Landorus
|-supereffective|p2a: Landorus
|-damage|p2a: Landorus|5/100
|
|t:|1608778312
|switch|p1a: Urshifu|Urshifu, F|100/100|[from]move: Flip Turn
|
|-heal|p2a: Landorus|97/100|[from] move: Wish|[wisher] Blissey
|-fieldend|move: Electric Terrain
|upkeep
|turn|6
|
|t:|1608778325
|switch|p2a: Clefable|Clefable, M|100/100
|move|p1a: Urshifu|Wicked Blow|p2a: Clefable
|-resisted|p2a: Clefable
|-crit|p2a: Clefable
|-damage|p2a: Clefable|67/100
|
|-heal|p2a: Clefable|73/100|[from] item: Leftovers
|upkeep
|turn|7
|
|t:|1608778332
|switch|p1a: Moltres|Moltres|100/100
|move|p2a: Clefable|Knock Off|p1a: Moltres
|-damage|p1a: Moltres|88/100
|-enditem|p1a: Moltres|Heavy-Duty Boots|[from] move: Knock Off|[of] p2a: Clefable
|
|-heal|p2a: Clefable|79/100|[from] item: Leftovers
|upkeep
|turn|8
|
|t:|1608778358
|switch|p1a: Swampert|Swampert, M|100/100
|move|p2a: Clefable|Protect||[still]
|-fail|p2a: Clefable
|
|-heal|p2a: Clefable|86/100|[from] item: Leftovers
|upkeep
|turn|9
|
|t:|1608778386
|move|p1a: Swampert|Toxic|p2a: Clefable
|-status|p2a: Clefable|tox
|move|p2a: Clefable|Knock Off|p1a: Swampert
|-damage|p1a: Swampert|88/100
|-enditem|p1a: Swampert|Leftovers|[from] move: Knock Off|[of] p2a: Clefable
|
|-heal|p2a: Clefable|92/100 tox|[from] item: Leftovers
|-damage|p2a: Clefable|86/100 tox|[from] psn
|upkeep
|turn|10
|
|t:|1608778403
|switch|p2a: Landorus|Landorus-Therian, M|97/100
|-ability|p2a: Landorus|Intimidate|boost
|-unboost|p1a: Swampert|atk|1
|move|p1a: Swampert|Stealth Rock|p2a: Landorus
|-sidestart|p2: Arundrago|move: Stealth Rock
|
|upkeep
|turn|11
|
|t:|1608778409
|move|p2a: Landorus|Swords Dance|p2a: Landorus
|-boost|p2a: Landorus|atk|2
|move|p1a: Swampert|Flip Turn|p2a: Landorus
|-supereffective|p2a: Landorus
|-damage|p2a: Landorus|76/100
|
|t:|1608778436
|switch|p1a: Urshifu|Urshifu, F|100/100|[from]move: Flip Turn
|
|upkeep
|turn|12
|
|t:|1608778441
|move|p1a: Urshifu|Wicked Blow|p2a: Landorus
|-crit|p2a: Landorus
|-damage|p2a: Landorus|13/100
|move|p2a: Landorus|Earthquake|p1a: Urshifu
|-damage|p1a: Urshifu|13/100
|
|upkeep
|turn|13
|
|t:|1608778448
|switch|p2a: Corviknight|Corviknight, F|100/100
|-damage|p2a: Corviknight|88/100|[from] Stealth Rock
|-ability|p2a: Corviknight|Pressure
|move|p1a: Urshifu|Wicked Blow|p2a: Corviknight
|-crit|p2a: Corviknight
|-damage|p2a: Corviknight|37/100
|-damage|p1a: Urshifu|0 fnt|[from] item: Rocky Helmet|[of] p2a: Corviknight
|faint|p1a: Urshifu
|
|upkeep
|j| Venom94
|
|t:|1608778457
|switch|p1a: Tapu Koko|Tapu Koko|7/100
|-fieldstart|move: Electric Terrain|[from] ability: Electric Surge|[of] p1a: Tapu Koko
|turn|14
|
|t:|1608778484
|switch|p2a: Blissey|Blissey, F|94/100
|-damage|p2a: Blissey|82/100|[from] Stealth Rock
|move|p1a: Tapu Koko|Roost|p1a: Tapu Koko
|-heal|p1a: Tapu Koko|57/100
|-singleturn|p1a: Tapu Koko|move: Roost
|
|-heal|p2a: Blissey|88/100|[from] item: Leftovers
|upkeep
|turn|15
|l| Venom94
|
|t:|1608778501
|switch|p1a: Hydreigon|Hydreigon, M|100/100
|move|p2a: Blissey|Wish|p2a: Blissey
|
|-heal|p2a: Blissey|94/100|[from] item: Leftovers
|upkeep
|turn|16
|
|t:|1608778520
|switch|p2a: Clefable|Clefable, M|86/100 tox
|-damage|p2a: Clefable|73/100 tox|[from] Stealth Rock
|move|p1a: Hydreigon|Dark Pulse|p2a: Clefable
|-resisted|p2a: Clefable
|-damage|p2a: Clefable|56/100 tox
|
|-heal|p2a: Clefable|100/100 tox|[from] move: Wish|[wisher] Blissey
|-damage|p2a: Clefable|94/100 tox|[from] psn
|upkeep
|turn|17
|
|t:|1608778534
|switch|p1a: Moltres|Moltres|88/100
|switch|p2a: Blissey|Blissey, F|94/100
|-damage|p2a: Blissey|82/100|[from] Stealth Rock
|
|-heal|p2a: Blissey|88/100|[from] item: Leftovers
|upkeep
|turn|18
|
|t:|1608778589
|switch|p1a: Swampert|Swampert, M|88/100
|move|p2a: Blissey|Stealth Rock|p1a: Swampert
|-sidestart|p1: GuardArc|move: Stealth Rock
|
|-heal|p2a: Blissey|94/100|[from] item: Leftovers
|-fieldend|move: Electric Terrain
|upkeep
|turn|19
|
|t:|1608778600
|move|p1a: Swampert|Flip Turn|p2a: Blissey
|-damage|p2a: Blissey|73/100
|
|t:|1608778639
|switch|p1a: Tapu Koko|Tapu Koko|57/100|[from]move: Flip Turn
|-damage|p1a: Tapu Koko|45/100|[from] Stealth Rock
|-fieldstart|move: Electric Terrain|[from] ability: Electric Surge|[of] p1a: Tapu Koko
|move|p2a: Blissey|Wish|p2a: Blissey
|
|-heal|p2a: Blissey|79/100|[from] item: Leftovers
|upkeep
|turn|20
|
|t:|1608778650
|move|p1a: Tapu Koko|Dazzling Gleam|p2a: Blissey
|-damage|p2a: Blissey|62/100
|move|p2a: Blissey|Seismic Toss|p1a: Tapu Koko
|-damage|p1a: Tapu Koko|9/100
|
|-heal|p2a: Blissey|100/100|[from] move: Wish|[wisher] Blissey
|upkeep
|turn|21
|
|t:|1608778658
|switch|p1a: Moltres|Moltres|88/100
|-damage|p1a: Moltres|38/100|[from] Stealth Rock
|move|p2a: Blissey|Seismic Toss|p1a: Moltres
|-damage|p1a: Moltres|12/100
|
|upkeep
|turn|22
|
|t:|1608778678
|move|p1a: Moltres|Roost|p1a: Moltres
|-heal|p1a: Moltres|62/100
|-singleturn|p1a: Moltres|move: Roost
|move|p2a: Blissey|Seismic Toss|p1a: Moltres
|-damage|p1a: Moltres|36/100
|-status|p2a: Blissey|brn|[from] ability: Flame Body|[of] p1a: Moltres
|
|-damage|p2a: Blissey|94/100 brn|[from] brn
|upkeep
|turn|23
|
|t:|1608778688
|move|p1a: Moltres|Roost|p1a: Moltres
|-heal|p1a: Moltres|86/100
|-singleturn|p1a: Moltres|move: Roost
|move|p2a: Blissey|Wish|p2a: Blissey
|
|-heal|p2a: Blissey|100/100 brn|[from] item: Leftovers
|-damage|p2a: Blissey|94/100 brn|[from] brn
|-fieldend|move: Electric Terrain
|upkeep
|turn|24
|
|t:|1608778707
|move|p1a: Moltres|Flamethrower|p2a: Blissey
|-damage|p2a: Blissey|81/100 brn
|move|p2a: Blissey|Seismic Toss|p1a: Moltres
|-damage|p1a: Moltres|60/100
|
|-heal|p2a: Blissey|100/100 brn|[from] move: Wish|[wisher] Blissey
|-damage|p2a: Blissey|94/100 brn|[from] brn
|upkeep
|turn|25
|
|t:|1608778738
|switch|p1a: Hydreigon|Hydreigon, M|100/100
|-damage|p1a: Hydreigon|88/100|[from] Stealth Rock
|move|p2a: Blissey|Aromatherapy|p2a: Blissey
|-activate|p2a: Blissey|move: Aromatherapy
|-curestatus|p2a: Blissey|brn|[msg]
|-curestatus|p2: Clefable|tox|[msg]
|
|-heal|p1a: Hydreigon|94/100|[from] item: Leftovers
|-heal|p2a: Blissey|100/100|[from] item: Leftovers
|upkeep
|turn|26
|
|t:|1608778769
|switch|p1a: Dragapult|Dragapult, M|100/100
|-damage|p1a: Dragapult|88/100|[from] Stealth Rock
|move|p2a: Blissey|Seismic Toss|p1a: Dragapult
|-immune|p1a: Dragapult
|
|upkeep
|turn|27
|
|t:|1608778778
|move|p1a: Dragapult|Steel Wing|p2a: Blissey|[miss]
|-miss|p1a: Dragapult|p2a: Blissey
|move|p2a: Blissey|Wish|p2a: Blissey
|
|upkeep
|turn|28
|
|t:|1608778787
|switch|p2a: Corviknight|Corviknight, F|37/100
|-damage|p2a: Corviknight|25/100|[from] Stealth Rock
|-ability|p2a: Corviknight|Pressure
|move|p1a: Dragapult|Dragon Darts|p2a: Corviknight
|-resisted|p2a: Corviknight
|-damage|p2a: Corviknight|15/100
|-anim|p1a: Dragapult|Dragon Darts|p2a: Corviknight
|-resisted|p2a: Corviknight
|-damage|p2a: Corviknight|6/100
|-damage|p1a: Dragapult|78/100|[from] item: Life Orb
|
|-heal|p2a: Corviknight|94/100|[from] move: Wish|[wisher] Blissey
|upkeep
|turn|29
|
|t:|1608778806
|switch|p1a: Moltres|Moltres|60/100
|-damage|p1a: Moltres|10/100|[from] Stealth Rock
|switch|p2a: Toxapex|Toxapex, F, shiny|100/100
|-damage|p2a: Toxapex|88/100|[from] Stealth Rock
|
|upkeep
|turn|30
|
|t:|1608778858
|switch|p1a: Swampert|Swampert, M|88/100
|-damage|p1a: Swampert|82/100|[from] Stealth Rock
|move|p2a: Toxapex|Scald|p1a: Swampert
|-damage|p1a: Swampert|67/100
|-status|p1a: Swampert|brn
|
|-damage|p1a: Swampert|61/100 brn|[from] brn
|upkeep
|turn|31
|
|t:|1608778872
|move|p1a: Swampert|Flip Turn|p2a: Toxapex
|-resisted|p2a: Toxapex
|-damage|p2a: Toxapex|84/100
|-damage|p1a: Swampert|45/100 brn|[from] item: Rocky Helmet|[of] p2a: Toxapex
|
|t:|1608778877
|switch|p1a: Tapu Koko|Tapu Koko|9/100|[from]move: Flip Turn
|-damage|p1a: Tapu Koko|0 fnt|[from] Stealth Rock
|faint|p1a: Tapu Koko
|move|p2a: Toxapex|Scald|p1: Tapu Koko|[notarget]
|-fail|p2a: Toxapex
|
|upkeep
|
|t:|1608778883
|switch|p1a: Hydreigon|Hydreigon, M|94/100
|-damage|p1a: Hydreigon|82/100|[from] Stealth Rock
|turn|32
|
|t:|1608778902
|switch|p2a: Blissey|Blissey, F|100/100
|-damage|p2a: Blissey|88/100|[from] Stealth Rock
|move|p1a: Hydreigon|Defog|p2a: Blissey
|-unboost|p2a: Blissey|evasion|1
|-sideend|p2: Arundrago|Stealth Rock|[from] move: Defog|[of] p1a: Hydreigon
|-sideend|p1: GuardArc|Stealth Rock|[from] move: Defog|[of] p1a: Hydreigon
|
|-heal|p1a: Hydreigon|88/100|[from] item: Leftovers
|-heal|p2a: Blissey|94/100|[from] item: Leftovers
|upkeep
|turn|33
|
|t:|1608778912
|switch|p1a: Dragapult|Dragapult, M|78/100
|move|p2a: Blissey|Stealth Rock|p1a: Dragapult
|-sidestart|p1: GuardArc|move: Stealth Rock
|
|-heal|p2a: Blissey|99/100|[from] item: Leftovers
|upkeep
|turn|34
|
|t:|1608778928
|switch|p2a: Urshifu|Urshifu, F|100/100
|move|p1a: Dragapult|Dragon Dance|p1a: Dragapult
|-boost|p1a: Dragapult|atk|1
|-boost|p1a: Dragapult|spe|1
|
|upkeep
|turn|35
|
|t:|1608778936
|switch|p1a: Hydreigon|Hydreigon, M|88/100
|-damage|p1a: Hydreigon|76/100|[from] Stealth Rock
|move|p2a: Urshifu|Sucker Punch||[still]
|-fail|p2a: Urshifu
|
|-heal|p1a: Hydreigon|82/100|[from] item: Leftovers
|upkeep
|turn|36
|
|t:|1608778947
|switch|p2a: Clefable|Clefable, M|94/100
|move|p1a: Hydreigon|Earth Power|p2a: Clefable
|-damage|p2a: Clefable|69/100
|
|-heal|p1a: Hydreigon|88/100|[from] item: Leftovers
|-heal|p2a: Clefable|75/100|[from] item: Leftovers
|upkeep
|turn|37
|
|t:|1608778952
|switch|p1a: Swampert|Swampert, M|45/100 brn
|-damage|p1a: Swampert|38/100 brn|[from] Stealth Rock
|move|p2a: Clefable|Moonblast|p1a: Swampert
|-damage|p1a: Swampert|10/100 brn
|-unboost|p1a: Swampert|spa|1
|
|-heal|p2a: Clefable|81/100|[from] item: Leftovers
|-damage|p1a: Swampert|4/100 brn|[from] brn
|upkeep
|turn|38
|
|t:|1608778959
|move|p2a: Clefable|Protect|p2a: Clefable
|-singleturn|p2a: Clefable|Protect
|move|p1a: Swampert|Flip Turn|p2a: Clefable
|-activate|p2a: Clefable|move: Protect
|
|-heal|p2a: Clefable|87/100|[from] item: Leftovers
|-damage|p1a: Swampert|0 fnt|[from] brn
|faint|p1a: Swampert
|upkeep
|c|☆GuardArc|ugh game 2 lol
|c|☆Arundrago|Ok
|
|t:|1608779001
|switch|p1a: Hydreigon|Hydreigon, M|88/100
|-damage|p1a: Hydreigon|75/100|[from] Stealth Rock
|turn|39
|
|t:|1608779005
|move|p1a: Hydreigon|Earth Power|p2a: Clefable
|-damage|p2a: Clefable|60/100
|-unboost|p2a: Clefable|spd|1
|move|p2a: Clefable|Moonblast|p1a: Hydreigon
|-supereffective|p1a: Hydreigon
|-damage|p1a: Hydreigon|0 fnt
|faint|p1a: Hydreigon
|
|-heal|p2a: Clefable|66/100|[from] item: Leftovers
|upkeep
|-message|GuardArc forfeited.
|
|win|Arundrago
