|j|☆tanggy
|j|☆PedroGrug
|t:|1607916695
|player|p1|tanggy|pokemonrangerf-gen4|1585
|player|p2|PedroGrug|lyra|1656
|teamsize|p1|6
|teamsize|p2|6
|gametype|singles
|gen|8
|tier|[Gen 8] OU
|rated|
|clearpoke
|poke|p1|Spectrier|
|poke|p1|Melmetal|
|poke|p1|Toxapex, M|
|poke|p1|Heatran, M|
|poke|p1|Landorus-Therian, M|
|poke|p1|Mandibuzz, F|
|poke|p2|Cinderace, F|
|poke|p2|Garchomp, M|
|poke|p2|Tornadus-Therian, M|
|poke|p2|Vaporeon, M|
|poke|p2|Melmetal|
|poke|p2|Tapu Koko|
|rule|Sleep Clause Mod: Limit one foe put to sleep
|rule|Species Clause: Limit one of each Pokémon
|rule|OHKO Clause: OHKO moves are banned
|rule|Evasion Moves Clause: Evasion moves are banned
|rule|Endless Battle Clause: Forcing endless battles is banned
|rule|HP Percentage Mod: HP is shown in percentages
|rule|Dynamax Clause: You cannot dynamax
|teampreview
|inactive|Battle timer is ON: inactive players will automatically lose when time's up. (requested by tanggy)
|
|t:|1607916706
|start
|switch|p1a: Landorus|Landorus-Therian, M|100/100
|switch|p2a: Garchomp|Garchomp, M|100/100
|-ability|p1a: Landorus|Intimidate|boost
|-unboost|p2a: Garchomp|atk|1
|turn|1
|
|t:|1607916715
|switch|p1a: Mandibuzz|Mandibuzz, F|100/100
|move|p2a: Garchomp|Toxic|p1a: Mandibuzz
|-status|p1a: Mandibuzz|tox
|
|-damage|p1a: Mandibuzz|94/100 tox|[from] psn
|upkeep
|turn|2
|
|t:|1607916723
|switch|p1a: Landorus|Landorus-Therian, M|100/100
|-ability|p1a: Landorus|Intimidate|boost
|-unboost|p2a: Garchomp|atk|1
|move|p2a: Garchomp|Stealth Rock|p1a: Landorus
|-sidestart|p1: tanggy|move: Stealth Rock
|
|upkeep
|turn|3
|
|t:|1607916731
|switch|p1a: Toxapex|Toxapex, M|100/100
|-damage|p1a: Toxapex|88/100|[from] Stealth Rock
|move|p2a: Garchomp|Toxic|p1a: Toxapex
|-immune|p1a: Toxapex
|
|upkeep
|turn|4
|
|t:|1607916738
|switch|p2a: Tapu Koko|Tapu Koko|100/100
|-fieldstart|move: Electric Terrain|[from] ability: Electric Surge|[of] p2a: Tapu Koko
|move|p1a: Toxapex|Toxic|p2a: Tapu Koko
|-status|p2a: Tapu Koko|tox
|
|-damage|p2a: Tapu Koko|94/100 tox|[from] psn
|upkeep
|turn|5
|
|t:|1607916749
|switch|p2a: Garchomp|Garchomp, M|100/100
|switch|p1a: Heatran|Heatran, M|100/100
|-damage|p1a: Heatran|88/100|[from] Stealth Rock
|
|-heal|p1a: Heatran|94/100|[from] item: Leftovers
|upkeep
|turn|6
|
|t:|1607916755
|switch|p1a: Landorus|Landorus-Therian, M|100/100
|-damage|p1a: Landorus|88/100|[from] Stealth Rock
|-ability|p1a: Landorus|Intimidate|boost
|-unboost|p2a: Garchomp|atk|1
|move|p2a: Garchomp|Earthquake|p1a: Landorus
|-immune|p1a: Landorus
|
|upkeep
|turn|7
|
|t:|1607916759
|move|p1a: Landorus|Stealth Rock|p2a: Garchomp
|-sidestart|p2: PedroGrug|move: Stealth Rock
|move|p2a: Garchomp|Toxic|p1a: Landorus
|-status|p1a: Landorus|tox
|
|-damage|p1a: Landorus|82/100 tox|[from] psn
|upkeep
|turn|8
|
|t:|1607916768
|switch|p1a: Toxapex|Toxapex, M|100/100
|-damage|p1a: Toxapex|88/100|[from] Stealth Rock
|switch|p2a: Tornadus|Tornadus-Therian, M|100/100
|
|-fieldend|move: Electric Terrain
|upkeep
|turn|9
|
|t:|1607916775
|move|p2a: Tornadus|Knock Off|p1a: Toxapex
|-damage|p1a: Toxapex|76/100
|-damage|p2a: Tornadus|84/100|[from] item: Rocky Helmet|[of] p1a: Toxapex
|-enditem|p1a: Toxapex|Rocky Helmet|[from] move: Knock Off|[of] p2a: Tornadus
|move|p1a: Toxapex|Knock Off|p2a: Tornadus
|-damage|p2a: Tornadus|68/100
|-enditem|p2a: Tornadus|Heavy-Duty Boots|[from] move: Knock Off|[of] p1a: Toxapex
|
|upkeep
|turn|10
|
|t:|1607916781
|move|p2a: Tornadus|U-turn|p1a: Toxapex
|-resisted|p1a: Toxapex
|-damage|p1a: Toxapex|72/100
|
|t:|1607916790
|switch|p2a: Tapu Koko|Tapu Koko|94/100 tox|[from]move: U-turn
|-damage|p2a: Tapu Koko|82/100 tox|[from] Stealth Rock
|-fieldstart|move: Electric Terrain|[from] ability: Electric Surge|[of] p2a: Tapu Koko
|move|p1a: Toxapex|Toxic Spikes|p2a: Tapu Koko
|-sidestart|p2: PedroGrug|move: Toxic Spikes
|
|-damage|p2a: Tapu Koko|76/100 tox|[from] psn
|upkeep
|turn|11
|
|t:|1607916798
|switch|p1a: Heatran|Heatran, M|94/100
|-damage|p1a: Heatran|82/100|[from] Stealth Rock
|move|p2a: Tapu Koko|Volt Switch|p1a: Heatran
|-damage|p1a: Heatran|52/100
|-damage|p2a: Tapu Koko|66/100 tox|[from] item: Life Orb
|
|t:|1607916817
|switch|p2a: Tornadus|Tornadus-Therian, M|100/100|[from]move: Volt Switch
|-damage|p2a: Tornadus|76/100|[from] Stealth Rock
|
|-heal|p1a: Heatran|58/100|[from] item: Leftovers
|upkeep
|turn|12
|
|t:|1607916820
|switch|p1a: Toxapex|Toxapex, M|100/100
|-damage|p1a: Toxapex|88/100|[from] Stealth Rock
|move|p2a: Tornadus|Knock Off|p1a: Toxapex
|-damage|p1a: Toxapex|80/100
|
|upkeep
|turn|13
|
|t:|1607916825
|move|p2a: Tornadus|Hurricane|p1a: Toxapex
|-damage|p1a: Toxapex|44/100
|move|p1a: Toxapex|Toxic|p2a: Tornadus
|-status|p2a: Tornadus|tox
|
|-damage|p2a: Tornadus|70/100 tox|[from] psn
|upkeep
|turn|14
|
|t:|1607916832
|move|p2a: Tornadus|U-turn|p1a: Toxapex
|-resisted|p1a: Toxapex
|-damage|p1a: Toxapex|40/100
|
|t:|1607916837
|switch|p2a: Cinderace|Cinderace, F|100/100|[from]move: U-turn
|move|p1a: Toxapex|Recover|p1a: Toxapex
|-heal|p1a: Toxapex|90/100
|
|-fieldend|move: Electric Terrain
|upkeep
|turn|15
|
|t:|1607916849
|switch|p2a: Tornadus|Tornadus-Therian, M|100/100 tox
|-damage|p2a: Tornadus|76/100 tox|[from] Stealth Rock
|move|p1a: Toxapex|Toxic|p2a: Tornadus
|-fail|p2a: Tornadus|tox
|
|-damage|p2a: Tornadus|70/100 tox|[from] psn
|upkeep
|turn|16
|
|t:|1607916855
|move|p2a: Tornadus|Defog|p1a: Toxapex
|-unboost|p1a: Toxapex|evasion|1
|-sideend|p1: tanggy|Stealth Rock|[from] move: Defog|[of] p2a: Tornadus
|-sideend|p2: PedroGrug|Toxic Spikes|[from] move: Defog|[of] p2a: Tornadus
|-sideend|p2: PedroGrug|Stealth Rock|[from] move: Defog|[of] p2a: Tornadus
|move|p1a: Toxapex|Knock Off|p2a: Tornadus
|-damage|p2a: Tornadus|58/100 tox
|
|-damage|p2a: Tornadus|46/100 tox|[from] psn
|upkeep
|turn|17
|
|t:|1607916861
|move|p2a: Tornadus|U-turn|p1a: Toxapex
|-resisted|p1a: Toxapex
|-damage|p1a: Toxapex|86/100
|
|t:|1607916866
|switch|p2a: Garchomp|Garchomp, M|100/100|[from]move: U-turn
|move|p1a: Toxapex|Knock Off|p2a: Garchomp
|-damage|p2a: Garchomp|87/100
|-damage|p1a: Toxapex|73/100|[from] ability: Rough Skin|[of] p2a: Garchomp
|-damage|p1a: Toxapex|57/100|[from] item: Rocky Helmet|[of] p2a: Garchomp
|-enditem|p2a: Garchomp|Rocky Helmet|[from] move: Knock Off|[of] p1a: Toxapex
|
|upkeep
|turn|18
|
|t:|1607916876
|move|p2a: Garchomp|Stealth Rock|p1a: Toxapex
|-sidestart|p1: tanggy|move: Stealth Rock
|move|p1a: Toxapex|Toxic Spikes|p2a: Garchomp
|-sidestart|p2: PedroGrug|move: Toxic Spikes
|
|upkeep
|turn|19
|
|t:|1607916880
|switch|p1a: Mandibuzz|Mandibuzz, F|94/100 tox
|move|p2a: Garchomp|Fire Blast|p1a: Mandibuzz
|-damage|p1a: Mandibuzz|80/100 tox
|
|-damage|p1a: Mandibuzz|74/100 tox|[from] psn
|upkeep
|turn|20
|
|t:|1607916890
|switch|p2a: Tornadus|Tornadus-Therian, M|79/100 tox
|move|p1a: Mandibuzz|Roost|p1a: Mandibuzz
|-heal|p1a: Mandibuzz|100/100 tox
|-singleturn|p1a: Mandibuzz|move: Roost
|
|-damage|p2a: Tornadus|73/100 tox|[from] psn
|-damage|p1a: Mandibuzz|88/100 tox|[from] psn
|upkeep
|turn|21
|
|t:|1607916894
|switch|p1a: Toxapex|Toxapex, M|90/100
|-damage|p1a: Toxapex|78/100|[from] Stealth Rock
|move|p2a: Tornadus|U-turn|p1a: Toxapex
|-resisted|p1a: Toxapex
|-damage|p1a: Toxapex|74/100
|
|t:|1607916900
|switch|p2a: Cinderace|Cinderace, F|100/100|[from]move: U-turn
|
|upkeep
|turn|22
|
|t:|1607916907
|switch|p1a: Mandibuzz|Mandibuzz, F|88/100 tox
|move|p2a: Cinderace|U-turn|p1a: Mandibuzz
|-start|p2a: Cinderace|typechange|Bug|[from] ability: Libero
|-damage|p1a: Mandibuzz|68/100 tox
|
|t:|1607916916
|switch|p2a: Melmetal|Melmetal|100/100|[from]move: U-turn
|
|-damage|p1a: Mandibuzz|61/100 tox|[from] psn
|upkeep
|turn|23
|
|t:|1607916920
|switch|p1a: Melmetal|Melmetal|100/100
|-damage|p1a: Melmetal|94/100|[from] Stealth Rock
|move|p2a: Melmetal|Double Iron Bash|p1a: Melmetal
|-resisted|p1a: Melmetal
|-damage|p1a: Melmetal|81/100
|-resisted|p1a: Melmetal
|-damage|p1a: Melmetal|69/100
|-hitcount|p1a: Melmetal|2
|
|-heal|p1a: Melmetal|75/100|[from] item: Leftovers
|upkeep
|turn|24
|
|t:|1607916928
|move|p1a: Melmetal|Protect|p1a: Melmetal
|-singleturn|p1a: Melmetal|Protect
|move|p2a: Melmetal|Earthquake|p1a: Melmetal
|-activate|p1a: Melmetal|move: Protect
|
|-heal|p1a: Melmetal|81/100|[from] item: Leftovers
|upkeep
|turn|25
|
|t:|1607916938
|switch|p1a: Toxapex|Toxapex, M|100/100
|-damage|p1a: Toxapex|88/100|[from] Stealth Rock
|move|p2a: Melmetal|Earthquake|p1a: Toxapex
|-supereffective|p1a: Toxapex
|-damage|p1a: Toxapex|36/100
|
|upkeep
|turn|26
|
|t:|1607916946
|switch|p1a: Landorus|Landorus-Therian, M|82/100 tox
|-damage|p1a: Landorus|70/100 tox|[from] Stealth Rock
|-ability|p1a: Landorus|Intimidate|boost
|-unboost|p2a: Melmetal|atk|1
|move|p2a: Melmetal|Double Iron Bash|p1a: Landorus
|-damage|p1a: Landorus|38/100 tox
|-damage|p1a: Landorus|6/100 tox
|-hitcount|p1a: Landorus|2
|
|-damage|p1a: Landorus|0 fnt|[from] psn
|faint|p1a: Landorus
|upkeep
|
|t:|1607916955
|switch|p1a: Spectrier|Spectrier|100/100
|-damage|p1a: Spectrier|88/100|[from] Stealth Rock
|turn|27
|
|t:|1607916961
|move|p1a: Spectrier|Will-O-Wisp|p2a: Melmetal
|-status|p2a: Melmetal|brn
|move|p2a: Melmetal|Double Iron Bash|p1a: Spectrier
|-crit|p1a: Spectrier
|-damage|p1a: Spectrier|42/100
|-damage|p1a: Spectrier|21/100
|-hitcount|p1a: Spectrier|2
|
|-heal|p1a: Spectrier|27/100|[from] item: Leftovers
|-damage|p2a: Melmetal|94/100 brn|[from] brn
|upkeep
|turn|28
|
|t:|1607916974
|switch|p1a: Toxapex|Toxapex, M|69/100
|-damage|p1a: Toxapex|57/100|[from] Stealth Rock
|move|p2a: Melmetal|Double Iron Bash|p1a: Toxapex
|-resisted|p1a: Toxapex
|-damage|p1a: Toxapex|52/100
|-resisted|p1a: Toxapex
|-damage|p1a: Toxapex|48/100
|-hitcount|p1a: Toxapex|2
|
|-heal|p2a: Melmetal|100/100 brn|[from] item: Leftovers
|-damage|p2a: Melmetal|94/100 brn|[from] brn
|upkeep
|turn|29
|
|t:|1607916984
|switch|p2a: Vaporeon|Vaporeon, M|100/100
|-status|p2a: Vaporeon|psn
|move|p1a: Toxapex|Recover|p1a: Toxapex
|-heal|p1a: Toxapex|98/100
|
|-damage|p2a: Vaporeon|88/100 psn|[from] psn
|upkeep
|turn|30
|
|t:|1607916990
|move|p2a: Vaporeon|Heal Bell|p2a: Vaporeon
|-activate|p2a: Vaporeon|move: Heal Bell
|-curestatus|p2a: Vaporeon|psn|[msg]
|-curestatus|p2: Tornadus|tox|[msg]
|-curestatus|p2: Melmetal|brn|[msg]
|-curestatus|p2: Tapu Koko|tox|[msg]
|move|p1a: Toxapex|Toxic|p2a: Vaporeon
|-status|p2a: Vaporeon|tox
|
|-heal|p2a: Vaporeon|94/100 tox|[from] item: Leftovers
|-damage|p2a: Vaporeon|88/100 tox|[from] psn
|upkeep
|turn|31
|
|t:|1607916998
|switch|p2a: Tornadus|Tornadus-Therian, M|100/100
|move|p1a: Toxapex|Knock Off|p2a: Tornadus
|-damage|p2a: Tornadus|88/100
|
|upkeep
|turn|32
|
|t:|1607917004
|move|p2a: Tornadus|Hurricane|p1a: Toxapex
|-damage|p1a: Toxapex|62/100
|move|p1a: Toxapex|Toxic Spikes|p2a: Tornadus
|-sidestart|p2: PedroGrug|move: Toxic Spikes
|
|upkeep
|turn|33
|
|t:|1607917013
|move|p2a: Tornadus|Defog|p1a: Toxapex
|-unboost|p1a: Toxapex|evasion|1
|-sideend|p1: tanggy|Stealth Rock|[from] move: Defog|[of] p2a: Tornadus
|-sideend|p2: PedroGrug|Toxic Spikes|[from] move: Defog|[of] p2a: Tornadus
|move|p1a: Toxapex|Recover|p1a: Toxapex
|-heal|p1a: Toxapex|100/100
|
|upkeep
|turn|34
|
|t:|1607917019
|move|p2a: Tornadus|U-turn|p1a: Toxapex
|-resisted|p1a: Toxapex
|-damage|p1a: Toxapex|96/100
|
|t:|1607917021
|switch|p2a: Garchomp|Garchomp, M|87/100|[from]move: U-turn
|move|p1a: Toxapex|Toxic Spikes|p2a: Garchomp
|-sidestart|p2: PedroGrug|move: Toxic Spikes
|
|upkeep
|turn|35
|
|t:|1607917025
|move|p2a: Garchomp|Stealth Rock|p1a: Toxapex
|-sidestart|p1: tanggy|move: Stealth Rock
|move|p1a: Toxapex|Toxic|p2a: Garchomp
|-status|p2a: Garchomp|tox
|
|-damage|p2a: Garchomp|81/100 tox|[from] psn
|upkeep
|turn|36
|
|t:|1607917029
|move|p2a: Garchomp|Earthquake|p1a: Toxapex
|-supereffective|p1a: Toxapex
|-damage|p1a: Toxapex|46/100
|move|p1a: Toxapex|Recover|p1a: Toxapex
|-heal|p1a: Toxapex|97/100
|
|-damage|p2a: Garchomp|69/100 tox|[from] psn
|upkeep
|turn|37
|
|t:|1607917042
|switch|p2a: Vaporeon|Vaporeon, M|88/100 tox
|switch|p1a: Mandibuzz|Mandibuzz, F|61/100 tox
|
|-heal|p2a: Vaporeon|94/100 tox|[from] item: Leftovers
|-damage|p1a: Mandibuzz|55/100 tox|[from] psn
|-damage|p2a: Vaporeon|88/100 tox|[from] psn
|upkeep
|turn|38
|
|t:|1607917050
|move|p1a: Mandibuzz|Roost|p1a: Mandibuzz
|-heal|p1a: Mandibuzz|100/100 tox
|-singleturn|p1a: Mandibuzz|move: Roost
|move|p2a: Vaporeon|Heal Bell|p2a: Vaporeon
|-activate|p2a: Vaporeon|move: Heal Bell
|-curestatus|p2a: Vaporeon|tox|[msg]
|-curestatus|p2: Garchomp|tox|[msg]
|
|-heal|p2a: Vaporeon|94/100|[from] item: Leftovers
|-damage|p1a: Mandibuzz|88/100 tox|[from] psn
|upkeep
|turn|39
|
|t:|1607917057
|move|p1a: Mandibuzz|U-turn|p2a: Vaporeon
|-damage|p2a: Vaporeon|85/100
|
|t:|1607917059
|switch|p1a: Toxapex|Toxapex, M|100/100|[from]move: U-turn
|-damage|p1a: Toxapex|88/100|[from] Stealth Rock
|move|p2a: Vaporeon|Wish|p2a: Vaporeon
|
|-heal|p2a: Vaporeon|92/100|[from] item: Leftovers
|upkeep
|turn|40
|
|t:|1607917073
|switch|p2a: Garchomp|Garchomp, M|69/100
|-status|p2a: Garchomp|psn
|switch|p1a: Melmetal|Melmetal|81/100
|-damage|p1a: Melmetal|75/100|[from] Stealth Rock
|
|-heal|p2a: Garchomp|100/100 psn|[from] move: Wish|[wisher] Vaporeon
|-heal|p1a: Melmetal|81/100|[from] item: Leftovers
|-damage|p2a: Garchomp|88/100 psn|[from] psn
|upkeep
|turn|41
|
|t:|1607917084
|move|p1a: Melmetal|Protect|p1a: Melmetal
|-singleturn|p1a: Melmetal|Protect
|move|p2a: Garchomp|Earthquake|p1a: Melmetal
|-activate|p1a: Melmetal|move: Protect
|
|-heal|p1a: Melmetal|87/100|[from] item: Leftovers
|-damage|p2a: Garchomp|76/100 psn|[from] psn
|upkeep
|turn|42
|
|t:|1607917089
|move|p2a: Garchomp|Earthquake|p1a: Melmetal
|-supereffective|p1a: Melmetal
|-damage|p1a: Melmetal|33/100
|move|p1a: Melmetal|Earthquake|p2a: Garchomp
|-crit|p2a: Garchomp
|-damage|p2a: Garchomp|22/100 psn
|
|-heal|p1a: Melmetal|39/100|[from] item: Leftovers
|-damage|p2a: Garchomp|9/100 psn|[from] psn
|upkeep
|turn|43
|
|t:|1607917102
|move|p2a: Garchomp|Earthquake|p1a: Melmetal
|-supereffective|p1a: Melmetal
|-damage|p1a: Melmetal|0 fnt
|faint|p1a: Melmetal
|
|-damage|p2a: Garchomp|0 fnt|[from] psn
|faint|p2a: Garchomp
|upkeep
|
|t:|1607917111
|switch|p2a: Cinderace|Cinderace, F|100/100
|switch|p1a: Heatran|Heatran, M|58/100
|-damage|p1a: Heatran|46/100|[from] Stealth Rock
|turn|44
|
|t:|1607917119
|move|p2a: Cinderace|U-turn|p1a: Heatran
|-start|p2a: Cinderace|typechange|Bug|[from] ability: Libero
|-resisted|p1a: Heatran
|-damage|p1a: Heatran|38/100
|
|t:|1607917127
|switch|p2a: Tornadus|Tornadus-Therian, M|100/100|[from]move: U-turn
|move|p1a: Heatran|Magma Storm|p2a: Tornadus
|-damage|p2a: Tornadus|59/100
|-activate|p2a: Tornadus|move: Magma Storm|[of] p1a: Heatran
|
|-heal|p1a: Heatran|45/100|[from] item: Leftovers
|-damage|p2a: Tornadus|47/100|[from] move: Magma Storm|[partiallytrapped]
|upkeep
|turn|45
|
|t:|1607917133
|switch|p1a: Toxapex|Toxapex, M|100/100
|-damage|p1a: Toxapex|88/100|[from] Stealth Rock
|move|p2a: Tornadus|U-turn|p1a: Toxapex
|-resisted|p1a: Toxapex
|-damage|p1a: Toxapex|84/100
|
|t:|1607917143
|switch|p2a: Tapu Koko|Tapu Koko|66/100|[from]move: U-turn
|-status|p2a: Tapu Koko|psn
|-fieldstart|move: Electric Terrain|[from] ability: Electric Surge|[of] p2a: Tapu Koko
|
|-damage|p2a: Tapu Koko|54/100 psn|[from] psn
|upkeep
|turn|46
|
|t:|1607917149
|move|p2a: Tapu Koko|Volt Switch|p1a: Toxapex
|-supereffective|p1a: Toxapex
|-damage|p1a: Toxapex|0 fnt
|-damage|p2a: Tapu Koko|44/100 psn|[from] item: Life Orb
|faint|p1a: Toxapex
|-message|tanggy forfeited.
|
|win|PedroGrug
|l|☆tanggy
|raw|tanggy's rating: 1585 &rarr; <strong>1571</strong><br />(-14 for losing)
|raw|PedroGrug's rating: 1679 &rarr; <strong>1694</strong><br />(+15 for winning)
