|j|☆Mahashate
|j|☆cute pink team
|t:|1668048431
|gametype|singles
|player|p1|Mahashate|169|1652
|player|p2|cute pink team|misty-gen1|1815
|teamsize|p1|6
|teamsize|p2|6
|gen|8
|tier|[Gen 8] OU
|rated|
|rule|Sleep Clause Mod: Limit one foe put to sleep
|rule|Species Clause: Limit one of each Pokémon
|rule|OHKO Clause: OHKO moves are banned
|rule|Evasion Items Clause: Evasion items are banned
|rule|Evasion Moves Clause: Evasion moves are banned
|rule|Endless Battle Clause: Forcing endless battles is banned
|rule|HP Percentage Mod: HP is shown in percentages
|rule|Dynamax Clause: You cannot dynamax
|clearpoke
|poke|p1|Slowking-Galar, M|
|poke|p1|Tyranitar, M|
|poke|p1|Landorus-Therian, M|
|poke|p1|Ferrothorn, F|
|poke|p1|Dragapult, F|
|poke|p1|Blacephalon|
|poke|p2|Blissey, F|
|poke|p2|Toxapex, M|
|poke|p2|Quagsire, F|
|poke|p2|Slowking-Galar, M|
|poke|p2|Corviknight, F|
|poke|p2|Zapdos|
|teampreview
|inactive|Battle timer is ON: inactive players will automatically lose when time's up. (requested by Mahashate)
|j| Burnt Bright
|j| DragonBay
|
|t:|1668048453
|start
|switch|p1a: Blacephalon|Blacephalon|100/100
|switch|p2a: Slowking|Slowking-Galar, M|100/100
|turn|1
|
|t:|1668048459
|switch|p1a: Tyranitar|Tyranitar, M|100/100
|-weather|Sandstorm|[from] ability: Sand Stream|[of] p1a: Tyranitar
|move|p2a: Slowking|Scald|p1a: Tyranitar
|-supereffective|p1a: Tyranitar
|-damage|p1a: Tyranitar|85/100
|
|-weather|Sandstorm|[upkeep]
|-damage|p2a: Slowking|94/100|[from] Sandstorm
|upkeep
|turn|2
|
|t:|1668048462
|switch|p1a: Blacephalon|Blacephalon|100/100
|switch|p2a: Toxapex|Toxapex, M|100/100
|
|-weather|Sandstorm|[upkeep]
|-damage|p1a: Blacephalon|94/100|[from] Sandstorm
|-damage|p2a: Toxapex|94/100|[from] Sandstorm
|-heal|p2a: Toxapex|100/100|[from] item: Black Sludge
|upkeep
|turn|3
|
|t:|1668048471
|switch|p2a: Slowking|Slowking-Galar, M|100/100
|move|p1a: Blacephalon|Trick|p2a: Slowking
|-activate|p1a: Blacephalon|move: Trick|[of] p2a: Slowking
|-item|p2a: Slowking|Choice Scarf|[from] move: Trick
|-item|p1a: Blacephalon|Assault Vest|[from] move: Trick
|
|-weather|Sandstorm|[upkeep]
|-damage|p1a: Blacephalon|88/100|[from] Sandstorm
|-damage|p2a: Slowking|94/100|[from] Sandstorm
|upkeep
|turn|4
|
|t:|1668048479
|move|p1a: Blacephalon|Shadow Ball|p2a: Slowking
|-supereffective|p2a: Slowking
|-damage|p2a: Slowking|40/100
|move|p2a: Slowking|Scald|p1a: Blacephalon
|-supereffective|p1a: Blacephalon
|-damage|p1a: Blacephalon|40/100
|
|-weather|Sandstorm|[upkeep]
|-damage|p1a: Blacephalon|34/100|[from] Sandstorm
|-damage|p2a: Slowking|33/100|[from] Sandstorm
|upkeep
|turn|5
|
|t:|1668048484
|switch|p1a: Ferrothorn|Ferrothorn, F|100/100
|switch|p2a: Blissey|Blissey, F|100/100
|
|-weather|none
|upkeep
|turn|6
|
|t:|1668048491
|switch|p2a: Slowking|Slowking-Galar, M|67/100
|switch|p1a: Slowking|Slowking-Galar, M|100/100
|
|upkeep
|turn|7
|
|t:|1668048495
|move|p2a: Slowking|Scald|p1a: Slowking
|-damage|p1a: Slowking|86/100
|move|p1a: Slowking|Nasty Plot|p1a: Slowking
|-boost|p1a: Slowking|spa|2
|
|-heal|p1a: Slowking|92/100|[from] item: Black Sludge
|upkeep
|turn|8
|
|t:|1668048499
|switch|p2a: Quagsire|Quagsire, F|100/100
|move|p1a: Slowking|Nasty Plot|p1a: Slowking
|-boost|p1a: Slowking|spa|2
|
|-heal|p1a: Slowking|98/100|[from] item: Black Sludge
|upkeep
|turn|9
|
|t:|1668048502
|move|p2a: Quagsire|Earthquake|p1a: Slowking
|-supereffective|p1a: Slowking
|-damage|p1a: Slowking|58/100
|move|p1a: Slowking|Trick|p2a: Quagsire
|-activate|p1a: Slowking|move: Trick|[of] p2a: Quagsire
|-item|p2a: Quagsire|Black Sludge|[from] move: Trick
|-item|p1a: Slowking|Leftovers|[from] move: Trick
|
|-damage|p2a: Quagsire|88/100|[from] item: Black Sludge
|-heal|p1a: Slowking|64/100|[from] item: Leftovers
|upkeep
|turn|10
|
|t:|1668048506
|move|p2a: Quagsire|Earthquake|p1a: Slowking
|-supereffective|p1a: Slowking
|-damage|p1a: Slowking|18/100
|move|p1a: Slowking|Sludge Bomb|p2a: Quagsire
|-resisted|p2a: Quagsire
|-damage|p2a: Quagsire|68/100
|-status|p2a: Quagsire|psn
|
|-damage|p2a: Quagsire|56/100 psn|[from] item: Black Sludge
|-heal|p1a: Slowking|24/100|[from] item: Leftovers
|-damage|p2a: Quagsire|43/100 psn|[from] psn
|upkeep
|turn|11
|
|t:|1668048513
|switch|p2a: Zapdos|Zapdos|100/100
|-ability|p2a: Zapdos|Pressure
|switch|p1a: Ferrothorn|Ferrothorn, F|100/100
|
|upkeep
|turn|12
|
|t:|1668048517
|switch|p1a: Tyranitar|Tyranitar, M|85/100
|-weather|Sandstorm|[from] ability: Sand Stream|[of] p1a: Tyranitar
|move|p2a: Zapdos|Substitute|p2a: Zapdos
|-start|p2a: Zapdos|Substitute
|-damage|p2a: Zapdos|76/100
|
|-weather|Sandstorm|[upkeep]
|-damage|p2a: Zapdos|69/100|[from] Sandstorm
|-heal|p2a: Zapdos|76/100|[from] item: Leftovers
|upkeep
|turn|13
|
|t:|1668048520
|move|p2a: Zapdos|Roost|p2a: Zapdos
|-heal|p2a: Zapdos|100/100
|-singleturn|p2a: Zapdos|move: Roost
|move|p1a: Tyranitar|Rock Slide|p2a: Zapdos
|-end|p2a: Zapdos|Substitute
|
|-weather|Sandstorm|[upkeep]
|-damage|p2a: Zapdos|94/100|[from] Sandstorm
|-heal|p2a: Zapdos|100/100|[from] item: Leftovers
|upkeep
|turn|14
|
|t:|1668048524
|switch|p1a: Slowking|Slowking-Galar, M|57/100
|move|p2a: Zapdos|Substitute|p2a: Zapdos
|-start|p2a: Zapdos|Substitute
|-damage|p2a: Zapdos|76/100
|
|-weather|Sandstorm|[upkeep]
|-damage|p2a: Zapdos|69/100|[from] Sandstorm
|-damage|p1a: Slowking|51/100|[from] Sandstorm
|-heal|p2a: Zapdos|76/100|[from] item: Leftovers
|-heal|p1a: Slowking|57/100|[from] item: Leftovers
|upkeep
|turn|15
|
|t:|1668048528
|move|p2a: Zapdos|Charge Beam|p1a: Slowking
|-damage|p1a: Slowking|33/100
|-boost|p2a: Zapdos|spa|1
|move|p1a: Slowking|Ice Beam|p2a: Zapdos
|-supereffective|p2a: Zapdos
|-end|p2a: Zapdos|Substitute
|
|-weather|Sandstorm|[upkeep]
|-damage|p2a: Zapdos|69/100|[from] Sandstorm
|-damage|p1a: Slowking|27/100|[from] Sandstorm
|-heal|p2a: Zapdos|76/100|[from] item: Leftovers
|-heal|p1a: Slowking|33/100|[from] item: Leftovers
|upkeep
|turn|16
|
|t:|1668048533
|move|p2a: Zapdos|Substitute|p2a: Zapdos
|-start|p2a: Zapdos|Substitute
|-damage|p2a: Zapdos|51/100
|move|p1a: Slowking|Sludge Bomb|p2a: Zapdos
|-end|p2a: Zapdos|Substitute
|
|-weather|none
|-heal|p2a: Zapdos|57/100|[from] item: Leftovers
|-heal|p1a: Slowking|40/100|[from] item: Leftovers
|upkeep
|turn|17
|
|t:|1668048537
|switch|p1a: Dragapult|Dragapult, F|100/100
|move|p2a: Zapdos|Hurricane|p1a: Dragapult
|-damage|p1a: Dragapult|0 fnt
|faint|p1a: Dragapult
|
|-heal|p2a: Zapdos|63/100|[from] item: Leftovers
|upkeep
|
|t:|1668048541
|switch|p1a: Blacephalon|Blacephalon|34/100
|turn|18
|
|t:|1668048544
|switch|p2a: Blissey|Blissey, F|100/100
|move|p1a: Blacephalon|Flamethrower|p2a: Blissey
|-damage|p2a: Blissey|86/100
|
|upkeep
|turn|19
|
|t:|1668048548
|switch|p1a: Slowking|Slowking-Galar, M|73/100
|move|p2a: Blissey|Stealth Rock|p1a: Slowking
|-sidestart|p1: Mahashate|move: Stealth Rock
|
|-heal|p1a: Slowking|79/100|[from] item: Leftovers
|upkeep
|turn|20
|
|t:|1668048557
|move|p2a: Blissey|Seismic Toss|p1a: Slowking
|-damage|p1a: Slowking|54/100
|move|p1a: Slowking|Nasty Plot|p1a: Slowking
|-boost|p1a: Slowking|spa|2
|
|-heal|p1a: Slowking|60/100|[from] item: Leftovers
|upkeep
|turn|21
|
|t:|1668048576
|move|p2a: Blissey|Seismic Toss|p1a: Slowking
|-damage|p1a: Slowking|34/100
|move|p1a: Slowking|Sludge Bomb|p2a: Blissey
|-damage|p2a: Blissey|67/100
|
|-heal|p1a: Slowking|40/100|[from] item: Leftovers
|upkeep
|turn|22
|
|t:|1668048587
|move|p2a: Blissey|Seismic Toss|p1a: Slowking
|-damage|p1a: Slowking|15/100
|move|p1a: Slowking|Sludge Bomb|p2a: Blissey
|-damage|p2a: Blissey|48/100
|
|-heal|p1a: Slowking|21/100|[from] item: Leftovers
|upkeep
|turn|23
|
|t:|1668048593
|switch|p2a: Zapdos|Zapdos|63/100
|-ability|p2a: Zapdos|Pressure
|switch|p1a: Landorus|Landorus-Therian, M|100/100
|-damage|p1a: Landorus|88/100|[from] Stealth Rock
|-ability|p1a: Landorus|Intimidate|boost
|-unboost|p2a: Zapdos|atk|1
|
|-heal|p2a: Zapdos|69/100|[from] item: Leftovers
|-heal|p1a: Landorus|94/100|[from] item: Leftovers
|upkeep
|turn|24
|
|t:|1668048596
|move|p2a: Zapdos|Substitute|p2a: Zapdos
|-start|p2a: Zapdos|Substitute
|-damage|p2a: Zapdos|44/100
|move|p1a: Landorus|Defog|p2a: Zapdos
|-sideend|p1: Mahashate|Stealth Rock|[from] move: Defog|[of] p1a: Landorus
|
|-heal|p2a: Zapdos|51/100|[from] item: Leftovers
|-heal|p1a: Landorus|99/100|[from] item: Leftovers
|upkeep
|turn|25
|
|t:|1668048599
|switch|p1a: Tyranitar|Tyranitar, M|85/100
|-weather|Sandstorm|[from] ability: Sand Stream|[of] p1a: Tyranitar
|move|p2a: Zapdos|Hurricane|p1a: Tyranitar
|-resisted|p1a: Tyranitar
|-damage|p1a: Tyranitar|73/100
|
|-weather|Sandstorm|[upkeep]
|-damage|p2a: Zapdos|44/100|[from] Sandstorm
|-heal|p2a: Zapdos|51/100|[from] item: Leftovers
|upkeep
|turn|26
|
|t:|1668048602
|move|p2a: Zapdos|Roost|p2a: Zapdos
|-heal|p2a: Zapdos|100/100
|-singleturn|p2a: Zapdos|move: Roost
|move|p1a: Tyranitar|Rock Slide|p2a: Zapdos
|-end|p2a: Zapdos|Substitute
|
|-weather|Sandstorm|[upkeep]
|-damage|p2a: Zapdos|94/100|[from] Sandstorm
|-heal|p2a: Zapdos|100/100|[from] item: Leftovers
|upkeep
|turn|27
|
|t:|1668048605
|move|p2a: Zapdos|Substitute|p2a: Zapdos
|-start|p2a: Zapdos|Substitute
|-damage|p2a: Zapdos|76/100
|move|p1a: Tyranitar|Crunch|p2a: Zapdos
|-end|p2a: Zapdos|Substitute
|
|-weather|Sandstorm|[upkeep]
|-damage|p2a: Zapdos|69/100|[from] Sandstorm
|-heal|p2a: Zapdos|76/100|[from] item: Leftovers
|upkeep
|turn|28
|
|t:|1668048610
|move|p2a: Zapdos|Substitute|p2a: Zapdos
|-start|p2a: Zapdos|Substitute
|-damage|p2a: Zapdos|51/100
|move|p1a: Tyranitar|Crunch|p2a: Zapdos
|-end|p2a: Zapdos|Substitute
|
|-weather|Sandstorm|[upkeep]
|-damage|p2a: Zapdos|44/100|[from] Sandstorm
|-heal|p2a: Zapdos|51/100|[from] item: Leftovers
|upkeep
|turn|29
|
|t:|1668048615
|move|p2a: Zapdos|Roost|p2a: Zapdos
|-heal|p2a: Zapdos|100/100
|-singleturn|p2a: Zapdos|move: Roost
|move|p1a: Tyranitar|Ice Punch|p2a: Zapdos
|-damage|p2a: Zapdos|66/100
|
|-weather|none
|-heal|p2a: Zapdos|72/100|[from] item: Leftovers
|upkeep
|turn|30
|
|t:|1668048620
|switch|p2a: Toxapex|Toxapex, M|100/100
|move|p1a: Tyranitar|Ice Punch|p2a: Toxapex
|-resisted|p2a: Toxapex
|-damage|p2a: Toxapex|91/100
|-status|p2a: Toxapex|frz
|
|-heal|p2a: Toxapex|97/100 frz|[from] item: Black Sludge
|upkeep
|turn|31
|
|t:|1668048624
|switch|p1a: Slowking|Slowking-Galar, M|54/100
|-curestatus|p2a: Toxapex|frz|[from] move: Scald
|move|p2a: Toxapex|Scald|p1a: Slowking
|-damage|p1a: Slowking|42/100
|
|-heal|p2a: Toxapex|100/100|[from] item: Black Sludge
|-heal|p1a: Slowking|48/100|[from] item: Leftovers
|upkeep
|turn|32
|
|t:|1668048629
|switch|p2a: Blissey|Blissey, F|48/100
|switch|p1a: Ferrothorn|Ferrothorn, F|100/100
|
|upkeep
|turn|33
|
|t:|1668048633
|switch|p2a: Zapdos|Zapdos|72/100
|-ability|p2a: Zapdos|Pressure
|move|p1a: Ferrothorn|Body Press|p2a: Zapdos
|-resisted|p2a: Zapdos
|-damage|p2a: Zapdos|55/100
|
|-heal|p2a: Zapdos|61/100|[from] item: Leftovers
|upkeep
|turn|34
|
|t:|1668048641
|move|p2a: Zapdos|Substitute|p2a: Zapdos
|-start|p2a: Zapdos|Substitute
|-damage|p2a: Zapdos|36/100
|move|p1a: Ferrothorn|Stealth Rock|p2a: Zapdos
|-sidestart|p2: cute pink team|move: Stealth Rock
|
|-heal|p2a: Zapdos|43/100|[from] item: Leftovers
|upkeep
|turn|35
|
|t:|1668048644
|switch|p1a: Blacephalon|Blacephalon|34/100
|move|p2a: Zapdos|Roost|p2a: Zapdos
|-heal|p2a: Zapdos|93/100
|-singleturn|p2a: Zapdos|move: Roost
|
|-heal|p2a: Zapdos|99/100|[from] item: Leftovers
|upkeep
|turn|36
|
|t:|1668048646
|move|p1a: Blacephalon|Flamethrower|p2a: Zapdos
|-end|p2a: Zapdos|Substitute
|move|p2a: Zapdos|Hurricane|p1a: Blacephalon
|-damage|p1a: Blacephalon|0 fnt
|faint|p1a: Blacephalon
|
|-heal|p2a: Zapdos|100/100|[from] item: Leftovers
|upkeep
|
|t:|1668048649
|switch|p1a: Tyranitar|Tyranitar, M|73/100
|-weather|Sandstorm|[from] ability: Sand Stream|[of] p1a: Tyranitar
|turn|37
|
|t:|1668048651
|switch|p2a: Corviknight|Corviknight, F|100/100
|-damage|p2a: Corviknight|88/100|[from] Stealth Rock
|-ability|p2a: Corviknight|Pressure
|move|p1a: Tyranitar|Crunch|p2a: Corviknight
|-damage|p2a: Corviknight|51/100
|
|-weather|Sandstorm|[upkeep]
|-heal|p2a: Corviknight|57/100|[from] item: Leftovers
|upkeep
|turn|38
|
|t:|1668048654
|move|p2a: Corviknight|Defog|p1a: Tyranitar
|-unboost|p1a: Tyranitar|evasion|1
|-sideend|p2: cute pink team|Stealth Rock|[from] move: Defog|[of] p2a: Corviknight
|move|p1a: Tyranitar|Earthquake|p2a: Corviknight
|-immune|p2a: Corviknight
|
|-weather|Sandstorm|[upkeep]
|-heal|p2a: Corviknight|63/100|[from] item: Leftovers
|upkeep
|turn|39
|j| gerald.jones061
|
|t:|1668048658
|move|p2a: Corviknight|Body Press|p1a: Tyranitar
|-supereffective|p1a: Tyranitar
|-damage|p1a: Tyranitar|9/100
|move|p1a: Tyranitar|Crunch|p2a: Corviknight
|-damage|p2a: Corviknight|26/100
|
|-weather|Sandstorm|[upkeep]
|-heal|p2a: Corviknight|33/100|[from] item: Leftovers
|upkeep
|turn|40
|l| DragonBay
|
|t:|1668048662
|move|p2a: Corviknight|Roost|p2a: Corviknight
|-heal|p2a: Corviknight|83/100
|-singleturn|p2a: Corviknight|move: Roost
|move|p1a: Tyranitar|Earthquake|p2a: Corviknight
|-supereffective|p2a: Corviknight
|-damage|p2a: Corviknight|20/100
|
|-weather|Sandstorm|[upkeep]
|-heal|p2a: Corviknight|26/100|[from] item: Leftovers
|upkeep
|turn|41
|
|t:|1668048664
|switch|p1a: Slowking|Slowking-Galar, M|81/100
|move|p2a: Corviknight|Body Press|p1a: Slowking
|-resisted|p1a: Slowking
|-damage|p1a: Slowking|78/100
|
|-weather|none
|-heal|p2a: Corviknight|32/100|[from] item: Leftovers
|-heal|p1a: Slowking|84/100|[from] item: Leftovers
|upkeep
|turn|42
|
|t:|1668048666
|move|p2a: Corviknight|Roost|p2a: Corviknight
|-heal|p2a: Corviknight|82/100
|-singleturn|p2a: Corviknight|move: Roost
|move|p1a: Slowking|Nasty Plot|p1a: Slowking
|-boost|p1a: Slowking|spa|2
|
|-heal|p2a: Corviknight|88/100|[from] item: Leftovers
|-heal|p1a: Slowking|90/100|[from] item: Leftovers
|upkeep
|turn|43
|
|t:|1668048668
|move|p2a: Corviknight|Brave Bird|p1a: Slowking
|-damage|p1a: Slowking|62/100
|-damage|p2a: Corviknight|79/100|[from] Recoil
|move|p1a: Slowking|Nasty Plot|p1a: Slowking
|-boost|p1a: Slowking|spa|2
|
|-heal|p2a: Corviknight|85/100|[from] item: Leftovers
|-heal|p1a: Slowking|68/100|[from] item: Leftovers
|upkeep
|turn|44
|
|t:|1668048670
|move|p2a: Corviknight|Brave Bird|p1a: Slowking
|-damage|p1a: Slowking|43/100
|-damage|p2a: Corviknight|77/100|[from] Recoil
|move|p1a: Slowking|Ice Beam|p2a: Corviknight
|-damage|p2a: Corviknight|32/100
|
|-heal|p2a: Corviknight|38/100|[from] item: Leftovers
|-heal|p1a: Slowking|49/100|[from] item: Leftovers
|upkeep
|turn|45
|
|t:|1668048675
|move|p2a: Corviknight|Roost|p2a: Corviknight
|-heal|p2a: Corviknight|88/100
|-singleturn|p2a: Corviknight|move: Roost
|move|p1a: Slowking|Nasty Plot|p1a: Slowking
|-boost|p1a: Slowking|spa|2
|
|-heal|p2a: Corviknight|94/100|[from] item: Leftovers
|-heal|p1a: Slowking|55/100|[from] item: Leftovers
|upkeep
|turn|46
|
|t:|1668048679
|switch|p2a: Toxapex|Toxapex, M|100/100
|move|p1a: Slowking|Ice Beam|p2a: Toxapex
|-resisted|p2a: Toxapex
|-damage|p2a: Toxapex|65/100
|
|-heal|p2a: Toxapex|71/100|[from] item: Black Sludge
|-heal|p1a: Slowking|61/100|[from] item: Leftovers
|upkeep
|turn|47
|
|t:|1668048684
|move|p2a: Toxapex|Recover|p2a: Toxapex
|-heal|p2a: Toxapex|100/100
|move|p1a: Slowking|Sludge Bomb|p2a: Toxapex
|-resisted|p2a: Toxapex
|-damage|p2a: Toxapex|47/100
|
|-heal|p2a: Toxapex|53/100|[from] item: Black Sludge
|-heal|p1a: Slowking|67/100|[from] item: Leftovers
|upkeep
|turn|48
|
|t:|1668048688
|move|p2a: Toxapex|Baneful Bunker|p2a: Toxapex
|-singleturn|p2a: Toxapex|move: Protect
|move|p1a: Slowking|Trick|p2a: Toxapex
|-activate|p2a: Toxapex|move: Protect
|
|-heal|p2a: Toxapex|59/100|[from] item: Black Sludge
|-heal|p1a: Slowking|73/100|[from] item: Leftovers
|upkeep
|turn|49
|
|t:|1668048695
|switch|p2a: Quagsire|Quagsire, F|43/100 psn
|move|p1a: Slowking|Sludge Bomb|p2a: Quagsire
|-resisted|p2a: Quagsire
|-damage|p2a: Quagsire|23/100 psn
|
|-damage|p2a: Quagsire|11/100 psn|[from] item: Black Sludge
|-heal|p1a: Slowking|79/100|[from] item: Leftovers
|-damage|p2a: Quagsire|0 fnt|[from] psn
|faint|p2a: Quagsire
|upkeep
|
|t:|1668048699
|switch|p2a: Toxapex|Toxapex, M|93/100
|turn|50
|
|t:|1668048702
|move|p2a: Toxapex|Toxic Spikes|p1a: Slowking
|-sidestart|p1: Mahashate|move: Toxic Spikes
|move|p1a: Slowking|Trick|p2a: Toxapex
|-activate|p1a: Slowking|move: Trick|[of] p2a: Toxapex
|-item|p2a: Toxapex|Leftovers|[from] move: Trick
|-item|p1a: Slowking|Black Sludge|[from] move: Trick
|
|-heal|p2a: Toxapex|99/100|[from] item: Leftovers
|-heal|p1a: Slowking|85/100|[from] item: Black Sludge
|upkeep
|turn|51
|
|t:|1668048704
|move|p2a: Toxapex|Toxic Spikes|p1a: Slowking
|-sidestart|p1: Mahashate|move: Toxic Spikes
|move|p1a: Slowking|Ice Beam|p2a: Toxapex
|-resisted|p2a: Toxapex
|-damage|p2a: Toxapex|62/100
|
|-heal|p2a: Toxapex|69/100|[from] item: Leftovers
|-heal|p1a: Slowking|91/100|[from] item: Black Sludge
|upkeep
|turn|52
|
|t:|1668048707
|move|p2a: Toxapex|Scald|p1a: Slowking
|-damage|p1a: Slowking|78/100
|move|p1a: Slowking|Sludge Bomb|p2a: Toxapex
|-resisted|p2a: Toxapex
|-damage|p2a: Toxapex|12/100
|
|-heal|p2a: Toxapex|19/100|[from] item: Leftovers
|-heal|p1a: Slowking|84/100|[from] item: Black Sludge
|upkeep
|turn|53
|
|t:|1668048711
|move|p2a: Toxapex|Baneful Bunker|p2a: Toxapex
|-singleturn|p2a: Toxapex|move: Protect
|move|p1a: Slowking|Sludge Bomb|p2a: Toxapex
|-activate|p2a: Toxapex|move: Protect
|
|-heal|p2a: Toxapex|25/100|[from] item: Leftovers
|-heal|p1a: Slowking|90/100|[from] item: Black Sludge
|upkeep
|turn|54
|
|t:|1668048715
|move|p2a: Toxapex|Recover|p2a: Toxapex
|-heal|p2a: Toxapex|75/100
|move|p1a: Slowking|Trick|p2a: Toxapex
|-activate|p1a: Slowking|move: Trick|[of] p2a: Toxapex
|-item|p2a: Toxapex|Black Sludge|[from] move: Trick
|-item|p1a: Slowking|Leftovers|[from] move: Trick
|
|-heal|p2a: Toxapex|81/100|[from] item: Black Sludge
|-heal|p1a: Slowking|96/100|[from] item: Leftovers
|upkeep
|turn|55
|
|t:|1668048718
|move|p2a: Toxapex|Scald|p1a: Slowking
|-damage|p1a: Slowking|83/100
|-status|p1a: Slowking|brn
|move|p1a: Slowking|Sludge Bomb|p2a: Toxapex
|-resisted|p2a: Toxapex
|-damage|p2a: Toxapex|26/100
|
|-heal|p2a: Toxapex|32/100|[from] item: Black Sludge
|-heal|p1a: Slowking|90/100 brn|[from] item: Leftovers
|-damage|p1a: Slowking|83/100 brn|[from] brn
|upkeep
|turn|56
|
|t:|1668048721
|move|p2a: Toxapex|Baneful Bunker|p2a: Toxapex
|-singleturn|p2a: Toxapex|move: Protect
|move|p1a: Slowking|Sludge Bomb|p2a: Toxapex
|-activate|p2a: Toxapex|move: Protect
|
|-heal|p2a: Toxapex|39/100|[from] item: Black Sludge
|-heal|p1a: Slowking|90/100 brn|[from] item: Leftovers
|-damage|p1a: Slowking|83/100 brn|[from] brn
|upkeep
|turn|57
|
|t:|1668048725
|move|p2a: Toxapex|Recover|p2a: Toxapex
|-heal|p2a: Toxapex|89/100
|move|p1a: Slowking|Trick|p2a: Toxapex
|-activate|p1a: Slowking|move: Trick|[of] p2a: Toxapex
|-item|p2a: Toxapex|Leftovers|[from] move: Trick
|-item|p1a: Slowking|Black Sludge|[from] move: Trick
|
|-heal|p2a: Toxapex|95/100|[from] item: Leftovers
|-heal|p1a: Slowking|90/100 brn|[from] item: Black Sludge
|-damage|p1a: Slowking|83/100 brn|[from] brn
|upkeep
|turn|58
|
|t:|1668048730
|switch|p1a: Ferrothorn|Ferrothorn, F|100/100
|move|p2a: Toxapex|Baneful Bunker||[still]
|-fail|p2a: Toxapex
|
|-heal|p2a: Toxapex|100/100|[from] item: Leftovers
|upkeep
|turn|59
|
|t:|1668048733
|switch|p2a: Zapdos|Zapdos|100/100
|-ability|p2a: Zapdos|Pressure
|switch|p1a: Slowking|Slowking-Galar, M|100/100 brn
|-sideend|p1: Mahashate|move: Toxic Spikes|[of] p1a: Slowking
|
|-damage|p1a: Slowking|94/100 brn|[from] brn
|upkeep
|turn|60
|
|t:|1668048739
|switch|p2a: Blissey|Blissey, F|48/100
|switch|p1a: Tyranitar|Tyranitar, M|9/100
|-weather|Sandstorm|[from] ability: Sand Stream|[of] p1a: Tyranitar
|
|-weather|Sandstorm|[upkeep]
|-damage|p2a: Blissey|42/100|[from] Sandstorm
|upkeep
|turn|61
|
|t:|1668048749
|switch|p1a: Slowking|Slowking-Galar, M|100/100 brn
|switch|p2a: Corviknight|Corviknight, F|94/100
|-ability|p2a: Corviknight|Pressure
|
|-weather|Sandstorm|[upkeep]
|-damage|p1a: Slowking|94/100 brn|[from] Sandstorm
|-heal|p2a: Corviknight|100/100|[from] item: Leftovers
|-heal|p1a: Slowking|100/100 brn|[from] item: Black Sludge
|-damage|p1a: Slowking|94/100 brn|[from] brn
|upkeep
|turn|62
|
|t:|1668048751
|move|p2a: Corviknight|Brave Bird|p1a: Slowking
|-damage|p1a: Slowking|67/100 brn
|-damage|p2a: Corviknight|91/100|[from] Recoil
|move|p1a: Slowking|Nasty Plot|p1a: Slowking
|-boost|p1a: Slowking|spa|2
|
|-weather|Sandstorm|[upkeep]
|-damage|p1a: Slowking|61/100 brn|[from] Sandstorm
|-heal|p2a: Corviknight|98/100|[from] item: Leftovers
|-heal|p1a: Slowking|67/100 brn|[from] item: Black Sludge
|-damage|p1a: Slowking|61/100 brn|[from] brn
|upkeep
|turn|63
|
|t:|1668048753
|move|p2a: Corviknight|Brave Bird|p1a: Slowking
|-damage|p1a: Slowking|32/100 brn
|-damage|p2a: Corviknight|88/100|[from] Recoil
|move|p1a: Slowking|Nasty Plot|p1a: Slowking
|-boost|p1a: Slowking|spa|2
|
|-weather|Sandstorm|[upkeep]
|-damage|p1a: Slowking|26/100 brn|[from] Sandstorm
|-heal|p2a: Corviknight|95/100|[from] item: Leftovers
|-heal|p1a: Slowking|32/100 brn|[from] item: Black Sludge
|-damage|p1a: Slowking|26/100 brn|[from] brn
|upkeep
|turn|64
|
|t:|1668048759
|switch|p1a: Ferrothorn|Ferrothorn, F|100/100
|move|p2a: Corviknight|Brave Bird|p1a: Ferrothorn
|-damage|p1a: Ferrothorn|79/100
|-damage|p2a: Corviknight|82/100|[from] ability: Iron Barbs|[of] p1a: Ferrothorn
|-damage|p2a: Corviknight|66/100|[from] item: Rocky Helmet|[of] p1a: Ferrothorn
|-damage|p2a: Corviknight|59/100|[from] Recoil
|
|-weather|none
|-heal|p2a: Corviknight|66/100|[from] item: Leftovers
|upkeep
|turn|65
|
|t:|1668048764
|switch|p1a: Slowking|Slowking-Galar, M|59/100 brn
|move|p2a: Corviknight|Roost|p2a: Corviknight
|-heal|p2a: Corviknight|100/100
|-singleturn|p2a: Corviknight|move: Roost
|
|-heal|p1a: Slowking|65/100 brn|[from] item: Black Sludge
|-damage|p1a: Slowking|59/100 brn|[from] brn
|upkeep
|turn|66
|
|t:|1668048768
|move|p2a: Corviknight|Brave Bird|p1a: Slowking
|-damage|p1a: Slowking|33/100 brn
|-damage|p2a: Corviknight|92/100|[from] Recoil
|move|p1a: Slowking|Trick|p2a: Corviknight
|-activate|p1a: Slowking|move: Trick|[of] p2a: Corviknight
|-item|p2a: Corviknight|Black Sludge|[from] move: Trick
|-item|p1a: Slowking|Leftovers|[from] move: Trick
|
|-damage|p2a: Corviknight|79/100|[from] item: Black Sludge
|-heal|p1a: Slowking|39/100 brn|[from] item: Leftovers
|-damage|p1a: Slowking|33/100 brn|[from] brn
|upkeep
|turn|67
|
|t:|1668048771
|switch|p2a: Zapdos|Zapdos|100/100
|-ability|p2a: Zapdos|Pressure
|switch|p1a: Ferrothorn|Ferrothorn, F|79/100
|
|upkeep
|turn|68
|
|t:|1668048775
|move|p2a: Zapdos|Substitute|p2a: Zapdos
|-start|p2a: Zapdos|Substitute
|-damage|p2a: Zapdos|76/100
|move|p1a: Ferrothorn|Knock Off|p2a: Zapdos
|-end|p2a: Zapdos|Substitute
|
|-heal|p2a: Zapdos|82/100|[from] item: Leftovers
|upkeep
|turn|69
|
|t:|1668048781
|move|p2a: Zapdos|Substitute|p2a: Zapdos
|-start|p2a: Zapdos|Substitute
|-damage|p2a: Zapdos|57/100
|move|p1a: Ferrothorn|Knock Off|p2a: Zapdos
|-activate|p2a: Zapdos|move: Substitute|[damage]
|
|-heal|p2a: Zapdos|63/100|[from] item: Leftovers
|upkeep
|turn|70
|j| DragonBay
|
|t:|1668048785
|move|p2a: Zapdos|Roost|p2a: Zapdos
|-heal|p2a: Zapdos|100/100
|-singleturn|p2a: Zapdos|move: Roost
|move|p1a: Ferrothorn|Knock Off|p2a: Zapdos
|-end|p2a: Zapdos|Substitute
|
|upkeep
|turn|71
|
|t:|1668048787
|move|p2a: Zapdos|Substitute|p2a: Zapdos
|-start|p2a: Zapdos|Substitute
|-damage|p2a: Zapdos|76/100
|move|p1a: Ferrothorn|Leech Seed||[still]
|-fail|p1a: Ferrothorn
|
|-heal|p2a: Zapdos|82/100|[from] item: Leftovers
|upkeep
|turn|72
|
|t:|1668048791
|move|p2a: Zapdos|Charge Beam|p1a: Ferrothorn|[miss]
|-miss|p2a: Zapdos|p1a: Ferrothorn
|move|p1a: Ferrothorn|Knock Off|p2a: Zapdos
|-activate|p2a: Zapdos|move: Substitute|[damage]
|
|-heal|p2a: Zapdos|88/100|[from] item: Leftovers
|upkeep
|turn|73
|
|t:|1668048793
|move|p2a: Zapdos|Charge Beam|p1a: Ferrothorn
|-resisted|p1a: Ferrothorn
|-damage|p1a: Ferrothorn|67/100
|move|p1a: Ferrothorn|Knock Off|p2a: Zapdos
|-end|p2a: Zapdos|Substitute
|
|-heal|p2a: Zapdos|94/100|[from] item: Leftovers
|upkeep
|turn|74
|
|t:|1668048797
|move|p2a: Zapdos|Substitute|p2a: Zapdos
|-start|p2a: Zapdos|Substitute
|-damage|p2a: Zapdos|69/100
|move|p1a: Ferrothorn|Stealth Rock|p2a: Zapdos
|-sidestart|p2: cute pink team|move: Stealth Rock
|
|-heal|p2a: Zapdos|76/100|[from] item: Leftovers
|upkeep
|turn|75
|
|t:|1668048799
|move|p2a: Zapdos|Charge Beam|p1a: Ferrothorn
|-resisted|p1a: Ferrothorn
|-damage|p1a: Ferrothorn|55/100
|-boost|p2a: Zapdos|spa|1
|move|p1a: Ferrothorn|Knock Off|p2a: Zapdos
|-end|p2a: Zapdos|Substitute
|
|-heal|p2a: Zapdos|82/100|[from] item: Leftovers
|upkeep
|turn|76
|
|t:|1668048803
|move|p2a: Zapdos|Substitute|p2a: Zapdos
|-start|p2a: Zapdos|Substitute
|-damage|p2a: Zapdos|57/100
|move|p1a: Ferrothorn|Knock Off|p2a: Zapdos
|-end|p2a: Zapdos|Substitute
|
|-heal|p2a: Zapdos|63/100|[from] item: Leftovers
|upkeep
|turn|77
|
|t:|1668048805
|move|p2a: Zapdos|Substitute|p2a: Zapdos
|-start|p2a: Zapdos|Substitute
|-damage|p2a: Zapdos|38/100
|move|p1a: Ferrothorn|Leech Seed||[still]
|-fail|p1a: Ferrothorn
|
|-heal|p2a: Zapdos|44/100|[from] item: Leftovers
|upkeep
|turn|78
|
|t:|1668048808
|move|p2a: Zapdos|Roost|p2a: Zapdos
|-heal|p2a: Zapdos|95/100
|-singleturn|p2a: Zapdos|move: Roost
|move|p1a: Ferrothorn|Knock Off|p2a: Zapdos
|-end|p2a: Zapdos|Substitute
|
|-heal|p2a: Zapdos|100/100|[from] item: Leftovers
|upkeep
|turn|79
|
|t:|1668048814
|move|p2a: Zapdos|Substitute|p2a: Zapdos
|-start|p2a: Zapdos|Substitute
|-damage|p2a: Zapdos|76/100
|move|p1a: Ferrothorn|Knock Off|p2a: Zapdos
|-crit|p2a: Zapdos
|-end|p2a: Zapdos|Substitute
|
|-heal|p2a: Zapdos|82/100|[from] item: Leftovers
|upkeep
|turn|80
|
|t:|1668048816
|move|p2a: Zapdos|Substitute|p2a: Zapdos
|-start|p2a: Zapdos|Substitute
|-damage|p2a: Zapdos|57/100
|move|p1a: Ferrothorn|Knock Off|p2a: Zapdos
|-end|p2a: Zapdos|Substitute
|
|-heal|p2a: Zapdos|63/100|[from] item: Leftovers
|upkeep
|turn|81
|
|t:|1668048820
|move|p2a: Zapdos|Substitute|p2a: Zapdos
|-start|p2a: Zapdos|Substitute
|-damage|p2a: Zapdos|38/100
|move|p1a: Ferrothorn|Knock Off|p2a: Zapdos
|-end|p2a: Zapdos|Substitute
|
|-heal|p2a: Zapdos|44/100|[from] item: Leftovers
|upkeep
|turn|82
|
|t:|1668048825
|move|p2a: Zapdos|Hurricane|p1a: Ferrothorn|[miss]
|-miss|p2a: Zapdos|p1a: Ferrothorn
|move|p1a: Ferrothorn|Leech Seed|p2a: Zapdos
|-start|p2a: Zapdos|move: Leech Seed
|
|-heal|p2a: Zapdos|51/100|[from] item: Leftovers
|-damage|p2a: Zapdos|38/100|[from] Leech Seed|[of] p1a: Ferrothorn
|-heal|p1a: Ferrothorn|67/100|[silent]
|upkeep
|turn|83
|
|t:|1668048827
|switch|p1a: Landorus|Landorus-Therian, M|99/100
|-ability|p1a: Landorus|Intimidate|boost
|-unboost|p2a: Zapdos|atk|1
|move|p2a: Zapdos|Hurricane|p1a: Landorus
|-damage|p1a: Landorus|0 fnt
|faint|p1a: Landorus
|
|-heal|p2a: Zapdos|44/100|[from] item: Leftovers
|upkeep
|
|t:|1668048831
|switch|p1a: Slowking|Slowking-Galar, M|66/100 brn
|turn|84
|
|t:|1668048834
|switch|p1a: Tyranitar|Tyranitar, M|9/100
|-weather|Sandstorm|[from] ability: Sand Stream|[of] p1a: Tyranitar
|move|p2a: Zapdos|Hurricane|p1a: Tyranitar
|-resisted|p1a: Tyranitar
|-damage|p1a: Tyranitar|0 fnt
|faint|p1a: Tyranitar
|
|-weather|Sandstorm|[upkeep]
|-damage|p2a: Zapdos|38/100|[from] Sandstorm
|-heal|p2a: Zapdos|44/100|[from] item: Leftovers
|upkeep
|
|t:|1668048835
|switch|p1a: Ferrothorn|Ferrothorn, F|67/100
|turn|85
|
|t:|1668048839
|move|p2a: Zapdos|Hurricane|p1a: Ferrothorn
|-damage|p1a: Ferrothorn|0 fnt
|faint|p1a: Ferrothorn
|
|-weather|Sandstorm|[upkeep]
|-damage|p2a: Zapdos|38/100|[from] Sandstorm
|-heal|p2a: Zapdos|44/100|[from] item: Leftovers
|upkeep
|j| Cyberacc
|
|t:|1668048842
|switch|p1a: Slowking|Slowking-Galar, M|99/100 brn
|turn|86
|
|t:|1668048844
|move|p2a: Zapdos|Hurricane|p1a: Slowking
|-damage|p1a: Slowking|24/100 brn
|-start|p1a: Slowking|confusion
|-activate|p1a: Slowking|confusion
|-damage|p1a: Slowking|20/100 brn|[from] confusion
|
|-weather|Sandstorm|[upkeep]
|-damage|p2a: Zapdos|38/100|[from] Sandstorm
|-damage|p1a: Slowking|14/100 brn|[from] Sandstorm
|-heal|p2a: Zapdos|44/100|[from] item: Leftovers
|-heal|p1a: Slowking|20/100 brn|[from] item: Leftovers
|-damage|p2a: Zapdos|32/100|[from] Leech Seed|[of] p1a: Slowking
|-heal|p1a: Slowking|30/100 brn|[silent]
|-damage|p1a: Slowking|24/100 brn|[from] brn
|upkeep
|turn|87
|
|t:|1668048847
|move|p2a: Zapdos|Charge Beam|p1a: Slowking
|-damage|p1a: Slowking|0 fnt
|faint|p1a: Slowking
|
|win|cute pink team
|raw|Mahashate's rating: 1652 &rarr; <strong>1641</strong><br />(-11 for losing)
|raw|cute pink team's rating: 1815 &rarr; <strong>1826</strong><br />(+11 for winning)
|l|☆Mahashate
|l|☆cute pink team
||Ladder isn't responding, score probably updated but might not have (Request timeout).
|l| DragonBay
|l| Burnt Bright
|l| gerald.jones061
