|j|☆4funaccount
|j|☆Donsalvatore1825
|player|p1|4funaccount|volkner|1886
|player|p2|Donsalvatore1825|volkner|1780
|teamsize|p1|6
|teamsize|p2|6
|gametype|singles
|gen|8
|tier|[Gen 8] OU
|rated|
|clearpoke
|poke|p1|Centiskorch, F|
|poke|p1|Rotom-Wash|
|poke|p1|Dragapult, F|
|poke|p1|Ferrothorn, F|
|poke|p1|Excadrill, M|
|poke|p1|Hydreigon, F|
|poke|p2|Dragapult, F|
|poke|p2|Aegislash, M|
|poke|p2|Rotom-Heat|
|poke|p2|Mandibuzz, F|
|poke|p2|Clefable, F|
|poke|p2|Seismitoad, M|
|rule|Sleep Clause Mod: Limit one foe put to sleep
|rule|Species Clause: Limit one of each Pokémon
|rule|OHKO Clause: OHKO moves are banned
|rule|Evasion Moves Clause: Evasion moves are banned
|rule|Endless Battle Clause: Forcing endless battles is banned
|rule|HP Percentage Mod: HP is shown in percentages
|rule|Dynamax Clause: You cannot dynamax
|teampreview
|inactive|Battle timer is ON: inactive players will automatically lose when time's up. (requested by 4funaccount)
|
|start
|switch|p1a: Gen 8 heatran|Centiskorch, F|100/100
|switch|p2a: Rotom|Rotom-Heat|100/100
|turn|1
|j| Poopy Socks Gaming
|
|switch|p1a: gen 8 marshadow|Dragapult, F|100/100
|move|p2a: Rotom|Trick|p1a: gen 8 marshadow
|-activate|p2a: Rotom|move: Trick|[of] p1a: gen 8 marshadow
|-item|p1a: gen 8 marshadow|Choice Scarf|[from] move: Trick
|-item|p2a: Rotom|Choice Scarf|[from] move: Trick
|
|upkeep
|turn|2
|
|switch|p2a: Clefable|Clefable, F|100/100
|move|p1a: gen 8 marshadow|Draco Meteor|p2a: Clefable
|-immune|p2a: Clefable
|
|upkeep
|turn|3
|j| dfoixjvbufiew
|
|switch|p1a: gen 8 excadrill|Excadrill, M|100/100
|-ability|p1a: gen 8 excadrill|Mold Breaker
|move|p2a: Clefable|Thunder Wave|p1a: gen 8 excadrill
|-immune|p1a: gen 8 excadrill
|
|upkeep
|turn|4
|
|switch|p2a: Seismitoad|Seismitoad, M|100/100
|move|p1a: gen 8 excadrill|Stealth Rock|p2a: Seismitoad
|-sidestart|p2: Donsalvatore1825|move: Stealth Rock
|
|upkeep
|turn|5
|
|switch|p1a: Gen 8 heatran|Centiskorch, F|100/100
|move|p2a: Seismitoad|Stealth Rock|p1a: Gen 8 heatran
|-sidestart|p1: 4funaccount|move: Stealth Rock
|
|upkeep
|turn|6
|
|switch|p2a: Rotom|Rotom-Heat|100/100
|-damage|p2a: Rotom|76/100|[from] Stealth Rock
|move|p1a: Gen 8 heatran|Power Whip|p2a: Rotom
|-resisted|p2a: Rotom
|-damage|p2a: Rotom|46/100
|
|upkeep
|turn|7
|
|switch|p1a: gen 8 excadrill|Excadrill, M|100/100
|-damage|p1a: gen 8 excadrill|97/100|[from] Stealth Rock
|-ability|p1a: gen 8 excadrill|Mold Breaker
|move|p2a: Rotom|Thunder Wave|p1a: gen 8 excadrill
|-immune|p1a: gen 8 excadrill
|
|-heal|p1a: gen 8 excadrill|100/100|[from] item: Leftovers
|upkeep
|turn|8
|
|switch|p2a: Seismitoad|Seismitoad, M|100/100
|-damage|p2a: Seismitoad|94/100|[from] Stealth Rock
|switch|p1a: Gen 8 heatran|Centiskorch, F|100/100
|
|-heal|p2a: Seismitoad|100/100|[from] item: Leftovers
|upkeep
|turn|9
|
|switch|p2a: Mandibuzz|Mandibuzz, F|100/100
|move|p1a: Gen 8 heatran|Knock Off|p2a: Mandibuzz
|-resisted|p2a: Mandibuzz
|-damage|p2a: Mandibuzz|88/100
|-enditem|p2a: Mandibuzz|Heavy-Duty Boots|[from] move: Knock Off|[of] p1a: Gen 8 heatran
|
|upkeep
|turn|10
|inactive|4funaccount has 120 seconds left.
|
|switch|p1a: gen 8 ferrothorn|Ferrothorn, F|100/100
|-damage|p1a: gen 8 ferrothorn|94/100|[from] Stealth Rock
|switch|p2a: Dragapult|Dragapult, F|100/100
|-damage|p2a: Dragapult|88/100|[from] Stealth Rock
|
|-heal|p2a: Dragapult|94/100|[from] item: Leftovers
|-heal|p1a: gen 8 ferrothorn|100/100|[from] item: Leftovers
|upkeep
|turn|11
|
|move|p2a: Dragapult|Will-O-Wisp|p1a: gen 8 ferrothorn
|-status|p1a: gen 8 ferrothorn|brn
|move|p1a: gen 8 ferrothorn|Knock Off|p2a: Dragapult
|-supereffective|p2a: Dragapult
|-damage|p2a: Dragapult|69/100
|-enditem|p2a: Dragapult|Leftovers|[from] move: Knock Off|[of] p1a: gen 8 ferrothorn
|
|-damage|p1a: gen 8 ferrothorn|94/100 brn|[from] brn
|upkeep
|turn|12
|
|move|p2a: Dragapult|Hex|p1a: gen 8 ferrothorn
|-damage|p1a: gen 8 ferrothorn|54/100 brn
|move|p1a: gen 8 ferrothorn|Leech Seed|p2a: Dragapult
|-start|p2a: Dragapult|move: Leech Seed
|
|-heal|p1a: gen 8 ferrothorn|60/100 brn|[from] item: Leftovers
|-damage|p2a: Dragapult|57/100|[from] Leech Seed|[of] p1a: gen 8 ferrothorn
|-heal|p1a: gen 8 ferrothorn|72/100 brn|[silent]
|-damage|p1a: gen 8 ferrothorn|66/100 brn|[from] brn
|upkeep
|turn|13
|
|switch|p2a: Aegislash|Aegislash, M|100/100
|-damage|p2a: Aegislash|94/100|[from] Stealth Rock
|move|p1a: gen 8 ferrothorn|Spikes|p2a: Aegislash
|-sidestart|p2: Donsalvatore1825|Spikes
|
|-heal|p1a: gen 8 ferrothorn|72/100 brn|[from] item: Leftovers
|-damage|p1a: gen 8 ferrothorn|66/100 brn|[from] brn
|upkeep
|turn|14
|
|move|p2a: Aegislash|Swords Dance|p2a: Aegislash
|-boost|p2a: Aegislash|atk|2
|move|p1a: gen 8 ferrothorn|Knock Off|p2a: Aegislash
|-supereffective|p2a: Aegislash
|-damage|p2a: Aegislash|77/100
|-enditem|p2a: Aegislash|Scope Lens|[from] move: Knock Off|[of] p1a: gen 8 ferrothorn
|
|-heal|p1a: gen 8 ferrothorn|72/100 brn|[from] item: Leftovers
|-damage|p1a: gen 8 ferrothorn|66/100 brn|[from] brn
|upkeep
|turn|15
|
|-formechange|p2a: Aegislash|Aegislash-Blade||[from] ability: Stance Change
|move|p2a: Aegislash|Shadow Claw|p1a: gen 8 ferrothorn
|-damage|p1a: gen 8 ferrothorn|18/100 brn
|-damage|p2a: Aegislash|64/100|[from] ability: Iron Barbs|[of] p1a: gen 8 ferrothorn
|move|p1a: gen 8 ferrothorn|Leech Seed|p2a: Aegislash
|-start|p2a: Aegislash|move: Leech Seed
|
|-heal|p1a: gen 8 ferrothorn|24/100 brn|[from] item: Leftovers
|-damage|p2a: Aegislash|52/100|[from] Leech Seed|[of] p1a: gen 8 ferrothorn
|-heal|p1a: gen 8 ferrothorn|34/100 brn|[silent]
|-damage|p1a: gen 8 ferrothorn|28/100 brn|[from] brn
|upkeep
|turn|16
|
|move|p1a: gen 8 ferrothorn|Protect|p1a: gen 8 ferrothorn
|-singleturn|p1a: gen 8 ferrothorn|Protect
|move|p2a: Aegislash|Shadow Claw|p1a: gen 8 ferrothorn
|-activate|p1a: gen 8 ferrothorn|move: Protect
|
|-heal|p1a: gen 8 ferrothorn|34/100 brn|[from] item: Leftovers
|-damage|p2a: Aegislash|39/100|[from] Leech Seed|[of] p1a: gen 8 ferrothorn
|-heal|p1a: gen 8 ferrothorn|44/100 brn|[silent]
|-damage|p1a: gen 8 ferrothorn|38/100 brn|[from] brn
|upkeep
|turn|17
|j| Kyho
|
|move|p1a: gen 8 ferrothorn|Protect||[still]
|-fail|p1a: gen 8 ferrothorn
|move|p2a: Aegislash|Shadow Claw|p1a: gen 8 ferrothorn
|-crit|p1a: gen 8 ferrothorn
|-damage|p1a: gen 8 ferrothorn|0 fnt
|-damage|p2a: Aegislash|27/100|[from] ability: Iron Barbs|[of] p1a: gen 8 ferrothorn
|faint|p1a: gen 8 ferrothorn
|
|upkeep
|
|switch|p1a: Hydreigon|Hydreigon, F|100/100
|-damage|p1a: Hydreigon|88/100|[from] Stealth Rock
|turn|18
|j| L0OSER
|j| WarioMasters
|
|switch|p2a: Clefable|Clefable, F|100/100
|move|p1a: Hydreigon|Flash Cannon|p2a: Clefable
|-supereffective|p2a: Clefable
|-damage|p2a: Clefable|46/100
|-damage|p1a: Hydreigon|78/100|[from] item: Life Orb
|
|-heal|p2a: Clefable|53/100|[from] item: Leftovers
|upkeep
|turn|19
|l| WarioMasters
|
|move|p2a: Clefable|Protect|p2a: Clefable
|-singleturn|p2a: Clefable|Protect
|move|p1a: Hydreigon|Nasty Plot|p1a: Hydreigon
|-boost|p1a: Hydreigon|spa|2
|
|-heal|p2a: Clefable|59/100|[from] item: Leftovers
|upkeep
|turn|20
|
|switch|p2a: Rotom|Rotom-Heat|46/100
|-damage|p2a: Rotom|21/100|[from] Stealth Rock
|move|p1a: Hydreigon|Flash Cannon|p2a: Rotom
|-resisted|p2a: Rotom
|-damage|p2a: Rotom|0 fnt
|-damage|p1a: Hydreigon|68/100|[from] item: Life Orb
|faint|p2a: Rotom
|
|upkeep
|
|switch|p2a: Dragapult|Dragapult, F|57/100
|-damage|p2a: Dragapult|44/100|[from] Stealth Rock
|-damage|p2a: Dragapult|32/100|[from] Spikes
|turn|21
|
|switch|p1a: gen 8 excadrill|Excadrill, M|100/100
|-damage|p1a: gen 8 excadrill|97/100|[from] Stealth Rock
|-ability|p1a: gen 8 excadrill|Mold Breaker
|move|p2a: Dragapult|Draco Meteor|p1a: gen 8 excadrill
|-resisted|p1a: gen 8 excadrill
|-damage|p1a: gen 8 excadrill|66/100
|-unboost|p2a: Dragapult|spa|2
|
|-heal|p1a: gen 8 excadrill|72/100|[from] item: Leftovers
|upkeep
|turn|22
|
|switch|p2a: Seismitoad|Seismitoad, M|100/100
|-damage|p2a: Seismitoad|94/100|[from] Stealth Rock
|-damage|p2a: Seismitoad|82/100|[from] Spikes
|move|p1a: gen 8 excadrill|Iron Head|p2a: Seismitoad
|-resisted|p2a: Seismitoad
|-damage|p2a: Seismitoad|70/100
|
|-heal|p1a: gen 8 excadrill|78/100|[from] item: Leftovers
|-heal|p2a: Seismitoad|76/100|[from] item: Leftovers
|upkeep
|turn|23
|
|switch|p1a: gen 8 rotom|Rotom-Wash|100/100
|-damage|p1a: gen 8 rotom|88/100|[from] Stealth Rock
|move|p2a: Seismitoad|Scald|p1a: gen 8 rotom
|-resisted|p1a: gen 8 rotom
|-damage|p1a: gen 8 rotom|75/100
|
|-heal|p2a: Seismitoad|82/100|[from] item: Leftovers
|upkeep
|turn|24
|
|move|p1a: gen 8 rotom|Will-O-Wisp|p2a: Seismitoad
|-status|p2a: Seismitoad|brn
|move|p2a: Seismitoad|Toxic|p1a: gen 8 rotom
|-status|p1a: gen 8 rotom|tox
|
|-heal|p2a: Seismitoad|88/100 brn|[from] item: Leftovers
|-damage|p1a: gen 8 rotom|69/100 tox|[from] psn
|-damage|p2a: Seismitoad|82/100 brn|[from] brn
|upkeep
|turn|25
|
|switch|p1a: gen 8 marshadow|Dragapult, F|100/100
|-damage|p1a: gen 8 marshadow|88/100|[from] Stealth Rock
|move|p2a: Seismitoad|Toxic|p1a: gen 8 marshadow
|-status|p1a: gen 8 marshadow|tox
|
|-heal|p2a: Seismitoad|88/100 brn|[from] item: Leftovers
|-damage|p1a: gen 8 marshadow|82/100 tox|[from] psn
|-damage|p2a: Seismitoad|82/100 brn|[from] brn
|upkeep
|turn|26
|
|move|p1a: gen 8 marshadow|Draco Meteor|p2a: Seismitoad
|-damage|p2a: Seismitoad|13/100 brn
|-unboost|p1a: gen 8 marshadow|spa|2
|move|p2a: Seismitoad|Toxic|p1a: gen 8 marshadow
|-fail|p1a: gen 8 marshadow|tox
|
|-heal|p2a: Seismitoad|19/100 brn|[from] item: Leftovers
|-damage|p1a: gen 8 marshadow|70/100 tox|[from] psn
|-damage|p2a: Seismitoad|13/100 brn|[from] brn
|upkeep
|turn|27
|-message|Donsalvatore1825 forfeited.
|
|win|4funaccount
|l|☆Donsalvatore1825
|l| Poopy Socks Gaming
|raw|4funaccount's rating: 1886 &rarr; <strong>1900</strong><br />(+14 for winning)
|raw|Donsalvatore1825's rating: 1780 &rarr; <strong>1766</strong><br />(-14 for losing)
|l| dfoixjvbufiew
|l| L0OSER
