|j|☆Commando 55
|j|☆Plasmeek
|t:|1603445755
|player|p1|Commando 55|iris-gen5bw2|1792
|player|p2|Plasmeek|youngster-gen4|1750
|teamsize|p1|6
|teamsize|p2|6
|gametype|singles
|gen|8
|tier|[Gen 8] OU
|rated|
|clearpoke
|poke|p1|Regieleki|
|poke|p1|Pelipper, M|
|poke|p1|Blissey, F|
|poke|p1|Kingdra, M|
|poke|p1|Urshifu-*, M|
|poke|p1|Ferrothorn, M|
|poke|p2|Spectrier|
|poke|p2|Heatran, M|
|poke|p2|Slowbro, M|
|poke|p2|Tornadus-Therian, M|
|poke|p2|Hippowdon, F|
|poke|p2|Genesect-*|
|rule|Sleep Clause Mod: Limit one foe put to sleep
|rule|Species Clause: Limit one of each Pokémon
|rule|OHKO Clause: OHKO moves are banned
|rule|Evasion Moves Clause: Evasion moves are banned
|rule|Endless Battle Clause: Forcing endless battles is banned
|rule|HP Percentage Mod: HP is shown in percentages
|rule|Dynamax Clause: You cannot dynamax
|teampreview
|c|☆Plasmeek|hf
|j| ClockworkOrange22
|c|☆Commando 55|U2
|j| Satsuki Nubaru
|j| Ectross0
|j|+SacredCV
|
|t:|1603445775
|start
|switch|p1a: Pelipper|Pelipper, M|100/100
|switch|p2a: Tornadus|Tornadus-Therian, M|100/100
|-weather|RainDance|[from] ability: Drizzle|[of] p1a: Pelipper
|turn|1
|
|t:|1603445779
|switch|p1a: Blissey|Blissey, F|100/100
|move|p2a: Tornadus|Knock Off|p1a: Blissey
|-damage|p1a: Blissey|81/100
|-enditem|p1a: Blissey|Heavy-Duty Boots|[from] move: Knock Off|[of] p2a: Tornadus
|
|-weather|RainDance|[upkeep]
|upkeep
|turn|2
|inactive|Battle timer is ON: inactive players will automatically lose when time's up. (requested by Commando 55)
|
|t:|1603445785
|move|p2a: Tornadus|U-turn|p1a: Blissey
|-damage|p1a: Blissey|67/100
|j| Clozap9
|
|t:|1603445787
|switch|p2a: Hippowdon|Hippowdon, F|100/100|[from]move: U-turn
|-weather|Sandstorm|[from] ability: Sand Stream|[of] p2a: Hippowdon
|move|p1a: Blissey|Teleport|p1a: Blissey
|j| tessp
|
|t:|1603445792
|switch|p1a: Pelipper|Pelipper, M|100/100|[from]move: Teleport
|-weather|RainDance|[from] ability: Drizzle|[of] p1a: Pelipper
|
|-weather|RainDance|[upkeep]
|upkeep
|turn|3
|
|t:|1603445796
|switch|p2a: Slowbro|Slowbro, M|100/100
|move|p1a: Pelipper|Scald|p2a: Slowbro
|-resisted|p2a: Slowbro
|-damage|p2a: Slowbro|78/100
|
|-weather|RainDance|[upkeep]
|upkeep
|turn|4
|
|t:|1603445801
|move|p1a: Pelipper|Scald|p2a: Slowbro
|-resisted|p2a: Slowbro
|-damage|p2a: Slowbro|56/100
|-status|p2a: Slowbro|brn
|move|p2a: Slowbro|Teleport|p2a: Slowbro
|j| terabytekion
|
|t:|1603445806
|switch|p2a: Spectrier|Spectrier|100/100|[from]move: Teleport
|
|-weather|RainDance|[upkeep]
|upkeep
|turn|5
|
|t:|1603445810
|switch|p1a: Blissey|Blissey, F|67/100
|move|p2a: Spectrier|Substitute|p2a: Spectrier
|-start|p2a: Spectrier|Substitute
|-damage|p2a: Spectrier|76/100
|
|-weather|RainDance|[upkeep]
|upkeep
|turn|6
|j| Amens
|c| tessp|i see regieeleki on every team lol
|j| Mike08
|j| highgxedoritos
|
|t:|1603445824
|move|p2a: Spectrier|Nasty Plot|p2a: Spectrier
|-boost|p2a: Spectrier|spa|2
|move|p1a: Blissey|Teleport|p1a: Blissey
|
|t:|1603445828
|switch|p1a: Regieleki|Regieleki|100/100|[from]move: Teleport
|
|-weather|RainDance|[upkeep]
|upkeep
|turn|7
|j| drivance
|
|t:|1603445834
|move|p1a: Regieleki|Volt Switch|p2a: Spectrier
|-end|p2a: Spectrier|Substitute
|
|t:|1603445836
|switch|p1a: Blissey|Blissey, F|67/100|[from]move: Volt Switch
|move|p2a: Spectrier|Shadow Ball|p1a: Blissey
|-immune|p1a: Blissey
|
|-weather|RainDance|[upkeep]
|upkeep
|turn|8
|
|t:|1603445842
|move|p2a: Spectrier|Substitute|p2a: Spectrier
|-start|p2a: Spectrier|Substitute
|-damage|p2a: Spectrier|51/100
|move|p1a: Blissey|Teleport|p1a: Blissey
|
|t:|1603445845
|switch|p1a: Regieleki|Regieleki|100/100|[from]move: Teleport
|
|-weather|RainDance|[upkeep]
|upkeep
|turn|9
|
|t:|1603445848
|move|p1a: Regieleki|Volt Switch|p2a: Spectrier
|-end|p2a: Spectrier|Substitute
|
|t:|1603445850
|switch|p1a: Pelipper|Pelipper, M|100/100|[from]move: Volt Switch
|move|p2a: Spectrier|Dark Pulse|p1a: Pelipper
|-damage|p1a: Pelipper|22/100
|
|-weather|none
|upkeep
|turn|10
|c|☆Commando 55|Misclcik
|
|t:|1603445867
|switch|p1a: Blissey|Blissey, F|67/100
|move|p2a: Spectrier|Dark Pulse|p1a: Blissey
|-damage|p1a: Blissey|47/100
|
|upkeep
|turn|11
|
|t:|1603445878
|switch|p2a: Hippowdon|Hippowdon, F|100/100
|-weather|Sandstorm|[from] ability: Sand Stream|[of] p2a: Hippowdon
|move|p1a: Blissey|Soft-Boiled|p1a: Blissey
|-heal|p1a: Blissey|97/100
|
|-weather|Sandstorm|[upkeep]
|-damage|p1a: Blissey|90/100|[from] Sandstorm
|upkeep
|turn|12
|
|t:|1603445882
|switch|p1a: Pelipper|Pelipper, M|22/100
|-weather|RainDance|[from] ability: Drizzle|[of] p1a: Pelipper
|move|p2a: Hippowdon|Stealth Rock|p1a: Pelipper
|-sidestart|p1: Commando 55|move: Stealth Rock
|
|-weather|RainDance|[upkeep]
|upkeep
|turn|13
|
|t:|1603445888
|switch|p2a: Tornadus|Tornadus-Therian, M|100/100
|move|p1a: Pelipper|Roost|p1a: Pelipper
|-heal|p1a: Pelipper|72/100
|-singleturn|p1a: Pelipper|move: Roost
|
|-weather|RainDance|[upkeep]
|upkeep
|turn|14
|
|t:|1603445896
|move|p2a: Tornadus|Hurricane|p1a: Pelipper
|-damage|p1a: Pelipper|14/100
|move|p1a: Pelipper|Defog|p2a: Tornadus
|-unboost|p2a: Tornadus|evasion|1
|-sideend|p1: Commando 55|Stealth Rock|[from] move: Defog|[of] p1a: Pelipper
|
|-weather|RainDance|[upkeep]
|upkeep
|turn|15
|
|t:|1603445902
|switch|p1a: Blissey|Blissey, F|90/100
|move|p2a: Tornadus|U-turn|p1a: Blissey
|-damage|p1a: Blissey|76/100
|
|t:|1603445904
|switch|p2a: Hippowdon|Hippowdon, F|100/100|[from]move: U-turn
|-weather|Sandstorm|[from] ability: Sand Stream|[of] p2a: Hippowdon
|
|-weather|Sandstorm|[upkeep]
|-damage|p1a: Blissey|70/100|[from] Sandstorm
|upkeep
|turn|16
|j| xxxaaaxxx
|
|t:|1603445907
|switch|p1a: Pelipper|Pelipper, M|14/100
|-weather|RainDance|[from] ability: Drizzle|[of] p1a: Pelipper
|move|p2a: Hippowdon|Stealth Rock|p1a: Pelipper
|-sidestart|p1: Commando 55|move: Stealth Rock
|
|-weather|RainDance|[upkeep]
|upkeep
|turn|17
|
|t:|1603445911
|switch|p2a: Tornadus|Tornadus-Therian, M|100/100
|move|p1a: Pelipper|Defog|p2a: Tornadus
|-unboost|p2a: Tornadus|evasion|1
|-sideend|p1: Commando 55|Stealth Rock|[from] move: Defog|[of] p1a: Pelipper
|
|-weather|RainDance|[upkeep]
|upkeep
|turn|18
|
|t:|1603445921
|switch|p1a: Kingdra|Kingdra, M|100/100
|move|p2a: Tornadus|Hurricane|p1a: Kingdra
|-damage|p1a: Kingdra|52/100
|
|-weather|RainDance|[upkeep]
|upkeep
|turn|19
|j| Asaret
|
|t:|1603445930
|switch|p2a: Slowbro|Slowbro, M|90/100 brn
|move|p1a: Kingdra|Hydro Pump|p2a: Slowbro
|-resisted|p2a: Slowbro
|-damage|p2a: Slowbro|31/100 brn
|
|-weather|RainDance|[upkeep]
|-damage|p2a: Slowbro|25/100 brn|[from] brn
|upkeep
|turn|20
|j| DekaChan
|
|t:|1603445937
|switch|p2a: Spectrier|Spectrier|51/100
|move|p1a: Kingdra|Hydro Pump|p2a: Spectrier
|-damage|p2a: Spectrier|0 fnt
|faint|p2a: Spectrier
|
|-weather|RainDance|[upkeep]
|upkeep
|l| DekaChan
|
|t:|1603445948
|switch|p2a: Hippowdon|Hippowdon, F|100/100
|-weather|Sandstorm|[from] ability: Sand Stream|[of] p2a: Hippowdon
|turn|21
|
|t:|1603445952
|switch|p1a: Pelipper|Pelipper, M|14/100
|-weather|RainDance|[from] ability: Drizzle|[of] p1a: Pelipper
|switch|p2a: Tornadus|Tornadus-Therian, M|100/100
|
|-weather|RainDance|[upkeep]
|upkeep
|turn|22
|
|t:|1603445956
|switch|p1a: Blissey|Blissey, F|70/100
|move|p2a: Tornadus|U-turn|p1a: Blissey
|-damage|p1a: Blissey|55/100
|
|t:|1603445959
|switch|p2a: Hippowdon|Hippowdon, F|100/100|[from]move: U-turn
|-weather|Sandstorm|[from] ability: Sand Stream|[of] p2a: Hippowdon
|
|-weather|Sandstorm|[upkeep]
|-damage|p1a: Blissey|49/100|[from] Sandstorm
|upkeep
|turn|23
|
|t:|1603445962
|switch|p1a: Pelipper|Pelipper, M|14/100
|-weather|RainDance|[from] ability: Drizzle|[of] p1a: Pelipper
|move|p2a: Hippowdon|Stealth Rock|p1a: Pelipper
|-sidestart|p1: Commando 55|move: Stealth Rock
|
|-weather|RainDance|[upkeep]
|upkeep
|turn|24
|
|t:|1603445966
|switch|p2a: Tornadus|Tornadus-Therian, M|100/100
|move|p1a: Pelipper|Defog|p2a: Tornadus
|-unboost|p2a: Tornadus|evasion|1
|-sideend|p1: Commando 55|Stealth Rock|[from] move: Defog|[of] p1a: Pelipper
|
|-weather|RainDance|[upkeep]
|upkeep
|turn|25
|
|t:|1603445970
|switch|p1a: Ferrothorn|Ferrothorn, M|100/100
|move|p2a: Tornadus|U-turn|p1a: Ferrothorn
|-damage|p1a: Ferrothorn|91/100
|-damage|p2a: Tornadus|88/100|[from] ability: Iron Barbs|[of] p1a: Ferrothorn
|-damage|p2a: Tornadus|71/100|[from] item: Rocky Helmet|[of] p1a: Ferrothorn
|
|t:|1603445973
|switch|p2a: Hippowdon|Hippowdon, F|100/100|[from]move: U-turn
|-weather|Sandstorm|[from] ability: Sand Stream|[of] p2a: Hippowdon
|
|-weather|Sandstorm|[upkeep]
|upkeep
|turn|26
|
|t:|1603445977
|switch|p1a: Pelipper|Pelipper, M|14/100
|-weather|RainDance|[from] ability: Drizzle|[of] p1a: Pelipper
|move|p2a: Hippowdon|Stealth Rock|p1a: Pelipper
|-sidestart|p1: Commando 55|move: Stealth Rock
|
|-weather|RainDance|[upkeep]
|upkeep
|turn|27
|
|t:|1603445980
|switch|p2a: Tornadus|Tornadus-Therian, M|100/100
|move|p1a: Pelipper|Roost|p1a: Pelipper
|-heal|p1a: Pelipper|65/100
|-singleturn|p1a: Pelipper|move: Roost
|
|-weather|RainDance|[upkeep]
|upkeep
|turn|28
|
|t:|1603445983
|switch|p1a: Blissey|Blissey, F|49/100
|-damage|p1a: Blissey|36/100|[from] Stealth Rock
|move|p2a: Tornadus|Hurricane|p1a: Blissey
|-damage|p1a: Blissey|22/100
|-start|p1a: Blissey|confusion
|
|-weather|RainDance|[upkeep]
|upkeep
|turn|29
|
|t:|1603445988
|move|p2a: Tornadus|U-turn|p1a: Blissey
|-damage|p1a: Blissey|9/100
|
|t:|1603445992
|switch|p2a: Genesect|Genesect|100/100|[from]move: U-turn
|-ability|p2a: Genesect|Download|boost
|-boost|p2a: Genesect|atk|1
|-activate|p1a: Blissey|confusion
|move|p1a: Blissey|Soft-Boiled|p1a: Blissey
|-heal|p1a: Blissey|59/100
|
|-weather|RainDance|[upkeep]
|upkeep
|turn|30
|
|t:|1603445999
|switch|p1a: Ferrothorn|Ferrothorn, M|91/100
|-damage|p1a: Ferrothorn|85/100|[from] Stealth Rock
|move|p2a: Genesect|Flash Cannon|p1a: Ferrothorn
|-resisted|p1a: Ferrothorn
|-damage|p1a: Ferrothorn|68/100
|
|-weather|RainDance|[upkeep]
|upkeep
|turn|31
|
|t:|1603446010
|switch|p2a: Heatran|Heatran, M|100/100
|switch|p1a: Kingdra|Kingdra, M|52/100
|-damage|p1a: Kingdra|39/100|[from] Stealth Rock
|
|-weather|RainDance|[upkeep]
|upkeep
|turn|32
|inactive|Plasmeek has 120 seconds left.
|
|t:|1603446040
|move|p1a: Kingdra|Surf|p2a: Heatran
|-supereffective|p2a: Heatran
|-damage|p2a: Heatran|0 fnt
|faint|p2a: Heatran
|
|-weather|RainDance|[upkeep]
|upkeep
|n| pixel fyr|pixelfyr
|-message|Plasmeek forfeited.
|
|win|Commando 55
|l|☆Plasmeek
|raw|Commando 55's rating: 1792 &rarr; <strong>1809</strong><br />(+17 for winning)
|raw|Plasmeek's rating: 1750 &rarr; <strong>1732</strong><br />(-18 for losing)
|l| xxxaaaxxx
|l|+SacredCV
|l| Clozap9
|l|☆Commando 55
|l| Satsuki Nubaru
|l| Ectross0
|l| tessp
|l| terabytekion
|l| Asaret
|l| Mike08
