|raw|<div class="broadcast-blue"><strong>This battle is required to be public due to a player having a name starting with 'lt92pf'.</div>
|j|☆Lt92pf addicted
|j|☆Lenape
|t:|1660067099
|gametype|singles
|player|p1|Lt92pf addicted|266|1833
|player|p2|Lenape|1|1821
|teamsize|p1|6
|teamsize|p2|6
|gen|8
|tier|[Gen 8] OU
|rated|
|rule|Sleep Clause Mod: Limit one foe put to sleep
|rule|Species Clause: Limit one of each Pokémon
|rule|OHKO Clause: OHKO moves are banned
|rule|Evasion Items Clause: Evasion items are banned
|rule|Evasion Moves Clause: Evasion moves are banned
|rule|Endless Battle Clause: Forcing endless battles is banned
|rule|HP Percentage Mod: HP is shown in percentages
|rule|Dynamax Clause: You cannot dynamax
|clearpoke
|poke|p1|Clefable, F|
|poke|p1|Rillaboom, F|
|poke|p1|Gastrodon, M|
|poke|p1|Kartana|
|poke|p1|Heatran, F|
|poke|p1|Zapdos|
|poke|p2|Rhyperior, F|
|poke|p2|Toxapex, M|
|poke|p2|Corviknight, M|
|poke|p2|Umbreon, F|
|poke|p2|Sylveon, M|
|poke|p2|Rotom-Heat|
|teampreview
|inactive|Battle timer is ON: inactive players will automatically lose when time's up. (requested by Lenape)
|
|t:|1660067127
|start
|switch|p1a: Gastrodon|Gastrodon, M|100/100
|switch|p2a: Rotom|Rotom-Heat|100/100
|turn|1
|j| die lit carti
|
|t:|1660067132
|switch|p2a: Toxapex|Toxapex, M|100/100
|move|p1a: Gastrodon|Protect||[still]
|-fail|p1a: Gastrodon
|
|upkeep
|turn|2
|j| Cyberacc
|j| meme0267
|
|t:|1660067136
|switch|p1a: Clefable|Clefable, F|100/100
|switch|p2a: Rotom|Rotom-Heat|100/100
|
|upkeep
|turn|3
|j| Misterioussaint
|j| kind of liked it
|
|t:|1660067157
|switch|p1a: Zapdos|Zapdos|100/100
|move|p2a: Rotom|Trick|p1a: Zapdos
|-activate|p2a: Rotom|move: Trick|[of] p1a: Zapdos
|-item|p1a: Zapdos|Choice Scarf|[from] move: Trick
|-item|p2a: Rotom|Heavy-Duty Boots|[from] move: Trick
|
|upkeep
|turn|4
|j| KFC Chizza
|l| die lit carti
|
|t:|1660067171
|switch|p1a: Clefable|Clefable, F|100/100
|switch|p2a: Rhyperior|Rhyperior, F|100/100
|
|upkeep
|turn|5
|j| ivehadenoughshit
|j| vo1kna12
|j| Crowv2
|
|t:|1660067177
|move|p1a: Clefable|Stealth Rock|p2a: Rhyperior
|-sidestart|p2: Lenape|move: Stealth Rock
|move|p2a: Rhyperior|Heavy Slam|p1a: Clefable
|-supereffective|p1a: Clefable
|-damage|p1a: Clefable|42/100
|-damage|p2a: Rhyperior|84/100|[from] item: Rocky Helmet|[of] p1a: Clefable
|
|-heal|p2a: Rhyperior|90/100|[from] item: Leftovers
|upkeep
|turn|6
|
|t:|1660067182
|move|p1a: Clefable|Soft-Boiled|p1a: Clefable
|-heal|p1a: Clefable|92/100
|move|p2a: Rhyperior|Stealth Rock|p1a: Clefable
|-sidestart|p1: Lt92pf addicted|move: Stealth Rock
|
|-heal|p2a: Rhyperior|96/100|[from] item: Leftovers
|upkeep
|turn|7
|
|t:|1660067185
|move|p1a: Clefable|Knock Off|p2a: Rhyperior
|-damage|p2a: Rhyperior|87/100
|-enditem|p2a: Rhyperior|Leftovers|[from] move: Knock Off|[of] p1a: Clefable
|move|p2a: Rhyperior|Heavy Slam|p1a: Clefable
|-supereffective|p1a: Clefable
|-damage|p1a: Clefable|32/100
|-damage|p2a: Rhyperior|71/100|[from] item: Rocky Helmet|[of] p1a: Clefable
|
|upkeep
|turn|8
|j| archedeacon
|j| LegendaryC26
|
|t:|1660067190
|move|p1a: Clefable|Soft-Boiled|p1a: Clefable
|-heal|p1a: Clefable|82/100
|move|p2a: Rhyperior|Heavy Slam|p1a: Clefable
|-supereffective|p1a: Clefable
|-damage|p1a: Clefable|22/100
|-damage|p2a: Rhyperior|54/100|[from] item: Rocky Helmet|[of] p1a: Clefable
|
|upkeep
|turn|9
|
|t:|1660067195
|switch|p1a: Heatran|Heatran, F|100/100
|-damage|p1a: Heatran|88/100|[from] Stealth Rock
|move|p2a: Rhyperior|Heavy Slam|p1a: Heatran
|-resisted|p1a: Heatran
|-damage|p1a: Heatran|85/100
|
|-heal|p1a: Heatran|92/100|[from] item: Leftovers
|upkeep
|turn|10
|
|t:|1660067205
|switch|p1a: Gastrodon|Gastrodon, M|100/100
|-damage|p1a: Gastrodon|94/100|[from] Stealth Rock
|move|p2a: Rhyperior|Earthquake|p1a: Gastrodon
|-crit|p1a: Gastrodon
|-damage|p1a: Gastrodon|24/100
|
|-heal|p1a: Gastrodon|31/100|[from] item: Leftovers
|upkeep
|turn|11
|
|t:|1660067210
|move|p1a: Gastrodon|Protect|p1a: Gastrodon
|-singleturn|p1a: Gastrodon|Protect
|move|p2a: Rhyperior|Earthquake|p1a: Gastrodon
|-activate|p1a: Gastrodon|move: Protect
|
|-heal|p1a: Gastrodon|37/100|[from] item: Leftovers
|upkeep
|turn|12
|
|t:|1660067216
|switch|p1a: Rillaboom|Rillaboom, F|100/100
|-damage|p1a: Rillaboom|88/100|[from] Stealth Rock
|-fieldstart|move: Grassy Terrain|[from] ability: Grassy Surge|[of] p1a: Rillaboom
|move|p2a: Rhyperior|Earthquake|p1a: Rillaboom
|-resisted|p1a: Rillaboom
|-damage|p1a: Rillaboom|78/100
|
|-heal|p1a: Rillaboom|84/100|[from] Grassy Terrain
|-heal|p2a: Rhyperior|60/100|[from] Grassy Terrain
|upkeep
|turn|13
|
|t:|1660067235
|switch|p2a: Corviknight|Corviknight, M|100/100
|-damage|p2a: Corviknight|88/100|[from] Stealth Rock
|-ability|p2a: Corviknight|Pressure
|move|p1a: Rillaboom|Grassy Glide|p2a: Corviknight
|-resisted|p2a: Corviknight
|-damage|p2a: Corviknight|78/100
|
|-heal|p1a: Rillaboom|90/100|[from] Grassy Terrain
|-heal|p2a: Corviknight|84/100|[from] item: Leftovers
|upkeep
|turn|14
|
|t:|1660067244
|switch|p1a: Zapdos|Zapdos|100/100
|-damage|p1a: Zapdos|76/100|[from] Stealth Rock
|move|p2a: Corviknight|Substitute|p2a: Corviknight
|-start|p2a: Corviknight|Substitute
|-damage|p2a: Corviknight|59/100
|
|-heal|p2a: Corviknight|66/100|[from] item: Leftovers
|upkeep
|turn|15
|
|t:|1660067256
|switch|p1a: Clefable|Clefable, F|22/100
|move|p2a: Corviknight|Substitute|p2a: Corviknight
|-fail|p2a: Corviknight|move: Substitute
|
|-heal|p2a: Corviknight|72/100|[from] item: Leftovers
|-heal|p1a: Clefable|28/100|[from] Grassy Terrain
|upkeep
|turn|16
|
|t:|1660067264
|switch|p1a: Zapdos|Zapdos|76/100
|-damage|p1a: Zapdos|51/100|[from] Stealth Rock
|move|p2a: Corviknight|Brave Bird|p1a: Zapdos
|-resisted|p1a: Zapdos
|-damage|p1a: Zapdos|27/100
|-status|p2a: Corviknight|par|[from] ability: Static|[of] p1a: Zapdos
|-damage|p2a: Corviknight|64/100 par|[from] Recoil
|
|-heal|p2a: Corviknight|70/100 par|[from] item: Leftovers
|upkeep
|turn|17
|
|t:|1660067269
|move|p1a: Zapdos|Volt Switch|p2a: Corviknight
|-supereffective|p2a: Corviknight
|-end|p2a: Corviknight|Substitute
|
|t:|1660067274
|switch|p1a: Heatran|Heatran, F|92/100|[from]move: Volt Switch
|-damage|p1a: Heatran|79/100|[from] Stealth Rock
|move|p2a: Corviknight|Bulk Up|p2a: Corviknight
|-boost|p2a: Corviknight|atk|1
|-boost|p2a: Corviknight|def|1
|
|-heal|p1a: Heatran|85/100|[from] Grassy Terrain
|-heal|p1a: Heatran|92/100|[from] item: Leftovers
|-heal|p2a: Corviknight|77/100 par|[from] item: Leftovers
|upkeep
|turn|18
|
|t:|1660067281
|switch|p2a: Rhyperior|Rhyperior, F|60/100
|-damage|p2a: Rhyperior|54/100|[from] Stealth Rock
|move|p1a: Heatran|Magma Storm|p2a: Rhyperior|[miss]
|-miss|p1a: Heatran|p2a: Rhyperior
|
|-heal|p1a: Heatran|98/100|[from] Grassy Terrain
|-heal|p1a: Heatran|100/100|[from] item: Leftovers
|-heal|p2a: Rhyperior|60/100|[from] Grassy Terrain
|upkeep
|turn|19
|j| snowwoman
|
|t:|1660067299
|switch|p1a: Rillaboom|Rillaboom, F|90/100
|-damage|p1a: Rillaboom|78/100|[from] Stealth Rock
|move|p2a: Rhyperior|Earthquake|p1a: Rillaboom
|-resisted|p1a: Rillaboom
|-damage|p1a: Rillaboom|68/100
|
|-heal|p1a: Rillaboom|74/100|[from] Grassy Terrain
|-heal|p2a: Rhyperior|67/100|[from] Grassy Terrain
|-fieldend|move: Grassy Terrain
|upkeep
|turn|20
|l| snowwoman
|
|t:|1660067317
|switch|p2a: Umbreon|Umbreon, F|100/100
|-damage|p2a: Umbreon|88/100|[from] Stealth Rock
|move|p1a: Rillaboom|Grassy Glide|p2a: Umbreon
|-crit|p2a: Umbreon
|-damage|p2a: Umbreon|52/100
|
|-heal|p2a: Umbreon|58/100|[from] item: Leftovers
|upkeep
|turn|21
|j| rheysali
|
|t:|1660067322
|switch|p1a: Clefable|Clefable, F|28/100
|move|p2a: Umbreon|Heal Bell|p2a: Umbreon
|-activate|p2a: Umbreon|move: Heal Bell
|-curestatus|p2: Corviknight|par|[msg]
|
|-heal|p2a: Umbreon|64/100|[from] item: Leftovers
|upkeep
|turn|22
|l| ivehadenoughshit
|
|t:|1660067330
|move|p2a: Umbreon|Wish|p2a: Umbreon
|move|p1a: Clefable|Knock Off|p2a: Umbreon
|-resisted|p2a: Umbreon
|-damage|p2a: Umbreon|60/100
|-enditem|p2a: Umbreon|Leftovers|[from] move: Knock Off|[of] p1a: Clefable
|
|upkeep
|turn|23
|
|t:|1660067334
|switch|p2a: Rhyperior|Rhyperior, F|67/100
|-damage|p2a: Rhyperior|60/100|[from] Stealth Rock
|move|p1a: Clefable|Soft-Boiled|p1a: Clefable
|-heal|p1a: Clefable|78/100
|
|-heal|p2a: Rhyperior|100/100|[from] move: Wish|[wisher] Umbreon
|upkeep
|turn|24
|
|t:|1660067338
|move|p1a: Clefable|Soft-Boiled|p1a: Clefable
|-heal|p1a: Clefable|100/100
|move|p2a: Rhyperior|Heavy Slam|p1a: Clefable
|-supereffective|p1a: Clefable
|-damage|p1a: Clefable|46/100
|-damage|p2a: Rhyperior|84/100|[from] item: Rocky Helmet|[of] p1a: Clefable
|
|upkeep
|turn|25
|
|t:|1660067344
|move|p1a: Clefable|Soft-Boiled|p1a: Clefable
|-heal|p1a: Clefable|96/100
|move|p2a: Rhyperior|Heavy Slam|p1a: Clefable
|-supereffective|p1a: Clefable
|-damage|p1a: Clefable|37/100
|-damage|p2a: Rhyperior|67/100|[from] item: Rocky Helmet|[of] p1a: Clefable
|
|upkeep
|turn|26
|
|t:|1660067353
|switch|p1a: Kartana|Kartana|100/100
|-damage|p1a: Kartana|94/100|[from] Stealth Rock
|move|p2a: Rhyperior|Heavy Slam|p1a: Kartana
|-resisted|p1a: Kartana
|-damage|p1a: Kartana|74/100
|
|upkeep
|turn|27
|
|t:|1660067361
|switch|p2a: Rotom|Rotom-Heat|100/100
|move|p1a: Kartana|Leaf Blade|p2a: Rotom
|-resisted|p2a: Rotom
|-damage|p2a: Rotom|70/100
|
|upkeep
|turn|28
|
|t:|1660067377
|switch|p1a: Heatran|Heatran, F|100/100
|-damage|p1a: Heatran|88/100|[from] Stealth Rock
|move|p2a: Rotom|Defog|p1a: Heatran
|-unboost|p1a: Heatran|evasion|1
|-sideend|p1: Lt92pf addicted|Stealth Rock|[from] move: Defog|[of] p2a: Rotom
|-sideend|p2: Lenape|Stealth Rock|[from] move: Defog|[of] p2a: Rotom
|
|-heal|p1a: Heatran|94/100|[from] item: Leftovers
|upkeep
|turn|29
|
|t:|1660067385
|move|p2a: Rotom|Discharge|p1a: Heatran
|-damage|p1a: Heatran|76/100
|move|p1a: Heatran|Magma Storm|p2a: Rotom
|-resisted|p2a: Rotom
|-damage|p2a: Rotom|51/100
|-activate|p2a: Rotom|move: Magma Storm|[of] p1a: Heatran
|
|-heal|p1a: Heatran|82/100|[from] item: Leftovers
|-damage|p2a: Rotom|39/100|[from] move: Magma Storm|[partiallytrapped]
|upkeep
|turn|30
|
|t:|1660067390
|move|p1a: Heatran|Protect|p1a: Heatran
|-singleturn|p1a: Heatran|Protect
|move|p2a: Rotom|Discharge|p1a: Heatran
|-activate|p1a: Heatran|move: Protect
|
|-heal|p1a: Heatran|88/100|[from] item: Leftovers
|-damage|p2a: Rotom|26/100|[from] move: Magma Storm|[partiallytrapped]
|upkeep
|turn|31
|
|t:|1660067404
|move|p2a: Rotom|Trick|p1a: Heatran
|-activate|p2a: Rotom|move: Trick|[of] p1a: Heatran
|-item|p1a: Heatran|Heavy-Duty Boots|[from] move: Trick
|-item|p2a: Rotom|Leftovers|[from] move: Trick
|move|p1a: Heatran|Toxic|p2a: Rotom
|-status|p2a: Rotom|tox
|
|-heal|p2a: Rotom|32/100 tox|[from] item: Leftovers
|-damage|p2a: Rotom|26/100 tox|[from] psn
|-damage|p2a: Rotom|14/100 tox|[from] move: Magma Storm|[partiallytrapped]
|upkeep
|turn|32
|
|t:|1660067413
|move|p1a: Heatran|Protect|p1a: Heatran
|-singleturn|p1a: Heatran|Protect
|move|p2a: Rotom|Discharge|p1a: Heatran
|-activate|p1a: Heatran|move: Protect
|
|-heal|p2a: Rotom|20/100 tox|[from] item: Leftovers
|-damage|p2a: Rotom|7/100 tox|[from] psn
|-damage|p2a: Rotom|0 fnt|[from] move: Magma Storm|[partiallytrapped]
|faint|p2a: Rotom
|upkeep
|
|t:|1660067414
|switch|p2a: Rhyperior|Rhyperior, F|67/100
|turn|33
|
|t:|1660067421
|switch|p1a: Zapdos|Zapdos|27/100
|move|p2a: Rhyperior|Stealth Rock|p1a: Zapdos
|-sidestart|p1: Lt92pf addicted|move: Stealth Rock
|
|upkeep
|turn|34
|
|t:|1660067425
|move|p1a: Zapdos|Defog|p2a: Rhyperior
|-unboost|p2a: Rhyperior|evasion|1
|-sideend|p1: Lt92pf addicted|Stealth Rock|[from] move: Defog|[of] p1a: Zapdos
|move|p2a: Rhyperior|Rock Blast|p1a: Zapdos
|-supereffective|p1a: Zapdos
|-damage|p1a: Zapdos|5/100
|-supereffective|p1a: Zapdos
|-damage|p1a: Zapdos|0 fnt
|faint|p1a: Zapdos
|-hitcount|p1: Zapdos|2
|
|upkeep
|
|t:|1660067434
|switch|p1a: Rillaboom|Rillaboom, F|74/100
|-fieldstart|move: Grassy Terrain|[from] ability: Grassy Surge|[of] p1a: Rillaboom
|turn|35
|
|t:|1660067439
|switch|p2a: Toxapex|Toxapex, M|100/100
|move|p1a: Rillaboom|Swords Dance|p1a: Rillaboom
|-boost|p1a: Rillaboom|atk|2
|
|-heal|p1a: Rillaboom|81/100|[from] Grassy Terrain
|upkeep
|turn|36
|
|t:|1660067447
|switch|p1a: Clefable|Clefable, F|37/100
|move|p2a: Toxapex|Toxic|p1a: Clefable
|-status|p1a: Clefable|tox
|
|-heal|p1a: Clefable|43/100 tox|[from] Grassy Terrain
|upkeep
|turn|37
|
|t:|1660067451
|switch|p2a: Rhyperior|Rhyperior, F|67/100
|move|p1a: Clefable|Stealth Rock|p2a: Rhyperior
|-sidestart|p2: Lenape|move: Stealth Rock
|
|-heal|p1a: Clefable|49/100 tox|[from] Grassy Terrain
|-heal|p2a: Rhyperior|74/100|[from] Grassy Terrain
|upkeep
|turn|38
|
|t:|1660067455
|move|p1a: Clefable|Soft-Boiled|p1a: Clefable
|-heal|p1a: Clefable|99/100 tox
|move|p2a: Rhyperior|Stealth Rock|p1a: Clefable
|-sidestart|p1: Lt92pf addicted|move: Stealth Rock
|
|-heal|p1a: Clefable|100/100 tox|[from] Grassy Terrain
|-heal|p2a: Rhyperior|80/100|[from] Grassy Terrain
|upkeep
|turn|39
|
|t:|1660067457
|move|p1a: Clefable|Moonblast|p2a: Rhyperior
|-damage|p2a: Rhyperior|52/100
|move|p2a: Rhyperior|Heavy Slam|p1a: Clefable
|-supereffective|p1a: Clefable
|-damage|p1a: Clefable|44/100 tox
|-damage|p2a: Rhyperior|36/100|[from] item: Rocky Helmet|[of] p1a: Clefable
|
|-heal|p1a: Clefable|50/100 tox|[from] Grassy Terrain
|-heal|p2a: Rhyperior|42/100|[from] Grassy Terrain
|upkeep
|turn|40
|
|t:|1660067461
|move|p1a: Clefable|Soft-Boiled|p1a: Clefable
|-heal|p1a: Clefable|99/100 tox
|move|p2a: Rhyperior|Heavy Slam|p1a: Clefable
|-supereffective|p1a: Clefable
|-damage|p1a: Clefable|44/100 tox
|-damage|p2a: Rhyperior|25/100|[from] item: Rocky Helmet|[of] p1a: Clefable
|
|-heal|p1a: Clefable|50/100 tox|[from] Grassy Terrain
|-heal|p2a: Rhyperior|31/100|[from] Grassy Terrain
|upkeep
|turn|41
|
|t:|1660067469
|move|p1a: Clefable|Soft-Boiled|p1a: Clefable
|-heal|p1a: Clefable|100/100 tox
|move|p2a: Rhyperior|Heavy Slam|p1a: Clefable
|-supereffective|p1a: Clefable
|-damage|p1a: Clefable|41/100 tox
|-damage|p2a: Rhyperior|15/100|[from] item: Rocky Helmet|[of] p1a: Clefable
|
|-heal|p1a: Clefable|47/100 tox|[from] Grassy Terrain
|-heal|p2a: Rhyperior|21/100|[from] Grassy Terrain
|upkeep
|turn|42
|
|t:|1660067472
|move|p1a: Clefable|Soft-Boiled|p1a: Clefable
|-heal|p1a: Clefable|97/100 tox
|move|p2a: Rhyperior|Heavy Slam|p1a: Clefable
|-supereffective|p1a: Clefable
|-damage|p1a: Clefable|37/100 tox
|-damage|p2a: Rhyperior|4/100|[from] item: Rocky Helmet|[of] p1a: Clefable
|
|-heal|p1a: Clefable|43/100 tox|[from] Grassy Terrain
|-heal|p2a: Rhyperior|11/100|[from] Grassy Terrain
|-fieldend|move: Grassy Terrain
|upkeep
|turn|43
|
|t:|1660067489
|switch|p1a: Gastrodon|Gastrodon, M|37/100
|-damage|p1a: Gastrodon|31/100|[from] Stealth Rock
|move|p2a: Rhyperior|Heavy Slam|p1a: Gastrodon
|-resisted|p1a: Gastrodon
|-damage|p1a: Gastrodon|13/100
|
|-heal|p1a: Gastrodon|19/100|[from] item: Leftovers
|upkeep
|turn|44
|
|t:|1660067491
|move|p2a: Rhyperior|Earthquake|p1a: Gastrodon
|-damage|p1a: Gastrodon|0 fnt
|faint|p1a: Gastrodon
|
|upkeep
|j| RNN YasuKe
|inactive|Lt92pf addicted has 120 seconds left.
|l| Cyberacc
|
|t:|1660067533
|switch|p1a: Rillaboom|Rillaboom, F|81/100
|-damage|p1a: Rillaboom|68/100|[from] Stealth Rock
|-fieldstart|move: Grassy Terrain|[from] ability: Grassy Surge|[of] p1a: Rillaboom
|turn|45
|
|t:|1660067538
|switch|p2a: Toxapex|Toxapex, M|100/100
|-damage|p2a: Toxapex|88/100|[from] Stealth Rock
|move|p1a: Rillaboom|Swords Dance|p1a: Rillaboom
|-boost|p1a: Rillaboom|atk|2
|
|-heal|p1a: Rillaboom|74/100|[from] Grassy Terrain
|-heal|p2a: Toxapex|94/100|[from] Grassy Terrain
|-heal|p2a: Toxapex|100/100|[from] item: Black Sludge
|upkeep
|turn|46
|inactive|Lt92pf addicted has 120 seconds left.
|
|t:|1660067561
|switch|p1a: Clefable|Clefable, F|43/100 tox
|move|p2a: Toxapex|Toxic|p1a: Clefable
|-fail|p1a: Clefable|tox
|
|-heal|p1a: Clefable|49/100 tox|[from] Grassy Terrain
|upkeep
|turn|47
|
|t:|1660067572
|switch|p2a: Rhyperior|Rhyperior, F|11/100
|-damage|p2a: Rhyperior|4/100|[from] Stealth Rock
|move|p1a: Clefable|Knock Off|p2a: Rhyperior
|-damage|p2a: Rhyperior|0 fnt
|faint|p2a: Rhyperior
|
|-heal|p1a: Clefable|56/100 tox|[from] Grassy Terrain
|upkeep
|
|t:|1660067575
|switch|p2a: Corviknight|Corviknight, M|77/100
|-damage|p2a: Corviknight|64/100|[from] Stealth Rock
|-ability|p2a: Corviknight|Pressure
|turn|48
|inactive|Lt92pf addicted has 120 seconds left.
|
|t:|1660067583
|switch|p1a: Rillaboom|Rillaboom, F|74/100
|-damage|p1a: Rillaboom|62/100|[from] Stealth Rock
|move|p2a: Corviknight|Substitute|p2a: Corviknight
|-start|p2a: Corviknight|Substitute
|-damage|p2a: Corviknight|39/100
|
|-heal|p1a: Rillaboom|68/100|[from] Grassy Terrain
|-heal|p2a: Corviknight|45/100|[from] item: Leftovers
|upkeep
|turn|49
|
|t:|1660067592
|move|p1a: Rillaboom|Superpower|p2a: Corviknight
|-end|p2a: Corviknight|Substitute
|-unboost|p1a: Rillaboom|atk|1
|-unboost|p1a: Rillaboom|def|1
|move|p2a: Corviknight|Roost|p2a: Corviknight
|-heal|p2a: Corviknight|95/100
|-singleturn|p2a: Corviknight|move: Roost
|
|-heal|p1a: Rillaboom|74/100|[from] Grassy Terrain
|-heal|p2a: Corviknight|100/100|[from] Grassy Terrain
|upkeep
|turn|50
|
|t:|1660067596
|move|p1a: Rillaboom|Swords Dance|p1a: Rillaboom
|-boost|p1a: Rillaboom|atk|2
|move|p2a: Corviknight|Substitute|p2a: Corviknight
|-start|p2a: Corviknight|Substitute
|-damage|p2a: Corviknight|75/100
|
|-heal|p1a: Rillaboom|81/100|[from] Grassy Terrain
|-heal|p2a: Corviknight|82/100|[from] item: Leftovers
|upkeep
|turn|51
|
|t:|1660067600
|move|p1a: Rillaboom|Swords Dance|p1a: Rillaboom
|-boost|p1a: Rillaboom|atk|2
|move|p2a: Corviknight|Bulk Up|p2a: Corviknight
|-boost|p2a: Corviknight|atk|1
|-boost|p2a: Corviknight|def|1
|
|-heal|p1a: Rillaboom|87/100|[from] Grassy Terrain
|-heal|p2a: Corviknight|88/100|[from] item: Leftovers
|upkeep
|turn|52
|
|t:|1660067609
|move|p1a: Rillaboom|Superpower|p2a: Corviknight
|-end|p2a: Corviknight|Substitute
|-unboost|p1a: Rillaboom|atk|1
|-unboost|p1a: Rillaboom|def|1
|move|p2a: Corviknight|Bulk Up|p2a: Corviknight
|-boost|p2a: Corviknight|atk|1
|-boost|p2a: Corviknight|def|1
|
|-heal|p1a: Rillaboom|93/100|[from] Grassy Terrain
|-heal|p2a: Corviknight|94/100|[from] item: Leftovers
|-fieldend|move: Grassy Terrain
|upkeep
|turn|53
|
|t:|1660067622
|move|p1a: Rillaboom|Swords Dance|p1a: Rillaboom
|-boost|p1a: Rillaboom|atk|2
|move|p2a: Corviknight|Roost|p2a: Corviknight
|-heal|p2a: Corviknight|100/100
|-singleturn|p2a: Corviknight|move: Roost
|
|upkeep
|turn|54
|
|t:|1660067629
|move|p1a: Rillaboom|Swords Dance|p1a: Rillaboom
|-boost|p1a: Rillaboom|atk|2
|move|p2a: Corviknight|Brave Bird|p1a: Rillaboom
|-supereffective|p1a: Rillaboom
|-damage|p1a: Rillaboom|0 fnt
|faint|p1a: Rillaboom
|-damage|p2a: Corviknight|70/100|[from] Recoil
|
|-heal|p2a: Corviknight|76/100|[from] item: Leftovers
|upkeep
|c| Crowv2|dude....
|c|☆Lenape|You were over predicting
|c|☆Lenape|You made that clear
|inactive|Lt92pf addicted has 120 seconds left.
|c|☆Lenape|Next time don't tellegraph your moves
|
|t:|1660067669
|switch|p1a: Heatran|Heatran, F|88/100
|turn|55
|
|t:|1660067673
|switch|p2a: Toxapex|Toxapex, M|100/100
|-damage|p2a: Toxapex|88/100|[from] Stealth Rock
|move|p1a: Heatran|Magma Storm|p2a: Toxapex
|-resisted|p2a: Toxapex
|-damage|p2a: Toxapex|71/100
|-activate|p2a: Toxapex|move: Magma Storm|[of] p1a: Heatran
|
|-heal|p2a: Toxapex|77/100|[from] item: Black Sludge
|-damage|p2a: Toxapex|64/100|[from] move: Magma Storm|[partiallytrapped]
|upkeep
|turn|56
|
|t:|1660067679
|move|p1a: Heatran|Earth Power|p2a: Toxapex
|-supereffective|p2a: Toxapex
|-damage|p2a: Toxapex|18/100
|move|p2a: Toxapex|Scald|p1a: Heatran
|-supereffective|p1a: Heatran
|-damage|p1a: Heatran|65/100
|
|-heal|p2a: Toxapex|25/100|[from] item: Black Sludge
|-damage|p2a: Toxapex|12/100|[from] move: Magma Storm|[partiallytrapped]
|upkeep
|turn|57
|c|☆Lt92pf addicted|aight
|
|t:|1660067693
|move|p1a: Heatran|Earth Power|p2a: Toxapex
|-supereffective|p2a: Toxapex
|-damage|p2a: Toxapex|0 fnt
|faint|p2a: Toxapex
|
|upkeep
|c| Crowv2|i think u choke :/
|
|t:|1660067697
|switch|p2a: Umbreon|Umbreon, F|60/100
|-damage|p2a: Umbreon|47/100|[from] Stealth Rock
|turn|58
|c|☆Lenape|MMM idk
|c| LegendaryC26|dude why is it trick boots
|
|t:|1660067716
|switch|p1a: Clefable|Clefable, F|56/100 tox
|move|p2a: Umbreon|Protect||[still]
|-fail|p2a: Umbreon
|
|upkeep
|turn|59
|c| LegendaryC26|oh wait nvm
|
|t:|1660067722
|move|p2a: Umbreon|Wish|p2a: Umbreon
|move|p1a: Clefable|Moonblast|p2a: Umbreon
|-supereffective|p2a: Umbreon
|-damage|p2a: Umbreon|6/100
|
|upkeep
|turn|60
|
|t:|1660067727
|move|p2a: Umbreon|Protect|p2a: Umbreon
|-singleturn|p2a: Umbreon|Protect
|move|p1a: Clefable|Knock Off|p2a: Umbreon
|-activate|p2a: Umbreon|move: Protect
|
|-heal|p2a: Umbreon|56/100|[from] move: Wish|[wisher] Umbreon
|upkeep
|turn|61
|
|t:|1660067730
|move|p2a: Umbreon|Wish|p2a: Umbreon
|move|p1a: Clefable|Soft-Boiled|p1a: Clefable
|-heal|p1a: Clefable|100/100 tox
|
|upkeep
|turn|62
|
|t:|1660067737
|move|p2a: Umbreon|Protect|p2a: Umbreon
|-singleturn|p2a: Umbreon|Protect
|move|p1a: Clefable|Moonblast|p2a: Umbreon
|-activate|p2a: Umbreon|move: Protect
|
|-heal|p2a: Umbreon|100/100|[from] move: Wish|[wisher] Umbreon
|upkeep
|turn|63
|
|t:|1660067741
|move|p2a: Umbreon|Wish|p2a: Umbreon
|move|p1a: Clefable|Knock Off|p2a: Umbreon
|-resisted|p2a: Umbreon
|-damage|p2a: Umbreon|98/100
|
|upkeep
|turn|64
|
|t:|1660067746
|switch|p2a: Corviknight|Corviknight, M|76/100
|-damage|p2a: Corviknight|64/100|[from] Stealth Rock
|-ability|p2a: Corviknight|Pressure
|move|p1a: Clefable|Knock Off|p2a: Corviknight
|-damage|p2a: Corviknight|52/100
|-enditem|p2a: Corviknight|Leftovers|[from] move: Knock Off|[of] p1a: Clefable
|
|-heal|p2a: Corviknight|100/100|[from] move: Wish|[wisher] Umbreon
|upkeep
|turn|65
|
|t:|1660067754
|switch|p1a: Heatran|Heatran, F|65/100
|move|p2a: Corviknight|Substitute|p2a: Corviknight
|-start|p2a: Corviknight|Substitute
|-damage|p2a: Corviknight|75/100
|
|upkeep
|turn|66
|
|t:|1660067760
|move|p1a: Heatran|Earth Power|p2a: Corviknight
|-immune|p2a: Corviknight
|move|p2a: Corviknight|Substitute|p2a: Corviknight
|-fail|p2a: Corviknight|move: Substitute
|
|upkeep
|turn|67
|
|t:|1660067765
|move|p1a: Heatran|Earth Power|p2a: Corviknight
|-immune|p2a: Corviknight
|move|p2a: Corviknight|Substitute|p2a: Corviknight
|-fail|p2a: Corviknight|move: Substitute
|
|upkeep
|turn|68
|l| Misterioussaint
|
|t:|1660067768
|move|p1a: Heatran|Toxic||[still]
|-fail|p1a: Heatran
|move|p2a: Corviknight|Substitute|p2a: Corviknight
|-fail|p2a: Corviknight|move: Substitute
|
|upkeep
|turn|69
|
|t:|1660067772
|move|p1a: Heatran|Magma Storm|p2a: Corviknight
|-supereffective|p2a: Corviknight
|-end|p2a: Corviknight|Substitute
|move|p2a: Corviknight|Substitute|p2a: Corviknight
|-start|p2a: Corviknight|Substitute
|-damage|p2a: Corviknight|50/100
|
|upkeep
|turn|70
|
|t:|1660067777
|move|p1a: Heatran|Toxic||[still]
|-fail|p1a: Heatran
|move|p2a: Corviknight|Roost|p2a: Corviknight
|-heal|p2a: Corviknight|100/100
|-singleturn|p2a: Corviknight|move: Roost
|
|upkeep
|turn|71
|
|t:|1660067781
|move|p1a: Heatran|Toxic||[still]
|-fail|p1a: Heatran
|move|p2a: Corviknight|Substitute|p2a: Corviknight
|-fail|p2a: Corviknight|move: Substitute
|
|upkeep
|turn|72
|
|t:|1660067783
|move|p1a: Heatran|Toxic||[still]
|-fail|p1a: Heatran
|move|p2a: Corviknight|Bulk Up|p2a: Corviknight
|-boost|p2a: Corviknight|atk|1
|-boost|p2a: Corviknight|def|1
|
|upkeep
|turn|73
|
|t:|1660067793
|move|p1a: Heatran|Protect|p1a: Heatran
|-singleturn|p1a: Heatran|Protect
|move|p2a: Corviknight|Substitute|p2a: Corviknight
|-fail|p2a: Corviknight|move: Substitute
|
|upkeep
|turn|74
|l| rheysali
|
|t:|1660067798
|move|p1a: Heatran|Toxic||[still]
|-fail|p1a: Heatran
|move|p2a: Corviknight|Substitute|p2a: Corviknight
|-fail|p2a: Corviknight|move: Substitute
|
|upkeep
|turn|75
|
|t:|1660067801
|move|p1a: Heatran|Toxic||[still]
|-fail|p1a: Heatran
|move|p2a: Corviknight|Bulk Up|p2a: Corviknight
|-boost|p2a: Corviknight|atk|1
|-boost|p2a: Corviknight|def|1
|
|upkeep
|turn|76
|l| meme0267
|
|t:|1660067805
|move|p1a: Heatran|Toxic||[still]
|-fail|p1a: Heatran
|move|p2a: Corviknight|Brave Bird|p1a: Heatran
|-resisted|p1a: Heatran
|-damage|p1a: Heatran|25/100
|-damage|p2a: Corviknight|88/100|[from] Recoil
|
|upkeep
|turn|77
|
|t:|1660067810
|move|p1a: Heatran|Magma Storm|p2a: Corviknight|[miss]
|-miss|p1a: Heatran|p2a: Corviknight
|move|p2a: Corviknight|Brave Bird|p1a: Heatran
|-resisted|p1a: Heatran
|-damage|p1a: Heatran|0 fnt
|faint|p1a: Heatran
|-damage|p2a: Corviknight|80/100|[from] Recoil
|
|upkeep
|
|t:|1660067814
|switch|p1a: Kartana|Kartana|74/100
|-damage|p1a: Kartana|68/100|[from] Stealth Rock
|turn|78
|
|t:|1660067816
|move|p1a: Kartana|Sacred Sword|p2a: Corviknight
|-end|p2a: Corviknight|Substitute
|move|p2a: Corviknight|Brave Bird|p1a: Kartana
|-damage|p1a: Kartana|0 fnt
|faint|p1a: Kartana
|-damage|p2a: Corviknight|65/100|[from] Recoil
|
|upkeep
|j| storm zone
|c| Crowv2|pff
|c|☆Lt92pf addicted|gg
|-message|Lt92pf addicted forfeited.
|
|win|Lenape
|raw|Lt92pf addicted's rating: 1846 &rarr; <strong>1825</strong><br />(-21 for losing)
|raw|Lenape's rating: 1821 &rarr; <strong>1842</strong><br />(+21 for winning)
|c|☆Lenape|gg
|l| KFC Chizza
|l| kind of liked it
|l| RNN YasuKe
|c| Crowv2|crows are powerful
||Ladder isn't responding, score probably updated but might not have (Request timeout).
