|j|☆Geenobe
|j|☆RickAstleyFanClub
|t:|1664161199
|gametype|singles
|player|p1|Geenobe|265|1480
|player|p2|RickAstleyFanClub|102|1539
|teamsize|p1|6
|teamsize|p2|6
|gen|8
|tier|[Gen 8] OU
|rated|
|rule|Sleep Clause Mod: Limit one foe put to sleep
|rule|Species Clause: Limit one of each Pokémon
|rule|OHKO Clause: OHKO moves are banned
|rule|Evasion Items Clause: Evasion items are banned
|rule|Evasion Moves Clause: Evasion moves are banned
|rule|Endless Battle Clause: Forcing endless battles is banned
|rule|HP Percentage Mod: HP is shown in percentages
|rule|Dynamax Clause: You cannot dynamax
|clearpoke
|poke|p1|Magnezone|
|poke|p1|Kartana|
|poke|p1|Tapu Lele|
|poke|p1|Landorus-Therian, M|
|poke|p1|Toxapex, M|
|poke|p1|Tornadus-Therian, M|
|poke|p2|Victini|
|poke|p2|Volcanion|
|poke|p2|Celesteela|
|poke|p2|Necrozma|
|poke|p2|Landorus-Therian, M|
|poke|p2|Kommo-o, M|
|teampreview
|inactive|Battle timer is ON: inactive players will automatically lose when time's up. (requested by RickAstleyFanClub)
|
|t:|1664161219
|start
|switch|p1a: Magnezone|Magnezone|100/100
|switch|p2a: Victini|Victini|100/100
|-item|p1a: Magnezone|Air Balloon
|turn|1
|
|t:|1664161223
|switch|p1a: Landorus|Landorus-Therian, M|100/100
|-ability|p1a: Landorus|Intimidate|boost
|-unboost|p2a: Victini|atk|1
|move|p2a: Victini|Final Gambit|p1a: Landorus
|-damage|p1a: Landorus|0 fnt
|faint|p2a: Victini
|faint|p1a: Landorus
|
|upkeep
|
|t:|1664161241
|switch|p2a: Volcanion|Volcanion|100/100
|switch|p1a: Tapu Lele|Tapu Lele|100/100
|-fieldstart|move: Psychic Terrain|[from] ability: Psychic Surge|[of] p1a: Tapu Lele
|turn|2
|
|t:|1664161257
|move|p1a: Tapu Lele|Psyshock|p2a: Volcanion
|-damage|p2a: Volcanion|56/100
|move|p2a: Volcanion|Sludge Bomb|p1a: Tapu Lele
|-supereffective|p1a: Tapu Lele
|-damage|p1a: Tapu Lele|20/100
|
|upkeep
|turn|3
|inactive|Geenobe has 120 seconds left.
|
|t:|1664161286
|switch|p1a: Tornadus|Tornadus-Therian, M|100/100
|move|p2a: Volcanion|Earth Power|p1a: Tornadus
|-immune|p1a: Tornadus
|
|upkeep
|turn|4
|inactive|Geenobe has 120 seconds left.
|
|t:|1664161292
|move|p1a: Tornadus|Knock Off|p2a: Volcanion
|-damage|p2a: Volcanion|42/100
|-enditem|p2a: Volcanion|Assault Vest|[from] move: Knock Off|[of] p1a: Tornadus
|move|p2a: Volcanion|Steam Eruption|p1a: Tornadus
|-damage|p1a: Tornadus|47/100
|
|upkeep
|turn|5
|
|t:|1664161302
|move|p1a: Tornadus|U-turn|p2a: Volcanion
|-resisted|p2a: Volcanion
|-damage|p2a: Volcanion|37/100
|
|t:|1664161306
|switch|p1a: Toxapex|Toxapex, M|100/100|[from]move: U-turn
|move|p2a: Volcanion|Steam Eruption|p1a: Toxapex
|-resisted|p1a: Toxapex
|-damage|p1a: Toxapex|74/100
|-enditem|p1a: Toxapex|Eject Button
|
|t:|1664161317
|switch|p1a: Tapu Lele|Tapu Lele|20/100
|
|upkeep
|turn|6
|
|t:|1664161322
|move|p1a: Tapu Lele|Psyshock|p2a: Volcanion
|-damage|p2a: Volcanion|0 fnt
|faint|p2a: Volcanion
|
|-fieldend|move: Psychic Terrain
|upkeep
|
|t:|1664161326
|switch|p2a: Necrozma|Necrozma|100/100
|turn|7
|
|t:|1664161339
|switch|p1a: Toxapex|Toxapex, M|100/100
|move|p2a: Necrozma|Meteor Beam||[still]
|-prepare|p2a: Necrozma|Meteor Beam
|-boost|p2a: Necrozma|spa|1
|-enditem|p2a: Necrozma|Power Herb
|-anim|p2a: Necrozma|Meteor Beam|p1a: Toxapex
|-damage|p1a: Toxapex|47/100
|
|upkeep
|turn|8
|
|t:|1664161357
|switch|p1a: Magnezone|Magnezone|100/100
|-item|p1a: Magnezone|Air Balloon
|move|p2a: Necrozma|Photon Geyser|p1a: Magnezone
|-resisted|p1a: Magnezone
|-damage|p1a: Magnezone|44/100
|-enditem|p1a: Magnezone|Air Balloon
|
|upkeep
|turn|9
|
|t:|1664161365
|move|p2a: Necrozma|Photon Geyser|p1a: Magnezone
|-resisted|p1a: Magnezone
|-damage|p1a: Magnezone|0 fnt
|faint|p1a: Magnezone
|
|upkeep
|
|t:|1664161368
|switch|p1a: Kartana|Kartana|100/100
|turn|10
|
|t:|1664161372
|move|p1a: Kartana|Leaf Blade|p2a: Necrozma
|-damage|p2a: Necrozma|2/100
|move|p2a: Necrozma|Photon Geyser|p1a: Kartana
|-resisted|p1a: Kartana
|-damage|p1a: Kartana|0 fnt
|faint|p1a: Kartana
|
|upkeep
|
|t:|1664161380
|switch|p1a: Tornadus|Tornadus-Therian, M|80/100
|turn|11
|
|t:|1664161383
|move|p1a: Tornadus|Knock Off|p2a: Necrozma
|-supereffective|p2a: Necrozma
|-damage|p2a: Necrozma|0 fnt
|faint|p2a: Necrozma
|
|upkeep
|
|t:|1664161399
|switch|p2a: Celesteela|Celesteela|100/100
|turn|12
|
|t:|1664161407
|move|p1a: Tornadus|Knock Off|p2a: Celesteela
|-damage|p2a: Celesteela|83/100
|-enditem|p2a: Celesteela|Power Herb|[from] move: Knock Off|[of] p1a: Tornadus
|move|p2a: Celesteela|Autotomize|p2a: Celesteela
|-boost|p2a: Celesteela|spe|2
|-start|p2a: Celesteela|Autotomize
|
|upkeep
|turn|13
|
|t:|1664161418
|move|p2a: Celesteela|Meteor Beam||[still]
|-prepare|p2a: Celesteela|Meteor Beam
|-boost|p2a: Celesteela|spa|1
|move|p1a: Tornadus|U-turn|p2a: Celesteela
|-resisted|p2a: Celesteela
|-damage|p2a: Celesteela|80/100
|
|t:|1664161421
|switch|p1a: Toxapex|Toxapex, M|80/100|[from]move: U-turn
|
|upkeep
|turn|14
|
|t:|1664161424
|move|p2a: Celesteela|Meteor Beam|p1a: Toxapex|[from]lockedmove
|-damage|p1a: Toxapex|28/100
|move|p1a: Toxapex|Haze|p1a: Toxapex
|-clearallboost
|
|upkeep
|turn|15
|
|t:|1664161428
|switch|p1a: Tornadus|Tornadus-Therian, M|100/100
|move|p2a: Celesteela|Air Slash|p1a: Tornadus
|-damage|p1a: Tornadus|67/100
|
|upkeep
|turn|16
|
|t:|1664161435
|move|p1a: Tornadus|Hurricane|p2a: Celesteela|[miss]
|-miss|p1a: Tornadus|p2a: Celesteela
|move|p2a: Celesteela|Meteor Beam||[still]
|-prepare|p2a: Celesteela|Meteor Beam
|-boost|p2a: Celesteela|spa|1
|
|upkeep
|turn|17
|
|t:|1664161447
|move|p1a: Tornadus|U-turn|p2a: Celesteela
|-resisted|p2a: Celesteela
|-damage|p2a: Celesteela|78/100
|
|t:|1664161449
|switch|p1a: Tapu Lele|Tapu Lele|20/100|[from]move: U-turn
|-fieldstart|move: Psychic Terrain|[from] ability: Psychic Surge|[of] p1a: Tapu Lele
|move|p2a: Celesteela|Meteor Beam|p1a: Tapu Lele|[from]lockedmove
|-damage|p1a: Tapu Lele|0 fnt
|faint|p1a: Tapu Lele
|-ability|p2a: Celesteela|Beast Boost|boost
|-boost|p2a: Celesteela|spa|1
|
|upkeep
|
|t:|1664161452
|switch|p1a: Toxapex|Toxapex, M|61/100
|turn|18
|
|t:|1664161453
|move|p2a: Celesteela|Air Slash|p1a: Toxapex
|-damage|p1a: Toxapex|0 fnt
|faint|p1a: Toxapex
|-ability|p2a: Celesteela|Beast Boost|boost
|-boost|p2a: Celesteela|spa|1
|
|upkeep
|
|t:|1664161456
|switch|p1a: Tornadus|Tornadus-Therian, M|100/100
|turn|19
|
|t:|1664161458
|move|p1a: Tornadus|Knock Off|p2a: Celesteela
|-damage|p2a: Celesteela|66/100
|move|p2a: Celesteela|Autotomize|p2a: Celesteela
|-boost|p2a: Celesteela|spe|2
|-start|p2a: Celesteela|Autotomize
|
|upkeep
|turn|20
|
|t:|1664161461
|move|p2a: Celesteela|Meteor Beam||[still]
|-prepare|p2a: Celesteela|Meteor Beam
|-boost|p2a: Celesteela|spa|1
|move|p1a: Tornadus|Knock Off|p2a: Celesteela
|-damage|p2a: Celesteela|55/100
|
|upkeep
|turn|21
|
|t:|1664161463
|move|p2a: Celesteela|Meteor Beam|p1a: Tornadus|[from]lockedmove
|-supereffective|p1a: Tornadus
|-damage|p1a: Tornadus|0 fnt
|faint|p1a: Tornadus
|
|win|RickAstleyFanClub
|raw|Geenobe's rating: 1480 &rarr; <strong>1463</strong><br />(-17 for losing)
|raw|RickAstleyFanClub's rating: 1539 &rarr; <strong>1556</strong><br />(+17 for winning)
|l|☆Geenobe
||Ladder isn't responding, score probably updated but might not have (Request timeout).
