|j|☆Commando 55
|j|☆Mimilucha
|t:|1601118456
|player|p1|Commando 55|iris-gen5bw2|1627
|player|p2|Mimilucha|80|1542
|teamsize|p1|6
|teamsize|p2|6
|gametype|singles
|gen|8
|tier|[Gen 8] OU
|rated|
|html|<div class="broadcast-blue"><strong>OU is currently suspecting Cinderace! For information on how to participate check out the <a href="https://www.smogon.com/forums/threads/3670532/">suspect thread</a>.</strong></div>
|clearpoke
|poke|p1|Clefable, F|
|poke|p1|Zoroark, F|
|poke|p1|Mandibuzz, F|
|poke|p1|Zeraora|
|poke|p1|Ferrothorn, F|
|poke|p1|Marowak-Alola, F|
|poke|p2|Gengar, F|
|poke|p2|Clefable, F|
|poke|p2|Corviknight, F|
|poke|p2|Gastrodon, M|
|poke|p2|Urshifu-*, M|
|poke|p2|Zeraora|
|rule|Sleep Clause Mod: Limit one foe put to sleep
|rule|Species Clause: Limit one of each Pokémon
|rule|OHKO Clause: OHKO moves are banned
|rule|Evasion Moves Clause: Evasion moves are banned
|rule|Endless Battle Clause: Forcing endless battles is banned
|rule|HP Percentage Mod: HP is shown in percentages
|rule|Dynamax Clause: You cannot dynamax
|teampreview
|
|t:|1601118470
|start
|switch|p1a: Marowak|Marowak-Alola, F|100/100
|switch|p2a: Urshifu|Urshifu-Rapid-Strike, M|100/100
|turn|1
|inactive|Battle timer is ON: inactive players will automatically lose when time's up. (requested by Commando 55)
|
|t:|1601118480
|switch|p1a: Clefable|Clefable, F|100/100
|move|p2a: Urshifu|U-turn|p1a: Clefable
|-resisted|p1a: Clefable
|-damage|p1a: Clefable|88/100
|
|t:|1601118486
|switch|p2a: Gengar|Gengar, F|100/100|[from]move: U-turn
|
|-heal|p1a: Clefable|94/100|[from] item: Leftovers
|upkeep
|turn|2
|
|t:|1601118495
|move|p2a: Gengar|Substitute|p2a: Gengar
|-start|p2a: Gengar|Substitute
|-damage|p2a: Gengar|76/100
|move|p1a: Clefable|Teleport|p1a: Clefable
|
|t:|1601118499
|switch|p1a: Ferrothorn|Ferrothorn, F|100/100|[from]move: Teleport
|
|-heal|p2a: Gengar|82/100|[from] item: Black Sludge
|upkeep
|turn|3
|
|t:|1601118503
|move|p2a: Gengar|Shadow Ball|p1a: Ferrothorn
|-damage|p1a: Ferrothorn|68/100
|-unboost|p1a: Ferrothorn|spd|1
|move|p1a: Ferrothorn|Knock Off|p2a: Gengar
|-supereffective|p2a: Gengar
|-end|p2a: Gengar|Substitute
|
|-heal|p2a: Gengar|88/100|[from] item: Black Sludge
|-heal|p1a: Ferrothorn|74/100|[from] item: Leftovers
|upkeep
|turn|4
|
|t:|1601118510
|switch|p2a: Clefable|Clefable, F|100/100
|move|p1a: Ferrothorn|Knock Off|p2a: Clefable
|-resisted|p2a: Clefable
|-damage|p2a: Clefable|92/100
|-enditem|p2a: Clefable|Leftovers|[from] move: Knock Off|[of] p1a: Ferrothorn
|
|-heal|p1a: Ferrothorn|80/100|[from] item: Leftovers
|upkeep
|turn|5
|
|t:|1601118516
|move|p2a: Clefable|Stealth Rock|p1a: Ferrothorn
|-sidestart|p1: Commando 55|move: Stealth Rock
|move|p1a: Ferrothorn|Spikes|p2a: Clefable
|-sidestart|p2: Mimilucha|Spikes
|
|-heal|p1a: Ferrothorn|87/100|[from] item: Leftovers
|upkeep
|turn|6
|
|t:|1601118520
|move|p2a: Clefable|Knock Off|p1a: Ferrothorn
|-damage|p1a: Ferrothorn|78/100
|-activate|p1a: Ferrothorn|ability: Iron Barbs
|-enditem|p1a: Ferrothorn|Leftovers|[from] move: Knock Off|[of] p2a: Clefable
|move|p1a: Ferrothorn|Spikes|p2a: Clefable
|-sidestart|p2: Mimilucha|Spikes
|
|upkeep
|turn|7
|
|t:|1601118527
|switch|p2a: Corviknight|Corviknight, F|100/100
|-ability|p2a: Corviknight|Pressure
|move|p1a: Ferrothorn|Spikes|p2a: Corviknight
|-sidestart|p2: Mimilucha|Spikes
|
|upkeep
|turn|8
|
|t:|1601118529
|move|p2a: Corviknight|Defog|p1a: Ferrothorn
|-unboost|p1a: Ferrothorn|evasion|1
|-sideend|p1: Commando 55|Stealth Rock|[from] move: Defog|[of] p2a: Corviknight
|-sideend|p2: Mimilucha|Spikes|[from] move: Defog|[of] p2a: Corviknight
|move|p1a: Ferrothorn|Leech Seed|p2a: Corviknight
|-start|p2a: Corviknight|move: Leech Seed
|
|-damage|p2a: Corviknight|88/100|[from] Leech Seed|[of] p1a: Ferrothorn
|-heal|p1a: Ferrothorn|92/100|[silent]
|upkeep
|turn|9
|
|t:|1601118535
|move|p2a: Corviknight|U-turn|p1a: Ferrothorn
|-damage|p1a: Ferrothorn|83/100
|-damage|p2a: Corviknight|75/100|[from] ability: Iron Barbs|[of] p1a: Ferrothorn
|
|t:|1601118538
|switch|p2a: Zeraora|Zeraora|100/100|[from]move: U-turn
|move|p1a: Ferrothorn|Spikes|p2a: Zeraora
|-sidestart|p2: Mimilucha|Spikes
|
|upkeep
|turn|10
|
|t:|1601118542
|switch|p1a: Clefable|Clefable, F|94/100
|move|p2a: Zeraora|Bulk Up|p2a: Zeraora
|-boost|p2a: Zeraora|atk|1
|-boost|p2a: Zeraora|def|1
|
|-heal|p1a: Clefable|99/100|[from] item: Leftovers
|upkeep
|turn|11
|
|t:|1601118548
|move|p2a: Zeraora|Plasma Fists|p1a: Clefable
|-damage|p1a: Clefable|48/100
|-fieldactivate|move: Ion Deluge
|move|p1a: Clefable|Moonblast|p2a: Zeraora
|-damage|p2a: Zeraora|62/100
|
|-heal|p1a: Clefable|54/100|[from] item: Leftovers
|upkeep
|turn|12
|
|t:|1601118565
|switch|p2a: Gengar|Gengar, F|88/100
|-damage|p2a: Gengar|76/100|[from] Spikes
|move|p1a: Clefable|Moonblast|p2a: Gengar
|-resisted|p2a: Gengar
|-damage|p2a: Gengar|49/100
|-start|p1a: Clefable|Disable|Moonblast|[from] ability: Cursed Body|[of] p2a: Gengar
|
|-heal|p2a: Gengar|55/100|[from] item: Black Sludge
|-heal|p1a: Clefable|60/100|[from] item: Leftovers
|upkeep
|turn|13
|
|t:|1601118573
|switch|p1a: Ferrothorn|Ferrothorn, F|83/100
|move|p2a: Gengar|Shadow Ball|p1a: Ferrothorn
|-damage|p1a: Ferrothorn|45/100
|-unboost|p1a: Ferrothorn|spd|1
|
|-heal|p2a: Gengar|61/100|[from] item: Black Sludge
|upkeep
|turn|14
|
|t:|1601118582
|switch|p1a: Marowak|Marowak-Alola, F|100/100
|move|p2a: Gengar|Shadow Ball|p1a: Marowak
|-resisted|p1a: Marowak
|-damage|p1a: Marowak|62/100
|replace|p1a: Zoroark|Zoroark, F, shiny
|-end|p1a: Zoroark|Illusion
|
|-heal|p2a: Gengar|68/100|[from] item: Black Sludge
|upkeep
|turn|15
|
|t:|1601118595
|switch|p1a: Ferrothorn|Ferrothorn, F|45/100
|move|p2a: Gengar|Substitute|p2a: Gengar
|-start|p2a: Gengar|Substitute
|-damage|p2a: Gengar|43/100
|
|-heal|p2a: Gengar|49/100|[from] item: Black Sludge
|upkeep
|turn|16
|
|t:|1601118599
|move|p2a: Gengar|Shadow Ball|p1a: Ferrothorn
|-damage|p1a: Ferrothorn|11/100
|move|p1a: Ferrothorn|Knock Off|p2a: Gengar
|-supereffective|p2a: Gengar
|-end|p2a: Gengar|Substitute
|
|-heal|p2a: Gengar|55/100|[from] item: Black Sludge
|upkeep
|turn|17
|
|t:|1601118604
|move|p2a: Gengar|Shadow Ball|p1a: Ferrothorn
|-damage|p1a: Ferrothorn|0 fnt
|faint|p1a: Ferrothorn
|
|-heal|p2a: Gengar|61/100|[from] item: Black Sludge
|upkeep
|
|t:|1601118605
|switch|p1a: Zeraora|Zeraora|100/100
|turn|18
|
|t:|1601118610
|switch|p2a: Gastrodon|Gastrodon, M|100/100
|-damage|p2a: Gastrodon|88/100|[from] Spikes
|move|p1a: Zeraora|Knock Off|p2a: Gastrodon
|-damage|p2a: Gastrodon|63/100
|-damage|p1a: Zeraora|84/100|[from] item: Rocky Helmet|[of] p2a: Gastrodon
|-enditem|p2a: Gastrodon|Rocky Helmet|[from] move: Knock Off|[of] p1a: Zeraora
|
|upkeep
|turn|19
|
|t:|1601118626
|switch|p1a: Clefable|Clefable, F|60/100
|move|p2a: Gastrodon|Recover|p2a: Gastrodon
|-heal|p2a: Gastrodon|100/100
|
|-heal|p1a: Clefable|66/100|[from] item: Leftovers
|upkeep
|turn|20
|
|t:|1601118631
|switch|p2a: Urshifu|Urshifu-Rapid-Strike, M|100/100
|-damage|p2a: Urshifu|88/100|[from] Spikes
|move|p1a: Clefable|Teleport|p1a: Clefable
|
|t:|1601118637
|switch|p1a: Zeraora|Zeraora|84/100|[from]move: Teleport
|
|upkeep
|turn|21
|
|t:|1601118644
|move|p2a: Urshifu|Aqua Jet|p1a: Zeraora
|-damage|p1a: Zeraora|44/100
|move|p1a: Zeraora|Close Combat|p2a: Urshifu
|-damage|p2a: Urshifu|44/100
|-unboost|p1a: Zeraora|def|1
|-unboost|p1a: Zeraora|spd|1
|
|upkeep
|turn|22
|
|t:|1601118650
|switch|p1a: Clefable|Clefable, F|66/100
|move|p2a: Urshifu|Aqua Jet|p1a: Clefable
|-damage|p1a: Clefable|42/100
|
|-heal|p1a: Clefable|48/100|[from] item: Leftovers
|upkeep
|turn|23
|
|t:|1601118656
|switch|p2a: Corviknight|Corviknight, F|75/100
|-ability|p2a: Corviknight|Pressure
|move|p1a: Clefable|Wish|p1a: Clefable
|
|-heal|p2a: Corviknight|82/100|[from] item: Leftovers
|-heal|p1a: Clefable|54/100|[from] item: Leftovers
|upkeep
|turn|24
|
|t:|1601118660
|switch|p1a: Zeraora|Zeraora|44/100
|move|p2a: Corviknight|Defog|p1a: Zeraora
|-unboost|p1a: Zeraora|evasion|1
|-sideend|p2: Mimilucha|Spikes|[from] move: Defog|[of] p2a: Corviknight
|
|-heal|p1a: Zeraora|100/100|[from] move: Wish|[wisher] Clefable
|-heal|p2a: Corviknight|88/100|[from] item: Leftovers
|upkeep
|turn|25
|
|t:|1601118673
|switch|p1a: Clefable|Clefable, F|54/100
|switch|p2a: Gastrodon|Gastrodon, M|100/100
|
|-heal|p1a: Clefable|60/100|[from] item: Leftovers
|upkeep
|turn|26
|
|t:|1601118680
|switch|p2a: Gengar|Gengar, F|61/100
|move|p1a: Clefable|Wish|p1a: Clefable
|
|-heal|p2a: Gengar|67/100|[from] item: Black Sludge
|-heal|p1a: Clefable|66/100|[from] item: Leftovers
|upkeep
|turn|27
|
|t:|1601118685
|switch|p1a: Zeraora|Zeraora|100/100
|move|p2a: Gengar|Substitute|p2a: Gengar
|-start|p2a: Gengar|Substitute
|-damage|p2a: Gengar|42/100
|
|-heal|p2a: Gengar|48/100|[from] item: Black Sludge
|upkeep
|turn|28
|
|t:|1601118692
|move|p1a: Zeraora|Knock Off|p2a: Gengar
|-supereffective|p2a: Gengar
|-end|p2a: Gengar|Substitute
|move|p2a: Gengar|Sludge Wave|p1a: Zeraora
|-damage|p1a: Zeraora|42/100
|
|-heal|p2a: Gengar|55/100|[from] item: Black Sludge
|upkeep
|turn|29
|
|t:|1601118700
|switch|p2a: Gastrodon|Gastrodon, M|100/100
|move|p1a: Zeraora|Close Combat|p2a: Gastrodon
|-damage|p2a: Gastrodon|69/100
|-unboost|p1a: Zeraora|def|1
|-unboost|p1a: Zeraora|spd|1
|
|upkeep
|turn|30
|
|t:|1601118707
|switch|p1a: Clefable|Clefable, F|66/100
|switch|p2a: Gengar|Gengar, F|55/100
|
|-heal|p2a: Gengar|61/100|[from] item: Black Sludge
|-heal|p1a: Clefable|72/100|[from] item: Leftovers
|upkeep
|turn|31
|
|t:|1601118713
|switch|p1a: Mandibuzz|Mandibuzz, F|100/100
|move|p2a: Gengar|Sludge Wave|p1a: Mandibuzz
|-damage|p1a: Mandibuzz|61/100
|
|-heal|p2a: Gengar|67/100|[from] item: Black Sludge
|upkeep
|turn|32
|
|t:|1601118717
|switch|p2a: Clefable|Clefable, F|92/100
|move|p1a: Mandibuzz|Roost|p1a: Mandibuzz
|-heal|p1a: Mandibuzz|100/100
|-singleturn|p1a: Mandibuzz|move: Roost
|
|upkeep
|turn|33
|
|t:|1601118720
|move|p1a: Mandibuzz|U-turn|p2a: Clefable
|-resisted|p2a: Clefable
|-damage|p2a: Clefable|88/100
|
|t:|1601118724
|switch|p1a: Clefable|Clefable, F|72/100|[from]move: U-turn
|move|p2a: Clefable|Stealth Rock|p1a: Clefable
|-sidestart|p1: Commando 55|move: Stealth Rock
|
|-heal|p1a: Clefable|78/100|[from] item: Leftovers
|upkeep
|turn|34
|
|t:|1601118728
|move|p2a: Clefable|Moonblast|p1a: Clefable
|-damage|p1a: Clefable|50/100
|move|p1a: Clefable|Wish|p1a: Clefable
|
|-heal|p1a: Clefable|56/100|[from] item: Leftovers
|upkeep
|turn|35
|
|t:|1601118737
|switch|p1a: Marowak|Marowak-Alola, F|100/100
|-damage|p1a: Marowak|76/100|[from] Stealth Rock
|switch|p2a: Gengar|Gengar, F|67/100
|
|-heal|p1a: Marowak|100/100|[from] move: Wish|[wisher] Clefable
|-heal|p2a: Gengar|73/100|[from] item: Black Sludge
|upkeep
|turn|36
|
|t:|1601118743
|switch|p1a: Mandibuzz|Mandibuzz, F|100/100
|move|p2a: Gengar|Shadow Ball|p1a: Mandibuzz
|-resisted|p1a: Mandibuzz
|-damage|p1a: Mandibuzz|85/100
|-unboost|p1a: Mandibuzz|spd|1
|
|-heal|p2a: Gengar|79/100|[from] item: Black Sludge
|upkeep
|turn|37
|
|t:|1601118764
|move|p2a: Gengar|Substitute|p2a: Gengar
|-start|p2a: Gengar|Substitute
|-damage|p2a: Gengar|54/100
|move|p1a: Mandibuzz|Foul Play|p2a: Gengar
|-supereffective|p2a: Gengar
|-end|p2a: Gengar|Substitute
|
|-heal|p2a: Gengar|60/100|[from] item: Black Sludge
|upkeep
|turn|38
|
|t:|1601118776
|switch|p2a: Clefable|Clefable, F|88/100
|move|p1a: Mandibuzz|Foul Play|p2a: Clefable
|-resisted|p2a: Clefable
|-damage|p2a: Clefable|79/100
|
|upkeep
|turn|39
|
|t:|1601118780
|move|p1a: Mandibuzz|U-turn|p2a: Clefable
|-resisted|p2a: Clefable
|-damage|p2a: Clefable|75/100
|
|t:|1601118783
|switch|p1a: Clefable|Clefable, F|56/100|[from]move: U-turn
|move|p2a: Clefable|Knock Off|p1a: Clefable
|-resisted|p1a: Clefable
|-damage|p1a: Clefable|50/100
|-enditem|p1a: Clefable|Leftovers|[from] move: Knock Off|[of] p2a: Clefable
|
|upkeep
|turn|40
|
|t:|1601118788
|switch|p2a: Gengar|Gengar, F|60/100
|move|p1a: Clefable|Wish|p1a: Clefable
|
|-heal|p2a: Gengar|66/100|[from] item: Black Sludge
|upkeep
|turn|41
|
|t:|1601118798
|switch|p1a: Mandibuzz|Mandibuzz, F|85/100
|move|p2a: Gengar|Substitute|p2a: Gengar
|-start|p2a: Gengar|Substitute
|-damage|p2a: Gengar|41/100
|
|-heal|p1a: Mandibuzz|100/100|[from] move: Wish|[wisher] Clefable
|-heal|p2a: Gengar|48/100|[from] item: Black Sludge
|upkeep
|turn|42
|
|t:|1601118807
|move|p2a: Gengar|Sludge Wave|p1a: Mandibuzz
|-damage|p1a: Mandibuzz|60/100
|move|p1a: Mandibuzz|Foul Play|p2a: Gengar
|-supereffective|p2a: Gengar
|-end|p2a: Gengar|Substitute
|
|-heal|p2a: Gengar|54/100|[from] item: Black Sludge
|upkeep
|turn|43
|
|t:|1601118835
|move|p2a: Gengar|Substitute|p2a: Gengar
|-start|p2a: Gengar|Substitute
|-damage|p2a: Gengar|29/100
|move|p1a: Mandibuzz|Defog|p2a: Gengar
|-sideend|p1: Commando 55|Stealth Rock|[from] move: Defog|[of] p1a: Mandibuzz
|
|-heal|p2a: Gengar|35/100|[from] item: Black Sludge
|upkeep
|turn|44
|
|t:|1601118839
|move|p2a: Gengar|Sludge Wave|p1a: Mandibuzz
|-damage|p1a: Mandibuzz|17/100
|move|p1a: Mandibuzz|Roost|p1a: Mandibuzz
|-heal|p1a: Mandibuzz|67/100
|-singleturn|p1a: Mandibuzz|move: Roost
|
|-heal|p2a: Gengar|41/100|[from] item: Black Sludge
|upkeep
|turn|45
|
|t:|1601118843
|move|p2a: Gengar|Sludge Wave|p1a: Mandibuzz
|-damage|p1a: Mandibuzz|31/100
|move|p1a: Mandibuzz|Foul Play|p2a: Gengar
|-supereffective|p2a: Gengar
|-end|p2a: Gengar|Substitute
|
|-heal|p2a: Gengar|47/100|[from] item: Black Sludge
|upkeep
|turn|46
|
|t:|1601118848
|move|p2a: Gengar|Sludge Wave|p1a: Mandibuzz
|-damage|p1a: Mandibuzz|0 fnt
|faint|p1a: Mandibuzz
|
|-heal|p2a: Gengar|53/100|[from] item: Black Sludge
|upkeep
|
|t:|1601118850
|switch|p1a: Zeraora|Zeraora|42/100
|turn|47
|
|t:|1601118876
|switch|p1a: Clefable|Clefable, F|62/100
|switch|p2a: Gastrodon|Gastrodon, M|69/100
|
|upkeep
|turn|48
|
|t:|1601118884
|switch|p2a: Corviknight|Corviknight, F|88/100
|-ability|p2a: Corviknight|Pressure
|move|p1a: Clefable|Night Daze|p2a: Corviknight
|-damage|p2a: Corviknight|38/100
|
|-heal|p2a: Corviknight|44/100|[from] item: Leftovers
|upkeep
|turn|49
|
|t:|1601118894
|switch|p1a: Marowak|Marowak-Alola, F|100/100
|switch|p2a: Clefable|Clefable, F|75/100
|
|upkeep
|turn|50
|
|t:|1601118902
|switch|p2a: Zeraora|Zeraora|62/100
|move|p1a: Marowak|Flare Blitz|p2a: Zeraora
|-damage|p2a: Zeraora|0 fnt
|faint|p2a: Zeraora
|
|upkeep
|
|t:|1601118904
|switch|p2a: Urshifu|Urshifu-Rapid-Strike, M|44/100
|turn|51
|l|☆Commando 55
|inactive|Commando 55 disconnected and has a minute to reconnect!
|player|p1|
|j|☆Commando 55
|inactive|Commando 55 reconnected and has 135 seconds left.
|player|p1|Commando 55|iris-gen5bw2
|inactive|Commando 55 has 120 seconds left.
|
|t:|1601118958
|switch|p1a: Zeraora|Zeraora|42/100
|move|p2a: Urshifu|Surging Strikes|p1a: Zeraora
|-crit|p1a: Zeraora
|-damage|p1a: Zeraora|4/100
|-crit|p1a: Zeraora
|-damage|p1a: Zeraora|0 fnt
|-hitcount|p1a: Zeraora|2
|faint|p1a: Zeraora
|
|upkeep
|
|t:|1601118965
|switch|p1a: Clefable|Clefable, F|62/100
|turn|52
|
|t:|1601118971
|switch|p2a: Clefable|Clefable, F|75/100
|move|p1a: Clefable|Night Daze|p2a: Clefable
|-resisted|p2a: Clefable
|-damage|p2a: Clefable|44/100
|
|upkeep
|turn|53
|
|t:|1601118976
|switch|p1a: Clefable|Clefable, F|50/100
|switch|p2a: Gengar|Gengar, F|53/100
|
|-heal|p2a: Gengar|60/100|[from] item: Black Sludge
|upkeep
|turn|54
|-message|Commando 55 forfeited.
|
|win|Mimilucha
|l|☆Commando 55
|raw|Commando 55's rating: 1627 &rarr; <strong>1602</strong><br />(-25 for losing)
|raw|Mimilucha's rating: 1542 &rarr; <strong>1567</strong><br />(+25 for winning)
