|j|☆Ltrly U
|j|‽not mb
|t:|1624073555
|gametype|singles
|player|p1|Ltrly U|bianca|1779
|player|p2|not mb|169|2003
|teamsize|p1|6
|teamsize|p2|6
|gen|8
|tier|[Gen 8] OU
|rated|
|rule|Sleep Clause Mod: Limit one foe put to sleep
|rule|Species Clause: Limit one of each Pokémon
|rule|OHKO Clause: OHKO moves are banned
|rule|Evasion Moves Clause: Evasion moves are banned
|rule|Endless Battle Clause: Forcing endless battles is banned
|rule|HP Percentage Mod: HP is shown in percentages
|rule|Dynamax Clause: You cannot dynamax
|clearpoke
|poke|p1|Rillaboom, M|
|poke|p1|Hawlucha, F|
|poke|p1|Garchomp, F|
|poke|p1|Tapu Fini|
|poke|p1|Slowking-Galar, F|
|poke|p1|Heatran, F|
|poke|p2|Mew|
|poke|p2|Landorus-Therian, M|
|poke|p2|Toxapex, F|
|poke|p2|Dragonite, F|
|poke|p2|Bisharp, F|
|poke|p2|Tapu Koko|
|teampreview
|j| to3
|j| jumbobuttplug23
|j| wish3s
|inactive|Battle timer is ON: inactive players will automatically lose when time's up. (requested by Ltrly U)
|
|t:|1624073610
|start
|switch|p1a: Tapu Fini|Tapu Fini|100/100
|switch|p2a: Landorus|Landorus-Therian, M|100/100
|-fieldstart|move: Misty Terrain|[from] ability: Misty Surge|[of] p1a: Tapu Fini
|-ability|p2a: Landorus|Intimidate|boost
|-unboost|p1a: Tapu Fini|atk|1
|turn|1
|
|t:|1624073616
|switch|p2a: Toxapex|Toxapex, F|100/100
|move|p1a: Tapu Fini|Scald|p2a: Toxapex
|-resisted|p2a: Toxapex
|-damage|p2a: Toxapex|88/100
|
|-heal|p2a: Toxapex|94/100|[from] item: Black Sludge
|upkeep
|turn|2
|j| serpx2
|
|t:|1624073621
|switch|p1a: Garchomp|Garchomp, F|100/100
|move|p2a: Toxapex|Toxic Spikes|p1a: Garchomp
|-sidestart|p1: Ltrly U|move: Toxic Spikes
|
|-heal|p2a: Toxapex|99/100|[from] item: Black Sludge
|upkeep
|turn|3
|l| wish3s
|
|t:|1624073631
|switch|p2a: Landorus|Landorus-Therian, M|100/100
|-ability|p2a: Landorus|Intimidate|boost
|-unboost|p1a: Garchomp|atk|1
|move|p1a: Garchomp|Stealth Rock|p2a: Landorus
|-sidestart|p2: not mb|move: Stealth Rock
|
|upkeep
|turn|4
|
|t:|1624073639
|switch|p1a: Tapu Fini|Tapu Fini|100/100
|move|p2a: Landorus|Stealth Rock|p1a: Tapu Fini
|-sidestart|p1: Ltrly U|move: Stealth Rock
|
|upkeep
|turn|5
|
|t:|1624073645
|switch|p2a: Mew|Mew|100/100
|-damage|p2a: Mew|88/100|[from] Stealth Rock
|move|p1a: Tapu Fini|Trick|p2a: Mew
|-activate|p1a: Tapu Fini|move: Trick|[of] p2a: Mew
|-item|p2a: Mew|Choice Scarf|[from] move: Trick
|-item|p1a: Tapu Fini|Leftovers|[from] move: Trick
|
|-fieldend|Misty Terrain
|upkeep
|turn|6
|
|t:|1624073652
|move|p2a: Mew|Knock Off|p1a: Tapu Fini
|-resisted|p1a: Tapu Fini
|-damage|p1a: Tapu Fini|88/100
|-enditem|p1a: Tapu Fini|Leftovers|[from] move: Knock Off|[of] p2a: Mew
|move|p1a: Tapu Fini|Moonblast|p2a: Mew
|-damage|p2a: Mew|58/100
|
|upkeep
|turn|7
|
|t:|1624073657
|switch|p2a: Toxapex|Toxapex, F|100/100
|-damage|p2a: Toxapex|88/100|[from] Stealth Rock
|move|p1a: Tapu Fini|Moonblast|p2a: Toxapex
|-resisted|p2a: Toxapex
|-damage|p2a: Toxapex|74/100
|-unboost|p2a: Toxapex|spa|1
|
|-heal|p2a: Toxapex|80/100|[from] item: Black Sludge
|upkeep
|turn|8
|
|t:|1624073667
|switch|p1a: Slowking|Slowking-Galar, F|100/100
|-damage|p1a: Slowking|88/100|[from] Stealth Rock
|-sideend|p1: Ltrly U|move: Toxic Spikes|[of] p1a: Slowking
|move|p2a: Toxapex|Scald|p1a: Slowking
|-damage|p1a: Slowking|83/100
|-status|p1a: Slowking|brn
|
|-heal|p2a: Toxapex|86/100|[from] item: Black Sludge
|-damage|p1a: Slowking|77/100 brn|[from] brn
|upkeep
|turn|9
|
|t:|1624073672
|move|p2a: Toxapex|Toxic Spikes|p1a: Slowking
|-sidestart|p1: Ltrly U|move: Toxic Spikes
|move|p1a: Slowking|Future Sight|p2a: Toxapex
|-start|p1a: Slowking|move: Future Sight
|
|-heal|p2a: Toxapex|92/100|[from] item: Black Sludge
|-damage|p1a: Slowking|71/100 brn|[from] brn
|upkeep
|turn|10
|
|t:|1624073682
|switch|p1a: Heatran|Heatran, F|100/100
|-damage|p1a: Heatran|88/100|[from] Stealth Rock
|move|p2a: Toxapex|Recover|p2a: Toxapex
|-heal|p2a: Toxapex|100/100
|
|-heal|p1a: Heatran|94/100|[from] item: Leftovers
|upkeep
|turn|11
|
|t:|1624073702
|switch|p2a: Dragonite|Dragonite, F|100/100
|move|p1a: Heatran|Magma Storm|p2a: Dragonite
|-resisted|p2a: Dragonite
|-damage|p2a: Dragonite|90/100
|-activate|p2a: Dragonite|move: Magma Storm|[of] p1a: Heatran
|
|-end|p2a: Dragonite|move: Future Sight
|-damage|p2a: Dragonite|49/100
|-heal|p1a: Heatran|100/100|[from] item: Leftovers
|-damage|p2a: Dragonite|36/100|[from] move: Magma Storm|[partiallytrapped]
|upkeep
|turn|12
|
|t:|1624073720
|move|p2a: Dragonite|Earthquake|p1a: Heatran
|-supereffective|p1a: Heatran
|-damage|p1a: Heatran|0 fnt
|faint|p1a: Heatran
|
|-end|p2a: Dragonite|Magma Storm|[partiallytrapped]|[silent]
|upkeep
|
|t:|1624073723
|switch|p1a: Tapu Fini|Tapu Fini|88/100
|-damage|p1a: Tapu Fini|75/100|[from] Stealth Rock
|-status|p1a: Tapu Fini|psn
|-fieldstart|move: Misty Terrain|[from] ability: Misty Surge|[of] p1a: Tapu Fini
|turn|13
|inactive|not mb has 120 seconds left.
|
|t:|1624073758
|move|p1a: Tapu Fini|Moonblast|p2a: Dragonite
|-supereffective|p2a: Dragonite
|-damage|p2a: Dragonite|0 fnt
|faint|p2a: Dragonite
|
|-damage|p1a: Tapu Fini|63/100 psn|[from] psn
|upkeep
|
|t:|1624073761
|switch|p2a: Tapu Koko|Tapu Koko|100/100
|-fieldstart|move: Electric Terrain|[from] ability: Electric Surge|[of] p2a: Tapu Koko
|turn|14
|
|t:|1624073765
|switch|p1a: Slowking|Slowking-Galar, F|100/100 brn
|-damage|p1a: Slowking|88/100 brn|[from] Stealth Rock
|-sideend|p1: Ltrly U|move: Toxic Spikes|[of] p1a: Slowking
|move|p2a: Tapu Koko|U-turn|p1a: Slowking
|-damage|p1a: Slowking|70/100 brn
|
|t:|1624073769
|switch|p2a: Bisharp|Bisharp, F|100/100|[from]move: U-turn
|-damage|p2a: Bisharp|94/100|[from] Stealth Rock
|
|-damage|p1a: Slowking|64/100 brn|[from] brn
|upkeep
|turn|15
|
|t:|1624073774
|switch|p1a: Garchomp|Garchomp, F|100/100
|-damage|p1a: Garchomp|94/100|[from] Stealth Rock
|move|p2a: Bisharp|Iron Head|p1a: Garchomp
|-damage|p1a: Garchomp|57/100
|-damage|p2a: Bisharp|82/100|[from] ability: Rough Skin|[of] p1a: Garchomp
|-damage|p2a: Bisharp|65/100|[from] item: Rocky Helmet|[of] p1a: Garchomp
|
|upkeep
|turn|16
|
|t:|1624073785
|switch|p2a: Landorus|Landorus-Therian, M|100/100
|-damage|p2a: Landorus|88/100|[from] Stealth Rock
|-ability|p2a: Landorus|Intimidate|boost
|-unboost|p1a: Garchomp|atk|1
|move|p1a: Garchomp|Flamethrower|p2a: Landorus
|-damage|p2a: Landorus|76/100
|
|-heal|p2a: Landorus|82/100|[from] item: Leftovers
|upkeep
|turn|17
|
|t:|1624073797
|move|p2a: Landorus|Earthquake|p1a: Garchomp
|-damage|p1a: Garchomp|29/100
|move|p1a: Garchomp|Toxic|p2a: Landorus
|-status|p2a: Landorus|tox
|
|-heal|p2a: Landorus|88/100 tox|[from] item: Leftovers
|-damage|p2a: Landorus|82/100 tox|[from] psn
|upkeep
|turn|18
|j| KassieTrap
|
|t:|1624073812
|move|p2a: Landorus|U-turn|p1a: Garchomp
|-damage|p1a: Garchomp|16/100
|-damage|p2a: Landorus|70/100 tox|[from] ability: Rough Skin|[of] p1a: Garchomp
|-damage|p2a: Landorus|53/100 tox|[from] item: Rocky Helmet|[of] p1a: Garchomp
|
|t:|1624073813
|switch|p2a: Tapu Koko|Tapu Koko|100/100|[from]move: U-turn
|move|p1a: Garchomp|Flamethrower|p2a: Tapu Koko
|-damage|p2a: Tapu Koko|76/100
|
|-fieldend|move: Electric Terrain
|upkeep
|turn|19
|
|t:|1624073820
|move|p2a: Tapu Koko|Dazzling Gleam|p1a: Garchomp
|-supereffective|p1a: Garchomp
|-damage|p1a: Garchomp|0 fnt
|faint|p1a: Garchomp
|
|upkeep
|
|t:|1624073825
|switch|p1a: Rillaboom|Rillaboom, M|100/100
|-damage|p1a: Rillaboom|88/100|[from] Stealth Rock
|-fieldstart|move: Grassy Terrain|[from] ability: Grassy Surge|[of] p1a: Rillaboom
|turn|20
|inactive|not mb has 120 seconds left.
|
|t:|1624073856
|switch|p2a: Mew|Mew|58/100
|-damage|p2a: Mew|45/100|[from] Stealth Rock
|move|p1a: Rillaboom|Grassy Glide|p2a: Mew
|-damage|p2a: Mew|0 fnt
|faint|p2a: Mew
|
|-heal|p1a: Rillaboom|94/100|[from] Grassy Terrain
|upkeep
|
|t:|1624073859
|switch|p2a: Tapu Koko|Tapu Koko|76/100
|-fieldstart|move: Electric Terrain|[from] ability: Electric Surge|[of] p2a: Tapu Koko
|turn|21
|
|t:|1624073863
|move|p2a: Tapu Koko|U-turn|p1a: Rillaboom
|-supereffective|p1a: Rillaboom
|-damage|p1a: Rillaboom|59/100
|
|t:|1624073875
|switch|p2a: Toxapex|Toxapex, F|100/100|[from]move: U-turn
|-damage|p2a: Toxapex|88/100|[from] Stealth Rock
|move|p1a: Rillaboom|Grassy Glide|p2a: Toxapex
|-damage|p2a: Toxapex|53/100
|
|-heal|p2a: Toxapex|59/100|[from] item: Black Sludge
|upkeep
|turn|22
|
|t:|1624073891
|switch|p1a: Slowking|Slowking-Galar, F|97/100 brn
|-damage|p1a: Slowking|85/100 brn|[from] Stealth Rock
|switch|p2a: Bisharp|Bisharp, F|65/100
|-damage|p2a: Bisharp|59/100|[from] Stealth Rock
|
|-damage|p1a: Slowking|79/100 brn|[from] brn
|upkeep
|turn|23
|inactive|not mb has 120 seconds left.
|j| heytheredad
|inactive|not mb has 90 seconds left.
|
|t:|1624073942
|switch|p1a: Tapu Fini|Tapu Fini|63/100 psn
|-damage|p1a: Tapu Fini|50/100 psn|[from] Stealth Rock
|-fieldstart|move: Misty Terrain|[from] ability: Misty Surge|[of] p1a: Tapu Fini
|move|p2a: Bisharp|Knock Off|p1a: Tapu Fini
|-resisted|p1a: Tapu Fini
|-damage|p1a: Tapu Fini|20/100 psn
|
|-damage|p1a: Tapu Fini|8/100 psn|[from] psn
|upkeep
|turn|24
|j| Two Inch Terry
|inactive|not mb has 90 seconds left.
|
|t:|1624073947
|switch|p2a: Toxapex|Toxapex, F|93/100
|-damage|p2a: Toxapex|80/100|[from] Stealth Rock
|move|p1a: Tapu Fini|Moonblast|p2a: Toxapex
|-resisted|p2a: Toxapex
|-damage|p2a: Toxapex|66/100
|
|-heal|p2a: Toxapex|72/100|[from] item: Black Sludge
|-damage|p1a: Tapu Fini|0 fnt|[from] psn
|faint|p1a: Tapu Fini
|upkeep
|
|t:|1624073953
|switch|p1a: Rillaboom|Rillaboom, M|59/100
|-damage|p1a: Rillaboom|46/100|[from] Stealth Rock
|-fieldstart|move: Grassy Terrain|[from] ability: Grassy Surge|[of] p1a: Rillaboom
|turn|25
|
|t:|1624073959
|switch|p2a: Landorus|Landorus-Therian, M|53/100 tox
|-damage|p2a: Landorus|41/100 tox|[from] Stealth Rock
|-ability|p2a: Landorus|Intimidate|boost
|-unboost|p1a: Rillaboom|atk|1
|move|p1a: Rillaboom|Grassy Glide|p2a: Landorus
|-crit|p2a: Landorus
|-damage|p2a: Landorus|0 fnt
|faint|p2a: Landorus
|
|-heal|p1a: Rillaboom|52/100|[from] Grassy Terrain
|upkeep
|l| Two Inch Terry
|
|t:|1624073967
|switch|p2a: Tapu Koko|Tapu Koko|76/100
|-fieldstart|move: Electric Terrain|[from] ability: Electric Surge|[of] p2a: Tapu Koko
|turn|26
|
|t:|1624073971
|switch|p1a: Slowking|Slowking-Galar, F|100/100 brn
|-damage|p1a: Slowking|88/100 brn|[from] Stealth Rock
|move|p2a: Tapu Koko|U-turn|p1a: Slowking
|-damage|p1a: Slowking|70/100 brn
|
|t:|1624073973
|switch|p2a: Bisharp|Bisharp, F|59/100|[from]move: U-turn
|-damage|p2a: Bisharp|53/100|[from] Stealth Rock
|
|-damage|p1a: Slowking|64/100 brn|[from] brn
|upkeep
|turn|27
|inactive|not mb has 120 seconds left.
|
|t:|1624073983
|move|p2a: Bisharp|Iron Head|p1a: Slowking
|-damage|p1a: Slowking|0 fnt
|faint|p1a: Slowking
|
|upkeep
|
|t:|1624073985
|switch|p1a: Rillaboom|Rillaboom, M|52/100
|-damage|p1a: Rillaboom|40/100|[from] Stealth Rock
|-fieldstart|move: Grassy Terrain|[from] ability: Grassy Surge|[of] p1a: Rillaboom
|turn|28
|inactive|not mb has 120 seconds left.
|inactive|not mb has 90 seconds left.
|
|t:|1624074032
|switch|p1a: Hawlucha|Hawlucha, F|100/100
|-damage|p1a: Hawlucha|88/100|[from] Stealth Rock
|-enditem|p1a: Hawlucha|Grassy Seed
|-boost|p1a: Hawlucha|def|1|[from] item: Grassy Seed
|move|p2a: Bisharp|Iron Head|p1a: Hawlucha
|-damage|p1a: Hawlucha|26/100
|
|-heal|p2a: Bisharp|59/100|[from] Grassy Terrain
|upkeep
|turn|29
|
|t:|1624074038
|switch|p2a: Toxapex|Toxapex, F|100/100
|-damage|p2a: Toxapex|88/100|[from] Stealth Rock
|move|p1a: Hawlucha|Close Combat|p2a: Toxapex
|-resisted|p2a: Toxapex
|-damage|p2a: Toxapex|69/100
|-unboost|p1a: Hawlucha|def|1
|-unboost|p1a: Hawlucha|spd|1
|
|-heal|p2a: Toxapex|75/100|[from] Grassy Terrain
|-heal|p2a: Toxapex|81/100|[from] item: Black Sludge
|upkeep
|turn|30
|
|t:|1624074047
|move|p1a: Hawlucha|Acrobatics|p2a: Toxapex
|-damage|p2a: Toxapex|49/100
|move|p2a: Toxapex|Toxic Spikes|p1a: Hawlucha
|-sidestart|p1: Ltrly U|move: Toxic Spikes
|
|-heal|p2a: Toxapex|55/100|[from] Grassy Terrain
|-heal|p2a: Toxapex|61/100|[from] item: Black Sludge
|upkeep
|turn|31
|
|t:|1624074053
|move|p1a: Hawlucha|Swords Dance|p1a: Hawlucha
|-boost|p1a: Hawlucha|atk|2
|move|p2a: Toxapex|Scald|p1a: Hawlucha
|-damage|p1a: Hawlucha|0 fnt
|faint|p1a: Hawlucha
|
|-heal|p2a: Toxapex|67/100|[from] Grassy Terrain
|-heal|p2a: Toxapex|73/100|[from] item: Black Sludge
|upkeep
|
|t:|1624074055
|switch|p1a: Rillaboom|Rillaboom, M|40/100
|-damage|p1a: Rillaboom|28/100|[from] Stealth Rock
|-status|p1a: Rillaboom|psn
|turn|32
|
|t:|1624074066
|move|p1a: Rillaboom|Grassy Glide|p2a: Toxapex
|-damage|p2a: Toxapex|32/100
|move|p2a: Toxapex|Haze|p2a: Toxapex
|-clearallboost
|
|-heal|p1a: Rillaboom|34/100 psn|[from] Grassy Terrain
|-heal|p2a: Toxapex|37/100|[from] Grassy Terrain
|-heal|p2a: Toxapex|43/100|[from] item: Black Sludge
|-damage|p1a: Rillaboom|22/100 psn|[from] psn
|-fieldend|move: Grassy Terrain
|upkeep
|turn|33
|
|t:|1624074080
|switch|p2a: Bisharp|Bisharp, F|59/100
|-damage|p2a: Bisharp|53/100|[from] Stealth Rock
|move|p1a: Rillaboom|Grassy Glide|p2a: Bisharp
|-resisted|p2a: Bisharp
|-damage|p2a: Bisharp|21/100
|
|-damage|p1a: Rillaboom|9/100 psn|[from] psn
|upkeep
|turn|34
|c|☆Ltrly U|gg
|
|t:|1624074086
|switch|p2a: Tapu Koko|Tapu Koko|76/100
|-fieldstart|move: Electric Terrain|[from] ability: Electric Surge|[of] p2a: Tapu Koko
|move|p1a: Rillaboom|Grassy Glide|p2a: Tapu Koko
|-damage|p2a: Tapu Koko|0 fnt
|faint|p2a: Tapu Koko
|
|-damage|p1a: Rillaboom|0 fnt|[from] psn
|faint|p1a: Rillaboom
|
|win|not mb
|upkeep
|raw|Ltrly U's rating: 1779 &rarr; <strong>1770</strong><br />(-9 for losing)
|raw|not mb's rating: 2003 &rarr; <strong>2012</strong><br />(+9 for winning)
