|j|☆rigmortus
|j|☆hisamotomasami
|t:|1658059676
|gametype|singles
|player|p1|rigmortus|101|1793
|player|p2|hisamotomasami|265|1765
|teamsize|p1|6
|teamsize|p2|6
|gen|8
|tier|[Gen 8] OU
|rated|
|rule|Sleep Clause Mod: Limit one foe put to sleep
|rule|Species Clause: Limit one of each Pokémon
|rule|OHKO Clause: OHKO moves are banned
|rule|Evasion Moves Clause: Evasion moves are banned
|rule|Endless Battle Clause: Forcing endless battles is banned
|rule|HP Percentage Mod: HP is shown in percentages
|rule|Dynamax Clause: You cannot dynamax
|clearpoke
|poke|p1|Slowbro, M|
|poke|p1|Garchomp, M|
|poke|p1|Weavile, M|
|poke|p1|Tornadus-Therian, M|
|poke|p1|Landorus-Therian, M|
|poke|p1|Melmetal|
|poke|p2|Hippowdon, M|
|poke|p2|Noivern, F|
|poke|p2|Aegislash, M|
|poke|p2|Tapu Fini|
|poke|p2|Rotom-Wash|
|poke|p2|Kartana|
|teampreview
|inactive|Battle timer is ON: inactive players will automatically lose when time's up. (requested by hisamotomasami)
|
|t:|1658059686
|start
|switch|p1a: Landorus|Landorus-Therian, M|100/100
|switch|p2a: Rotom|Rotom-Wash|100/100
|-ability|p1a: Landorus|Intimidate|boost
|-unboost|p2a: Rotom|atk|1
|turn|1
|
|t:|1658059692
|move|p2a: Rotom|Trick|p1a: Landorus
|-activate|p2a: Rotom|move: Trick|[of] p1a: Landorus
|-item|p1a: Landorus|Choice Scarf|[from] move: Trick
|-item|p2a: Rotom|Leftovers|[from] move: Trick
|move|p1a: Landorus|Toxic|p2a: Rotom
|-status|p2a: Rotom|tox
|
|-damage|p2a: Rotom|94/100 tox|[from] psn
|upkeep
|turn|2
|
|t:|1658059701
|switch|p1a: Slowbro|Slowbro, M|100/100
|move|p2a: Rotom|Will-O-Wisp|p1a: Slowbro
|-status|p1a: Slowbro|brn
|
|-heal|p2a: Rotom|100/100 tox|[from] item: Leftovers
|-damage|p2a: Rotom|88/100 tox|[from] psn
|-damage|p1a: Slowbro|94/100 brn|[from] brn
|upkeep
|turn|3
|j| isduffbidfhjgb
|
|t:|1658059710
|move|p2a: Rotom|Volt Switch|p1a: Slowbro
|-supereffective|p1a: Slowbro
|-damage|p1a: Slowbro|47/100 brn
|
|t:|1658059714
|switch|p2a: Aegislash|Aegislash, M|100/100|[from]move: Volt Switch
|move|p1a: Slowbro|Teleport|p1a: Slowbro
|
|t:|1658059717
|switch|p1a: Landorus|Landorus-Therian, M|100/100|[from]move: Teleport
|-ability|p1a: Landorus|Intimidate|boost
|-unboost|p2a: Aegislash|atk|1
|
|upkeep
|turn|4
|
|t:|1658059722
|move|p1a: Landorus|U-turn|p2a: Aegislash
|-resisted|p2a: Aegislash
|-damage|p2a: Aegislash|96/100
|
|t:|1658059724
|switch|p1a: Tornadus|Tornadus-Therian, M|100/100|[from]move: U-turn
|move|p2a: Aegislash|Toxic|p1a: Tornadus|[miss]
|-miss|p2a: Aegislash|p1a: Tornadus
|
|-heal|p2a: Aegislash|100/100|[from] item: Leftovers
|upkeep
|turn|5
|
|t:|1658059733
|move|p1a: Tornadus|Knock Off|p2a: Aegislash
|-supereffective|p2a: Aegislash
|-crit|p2a: Aegislash
|-damage|p2a: Aegislash|49/100
|-enditem|p2a: Aegislash|Leftovers|[from] move: Knock Off|[of] p1a: Tornadus
|move|p2a: Aegislash|Toxic|p1a: Tornadus|[miss]
|-miss|p2a: Aegislash|p1a: Tornadus
|
|upkeep
|turn|6
|j| simplegent
|
|t:|1658059740
|move|p1a: Tornadus|U-turn|p2a: Aegislash
|-resisted|p2a: Aegislash
|-damage|p2a: Aegislash|46/100
|
|t:|1658059743
|switch|p1a: Slowbro|Slowbro, M|80/100 brn|[from]move: U-turn
|move|p2a: Aegislash|Toxic||[still]
|-fail|p2a: Aegislash
|
|-damage|p1a: Slowbro|74/100 brn|[from] brn
|upkeep
|turn|7
|
|t:|1658059750
|switch|p1a: Landorus|Landorus-Therian, M|100/100
|-ability|p1a: Landorus|Intimidate|boost
|-unboost|p2a: Aegislash|atk|1
|-formechange|p2a: Aegislash|Aegislash-Blade||[from] ability: Stance Change
|move|p2a: Aegislash|Shadow Ball|p1a: Landorus
|-damage|p1a: Landorus|65/100
|
|upkeep
|turn|8
|
|t:|1658059758
|-formechange|p2a: Aegislash|Aegislash||[from] ability: Stance Change
|move|p2a: Aegislash|King's Shield|p2a: Aegislash
|-singleturn|p2a: Aegislash|Protect
|move|p1a: Landorus|Earthquake|p2a: Aegislash
|-activate|p2a: Aegislash|move: Protect
|
|upkeep
|turn|9
|j| Boiled chanseys
|
|t:|1658059769
|switch|p1a: Tornadus|Tornadus-Therian, M|100/100
|move|p2a: Aegislash|Toxic|p1a: Tornadus
|-status|p1a: Tornadus|tox
|
|-damage|p1a: Tornadus|94/100 tox|[from] psn
|upkeep
|turn|10
|
|t:|1658059775
|move|p1a: Tornadus|Heat Wave|p2a: Aegislash
|-supereffective|p2a: Aegislash
|-damage|p2a: Aegislash|10/100
|-formechange|p2a: Aegislash|Aegislash-Blade||[from] ability: Stance Change
|move|p2a: Aegislash|Shadow Ball|p1a: Tornadus
|-damage|p1a: Tornadus|44/100 tox
|
|-damage|p1a: Tornadus|32/100 tox|[from] psn
|upkeep
|turn|11
|
|t:|1658059786
|-formechange|p2a: Aegislash|Aegislash||[from] ability: Stance Change
|move|p2a: Aegislash|King's Shield|p2a: Aegislash
|-singleturn|p2a: Aegislash|Protect
|move|p1a: Tornadus|Knock Off|p2a: Aegislash
|-activate|p2a: Aegislash|move: Protect
|-unboost|p1a: Tornadus|atk|1
|
|-damage|p1a: Tornadus|14/100 tox|[from] psn
|upkeep
|turn|12
|
|t:|1658059795
|-formechange|p2a: Aegislash|Aegislash-Blade||[from] ability: Stance Change
|move|p2a: Aegislash|Shadow Sneak|p1a: Tornadus
|-damage|p1a: Tornadus|4/100 tox
|move|p1a: Tornadus|U-turn|p2a: Aegislash
|-resisted|p2a: Aegislash
|-damage|p2a: Aegislash|5/100
|
|t:|1658059806
|switch|p1a: Landorus|Landorus-Therian, M|65/100|[from]move: U-turn
|-ability|p1a: Landorus|Intimidate|boost
|-unboost|p2a: Aegislash|atk|1
|
|upkeep
|turn|13
|
|t:|1658059812
|-formechange|p2a: Aegislash|Aegislash||[from] ability: Stance Change
|move|p2a: Aegislash|King's Shield|p2a: Aegislash
|-singleturn|p2a: Aegislash|Protect
|move|p1a: Landorus|U-turn|p2a: Aegislash
|-activate|p2a: Aegislash|move: Protect
|-unboost|p1a: Landorus|atk|1
|
|upkeep
|turn|14
|
|t:|1658059821
|move|p1a: Landorus|U-turn|p2a: Aegislash
|-resisted|p2a: Aegislash
|-damage|p2a: Aegislash|2/100
|
|t:|1658059828
|switch|p1a: Weavile|Weavile, M|100/100|[from]move: U-turn
|-formechange|p2a: Aegislash|Aegislash-Blade||[from] ability: Stance Change
|move|p2a: Aegislash|Shadow Ball|p1a: Weavile
|-resisted|p1a: Weavile
|-damage|p1a: Weavile|66/100
|
|upkeep
|turn|15
|
|t:|1658059835
|switch|p1a: Landorus|Landorus-Therian, M|65/100
|-ability|p1a: Landorus|Intimidate|boost
|-unboost|p2a: Aegislash|atk|1
|-formechange|p2a: Aegislash|Aegislash||[from] ability: Stance Change
|move|p2a: Aegislash|King's Shield||[still]
|-fail|p2a: Aegislash
|
|upkeep
|turn|16
|
|t:|1658059843
|switch|p2a: Hippowdon|Hippowdon, M|100/100
|-weather|Sandstorm|[from] ability: Sand Stream|[of] p2a: Hippowdon
|move|p1a: Landorus|U-turn|p2a: Hippowdon
|-damage|p2a: Hippowdon|87/100
|
|t:|1658059848
|switch|p1a: Weavile|Weavile, M|66/100|[from]move: U-turn
|
|-weather|Sandstorm|[upkeep]
|-damage|p1a: Weavile|60/100|[from] Sandstorm
|-heal|p2a: Hippowdon|93/100|[from] item: Leftovers
|upkeep
|turn|17
|
|t:|1658059855
|switch|p2a: Tapu Fini|Tapu Fini|100/100
|-fieldstart|move: Misty Terrain|[from] ability: Misty Surge|[of] p2a: Tapu Fini
|move|p1a: Weavile|Triple Axel|p2a: Tapu Fini
|-resisted|p2a: Tapu Fini
|-damage|p2a: Tapu Fini|96/100
|-resisted|p2a: Tapu Fini
|-damage|p2a: Tapu Fini|85/100
|-resisted|p2a: Tapu Fini
|-damage|p2a: Tapu Fini|70/100
|-hitcount|p2a: Tapu Fini|3
|
|-weather|Sandstorm|[upkeep]
|-damage|p1a: Weavile|54/100|[from] Sandstorm
|-damage|p2a: Tapu Fini|64/100|[from] Sandstorm
|-heal|p2a: Tapu Fini|70/100|[from] item: Leftovers
|upkeep
|turn|18
|
|t:|1658059869
|switch|p1a: Melmetal|Melmetal|100/100
|move|p2a: Tapu Fini|Taunt|p1a: Melmetal
|-start|p1a: Melmetal|move: Taunt
|
|-weather|Sandstorm|[upkeep]
|-damage|p2a: Tapu Fini|64/100|[from] Sandstorm
|-heal|p2a: Tapu Fini|70/100|[from] item: Leftovers
|upkeep
|turn|19
|
|t:|1658059881
|move|p2a: Tapu Fini|Nature's Madness|p1a: Melmetal
|-damage|p1a: Melmetal|51/100
|move|p1a: Melmetal|Double Iron Bash|p2a: Tapu Fini
|-damage|p2a: Tapu Fini|44/100
|-damage|p2a: Tapu Fini|12/100
|-hitcount|p2a: Tapu Fini|2
|
|-weather|Sandstorm|[upkeep]
|-damage|p2a: Tapu Fini|6/100|[from] Sandstorm
|-heal|p2a: Tapu Fini|12/100|[from] item: Leftovers
|-heal|p1a: Melmetal|57/100|[from] item: Leftovers
|upkeep
|turn|20
|j| terrainboost
|
|t:|1658059893
|move|p2a: Tapu Fini|Nature's Madness|p1a: Melmetal
|-damage|p1a: Melmetal|29/100
|move|p1a: Melmetal|Double Iron Bash|p2a: Tapu Fini
|-damage|p2a: Tapu Fini|0 fnt
|faint|p2a: Tapu Fini
|-hitcount|p2: Tapu Fini|1
|
|-weather|none
|-heal|p1a: Melmetal|35/100|[from] item: Leftovers
|-end|p1a: Melmetal|move: Taunt
|upkeep
|
|t:|1658059902
|switch|p2a: Kartana|Kartana|100/100
|turn|21
|
|t:|1658059906
|move|p1a: Melmetal|Protect|p1a: Melmetal
|-singleturn|p1a: Melmetal|Protect
|move|p2a: Kartana|Sacred Sword|p1a: Melmetal
|-activate|p1a: Melmetal|move: Protect
|
|-heal|p1a: Melmetal|41/100|[from] item: Leftovers
|-fieldend|Misty Terrain
|upkeep
|turn|22
|
|t:|1658059913
|switch|p1a: Landorus|Landorus-Therian, M|65/100
|-ability|p1a: Landorus|Intimidate|boost
|-unboost|p2a: Kartana|atk|1
|move|p2a: Kartana|Sacred Sword|p1a: Landorus
|-resisted|p1a: Landorus
|-damage|p1a: Landorus|52/100
|
|upkeep
|turn|23
|
|t:|1658059924
|switch|p2a: Hippowdon|Hippowdon, M|93/100
|-weather|Sandstorm|[from] ability: Sand Stream|[of] p2a: Hippowdon
|move|p1a: Landorus|Stealth Rock|p2a: Hippowdon
|-sidestart|p2: hisamotomasami|move: Stealth Rock
|
|-weather|Sandstorm|[upkeep]
|-heal|p2a: Hippowdon|99/100|[from] item: Leftovers
|upkeep
|turn|24
|
|t:|1658059932
|switch|p1a: Tornadus|Tornadus-Therian, M|37/100 tox
|move|p2a: Hippowdon|Stealth Rock|p1a: Tornadus
|-sidestart|p1: rigmortus|move: Stealth Rock
|
|-weather|Sandstorm|[upkeep]
|-damage|p1a: Tornadus|31/100 tox|[from] Sandstorm
|-heal|p2a: Hippowdon|100/100|[from] item: Leftovers
|-damage|p1a: Tornadus|25/100 tox|[from] psn
|upkeep
|turn|25
|
|t:|1658059944
|move|p1a: Tornadus|Knock Off|p2a: Hippowdon
|-damage|p2a: Hippowdon|89/100
|-enditem|p2a: Hippowdon|Leftovers|[from] move: Knock Off|[of] p1a: Tornadus
|move|p2a: Hippowdon|Yawn||[still]
|-fail|p2a: Hippowdon
|
|-weather|Sandstorm|[upkeep]
|-damage|p1a: Tornadus|19/100 tox|[from] Sandstorm
|-damage|p1a: Tornadus|7/100 tox|[from] psn
|upkeep
|turn|26
|l| terrainboost
|
|t:|1658059954
|switch|p1a: Slowbro|Slowbro, M|100/100 brn
|-damage|p1a: Slowbro|88/100 brn|[from] Stealth Rock
|move|p2a: Hippowdon|Yawn||[still]
|-fail|p2a: Hippowdon
|
|-weather|Sandstorm|[upkeep]
|-damage|p1a: Slowbro|82/100 brn|[from] Sandstorm
|-damage|p1a: Slowbro|76/100 brn|[from] brn
|upkeep
|turn|27
|
|t:|1658059969
|switch|p2a: Rotom|Rotom-Wash|88/100 tox
|-damage|p2a: Rotom|75/100 tox|[from] Stealth Rock
|move|p1a: Slowbro|Teleport|p1a: Slowbro
|
|t:|1658059977
|switch|p1a: Weavile|Weavile, M|54/100|[from]move: Teleport
|-damage|p1a: Weavile|29/100|[from] Stealth Rock
|
|-weather|none
|-heal|p2a: Rotom|82/100 tox|[from] item: Leftovers
|-damage|p2a: Rotom|75/100 tox|[from] psn
|upkeep
|turn|28
|
|t:|1658059986
|switch|p2a: Aegislash|Aegislash, M|2/100
|-damage|p2a: Aegislash|0 fnt|[from] Stealth Rock
|faint|p2a: Aegislash
|move|p1a: Weavile|Knock Off|p2: Aegislash|[notarget]
|-fail|p1a: Weavile
|
|upkeep
|
|t:|1658059992
|switch|p2a: Kartana|Kartana|100/100
|-damage|p2a: Kartana|95/100|[from] Stealth Rock
|turn|29
|
|t:|1658060007
|switch|p1a: Landorus|Landorus-Therian, M|52/100
|-damage|p1a: Landorus|40/100|[from] Stealth Rock
|-ability|p1a: Landorus|Intimidate|boost
|-unboost|p2a: Kartana|atk|1
|move|p2a: Kartana|Sacred Sword|p1a: Landorus
|-resisted|p1a: Landorus
|-damage|p1a: Landorus|27/100
|
|upkeep
|turn|30
|
|t:|1658060016
|move|p2a: Kartana|Sacred Sword|p1a: Landorus
|-resisted|p1a: Landorus
|-damage|p1a: Landorus|14/100
|move|p1a: Landorus|U-turn|p2a: Kartana
|-damage|p2a: Kartana|72/100
|
|t:|1658060022
|switch|p1a: Tornadus|Tornadus-Therian, M|40/100 tox|[from]move: U-turn
|
|-damage|p1a: Tornadus|34/100 tox|[from] psn
|upkeep
|turn|31
|
|t:|1658060028
|switch|p2a: Rotom|Rotom-Wash|75/100 tox
|-damage|p2a: Rotom|63/100 tox|[from] Stealth Rock
|move|p1a: Tornadus|U-turn|p2a: Rotom
|-crit|p2a: Rotom
|-damage|p2a: Rotom|41/100 tox
|
|t:|1658060040
|switch|p1a: Weavile|Weavile, M|29/100|[from]move: U-turn
|-damage|p1a: Weavile|4/100|[from] Stealth Rock
|
|-heal|p2a: Rotom|47/100 tox|[from] item: Leftovers
|-damage|p2a: Rotom|41/100 tox|[from] psn
|upkeep
|turn|32
|
|t:|1658060049
|switch|p2a: Hippowdon|Hippowdon, M|89/100
|-damage|p2a: Hippowdon|82/100|[from] Stealth Rock
|-weather|Sandstorm|[from] ability: Sand Stream|[of] p2a: Hippowdon
|move|p1a: Weavile|Triple Axel|p2a: Hippowdon
|-supereffective|p2a: Hippowdon
|-damage|p2a: Hippowdon|65/100
|-supereffective|p2a: Hippowdon
|-damage|p2a: Hippowdon|31/100
|-supereffective|p2a: Hippowdon
|-damage|p2a: Hippowdon|0 fnt
|faint|p2a: Hippowdon
|-hitcount|p2: Hippowdon|3
|
|-weather|Sandstorm|[upkeep]
|-damage|p1a: Weavile|0 fnt|[from] Sandstorm
|faint|p1a: Weavile
|upkeep
|j| Atomise
|
|t:|1658060069
|switch|p1a: Melmetal|Melmetal|41/100
|switch|p2a: Noivern|Noivern, F|100/100
|-item|p1a: Melmetal|Leftovers|[from] ability: Frisk|[of] p2a: Noivern|[identify]
|-damage|p1a: Melmetal|35/100|[from] Stealth Rock
|turn|33
|
|t:|1658060078
|move|p1a: Melmetal|Protect|p1a: Melmetal
|-singleturn|p1a: Melmetal|Protect
|move|p2a: Noivern|Super Fang|p1a: Melmetal
|-activate|p1a: Melmetal|move: Protect
|
|-weather|Sandstorm|[upkeep]
|-damage|p2a: Noivern|94/100|[from] Sandstorm
|-heal|p1a: Melmetal|41/100|[from] item: Leftovers
|upkeep
|turn|34
|
|t:|1658060090
|move|p2a: Noivern|Super Fang|p1a: Melmetal
|-damage|p1a: Melmetal|21/100
|move|p1a: Melmetal|Double Iron Bash|p2a: Noivern
|-damage|p2a: Noivern|53/100
|-damage|p2a: Noivern|13/100
|-hitcount|p2a: Noivern|2
|
|-weather|Sandstorm|[upkeep]
|-damage|p2a: Noivern|7/100|[from] Sandstorm
|-heal|p1a: Melmetal|27/100|[from] item: Leftovers
|upkeep
|turn|35
|
|t:|1658060101
|move|p2a: Noivern|Roost|p2a: Noivern
|-heal|p2a: Noivern|57/100
|-singleturn|p2a: Noivern|move: Roost
|move|p1a: Melmetal|Double Iron Bash|p2a: Noivern
|-damage|p2a: Noivern|13/100
|-damage|p2a: Noivern|0 fnt
|faint|p2a: Noivern
|-hitcount|p2: Noivern|2
|
|-weather|Sandstorm|[upkeep]
|-heal|p1a: Melmetal|33/100|[from] item: Leftovers
|upkeep
|
|t:|1658060111
|switch|p2a: Rotom|Rotom-Wash|41/100 tox
|-damage|p2a: Rotom|28/100 tox|[from] Stealth Rock
|turn|36
|
|t:|1658060115
|move|p1a: Melmetal|Protect|p1a: Melmetal
|-singleturn|p1a: Melmetal|Protect
|move|p2a: Rotom|Hydro Pump|p1a: Melmetal
|-activate|p1a: Melmetal|move: Protect
|
|-weather|none
|-heal|p2a: Rotom|34/100 tox|[from] item: Leftovers
|-heal|p1a: Melmetal|39/100|[from] item: Leftovers
|-damage|p2a: Rotom|28/100 tox|[from] psn
|upkeep
|turn|37
|
|t:|1658060132
|switch|p1a: Slowbro|Slowbro, M|100/100 brn
|-damage|p1a: Slowbro|88/100 brn|[from] Stealth Rock
|move|p2a: Rotom|Will-O-Wisp|p1a: Slowbro
|-fail|p1a: Slowbro|brn
|
|-heal|p2a: Rotom|34/100 tox|[from] item: Leftovers
|-damage|p2a: Rotom|22/100 tox|[from] psn
|-damage|p1a: Slowbro|82/100 brn|[from] brn
|upkeep
|turn|38
|j| lefestos
|
|t:|1658060142
|move|p2a: Rotom|Volt Switch|p1a: Slowbro
|-supereffective|p1a: Slowbro
|-crit|p1a: Slowbro
|-damage|p1a: Slowbro|18/100 brn
|
|t:|1658060146
|switch|p2a: Kartana|Kartana|72/100|[from]move: Volt Switch
|-damage|p2a: Kartana|66/100|[from] Stealth Rock
|move|p1a: Slowbro|Teleport|p1a: Slowbro
|
|t:|1658060148
|switch|p1a: Melmetal|Melmetal|39/100|[from]move: Teleport
|-damage|p1a: Melmetal|33/100|[from] Stealth Rock
|
|-heal|p1a: Melmetal|39/100|[from] item: Leftovers
|upkeep
|turn|39
|j| sacred whisper
|
|t:|1658060156
|move|p1a: Melmetal|Protect|p1a: Melmetal
|-singleturn|p1a: Melmetal|Protect
|move|p2a: Kartana|Knock Off|p1a: Melmetal
|-activate|p1a: Melmetal|move: Protect
|
|-heal|p1a: Melmetal|46/100|[from] item: Leftovers
|upkeep
|turn|40
|
|t:|1658060165
|move|p2a: Kartana|Knock Off|p1a: Melmetal
|-damage|p1a: Melmetal|22/100
|-enditem|p1a: Melmetal|Leftovers|[from] move: Knock Off|[of] p2a: Kartana
|move|p1a: Melmetal|Superpower|p2a: Kartana
|-supereffective|p2a: Kartana
|-damage|p2a: Kartana|0 fnt
|-unboost|p1a: Melmetal|atk|1
|-unboost|p1a: Melmetal|def|1
|faint|p2a: Kartana
|
|upkeep
|-message|hisamotomasami forfeited.
|
|win|rigmortus
|raw|rigmortus's rating: 1793 &rarr; <strong>1811</strong><br />(+18 for winning)
|raw|hisamotomasami's rating: 1765 &rarr; <strong>1747</strong><br />(-18 for losing)
|l|☆hisamotomasami
|l|☆rigmortus
|l| simplegent
|l| sacred whisper
