|j|☆iopkj09
|j|☆had sweep
|t:|1667696395
|gametype|singles
|player|p1|iopkj09|nate|1601
|player|p2|had sweep|swimmer-gen4|1686
|teamsize|p1|6
|teamsize|p2|6
|gen|8
|tier|[Gen 8] OU
|rated|
|rule|Sleep Clause Mod: Limit one foe put to sleep
|rule|Species Clause: Limit one of each Pokémon
|rule|OHKO Clause: OHKO moves are banned
|rule|Evasion Items Clause: Evasion items are banned
|rule|Evasion Moves Clause: Evasion moves are banned
|rule|Endless Battle Clause: Forcing endless battles is banned
|rule|HP Percentage Mod: HP is shown in percentages
|rule|Dynamax Clause: You cannot dynamax
|clearpoke
|poke|p1|Garchomp, M|
|poke|p1|Zapdos|
|poke|p1|Rillaboom, M|
|poke|p1|Tapu Lele|
|poke|p1|Volcanion|
|poke|p1|Weavile, F|
|poke|p2|Heatran, F|
|poke|p2|Tornadus-Therian, M|
|poke|p2|Metagross|
|poke|p2|Tapu Bulu|
|poke|p2|Toxapex, F|
|poke|p2|Excadrill, F|
|teampreview
|inactive|Battle timer is ON: inactive players will automatically lose when time's up. (requested by had sweep)
|inactive|iopkj09 also wants the timer to be on.
|
|t:|1667696421
|start
|switch|p1a: Weavile|Weavile, F|100/100
|switch|p2a: Excadrill|Excadrill, F|100/100
|-ability|p2a: Excadrill|Mold Breaker
|turn|1
|
|t:|1667696427
|move|p1a: Weavile|Knock Off|p2a: Excadrill
|-damage|p2a: Excadrill|41/100
|-enditem|p2a: Excadrill|Leftovers|[from] move: Knock Off|[of] p1a: Weavile
|move|p2a: Excadrill|High Horsepower|p1a: Weavile
|-damage|p1a: Weavile|28/100
|
|upkeep
|turn|2
|
|t:|1667696434
|move|p1a: Weavile|Knock Off|p2a: Excadrill
|-damage|p2a: Excadrill|4/100
|move|p2a: Excadrill|Stealth Rock|p1a: Weavile
|-sidestart|p1: iopkj09|move: Stealth Rock
|
|upkeep
|turn|3
|
|t:|1667696438
|move|p1a: Weavile|Ice Shard|p2a: Excadrill
|-damage|p2a: Excadrill|0 fnt
|faint|p2a: Excadrill
|
|upkeep
|
|t:|1667696443
|switch|p2a: Toxapex|Toxapex, F|100/100
|turn|4
|
|t:|1667696447
|move|p1a: Weavile|Swords Dance|p1a: Weavile
|-boost|p1a: Weavile|atk|2
|move|p2a: Toxapex|Scald|p1a: Weavile
|-damage|p1a: Weavile|3/100
|
|upkeep
|turn|5
|
|t:|1667696450
|move|p1a: Weavile|Knock Off|p2a: Toxapex
|-damage|p2a: Toxapex|39/100
|-enditem|p2a: Toxapex|Black Sludge|[from] move: Knock Off|[of] p1a: Weavile
|move|p2a: Toxapex|Recover|p2a: Toxapex
|-heal|p2a: Toxapex|89/100
|
|upkeep
|turn|6
|
|t:|1667696456
|move|p1a: Weavile|Knock Off|p2a: Toxapex
|-damage|p2a: Toxapex|52/100
|move|p2a: Toxapex|Scald|p1a: Weavile
|-damage|p1a: Weavile|0 fnt
|faint|p1a: Weavile
|
|upkeep
|
|t:|1667696463
|switch|p1a: Zapdos|Zapdos, shiny|100/100
|-damage|p1a: Zapdos|76/100|[from] Stealth Rock
|turn|7
|
|t:|1667696468
|switch|p2a: Heatran|Heatran, F|100/100
|move|p1a: Zapdos|Thunderbolt|p2a: Heatran
|-damage|p2a: Heatran|76/100
|
|upkeep
|turn|8
|
|t:|1667696473
|move|p1a: Zapdos|Thunderbolt|p2a: Heatran
|-damage|p2a: Heatran|52/100
|move|p2a: Heatran|Magma Storm|p1a: Zapdos
|-damage|p1a: Zapdos|29/100
|-activate|p1a: Zapdos|move: Magma Storm|[of] p2a: Heatran
|
|-damage|p1a: Zapdos|16/100|[from] move: Magma Storm|[partiallytrapped]
|upkeep
|turn|9
|
|t:|1667696479
|move|p1a: Zapdos|Thunderbolt|p2a: Heatran
|-damage|p2a: Heatran|26/100
|move|p2a: Heatran|Flash Cannon|p1a: Zapdos
|-resisted|p1a: Zapdos
|-damage|p1a: Zapdos|0 fnt
|faint|p1a: Zapdos
|
|upkeep
|
|t:|1667696485
|switch|p1a: Tapu Lele|Tapu Lele|100/100
|-damage|p1a: Tapu Lele|88/100|[from] Stealth Rock
|-fieldstart|move: Psychic Terrain|[from] ability: Psychic Surge|[of] p1a: Tapu Lele
|turn|10
|
|t:|1667696489
|switch|p2a: Metagross|Metagross|100/100
|move|p1a: Tapu Lele|Psychic|p2a: Metagross
|-resisted|p2a: Metagross
|-damage|p2a: Metagross|81/100
|
|-heal|p2a: Metagross|87/100|[from] item: Leftovers
|upkeep
|turn|11
|
|t:|1667696494
|switch|p1a: Volcanion|Volcanion|100/100
|-damage|p1a: Volcanion|75/100|[from] Stealth Rock
|switch|p2a: Tapu Bulu|Tapu Bulu|100/100
|-fieldstart|move: Grassy Terrain|[from] ability: Grassy Surge|[of] p2a: Tapu Bulu
|
|-heal|p1a: Volcanion|82/100|[from] Grassy Terrain
|upkeep
|turn|12
|
|t:|1667696502
|switch|p2a: Heatran|Heatran, F|26/100
|move|p1a: Volcanion|Flamethrower|p2a: Heatran
|-start|p2a: Heatran|ability: Flash Fire
|
|-heal|p2a: Heatran|32/100|[from] Grassy Terrain
|-heal|p1a: Volcanion|88/100|[from] Grassy Terrain
|upkeep
|turn|13
|
|t:|1667696505
|move|p2a: Heatran|Earth Power|p1a: Volcanion
|-supereffective|p1a: Volcanion
|-damage|p1a: Volcanion|58/100
|move|p1a: Volcanion|Earth Power|p2a: Heatran
|-supereffective|p2a: Heatran
|-damage|p2a: Heatran|0 fnt
|faint|p2a: Heatran
|
|-heal|p1a: Volcanion|65/100|[from] Grassy Terrain
|upkeep
|
|t:|1667696515
|switch|p2a: Tornadus|Tornadus-Therian, M|100/100
|turn|14
|
|t:|1667696519
|move|p2a: Tornadus|Nasty Plot|p2a: Tornadus
|-boost|p2a: Tornadus|spa|2
|move|p1a: Volcanion|Steam Eruption|p2a: Tornadus
|-damage|p2a: Tornadus|41/100
|
|-heal|p1a: Volcanion|71/100|[from] Grassy Terrain
|upkeep
|turn|15
|
|t:|1667696524
|switch|p1a: Rillaboom|Rillaboom, M|100/100
|-damage|p1a: Rillaboom|88/100|[from] Stealth Rock
|move|p2a: Tornadus|Hurricane|p1a: Rillaboom
|-supereffective|p1a: Rillaboom
|-damage|p1a: Rillaboom|0 fnt
|faint|p1a: Rillaboom
|
|upkeep
|
|t:|1667696527
|switch|p1a: Garchomp|Garchomp, M, shiny|100/100
|-damage|p1a: Garchomp|94/100|[from] Stealth Rock
|turn|16
|
|t:|1667696532
|move|p1a: Garchomp|Outrage|p2a: Tornadus
|-damage|p2a: Tornadus|0 fnt
|faint|p2a: Tornadus
|
|-heal|p1a: Garchomp|100/100|[from] Grassy Terrain
|upkeep
|
|t:|1667696535
|switch|p2a: Tapu Bulu|Tapu Bulu|100/100
|turn|17
|
|t:|1667696538
|move|p1a: Garchomp|Outrage|p2a: Tapu Bulu|[from]lockedmove
|-immune|p2a: Tapu Bulu
|move|p2a: Tapu Bulu|Horn Leech|p1a: Garchomp
|-damage|p1a: Garchomp|50/100
|-damage|p2a: Tapu Bulu|88/100|[from] ability: Rough Skin|[of] p1a: Garchomp
|
|-heal|p1a: Garchomp|56/100|[from] Grassy Terrain
|-heal|p2a: Tapu Bulu|94/100|[from] Grassy Terrain
|upkeep
|turn|18
|
|t:|1667696542
|move|p1a: Garchomp|Outrage|p2a: Tapu Bulu
|-immune|p2a: Tapu Bulu
|move|p2a: Tapu Bulu|Horn Leech|p1a: Garchomp
|-damage|p1a: Garchomp|0 fnt
|-heal|p2a: Tapu Bulu|100/100|[from] drain|[of] p1a: Garchomp
|-damage|p2a: Tapu Bulu|88/100|[from] ability: Rough Skin|[of] p1a: Garchomp
|faint|p1a: Garchomp
|
|-heal|p2a: Tapu Bulu|94/100|[from] Grassy Terrain
|-fieldend|move: Grassy Terrain
|upkeep
|
|t:|1667696546
|switch|p1a: Volcanion|Volcanion|71/100
|-damage|p1a: Volcanion|46/100|[from] Stealth Rock
|turn|19
|
|t:|1667696550
|move|p2a: Tapu Bulu|Stone Edge|p1a: Volcanion
|-supereffective|p1a: Volcanion
|-damage|p1a: Volcanion|0 fnt
|faint|p1a: Volcanion
|
|upkeep
|
|t:|1667696553
|switch|p1a: Tapu Lele|Tapu Lele|88/100
|-damage|p1a: Tapu Lele|76/100|[from] Stealth Rock
|-fieldstart|move: Psychic Terrain|[from] ability: Psychic Surge|[of] p1a: Tapu Lele
|turn|20
|
|t:|1667696563
|move|p1a: Tapu Lele|Thunderbolt|p2a: Tapu Bulu
|-resisted|p2a: Tapu Bulu
|-damage|p2a: Tapu Bulu|69/100
|move|p2a: Tapu Bulu|Horn Leech|p1a: Tapu Lele
|-damage|p1a: Tapu Lele|7/100
|-heal|p2a: Tapu Bulu|98/100|[from] drain|[of] p1a: Tapu Lele
|
|upkeep
|turn|21
|-message|iopkj09 forfeited.
|
|win|had sweep
|raw|iopkj09's rating: 1601 &rarr; <strong>1586</strong><br />(-15 for losing)
|raw|had sweep's rating: 1699 &rarr; <strong>1714</strong><br />(+15 for winning)
|l|☆iopkj09
|l|☆had sweep
||Ladder isn't responding, score probably updated but might not have (Request timeout).
