|raw|<div class="broadcast-blue"><strong>This battle is required to be public due to a player having a name starting with 'lt91bb'.</div>
|j|☆Lenape
|j|☆LT91BB MDB2
|t:|1659556988
|gametype|singles
|player|p1|Lenape|101|1915
|player|p2|LT91BB MDB2|1|2021
|teamsize|p1|6
|teamsize|p2|6
|gen|8
|tier|[Gen 8] OU
|rated|
|rule|Sleep Clause Mod: Limit one foe put to sleep
|rule|Species Clause: Limit one of each Pokémon
|rule|OHKO Clause: OHKO moves are banned
|rule|Evasion Moves Clause: Evasion moves are banned
|rule|Endless Battle Clause: Forcing endless battles is banned
|rule|HP Percentage Mod: HP is shown in percentages
|rule|Dynamax Clause: You cannot dynamax
|clearpoke
|poke|p1|Rhyperior, M|
|poke|p1|Toxapex, F|
|poke|p1|Corviknight, M|
|poke|p1|Umbreon, M|
|poke|p1|Sylveon, F|
|poke|p1|Rotom-Heat|
|poke|p2|Excadrill, F|
|poke|p2|Tornadus-Therian, M|
|poke|p2|Clefable, M|
|poke|p2|Ferrothorn, F|
|poke|p2|Hippowdon, F|
|poke|p2|Volcanion|
|teampreview
|inactive|Battle timer is ON: inactive players will automatically lose when time's up. (requested by Lenape)
|
|t:|1659557002
|start
|switch|p1a: Toxapex|Toxapex, F|100/100
|switch|p2a: Tornadus|Tornadus-Therian, M|100/100
|turn|1
|
|t:|1659557012
|move|p1a: Toxapex|Baneful Bunker|p1a: Toxapex
|-singleturn|p1a: Toxapex|move: Protect
|move|p2a: Tornadus|Knock Off|p1a: Toxapex
|-activate|p1a: Toxapex|move: Protect
|-status|p2a: Tornadus|psn
|
|-damage|p2a: Tornadus|88/100 psn|[from] psn
|upkeep
|turn|2
|
|t:|1659557016
|move|p2a: Tornadus|Knock Off|p1a: Toxapex
|-damage|p1a: Toxapex|89/100
|-enditem|p1a: Toxapex|Black Sludge|[from] move: Knock Off|[of] p2a: Tornadus
|move|p1a: Toxapex|Scald|p2a: Tornadus
|-damage|p2a: Tornadus|72/100 psn
|
|-damage|p2a: Tornadus|60/100 psn|[from] psn
|upkeep
|turn|3
|
|t:|1659557019
|move|p2a: Tornadus|U-turn|p1a: Toxapex
|-resisted|p1a: Toxapex
|-damage|p1a: Toxapex|85/100
|
|t:|1659557021
|switch|p2a: Clefable|Clefable, M|100/100|[from]move: U-turn
|move|p1a: Toxapex|Toxic|p2a: Clefable
|-status|p2a: Clefable|tox
|
|upkeep
|turn|4
|
|t:|1659557026
|switch|p1a: Rhyperior|Rhyperior, M|100/100
|move|p2a: Clefable|Thunder Wave|p1a: Rhyperior
|-immune|p1a: Rhyperior
|
|upkeep
|turn|5
|
|t:|1659557031
|switch|p2a: Ferrothorn|Ferrothorn, F|100/100
|move|p1a: Rhyperior|Stealth Rock|p2a: Ferrothorn
|-sidestart|p2: LT91BB MDB2|move: Stealth Rock
|
|upkeep
|turn|6
|
|t:|1659557034
|switch|p1a: Rotom|Rotom-Heat|100/100
|move|p2a: Ferrothorn|Spikes|p1a: Rotom
|-sidestart|p1: Lenape|Spikes
|
|upkeep
|turn|7
|
|t:|1659557041
|switch|p2a: Hippowdon|Hippowdon, F|100/100
|-damage|p2a: Hippowdon|94/100|[from] Stealth Rock
|-weather|Sandstorm|[from] ability: Sand Stream|[of] p2a: Hippowdon
|move|p1a: Rotom|Trick|p2a: Hippowdon
|-activate|p1a: Rotom|move: Trick|[of] p2a: Hippowdon
|-item|p2a: Hippowdon|Choice Scarf|[from] move: Trick
|-item|p1a: Rotom|Leftovers|[from] move: Trick
|
|-weather|Sandstorm|[upkeep]
|-damage|p1a: Rotom|94/100|[from] Sandstorm
|-heal|p1a: Rotom|100/100|[from] item: Leftovers
|upkeep
|turn|8
|
|t:|1659557045
|move|p1a: Rotom|Will-O-Wisp|p2a: Hippowdon
|-status|p2a: Hippowdon|brn
|move|p2a: Hippowdon|Stealth Rock|p1a: Rotom
|-sidestart|p1: Lenape|move: Stealth Rock
|
|-weather|Sandstorm|[upkeep]
|-damage|p1a: Rotom|94/100|[from] Sandstorm
|-heal|p1a: Rotom|100/100|[from] item: Leftovers
|-damage|p2a: Hippowdon|88/100 brn|[from] brn
|upkeep
|turn|9
|
|t:|1659557049
|switch|p2a: Clefable|Clefable, M|100/100 tox
|move|p1a: Rotom|Defog|p2a: Clefable
|-unboost|p2a: Clefable|evasion|1
|-sideend|p2: LT91BB MDB2|Stealth Rock|[from] move: Defog|[of] p1a: Rotom
|-sideend|p1: Lenape|Spikes|[from] move: Defog|[of] p1a: Rotom
|-sideend|p1: Lenape|Stealth Rock|[from] move: Defog|[of] p1a: Rotom
|
|-weather|Sandstorm|[upkeep]
|-damage|p1a: Rotom|94/100|[from] Sandstorm
|-heal|p1a: Rotom|100/100|[from] item: Leftovers
|upkeep
|turn|10
|j| LT91BB Tace
|j| Aurella
|j| Grange monastique
|
|t:|1659557059
|switch|p1a: Rhyperior|Rhyperior, M|100/100
|switch|p2a: Ferrothorn|Ferrothorn, F|100/100
|
|-weather|Sandstorm|[upkeep]
|upkeep
|turn|11
|
|t:|1659557062
|switch|p1a: Rotom|Rotom-Heat|100/100
|move|p2a: Ferrothorn|Knock Off|p1a: Rotom
|-damage|p1a: Rotom|77/100
|-enditem|p1a: Rotom|Leftovers|[from] move: Knock Off|[of] p2a: Ferrothorn
|
|-weather|none
|upkeep
|turn|12
|j| lt91bb ez
|
|t:|1659557065
|switch|p2a: Clefable|Clefable, M|100/100 tox
|move|p1a: Rotom|Discharge|p2a: Clefable
|-damage|p2a: Clefable|71/100 tox
|
|-heal|p2a: Clefable|77/100 tox|[from] item: Leftovers
|upkeep
|turn|13
|j| LT91BB xray
|j| CM Reuniclus
|j| btfuyvuc
|
|t:|1659557072
|switch|p1a: Rhyperior|Rhyperior, M|100/100
|switch|p2a: Ferrothorn|Ferrothorn, F|100/100
|
|upkeep
|turn|14
|
|t:|1659557074
|switch|p1a: Rotom|Rotom-Heat|77/100
|move|p2a: Ferrothorn|Leech Seed|p1a: Rotom
|-start|p1a: Rotom|move: Leech Seed
|
|-damage|p1a: Rotom|65/100|[from] Leech Seed|[of] p2a: Ferrothorn
|upkeep
|turn|15
|
|t:|1659557078
|switch|p2a: Hippowdon|Hippowdon, F|88/100 brn
|-weather|Sandstorm|[from] ability: Sand Stream|[of] p2a: Hippowdon
|move|p1a: Rotom|Discharge|p2a: Hippowdon
|-immune|p2a: Hippowdon
|
|-weather|Sandstorm|[upkeep]
|-damage|p1a: Rotom|58/100|[from] Sandstorm
|-damage|p1a: Rotom|46/100|[from] Leech Seed|[of] p2a: Hippowdon
|-heal|p2a: Hippowdon|97/100 brn|[silent]
|-damage|p2a: Hippowdon|91/100 brn|[from] brn
|upkeep
|turn|16
|j| Fit tff
|
|t:|1659557082
|switch|p1a: Corviknight|Corviknight, M|100/100
|-ability|p1a: Corviknight|Pressure
|move|p2a: Hippowdon|Stealth Rock|p1a: Corviknight
|-sidestart|p1: Lenape|move: Stealth Rock
|
|-weather|Sandstorm|[upkeep]
|-damage|p2a: Hippowdon|85/100 brn|[from] brn
|upkeep
|turn|17
|
|t:|1659557087
|switch|p2a: Volcanion|Volcanion|100/100
|move|p1a: Corviknight|Substitute|p1a: Corviknight
|-start|p1a: Corviknight|Substitute
|-damage|p1a: Corviknight|75/100
|
|-weather|Sandstorm|[upkeep]
|-damage|p2a: Volcanion|95/100|[from] Sandstorm
|-heal|p1a: Corviknight|82/100|[from] item: Leftovers
|upkeep
|turn|18
|
|t:|1659557090
|move|p2a: Volcanion|Flamethrower|p1a: Corviknight
|-supereffective|p1a: Corviknight
|-end|p1a: Corviknight|Substitute
|move|p1a: Corviknight|Brave Bird|p2a: Volcanion
|-damage|p2a: Volcanion|44/100
|-damage|p1a: Corviknight|69/100|[from] Recoil
|
|-weather|Sandstorm|[upkeep]
|-damage|p2a: Volcanion|38/100|[from] Sandstorm
|-heal|p1a: Corviknight|75/100|[from] item: Leftovers
|upkeep
|turn|19
|
|t:|1659557093
|switch|p1a: Rhyperior|Rhyperior, M|100/100
|-damage|p1a: Rhyperior|94/100|[from] Stealth Rock
|move|p2a: Volcanion|Flamethrower|p1a: Rhyperior
|-resisted|p1a: Rhyperior
|-damage|p1a: Rhyperior|73/100
|
|-weather|none
|-heal|p1a: Rhyperior|80/100|[from] item: Leftovers
|upkeep
|turn|20
|j| Trannos
|
|t:|1659557097
|switch|p2a: Ferrothorn|Ferrothorn, F|100/100
|switch|p1a: Toxapex|Toxapex, F|100/100
|-damage|p1a: Toxapex|88/100|[from] Stealth Rock
|
|upkeep
|turn|21
|j| misery lake
|j| LT91BB Uxilon
|
|t:|1659557103
|switch|p2a: Clefable|Clefable, M|77/100 tox
|move|p1a: Toxapex|Scald|p2a: Clefable
|-damage|p2a: Clefable|61/100 tox
|
|-heal|p2a: Clefable|67/100 tox|[from] item: Leftovers
|upkeep
|turn|22
|
|t:|1659557107
|switch|p1a: Rhyperior|Rhyperior, M|80/100
|-damage|p1a: Rhyperior|73/100|[from] Stealth Rock
|move|p2a: Clefable|Wish|p2a: Clefable
|
|-heal|p2a: Clefable|73/100 tox|[from] item: Leftovers
|-heal|p1a: Rhyperior|80/100|[from] item: Leftovers
|upkeep
|turn|23
|
|t:|1659557108
|switch|p2a: Ferrothorn|Ferrothorn, F|100/100
|move|p1a: Rhyperior|Stealth Rock|p2a: Ferrothorn
|-sidestart|p2: LT91BB MDB2|move: Stealth Rock
|
|-heal|p1a: Rhyperior|86/100|[from] item: Leftovers
|upkeep
|turn|24
|j| LT91BBShow404
|
|t:|1659557113
|switch|p1a: Toxapex|Toxapex, F|100/100
|-damage|p1a: Toxapex|88/100|[from] Stealth Rock
|move|p2a: Ferrothorn|Spikes|p1a: Toxapex
|-sidestart|p1: Lenape|Spikes
|
|upkeep
|turn|25
|j| Sibereous
|
|t:|1659557117
|switch|p2a: Clefable|Clefable, M|73/100 tox
|move|p1a: Toxapex|Scald|p2a: Clefable
|-damage|p2a: Clefable|56/100 tox
|
|-heal|p2a: Clefable|62/100 tox|[from] item: Leftovers
|upkeep
|turn|26
|
|t:|1659557120
|switch|p1a: Corviknight|Corviknight, M|75/100
|-damage|p1a: Corviknight|63/100|[from] Stealth Rock
|-ability|p1a: Corviknight|Pressure
|move|p2a: Clefable|Soft-Boiled|p2a: Clefable
|-heal|p2a: Clefable|100/100 tox
|
|-heal|p1a: Corviknight|69/100|[from] item: Leftovers
|upkeep
|turn|27
|l| misery lake
|j| floating blind
|
|t:|1659557134
|switch|p2a: Excadrill|Excadrill, F|100/100
|-damage|p2a: Excadrill|97/100|[from] Stealth Rock
|move|p1a: Corviknight|Substitute|p1a: Corviknight
|-start|p1a: Corviknight|Substitute
|-damage|p1a: Corviknight|44/100
|
|-heal|p2a: Excadrill|100/100|[from] item: Leftovers
|-heal|p1a: Corviknight|50/100|[from] item: Leftovers
|upkeep
|turn|28
|
|t:|1659557138
|move|p2a: Excadrill|Swords Dance|p2a: Excadrill
|-boost|p2a: Excadrill|atk|2
|move|p1a: Corviknight|Roost|p1a: Corviknight
|-heal|p1a: Corviknight|100/100
|-singleturn|p1a: Corviknight|move: Roost
|
|upkeep
|turn|29
|
|t:|1659557141
|move|p2a: Excadrill|Iron Head|p1a: Corviknight
|-resisted|p1a: Corviknight
|-end|p1a: Corviknight|Substitute
|move|p1a: Corviknight|Bulk Up|p1a: Corviknight
|-boost|p1a: Corviknight|atk|1
|-boost|p1a: Corviknight|def|1
|
|upkeep
|turn|30
|
|t:|1659557143
|move|p2a: Excadrill|Swords Dance|p2a: Excadrill
|-boost|p2a: Excadrill|atk|2
|move|p1a: Corviknight|Substitute|p1a: Corviknight
|-start|p1a: Corviknight|Substitute
|-damage|p1a: Corviknight|75/100
|
|-heal|p1a: Corviknight|82/100|[from] item: Leftovers
|upkeep
|turn|31
|j| ibleachyourskin
|
|t:|1659557146
|move|p2a: Excadrill|Swords Dance|p2a: Excadrill
|-boost|p2a: Excadrill|atk|2
|move|p1a: Corviknight|Bulk Up|p1a: Corviknight
|-boost|p1a: Corviknight|atk|1
|-boost|p1a: Corviknight|def|1
|
|-heal|p1a: Corviknight|88/100|[from] item: Leftovers
|upkeep
|turn|32
|
|t:|1659557147
|move|p2a: Excadrill|Iron Head|p1a: Corviknight
|-resisted|p1a: Corviknight
|-end|p1a: Corviknight|Substitute
|move|p1a: Corviknight|Bulk Up|p1a: Corviknight
|-boost|p1a: Corviknight|atk|1
|-boost|p1a: Corviknight|def|1
|
|-heal|p1a: Corviknight|94/100|[from] item: Leftovers
|upkeep
|turn|33
|
|t:|1659557149
|move|p2a: Excadrill|Iron Head|p1a: Corviknight
|-resisted|p1a: Corviknight
|-damage|p1a: Corviknight|66/100
|move|p1a: Corviknight|Substitute|p1a: Corviknight
|-start|p1a: Corviknight|Substitute
|-damage|p1a: Corviknight|41/100
|
|-heal|p1a: Corviknight|48/100|[from] item: Leftovers
|upkeep
|turn|34
|j| lt91bb mind
|
|t:|1659557151
|move|p2a: Excadrill|Iron Head|p1a: Corviknight
|-resisted|p1a: Corviknight
|-end|p1a: Corviknight|Substitute
|move|p1a: Corviknight|Roost|p1a: Corviknight
|-heal|p1a: Corviknight|98/100
|-singleturn|p1a: Corviknight|move: Roost
|
|-heal|p1a: Corviknight|100/100|[from] item: Leftovers
|upkeep
|turn|35
|
|t:|1659557153
|move|p2a: Excadrill|Iron Head|p1a: Corviknight
|-resisted|p1a: Corviknight
|-damage|p1a: Corviknight|73/100
|move|p1a: Corviknight|Bulk Up|p1a: Corviknight
|-boost|p1a: Corviknight|atk|1
|-boost|p1a: Corviknight|def|1
|
|-heal|p1a: Corviknight|79/100|[from] item: Leftovers
|upkeep
|turn|36
|
|t:|1659557155
|move|p2a: Excadrill|Iron Head|p1a: Corviknight
|-resisted|p1a: Corviknight
|-damage|p1a: Corviknight|57/100
|cant|p1a: Corviknight|flinch
|
|-heal|p1a: Corviknight|63/100|[from] item: Leftovers
|upkeep
|turn|37
|
|t:|1659557158
|move|p2a: Excadrill|Iron Head|p1a: Corviknight
|-resisted|p1a: Corviknight
|-damage|p1a: Corviknight|42/100
|cant|p1a: Corviknight|flinch
|
|-heal|p1a: Corviknight|48/100|[from] item: Leftovers
|upkeep
|turn|38
|
|t:|1659557160
|switch|p2a: Volcanion|Volcanion|38/100
|-damage|p2a: Volcanion|13/100|[from] Stealth Rock
|move|p1a: Corviknight|Substitute|p1a: Corviknight
|-start|p1a: Corviknight|Substitute
|-damage|p1a: Corviknight|23/100
|
|-heal|p1a: Corviknight|29/100|[from] item: Leftovers
|upkeep
|turn|39
|
|t:|1659557171
|move|p2a: Volcanion|Steam Eruption|p1a: Corviknight
|-end|p1a: Corviknight|Substitute
|move|p1a: Corviknight|Brave Bird|p2a: Volcanion
|-damage|p2a: Volcanion|0 fnt
|faint|p2a: Volcanion
|-damage|p1a: Corviknight|26/100|[from] Recoil
|
|-heal|p1a: Corviknight|32/100|[from] item: Leftovers
|upkeep
|
|t:|1659557173
|switch|p2a: Tornadus|Tornadus-Therian, M|93/100 psn
|turn|40
|j| lt91bb star
|
|t:|1659557182
|switch|p1a: Sylveon|Sylveon, F|100/100
|-damage|p1a: Sylveon|88/100|[from] Stealth Rock
|-damage|p1a: Sylveon|76/100|[from] Spikes
|move|p2a: Tornadus|U-turn|p1a: Sylveon
|-resisted|p1a: Sylveon
|-damage|p1a: Sylveon|66/100
|
|t:|1659557185
|switch|p2a: Excadrill|Excadrill, F|100/100|[from]move: U-turn
|-damage|p2a: Excadrill|97/100|[from] Stealth Rock
|
|-heal|p2a: Excadrill|100/100|[from] item: Leftovers
|-heal|p1a: Sylveon|72/100|[from] item: Leftovers
|upkeep
|turn|41
|
|t:|1659557189
|switch|p1a: Umbreon|Umbreon, M|100/100
|-damage|p1a: Umbreon|88/100|[from] Stealth Rock
|-damage|p1a: Umbreon|76/100|[from] Spikes
|move|p2a: Excadrill|Swords Dance|p2a: Excadrill
|-boost|p2a: Excadrill|atk|2
|
|-heal|p1a: Umbreon|82/100|[from] item: Leftovers
|upkeep
|turn|42
|c|☆Lenape|Calc it
|c| LT91BBShow404|:'(
|
|t:|1659557212
|switch|p2a: Tornadus|Tornadus-Therian, M|100/100 psn
|move|p1a: Umbreon|Foul Play|p2a: Tornadus
|-damage|p2a: Tornadus|70/100 psn
|
|-heal|p1a: Umbreon|88/100|[from] item: Leftovers
|-damage|p2a: Tornadus|57/100 psn|[from] psn
|upkeep
|turn|43
|
|t:|1659557216
|move|p2a: Tornadus|Knock Off|p1a: Umbreon
|-resisted|p1a: Umbreon
|-damage|p1a: Umbreon|82/100
|-enditem|p1a: Umbreon|Leftovers|[from] move: Knock Off|[of] p2a: Tornadus
|move|p1a: Umbreon|Wish|p1a: Umbreon
|
|-damage|p2a: Tornadus|45/100 psn|[from] psn
|upkeep
|turn|44
|j| misery lake
|
|t:|1659557219
|move|p2a: Tornadus|U-turn|p1a: Umbreon
|-supereffective|p1a: Umbreon
|-damage|p1a: Umbreon|65/100
|
|t:|1659557224
|switch|p2a: Ferrothorn|Ferrothorn, F|100/100|[from]move: U-turn
|-damage|p2a: Ferrothorn|94/100|[from] Stealth Rock
|move|p1a: Umbreon|Foul Play|p2a: Ferrothorn
|-damage|p2a: Ferrothorn|74/100
|-damage|p1a: Umbreon|53/100|[from] ability: Iron Barbs|[of] p2a: Ferrothorn
|
|-heal|p1a: Umbreon|100/100|[from] move: Wish|[wisher] Umbreon
|-heal|p2a: Ferrothorn|80/100|[from] item: Leftovers
|upkeep
|turn|45
|l| Sibereous
|
|t:|1659557240
|switch|p1a: Rhyperior|Rhyperior, M|86/100
|-damage|p1a: Rhyperior|80/100|[from] Stealth Rock
|-damage|p1a: Rhyperior|67/100|[from] Spikes
|switch|p2a: Clefable|Clefable, M|100/100 tox
|
|-heal|p1a: Rhyperior|73/100|[from] item: Leftovers
|upkeep
|turn|46
|
|t:|1659557245
|move|p2a: Clefable|Moonblast|p1a: Rhyperior
|-damage|p1a: Rhyperior|46/100
|move|p1a: Rhyperior|Heavy Slam|p2a: Clefable
|-supereffective|p2a: Clefable
|-damage|p2a: Clefable|45/100 tox
|
|-heal|p2a: Clefable|51/100 tox|[from] item: Leftovers
|-heal|p1a: Rhyperior|52/100|[from] item: Leftovers
|upkeep
|turn|47
|
|t:|1659557250
|switch|p2a: Ferrothorn|Ferrothorn, F|80/100
|-damage|p2a: Ferrothorn|74/100|[from] Stealth Rock
|move|p1a: Rhyperior|Heavy Slam|p2a: Ferrothorn
|-resisted|p2a: Ferrothorn
|-damage|p2a: Ferrothorn|67/100
|-damage|p1a: Rhyperior|40/100|[from] ability: Iron Barbs|[of] p2a: Ferrothorn
|
|-heal|p1a: Rhyperior|46/100|[from] item: Leftovers
|-heal|p2a: Ferrothorn|73/100|[from] item: Leftovers
|upkeep
|turn|48
|
|t:|1659557253
|move|p1a: Rhyperior|Earthquake|p2a: Ferrothorn
|-damage|p2a: Ferrothorn|42/100
|move|p2a: Ferrothorn|Leech Seed|p1a: Rhyperior
|-start|p1a: Rhyperior|move: Leech Seed
|
|-heal|p1a: Rhyperior|52/100|[from] item: Leftovers
|-heal|p2a: Ferrothorn|49/100|[from] item: Leftovers
|-damage|p1a: Rhyperior|40/100|[from] Leech Seed|[of] p2a: Ferrothorn
|-heal|p2a: Ferrothorn|64/100|[silent]
|upkeep
|turn|49
|
|t:|1659557256
|move|p1a: Rhyperior|Earthquake|p2a: Ferrothorn
|-damage|p2a: Ferrothorn|31/100
|move|p2a: Ferrothorn|Spikes|p1a: Rhyperior
|-sidestart|p1: Lenape|Spikes
|
|-heal|p1a: Rhyperior|46/100|[from] item: Leftovers
|-heal|p2a: Ferrothorn|38/100|[from] item: Leftovers
|-damage|p1a: Rhyperior|34/100|[from] Leech Seed|[of] p2a: Ferrothorn
|-heal|p2a: Ferrothorn|53/100|[silent]
|upkeep
|turn|50
|
|t:|1659557262
|switch|p2a: Clefable|Clefable, M|51/100 tox
|move|p1a: Rhyperior|Earthquake|p2a: Clefable
|-damage|p2a: Clefable|18/100 tox
|
|-heal|p2a: Clefable|24/100 tox|[from] item: Leftovers
|-heal|p1a: Rhyperior|40/100|[from] item: Leftovers
|-damage|p1a: Rhyperior|27/100|[from] Leech Seed|[of] p2a: Clefable
|-heal|p2a: Clefable|38/100 tox|[silent]
|upkeep
|turn|51
|
|t:|1659557265
|move|p2a: Clefable|Soft-Boiled|p2a: Clefable
|-heal|p2a: Clefable|88/100 tox
|move|p1a: Rhyperior|Heavy Slam|p2a: Clefable
|-supereffective|p2a: Clefable
|-damage|p2a: Clefable|28/100 tox
|
|-heal|p2a: Clefable|34/100 tox|[from] item: Leftovers
|-heal|p1a: Rhyperior|34/100|[from] item: Leftovers
|-damage|p1a: Rhyperior|21/100|[from] Leech Seed|[of] p2a: Clefable
|-heal|p2a: Clefable|48/100 tox|[silent]
|upkeep
|turn|52
|
|t:|1659557271
|move|p2a: Clefable|Soft-Boiled|p2a: Clefable
|-heal|p2a: Clefable|98/100 tox
|move|p1a: Rhyperior|Heavy Slam|p2a: Clefable
|-supereffective|p2a: Clefable
|-damage|p2a: Clefable|45/100 tox
|
|-heal|p2a: Clefable|51/100 tox|[from] item: Leftovers
|-heal|p1a: Rhyperior|27/100|[from] item: Leftovers
|-damage|p1a: Rhyperior|15/100|[from] Leech Seed|[of] p2a: Clefable
|-heal|p2a: Clefable|65/100 tox|[silent]
|upkeep
|turn|53
|
|t:|1659557274
|switch|p2a: Tornadus|Tornadus-Therian, M|78/100 psn
|move|p1a: Rhyperior|Heavy Slam|p2a: Tornadus
|-damage|p2a: Tornadus|42/100 psn
|
|-heal|p1a: Rhyperior|21/100|[from] item: Leftovers
|-damage|p1a: Rhyperior|9/100|[from] Leech Seed|[of] p2a: Tornadus
|-heal|p2a: Tornadus|57/100 psn|[silent]
|-damage|p2a: Tornadus|44/100 psn|[from] psn
|upkeep
|turn|54
|
|t:|1659557282
|move|p2a: Tornadus|U-turn|p1a: Rhyperior
|-damage|p1a: Rhyperior|0 fnt
|faint|p1a: Rhyperior
|
|t:|1659557292
|switch|p2a: Excadrill|Excadrill, F|100/100|[from]move: U-turn
|-damage|p2a: Excadrill|97/100|[from] Stealth Rock
|
|-heal|p2a: Excadrill|100/100|[from] item: Leftovers
|upkeep
|
|t:|1659557302
|switch|p1a: Rotom|Rotom-Heat|46/100
|-damage|p1a: Rotom|21/100|[from] Stealth Rock
|turn|55
|j| Larry Bird GOAT
|
|t:|1659557305
|move|p2a: Excadrill|Rapid Spin|p1a: Rotom
|-damage|p1a: Rotom|2/100
|-boost|p2a: Excadrill|spe|1
|-sideend|p2: LT91BB MDB2|Stealth Rock|[from] move: Rapid Spin|[of] p2a: Excadrill
|move|p1a: Rotom|Defog|p2a: Excadrill
|-unboost|p2a: Excadrill|evasion|1
|-sideend|p1: Lenape|Spikes|[from] move: Defog|[of] p1a: Rotom
|-sideend|p1: Lenape|Stealth Rock|[from] move: Defog|[of] p1a: Rotom
|
|upkeep
|turn|56
|l| Larry Bird GOAT
|
|t:|1659557311
|move|p2a: Excadrill|Rapid Spin|p1a: Rotom
|-damage|p1a: Rotom|0 fnt
|-boost|p2a: Excadrill|spe|1
|faint|p1a: Rotom
|
|upkeep
|
|t:|1659557314
|switch|p1a: Umbreon|Umbreon, M|100/100
|turn|57
|
|t:|1659557318
|switch|p2a: Clefable|Clefable, M|65/100 tox
|move|p1a: Umbreon|Wish|p1a: Umbreon
|
|-heal|p2a: Clefable|71/100 tox|[from] item: Leftovers
|upkeep
|turn|58
|l| misery lake
|
|t:|1659557324
|switch|p1a: Corviknight|Corviknight, M|32/100
|-ability|p1a: Corviknight|Pressure
|move|p2a: Clefable|Thunder Wave|p1a: Corviknight
|-status|p1a: Corviknight|par
|
|-heal|p1a: Corviknight|82/100 par|[from] move: Wish|[wisher] Umbreon
|-heal|p2a: Clefable|77/100 tox|[from] item: Leftovers
|-heal|p1a: Corviknight|88/100 par|[from] item: Leftovers
|upkeep
|turn|59
|j| r56k453
|
|t:|1659557330
|switch|p2a: Tornadus|Tornadus-Therian, M|77/100 psn
|switch|p1a: Umbreon|Umbreon, M|100/100
|
|-damage|p2a: Tornadus|65/100 psn|[from] psn
|upkeep
|turn|60
|
|t:|1659557336
|move|p2a: Tornadus|Hurricane|p1a: Umbreon
|-damage|p1a: Umbreon|70/100
|move|p1a: Umbreon|Heal Bell|p1a: Umbreon
|-activate|p1a: Umbreon|move: Heal Bell
|-curestatus|p1: Corviknight|par|[msg]
|
|-damage|p2a: Tornadus|52/100 psn|[from] psn
|upkeep
|turn|61
|
|t:|1659557339
|move|p2a: Tornadus|U-turn|p1a: Umbreon
|-supereffective|p1a: Umbreon
|-damage|p1a: Umbreon|53/100
|
|t:|1659557341
|switch|p2a: Clefable|Clefable, M|77/100 tox|[from]move: U-turn
|move|p1a: Umbreon|Wish|p1a: Umbreon
|
|-heal|p2a: Clefable|83/100 tox|[from] item: Leftovers
|upkeep
|turn|62
|
|t:|1659557343
|move|p1a: Umbreon|Protect|p1a: Umbreon
|-singleturn|p1a: Umbreon|Protect
|move|p2a: Clefable|Thunder Wave|p1a: Umbreon
|-activate|p1a: Umbreon|move: Protect
|
|-heal|p1a: Umbreon|100/100|[from] move: Wish|[wisher] Umbreon
|-heal|p2a: Clefable|89/100 tox|[from] item: Leftovers
|upkeep
|turn|63
|
|t:|1659557346
|switch|p1a: Sylveon|Sylveon, F|72/100
|move|p2a: Clefable|Thunder Wave|p1a: Sylveon
|-status|p1a: Sylveon|par
|
|-heal|p2a: Clefable|95/100 tox|[from] item: Leftovers
|-heal|p1a: Sylveon|78/100 par|[from] item: Leftovers
|upkeep
|turn|64
|
|t:|1659557351
|switch|p2a: Excadrill|Excadrill, F|100/100
|move|p1a: Sylveon|Hyper Voice|p2a: Excadrill
|-resisted|p2a: Excadrill
|-damage|p2a: Excadrill|65/100
|
|-heal|p2a: Excadrill|71/100|[from] item: Leftovers
|-heal|p1a: Sylveon|85/100 par|[from] item: Leftovers
|upkeep
|turn|65
|
|t:|1659557358
|switch|p1a: Umbreon|Umbreon, M|100/100
|move|p2a: Excadrill|Earthquake|p1a: Umbreon
|-damage|p1a: Umbreon|69/100
|
|-heal|p2a: Excadrill|78/100|[from] item: Leftovers
|upkeep
|turn|66
|
|t:|1659557363
|switch|p2a: Ferrothorn|Ferrothorn, F|53/100
|move|p1a: Umbreon|Wish|p1a: Umbreon
|
|-heal|p2a: Ferrothorn|59/100|[from] item: Leftovers
|upkeep
|turn|67
|
|t:|1659557367
|move|p1a: Umbreon|Protect|p1a: Umbreon
|-singleturn|p1a: Umbreon|Protect
|move|p2a: Ferrothorn|Leech Seed|p1a: Umbreon
|-activate|p1a: Umbreon|move: Protect
|
|-heal|p1a: Umbreon|100/100|[from] move: Wish|[wisher] Umbreon
|-heal|p2a: Ferrothorn|66/100|[from] item: Leftovers
|upkeep
|turn|68
|
|t:|1659557369
|switch|p1a: Sylveon|Sylveon, F|85/100 par
|move|p2a: Ferrothorn|Leech Seed|p1a: Sylveon
|-start|p1a: Sylveon|move: Leech Seed
|
|-heal|p1a: Sylveon|91/100 par|[from] item: Leftovers
|-heal|p2a: Ferrothorn|72/100|[from] item: Leftovers
|-damage|p1a: Sylveon|78/100 par|[from] Leech Seed|[of] p2a: Ferrothorn
|-heal|p2a: Ferrothorn|86/100|[silent]
|upkeep
|turn|69
|
|t:|1659557375
|move|p1a: Sylveon|Hyper Voice|p2a: Ferrothorn
|-resisted|p2a: Ferrothorn
|-damage|p2a: Ferrothorn|67/100
|move|p2a: Ferrothorn|Gyro Ball|p1a: Sylveon
|-supereffective|p1a: Sylveon
|-damage|p1a: Sylveon|35/100 par
|
|-heal|p1a: Sylveon|41/100 par|[from] item: Leftovers
|-heal|p2a: Ferrothorn|73/100|[from] item: Leftovers
|-damage|p1a: Sylveon|29/100 par|[from] Leech Seed|[of] p2a: Ferrothorn
|-heal|p2a: Ferrothorn|87/100|[silent]
|upkeep
|turn|70
|
|t:|1659557379
|switch|p2a: Excadrill|Excadrill, F|78/100
|move|p1a: Sylveon|Hyper Voice|p2a: Excadrill
|-resisted|p2a: Excadrill
|-damage|p2a: Excadrill|43/100
|
|-heal|p2a: Excadrill|49/100|[from] item: Leftovers
|-heal|p1a: Sylveon|35/100 par|[from] item: Leftovers
|-damage|p1a: Sylveon|22/100 par|[from] Leech Seed|[of] p2a: Excadrill
|-heal|p2a: Excadrill|63/100|[silent]
|upkeep
|turn|71
|
|t:|1659557384
|switch|p1a: Umbreon|Umbreon, M|100/100
|move|p2a: Excadrill|Swords Dance|p2a: Excadrill
|-boost|p2a: Excadrill|atk|2
|
|-heal|p2a: Excadrill|69/100|[from] item: Leftovers
|upkeep
|turn|72
|
|t:|1659557386
|move|p2a: Excadrill|Iron Head|p1a: Umbreon
|-damage|p1a: Umbreon|48/100
|move|p1a: Umbreon|Foul Play|p2a: Excadrill
|-damage|p2a: Excadrill|0 fnt
|faint|p2a: Excadrill
|
|upkeep
|c|☆Lenape|Inner focus
|
|t:|1659557397
|switch|p2a: Clefable|Clefable, M|95/100 tox
|turn|73
|
|t:|1659557401
|move|p1a: Umbreon|Wish|p1a: Umbreon
|move|p2a: Clefable|Thunder Wave|p1a: Umbreon
|-status|p1a: Umbreon|par
|
|-heal|p2a: Clefable|100/100 tox|[from] item: Leftovers
|upkeep
|turn|74
|
|t:|1659557405
|move|p2a: Clefable|Moonblast|p1a: Umbreon
|-supereffective|p1a: Umbreon
|-damage|p1a: Umbreon|1/100 par
|-unboost|p1a: Umbreon|spa|1
|move|p1a: Umbreon|Heal Bell|p1a: Umbreon
|-activate|p1a: Umbreon|move: Heal Bell
|-curestatus|p1a: Umbreon|par|[msg]
|-curestatus|p1: Sylveon|par|[msg]
|
|-heal|p1a: Umbreon|51/100|[from] move: Wish|[wisher] Umbreon
|upkeep
|turn|75
|
|t:|1659557408
|move|p1a: Umbreon|Wish|p1a: Umbreon
|move|p2a: Clefable|Thunder Wave|p1a: Umbreon
|-status|p1a: Umbreon|par
|
|upkeep
|turn|76
|
|t:|1659557411
|move|p2a: Clefable|Moonblast|p1a: Umbreon
|-supereffective|p1a: Umbreon
|-damage|p1a: Umbreon|11/100 par
|move|p1a: Umbreon|Heal Bell|p1a: Umbreon
|-activate|p1a: Umbreon|move: Heal Bell
|-curestatus|p1a: Umbreon|par|[msg]
|
|-heal|p1a: Umbreon|61/100|[from] move: Wish|[wisher] Umbreon
|upkeep
|turn|77
|
|t:|1659557414
|move|p1a: Umbreon|Wish|p1a: Umbreon
|move|p2a: Clefable|Moonblast|p1a: Umbreon
|-supereffective|p1a: Umbreon
|-damage|p1a: Umbreon|19/100
|-unboost|p1a: Umbreon|spa|1
|
|upkeep
|turn|78
|
|t:|1659557420
|move|p1a: Umbreon|Protect|p1a: Umbreon
|-singleturn|p1a: Umbreon|Protect
|move|p2a: Clefable|Thunder Wave|p1a: Umbreon
|-activate|p1a: Umbreon|move: Protect
|
|-heal|p1a: Umbreon|69/100|[from] move: Wish|[wisher] Umbreon
|upkeep
|turn|79
|
|t:|1659557422
|move|p1a: Umbreon|Wish|p1a: Umbreon
|move|p2a: Clefable|Thunder Wave|p1a: Umbreon
|-status|p1a: Umbreon|par
|
|upkeep
|turn|80
|
|t:|1659557424
|move|p2a: Clefable|Thunder Wave|p1a: Umbreon
|-fail|p1a: Umbreon|par
|move|p1a: Umbreon|Heal Bell|p1a: Umbreon
|-activate|p1a: Umbreon|move: Heal Bell
|-curestatus|p1a: Umbreon|par|[msg]
|
|-heal|p1a: Umbreon|100/100|[from] move: Wish|[wisher] Umbreon
|upkeep
|turn|81
|
|t:|1659557426
|move|p1a: Umbreon|Wish|p1a: Umbreon
|move|p2a: Clefable|Thunder Wave|p1a: Umbreon
|-status|p1a: Umbreon|par
|
|upkeep
|turn|82
|
|t:|1659557428
|switch|p1a: Sylveon|Sylveon, F|22/100
|move|p2a: Clefable|Thunder Wave|p1a: Sylveon
|-status|p1a: Sylveon|par
|
|-heal|p1a: Sylveon|72/100 par|[from] move: Wish|[wisher] Umbreon
|-heal|p1a: Sylveon|78/100 par|[from] item: Leftovers
|upkeep
|turn|83
|
|t:|1659557430
|switch|p2a: Ferrothorn|Ferrothorn, F|87/100
|cant|p1a: Sylveon|par
|
|-heal|p1a: Sylveon|85/100 par|[from] item: Leftovers
|-heal|p2a: Ferrothorn|93/100|[from] item: Leftovers
|upkeep
|turn|84
|
|t:|1659557435
|move|p1a: Sylveon|Wish|p1a: Sylveon
|move|p2a: Ferrothorn|Leech Seed|p1a: Sylveon
|-start|p1a: Sylveon|move: Leech Seed
|
|-heal|p1a: Sylveon|91/100 par|[from] item: Leftovers
|-heal|p2a: Ferrothorn|99/100|[from] item: Leftovers
|-damage|p1a: Sylveon|78/100 par|[from] Leech Seed|[of] p2a: Ferrothorn
|-heal|p2a: Ferrothorn|100/100|[silent]
|upkeep
|turn|85
|
|t:|1659557439
|switch|p1a: Corviknight|Corviknight, M|88/100
|-ability|p1a: Corviknight|Pressure
|move|p2a: Ferrothorn|Knock Off|p1a: Corviknight
|-damage|p1a: Corviknight|71/100
|-enditem|p1a: Corviknight|Leftovers|[from] move: Knock Off|[of] p2a: Ferrothorn
|
|-heal|p1a: Corviknight|100/100|[from] move: Wish|[wisher] Sylveon
|upkeep
|turn|86
|
|t:|1659557442
|switch|p2a: Tornadus|Tornadus-Therian, M|86/100 psn
|move|p1a: Corviknight|Substitute|p1a: Corviknight
|-start|p1a: Corviknight|Substitute
|-damage|p1a: Corviknight|75/100
|
|-damage|p2a: Tornadus|73/100 psn|[from] psn
|upkeep
|turn|87
|
|t:|1659557446
|move|p2a: Tornadus|Hurricane|p1a: Corviknight
|-resisted|p1a: Corviknight
|-activate|p1a: Corviknight|move: Substitute|[damage]
|move|p1a: Corviknight|Bulk Up|p1a: Corviknight
|-boost|p1a: Corviknight|atk|1
|-boost|p1a: Corviknight|def|1
|
|-damage|p2a: Tornadus|61/100 psn|[from] psn
|upkeep
|turn|88
|
|t:|1659557449
|move|p2a: Tornadus|U-turn|p1a: Corviknight
|-resisted|p1a: Corviknight
|-activate|p1a: Corviknight|move: Substitute|[damage]
|
|t:|1659557451
|switch|p2a: Clefable|Clefable, M|100/100 tox|[from]move: U-turn
|move|p1a: Corviknight|Substitute|p1a: Corviknight
|-fail|p1a: Corviknight|move: Substitute
|
|upkeep
|turn|89
|
|t:|1659557456
|switch|p2a: Tornadus|Tornadus-Therian, M|94/100 psn
|move|p1a: Corviknight|Bulk Up|p1a: Corviknight
|-boost|p1a: Corviknight|atk|1
|-boost|p1a: Corviknight|def|1
|
|-damage|p2a: Tornadus|81/100 psn|[from] psn
|upkeep
|turn|90
|
|t:|1659557458
|move|p2a: Tornadus|Knock Off|p1a: Corviknight
|-activate|p1a: Corviknight|move: Substitute|[damage]
|move|p1a: Corviknight|Substitute|p1a: Corviknight
|-fail|p1a: Corviknight|move: Substitute
|
|-damage|p2a: Tornadus|69/100 psn|[from] psn
|upkeep
|turn|91
|
|t:|1659557464
|switch|p2a: Ferrothorn|Ferrothorn, F|100/100
|move|p1a: Corviknight|Substitute|p1a: Corviknight
|-fail|p1a: Corviknight|move: Substitute
|
|upkeep
|turn|92
|
|t:|1659557467
|move|p1a: Corviknight|Bulk Up|p1a: Corviknight
|-boost|p1a: Corviknight|atk|1
|-boost|p1a: Corviknight|def|1
|move|p2a: Ferrothorn|Knock Off|p1a: Corviknight
|-end|p1a: Corviknight|Substitute
|
|upkeep
|turn|93
|
|t:|1659557470
|switch|p2a: Tornadus|Tornadus-Therian, M|100/100 psn
|move|p1a: Corviknight|Substitute|p1a: Corviknight
|-start|p1a: Corviknight|Substitute
|-damage|p1a: Corviknight|50/100
|
|-damage|p2a: Tornadus|88/100 psn|[from] psn
|upkeep
|turn|94
|j| Mario_le_M
|
|t:|1659557472
|move|p2a: Tornadus|Hurricane|p1a: Corviknight|[miss]
|-miss|p2a: Tornadus|p1a: Corviknight
|move|p1a: Corviknight|Roost|p1a: Corviknight
|-heal|p1a: Corviknight|100/100
|-singleturn|p1a: Corviknight|move: Roost
|
|-damage|p2a: Tornadus|76/100 psn|[from] psn
|upkeep
|turn|95
|l| Mario_le_M
|
|t:|1659557475
|move|p2a: Tornadus|U-turn|p1a: Corviknight
|-resisted|p1a: Corviknight
|-activate|p1a: Corviknight|move: Substitute|[damage]
|
|t:|1659557476
|switch|p2a: Ferrothorn|Ferrothorn, F|100/100|[from]move: U-turn
|move|p1a: Corviknight|Brave Bird|p2a: Ferrothorn
|-damage|p2a: Ferrothorn|13/100
|-damage|p1a: Corviknight|88/100|[from] ability: Iron Barbs|[of] p2a: Ferrothorn
|-damage|p1a: Corviknight|63/100|[from] Recoil
|
|-heal|p2a: Ferrothorn|20/100|[from] item: Leftovers
|upkeep
|turn|96
|
|t:|1659557481
|switch|p2a: Hippowdon|Hippowdon, F|85/100 brn
|-weather|Sandstorm|[from] ability: Sand Stream|[of] p2a: Hippowdon
|move|p1a: Corviknight|Roost|p1a: Corviknight
|-heal|p1a: Corviknight|100/100
|-singleturn|p1a: Corviknight|move: Roost
|
|-weather|Sandstorm|[upkeep]
|-damage|p2a: Hippowdon|79/100 brn|[from] brn
|upkeep
|turn|97
|
|t:|1659557486
|switch|p2a: Tornadus|Tornadus-Therian, M|100/100 psn
|move|p1a: Corviknight|Brave Bird|p2a: Tornadus
|-damage|p2a: Tornadus|0 fnt
|faint|p2a: Tornadus
|-damage|p1a: Corviknight|71/100|[from] Recoil
|
|-weather|Sandstorm|[upkeep]
|upkeep
|-message|LT91BB MDB2 forfeited.
|
|win|Lenape
|raw|Lenape's rating: 1915 &rarr; <strong>1941</strong><br />(+26 for winning)
|raw|LT91BB MDB2's rating: 2021 &rarr; <strong>1995</strong><br />(-26 for losing)
|l|☆LT91BB MDB2
|l| btfuyvuc
|j| Mario_le_M
|l| CM Reuniclus
|l| Mario_le_M
||Ladder isn't responding, score probably updated but might not have (Request timeout).
|l| Aurella
|l| Trannos
|l| Fit tff
|l| Grange monastique
|j| Zirpurze
|l|☆Lenape
|l| ibleachyourskin
|l| Zirpurze
|l| LT91BB Uxilon
|l| lt91bb ez
|l| LT91BB Tace
