|j|☆Plasmeek
|j|☆Narmer3Test
|t:|1625917081
|gametype|singles
|player|p1|Plasmeek|youngster-gen4dp|1729
|player|p2|Narmer3Test|koga|1762
|teamsize|p1|6
|teamsize|p2|6
|gen|8
|tier|[Gen 8] OU
|rated|
|rule|Sleep Clause Mod: Limit one foe put to sleep
|rule|Species Clause: Limit one of each Pokémon
|rule|OHKO Clause: OHKO moves are banned
|rule|Evasion Moves Clause: Evasion moves are banned
|rule|Endless Battle Clause: Forcing endless battles is banned
|rule|HP Percentage Mod: HP is shown in percentages
|rule|Dynamax Clause: You cannot dynamax
|clearpoke
|poke|p1|Hydreigon, M|
|poke|p1|Clefable, F|
|poke|p1|Toxapex, F|
|poke|p1|Tornadus-Therian, M|
|poke|p1|Scizor, M|
|poke|p1|Hippowdon, F|
|poke|p2|Toxapex, M|
|poke|p2|Hippowdon, F|
|poke|p2|Corviknight, M|
|poke|p2|Buzzwole|
|poke|p2|Reuniclus, M|
|poke|p2|Tapu Koko|
|teampreview
|j| LT82ZW Veritas
|
|t:|1625917095
|start
|switch|p1a: Scizor|Scizor, M|100/100
|switch|p2a: Tapu Koko|Tapu Koko|100/100
|-fieldstart|move: Electric Terrain|[from] ability: Electric Surge|[of] p2a: Tapu Koko
|turn|1
|
|t:|1625917109
|move|p2a: Tapu Koko|U-turn|p1a: Scizor
|-resisted|p1a: Scizor
|-damage|p1a: Scizor|93/100
|
|t:|1625917114
|switch|p2a: Buzzwole|Buzzwole|100/100|[from]move: U-turn
|move|p1a: Scizor|Knock Off|p2a: Buzzwole
|-resisted|p2a: Buzzwole
|-crit|p2a: Buzzwole
|-damage|p2a: Buzzwole|86/100
|-enditem|p2a: Buzzwole|Heavy-Duty Boots|[from] move: Knock Off|[of] p1a: Scizor
|
|upkeep
|turn|2
|inactive|Battle timer is ON: inactive players will automatically lose when time's up. (requested by Narmer3Test)
|
|t:|1625917130
|switch|p1a: Hippowdon|Hippowdon, F|100/100
|-weather|Sandstorm|[from] ability: Sand Stream|[of] p1a: Hippowdon
|move|p2a: Buzzwole|Thunder Punch|p1a: Hippowdon
|-immune|p1a: Hippowdon
|
|-weather|Sandstorm|[upkeep]
|-damage|p2a: Buzzwole|80/100|[from] Sandstorm
|upkeep
|turn|3
|
|t:|1625917141
|switch|p2a: Reuniclus|Reuniclus, M, shiny|100/100
|-enditem|p2a: Reuniclus|Electric Seed
|-boost|p2a: Reuniclus|def|1|[from] item: Electric Seed
|move|p1a: Hippowdon|Stealth Rock|p2a: Reuniclus
|-sidestart|p2: Narmer3Test|move: Stealth Rock
|
|-weather|Sandstorm|[upkeep]
|upkeep
|turn|4
|
|t:|1625917153
|switch|p1a: Toxapex|Toxapex, F|100/100
|move|p2a: Reuniclus|Calm Mind|p2a: Reuniclus
|-boost|p2a: Reuniclus|spa|1
|-boost|p2a: Reuniclus|spd|1
|
|-weather|Sandstorm|[upkeep]
|-damage|p1a: Toxapex|95/100|[from] Sandstorm
|-heal|p1a: Toxapex|100/100|[from] item: Black Sludge
|upkeep
|turn|5
|
|t:|1625917163
|move|p2a: Reuniclus|Psyshock|p1a: Toxapex
|-supereffective|p1a: Toxapex
|-damage|p1a: Toxapex|31/100
|move|p1a: Toxapex|Haze|p1a: Toxapex
|-clearallboost
|
|-weather|Sandstorm|[upkeep]
|-damage|p1a: Toxapex|25/100|[from] Sandstorm
|-heal|p1a: Toxapex|31/100|[from] item: Black Sludge
|-fieldend|move: Electric Terrain
|upkeep
|turn|6
|
|t:|1625917174
|switch|p1a: Clefable|Clefable, F|100/100
|move|p2a: Reuniclus|Calm Mind|p2a: Reuniclus
|-boost|p2a: Reuniclus|spa|1
|-boost|p2a: Reuniclus|spd|1
|
|-weather|none
|upkeep
|turn|7
|
|t:|1625917185
|switch|p2a: Toxapex|Toxapex, M|100/100
|-damage|p2a: Toxapex|88/100|[from] Stealth Rock
|move|p1a: Clefable|Thunder Wave|p2a: Toxapex
|-status|p2a: Toxapex|par
|
|-heal|p2a: Toxapex|94/100 par|[from] item: Black Sludge
|upkeep
|turn|8
|
|t:|1625917195
|switch|p1a: Toxapex|Toxapex, F|64/100
|move|p2a: Toxapex|Knock Off|p1a: Toxapex
|-damage|p1a: Toxapex|54/100
|-enditem|p1a: Toxapex|Black Sludge|[from] move: Knock Off|[of] p2a: Toxapex
|
|-heal|p2a: Toxapex|99/100 par|[from] item: Black Sludge
|upkeep
|turn|9
|j| MugiwaraGiambo
|
|t:|1625917205
|switch|p2a: Corviknight|Corviknight, M, shiny|100/100
|-damage|p2a: Corviknight|88/100|[from] Stealth Rock
|-ability|p2a: Corviknight|Pressure
|move|p1a: Toxapex|Scald|p2a: Corviknight
|-damage|p2a: Corviknight|76/100
|
|-heal|p2a: Corviknight|82/100|[from] item: Leftovers
|upkeep
|turn|10
|
|t:|1625917217
|move|p2a: Corviknight|Defog|p1a: Toxapex
|-unboost|p1a: Toxapex|evasion|1
|-sideend|p2: Narmer3Test|Stealth Rock|[from] move: Defog|[of] p2a: Corviknight
|move|p1a: Toxapex|Scald|p2a: Corviknight
|-damage|p2a: Corviknight|69/100
|
|-heal|p2a: Corviknight|76/100|[from] item: Leftovers
|upkeep
|turn|11
|
|t:|1625917227
|move|p2a: Corviknight|U-turn|p1a: Toxapex
|-resisted|p1a: Toxapex
|-damage|p1a: Toxapex|49/100
|
|t:|1625917235
|switch|p2a: Reuniclus|Reuniclus, M, shiny|100/100|[from]move: U-turn
|move|p1a: Toxapex|Scald|p2a: Reuniclus
|-damage|p2a: Reuniclus|84/100
|
|upkeep
|turn|12
|
|t:|1625917245
|switch|p1a: Scizor|Scizor, M|93/100
|move|p2a: Reuniclus|Calm Mind|p2a: Reuniclus
|-boost|p2a: Reuniclus|spa|1
|-boost|p2a: Reuniclus|spd|1
|
|upkeep
|turn|13
|
|t:|1625917252
|move|p1a: Scizor|Knock Off|p2a: Reuniclus
|-supereffective|p2a: Reuniclus
|-damage|p2a: Reuniclus|57/100
|move|p2a: Reuniclus|Focus Blast|p1a: Scizor
|-damage|p1a: Scizor|50/100
|
|upkeep
|turn|14
|j| Lolillol
|
|t:|1625917260
|move|p1a: Scizor|Roost|p1a: Scizor
|-heal|p1a: Scizor|99/100
|-singleturn|p1a: Scizor|move: Roost
|move|p2a: Reuniclus|Recover|p2a: Reuniclus
|-heal|p2a: Reuniclus|100/100
|
|upkeep
|turn|15
|
|t:|1625917269
|move|p1a: Scizor|Bullet Punch|p2a: Reuniclus
|-damage|p2a: Reuniclus|83/100
|move|p2a: Reuniclus|Focus Blast|p1a: Scizor
|-damage|p1a: Scizor|54/100
|
|upkeep
|turn|16
|
|t:|1625917276
|move|p1a: Scizor|Roost|p1a: Scizor
|-heal|p1a: Scizor|100/100
|-singleturn|p1a: Scizor|move: Roost
|move|p2a: Reuniclus|Calm Mind|p2a: Reuniclus
|-boost|p2a: Reuniclus|spa|1
|-boost|p2a: Reuniclus|spd|1
|
|upkeep
|turn|17
|
|t:|1625917283
|move|p1a: Scizor|Knock Off|p2a: Reuniclus
|-supereffective|p2a: Reuniclus
|-damage|p2a: Reuniclus|58/100
|move|p2a: Reuniclus|Focus Blast|p1a: Scizor|[miss]
|-miss|p2a: Reuniclus|p1a: Scizor
|
|upkeep
|turn|18
|
|t:|1625917290
|move|p1a: Scizor|Knock Off|p2a: Reuniclus
|-supereffective|p2a: Reuniclus
|-damage|p2a: Reuniclus|30/100
|move|p2a: Reuniclus|Recover|p2a: Reuniclus
|-heal|p2a: Reuniclus|80/100
|
|upkeep
|turn|19
|
|t:|1625917300
|move|p1a: Scizor|U-turn|p2a: Reuniclus
|-supereffective|p2a: Reuniclus
|-damage|p2a: Reuniclus|32/100
|
|t:|1625917303
|switch|p1a: Clefable|Clefable, F|100/100|[from]move: U-turn
|move|p2a: Reuniclus|Calm Mind|p2a: Reuniclus
|-boost|p2a: Reuniclus|spa|1
|-boost|p2a: Reuniclus|spd|1
|
|upkeep
|turn|20
|j| itsukashin
|
|t:|1625917310
|move|p1a: Clefable|Thunder Wave|p2a: Reuniclus
|-status|p2a: Reuniclus|par
|move|p2a: Reuniclus|Psyshock|p1a: Clefable
|-damage|p1a: Clefable|77/100
|
|upkeep
|turn|21
|j| julijuqi
|
|t:|1625917317
|move|p1a: Clefable|Moonblast|p2a: Reuniclus
|-damage|p2a: Reuniclus|2/100 par
|-unboost|p2a: Reuniclus|spa|1
|move|p2a: Reuniclus|Recover|p2a: Reuniclus
|-heal|p2a: Reuniclus|52/100 par
|
|upkeep
|turn|22
|
|t:|1625917325
|move|p1a: Clefable|Moonblast|p2a: Reuniclus
|-damage|p2a: Reuniclus|20/100 par
|move|p2a: Reuniclus|Recover|p2a: Reuniclus
|-heal|p2a: Reuniclus|70/100 par
|
|upkeep
|turn|23
|
|t:|1625917332
|switch|p2a: Toxapex|Toxapex, M|100/100 par
|move|p1a: Clefable|Moonblast|p2a: Toxapex
|-resisted|p2a: Toxapex
|-damage|p2a: Toxapex|89/100 par
|
|-heal|p2a: Toxapex|95/100 par|[from] item: Black Sludge
|upkeep
|turn|24
|
|t:|1625917343
|switch|p1a: Toxapex|Toxapex, F|83/100
|switch|p2a: Hippowdon|Hippowdon, F|100/100
|-weather|Sandstorm|[from] ability: Sand Stream|[of] p2a: Hippowdon
|
|-weather|Sandstorm|[upkeep]
|-damage|p1a: Toxapex|77/100|[from] Sandstorm
|upkeep
|turn|25
|
|t:|1625917353
|switch|p1a: Scizor|Scizor, M|100/100
|move|p2a: Hippowdon|Stealth Rock|p1a: Scizor
|-sidestart|p1: Plasmeek|move: Stealth Rock
|
|-weather|Sandstorm|[upkeep]
|upkeep
|turn|26
|j| amimec
|j|@Rabia
|
|t:|1625917365
|move|p1a: Scizor|U-turn|p2a: Hippowdon
|-damage|p2a: Hippowdon|80/100
|
|t:|1625917370
|switch|p1a: Tornadus|Tornadus-Therian, M|100/100|[from]move: U-turn
|move|p2a: Hippowdon|Earthquake|p1a: Tornadus
|-immune|p1a: Tornadus
|
|-weather|Sandstorm|[upkeep]
|-damage|p1a: Tornadus|94/100|[from] Sandstorm
|-heal|p2a: Hippowdon|87/100|[from] item: Leftovers
|upkeep
|turn|27
|
|t:|1625917381
|switch|p1a: Scizor|Scizor, M|100/100
|move|p2a: Hippowdon|Toxic|p1a: Scizor
|-immune|p1a: Scizor
|
|-weather|Sandstorm|[upkeep]
|-heal|p2a: Hippowdon|93/100|[from] item: Leftovers
|upkeep
|turn|28
|
|t:|1625917390
|move|p1a: Scizor|Knock Off|p2a: Hippowdon
|-damage|p2a: Hippowdon|74/100
|-enditem|p2a: Hippowdon|Leftovers|[from] move: Knock Off|[of] p1a: Scizor
|move|p2a: Hippowdon|Earthquake|p1a: Scizor
|-crit|p1a: Scizor
|-damage|p1a: Scizor|48/100
|
|-weather|none
|upkeep
|turn|29
|
|t:|1625917399
|move|p1a: Scizor|Roost|p1a: Scizor
|-heal|p1a: Scizor|98/100
|-singleturn|p1a: Scizor|move: Roost
|move|p2a: Hippowdon|Toxic|p1a: Scizor
|-immune|p1a: Scizor
|
|upkeep
|turn|30
|
|t:|1625917408
|move|p1a: Scizor|U-turn|p2a: Hippowdon
|-damage|p2a: Hippowdon|53/100
|
|t:|1625917418
|switch|p1a: Toxapex|Toxapex, F|100/100|[from]move: U-turn
|-damage|p1a: Toxapex|88/100|[from] Stealth Rock
|move|p2a: Hippowdon|Toxic|p1a: Toxapex|[miss]
|-miss|p2a: Hippowdon|p1a: Toxapex
|
|upkeep
|turn|31
|
|t:|1625917427
|move|p2a: Hippowdon|Earthquake|p1a: Toxapex
|-supereffective|p1a: Toxapex
|-damage|p1a: Toxapex|40/100
|move|p1a: Toxapex|Scald|p2a: Hippowdon
|-supereffective|p2a: Hippowdon
|-damage|p2a: Hippowdon|28/100
|
|upkeep
|turn|32
|
|t:|1625917437
|switch|p1a: Hydreigon|Hydreigon, M|100/100
|-damage|p1a: Hydreigon|88/100|[from] Stealth Rock
|move|p2a: Hippowdon|Slack Off|p2a: Hippowdon
|-heal|p2a: Hippowdon|78/100
|
|upkeep
|turn|33
|
|t:|1625917449
|move|p1a: Hydreigon|Nasty Plot|p1a: Hydreigon
|-boost|p1a: Hydreigon|spa|2
|move|p2a: Hippowdon|Toxic|p1a: Hydreigon
|-status|p1a: Hydreigon|tox
|
|-damage|p1a: Hydreigon|82/100 tox|[from] psn
|upkeep
|turn|34
|
|t:|1625917458
|move|p1a: Hydreigon|Dark Pulse|p2a: Hippowdon
|-damage|p2a: Hippowdon|2/100
|-damage|p1a: Hydreigon|72/100 tox|[from] item: Life Orb
|move|p2a: Hippowdon|Slack Off|p2a: Hippowdon
|-heal|p2a: Hippowdon|52/100
|
|-damage|p1a: Hydreigon|60/100 tox|[from] psn
|upkeep
|turn|35
|
|t:|1625917479
|switch|p2a: Corviknight|Corviknight, M, shiny|76/100
|-ability|p2a: Corviknight|Pressure
|move|p1a: Hydreigon|Dark Pulse|p2a: Corviknight
|-damage|p2a: Corviknight|3/100
|-damage|p1a: Hydreigon|50/100 tox|[from] item: Life Orb
|
|-heal|p2a: Corviknight|10/100|[from] item: Leftovers
|-damage|p1a: Hydreigon|31/100 tox|[from] psn
|upkeep
|turn|36
|
|t:|1625917494
|switch|p1a: Tornadus|Tornadus-Therian, M|100/100
|move|p2a: Corviknight|Roost|p2a: Corviknight
|-heal|p2a: Corviknight|60/100
|-singleturn|p2a: Corviknight|move: Roost
|
|-heal|p2a: Corviknight|66/100|[from] item: Leftovers
|upkeep
|turn|37
|
|t:|1625917504
|move|p1a: Tornadus|Defog|p2a: Corviknight
|-unboost|p2a: Corviknight|evasion|1
|-sideend|p1: Plasmeek|Stealth Rock|[from] move: Defog|[of] p1a: Tornadus
|move|p2a: Corviknight|U-turn|p1a: Tornadus
|-resisted|p1a: Tornadus
|-damage|p1a: Tornadus|92/100
|
|t:|1625917511
|switch|p2a: Tapu Koko|Tapu Koko|100/100|[from]move: U-turn
|-fieldstart|move: Electric Terrain|[from] ability: Electric Surge|[of] p2a: Tapu Koko
|
|upkeep
|turn|38
|
|t:|1625917516
|switch|p1a: Hippowdon|Hippowdon, F|100/100
|-weather|Sandstorm|[from] ability: Sand Stream|[of] p1a: Hippowdon
|move|p2a: Tapu Koko|U-turn|p1a: Hippowdon
|-crit|p1a: Hippowdon
|-damage|p1a: Hippowdon|82/100
|
|t:|1625917523
|switch|p2a: Hippowdon|Hippowdon, F|52/100|[from]move: U-turn
|
|-weather|Sandstorm|[upkeep]
|-heal|p1a: Hippowdon|88/100|[from] item: Leftovers
|upkeep
|turn|39
|
|t:|1625917530
|move|p1a: Hippowdon|Toxic|p2a: Hippowdon
|-status|p2a: Hippowdon|tox
|move|p2a: Hippowdon|Toxic|p1a: Hippowdon
|-status|p1a: Hippowdon|tox
|
|-weather|Sandstorm|[upkeep]
|-heal|p1a: Hippowdon|94/100 tox|[from] item: Leftovers
|-damage|p2a: Hippowdon|46/100 tox|[from] psn
|-damage|p1a: Hippowdon|88/100 tox|[from] psn
|upkeep
|turn|40
|j| Dr-Giovani
|
|t:|1625917540
|move|p2a: Hippowdon|Stealth Rock|p1a: Hippowdon
|-sidestart|p1: Plasmeek|move: Stealth Rock
|move|p1a: Hippowdon|Stealth Rock|p2a: Hippowdon
|-sidestart|p2: Narmer3Test|move: Stealth Rock
|
|-weather|Sandstorm|[upkeep]
|-heal|p1a: Hippowdon|94/100 tox|[from] item: Leftovers
|-damage|p2a: Hippowdon|33/100 tox|[from] psn
|-damage|p1a: Hippowdon|82/100 tox|[from] psn
|upkeep
|turn|41
|j| El Pogo Loco
|
|t:|1625917549
|switch|p1a: Clefable|Clefable, F|77/100
|move|p2a: Hippowdon|Slack Off|p2a: Hippowdon
|-heal|p2a: Hippowdon|83/100 tox
|
|-weather|Sandstorm|[upkeep]
|-damage|p1a: Clefable|71/100|[from] Sandstorm
|-damage|p2a: Hippowdon|65/100 tox|[from] psn
|-fieldend|move: Electric Terrain
|upkeep
|turn|42
|
|t:|1625917559
|switch|p2a: Toxapex|Toxapex, M|100/100 par
|-damage|p2a: Toxapex|88/100 par|[from] Stealth Rock
|move|p1a: Clefable|Heal Bell|p1a: Clefable
|-activate|p1a: Clefable|move: Heal Bell
|-curestatus|p1: Hydreigon|tox|[msg]
|-curestatus|p1: Hippowdon|tox|[msg]
|
|-weather|none
|-heal|p2a: Toxapex|94/100 par|[from] item: Black Sludge
|upkeep
|turn|43
|
|t:|1625917571
|switch|p1a: Toxapex|Toxapex, F|73/100
|-damage|p1a: Toxapex|61/100|[from] Stealth Rock
|cant|p2a: Toxapex|par
|
|-heal|p2a: Toxapex|99/100 par|[from] item: Black Sludge
|upkeep
|turn|44
|
|t:|1625917580
|switch|p2a: Tapu Koko|Tapu Koko|100/100
|-fieldstart|move: Electric Terrain|[from] ability: Electric Surge|[of] p2a: Tapu Koko
|move|p1a: Toxapex|Toxic Spikes|p2a: Tapu Koko
|-sidestart|p2: Narmer3Test|move: Toxic Spikes
|
|upkeep
|turn|45
|
|t:|1625917587
|switch|p1a: Hippowdon|Hippowdon, F|82/100
|-damage|p1a: Hippowdon|75/100|[from] Stealth Rock
|-weather|Sandstorm|[from] ability: Sand Stream|[of] p1a: Hippowdon
|move|p2a: Tapu Koko|U-turn|p1a: Hippowdon
|-damage|p1a: Hippowdon|64/100
|
|t:|1625917595
|switch|p2a: Toxapex|Toxapex, M|100/100 par|[from]move: U-turn
|-damage|p2a: Toxapex|88/100 par|[from] Stealth Rock
|-sideend|p2: Narmer3Test|move: Toxic Spikes|[of] p2a: Toxapex
|
|-weather|Sandstorm|[upkeep]
|-damage|p2a: Toxapex|82/100 par|[from] Sandstorm
|-heal|p1a: Hippowdon|70/100|[from] item: Leftovers
|-heal|p2a: Toxapex|88/100 par|[from] item: Black Sludge
|upkeep
|turn|46
|
|t:|1625917607
|switch|p1a: Toxapex|Toxapex, F|95/100
|-damage|p1a: Toxapex|82/100|[from] Stealth Rock
|switch|p2a: Corviknight|Corviknight, M, shiny|66/100
|-damage|p2a: Corviknight|53/100|[from] Stealth Rock
|-ability|p2a: Corviknight|Pressure
|
|-weather|Sandstorm|[upkeep]
|-damage|p1a: Toxapex|76/100|[from] Sandstorm
|-heal|p2a: Corviknight|60/100|[from] item: Leftovers
|upkeep
|turn|47
|
|t:|1625917620
|switch|p1a: Tornadus|Tornadus-Therian, M|100/100
|move|p2a: Corviknight|Roost|p2a: Corviknight
|-heal|p2a: Corviknight|100/100
|-singleturn|p2a: Corviknight|move: Roost
|
|-weather|Sandstorm|[upkeep]
|-damage|p1a: Tornadus|94/100|[from] Sandstorm
|upkeep
|turn|48
|
|t:|1625917629
|move|p1a: Tornadus|Nasty Plot|p1a: Tornadus
|-boost|p1a: Tornadus|spa|2
|move|p2a: Corviknight|U-turn|p1a: Tornadus
|-resisted|p1a: Tornadus
|-damage|p1a: Tornadus|86/100
|
|t:|1625917635
|switch|p2a: Tapu Koko|Tapu Koko|100/100|[from]move: U-turn
|
|-weather|Sandstorm|[upkeep]
|-damage|p2a: Tapu Koko|94/100|[from] Sandstorm
|-damage|p1a: Tornadus|80/100|[from] Sandstorm
|-fieldend|move: Electric Terrain
|upkeep
|turn|49
|
|t:|1625917645
|switch|p1a: Hippowdon|Hippowdon, F|70/100
|-damage|p1a: Hippowdon|64/100|[from] Stealth Rock
|move|p2a: Tapu Koko|Thunderbolt|p1a: Hippowdon
|-immune|p1a: Hippowdon
|
|-weather|none
|-heal|p1a: Hippowdon|70/100|[from] item: Leftovers
|upkeep
|turn|50
|
|t:|1625917655
|move|p2a: Tapu Koko|U-turn|p1a: Hippowdon
|-damage|p1a: Hippowdon|59/100
|
|t:|1625917657
|switch|p2a: Corviknight|Corviknight, M, shiny|100/100|[from]move: U-turn
|-damage|p2a: Corviknight|88/100|[from] Stealth Rock
|-ability|p2a: Corviknight|Pressure
|move|p1a: Hippowdon|Slack Off|p1a: Hippowdon
|-heal|p1a: Hippowdon|100/100
|
|-heal|p2a: Corviknight|94/100|[from] item: Leftovers
|upkeep
|turn|51
|j| Duke Suck-Lemon
|
|t:|1625917669
|switch|p1a: Scizor|Scizor, M|98/100
|move|p2a: Corviknight|U-turn|p1a: Scizor
|-resisted|p1a: Scizor
|-damage|p1a: Scizor|91/100
|
|t:|1625917674
|switch|p2a: Buzzwole|Buzzwole|80/100|[from]move: U-turn
|-damage|p2a: Buzzwole|68/100|[from] Stealth Rock
|
|upkeep
|turn|52
|
|t:|1625917686
|move|p2a: Buzzwole|Thunder Punch|p1a: Scizor
|-damage|p1a: Scizor|70/100
|move|p1a: Scizor|Roost|p1a: Scizor
|-heal|p1a: Scizor|100/100
|-singleturn|p1a: Scizor|move: Roost
|
|upkeep
|turn|53
|
|t:|1625917694
|switch|p1a: Toxapex|Toxapex, F|100/100
|-damage|p1a: Toxapex|88/100|[from] Stealth Rock
|move|p2a: Buzzwole|Roost|p2a: Buzzwole
|-heal|p2a: Buzzwole|100/100
|-singleturn|p2a: Buzzwole|move: Roost
|
|upkeep
|turn|54
|
|t:|1625917704
|switch|p2a: Toxapex|Toxapex, M|100/100 par
|-damage|p2a: Toxapex|88/100 par|[from] Stealth Rock
|move|p1a: Toxapex|Scald|p2a: Toxapex
|-resisted|p2a: Toxapex
|-damage|p2a: Toxapex|82/100 par
|
|-heal|p2a: Toxapex|88/100 par|[from] item: Black Sludge
|upkeep
|turn|55
|j| MangoStyle
|
|t:|1625917715
|switch|p2a: Corviknight|Corviknight, M, shiny|94/100
|-damage|p2a: Corviknight|82/100|[from] Stealth Rock
|-ability|p2a: Corviknight|Pressure
|move|p1a: Toxapex|Scald|p2a: Corviknight
|-damage|p2a: Corviknight|70/100
|-status|p2a: Corviknight|brn
|
|-heal|p2a: Corviknight|76/100 brn|[from] item: Leftovers
|-damage|p2a: Corviknight|70/100 brn|[from] brn
|upkeep
|turn|56
|
|t:|1625917727
|switch|p1a: Tornadus|Tornadus-Therian, M|100/100
|move|p2a: Corviknight|U-turn|p1a: Tornadus
|-resisted|p1a: Tornadus
|-damage|p1a: Tornadus|96/100
|
|t:|1625917732
|switch|p2a: Tapu Koko|Tapu Koko|94/100|[from]move: U-turn
|-fieldstart|move: Electric Terrain|[from] ability: Electric Surge|[of] p2a: Tapu Koko
|
|upkeep
|turn|57
|
|t:|1625917740
|switch|p1a: Scizor|Scizor, M|100/100
|move|p2a: Tapu Koko|U-turn|p1a: Scizor
|-resisted|p1a: Scizor
|-damage|p1a: Scizor|93/100
|
|t:|1625917745
|switch|p2a: Buzzwole|Buzzwole|100/100|[from]move: U-turn
|-damage|p2a: Buzzwole|88/100|[from] Stealth Rock
|
|upkeep
|turn|58
|
|t:|1625917752
|move|p2a: Buzzwole|Close Combat|p1a: Scizor
|-damage|p1a: Scizor|40/100
|-unboost|p2a: Buzzwole|def|1
|-unboost|p2a: Buzzwole|spd|1
|move|p1a: Scizor|U-turn|p2a: Buzzwole
|-resisted|p2a: Buzzwole
|-damage|p2a: Buzzwole|74/100
|
|t:|1625917758
|switch|p1a: Clefable|Clefable, F|71/100|[from]move: U-turn
|
|upkeep
|turn|59
|
|t:|1625917764
|switch|p2a: Toxapex|Toxapex, M|100/100 par
|-damage|p2a: Toxapex|88/100 par|[from] Stealth Rock
|move|p1a: Clefable|Soft-Boiled|p1a: Clefable
|-heal|p1a: Clefable|100/100
|
|-heal|p2a: Toxapex|94/100 par|[from] item: Black Sludge
|upkeep
|turn|60
|
|t:|1625917774
|switch|p1a: Toxapex|Toxapex, F|100/100
|-damage|p1a: Toxapex|88/100|[from] Stealth Rock
|switch|p2a: Buzzwole|Buzzwole|74/100
|-damage|p2a: Buzzwole|62/100|[from] Stealth Rock
|
|-fieldend|move: Electric Terrain
|upkeep
|turn|61
|
|t:|1625917786
|switch|p2a: Corviknight|Corviknight, M, shiny|70/100 brn
|-damage|p2a: Corviknight|58/100 brn|[from] Stealth Rock
|-ability|p2a: Corviknight|Pressure
|move|p1a: Toxapex|Scald|p2a: Corviknight
|-damage|p2a: Corviknight|46/100 brn
|
|-heal|p2a: Corviknight|52/100 brn|[from] item: Leftovers
|-damage|p2a: Corviknight|46/100 brn|[from] brn
|upkeep
|turn|62
|
|t:|1625917799
|switch|p1a: Tornadus|Tornadus-Therian, M|100/100
|move|p2a: Corviknight|Roost|p2a: Corviknight
|-heal|p2a: Corviknight|96/100 brn
|-singleturn|p2a: Corviknight|move: Roost
|
|-heal|p2a: Corviknight|100/100 brn|[from] item: Leftovers
|-damage|p2a: Corviknight|94/100 brn|[from] brn
|upkeep
|turn|63
|
|t:|1625917809
|move|p1a: Tornadus|Heat Wave|p2a: Corviknight
|-supereffective|p2a: Corviknight
|-damage|p2a: Corviknight|59/100 brn
|move|p2a: Corviknight|U-turn|p1a: Tornadus
|-resisted|p1a: Tornadus
|-damage|p1a: Tornadus|96/100
|
|t:|1625917815
|switch|p2a: Tapu Koko|Tapu Koko|94/100|[from]move: U-turn
|-fieldstart|move: Electric Terrain|[from] ability: Electric Surge|[of] p2a: Tapu Koko
|
|upkeep
|turn|64
|
|t:|1625917822
|switch|p1a: Hippowdon|Hippowdon, F|100/100
|-damage|p1a: Hippowdon|94/100|[from] Stealth Rock
|-weather|Sandstorm|[from] ability: Sand Stream|[of] p1a: Hippowdon
|move|p2a: Tapu Koko|U-turn|p1a: Hippowdon
|-damage|p1a: Hippowdon|82/100
|
|t:|1625917833
|switch|p2a: Corviknight|Corviknight, M, shiny|59/100 brn|[from]move: U-turn
|-damage|p2a: Corviknight|46/100 brn|[from] Stealth Rock
|-ability|p2a: Corviknight|Pressure
|
|-weather|Sandstorm|[upkeep]
|-heal|p2a: Corviknight|52/100 brn|[from] item: Leftovers
|-heal|p1a: Hippowdon|89/100|[from] item: Leftovers
|-damage|p2a: Corviknight|46/100 brn|[from] brn
|upkeep
|turn|65
|
|t:|1625917845
|switch|p1a: Scizor|Scizor, M|40/100
|move|p2a: Corviknight|Roost|p2a: Corviknight
|-heal|p2a: Corviknight|96/100 brn
|-singleturn|p2a: Corviknight|move: Roost
|
|-weather|Sandstorm|[upkeep]
|-heal|p2a: Corviknight|100/100 brn|[from] item: Leftovers
|-damage|p2a: Corviknight|94/100 brn|[from] brn
|upkeep
|turn|66
|
|t:|1625917855
|move|p1a: Scizor|Roost|p1a: Scizor
|-heal|p1a: Scizor|90/100
|-singleturn|p1a: Scizor|move: Roost
|move|p2a: Corviknight|U-turn|p1a: Scizor
|-resisted|p1a: Scizor
|-damage|p1a: Scizor|87/100
|
|t:|1625917864
|switch|p2a: Buzzwole|Buzzwole|62/100|[from]move: U-turn
|-damage|p2a: Buzzwole|49/100|[from] Stealth Rock
|
|-weather|Sandstorm|[upkeep]
|-damage|p2a: Buzzwole|43/100|[from] Sandstorm
|upkeep
|turn|67
|
|t:|1625917872
|move|p2a: Buzzwole|Roost|p2a: Buzzwole
|-heal|p2a: Buzzwole|93/100
|-singleturn|p2a: Buzzwole|move: Roost
|move|p1a: Scizor|U-turn|p2a: Buzzwole
|-resisted|p2a: Buzzwole
|-damage|p2a: Buzzwole|83/100
|
|t:|1625917877
|switch|p1a: Clefable|Clefable, F|100/100|[from]move: U-turn
|
|-weather|Sandstorm|[upkeep]
|-damage|p2a: Buzzwole|77/100|[from] Sandstorm
|-damage|p1a: Clefable|94/100|[from] Sandstorm
|-fieldend|move: Electric Terrain
|upkeep
|turn|68
|
|t:|1625917888
|switch|p2a: Corviknight|Corviknight, M, shiny|94/100 brn
|-damage|p2a: Corviknight|82/100 brn|[from] Stealth Rock
|-ability|p2a: Corviknight|Pressure
|move|p1a: Clefable|Moonblast|p2a: Corviknight
|-resisted|p2a: Corviknight
|-damage|p2a: Corviknight|70/100 brn
|-unboost|p2a: Corviknight|spa|1
|
|-weather|none
|-heal|p2a: Corviknight|77/100 brn|[from] item: Leftovers
|-damage|p2a: Corviknight|70/100 brn|[from] brn
|upkeep
|turn|69
|
|t:|1625917901
|move|p1a: Clefable|Moonblast|p2a: Corviknight
|-resisted|p2a: Corviknight
|-damage|p2a: Corviknight|60/100 brn
|move|p2a: Corviknight|U-turn|p1a: Clefable
|-resisted|p1a: Clefable
|-damage|p1a: Clefable|92/100
|
|t:|1625917908
|switch|p2a: Toxapex|Toxapex, M|100/100 par|[from]move: U-turn
|-damage|p2a: Toxapex|88/100 par|[from] Stealth Rock
|
|-heal|p2a: Toxapex|94/100 par|[from] item: Black Sludge
|upkeep
|turn|70
|j| Noob 0_o
|l| Duke Suck-Lemon
|
|t:|1625917916
|switch|p1a: Hydreigon|Hydreigon, M|31/100
|-damage|p1a: Hydreigon|19/100|[from] Stealth Rock
|switch|p2a: Corviknight|Corviknight, M, shiny|60/100 brn
|-damage|p2a: Corviknight|48/100 brn|[from] Stealth Rock
|-ability|p2a: Corviknight|Pressure
|
|-heal|p2a: Corviknight|54/100 brn|[from] item: Leftovers
|-damage|p2a: Corviknight|48/100 brn|[from] brn
|upkeep
|turn|71
|
|t:|1625917929
|move|p1a: Hydreigon|Roost|p1a: Hydreigon
|-heal|p1a: Hydreigon|69/100
|-singleturn|p1a: Hydreigon|move: Roost
|move|p2a: Corviknight|Body Press|p1a: Hydreigon
|-supereffective|p1a: Hydreigon
|-damage|p1a: Hydreigon|47/100
|
|-heal|p2a: Corviknight|54/100 brn|[from] item: Leftovers
|-damage|p2a: Corviknight|48/100 brn|[from] brn
|upkeep
|turn|72
|
|t:|1625917939
|move|p1a: Hydreigon|Roost|p1a: Hydreigon
|-heal|p1a: Hydreigon|97/100
|-singleturn|p1a: Hydreigon|move: Roost
|move|p2a: Corviknight|U-turn|p1a: Hydreigon
|-supereffective|p1a: Hydreigon
|-damage|p1a: Hydreigon|82/100
|
|t:|1625917945
|switch|p2a: Tapu Koko|Tapu Koko|94/100|[from]move: U-turn
|-fieldstart|move: Electric Terrain|[from] ability: Electric Surge|[of] p2a: Tapu Koko
|
|upkeep
|turn|73
|
|t:|1625917953
|switch|p1a: Hippowdon|Hippowdon, F|89/100
|-damage|p1a: Hippowdon|82/100|[from] Stealth Rock
|-weather|Sandstorm|[from] ability: Sand Stream|[of] p1a: Hippowdon
|move|p2a: Tapu Koko|U-turn|p1a: Hippowdon
|-damage|p1a: Hippowdon|72/100
|
|t:|1625917961
|switch|p2a: Buzzwole|Buzzwole|77/100|[from]move: U-turn
|-damage|p2a: Buzzwole|65/100|[from] Stealth Rock
|
|-weather|Sandstorm|[upkeep]
|-damage|p2a: Buzzwole|59/100|[from] Sandstorm
|-heal|p1a: Hippowdon|78/100|[from] item: Leftovers
|upkeep
|turn|74
|
|t:|1625917970
|switch|p1a: Toxapex|Toxapex, F|100/100
|-damage|p1a: Toxapex|88/100|[from] Stealth Rock
|move|p2a: Buzzwole|Close Combat|p1a: Toxapex
|-resisted|p1a: Toxapex
|-damage|p1a: Toxapex|68/100
|-unboost|p2a: Buzzwole|def|1
|-unboost|p2a: Buzzwole|spd|1
|
|-weather|Sandstorm|[upkeep]
|-damage|p2a: Buzzwole|53/100|[from] Sandstorm
|-damage|p1a: Toxapex|63/100|[from] Sandstorm
|upkeep
|turn|75
|
|t:|1625917983
|switch|p1a: Clefable|Clefable, F|92/100
|move|p2a: Buzzwole|Thunder Punch|p1a: Clefable
|-damage|p1a: Clefable|65/100
|
|-weather|Sandstorm|[upkeep]
|-damage|p2a: Buzzwole|46/100|[from] Sandstorm
|-damage|p1a: Clefable|59/100|[from] Sandstorm
|upkeep
|turn|76
|
|t:|1625917993
|switch|p2a: Corviknight|Corviknight, M, shiny|48/100 brn
|-damage|p2a: Corviknight|35/100 brn|[from] Stealth Rock
|-ability|p2a: Corviknight|Pressure
|move|p1a: Clefable|Soft-Boiled|p1a: Clefable
|-heal|p1a: Clefable|100/100
|
|-weather|Sandstorm|[upkeep]
|-damage|p1a: Clefable|94/100|[from] Sandstorm
|-heal|p2a: Corviknight|41/100 brn|[from] item: Leftovers
|-damage|p2a: Corviknight|35/100 brn|[from] brn
|-fieldend|move: Electric Terrain
|upkeep
|turn|77
|l| LT82ZW Veritas
|
|t:|1625918006
|switch|p1a: Hydreigon|Hydreigon, M|82/100
|-damage|p1a: Hydreigon|69/100|[from] Stealth Rock
|move|p2a: Corviknight|Roost|p2a: Corviknight
|-heal|p2a: Corviknight|85/100 brn
|-singleturn|p2a: Corviknight|move: Roost
|
|-weather|none
|-heal|p2a: Corviknight|91/100 brn|[from] item: Leftovers
|-damage|p2a: Corviknight|85/100 brn|[from] brn
|upkeep
|turn|78
|
|t:|1625918018
|move|p1a: Hydreigon|Roost|p1a: Hydreigon
|-heal|p1a: Hydreigon|100/100
|-singleturn|p1a: Hydreigon|move: Roost
|move|p2a: Corviknight|U-turn|p1a: Hydreigon
|-supereffective|p1a: Hydreigon
|-damage|p1a: Hydreigon|86/100
|
|t:|1625918023
|switch|p2a: Tapu Koko|Tapu Koko|94/100|[from]move: U-turn
|-fieldstart|move: Electric Terrain|[from] ability: Electric Surge|[of] p2a: Tapu Koko
|
|upkeep
|turn|79
|j| LT82ZW Veritas
|
|t:|1625918029
|switch|p1a: Hippowdon|Hippowdon, F|78/100
|-damage|p1a: Hippowdon|72/100|[from] Stealth Rock
|-weather|Sandstorm|[from] ability: Sand Stream|[of] p1a: Hippowdon
|move|p2a: Tapu Koko|U-turn|p1a: Hippowdon
|-damage|p1a: Hippowdon|61/100
|l| LT82ZW Veritas
|
|t:|1625918036
|switch|p2a: Buzzwole|Buzzwole|46/100|[from]move: U-turn
|-damage|p2a: Buzzwole|34/100|[from] Stealth Rock
|
|-weather|Sandstorm|[upkeep]
|-damage|p2a: Buzzwole|28/100|[from] Sandstorm
|-heal|p1a: Hippowdon|67/100|[from] item: Leftovers
|upkeep
|turn|80
|
|t:|1625918045
|switch|p1a: Clefable|Clefable, F|94/100
|move|p2a: Buzzwole|Close Combat|p1a: Clefable
|-resisted|p1a: Clefable
|-crit|p1a: Clefable
|-damage|p1a: Clefable|57/100
|-unboost|p2a: Buzzwole|def|1
|-unboost|p2a: Buzzwole|spd|1
|
|-weather|Sandstorm|[upkeep]
|-damage|p2a: Buzzwole|22/100|[from] Sandstorm
|-damage|p1a: Clefable|51/100|[from] Sandstorm
|upkeep
|turn|81
|
|t:|1625918057
|switch|p2a: Tapu Koko|Tapu Koko|94/100
|move|p1a: Clefable|Moonblast|p2a: Tapu Koko
|-damage|p2a: Tapu Koko|42/100
|
|-weather|Sandstorm|[upkeep]
|-damage|p2a: Tapu Koko|36/100|[from] Sandstorm
|-damage|p1a: Clefable|45/100|[from] Sandstorm
|upkeep
|turn|82
|
|t:|1625918067
|switch|p1a: Scizor|Scizor, M|87/100
|move|p2a: Tapu Koko|U-turn|p1a: Scizor
|-resisted|p1a: Scizor
|-damage|p1a: Scizor|79/100
|
|t:|1625918073
|switch|p2a: Buzzwole|Buzzwole|22/100|[from]move: U-turn
|-damage|p2a: Buzzwole|10/100|[from] Stealth Rock
|
|-weather|Sandstorm|[upkeep]
|-damage|p2a: Buzzwole|4/100|[from] Sandstorm
|-fieldend|move: Electric Terrain
|upkeep
|turn|83
|
|t:|1625918081
|move|p1a: Scizor|Bullet Punch|p2a: Buzzwole
|-damage|p2a: Buzzwole|0 fnt
|faint|p2a: Buzzwole
|
|-weather|none
|upkeep
|
|t:|1625918088
|switch|p2a: Reuniclus|Reuniclus, M, shiny|70/100 par
|turn|84
|
|t:|1625918092
|move|p1a: Scizor|U-turn|p2a: Reuniclus
|-supereffective|p2a: Reuniclus
|-damage|p2a: Reuniclus|28/100 par
|
|t:|1625918096
|switch|p1a: Tornadus|Tornadus-Therian, M|100/100|[from]move: U-turn
|move|p2a: Reuniclus|Psyshock|p1a: Tornadus
|-damage|p1a: Tornadus|61/100
|
|upkeep
|turn|85
|
|t:|1625918104
|switch|p2a: Tapu Koko|Tapu Koko|36/100
|-fieldstart|move: Electric Terrain|[from] ability: Electric Surge|[of] p2a: Tapu Koko
|move|p1a: Tornadus|Hurricane|p2a: Tapu Koko
|-resisted|p2a: Tapu Koko
|-damage|p2a: Tapu Koko|2/100
|
|upkeep
|turn|86
|-message|Narmer3Test forfeited.
|
|win|Plasmeek
|raw|Plasmeek's rating: 1729 &rarr; <strong>1751</strong><br />(+22 for winning)
|raw|Narmer3Test's rating: 1762 &rarr; <strong>1740</strong><br />(-22 for losing)
|l|☆Narmer3Test
|l| itsukashin
|c|☆Plasmeek|gg
|l|☆Plasmeek
|l| Dr-Giovani
|l| julijuqi
|j| julijuqi
|l| MugiwaraGiambo
