|j|☆supersam10001
|j|☆Mario34
|inactive|Battle timer is ON: inactive players will automatically lose when time's up.
|t:|1611139679
|player|p1|supersam10001|wallace|
|player|p2|Mario34|giovanni|
|teamsize|p1|6
|teamsize|p2|6
|gametype|singles
|gen|8
|tier|[Gen 8] OU
|rated|Tournament battle
|clearpoke
|poke|p1|Zapdos|
|poke|p1|Cinderace, M|
|poke|p1|Tyranitar, M|
|poke|p1|Excadrill, F|
|poke|p1|Tangrowth, M|
|poke|p1|Slowbro, F|
|poke|p2|Magearna|
|poke|p2|Landorus-Therian, M|
|poke|p2|Cinderace, M|
|poke|p2|Hawlucha, F|
|poke|p2|Tapu Koko|
|poke|p2|Dragonite, M|
|rule|Sleep Clause Mod: Limit one foe put to sleep
|rule|Species Clause: Limit one of each Pokémon
|rule|OHKO Clause: OHKO moves are banned
|rule|Evasion Moves Clause: Evasion moves are banned
|rule|Endless Battle Clause: Forcing endless battles is banned
|rule|HP Percentage Mod: HP is shown in percentages
|rule|Dynamax Clause: You cannot dynamax
|teampreview
|inactive|supersam10001 also wants the timer to be on.
|j| d18l
|c|☆Mario34|hf
|j| Arceros
|c|☆supersam10001|u2
|inactive|Mario34 has 120 seconds left.
|c| d18l|if you went the way to here and lose to sand balance i will go :(
|
|t:|1611139713
|start
|switch|p1a: Zappy|Zapdos|100/100
|switch|p2a: Tapu Koko|Tapu Koko|100/100
|-fieldstart|move: Electric Terrain|[from] ability: Electric Surge|[of] p2a: Tapu Koko
|turn|1
|c|☆Mario34|wont dissapoint bro
|c|☆Mario34|trust
|
|t:|1611139731
|switch|p1a: Larry|Tangrowth, M|100/100
|move|p2a: Tapu Koko|Taunt|p1a: Larry
|-start|p1a: Larry|move: Taunt
|
|upkeep
|turn|2
|c|☆supersam10001|how dare
|c|☆supersam10001|you
|c|☆supersam10001|disrepect
|c|☆supersam10001|the art
|j| K rool rules
|c|☆supersam10001|of sand balance
|j| Tabata Tyrogue
|
|t:|1611139752
|move|p2a: Tapu Koko|U-turn|p1a: Larry
|-supereffective|p1a: Larry
|-damage|p1a: Larry|73/100
|
|t:|1611139756
|switch|p2a: Landorus|Landorus-Therian, M|100/100|[from]move: U-turn
|-ability|p2a: Landorus|Intimidate|boost
|-unboost|p1a: Larry|atk|1
|move|p1a: Larry|Sludge Bomb|p2a: Landorus
|-resisted|p2a: Landorus
|-damage|p2a: Landorus|86/100
|
|upkeep
|turn|3
|
|t:|1611139769
|move|p2a: Landorus|Stealth Rock|p1a: Larry
|-sidestart|p1: supersam10001|move: Stealth Rock
|move|p1a: Larry|Sludge Bomb|p2a: Landorus
|-resisted|p2a: Landorus
|-damage|p2a: Landorus|72/100
|-status|p2a: Landorus|psn
|
|-damage|p2a: Landorus|60/100 psn|[from] psn
|-end|p1a: Larry|move: Taunt
|upkeep
|turn|4
|
|t:|1611139786
|move|p2a: Landorus|Swords Dance|p2a: Landorus
|-boost|p2a: Landorus|atk|2
|move|p1a: Larry|Knock Off|p2a: Landorus
|-damage|p2a: Landorus|42/100 psn
|-enditem|p2a: Landorus|Soft Sand|[from] move: Knock Off|[of] p1a: Larry
|
|-damage|p2a: Landorus|30/100 psn|[from] psn
|upkeep
|turn|5
|
|t:|1611139802
|move|p2a: Landorus|Earthquake|p1a: Larry
|-resisted|p1a: Larry
|-damage|p1a: Larry|36/100
|move|p1a: Larry|Power Whip|p2a: Landorus
|-damage|p2a: Landorus|0 fnt
|faint|p2a: Landorus
|
|-fieldend|move: Electric Terrain
|upkeep
|j| Metagrossistheboss
|
|t:|1611139817
|switch|p2a: Dragonite|Dragonite, M|100/100
|turn|6
|
|t:|1611139822
|move|p2a: Dragonite|Dragon Dance|p2a: Dragonite
|-boost|p2a: Dragonite|atk|1
|-boost|p2a: Dragonite|spe|1
|move|p1a: Larry|Sludge Bomb|p2a: Dragonite
|-damage|p2a: Dragonite|90/100
|
|upkeep
|turn|7
|j| atha
|c|☆supersam10001|oops
|c|☆supersam10001|i threw
|
|t:|1611139837
|switch|p1a: Godzilla|Tyranitar, M|100/100
|-damage|p1a: Godzilla|88/100|[from] Stealth Rock
|-weather|Sandstorm|[from] ability: Sand Stream|[of] p1a: Godzilla
|move|p2a: Dragonite|Dragon Dance|p2a: Dragonite
|-boost|p2a: Dragonite|atk|1
|-boost|p2a: Dragonite|spe|1
|
|-weather|Sandstorm|[upkeep]
|-damage|p2a: Dragonite|83/100|[from] Sandstorm
|-heal|p1a: Godzilla|94/100|[from] item: Leftovers
|upkeep
|turn|8
|c| Arceros|Sand weather ball zapdos hype?
|
|t:|1611139845
|move|p2a: Dragonite|Earthquake|p1a: Godzilla
|-supereffective|p1a: Godzilla
|-damage|p1a: Godzilla|0 fnt
|faint|p1a: Godzilla
|
|-weather|Sandstorm|[upkeep]
|-damage|p2a: Dragonite|77/100|[from] Sandstorm
|upkeep
|
|t:|1611139849
|switch|p1a: Mole|Excadrill, F|100/100
|-damage|p1a: Mole|97/100|[from] Stealth Rock
|turn|9
|
|t:|1611139858
|move|p1a: Mole|Iron Head|p2a: Dragonite
|-damage|p2a: Dragonite|31/100
|move|p2a: Dragonite|Earthquake|p1a: Mole
|-supereffective|p1a: Mole
|-damage|p1a: Mole|0 fnt
|faint|p1a: Mole
|
|-weather|Sandstorm|[upkeep]
|-damage|p2a: Dragonite|25/100|[from] Sandstorm
|upkeep
|
|t:|1611139864
|switch|p1a: Messi|Cinderace, M|100/100
|turn|10
|
|t:|1611139870
|move|p2a: Dragonite|Extreme Speed|p1a: Messi
|-crit|p1a: Messi
|-damage|p1a: Messi|0 fnt
|faint|p1a: Messi
|
|-weather|Sandstorm|[upkeep]
|-damage|p2a: Dragonite|19/100|[from] Sandstorm
|upkeep
|c|☆Mario34|oof srry
|c|☆supersam10001|welp
|c|☆supersam10001|gg
|c|☆Mario34|did u sucker?
|c|☆supersam10001|gz on winning
|c|☆supersam10001|yeah
|c|☆Mario34|so didnt matter
|c|☆supersam10001|yes
|c|☆Mario34|also zapdos walled this shit lmao
|inactive|supersam10001 has 120 seconds left.
|j| iifreshy
|-message|supersam10001 forfeited.
|
|win|Mario34
|n|☆supersam10001|supersam10001
|n|☆Mario34|mario34
|n| d18l|d18l
|n| Arceros|arceros
|n| K rool rules|kroolrules
|n| Tabata Tyrogue|tabatatyrogue
|n| Metagrossistheboss|metagrossistheboss
|n| atha|atha
|n| iifreshy|iifreshy
