|j|☆minimax_ai
|j|☆Adel19
|t:|1667971276
|gametype|singles
|player|p1|minimax_ai|169|1696
|player|p2|Adel19|rocketgruntf|1788
|teamsize|p1|6
|teamsize|p2|6
|gen|8
|tier|[Gen 8] OU
|rated|
|rule|Sleep Clause Mod: Limit one foe put to sleep
|rule|Species Clause: Limit one of each Pokémon
|rule|OHKO Clause: OHKO moves are banned
|rule|Evasion Items Clause: Evasion items are banned
|rule|Evasion Moves Clause: Evasion moves are banned
|rule|Endless Battle Clause: Forcing endless battles is banned
|rule|HP Percentage Mod: HP is shown in percentages
|rule|Dynamax Clause: You cannot dynamax
|clearpoke
|poke|p1|Rotom-Wash|
|poke|p1|Weavile, M|
|poke|p1|Landorus-Therian, M|
|poke|p1|Heatran, M|
|poke|p1|Tangrowth, F|
|poke|p1|Melmetal|
|poke|p2|Zapdos|
|poke|p2|Tapu Fini|
|poke|p2|Kartana|
|poke|p2|Zeraora|
|poke|p2|Landorus-Therian, M|
|poke|p2|Blissey, F|
|teampreview
|c|☆minimax_ai|hf
|inactive|Battle timer is ON: inactive players will automatically lose when time's up. (requested by minimax_ai)
|
|t:|1667971283
|start
|switch|p1a: Melmetal|Melmetal|100/100
|switch|p2a: Blissey|Blissey, F|100/100
|turn|1
|
|t:|1667971293
|move|p2a: Blissey|Stealth Rock|p1a: Melmetal
|-sidestart|p1: minimax_ai|move: Stealth Rock
|move|p1a: Melmetal|Double Iron Bash|p2a: Blissey
|-damage|p2a: Blissey|64/100
|-damage|p2a: Blissey|28/100
|-hitcount|p2a: Blissey|2
|
|upkeep
|turn|2
|
|t:|1667971298
|switch|p2a: Kartana|Kartana|100/100
|move|p1a: Melmetal|Double Iron Bash|p2a: Kartana
|-resisted|p2a: Kartana
|-damage|p2a: Kartana|85/100
|-resisted|p2a: Kartana
|-damage|p2a: Kartana|68/100
|-hitcount|p2a: Kartana|2
|
|upkeep
|turn|3
|
|t:|1667971304
|switch|p1a: Tangrowth|Tangrowth, F|100/100
|-damage|p1a: Tangrowth|88/100|[from] Stealth Rock
|move|p2a: Kartana|Knock Off|p1a: Tangrowth
|-damage|p1a: Tangrowth|71/100
|-enditem|p1a: Tangrowth|Rocky Helmet|[from] move: Knock Off|[of] p2a: Kartana
|
|upkeep
|turn|4
|
|t:|1667971309
|switch|p2a: Blissey|Blissey, F|28/100
|switch|p1a: landorustherian|Landorus-Therian, M|100/100
|-damage|p1a: landorustherian|88/100|[from] Stealth Rock
|-ability|p1a: landorustherian|Intimidate|boost
|-unboost|p2a: Blissey|atk|1
|
|-heal|p1a: landorustherian|94/100|[from] item: Leftovers
|upkeep
|turn|5
|
|t:|1667971314
|move|p1a: landorustherian|Earthquake|p2a: Blissey
|-damage|p2a: Blissey|0 fnt
|faint|p2a: Blissey
|
|-heal|p1a: landorustherian|99/100|[from] item: Leftovers
|upkeep
|
|t:|1667971322
|switch|p2a: Landorus|Landorus-Therian, M|100/100
|-ability|p2a: Landorus|Intimidate|boost
|-unboost|p1a: landorustherian|atk|1
|turn|6
|
|t:|1667971323
|move|p2a: Landorus|Substitute|p2a: Landorus
|-start|p2a: Landorus|Substitute
|-damage|p2a: Landorus|76/100
|move|p1a: landorustherian|Defog|p2a: Landorus
|-sideend|p1: minimax_ai|Stealth Rock|[from] move: Defog|[of] p1a: landorustherian
|
|-heal|p1a: landorustherian|100/100|[from] item: Leftovers
|upkeep
|turn|7
|
|t:|1667971327
|switch|p1a: Tangrowth|Tangrowth, F|100/100
|move|p2a: Landorus|Swords Dance|p2a: Landorus
|-boost|p2a: Landorus|atk|2
|
|upkeep
|turn|8
|
|t:|1667971329
|move|p2a: Landorus|Earthquake|p1a: Tangrowth
|-resisted|p1a: Tangrowth
|-damage|p1a: Tangrowth|63/100
|move|p1a: Tangrowth|Giga Drain|p2a: Landorus
|-end|p2a: Landorus|Substitute
|-heal|p1a: Tangrowth|73/100|[from] drain|[of] p2a: Landorus
|
|upkeep
|turn|9
|
|t:|1667971335
|move|p2a: Landorus|Swords Dance|p2a: Landorus
|-boost|p2a: Landorus|atk|2
|move|p1a: Tangrowth|Giga Drain|p2a: Landorus
|-damage|p2a: Landorus|39/100
|-heal|p1a: Tangrowth|87/100|[from] drain|[of] p2a: Landorus
|
|upkeep
|turn|10
|
|t:|1667971340
|move|p2a: Landorus|Stone Edge|p1a: Tangrowth
|-damage|p1a: Tangrowth|25/100
|move|p1a: Tangrowth|Giga Drain|p2a: Landorus
|-damage|p2a: Landorus|5/100
|-heal|p1a: Tangrowth|38/100|[from] drain|[of] p2a: Landorus
|
|upkeep
|turn|11
|
|t:|1667971343
|switch|p1a: landorustherian|Landorus-Therian, M|100/100
|-ability|p1a: landorustherian|Intimidate|boost
|-unboost|p2a: Landorus|atk|1
|move|p2a: Landorus|Stone Edge|p1a: landorustherian
|-damage|p1a: landorustherian|0 fnt
|faint|p1a: landorustherian
|
|upkeep
|
|t:|1667971343
|switch|p1a: Weavile|Weavile, M|100/100
|-ability|p1a: Weavile|Pressure
|turn|12
|
|t:|1667971356
|switch|p2a: Tapu Fini|Tapu Fini|100/100
|-fieldstart|move: Misty Terrain|[from] ability: Misty Surge|[of] p2a: Tapu Fini
|move|p1a: Weavile|Knock Off|p2a: Tapu Fini
|-resisted|p2a: Tapu Fini
|-damage|p2a: Tapu Fini|74/100
|-enditem|p2a: Tapu Fini|Leftovers|[from] move: Knock Off|[of] p1a: Weavile
|
|upkeep
|turn|13
|
|t:|1667971358
|switch|p1a: Melmetal|Melmetal|100/100
|move|p2a: Tapu Fini|Surf|p1a: Melmetal
|-damage|p1a: Melmetal|82/100
|
|upkeep
|turn|14
|
|t:|1667971362
|switch|p2a: Zapdos|Zapdos|100/100
|move|p1a: Melmetal|Double Iron Bash|p2a: Zapdos
|-resisted|p2a: Zapdos
|-damage|p2a: Zapdos|87/100
|-resisted|p2a: Zapdos
|-damage|p2a: Zapdos|72/100
|-hitcount|p2a: Zapdos|2
|
|upkeep
|turn|15
|
|t:|1667971366
|move|p2a: Zapdos|Volt Switch|p1a: Melmetal
|-crit|p1a: Melmetal
|-damage|p1a: Melmetal|60/100
|
|t:|1667971368
|switch|p2a: Kartana|Kartana|68/100|[from]move: Volt Switch
|move|p1a: Melmetal|Ice Punch|p2a: Kartana
|-damage|p2a: Kartana|39/100
|
|upkeep
|turn|16
|
|t:|1667971374
|switch|p2a: Zapdos|Zapdos|72/100
|move|p1a: Melmetal|Double Iron Bash|p2a: Zapdos
|-resisted|p2a: Zapdos
|-damage|p2a: Zapdos|57/100
|-resisted|p2a: Zapdos
|-damage|p2a: Zapdos|43/100
|-hitcount|p2a: Zapdos|2
|
|-fieldend|Misty Terrain
|upkeep
|turn|17
|
|t:|1667971379
|move|p2a: Zapdos|Volt Switch|p1a: Melmetal
|-damage|p1a: Melmetal|44/100
|
|t:|1667971382
|switch|p2a: Kartana|Kartana|39/100|[from]move: Volt Switch
|move|p1a: Melmetal|Ice Punch|p2a: Kartana
|-damage|p2a: Kartana|11/100
|
|upkeep
|turn|18
|
|t:|1667971388
|switch|p1a: Tangrowth|Tangrowth, F|71/100
|move|p2a: Kartana|Sacred Sword|p1a: Tangrowth
|-damage|p1a: Tangrowth|55/100
|
|upkeep
|turn|19
|
|t:|1667971391
|switch|p2a: Zapdos|Zapdos|43/100
|switch|p1a: rotomwash|Rotom-Wash|100/100
|
|upkeep
|turn|20
|
|t:|1667971397
|move|p1a: rotomwash|Thunderbolt|p2a: Zapdos
|-damage|p2a: Zapdos|9/100
|move|p2a: Zapdos|Roost|p2a: Zapdos
|-heal|p2a: Zapdos|59/100
|-singleturn|p2a: Zapdos|move: Roost
|
|upkeep
|turn|21
|
|t:|1667971405
|move|p1a: rotomwash|Hydro Pump|p2a: Zapdos
|-damage|p2a: Zapdos|17/100
|move|p2a: Zapdos|Roost|p2a: Zapdos
|-heal|p2a: Zapdos|67/100
|-singleturn|p2a: Zapdos|move: Roost
|
|upkeep
|turn|22
|
|t:|1667971409
|move|p1a: rotomwash|Hydro Pump|p2a: Zapdos
|-damage|p2a: Zapdos|25/100
|move|p2a: Zapdos|Roost|p2a: Zapdos
|-heal|p2a: Zapdos|75/100
|-singleturn|p2a: Zapdos|move: Roost
|
|upkeep
|turn|23
|
|t:|1667971412
|move|p1a: rotomwash|Hydro Pump|p2a: Zapdos
|-damage|p2a: Zapdos|31/100
|move|p2a: Zapdos|Roost|p2a: Zapdos
|-heal|p2a: Zapdos|81/100
|-singleturn|p2a: Zapdos|move: Roost
|
|upkeep
|turn|24
|
|t:|1667971414
|move|p1a: rotomwash|Hydro Pump|p2a: Zapdos|[miss]
|-miss|p1a: rotomwash|p2a: Zapdos
|move|p2a: Zapdos|Volt Switch|p1a: rotomwash
|-damage|p1a: rotomwash|69/100
|
|t:|1667971420
|switch|p2a: Kartana|Kartana|11/100|[from]move: Volt Switch
|
|-heal|p1a: rotomwash|75/100|[from] item: Leftovers
|upkeep
|turn|25
|
|t:|1667971421
|switch|p1a: Tangrowth|Tangrowth, F|88/100
|move|p2a: Kartana|Leaf Blade|p1a: Tangrowth
|-resisted|p1a: Tangrowth
|-damage|p1a: Tangrowth|75/100
|
|upkeep
|turn|26
|
|t:|1667971424
|switch|p2a: Zapdos|Zapdos|81/100
|switch|p1a: Heatran|Heatran, M|100/100
|-item|p1a: Heatran|Air Balloon
|
|upkeep
|turn|27
|
|t:|1667971428
|move|p1a: Heatran|Eruption|p2a: Zapdos
|-damage|p2a: Zapdos|3/100
|move|p2a: Zapdos|Volt Switch|p1a: Heatran
|-damage|p1a: Heatran|73/100
|-enditem|p1a: Heatran|Air Balloon
|
|t:|1667971431
|switch|p2a: Tapu Fini|Tapu Fini|74/100|[from]move: Volt Switch
|-fieldstart|move: Misty Terrain|[from] ability: Misty Surge|[of] p2a: Tapu Fini
|
|upkeep
|turn|28
|
|t:|1667971435
|switch|p1a: Melmetal|Melmetal|44/100
|move|p2a: Tapu Fini|Surf|p1a: Melmetal
|-crit|p1a: Melmetal
|-damage|p1a: Melmetal|18/100
|
|upkeep
|turn|29
|
|t:|1667971438
|switch|p1a: Tangrowth|Tangrowth, F|100/100
|move|p2a: Tapu Fini|Surf|p1a: Tangrowth
|-resisted|p1a: Tangrowth
|-damage|p1a: Tangrowth|76/100
|
|upkeep
|turn|30
|
|t:|1667971443
|move|p2a: Tapu Fini|Calm Mind|p2a: Tapu Fini
|-boost|p2a: Tapu Fini|spa|1
|-boost|p2a: Tapu Fini|spd|1
|move|p1a: Tangrowth|Giga Drain|p2a: Tapu Fini
|-supereffective|p2a: Tapu Fini
|-damage|p2a: Tapu Fini|41/100
|-heal|p1a: Tangrowth|91/100|[from] drain|[of] p2a: Tapu Fini
|
|upkeep
|turn|31
|
|t:|1667971444
|switch|p1a: rotomwash|Rotom-Wash|75/100
|move|p2a: Tapu Fini|Moonblast|p1a: rotomwash
|-damage|p1a: rotomwash|18/100
|
|-heal|p1a: rotomwash|25/100|[from] item: Leftovers
|-fieldend|Misty Terrain
|upkeep
|turn|32
|
|t:|1667971450
|switch|p2a: Landorus|Landorus-Therian, M|5/100
|-ability|p2a: Landorus|Intimidate|boost
|-unboost|p1a: rotomwash|atk|1
|move|p1a: rotomwash|Thunderbolt|p2a: Landorus
|-immune|p2a: Landorus
|
|-heal|p1a: rotomwash|31/100|[from] item: Leftovers
|upkeep
|turn|33
|
|t:|1667971455
|switch|p1a: Tangrowth|Tangrowth, F|100/100
|move|p2a: Landorus|Stone Edge|p1a: Tangrowth
|-damage|p1a: Tangrowth|79/100
|
|upkeep
|turn|34
|
|t:|1667971458
|move|p2a: Landorus|Stone Edge|p1a: Tangrowth
|-crit|p1a: Tangrowth
|-damage|p1a: Tangrowth|48/100
|move|p1a: Tangrowth|Giga Drain|p2a: Landorus
|-damage|p2a: Landorus|0 fnt
|-heal|p1a: Tangrowth|50/100|[from] drain|[of] p2a: Landorus
|faint|p2a: Landorus
|
|upkeep
|
|t:|1667971460
|switch|p2a: Zapdos|Zapdos|3/100
|turn|35
|
|t:|1667971461
|switch|p1a: Heatran|Heatran, M|73/100
|move|p2a: Zapdos|Roost|p2a: Zapdos
|-heal|p2a: Zapdos|53/100
|-singleturn|p2a: Zapdos|move: Roost
|
|upkeep
|turn|36
|
|t:|1667971464
|switch|p2a: Tapu Fini|Tapu Fini|41/100
|-fieldstart|move: Misty Terrain|[from] ability: Misty Surge|[of] p2a: Tapu Fini
|move|p1a: Heatran|Eruption|p2a: Tapu Fini
|-resisted|p2a: Tapu Fini
|-damage|p2a: Tapu Fini|19/100
|
|upkeep
|turn|37
|
|t:|1667971466
|move|p1a: Heatran|Earth Power|p2a: Tapu Fini
|-damage|p2a: Tapu Fini|0 fnt
|faint|p2a: Tapu Fini
|
|upkeep
|-message|Adel19 forfeited.
|
|win|minimax_ai
|raw|minimax_ai's rating: 1696 &rarr; <strong>1721</strong><br />(+25 for winning)
|raw|Adel19's rating: 1788 &rarr; <strong>1763</strong><br />(-25 for losing)
|c|☆minimax_ai|gg
|l|☆Adel19
