|j|☆Stunfisk2140
|j|☆Tatum's Left Nut
|inactive|Battle timer is ON: inactive players will automatically lose when time's up.
|t:|1654532389
|gametype|singles
|player|p1|Stunfisk2140|265|
|player|p2|Tatum's Left Nut|ltsurge|
|teamsize|p1|6
|teamsize|p2|6
|gen|8
|tier|[Gen 8] OU
|rated|Tournament battle
|rule|Sleep Clause Mod: Limit one foe put to sleep
|rule|Species Clause: Limit one of each Pokémon
|rule|OHKO Clause: OHKO moves are banned
|rule|Evasion Moves Clause: Evasion moves are banned
|rule|Endless Battle Clause: Forcing endless battles is banned
|rule|HP Percentage Mod: HP is shown in percentages
|rule|Dynamax Clause: You cannot dynamax
|clearpoke
|poke|p1|Landorus-Therian, M|
|poke|p1|Heatran, F|
|poke|p1|Kartana|
|poke|p1|Dragonite, F|
|poke|p1|Tapu Koko|
|poke|p1|Urshifu-*, M|
|poke|p2|Marowak-Alola, M|
|poke|p2|Porygon2|
|poke|p2|Melmetal|
|poke|p2|Hatterene, F|
|poke|p2|Cresselia, F|
|poke|p2|Urshifu-*, M|
|teampreview
|j| BT*89
|l| BT*89
|
|t:|1654532409
|start
|switch|p1a: Landorus|Landorus-Therian, M|100/100
|switch|p2a: Hatterene|Hatterene, F|100/100
|-ability|p1a: Landorus|Intimidate|boost
|-unboost|p2a: Hatterene|atk|1
|turn|1
|
|t:|1654532431
|move|p1a: Landorus|Earthquake|p2a: Hatterene
|-damage|p2a: Hatterene|62/100
|move|p2a: Hatterene|Trick Room|p2a: Hatterene
|-fieldstart|move: Trick Room|[of] p2a: Hatterene
|
|upkeep
|turn|2
|
|t:|1654532436
|move|p2a: Hatterene|Healing Wish|p2a: Hatterene
|faint|p2a: Hatterene
|move|p1a: Landorus|U-turn|p2: Hatterene|[notarget]
|-fail|p1a: Landorus
|
|upkeep
|j| GROSS SAMPLE TEAM
|
|t:|1654532456
|switch|p2a: Melmetal|Melmetal|100/100
|turn|3
|
|t:|1654532465
|switch|p1a: Dragonite|Dragonite, F|100/100
|move|p2a: Melmetal|Ice Punch|p1a: Dragonite
|-supereffective|p1a: Dragonite
|-damage|p1a: Dragonite|0 fnt
|faint|p1a: Dragonite
|-damage|p2a: Melmetal|91/100|[from] item: Life Orb
|
|upkeep
|
|t:|1654532471
|switch|p1a: Heatran|Heatran, F|100/100
|turn|4
|
|t:|1654532475
|move|p2a: Melmetal|Earthquake|p1a: Heatran
|-supereffective|p1a: Heatran
|-damage|p1a: Heatran|0 fnt
|faint|p1a: Heatran
|-damage|p2a: Melmetal|81/100|[from] item: Life Orb
|
|upkeep
|
|t:|1654532478
|switch|p1a: Landorus|Landorus-Therian, M|100/100
|-ability|p1a: Landorus|Intimidate|boost
|-unboost|p2a: Melmetal|atk|1
|turn|5
|
|t:|1654532483
|switch|p1a: Urshifu|Urshifu, M|100/100
|move|p2a: Melmetal|Ice Punch|p1a: Urshifu
|-damage|p1a: Urshifu|69/100
|-damage|p2a: Melmetal|71/100|[from] item: Life Orb
|
|-fieldend|move: Trick Room
|upkeep
|turn|6
|
|t:|1654532496
|switch|p2a: Cresselia|Cresselia, F, shiny|100/100
|move|p1a: Urshifu|Close Combat|p2a: Cresselia
|-resisted|p2a: Cresselia
|-damage|p2a: Cresselia|71/100
|-unboost|p1a: Urshifu|def|1
|-unboost|p1a: Urshifu|spd|1
|
|upkeep
|turn|7
|
|t:|1654532505
|switch|p1a: Kartana|Kartana|100/100
|move|p2a: Cresselia|Trick Room|p2a: Cresselia
|-fieldstart|move: Trick Room|[of] p2a: Cresselia
|
|upkeep
|turn|8
|l| GROSS SAMPLE TEAM
|
|t:|1654532533
|switch|p2a: Melmetal|Melmetal|71/100
|-heal|p2a: Melmetal|100/100|[from] move: Healing Wish
|move|p1a: Kartana|Swords Dance|p1a: Kartana
|-boost|p1a: Kartana|atk|2
|
|upkeep
|turn|9
|
|t:|1654532541
|move|p2a: Melmetal|Double Iron Bash|p1a: Kartana
|-resisted|p1a: Kartana
|-damage|p1a: Kartana|69/100
|-resisted|p1a: Kartana
|-damage|p1a: Kartana|39/100
|-hitcount|p1a: Kartana|2
|-damage|p2a: Melmetal|91/100|[from] item: Life Orb
|cant|p1a: Kartana|flinch
|
|upkeep
|turn|10
|
|t:|1654532549
|switch|p1a: Landorus|Landorus-Therian, M|100/100
|-ability|p1a: Landorus|Intimidate|boost
|-unboost|p2a: Melmetal|atk|1
|move|p2a: Melmetal|Double Iron Bash|p1a: Landorus
|-damage|p1a: Landorus|65/100
|-damage|p1a: Landorus|30/100
|-hitcount|p1a: Landorus|2
|-damage|p2a: Melmetal|81/100|[from] item: Life Orb
|
|-heal|p1a: Landorus|36/100|[from] item: Leftovers
|upkeep
|turn|11
|j| Jugloo
|
|t:|1654532562
|switch|p2a: Cresselia|Cresselia, F, shiny|71/100
|switch|p1a: Kartana|Kartana|39/100
|
|-fieldend|move: Trick Room
|upkeep
|turn|12
|
|t:|1654532586
|switch|p2a: Urshifu|Urshifu, M|100/100
|move|p1a: Kartana|Swords Dance|p1a: Kartana
|-boost|p1a: Kartana|atk|2
|
|upkeep
|turn|13
|
|t:|1654532594
|move|p2a: Urshifu|Sucker Punch|p1a: Kartana
|-damage|p1a: Kartana|0 fnt
|faint|p1a: Kartana
|
|upkeep
|
|t:|1654532597
|switch|p1a: Urshifu|Urshifu, M|69/100
|turn|14
|
|t:|1654532616
|move|p1a: Urshifu|Wicked Blow|p2a: Urshifu
|-resisted|p2a: Urshifu
|-crit|p2a: Urshifu
|-damage|p2a: Urshifu|80/100
|move|p2a: Urshifu|Close Combat|p1a: Urshifu
|-supereffective|p1a: Urshifu
|-damage|p1a: Urshifu|0 fnt
|-unboost|p2a: Urshifu|def|1
|-unboost|p2a: Urshifu|spd|1
|faint|p1a: Urshifu
|
|upkeep
|
|t:|1654532619
|switch|p1a: Tapu Koko|Tapu Koko|100/100
|-fieldstart|move: Electric Terrain|[from] ability: Electric Surge|[of] p1a: Tapu Koko
|turn|15
|-message|Stunfisk2140 forfeited.
|
|win|Tatum's Left Nut
|n|☆Stunfisk2140|stunfisk2140
|n|☆Tatum's Left Nut|tatumsleftnut
|n| Jugloo|jugloo
|l|☆Stunfisk2140
|j|☆Stunfisk2140
|player|p1|Stunfisk2140|265
