|html|<div class="broadcast-blue"><strong>[Gen 8] OU is currently suspecting Spectrier! For information on how to participate check out the <a href="https://www.smogon.com/forums/threads/np-ss-ou-suspect-process-round-9-old-town-road.3676744/">suspect thread</a>.</strong></div>
|j|☆Agent T00D
|j|☆Mickey m
|t:|1611840702
|player|p1|Agent T00D|sage|1575
|player|p2|Mickey m|hilbert-dueldisk|1591
|teamsize|p1|6
|teamsize|p2|6
|gametype|singles
|gen|8
|tier|[Gen 8] OU
|rated|
|clearpoke
|poke|p1|Tapu Fini|
|poke|p1|Tornadus-Therian, M|
|poke|p1|Ferrothorn, M|
|poke|p1|Spectrier|
|poke|p1|Dragapult, F|
|poke|p1|Landorus-Therian, M|
|poke|p2|Garchomp, F|
|poke|p2|Zapdos|
|poke|p2|Dragonite, F|
|poke|p2|Cinderace, F|
|poke|p2|Blaziken, F|
|poke|p2|Rillaboom, M|
|rule|Sleep Clause Mod: Limit one foe put to sleep
|rule|Species Clause: Limit one of each Pokémon
|rule|OHKO Clause: OHKO moves are banned
|rule|Evasion Moves Clause: Evasion moves are banned
|rule|Endless Battle Clause: Forcing endless battles is banned
|rule|HP Percentage Mod: HP is shown in percentages
|rule|Dynamax Clause: You cannot dynamax
|teampreview
|
|t:|1611840722
|start
|switch|p1a: Dragapult|Dragapult, F|100/100
|switch|p2a: Garchomp|Garchomp, F|100/100
|turn|1
|inactive|Battle timer is ON: inactive players will automatically lose when time's up. (requested by Mickey m)
|
|t:|1611840735
|move|p1a: Dragapult|Dragon Darts|p2a: Garchomp
|-supereffective|p2a: Garchomp
|-damage|p2a: Garchomp|21/100
|-anim|p1a: Dragapult|Dragon Darts|p2a: Garchomp
|-supereffective|p2a: Garchomp
|-damage|p2a: Garchomp|0 fnt
|faint|p2a: Garchomp
|
|upkeep
|
|t:|1611840743
|switch|p2a: Rillaboom|Rillaboom, M|100/100
|-fieldstart|move: Grassy Terrain|[from] ability: Grassy Surge|[of] p2a: Rillaboom
|-enditem|p2a: Rillaboom|Grassy Seed
|-boost|p2a: Rillaboom|def|1|[from] item: Grassy Seed
|turn|2
|
|t:|1611840748
|switch|p1a: Tornadus|Tornadus-Therian, M|100/100
|move|p2a: Rillaboom|Swords Dance|p2a: Rillaboom
|-boost|p2a: Rillaboom|atk|2
|
|upkeep
|turn|3
|
|t:|1611840754
|move|p1a: Tornadus|Hurricane|p2a: Rillaboom|[miss]
|-miss|p1a: Tornadus|p2a: Rillaboom
|move|p2a: Rillaboom|Acrobatics|p1a: Tornadus
|-damage|p1a: Tornadus|14/100
|
|upkeep
|turn|4
|
|t:|1611840760
|switch|p1a: Ferrothorn|Ferrothorn, M|100/100
|move|p2a: Rillaboom|Grassy Glide|p1a: Ferrothorn
|-resisted|p1a: Ferrothorn
|-damage|p1a: Ferrothorn|87/100
|-damage|p2a: Rillaboom|88/100|[from] ability: Iron Barbs|[of] p1a: Ferrothorn
|-damage|p2a: Rillaboom|72/100|[from] item: Rocky Helmet|[of] p1a: Ferrothorn
|
|-heal|p2a: Rillaboom|78/100|[from] Grassy Terrain
|-heal|p1a: Ferrothorn|93/100|[from] Grassy Terrain
|upkeep
|turn|5
|
|t:|1611840776
|switch|p1a: Landorus|Landorus-Therian, M|100/100
|-ability|p1a: Landorus|Intimidate|boost
|-unboost|p2a: Rillaboom|atk|1
|move|p2a: Rillaboom|Drain Punch|p1a: Landorus
|-resisted|p1a: Landorus
|-damage|p1a: Landorus|87/100
|-heal|p2a: Rillaboom|85/100|[from] drain|[of] p1a: Landorus
|
|-heal|p2a: Rillaboom|91/100|[from] Grassy Terrain
|upkeep
|turn|6
|
|t:|1611840789
|switch|p1a: Ferrothorn|Ferrothorn, M|93/100
|move|p2a: Rillaboom|Swords Dance|p2a: Rillaboom
|-boost|p2a: Rillaboom|atk|2
|
|-heal|p2a: Rillaboom|98/100|[from] Grassy Terrain
|-heal|p1a: Ferrothorn|99/100|[from] Grassy Terrain
|-fieldend|move: Grassy Terrain
|upkeep
|turn|7
|
|t:|1611840798
|move|p2a: Rillaboom|Drain Punch|p1a: Ferrothorn
|-supereffective|p1a: Ferrothorn
|-damage|p1a: Ferrothorn|27/100
|-heal|p2a: Rillaboom|100/100|[from] drain|[of] p1a: Ferrothorn
|-damage|p2a: Rillaboom|88/100|[from] ability: Iron Barbs|[of] p1a: Ferrothorn
|-damage|p2a: Rillaboom|72/100|[from] item: Rocky Helmet|[of] p1a: Ferrothorn
|move|p1a: Ferrothorn|Spikes|p2a: Rillaboom
|-sidestart|p2: Mickey m|Spikes
|
|upkeep
|turn|8
|
|t:|1611840808
|move|p2a: Rillaboom|Acrobatics|p1a: Ferrothorn
|-damage|p1a: Ferrothorn|0 fnt
|-damage|p2a: Rillaboom|59/100|[from] ability: Iron Barbs|[of] p1a: Ferrothorn
|-damage|p2a: Rillaboom|43/100|[from] item: Rocky Helmet|[of] p1a: Ferrothorn
|faint|p1a: Ferrothorn
|
|upkeep
|
|t:|1611840812
|switch|p1a: Tornadus|Tornadus-Therian, M|47/100
|turn|9
|
|t:|1611840820
|switch|p2a: Zapdos|Zapdos|100/100
|move|p1a: Tornadus|Heat Wave|p2a: Zapdos|[miss]
|-miss|p1a: Tornadus|p2a: Zapdos
|
|upkeep
|turn|10
|
|t:|1611840825
|switch|p1a: Dragapult|Dragapult, F|100/100
|move|p2a: Zapdos|Defog|p1a: Dragapult
|-fail|p1a: Dragapult|unboost|[from] ability: Clear Body|[of] p1a: Dragapult
|-sideend|p2: Mickey m|Spikes|[from] move: Defog|[of] p2a: Zapdos
|
|upkeep
|turn|11
|
|t:|1611840831
|move|p1a: Dragapult|Dragon Darts|p2a: Zapdos
|-damage|p2a: Zapdos|62/100
|-anim|p1a: Dragapult|Dragon Darts|p2a: Zapdos
|-damage|p2a: Zapdos|24/100
|move|p2a: Zapdos|Discharge|p1a: Dragapult
|-resisted|p1a: Dragapult
|-damage|p1a: Dragapult|71/100
|-status|p1a: Dragapult|par
|
|upkeep
|turn|12
|
|t:|1611840842
|move|p2a: Zapdos|Discharge|p1a: Dragapult
|-resisted|p1a: Dragapult
|-damage|p1a: Dragapult|43/100 par
|move|p1a: Dragapult|Dragon Darts|p2a: Zapdos
|-damage|p2a: Zapdos|0 fnt
|faint|p2a: Zapdos
|
|upkeep
|
|t:|1611840853
|switch|p2a: Dragonite|Dragonite, F|100/100
|turn|13
|
|t:|1611840858
|move|p2a: Dragonite|Dragon Claw|p1a: Dragapult
|-supereffective|p1a: Dragapult
|-damage|p1a: Dragapult|0 fnt
|faint|p1a: Dragapult
|
|upkeep
|
|t:|1611840863
|switch|p1a: Landorus|Landorus-Therian, M|87/100
|-ability|p1a: Landorus|Intimidate|boost
|-unboost|p2a: Dragonite|atk|1
|turn|14
|
|t:|1611840870
|switch|p2a: Rillaboom|Rillaboom, M|43/100
|-fieldstart|move: Grassy Terrain|[from] ability: Grassy Surge|[of] p2a: Rillaboom
|move|p1a: Landorus|Toxic|p2a: Rillaboom
|-status|p2a: Rillaboom|tox
|
|-heal|p2a: Rillaboom|49/100 tox|[from] Grassy Terrain
|-damage|p2a: Rillaboom|43/100 tox|[from] psn
|upkeep
|turn|15
|
|t:|1611840879
|switch|p1a: Tornadus|Tornadus-Therian, M|80/100
|move|p2a: Rillaboom|Swords Dance|p2a: Rillaboom
|-boost|p2a: Rillaboom|atk|2
|
|-heal|p2a: Rillaboom|49/100 tox|[from] Grassy Terrain
|-damage|p2a: Rillaboom|37/100 tox|[from] psn
|upkeep
|turn|16
|
|t:|1611840887
|move|p2a: Rillaboom|Grassy Glide|p1a: Tornadus
|-resisted|p1a: Tornadus
|-damage|p1a: Tornadus|26/100
|move|p1a: Tornadus|Heat Wave|p2a: Rillaboom
|-supereffective|p2a: Rillaboom
|-damage|p2a: Rillaboom|0 fnt
|faint|p2a: Rillaboom
|
|upkeep
|
|t:|1611840898
|switch|p2a: Cinderace|Cinderace, F|100/100
|turn|17
|
|t:|1611840903
|switch|p1a: Tapu Fini|Tapu Fini|100/100
|-fieldstart|move: Misty Terrain|[from] ability: Misty Surge|[of] p1a: Tapu Fini
|move|p2a: Cinderace|Bulk Up|p2a: Cinderace
|-start|p2a: Cinderace|typechange|Fighting|[from] ability: Libero
|-boost|p2a: Cinderace|atk|1
|-boost|p2a: Cinderace|def|1
|
|upkeep
|turn|18
|
|t:|1611840912
|switch|p2a: Dragonite|Dragonite, F|100/100
|move|p1a: Tapu Fini|Surf|p2a: Dragonite
|-resisted|p2a: Dragonite
|-damage|p2a: Dragonite|93/100
|
|upkeep
|turn|19
|
|t:|1611840919
|move|p2a: Dragonite|Dragon Dance|p2a: Dragonite
|-boost|p2a: Dragonite|atk|1
|-boost|p2a: Dragonite|spe|1
|move|p1a: Tapu Fini|Draining Kiss|p2a: Dragonite
|-supereffective|p2a: Dragonite
|-damage|p2a: Dragonite|57/100
|-enditem|p2a: Dragonite|Weakness Policy
|-boost|p2a: Dragonite|atk|2|[from] item: Weakness Policy
|-boost|p2a: Dragonite|spa|2|[from] item: Weakness Policy
|
|upkeep
|turn|20
|
|t:|1611840928
|move|p2a: Dragonite|Earthquake|p1a: Tapu Fini
|-damage|p1a: Tapu Fini|40/100
|move|p1a: Tapu Fini|Draining Kiss|p2a: Dragonite
|-supereffective|p2a: Dragonite
|-damage|p2a: Dragonite|23/100
|-heal|p1a: Tapu Fini|64/100|[from] drain|[of] p2a: Dragonite
|
|-heal|p1a: Tapu Fini|71/100|[from] item: Leftovers
|upkeep
|turn|21
|
|t:|1611840936
|move|p2a: Dragonite|Earthquake|p1a: Tapu Fini
|-damage|p1a: Tapu Fini|5/100
|move|p1a: Tapu Fini|Draining Kiss|p2a: Dragonite
|-supereffective|p2a: Dragonite
|-damage|p2a: Dragonite|0 fnt
|-heal|p1a: Tapu Fini|21/100|[from] drain|[of] p2a: Dragonite
|faint|p2a: Dragonite
|
|-heal|p1a: Tapu Fini|28/100|[from] item: Leftovers
|-fieldend|Misty Terrain
|upkeep
|
|t:|1611840948
|switch|p2a: Cinderace|Cinderace, F|100/100
|turn|22
|
|t:|1611840951
|move|p2a: Cinderace|Pyro Ball|p1a: Tapu Fini
|-resisted|p1a: Tapu Fini
|-damage|p1a: Tapu Fini|3/100
|-damage|p2a: Cinderace|91/100|[from] item: Life Orb
|move|p1a: Tapu Fini|Surf|p2a: Cinderace
|-supereffective|p2a: Cinderace
|-damage|p2a: Cinderace|8/100
|
|-heal|p1a: Tapu Fini|9/100|[from] item: Leftovers
|upkeep
|turn|23
|
|t:|1611840962
|move|p2a: Cinderace|Pyro Ball|p1a: Tapu Fini
|-resisted|p1a: Tapu Fini
|-damage|p1a: Tapu Fini|0 fnt
|-damage|p2a: Cinderace|0 fnt|[from] item: Life Orb
|faint|p1a: Tapu Fini
|faint|p2a: Cinderace
|
|upkeep
|
|t:|1611840970
|switch|p2a: Blaziken|Blaziken, F|100/100
|switch|p1a: Spectrier|Spectrier|100/100
|turn|24
|
|t:|1611840978
|move|p1a: Spectrier|Shadow Ball|p2a: Blaziken
|-damage|p2a: Blaziken|0 fnt
|faint|p2a: Blaziken
|
|win|Agent T00D
|c|☆Agent T00D|gg
|l|☆Mickey m
||Ladder (probably) updated, but score could not be retrieved (Request timeout).
