|raw|<div class="broadcast-blue"><strong>This battle is required to be public due to a player having a name starting with 'lt81yl'.</div>
|j|☆LT81YL Manolo
|j|☆4funaccount
|t:|1625260290
|gametype|singles
|player|p1|LT81YL Manolo|winona|1824
|player|p2|4funaccount|unknownf|1752
|teamsize|p1|6
|teamsize|p2|6
|gen|8
|tier|[Gen 8] OU
|rated|
|rule|Sleep Clause Mod: Limit one foe put to sleep
|rule|Species Clause: Limit one of each Pokémon
|rule|OHKO Clause: OHKO moves are banned
|rule|Evasion Moves Clause: Evasion moves are banned
|rule|Endless Battle Clause: Forcing endless battles is banned
|rule|HP Percentage Mod: HP is shown in percentages
|rule|Dynamax Clause: You cannot dynamax
|clearpoke
|poke|p1|Melmetal|
|poke|p1|Kommo-o, M|
|poke|p1|Magnezone|
|poke|p1|Landorus-Therian, M|
|poke|p1|Toxapex, M|
|poke|p1|Tornadus-Therian, M|
|poke|p2|Toxapex, F|
|poke|p2|Garchomp, F|
|poke|p2|Excadrill, M|
|poke|p2|Tyranitar, M|
|poke|p2|Skarmory, M|
|poke|p2|Clefable, M|
|teampreview
|
|t:|1625260308
|start
|switch|p1a: TA FAMINTO|Landorus-Therian, M|100/100
|switch|p2a: Toxapex|Toxapex, F|100/100
|-ability|p1a: TA FAMINTO|Intimidate|boost
|-unboost|p2a: Toxapex|atk|1
|turn|1
|
|t:|1625260315
|move|p1a: TA FAMINTO|Earthquake|p2a: Toxapex
|-supereffective|p2a: Toxapex
|-damage|p2a: Toxapex|35/100
|move|p2a: Toxapex|Scald|p1a: TA FAMINTO
|-supereffective|p1a: TA FAMINTO
|-damage|p1a: TA FAMINTO|78/100
|
|-heal|p1a: TA FAMINTO|84/100|[from] item: Leftovers
|-heal|p2a: Toxapex|41/100|[from] item: Black Sludge
|upkeep
|turn|2
|
|t:|1625260318
|switch|p2a: Clefable|Clefable, M, shiny|100/100
|move|p1a: TA FAMINTO|Earthquake|p2a: Clefable
|-damage|p2a: Clefable|62/100
|
|-heal|p1a: TA FAMINTO|90/100|[from] item: Leftovers
|upkeep
|turn|3
|
|t:|1625260323
|move|p1a: TA FAMINTO|U-turn|p2a: Clefable
|-resisted|p2a: Clefable
|-damage|p2a: Clefable|54/100
|
|t:|1625260326
|switch|p1a: Hehehe SIUUU|Melmetal|100/100|[from]move: U-turn
|move|p2a: Clefable|Soft-Boiled|p2a: Clefable
|-heal|p2a: Clefable|100/100
|
|upkeep
|turn|4
|
|t:|1625260330
|switch|p2a: Toxapex|Toxapex, F|74/100
|move|p1a: Hehehe SIUUU|Earthquake|p2a: Toxapex
|-supereffective|p2a: Toxapex
|-damage|p2a: Toxapex|27/100
|
|-heal|p2a: Toxapex|33/100|[from] item: Black Sludge
|upkeep
|turn|5
|
|t:|1625260338
|switch|p1a: :cono:|Magnezone|100/100
|switch|p2a: Garchomp|Garchomp, F|100/100
|
|upkeep
|turn|6
|
|t:|1625260349
|switch|p1a: TA FAMINTO|Landorus-Therian, M|90/100
|-ability|p1a: TA FAMINTO|Intimidate|boost
|-unboost|p2a: Garchomp|atk|1
|move|p2a: Garchomp|Swords Dance|p2a: Garchomp
|-boost|p2a: Garchomp|atk|2
|
|-heal|p1a: TA FAMINTO|96/100|[from] item: Leftovers
|upkeep
|turn|7
|
|t:|1625260354
|move|p2a: Garchomp|Swords Dance|p2a: Garchomp
|-boost|p2a: Garchomp|atk|2
|move|p1a: TA FAMINTO|Earthquake|p2a: Garchomp
|-damage|p2a: Garchomp|53/100
|
|-heal|p2a: Garchomp|59/100|[from] item: Leftovers
|-heal|p1a: TA FAMINTO|100/100|[from] item: Leftovers
|upkeep
|turn|8
|
|t:|1625260366
|move|p2a: Garchomp|Swords Dance|p2a: Garchomp
|-boost|p2a: Garchomp|atk|2
|move|p1a: TA FAMINTO|Earthquake|p2a: Garchomp
|-damage|p2a: Garchomp|11/100
|
|-heal|p2a: Garchomp|18/100|[from] item: Leftovers
|upkeep
|turn|9
|
|t:|1625260371
|switch|p1a: Hehehe SIUUU|Melmetal|100/100
|move|p2a: Garchomp|Scale Shot|p1a: Hehehe SIUUU|[miss]
|-miss|p2a: Garchomp|p1a: Hehehe SIUUU
|
|-heal|p2a: Garchomp|24/100|[from] item: Leftovers
|upkeep
|turn|10
|
|t:|1625260376
|switch|p1a: TA FAMINTO|Landorus-Therian, M|100/100
|-ability|p1a: TA FAMINTO|Intimidate|boost
|-unboost|p2a: Garchomp|atk|1
|move|p2a: Garchomp|Scale Shot|p1a: TA FAMINTO
|-damage|p1a: TA FAMINTO|63/100
|-damage|p1a: TA FAMINTO|27/100
|-damage|p1a: TA FAMINTO|0 fnt
|faint|p1a: TA FAMINTO
|-hitcount|p1: TA FAMINTO|3
|-unboost|p2a: Garchomp|def|1
|-boost|p2a: Garchomp|spe|1
|
|-heal|p2a: Garchomp|30/100|[from] item: Leftovers
|upkeep
|
|t:|1625260390
|switch|p1a: Must Gelato|Tornadus-Therian, M|100/100
|turn|11
|
|t:|1625260394
|move|p2a: Garchomp|Scale Shot|p1a: Must Gelato
|-damage|p1a: Must Gelato|57/100
|-damage|p1a: Must Gelato|12/100
|-damage|p1a: Must Gelato|0 fnt
|faint|p1a: Must Gelato
|-hitcount|p1: Must Gelato|3
|-unboost|p2a: Garchomp|def|1
|-boost|p2a: Garchomp|spe|1
|
|-heal|p2a: Garchomp|36/100|[from] item: Leftovers
|upkeep
|
|t:|1625260400
|switch|p1a: E MORO|Kommo-o, M|100/100
|turn|12
|inactive|Battle timer is ON: inactive players will automatically lose when time's up. (requested by LT81YL Manolo)
|
|t:|1625260434
|move|p2a: Garchomp|Scale Shot|p1a: E MORO
|-supereffective|p1a: E MORO
|-crit|p1a: E MORO
|-damage|p1a: E MORO|23/100
|-supereffective|p1a: E MORO
|-damage|p1a: E MORO|0 fnt
|faint|p1a: E MORO
|-hitcount|p1: E MORO|2
|-unboost|p2a: Garchomp|def|1
|-boost|p2a: Garchomp|spe|1
|
|-heal|p2a: Garchomp|42/100|[from] item: Leftovers
|upkeep
|-message|LT81YL Manolo forfeited.
|
|win|4funaccount
|raw|LT81YL Manolo's rating: 1824 &rarr; <strong>1800</strong><br />(-24 for losing)
|raw|4funaccount's rating: 1752 &rarr; <strong>1776</strong><br />(+24 for winning)
|l|☆LT81YL Manolo
||Ladder isn't responding, score probably updated but might not have (Request timeout).
