|j|☆FakeFantump0
|j|☆Oryen
|inactive|Battle timer is ON: inactive players will automatically lose when time's up.
|t:|1666307844
|gametype|singles
|player|p1|FakeFantump0|gladion|
|player|p2|Oryen|lucas|
|teamsize|p1|3
|teamsize|p2|3
|gen|8
|tier|[Gen 8] OU
|rated|Tournament battle
|rule|Sleep Clause Mod: Limit one foe put to sleep
|rule|Species Clause: Limit one of each Pokémon
|rule|OHKO Clause: OHKO moves are banned
|rule|Evasion Items Clause: Evasion items are banned
|rule|Evasion Moves Clause: Evasion moves are banned
|rule|Endless Battle Clause: Forcing endless battles is banned
|rule|HP Percentage Mod: HP is shown in percentages
|rule|Dynamax Clause: You cannot dynamax
|clearpoke
|poke|p1|Growlithe, F|
|poke|p1|Kingler, M|
|poke|p1|Dragonair, M|
|poke|p2|Primarina, F|
|poke|p2|Weavile, F|
|poke|p2|Dwebble, F|
|teampreview
|j|*Lady Monita ☽
|c|☆FakeFantump0|hf
|j| SaltyTaro
|c|☆Oryen|hf
|j| Goomy707
|inactive|FakeFantump0 has 120 seconds left.
|
|t:|1666307880
|start
|switch|p1a: Growlithe|Growlithe, F|100/100
|switch|p2a: Dwebble|Dwebble, F|100/100
|-ability|p1a: Growlithe|Intimidate|boost
|-unboost|p2a: Dwebble|atk|1
|turn|1
|j| Jayfawkes
|
|t:|1666307887
|move|p2a: Dwebble|Shell Smash|p2a: Dwebble
|-unboost|p2a: Dwebble|def|1
|-unboost|p2a: Dwebble|spd|1
|-boost|p2a: Dwebble|atk|2
|-boost|p2a: Dwebble|spa|2
|-boost|p2a: Dwebble|spe|2
|move|p1a: Growlithe|Will-O-Wisp|p2a: Dwebble
|-status|p2a: Dwebble|brn
|
|-damage|p2a: Dwebble|94/100 brn|[from] brn
|upkeep
|turn|2
|
|t:|1666307895
|move|p2a: Dwebble|Shell Smash|p2a: Dwebble
|-unboost|p2a: Dwebble|def|1
|-unboost|p2a: Dwebble|spd|1
|-boost|p2a: Dwebble|atk|2
|-boost|p2a: Dwebble|spa|2
|-boost|p2a: Dwebble|spe|2
|move|p1a: Growlithe|Morning Sun|p1a: Growlithe
|-fail|p1a: Growlithe|heal
|
|-damage|p2a: Dwebble|88/100 brn|[from] brn
|upkeep
|turn|3
|j| 1Ssep The Chicken
|
|t:|1666307900
|move|p2a: Dwebble|Stone Edge|p1a: Growlithe
|-supereffective|p1a: Growlithe
|-damage|p1a: Growlithe|8/100
|move|p1a: Growlithe|Fire Blast|p2a: Dwebble
|-damage|p2a: Dwebble|0 fnt
|faint|p2a: Dwebble
|
|upkeep
|j| Omega akl x
|
|t:|1666307905
|switch|p2a: Primarina|Primarina, F|100/100
|turn|4
|j| jfebhjbeebhjf
|
|t:|1666307914
|move|p2a: Primarina|Substitute|p2a: Primarina
|-start|p2a: Primarina|Substitute
|-damage|p2a: Primarina|75/100
|move|p1a: Growlithe|Toxic||[still]
|-fail|p1a: Growlithe
|
|-heal|p2a: Primarina|82/100|[from] item: Leftovers
|upkeep
|turn|5
|
|t:|1666307920
|move|p1a: Growlithe|Fire Blast|p2a: Primarina
|-resisted|p2a: Primarina
|-activate|p2a: Primarina|move: Substitute|[damage]
|move|p2a: Primarina|Calm Mind|p2a: Primarina
|-boost|p2a: Primarina|spa|1
|-boost|p2a: Primarina|spd|1
|
|-heal|p2a: Primarina|88/100|[from] item: Leftovers
|upkeep
|turn|6
|
|t:|1666307924
|move|p2a: Primarina|Calm Mind|p2a: Primarina
|-boost|p2a: Primarina|spa|1
|-boost|p2a: Primarina|spd|1
|move|p1a: Growlithe|Fire Blast|p2a: Primarina
|-resisted|p2a: Primarina
|-activate|p2a: Primarina|move: Substitute|[damage]
|
|-heal|p2a: Primarina|94/100|[from] item: Leftovers
|upkeep
|turn|7
|c| Goomy707|huge?
|l| jfebhjbeebhjf
|
|t:|1666307932
|move|p1a: Growlithe|Fire Blast|p2a: Primarina|[miss]
|-miss|p1a: Growlithe|p2a: Primarina
|move|p2a: Primarina|Calm Mind|p2a: Primarina
|-boost|p2a: Primarina|spa|1
|-boost|p2a: Primarina|spd|1
|
|-heal|p2a: Primarina|99/100|[from] item: Leftovers
|upkeep
|turn|8
|
|t:|1666307934
|move|p2a: Primarina|Calm Mind|p2a: Primarina
|-boost|p2a: Primarina|spa|1
|-boost|p2a: Primarina|spd|1
|move|p1a: Growlithe|Fire Blast|p2a: Primarina|[miss]
|-miss|p1a: Growlithe|p2a: Primarina
|
|-heal|p2a: Primarina|100/100|[from] item: Leftovers
|upkeep
|turn|9
|
|t:|1666307938
|move|p1a: Growlithe|Fire Blast|p2a: Primarina
|-resisted|p2a: Primarina
|-activate|p2a: Primarina|move: Substitute|[damage]
|move|p2a: Primarina|Calm Mind|p2a: Primarina
|-boost|p2a: Primarina|spa|1
|-boost|p2a: Primarina|spd|1
|
|upkeep
|turn|10
|c| Goomy707|this is looking a little one sided
|
|t:|1666307944
|move|p1a: Growlithe|Fire Blast|p2a: Primarina
|-resisted|p2a: Primarina
|-crit|p2a: Primarina
|-end|p2a: Primarina|Substitute
|move|p2a: Primarina|Calm Mind|p2a: Primarina
|-boost|p2a: Primarina|spa|1
|-boost|p2a: Primarina|spd|1
|
|upkeep
|turn|11
|
|t:|1666307962
|switch|p1a: Kingler|Kingler, M|100/100
|move|p2a: Primarina|Substitute|p2a: Primarina
|-start|p2a: Primarina|Substitute
|-damage|p2a: Primarina|75/100
|
|-heal|p2a: Primarina|82/100|[from] item: Leftovers
|upkeep
|turn|12
|
|t:|1666307965
|move|p1a: Kingler|Body Slam|p2a: Primarina
|-end|p2a: Primarina|Substitute
|move|p2a: Primarina|Draining Kiss|p1a: Kingler
|-damage|p1a: Kingler|0 fnt
|-heal|p2a: Primarina|100/100|[from] drain|[of] p1a: Kingler
|faint|p1a: Kingler
|
|upkeep
|c| Omega akl x|the fight is over.
|
|t:|1666307967
|switch|p1a: Dragonair|Dragonair, M|100/100
|turn|13
|
|t:|1666307973
|move|p1a: Dragonair|Outrage|p2a: Primarina
|-immune|p2a: Primarina
|move|p2a: Primarina|Draining Kiss|p1a: Dragonair
|-supereffective|p1a: Dragonair
|-damage|p1a: Dragonair|0 fnt
|faint|p1a: Dragonair
|
|upkeep
|c| Goomy707|indeed
|
|t:|1666307975
|switch|p1a: Growlithe|Growlithe, F|8/100
|-ability|p1a: Growlithe|Intimidate|boost
|-unboost|p2a: Primarina|atk|1
|turn|14
|c|☆Oryen|oof
|
|t:|1666307980
|move|p2a: Primarina|Scald|p1a: Growlithe
|-supereffective|p1a: Growlithe
|-damage|p1a: Growlithe|0 fnt
|faint|p1a: Growlithe
|
|win|Oryen
|n|☆FakeFantump0|fakefantump0
|n|☆Oryen|oryen
|n|*Lady Monita ☽|ladymonita
|n| SaltyTaro|saltytaro
|n| Goomy707|goomy707
|n| Jayfawkes|jayfawkes
|n| 1Ssep The Chicken|1ssepthechicken
|n| Omega akl x|omegaaklx
