|j|☆STOKELESS
|j|☆chibachikage
|t:|1667055358
|gametype|singles
|player|p1|STOKELESS|veteran|1503
|player|p2|chibachikage|cynthia|1509
|teamsize|p1|6
|teamsize|p2|6
|gen|8
|tier|[Gen 8] OU
|rated|
|rule|Sleep Clause Mod: Limit one foe put to sleep
|rule|Species Clause: Limit one of each Pokémon
|rule|OHKO Clause: OHKO moves are banned
|rule|Evasion Items Clause: Evasion items are banned
|rule|Evasion Moves Clause: Evasion moves are banned
|rule|Endless Battle Clause: Forcing endless battles is banned
|rule|HP Percentage Mod: HP is shown in percentages
|rule|Dynamax Clause: You cannot dynamax
|clearpoke
|poke|p1|Weavile, M|
|poke|p1|Rillaboom, M|
|poke|p1|Keldeo-Resolute|
|poke|p1|Zapdos|
|poke|p1|Rotom-Wash|
|poke|p1|Landorus-Therian, M|
|poke|p2|Blacephalon|
|poke|p2|Weavile, M|
|poke|p2|Buzzwole|
|poke|p2|Dragapult, F|
|poke|p2|Melmetal|
|poke|p2|Landorus-Therian, M|
|teampreview
|inactive|Battle timer is ON: inactive players will automatically lose when time's up. (requested by STOKELESS)
|
|t:|1667055370
|start
|switch|p1a: Rotom|Rotom-Wash|100/100
|switch|p2a: Blacephalon|Blacephalon, shiny|100/100
|turn|1
|
|t:|1667055377
|move|p2a: Blacephalon|Shadow Ball|p1a: Rotom
|-damage|p1a: Rotom|28/100
|move|p1a: Rotom|Hydro Pump|p2a: Blacephalon
|-supereffective|p2a: Blacephalon
|-damage|p2a: Blacephalon|0 fnt
|faint|p2a: Blacephalon
|
|-heal|p1a: Rotom|34/100|[from] item: Leftovers
|upkeep
|
|t:|1667055383
|switch|p2a: Dragapult|Dragapult, F|100/100
|turn|2
|
|t:|1667055387
|switch|p1a: Landorus|Landorus-Therian, M|100/100
|-ability|p1a: Landorus|Intimidate|boost
|-unboost|p2a: Dragapult|atk|1
|move|p2a: Dragapult|Shadow Ball|p1a: Landorus
|-damage|p1a: Landorus|61/100
|
|-heal|p1a: Landorus|67/100|[from] item: Leftovers
|upkeep
|turn|3
|
|t:|1667055394
|switch|p2a: Buzzwole|Buzzwole|100/100
|move|p1a: Landorus|Stealth Rock|p2a: Buzzwole
|-sidestart|p2: chibachikage|move: Stealth Rock
|
|-heal|p1a: Landorus|73/100|[from] item: Leftovers
|upkeep
|turn|4
|
|t:|1667055406
|switch|p1a: Rotom|Rotom-Wash|34/100
|move|p2a: Buzzwole|Ice Punch|p1a: Rotom
|-resisted|p1a: Rotom
|-damage|p1a: Rotom|24/100
|
|-heal|p1a: Rotom|30/100|[from] item: Leftovers
|upkeep
|turn|5
|
|t:|1667055408
|move|p1a: Rotom|Pain Split|p2a: Buzzwole
|-sethp|p2a: Buzzwole|61/100|[from] move: Pain Split|[silent]
|-sethp|p1a: Rotom|84/100|[from] move: Pain Split
|move|p2a: Buzzwole|Drain Punch|p1a: Rotom
|-damage|p1a: Rotom|57/100
|-heal|p2a: Buzzwole|71/100|[from] drain|[of] p1a: Rotom
|
|-heal|p1a: Rotom|63/100|[from] item: Leftovers
|upkeep
|turn|6
|
|t:|1667055416
|switch|p2a: Melmetal|Melmetal|100/100
|-damage|p2a: Melmetal|94/100|[from] Stealth Rock
|move|p1a: Rotom|Will-O-Wisp|p2a: Melmetal
|-status|p2a: Melmetal|brn
|
|-heal|p1a: Rotom|68/100|[from] item: Leftovers
|-damage|p2a: Melmetal|88/100 brn|[from] brn
|upkeep
|turn|7
|
|t:|1667055428
|move|p1a: Rotom|Volt Switch|p2a: Melmetal
|-damage|p2a: Melmetal|75/100 brn
|
|t:|1667055431
|switch|p1a: Zapdos|Zapdos, shiny|100/100|[from]move: Volt Switch
|move|p2a: Melmetal|Thunder Punch|p1a: Zapdos
|-damage|p1a: Zapdos|88/100
|
|-damage|p2a: Melmetal|69/100 brn|[from] brn
|upkeep
|turn|8
|
|t:|1667055435
|move|p1a: Zapdos|Heat Wave|p2a: Melmetal
|-supereffective|p2a: Melmetal
|-damage|p2a: Melmetal|40/100 brn
|move|p2a: Melmetal|Ice Punch|p1a: Zapdos
|-supereffective|p1a: Zapdos
|-damage|p1a: Zapdos|62/100
|
|-damage|p2a: Melmetal|34/100 brn|[from] brn
|upkeep
|turn|9
|
|t:|1667055440
|switch|p2a: Landorus|Landorus-Therian, M|100/100
|-damage|p2a: Landorus|88/100|[from] Stealth Rock
|-ability|p2a: Landorus|Intimidate|boost
|-unboost|p1a: Zapdos|atk|1
|move|p1a: Zapdos|Heat Wave|p2a: Landorus
|-damage|p2a: Landorus|69/100
|
|-heal|p2a: Landorus|75/100|[from] item: Leftovers
|upkeep
|turn|10
|
|t:|1667055452
|switch|p1a: Weavile|Weavile, M|100/100
|move|p2a: Landorus|Defog|p1a: Weavile
|-unboost|p1a: Weavile|evasion|1
|-sideend|p2: chibachikage|Stealth Rock|[from] move: Defog|[of] p2a: Landorus
|
|-heal|p2a: Landorus|81/100|[from] item: Leftovers
|upkeep
|turn|11
|
|t:|1667055459
|switch|p2a: Buzzwole|Buzzwole|71/100
|move|p1a: Weavile|Triple Axel|p2a: Buzzwole
|-damage|p2a: Buzzwole|67/100
|-damage|p1a: Weavile|84/100|[from] item: Rocky Helmet|[of] p2a: Buzzwole
|-damage|p2a: Buzzwole|57/100
|-damage|p1a: Weavile|68/100|[from] item: Rocky Helmet|[of] p2a: Buzzwole
|-hitcount|p2a: Buzzwole|2
|
|upkeep
|turn|12
|
|t:|1667055468
|switch|p1a: Rotom|Rotom-Wash|68/100
|switch|p2a: Landorus|Landorus-Therian, M|81/100
|-ability|p2a: Landorus|Intimidate|boost
|-unboost|p1a: Rotom|atk|1
|
|-heal|p2a: Landorus|87/100|[from] item: Leftovers
|-heal|p1a: Rotom|74/100|[from] item: Leftovers
|upkeep
|turn|13
|
|t:|1667055471
|move|p2a: Landorus|Stealth Rock|p1a: Rotom
|-sidestart|p1: STOKELESS|move: Stealth Rock
|move|p1a: Rotom|Will-O-Wisp|p2a: Landorus|[miss]
|-miss|p1a: Rotom|p2a: Landorus
|
|-heal|p2a: Landorus|93/100|[from] item: Leftovers
|-heal|p1a: Rotom|80/100|[from] item: Leftovers
|upkeep
|turn|14
|
|t:|1667055479
|move|p2a: Landorus|U-turn|p1a: Rotom
|-damage|p1a: Rotom|63/100
|
|t:|1667055481
|switch|p2a: Dragapult|Dragapult, F|100/100|[from]move: U-turn
|move|p1a: Rotom|Volt Switch|p2a: Dragapult
|-resisted|p2a: Dragapult
|-damage|p2a: Dragapult|84/100
|
|t:|1667055488
|switch|p1a: Landorus|Landorus-Therian, M|73/100|[from]move: Volt Switch
|-damage|p1a: Landorus|61/100|[from] Stealth Rock
|-ability|p1a: Landorus|Intimidate|boost
|-unboost|p2a: Dragapult|atk|1
|
|-heal|p1a: Landorus|67/100|[from] item: Leftovers
|upkeep
|turn|15
|
|t:|1667055491
|move|p2a: Dragapult|Draco Meteor|p1a: Landorus
|-damage|p1a: Landorus|1/100
|-unboost|p2a: Dragapult|spa|2
|move|p1a: Landorus|Knock Off|p2a: Dragapult
|-supereffective|p2a: Dragapult
|-damage|p2a: Dragapult|0 fnt
|-enditem|p2a: Dragapult|Choice Specs|[from] move: Knock Off|[of] p1a: Landorus
|faint|p2a: Dragapult
|
|-heal|p1a: Landorus|7/100|[from] item: Leftovers
|upkeep
|
|t:|1667055496
|switch|p2a: Weavile|Weavile, M|100/100
|-ability|p2a: Weavile|Pressure
|turn|16
|
|t:|1667055505
|move|p2a: Weavile|Knock Off|p1a: Landorus
|-damage|p1a: Landorus|0 fnt
|-enditem|p1a: Landorus|Leftovers|[from] move: Knock Off|[of] p2a: Weavile
|faint|p1a: Landorus
|
|upkeep
|
|t:|1667055509
|switch|p1a: Rotom|Rotom-Wash|63/100
|-damage|p1a: Rotom|51/100|[from] Stealth Rock
|turn|17
|
|t:|1667055511
|move|p2a: Weavile|Knock Off|p1a: Rotom
|-damage|p1a: Rotom|0 fnt
|-enditem|p1a: Rotom|Leftovers|[from] move: Knock Off|[of] p2a: Weavile
|faint|p1a: Rotom
|
|upkeep
|
|t:|1667055515
|switch|p1a: Keldeo|Keldeo-Resolute|100/100
|-damage|p1a: Keldeo|94/100|[from] Stealth Rock
|turn|18
|
|t:|1667055520
|move|p2a: Weavile|Knock Off|p1a: Keldeo
|-resisted|p1a: Keldeo
|-damage|p1a: Keldeo|52/100
|-ability|p1a: Keldeo|Justified|boost
|-boost|p1a: Keldeo|atk|1
|-enditem|p1a: Keldeo|Choice Specs|[from] move: Knock Off|[of] p2a: Weavile
|move|p1a: Keldeo|Secret Sword|p2a: Weavile
|-supereffective|p2a: Weavile
|-damage|p2a: Weavile|0 fnt
|faint|p2a: Weavile
|
|upkeep
|
|t:|1667055529
|switch|p2a: Landorus|Landorus-Therian, M|93/100
|-ability|p2a: Landorus|Intimidate|boost
|-unboost|p1a: Keldeo|atk|1
|turn|19
|
|t:|1667055533
|move|p1a: Keldeo|Hydro Pump|p2a: Landorus
|-supereffective|p2a: Landorus
|-damage|p2a: Landorus|10/100
|move|p2a: Landorus|U-turn|p1a: Keldeo
|-resisted|p1a: Keldeo
|-damage|p1a: Keldeo|39/100
|
|t:|1667055537
|switch|p2a: Melmetal|Melmetal|34/100 brn|[from]move: U-turn
|
|-damage|p2a: Melmetal|27/100 brn|[from] brn
|upkeep
|turn|20
|
|t:|1667055540
|move|p1a: Keldeo|Secret Sword|p2a: Melmetal
|-supereffective|p2a: Melmetal
|-damage|p2a: Melmetal|0 fnt
|faint|p2a: Melmetal
|
|upkeep
|-message|chibachikage forfeited.
|
|win|STOKELESS
|raw|STOKELESS's rating: 1503 &rarr; <strong>1523</strong><br />(+20 for winning)
|raw|chibachikage's rating: 1509 &rarr; <strong>1489</strong><br />(-20 for losing)
|l|☆chibachikage
