|j|☆yingziyingzi
|j|☆Redflix
|t:|1667630055
|gametype|singles
|player|p1|yingziyingzi|youngster-gen4dp|1515
|player|p2|Redflix|erika|1621
|teamsize|p1|6
|teamsize|p2|6
|gen|8
|tier|[Gen 8] OU
|rated|
|rule|Sleep Clause Mod: Limit one foe put to sleep
|rule|Species Clause: Limit one of each Pokémon
|rule|OHKO Clause: OHKO moves are banned
|rule|Evasion Items Clause: Evasion items are banned
|rule|Evasion Moves Clause: Evasion moves are banned
|rule|Endless Battle Clause: Forcing endless battles is banned
|rule|HP Percentage Mod: HP is shown in percentages
|rule|Dynamax Clause: You cannot dynamax
|clearpoke
|poke|p1|Clefable, M|
|poke|p1|Tornadus-Therian, M|
|poke|p1|Nidoking, M|
|poke|p1|Slowking, F|
|poke|p1|Urshifu-*, F|
|poke|p1|Ferrothorn, F|
|poke|p2|Weavile, F|
|poke|p2|Rillaboom, M|
|poke|p2|Dragapult, F|
|poke|p2|Blaziken, F|
|poke|p2|Heatran, M|
|poke|p2|Garchomp, F|
|teampreview
|inactive|Battle timer is ON: inactive players will automatically lose when time's up. (requested by yingziyingzi)
|
|t:|1667630078
|start
|switch|p1a: Clefable|Clefable, M|100/100
|switch|p2a: Heatran|Heatran, M|100/100
|-item|p2a: Heatran|Air Balloon
|turn|1
|
|t:|1667630089
|switch|p1a: Slowking|Slowking, F|100/100
|move|p2a: Heatran|Taunt|p1a: Slowking
|-start|p1a: Slowking|move: Taunt
|
|upkeep
|turn|2
|
|t:|1667630116
|move|p2a: Heatran|Stealth Rock|p1a: Slowking
|-sidestart|p1: yingziyingzi|move: Stealth Rock
|move|p1a: Slowking|Scald|p2a: Heatran
|-supereffective|p2a: Heatran
|-damage|p2a: Heatran|43/100
|-enditem|p2a: Heatran|Air Balloon
|
|upkeep
|turn|3
|
|t:|1667630125
|switch|p2a: Weavile|Weavile, F|100/100
|-ability|p2a: Weavile|Pressure
|move|p1a: Slowking|Future Sight|p2a: Weavile
|-start|p1a: Slowking|move: Future Sight
|
|-end|p1a: Slowking|move: Taunt
|upkeep
|turn|4
|
|t:|1667630130
|switch|p1a: Ferrothorn|Ferrothorn, F|100/100
|-damage|p1a: Ferrothorn|94/100|[from] Stealth Rock
|move|p2a: Weavile|Swords Dance|p2a: Weavile
|-boost|p2a: Weavile|atk|2
|
|upkeep
|turn|5
|
|t:|1667630137
|move|p2a: Weavile|Knock Off|p1a: Ferrothorn
|-damage|p1a: Ferrothorn|39/100
|-damage|p2a: Weavile|88/100|[from] ability: Iron Barbs|[of] p1a: Ferrothorn
|-damage|p2a: Weavile|72/100|[from] item: Rocky Helmet|[of] p1a: Ferrothorn
|-enditem|p1a: Ferrothorn|Rocky Helmet|[from] move: Knock Off|[of] p2a: Weavile
|move|p1a: Ferrothorn|Gyro Ball|p2a: Weavile
|-supereffective|p2a: Weavile
|-damage|p2a: Weavile|0 fnt
|faint|p2a: Weavile
|
|-hint|Future Sight did not hit because the target is fainted.
|upkeep
|
|t:|1667630148
|switch|p2a: Garchomp|Garchomp, F|100/100
|turn|6
|
|t:|1667630153
|move|p2a: Garchomp|Swords Dance|p2a: Garchomp
|-boost|p2a: Garchomp|atk|2
|move|p1a: Ferrothorn|Leech Seed|p2a: Garchomp|[miss]
|-miss|p1a: Ferrothorn|p2a: Garchomp
|
|upkeep
|turn|7
|
|t:|1667630160
|move|p2a: Garchomp|Earthquake|p1a: Ferrothorn
|-damage|p1a: Ferrothorn|0 fnt
|faint|p1a: Ferrothorn
|
|upkeep
|
|t:|1667630162
|switch|p1a: Tornadus|Tornadus-Therian, M, shiny|100/100
|turn|8
|
|t:|1667630164
|move|p1a: Tornadus|Icy Wind|p2a: Garchomp
|-supereffective|p2a: Garchomp
|-damage|p2a: Garchomp|40/100
|-unboost|p2a: Garchomp|spe|1
|move|p2a: Garchomp|Scale Shot|p1a: Tornadus
|-damage|p1a: Tornadus|73/100
|-damage|p1a: Tornadus|45/100
|-damage|p1a: Tornadus|15/100
|-hitcount|p1a: Tornadus|3
|-unboost|p2a: Garchomp|def|1
|-boost|p2a: Garchomp|spe|1
|
|-heal|p2a: Garchomp|46/100|[from] item: Leftovers
|upkeep
|turn|9
|
|t:|1667630172
|switch|p2a: Heatran|Heatran, M|43/100
|move|p1a: Tornadus|Icy Wind|p2a: Heatran
|-resisted|p2a: Heatran
|-damage|p2a: Heatran|40/100
|-unboost|p2a: Heatran|spe|1
|
|upkeep
|turn|10
|
|t:|1667630178
|move|p1a: Tornadus|U-turn|p2a: Heatran
|-resisted|p2a: Heatran
|-damage|p2a: Heatran|37/100
|-status|p1a: Tornadus|brn|[from] ability: Flame Body|[of] p2a: Heatran
|
|t:|1667630183
|switch|p1a: Slowking|Slowking, F|100/100|[from]move: U-turn
|move|p2a: Heatran|Magma Storm|p1a: Slowking
|-resisted|p1a: Slowking
|-damage|p1a: Slowking|87/100
|-activate|p1a: Slowking|move: Magma Storm|[of] p2a: Heatran
|
|-damage|p1a: Slowking|74/100|[from] move: Magma Storm|[partiallytrapped]
|upkeep
|turn|11
|
|t:|1667630191
|move|p2a: Heatran|Taunt|p1a: Slowking
|-start|p1a: Slowking|move: Taunt
|move|p1a: Slowking|Scald|p2a: Heatran
|-supereffective|p2a: Heatran
|-damage|p2a: Heatran|0 fnt
|faint|p2a: Heatran
|
|-end|p1a: Slowking|Magma Storm|[partiallytrapped]|[silent]
|upkeep
|
|t:|1667630197
|switch|p2a: Dragapult|Dragapult, F|100/100
|turn|12
|
|t:|1667630203
|switch|p1a: Clefable|Clefable, M|100/100
|move|p2a: Dragapult|Shadow Ball|p1a: Clefable
|-damage|p1a: Clefable|61/100
|
|-heal|p1a: Clefable|67/100|[from] item: Leftovers
|upkeep
|turn|13
|
|t:|1667630212
|move|p2a: Dragapult|Shadow Ball|p1a: Clefable
|-damage|p1a: Clefable|23/100
|move|p1a: Clefable|Thunder Wave|p2a: Dragapult
|-status|p2a: Dragapult|par
|
|-heal|p1a: Clefable|29/100|[from] item: Leftovers
|upkeep
|turn|14
|
|t:|1667630217
|move|p2a: Dragapult|Shadow Ball|p1a: Clefable
|-damage|p1a: Clefable|0 fnt
|faint|p1a: Clefable
|
|upkeep
|
|t:|1667630225
|switch|p1a: Tornadus|Tornadus-Therian, M, shiny|48/100 brn
|turn|15
|
|t:|1667630227
|move|p1a: Tornadus|U-turn|p2a: Dragapult
|-resisted|p2a: Dragapult
|-damage|p2a: Dragapult|95/100 par
|
|t:|1667630230
|switch|p1a: Slowking|Slowking, F|100/100|[from]move: U-turn
|move|p2a: Dragapult|Shadow Ball|p1a: Slowking
|-supereffective|p1a: Slowking
|-damage|p1a: Slowking|38/100
|
|upkeep
|turn|16
|
|t:|1667630240
|cant|p2a: Dragapult|par
|move|p1a: Slowking|Slack Off|p1a: Slowking
|-heal|p1a: Slowking|88/100
|
|upkeep
|turn|17
|
|t:|1667630247
|move|p2a: Dragapult|Shadow Ball|p1a: Slowking
|-supereffective|p1a: Slowking
|-damage|p1a: Slowking|32/100
|move|p1a: Slowking|Teleport|p1a: Slowking
|
|t:|1667630251
|switch|p1a: Tornadus|Tornadus-Therian, M, shiny|82/100 brn|[from]move: Teleport
|
|-damage|p1a: Tornadus|76/100 brn|[from] brn
|upkeep
|turn|18
|
|t:|1667630253
|move|p1a: Tornadus|Knock Off|p2a: Dragapult
|-supereffective|p2a: Dragapult
|-damage|p2a: Dragapult|69/100 par
|-enditem|p2a: Dragapult|Choice Specs|[from] move: Knock Off|[of] p1a: Tornadus
|move|p2a: Dragapult|Shadow Ball|p1a: Tornadus
|-damage|p1a: Tornadus|38/100 brn
|
|-damage|p1a: Tornadus|32/100 brn|[from] brn
|upkeep
|turn|19
|
|t:|1667630260
|move|p1a: Tornadus|U-turn|p2a: Dragapult
|-resisted|p2a: Dragapult
|-damage|p2a: Dragapult|63/100 par
|
|t:|1667630264
|switch|p1a: Slowking|Slowking, F|65/100|[from]move: U-turn
|move|p2a: Dragapult|U-turn|p1a: Slowking
|-supereffective|p1a: Slowking
|-damage|p1a: Slowking|28/100
|
|t:|1667630268
|switch|p2a: Garchomp|Garchomp, F|46/100|[from]move: U-turn
|
|-heal|p2a: Garchomp|52/100|[from] item: Leftovers
|upkeep
|turn|20
|
|t:|1667630277
|move|p2a: Garchomp|Scale Shot|p1a: Slowking
|-damage|p1a: Slowking|15/100
|-damage|p1a: Slowking|0 fnt
|faint|p1a: Slowking
|-hitcount|p1: Slowking|2
|-unboost|p2a: Garchomp|def|1
|-boost|p2a: Garchomp|spe|1
|
|-heal|p2a: Garchomp|58/100|[from] item: Leftovers
|upkeep
|
|t:|1667630280
|switch|p1a: Tornadus|Tornadus-Therian, M, shiny|65/100 brn
|turn|21
|
|t:|1667630285
|move|p2a: Garchomp|Scale Shot|p1a: Tornadus
|-damage|p1a: Tornadus|52/100 brn
|-damage|p1a: Tornadus|37/100 brn
|-damage|p1a: Tornadus|23/100 brn
|-hitcount|p1a: Tornadus|3
|-unboost|p2a: Garchomp|def|1
|-boost|p2a: Garchomp|spe|1
|move|p1a: Tornadus|Icy Wind|p2a: Garchomp
|-supereffective|p2a: Garchomp
|-damage|p2a: Garchomp|0 fnt
|faint|p2a: Garchomp
|
|-damage|p1a: Tornadus|17/100 brn|[from] brn
|upkeep
|
|t:|1667630287
|switch|p2a: Rillaboom|Rillaboom, M|100/100
|-fieldstart|move: Grassy Terrain|[from] ability: Grassy Surge|[of] p2a: Rillaboom
|turn|22
|
|t:|1667630294
|move|p2a: Rillaboom|Grassy Glide|p1a: Tornadus
|-resisted|p1a: Tornadus
|-damage|p1a: Tornadus|0 fnt
|faint|p1a: Tornadus
|-damage|p2a: Rillaboom|91/100|[from] item: Life Orb
|
|-heal|p2a: Rillaboom|97/100|[from] Grassy Terrain
|upkeep
|
|t:|1667630300
|switch|p1a: Nidoking|Nidoking, M|100/100
|-damage|p1a: Nidoking|95/100|[from] Stealth Rock
|turn|23
|
|t:|1667630305
|switch|p2a: Dragapult|Dragapult, F|63/100 par
|move|p1a: Nidoking|Flamethrower|p2a: Dragapult
|-resisted|p2a: Dragapult
|-damage|p2a: Dragapult|35/100 par
|
|-heal|p1a: Nidoking|100/100|[from] Grassy Terrain
|-heal|p2a: Dragapult|41/100 par|[from] Grassy Terrain
|upkeep
|turn|24
|
|t:|1667630311
|move|p1a: Nidoking|Sludge Wave|p2a: Dragapult
|-resisted|p2a: Dragapult
|-damage|p2a: Dragapult|0 fnt
|faint|p2a: Dragapult
|
|upkeep
|
|t:|1667630315
|switch|p2a: Blaziken|Blaziken, F|100/100
|turn|25
|
|t:|1667630319
|move|p2a: Blaziken|Protect|p2a: Blaziken
|-singleturn|p2a: Blaziken|Protect
|move|p1a: Nidoking|Earth Power|p2a: Blaziken
|-activate|p2a: Blaziken|move: Protect
|
|-ability|p2a: Blaziken|Speed Boost|boost
|-boost|p2a: Blaziken|spe|1
|upkeep
|turn|26
|
|t:|1667630326
|switch|p1a: Urshifu|Urshifu-Rapid-Strike, F|100/100
|-damage|p1a: Urshifu|94/100|[from] Stealth Rock
|move|p2a: Blaziken|Flare Blitz|p1a: Urshifu
|-resisted|p1a: Urshifu
|-damage|p1a: Urshifu|64/100
|-damage|p2a: Blaziken|89/100|[from] Recoil
|
|-heal|p1a: Urshifu|70/100|[from] Grassy Terrain
|-heal|p2a: Blaziken|95/100|[from] Grassy Terrain
|-heal|p2a: Blaziken|100/100|[from] item: Leftovers
|-fieldend|move: Grassy Terrain
|-ability|p2a: Blaziken|Speed Boost|boost
|-boost|p2a: Blaziken|spe|1
|upkeep
|turn|27
|
|t:|1667630339
|move|p2a: Blaziken|Swords Dance|p2a: Blaziken
|-boost|p2a: Blaziken|atk|2
|move|p1a: Urshifu|Surging Strikes|p2a: Blaziken
|-supereffective|p2a: Blaziken
|-crit|p2a: Blaziken
|-damage|p2a: Blaziken|40/100
|-supereffective|p2a: Blaziken
|-crit|p2a: Blaziken
|-damage|p2a: Blaziken|0 fnt
|faint|p2a: Blaziken
|-hitcount|p2: Blaziken|2
|
|upkeep
|
|t:|1667630341
|switch|p2a: Rillaboom|Rillaboom, M|97/100
|-fieldstart|move: Grassy Terrain|[from] ability: Grassy Surge|[of] p2a: Rillaboom
|turn|28
|
|t:|1667630343
|move|p1a: Urshifu|Surging Strikes|p2a: Rillaboom
|-resisted|p2a: Rillaboom
|-crit|p2a: Rillaboom
|-damage|p2a: Rillaboom|86/100
|-resisted|p2a: Rillaboom
|-crit|p2a: Rillaboom
|-damage|p2a: Rillaboom|75/100
|-resisted|p2a: Rillaboom
|-crit|p2a: Rillaboom
|-damage|p2a: Rillaboom|65/100
|-hitcount|p2a: Rillaboom|3
|move|p2a: Rillaboom|Swords Dance|p2a: Rillaboom
|-boost|p2a: Rillaboom|atk|2
|
|-heal|p1a: Urshifu|76/100|[from] Grassy Terrain
|-heal|p2a: Rillaboom|71/100|[from] Grassy Terrain
|upkeep
|turn|29
|
|t:|1667630345
|move|p2a: Rillaboom|Grassy Glide|p1a: Urshifu
|-supereffective|p1a: Urshifu
|-damage|p1a: Urshifu|0 fnt
|faint|p1a: Urshifu
|-damage|p2a: Rillaboom|61/100|[from] item: Life Orb
|
|-heal|p2a: Rillaboom|67/100|[from] Grassy Terrain
|upkeep
|
|t:|1667630347
|switch|p1a: Nidoking|Nidoking, M|100/100
|-damage|p1a: Nidoking|95/100|[from] Stealth Rock
|turn|30
|
|t:|1667630349
|move|p2a: Rillaboom|Grassy Glide|p1a: Nidoking
|-damage|p1a: Nidoking|0 fnt
|faint|p1a: Nidoking
|-damage|p2a: Rillaboom|57/100|[from] item: Life Orb
|
|win|Redflix
|raw|yingziyingzi's rating: 1515 &rarr; <strong>1501</strong><br />(-14 for losing)
|raw|Redflix's rating: 1621 &rarr; <strong>1635</strong><br />(+14 for winning)
