|j|☆ferromolybdenum
|j|☆Zackem Emr
|t:|1621543269
|gametype|singles
|player|p1|ferromolybdenum|101|1474
|player|p2|Zackem Emr|drayden|1432
|teamsize|p1|6
|teamsize|p2|6
|gen|8
|tier|[Gen 8] OU
|rated|
|rule|Sleep Clause Mod: Limit one foe put to sleep
|rule|Species Clause: Limit one of each Pokémon
|rule|OHKO Clause: OHKO moves are banned
|rule|Evasion Moves Clause: Evasion moves are banned
|rule|Endless Battle Clause: Forcing endless battles is banned
|rule|HP Percentage Mod: HP is shown in percentages
|rule|Dynamax Clause: You cannot dynamax
|clearpoke
|poke|p1|Slowking, F|
|poke|p1|Zapdos|
|poke|p1|Heatran, F|
|poke|p1|Rillaboom, M|
|poke|p1|Dragapult, M|
|poke|p1|Urshifu-*, F|
|poke|p2|Salamence, F|
|poke|p2|Magnezone|
|poke|p2|Copperajah, F|
|poke|p2|Clefable, F|
|poke|p2|Latios, M|
|poke|p2|Swampert, F|
|teampreview
|
|t:|1621543305
|start
|switch|p1a: Urshifu|Urshifu-Rapid-Strike, F|100/100
|switch|p2a: Latios|Latios, M|100/100
|turn|1
|inactive|Battle timer is ON: inactive players will automatically lose when time's up. (requested by ferromolybdenum)
|
|t:|1621543322
|switch|p1a: Slowking|Slowking, F|100/100
|move|p2a: Latios|Psyshock|p1a: Slowking
|-resisted|p1a: Slowking
|-crit|p1a: Slowking
|-damage|p1a: Slowking|65/100
|
|upkeep
|turn|2
|
|t:|1621543331
|switch|p2a: Magnezone|Magnezone, shiny|100/100
|move|p1a: Slowking|Teleport|p1a: Slowking
|
|t:|1621543335
|switch|p1a: Heatran|Heatran, F|100/100|[from]move: Teleport
|
|upkeep
|turn|3
|
|t:|1621543347
|switch|p2a: Swampert|Swampert, F|100/100
|move|p1a: Heatran|Earth Power|p2a: Swampert
|-damage|p2a: Swampert|77/100
|
|upkeep
|turn|4
|
|t:|1621543357
|switch|p1a: Rillaboom|Rillaboom, M|100/100
|-fieldstart|move: Grassy Terrain|[from] ability: Grassy Surge|[of] p1a: Rillaboom
|move|p2a: Swampert|Stealth Rock|p1a: Rillaboom
|-sidestart|p1: ferromolybdenum|move: Stealth Rock
|
|-heal|p2a: Swampert|83/100|[from] Grassy Terrain
|upkeep
|turn|5
|
|t:|1621543366
|switch|p2a: Clefable|Clefable, F|100/100
|move|p1a: Rillaboom|U-turn|p2a: Clefable
|-resisted|p2a: Clefable
|-damage|p2a: Clefable|83/100
|
|t:|1621543370
|switch|p1a: Zapdos|Zapdos|100/100|[from]move: U-turn
|
|-heal|p2a: Clefable|89/100|[from] Grassy Terrain
|-heal|p2a: Clefable|95/100|[from] item: Leftovers
|upkeep
|turn|6
|
|t:|1621543388
|move|p1a: Zapdos|Defog|p2a: Clefable
|-unboost|p2a: Clefable|evasion|1
|-sideend|p1: ferromolybdenum|Stealth Rock|[from] move: Defog|[of] p1a: Zapdos
|-fieldend|move: Grassy Terrain
|move|p2a: Clefable|Moonblast|p1a: Zapdos
|-damage|p1a: Zapdos|70/100
|
|-heal|p2a: Clefable|100/100|[from] item: Leftovers
|upkeep
|turn|7
|
|t:|1621543405
|switch|p1a: Heatran|Heatran, F|100/100
|move|p2a: Clefable|Moonblast|p1a: Heatran
|-resisted|p1a: Heatran
|-damage|p1a: Heatran|96/100
|-unboost|p1a: Heatran|spa|1
|
|-heal|p1a: Heatran|100/100|[from] item: Leftovers
|upkeep
|turn|8
|
|t:|1621543418
|switch|p2a: Swampert|Swampert, F|83/100
|move|p1a: Heatran|Magma Storm|p2a: Swampert
|-resisted|p2a: Swampert
|-damage|p2a: Swampert|69/100
|-activate|p2a: Swampert|move: Magma Storm|[of] p1a: Heatran
|
|-damage|p2a: Swampert|57/100|[from] move: Magma Storm|[partiallytrapped]
|upkeep
|turn|9
|
|t:|1621543436
|switch|p1a: Rillaboom|Rillaboom, M|100/100
|-fieldstart|move: Grassy Terrain|[from] ability: Grassy Surge|[of] p1a: Rillaboom
|move|p2a: Swampert|Scald|p1a: Rillaboom
|-resisted|p1a: Rillaboom
|-damage|p1a: Rillaboom|82/100
|
|-heal|p1a: Rillaboom|88/100|[from] Grassy Terrain
|-heal|p2a: Swampert|63/100|[from] Grassy Terrain
|-end|p2a: Swampert|Magma Storm|[partiallytrapped]|[silent]
|upkeep
|turn|10
|
|t:|1621543449
|switch|p2a: Salamence|Salamence, F|100/100
|move|p1a: Rillaboom|Wood Hammer|p2a: Salamence
|-resisted|p2a: Salamence
|-damage|p2a: Salamence|59/100
|-damage|p1a: Rillaboom|75/100|[from] Recoil
|
|-heal|p1a: Rillaboom|81/100|[from] Grassy Terrain
|upkeep
|turn|11
|
|t:|1621543462
|switch|p1a: Zapdos|Zapdos|70/100
|move|p2a: Salamence|Dragon Dance|p2a: Salamence
|-boost|p2a: Salamence|atk|1
|-boost|p2a: Salamence|spe|1
|
|upkeep
|turn|12
|
|t:|1621543478
|switch|p2a: Magnezone|Magnezone, shiny|100/100
|move|p1a: Zapdos|Discharge|p2a: Magnezone
|-resisted|p2a: Magnezone
|-damage|p2a: Magnezone|78/100
|
|-heal|p2a: Magnezone|84/100|[from] Grassy Terrain
|upkeep
|turn|13
|
|t:|1621543489
|switch|p1a: Heatran|Heatran, F|100/100
|move|p2a: Magnezone|Volt Switch|p1a: Heatran
|-damage|p1a: Heatran|64/100
|inactive|Zackem Emr has 120 seconds left.
|
|t:|1621543510
|switch|p2a: Salamence|Salamence, F|59/100|[from]move: Volt Switch
|
|-heal|p1a: Heatran|70/100|[from] Grassy Terrain
|-heal|p1a: Heatran|76/100|[from] item: Leftovers
|-fieldend|move: Grassy Terrain
|upkeep
|turn|14
|
|t:|1621543524
|switch|p1a: Zapdos|Zapdos|70/100
|move|p2a: Salamence|Earthquake|p1a: Zapdos
|-immune|p1a: Zapdos
|
|upkeep
|turn|15
|
|t:|1621543531
|switch|p2a: Magnezone|Magnezone, shiny|84/100
|move|p1a: Zapdos|Roost|p1a: Zapdos
|-heal|p1a: Zapdos|100/100
|-singleturn|p1a: Zapdos|move: Roost
|
|upkeep
|turn|16
|inactive|Zackem Emr has 120 seconds left.
|
|t:|1621543546
|move|p1a: Zapdos|Roost||[still]
|-fail|p1a: Zapdos|heal
|move|p2a: Magnezone|Volt Switch|p1a: Zapdos
|-damage|p1a: Zapdos|45/100
|
|t:|1621543554
|switch|p2a: Latios|Latios, M|100/100|[from]move: Volt Switch
|
|upkeep
|turn|17
|inactive|Zackem Emr has 120 seconds left.
|
|t:|1621543562
|switch|p1a: Slowking|Slowking, F|98/100
|move|p2a: Latios|Draco Meteor|p1a: Slowking
|-damage|p1a: Slowking|56/100
|-unboost|p2a: Latios|spa|2
|
|upkeep
|turn|18
|inactive|Zackem Emr has 120 seconds left.
|
|t:|1621543577
|switch|p2a: Clefable|Clefable, F|100/100
|move|p1a: Slowking|Teleport|p1a: Slowking
|
|t:|1621543581
|switch|p1a: Rillaboom|Rillaboom, M|81/100|[from]move: Teleport
|-fieldstart|move: Grassy Terrain|[from] ability: Grassy Surge|[of] p1a: Rillaboom
|
|-heal|p1a: Rillaboom|88/100|[from] Grassy Terrain
|upkeep
|turn|19
|
|t:|1621543589
|move|p2a: Clefable|Protect|p2a: Clefable
|-singleturn|p2a: Clefable|Protect
|move|p1a: Rillaboom|Wood Hammer|p2a: Clefable
|-activate|p2a: Clefable|move: Protect
|
|-heal|p1a: Rillaboom|94/100|[from] Grassy Terrain
|upkeep
|turn|20
|
|t:|1621543607
|switch|p2a: Salamence|Salamence, F|59/100
|move|p1a: Rillaboom|Wood Hammer|p2a: Salamence
|-resisted|p2a: Salamence
|-damage|p2a: Salamence|17/100
|-damage|p1a: Rillaboom|80/100|[from] Recoil
|
|-heal|p1a: Rillaboom|86/100|[from] Grassy Terrain
|upkeep
|turn|21
|
|t:|1621543620
|switch|p1a: Zapdos|Zapdos|45/100
|move|p2a: Salamence|Dual Wingbeat|p1a: Zapdos|[miss]
|-miss|p2a: Salamence|p1a: Zapdos
|
|upkeep
|turn|22
|
|t:|1621543629
|switch|p2a: Clefable|Clefable, F|100/100
|move|p1a: Zapdos|Heat Wave|p2a: Clefable
|-damage|p2a: Clefable|80/100
|
|-heal|p2a: Clefable|86/100|[from] Grassy Terrain
|-heal|p2a: Clefable|92/100|[from] item: Leftovers
|-fieldend|move: Grassy Terrain
|upkeep
|turn|23
|
|t:|1621543639
|move|p1a: Zapdos|Roost|p1a: Zapdos
|-heal|p1a: Zapdos|95/100
|-singleturn|p1a: Zapdos|move: Roost
|move|p2a: Clefable|Wish|p2a: Clefable
|
|-heal|p2a: Clefable|98/100|[from] item: Leftovers
|upkeep
|turn|24
|
|t:|1621543654
|switch|p2a: Swampert|Swampert, F|63/100
|move|p1a: Zapdos|Discharge|p2a: Swampert
|-immune|p2a: Swampert
|
|-heal|p2a: Swampert|100/100|[from] move: Wish|[wisher] Clefable
|upkeep
|turn|25
|
|t:|1621543666
|switch|p1a: Rillaboom|Rillaboom, M|86/100
|-fieldstart|move: Grassy Terrain|[from] ability: Grassy Surge|[of] p1a: Rillaboom
|move|p2a: Swampert|Scald|p1a: Rillaboom
|-resisted|p1a: Rillaboom
|-damage|p1a: Rillaboom|70/100
|-status|p1a: Rillaboom|brn
|
|-heal|p1a: Rillaboom|76/100 brn|[from] Grassy Terrain
|-damage|p1a: Rillaboom|70/100 brn|[from] brn
|upkeep
|turn|26
|
|t:|1621543680
|switch|p2a: Latios|Latios, M|100/100
|move|p1a: Rillaboom|Wood Hammer|p2a: Latios
|-resisted|p2a: Latios
|-damage|p2a: Latios|55/100
|-damage|p1a: Rillaboom|57/100 brn|[from] Recoil
|
|-heal|p1a: Rillaboom|63/100 brn|[from] Grassy Terrain
|-damage|p1a: Rillaboom|57/100 brn|[from] brn
|upkeep
|turn|27
|inactive|Zackem Emr has 120 seconds left.
|
|t:|1621543701
|switch|p1a: Slowking|Slowking, F|89/100
|move|p2a: Latios|Draco Meteor|p1a: Slowking
|-damage|p1a: Slowking|44/100
|-unboost|p2a: Latios|spa|2
|
|-heal|p1a: Slowking|50/100|[from] Grassy Terrain
|upkeep
|turn|28
|inactive|Zackem Emr has 120 seconds left.
|
|t:|1621543719
|switch|p2a: Magnezone|Magnezone, shiny|84/100
|move|p1a: Slowking|Teleport|p1a: Slowking
|
|t:|1621543722
|switch|p1a: Urshifu|Urshifu-Rapid-Strike, F|100/100|[from]move: Teleport
|
|-heal|p2a: Magnezone|91/100|[from] Grassy Terrain
|upkeep
|turn|29
|
|t:|1621543732
|switch|p2a: Swampert|Swampert, F|100/100
|move|p1a: Urshifu|Surging Strikes|p2a: Swampert
|-crit|p2a: Swampert
|-damage|p2a: Swampert|81/100
|-damage|p1a: Urshifu|84/100|[from] item: Rocky Helmet|[of] p2a: Swampert
|-crit|p2a: Swampert
|-damage|p2a: Swampert|61/100
|-damage|p1a: Urshifu|68/100|[from] item: Rocky Helmet|[of] p2a: Swampert
|-crit|p2a: Swampert
|-damage|p2a: Swampert|40/100
|-damage|p1a: Urshifu|51/100|[from] item: Rocky Helmet|[of] p2a: Swampert
|-hitcount|p2a: Swampert|3
|
|-heal|p1a: Urshifu|57/100|[from] Grassy Terrain
|-heal|p2a: Swampert|46/100|[from] Grassy Terrain
|-fieldend|move: Grassy Terrain
|upkeep
|turn|30
|inactive|Zackem Emr has 120 seconds left.
|
|t:|1621543755
|move|p1a: Urshifu|Surging Strikes|p2a: Swampert
|-crit|p2a: Swampert
|-damage|p2a: Swampert|25/100
|-damage|p1a: Urshifu|41/100|[from] item: Rocky Helmet|[of] p2a: Swampert
|-crit|p2a: Swampert
|-damage|p2a: Swampert|6/100
|-damage|p1a: Urshifu|25/100|[from] item: Rocky Helmet|[of] p2a: Swampert
|-crit|p2a: Swampert
|-damage|p2a: Swampert|0 fnt
|-damage|p1a: Urshifu|8/100|[from] item: Rocky Helmet|[of] p2a: Swampert
|faint|p2a: Swampert
|-hitcount|p2: Swampert|3
|
|upkeep
|inactive|Zackem Emr has 120 seconds left.
|
|t:|1621543774
|switch|p2a: Salamence|Salamence, F|17/100
|turn|31
|
|t:|1621543781
|move|p2a: Salamence|Dragon Claw|p1a: Urshifu
|-damage|p1a: Urshifu|0 fnt
|faint|p1a: Urshifu
|-ability|p2a: Salamence|Moxie|boost
|-boost|p2a: Salamence|atk|1
|
|upkeep
|
|t:|1621543785
|switch|p1a: Dragapult|Dragapult, M|100/100
|turn|32
|
|t:|1621543791
|switch|p2a: Clefable|Clefable, F|98/100
|move|p1a: Dragapult|Shadow Ball|p2a: Clefable
|-damage|p2a: Clefable|59/100
|-unboost|p2a: Clefable|spd|1
|
|-heal|p2a: Clefable|65/100|[from] item: Leftovers
|upkeep
|turn|33
|
|t:|1621543803
|move|p2a: Clefable|Protect|p2a: Clefable
|-singleturn|p2a: Clefable|Protect
|move|p1a: Dragapult|Shadow Ball|p2a: Clefable
|-activate|p2a: Clefable|move: Protect
|
|-heal|p2a: Clefable|71/100|[from] item: Leftovers
|upkeep
|turn|34
|inactive|Zackem Emr has 120 seconds left.
|
|t:|1621543820
|switch|p1a: Heatran|Heatran, F|76/100
|switch|p2a: Copperajah|Copperajah, F|100/100
|
|-heal|p1a: Heatran|82/100|[from] item: Leftovers
|upkeep
|turn|35
|
|t:|1621543829
|move|p1a: Heatran|Magma Storm|p2a: Copperajah
|-supereffective|p2a: Copperajah
|-damage|p2a: Copperajah|48/100
|-activate|p2a: Copperajah|move: Magma Storm|[of] p1a: Heatran
|move|p2a: Copperajah|Earthquake|p1a: Heatran
|-supereffective|p1a: Heatran
|-damage|p1a: Heatran|0 fnt
|faint|p1a: Heatran
|
|-end|p2a: Copperajah|Magma Storm|[partiallytrapped]|[silent]
|upkeep
|
|t:|1621543840
|switch|p1a: Zapdos|Zapdos|95/100
|turn|36
|inactive|Zackem Emr has 120 seconds left.
|
|t:|1621543871
|switch|p2a: Clefable|Clefable, F|71/100
|move|p1a: Zapdos|Heat Wave|p2a: Clefable
|-damage|p2a: Clefable|53/100
|
|-heal|p2a: Clefable|60/100|[from] item: Leftovers
|upkeep
|turn|37
|
|t:|1621543880
|switch|p1a: Slowking|Slowking, F|83/100
|move|p2a: Clefable|Wish|p2a: Clefable
|
|-heal|p2a: Clefable|66/100|[from] item: Leftovers
|upkeep
|turn|38
|inactive|Zackem Emr has 120 seconds left.
|
|t:|1621543889
|switch|p2a: Salamence|Salamence, F|17/100
|move|p1a: Slowking|Teleport|p1a: Slowking
|
|t:|1621543894
|switch|p1a: Dragapult|Dragapult, M|100/100|[from]move: Teleport
|
|-heal|p2a: Salamence|77/100|[from] move: Wish|[wisher] Clefable
|upkeep
|turn|39
|inactive|Zackem Emr has 120 seconds left.
|
|t:|1621543917
|switch|p2a: Clefable|Clefable, F|66/100
|move|p1a: Dragapult|Draco Meteor|p2a: Clefable
|-immune|p2a: Clefable
|
|-heal|p2a: Clefable|72/100|[from] item: Leftovers
|upkeep
|turn|40
|inactive|Zackem Emr has 120 seconds left.
|
|t:|1621543928
|switch|p1a: Slowking|Slowking, F|100/100
|move|p2a: Clefable|Wish|p2a: Clefable
|
|-heal|p2a: Clefable|78/100|[from] item: Leftovers
|upkeep
|turn|41
|inactive|Zackem Emr has 120 seconds left.
|
|t:|1621543936
|switch|p2a: Copperajah|Copperajah, F|48/100
|move|p1a: Slowking|Teleport|p1a: Slowking
|
|t:|1621543939
|switch|p1a: Zapdos|Zapdos|95/100|[from]move: Teleport
|
|-heal|p2a: Copperajah|96/100|[from] move: Wish|[wisher] Clefable
|upkeep
|turn|42
|
|t:|1621543951
|switch|p2a: Clefable|Clefable, F|78/100
|move|p1a: Zapdos|Discharge|p2a: Clefable
|-damage|p2a: Clefable|53/100
|
|-heal|p2a: Clefable|59/100|[from] item: Leftovers
|upkeep
|turn|43
|
|t:|1621543961
|switch|p1a: Rillaboom|Rillaboom, M|57/100 brn
|-fieldstart|move: Grassy Terrain|[from] ability: Grassy Surge|[of] p1a: Rillaboom
|move|p2a: Clefable|Wish|p2a: Clefable
|
|-heal|p1a: Rillaboom|63/100 brn|[from] Grassy Terrain
|-heal|p2a: Clefable|65/100|[from] Grassy Terrain
|-heal|p2a: Clefable|71/100|[from] item: Leftovers
|-damage|p1a: Rillaboom|57/100 brn|[from] brn
|upkeep
|turn|44
|
|t:|1621543976
|switch|p2a: Salamence|Salamence, F|77/100
|move|p1a: Rillaboom|Wood Hammer|p2a: Salamence
|-resisted|p2a: Salamence
|-damage|p2a: Salamence|57/100
|-damage|p1a: Rillaboom|50/100 brn|[from] Recoil
|
|-heal|p2a: Salamence|100/100|[from] move: Wish|[wisher] Clefable
|-heal|p1a: Rillaboom|57/100 brn|[from] Grassy Terrain
|-damage|p1a: Rillaboom|50/100 brn|[from] brn
|upkeep
|turn|45
|
|t:|1621543990
|switch|p1a: Zapdos|Zapdos|95/100
|move|p2a: Salamence|Dragon Dance|p2a: Salamence
|-boost|p2a: Salamence|atk|1
|-boost|p2a: Salamence|spe|1
|
|upkeep
|turn|46
|
|t:|1621543997
|move|p2a: Salamence|Dragon Dance|p2a: Salamence
|-boost|p2a: Salamence|atk|1
|-boost|p2a: Salamence|spe|1
|move|p1a: Zapdos|Discharge|p2a: Salamence
|-damage|p2a: Salamence|56/100
|
|upkeep
|turn|47
|
|t:|1621544006
|move|p2a: Salamence|Dragon Claw|p1a: Zapdos
|-damage|p1a: Zapdos|29/100
|move|p1a: Zapdos|Discharge|p2a: Salamence
|-damage|p2a: Salamence|17/100
|
|-fieldend|move: Grassy Terrain
|upkeep
|turn|48
|
|t:|1621544016
|move|p2a: Salamence|Dragon Claw|p1a: Zapdos
|-damage|p1a: Zapdos|0 fnt
|faint|p1a: Zapdos
|-ability|p2a: Salamence|Moxie|boost
|-boost|p2a: Salamence|atk|1
|
|upkeep
|-message|ferromolybdenum forfeited.
|
|win|Zackem Emr
|l|☆ferromolybdenum
|raw|ferromolybdenum's rating: 1474 &rarr; <strong>1452</strong><br />(-22 for losing)
|raw|Zackem Emr's rating: 1433 &rarr; <strong>1455</strong><br />(+22 for winning)
