|j|☆Darkman64
|j|☆minimax_ai
|t:|1662784746
|gametype|singles
|player|p1|Darkman64|juan|1525
|player|p2|minimax_ai|lusamine-nihilego|1573
|teamsize|p1|6
|teamsize|p2|6
|gen|8
|tier|[Gen 8] OU
|rated|
|rule|Sleep Clause Mod: Limit one foe put to sleep
|rule|Species Clause: Limit one of each Pokémon
|rule|OHKO Clause: OHKO moves are banned
|rule|Evasion Items Clause: Evasion items are banned
|rule|Evasion Moves Clause: Evasion moves are banned
|rule|Endless Battle Clause: Forcing endless battles is banned
|rule|HP Percentage Mod: HP is shown in percentages
|rule|Dynamax Clause: You cannot dynamax
|clearpoke
|poke|p1|Weavile, F|
|poke|p1|Slowbro, M|
|poke|p1|Landorus-Therian, M|
|poke|p1|Urshifu-*, F|
|poke|p1|Ferrothorn, F|
|poke|p1|Clefable, F|
|poke|p2|Rotom-Wash|
|poke|p2|Weavile, M|
|poke|p2|Landorus-Therian, M|
|poke|p2|Heatran, M|
|poke|p2|Tangrowth, M|
|poke|p2|Melmetal|
|teampreview
|
|t:|1662784749
|start
|switch|p1a: Weavile|Weavile, F|100/100
|switch|p2a: landorustherian|Landorus-Therian, M|100/100
|-ability|p1a: Weavile|Pressure
|-ability|p2a: landorustherian|Intimidate|boost
|-unboost|p1a: Weavile|atk|1
|turn|1
|c|☆minimax_ai|hf
|inactive|Battle timer is ON: inactive players will automatically lose when time's up. (requested by minimax_ai)
|
|t:|1662784752
|switch|p2a: Tangrowth|Tangrowth, M|100/100
|move|p1a: Weavile|Knock Off|p2a: Tangrowth
|-damage|p2a: Tangrowth|75/100
|-damage|p1a: Weavile|84/100|[from] item: Rocky Helmet|[of] p2a: Tangrowth
|-enditem|p2a: Tangrowth|Rocky Helmet|[from] move: Knock Off|[of] p1a: Weavile
|
|upkeep
|turn|2
|
|t:|1662784755
|switch|p1a: Landorus|Landorus-Therian, M|100/100
|-ability|p1a: Landorus|Intimidate|boost
|-unboost|p2a: Tangrowth|atk|1
|move|p2a: Tangrowth|Focus Blast|p1a: Landorus|[miss]
|-miss|p2a: Tangrowth|p1a: Landorus
|
|upkeep
|turn|3
|
|t:|1662784757
|switch|p2a: landorustherian|Landorus-Therian, M|100/100
|-ability|p2a: landorustherian|Intimidate|boost
|-unboost|p1a: Landorus|atk|1
|move|p1a: Landorus|U-turn|p2a: landorustherian
|-resisted|p2a: landorustherian
|-damage|p2a: landorustherian|93/100
|
|t:|1662784759
|switch|p1a: Urshifu|Urshifu-Rapid-Strike, F|100/100|[from]move: U-turn
|
|-heal|p2a: landorustherian|99/100|[from] item: Leftovers
|upkeep
|turn|4
|
|t:|1662784762
|switch|p2a: Tangrowth|Tangrowth, M|100/100
|move|p1a: Urshifu|Close Combat|p2a: Tangrowth
|-damage|p2a: Tangrowth|49/100
|-unboost|p1a: Urshifu|def|1
|-unboost|p1a: Urshifu|spd|1
|
|upkeep
|turn|5
|
|t:|1662784765
|switch|p1a: Landorus|Landorus-Therian, M|100/100
|-ability|p1a: Landorus|Intimidate|boost
|-unboost|p2a: Tangrowth|atk|1
|switch|p2a: landorustherian|Landorus-Therian, M|99/100
|-ability|p2a: landorustherian|Intimidate|boost
|-unboost|p1a: Landorus|atk|1
|
|-heal|p2a: landorustherian|100/100|[from] item: Leftovers
|upkeep
|turn|6
|
|t:|1662784767
|switch|p2a: rotomwash|Rotom-Wash|100/100
|move|p1a: Landorus|U-turn|p2a: rotomwash
|-damage|p2a: rotomwash|84/100
|
|t:|1662784769
|switch|p1a: Urshifu|Urshifu-Rapid-Strike, F|100/100|[from]move: U-turn
|
|-heal|p2a: rotomwash|91/100|[from] item: Leftovers
|upkeep
|turn|7
|
|t:|1662784772
|switch|p2a: Tangrowth|Tangrowth, M|82/100
|move|p1a: Urshifu|U-turn|p2a: Tangrowth
|-supereffective|p2a: Tangrowth
|-damage|p2a: Tangrowth|45/100
|
|t:|1662784775
|switch|p1a: Landorus|Landorus-Therian, M|100/100|[from]move: U-turn
|-ability|p1a: Landorus|Intimidate|boost
|-unboost|p2a: Tangrowth|atk|1
|
|upkeep
|turn|8
|
|t:|1662784776
|switch|p2a: landorustherian|Landorus-Therian, M|100/100
|-ability|p2a: landorustherian|Intimidate|boost
|-unboost|p1a: Landorus|atk|1
|move|p1a: Landorus|U-turn|p2a: landorustherian
|-resisted|p2a: landorustherian
|-damage|p2a: landorustherian|94/100
|
|t:|1662784778
|switch|p1a: Urshifu|Urshifu-Rapid-Strike, F|100/100|[from]move: U-turn
|
|-heal|p2a: landorustherian|99/100|[from] item: Leftovers
|upkeep
|turn|9
|
|t:|1662784780
|switch|p2a: Tangrowth|Tangrowth, M|78/100
|move|p1a: Urshifu|Surging Strikes|p2a: Tangrowth
|-resisted|p2a: Tangrowth
|-crit|p2a: Tangrowth
|-damage|p2a: Tangrowth|71/100
|-resisted|p2a: Tangrowth
|-crit|p2a: Tangrowth
|-damage|p2a: Tangrowth|63/100
|-resisted|p2a: Tangrowth
|-crit|p2a: Tangrowth
|-damage|p2a: Tangrowth|55/100
|-hitcount|p2a: Tangrowth|3
|
|upkeep
|turn|10
|j| regenerates
|
|t:|1662784782
|switch|p1a: Ferrothorn|Ferrothorn, F|100/100
|switch|p2a: rotomwash|Rotom-Wash|91/100
|
|-heal|p2a: rotomwash|97/100|[from] item: Leftovers
|upkeep
|turn|11
|
|t:|1662784786
|switch|p2a: Tangrowth|Tangrowth, M|88/100
|move|p1a: Ferrothorn|Knock Off|p2a: Tangrowth
|-damage|p2a: Tangrowth|81/100
|
|upkeep
|turn|12
|
|t:|1662784798
|move|p2a: Tangrowth|Focus Blast|p1a: Ferrothorn
|-supereffective|p1a: Ferrothorn
|-damage|p1a: Ferrothorn|45/100
|-unboost|p1a: Ferrothorn|spd|1
|move|p1a: Ferrothorn|Spikes|p2a: Tangrowth
|-sidestart|p2: minimax_ai|Spikes
|
|-heal|p1a: Ferrothorn|52/100|[from] item: Leftovers
|upkeep
|turn|13
|
|t:|1662784800
|switch|p1a: Landorus|Landorus-Therian, M|100/100
|-ability|p1a: Landorus|Intimidate|boost
|-unboost|p2a: Tangrowth|atk|1
|move|p2a: Tangrowth|Focus Blast|p1a: Landorus|[miss]
|-miss|p2a: Tangrowth|p1a: Landorus
|
|upkeep
|turn|14
|
|t:|1662784802
|switch|p2a: landorustherian|Landorus-Therian, M|99/100
|-ability|p2a: landorustherian|Intimidate|boost
|-unboost|p1a: Landorus|atk|1
|move|p1a: Landorus|U-turn|p2a: landorustherian
|-resisted|p2a: landorustherian
|-damage|p2a: landorustherian|93/100
|
|t:|1662784804
|switch|p1a: Urshifu|Urshifu-Rapid-Strike, F|100/100|[from]move: U-turn
|
|-heal|p2a: landorustherian|99/100|[from] item: Leftovers
|upkeep
|turn|15
|
|t:|1662784805
|switch|p2a: Tangrowth|Tangrowth, M|100/100
|-damage|p2a: Tangrowth|88/100|[from] Spikes
|move|p1a: Urshifu|U-turn|p2a: Tangrowth
|-supereffective|p2a: Tangrowth
|-crit|p2a: Tangrowth
|-damage|p2a: Tangrowth|30/100
|
|t:|1662784808
|switch|p1a: Weavile|Weavile, F|84/100|[from]move: U-turn
|-ability|p1a: Weavile|Pressure
|
|upkeep
|turn|16
|
|t:|1662784809
|switch|p2a: Melmetal|Melmetal|100/100
|-damage|p2a: Melmetal|88/100|[from] Spikes
|move|p1a: Weavile|Knock Off|p2a: Melmetal
|-damage|p2a: Melmetal|47/100
|-enditem|p2a: Melmetal|Assault Vest|[from] move: Knock Off|[of] p1a: Weavile
|
|upkeep
|turn|17
|
|t:|1662784813
|switch|p1a: Slowbro|Slowbro, M|100/100
|move|p2a: Melmetal|Earthquake|p1a: Slowbro
|-damage|p1a: Slowbro|76/100
|
|upkeep
|turn|18
|
|t:|1662784819
|move|p2a: Melmetal|Thunder Punch|p1a: Slowbro
|-supereffective|p1a: Slowbro
|-damage|p1a: Slowbro|32/100
|move|p1a: Slowbro|Teleport|p1a: Slowbro
|
|t:|1662784830
|switch|p1a: Urshifu|Urshifu-Rapid-Strike, F|100/100|[from]move: Teleport
|
|upkeep
|turn|19
|
|t:|1662784833
|switch|p2a: Tangrowth|Tangrowth, M|63/100
|-damage|p2a: Tangrowth|51/100|[from] Spikes
|move|p1a: Urshifu|U-turn|p2a: Tangrowth
|-supereffective|p2a: Tangrowth
|-damage|p2a: Tangrowth|12/100
|
|t:|1662784836
|switch|p1a: Landorus|Landorus-Therian, M|100/100|[from]move: U-turn
|-ability|p1a: Landorus|Intimidate|boost
|-unboost|p2a: Tangrowth|atk|1
|
|upkeep
|turn|20
|
|t:|1662784838
|switch|p2a: landorustherian|Landorus-Therian, M|99/100
|-ability|p2a: landorustherian|Intimidate|boost
|-unboost|p1a: Landorus|atk|1
|move|p1a: Landorus|U-turn|p2a: landorustherian
|-resisted|p2a: landorustherian
|-damage|p2a: landorustherian|92/100
|
|t:|1662784840
|switch|p1a: Urshifu|Urshifu-Rapid-Strike, F|100/100|[from]move: U-turn
|
|-heal|p2a: landorustherian|98/100|[from] item: Leftovers
|upkeep
|turn|21
|
|t:|1662784842
|switch|p2a: Tangrowth|Tangrowth, M|45/100
|-damage|p2a: Tangrowth|33/100|[from] Spikes
|move|p1a: Urshifu|Surging Strikes|p2a: Tangrowth
|-resisted|p2a: Tangrowth
|-crit|p2a: Tangrowth
|-damage|p2a: Tangrowth|25/100
|-resisted|p2a: Tangrowth
|-crit|p2a: Tangrowth
|-damage|p2a: Tangrowth|18/100
|-resisted|p2a: Tangrowth
|-crit|p2a: Tangrowth
|-damage|p2a: Tangrowth|10/100
|-hitcount|p2a: Tangrowth|3
|
|upkeep
|turn|22
|
|t:|1662784845
|switch|p2a: rotomwash|Rotom-Wash|97/100
|move|p1a: Urshifu|Surging Strikes|p2a: rotomwash
|-resisted|p2a: rotomwash
|-crit|p2a: rotomwash
|-damage|p2a: rotomwash|81/100
|-resisted|p2a: rotomwash
|-crit|p2a: rotomwash
|-damage|p2a: rotomwash|65/100
|-resisted|p2a: rotomwash
|-crit|p2a: rotomwash
|-damage|p2a: rotomwash|49/100
|-hitcount|p2a: rotomwash|3
|
|-heal|p2a: rotomwash|55/100|[from] item: Leftovers
|upkeep
|turn|23
|
|t:|1662784848
|switch|p1a: Landorus|Landorus-Therian, M|100/100
|-ability|p1a: Landorus|Intimidate|boost
|-unboost|p2a: rotomwash|atk|1
|move|p2a: rotomwash|Thunderbolt|p1a: Landorus
|-immune|p1a: Landorus
|
|-heal|p2a: rotomwash|62/100|[from] item: Leftovers
|upkeep
|turn|24
|
|t:|1662784852
|switch|p2a: landorustherian|Landorus-Therian, M|98/100
|-ability|p2a: landorustherian|Intimidate|boost
|-unboost|p1a: Landorus|atk|1
|switch|p1a: Ferrothorn|Ferrothorn, F|52/100
|
|-heal|p2a: landorustherian|100/100|[from] item: Leftovers
|-heal|p1a: Ferrothorn|58/100|[from] item: Leftovers
|upkeep
|turn|25
|
|t:|1662784854
|move|p2a: landorustherian|Earthquake|p1a: Ferrothorn
|-damage|p1a: Ferrothorn|31/100
|move|p1a: Ferrothorn|Leech Seed|p2a: landorustherian
|-start|p2a: landorustherian|move: Leech Seed
|
|-heal|p1a: Ferrothorn|37/100|[from] item: Leftovers
|-damage|p2a: landorustherian|88/100|[from] Leech Seed|[of] p1a: Ferrothorn
|-heal|p1a: Ferrothorn|51/100|[silent]
|upkeep
|turn|26
|
|t:|1662784856
|switch|p1a: Landorus|Landorus-Therian, M|100/100
|-ability|p1a: Landorus|Intimidate|boost
|-unboost|p2a: landorustherian|atk|1
|move|p2a: landorustherian|Earthquake|p1a: Landorus
|-immune|p1a: Landorus
|
|-heal|p2a: landorustherian|94/100|[from] item: Leftovers
|-damage|p2a: landorustherian|82/100|[from] Leech Seed|[of] p1a: Landorus
|upkeep
|turn|27
|
|t:|1662784858
|move|p2a: landorustherian|Toxic|p1a: Landorus
|-status|p1a: Landorus|tox
|move|p1a: Landorus|U-turn|p2a: landorustherian
|-resisted|p2a: landorustherian
|-crit|p2a: landorustherian
|-damage|p2a: landorustherian|67/100
|j| CherN0ble
|
|t:|1662784861
|switch|p1a: Urshifu|Urshifu-Rapid-Strike, F|100/100|[from]move: U-turn
|
|-heal|p2a: landorustherian|73/100|[from] item: Leftovers
|-damage|p2a: landorustherian|60/100|[from] Leech Seed|[of] p1a: Urshifu
|upkeep
|turn|28
|
|t:|1662784862
|switch|p2a: Tangrowth|Tangrowth, M|43/100
|-damage|p2a: Tangrowth|30/100|[from] Spikes
|move|p1a: Urshifu|U-turn|p2a: Tangrowth
|-supereffective|p2a: Tangrowth
|-damage|p2a: Tangrowth|0 fnt
|faint|p2a: Tangrowth
|
|t:|1662784886
|switch|p1a: Weavile|Weavile, F|84/100|[from]move: U-turn
|-ability|p1a: Weavile|Pressure
|
|upkeep
|
|t:|1662784886
|switch|p2a: landorustherian|Landorus-Therian, M|60/100
|-ability|p2a: landorustherian|Intimidate|boost
|-unboost|p1a: Weavile|atk|1
|turn|29
|
|t:|1662784889
|switch|p2a: rotomwash|Rotom-Wash|62/100
|move|p1a: Weavile|Knock Off|p2a: rotomwash
|-damage|p2a: rotomwash|15/100
|-enditem|p2a: rotomwash|Leftovers|[from] move: Knock Off|[of] p1a: Weavile
|
|upkeep
|turn|30
|
|t:|1662784891
|move|p1a: Weavile|Knock Off|p2a: rotomwash
|-damage|p2a: rotomwash|0 fnt
|faint|p2a: rotomwash
|
|upkeep
|
|t:|1662784891
|switch|p2a: Heatran|Heatran, M|100/100
|-item|p2a: Heatran|Air Balloon
|turn|31
|
|t:|1662784895
|switch|p1a: Urshifu|Urshifu-Rapid-Strike, F|100/100
|move|p2a: Heatran|Eruption|p1a: Urshifu
|-resisted|p1a: Urshifu
|-damage|p1a: Urshifu|44/100
|
|upkeep
|turn|32
|
|t:|1662784896
|switch|p2a: Melmetal|Melmetal|47/100
|-damage|p2a: Melmetal|34/100|[from] Spikes
|move|p1a: Urshifu|Surging Strikes|p2a: Melmetal
|-crit|p2a: Melmetal
|-damage|p2a: Melmetal|18/100
|-crit|p2a: Melmetal
|-damage|p2a: Melmetal|0 fnt
|faint|p2a: Melmetal
|-hitcount|p2: Melmetal|2
|
|upkeep
|
|t:|1662784897
|switch|p2a: Weavile|Weavile, M|100/100
|-damage|p2a: Weavile|88/100|[from] Spikes
|-ability|p2a: Weavile|Pressure
|turn|33
|
|t:|1662784900
|move|p2a: Weavile|Low Kick|p1a: Urshifu
|-damage|p1a: Urshifu|0 fnt
|faint|p1a: Urshifu
|
|upkeep
|
|t:|1662784903
|switch|p1a: Slowbro|Slowbro, M|65/100
|turn|34
|
|t:|1662784905
|move|p2a: Weavile|Low Kick|p1a: Slowbro
|-resisted|p1a: Slowbro
|-damage|p1a: Slowbro|52/100
|move|p1a: Slowbro|Teleport|p1a: Slowbro
|
|t:|1662784907
|switch|p1a: Landorus|Landorus-Therian, M|100/100 tox|[from]move: Teleport
|-ability|p1a: Landorus|Intimidate|boost
|-unboost|p2a: Weavile|atk|1
|
|-damage|p1a: Landorus|94/100 tox|[from] psn
|upkeep
|turn|35
|
|t:|1662784909
|move|p2a: Weavile|Low Kick|p1a: Landorus
|-resisted|p1a: Landorus
|-damage|p1a: Landorus|81/100 tox
|move|p1a: Landorus|U-turn|p2a: Weavile
|-supereffective|p2a: Weavile
|-damage|p2a: Weavile|6/100
|
|t:|1662784913
|switch|p1a: Slowbro|Slowbro, M|86/100|[from]move: U-turn
|
|upkeep
|turn|36
|
|t:|1662784915
|move|p2a: Weavile|Low Kick|p1a: Slowbro
|-resisted|p1a: Slowbro
|-damage|p1a: Slowbro|77/100
|move|p1a: Slowbro|Future Sight|p2a: Weavile
|-start|p1a: Slowbro|move: Future Sight
|
|upkeep
|turn|37
|
|t:|1662784917
|move|p2a: Weavile|Low Kick|p1a: Slowbro
|-resisted|p1a: Slowbro
|-damage|p1a: Slowbro|69/100
|move|p1a: Slowbro|Scald|p2a: Weavile
|-damage|p2a: Weavile|0 fnt
|faint|p2a: Weavile
|
|upkeep
|
|t:|1662784917
|switch|p2a: Heatran|Heatran, M|100/100
|-item|p2a: Heatran|Air Balloon
|turn|38
|
|t:|1662784920
|move|p2a: Heatran|Magma Storm|p1a: Slowbro
|-resisted|p1a: Slowbro
|-damage|p1a: Slowbro|45/100
|-activate|p1a: Slowbro|move: Magma Storm|[of] p2a: Heatran
|move|p1a: Slowbro|Scald|p2a: Heatran
|-supereffective|p2a: Heatran
|-damage|p2a: Heatran|42/100
|-enditem|p2a: Heatran|Air Balloon
|
|-end|p2a: Heatran|move: Future Sight
|-resisted|p2a: Heatran
|-damage|p2a: Heatran|21/100
|-damage|p1a: Slowbro|32/100|[from] move: Magma Storm|[partiallytrapped]
|upkeep
|turn|39
|
|t:|1662784923
|move|p2a: Heatran|Magma Storm|p1a: Slowbro
|-resisted|p1a: Slowbro
|-damage|p1a: Slowbro|9/100
|move|p1a: Slowbro|Slack Off|p1a: Slowbro
|-heal|p1a: Slowbro|59/100
|
|-damage|p1a: Slowbro|47/100|[from] move: Magma Storm|[partiallytrapped]
|upkeep
|turn|40
|
|t:|1662784927
|move|p2a: Heatran|Magma Storm|p1a: Slowbro
|-resisted|p1a: Slowbro
|-damage|p1a: Slowbro|24/100
|move|p1a: Slowbro|Scald|p2a: Heatran
|-supereffective|p2a: Heatran
|-damage|p2a: Heatran|0 fnt
|faint|p2a: Heatran
|
|-end|p1a: Slowbro|Magma Storm|[partiallytrapped]|[silent]
|upkeep
|
|t:|1662784927
|switch|p2a: landorustherian|Landorus-Therian, M|60/100
|-ability|p2a: landorustherian|Intimidate|boost
|-unboost|p1a: Slowbro|atk|1
|turn|41
|
|t:|1662784930
|switch|p1a: Clefable|Clefable, F|100/100
|move|p2a: landorustherian|Earthquake|p1a: Clefable
|-damage|p1a: Clefable|64/100
|
|-heal|p2a: landorustherian|66/100|[from] item: Leftovers
|-heal|p1a: Clefable|71/100|[from] item: Leftovers
|upkeep
|turn|42
|
|t:|1662784932
|move|p2a: landorustherian|Earthquake|p1a: Clefable
|-damage|p1a: Clefable|36/100
|move|p1a: Clefable|Teleport|p1a: Clefable
|
|t:|1662784934
|switch|p1a: Weavile|Weavile, F|84/100|[from]move: Teleport
|-ability|p1a: Weavile|Pressure
|
|-heal|p2a: landorustherian|72/100|[from] item: Leftovers
|upkeep
|turn|43
|
|t:|1662784936
|switch|p1a: Ferrothorn|Ferrothorn, F|51/100
|move|p2a: landorustherian|Earthquake|p1a: Ferrothorn
|-damage|p1a: Ferrothorn|24/100
|
|-heal|p2a: landorustherian|78/100|[from] item: Leftovers
|-heal|p1a: Ferrothorn|30/100|[from] item: Leftovers
|upkeep
|turn|44
|
|t:|1662784939
|switch|p1a: Slowbro|Slowbro, M|57/100
|move|p2a: landorustherian|Earthquake|p1a: Slowbro
|-damage|p1a: Slowbro|25/100
|
|-heal|p2a: landorustherian|84/100|[from] item: Leftovers
|upkeep
|turn|45
|
|t:|1662784942
|switch|p1a: Landorus|Landorus-Therian, M|81/100 tox
|-ability|p1a: Landorus|Intimidate|boost
|-unboost|p2a: landorustherian|atk|1
|move|p2a: landorustherian|Earthquake|p1a: Landorus
|-immune|p1a: Landorus
|
|-heal|p2a: landorustherian|91/100|[from] item: Leftovers
|-heal|p1a: Landorus|87/100 tox|[from] item: Leftovers
|-damage|p1a: Landorus|81/100 tox|[from] psn
|upkeep
|turn|46
|
|t:|1662784944
|move|p2a: landorustherian|Earthquake|p1a: Landorus
|-immune|p1a: Landorus
|move|p1a: Landorus|U-turn|p2a: landorustherian
|-resisted|p2a: landorustherian
|-damage|p2a: landorustherian|80/100
|
|t:|1662784947
|switch|p1a: Weavile|Weavile, F|84/100|[from]move: U-turn
|-ability|p1a: Weavile|Pressure
|
|-heal|p2a: landorustherian|86/100|[from] item: Leftovers
|upkeep
|turn|47
|
|t:|1662784948
|move|p1a: Weavile|Triple Axel|p2a: landorustherian
|-supereffective|p2a: landorustherian
|-damage|p2a: landorustherian|28/100
|-supereffective|p2a: landorustherian
|-damage|p2a: landorustherian|0 fnt
|faint|p2a: landorustherian
|-hitcount|p2: landorustherian|2
|
|win|Darkman64
|raw|Darkman64's rating: 1546 &rarr; <strong>1568</strong><br />(+22 for winning)
|raw|minimax_ai's rating: 1573 &rarr; <strong>1551</strong><br />(-22 for losing)
|c|☆minimax_ai|gg
