|j|☆minimax_ai
|j|☆Ferrothornail草钢甲
|t:|1663841895
|gametype|singles
|player|p1|minimax_ai|lusamine-nihilego|1664
|player|p2|Ferrothornail草钢甲|lillie|1766
|teamsize|p1|6
|teamsize|p2|6
|gen|8
|tier|[Gen 8] OU
|rated|
|rule|Sleep Clause Mod: Limit one foe put to sleep
|rule|Species Clause: Limit one of each Pokémon
|rule|OHKO Clause: OHKO moves are banned
|rule|Evasion Items Clause: Evasion items are banned
|rule|Evasion Moves Clause: Evasion moves are banned
|rule|Endless Battle Clause: Forcing endless battles is banned
|rule|HP Percentage Mod: HP is shown in percentages
|rule|Dynamax Clause: You cannot dynamax
|clearpoke
|poke|p1|Rotom-Wash|
|poke|p1|Weavile, M|
|poke|p1|Landorus-Therian, M|
|poke|p1|Heatran, M|
|poke|p1|Tangrowth, M|
|poke|p1|Melmetal|
|poke|p2|Hatterene, F|
|poke|p2|Porygon2|
|poke|p2|Cresselia, F|
|poke|p2|Marowak-Alola, F|
|poke|p2|Crawdaunt, M|
|poke|p2|Melmetal|
|teampreview
|c|☆minimax_ai|hf
|inactive|Battle timer is ON: inactive players will automatically lose when time's up. (requested by minimax_ai)
|j| SaberSerenity
|
|t:|1663841909
|start
|switch|p1a: landorustherian|Landorus-Therian, M|100/100
|switch|p2a: Melmetal|Melmetal|100/100
|-ability|p1a: landorustherian|Intimidate|boost
|-unboost|p2a: Melmetal|atk|1
|turn|1
|
|t:|1663841917
|move|p1a: landorustherian|U-turn|p2a: Melmetal
|-resisted|p2a: Melmetal
|-damage|p2a: Melmetal|95/100
|
|t:|1663841918
|switch|p1a: rotomwash|Rotom-Wash|100/100|[from]move: U-turn
|move|p2a: Melmetal|Double Iron Bash|p1a: rotomwash
|-resisted|p1a: rotomwash
|-damage|p1a: rotomwash|90/100
|-resisted|p1a: rotomwash
|-damage|p1a: rotomwash|78/100
|-hitcount|p1a: rotomwash|2
|
|-heal|p1a: rotomwash|84/100|[from] item: Leftovers
|upkeep
|turn|2
|
|t:|1663841927
|move|p1a: rotomwash|Nasty Plot|p1a: rotomwash
|-boost|p1a: rotomwash|spa|2
|move|p2a: Melmetal|Double Iron Bash|p1a: rotomwash
|-resisted|p1a: rotomwash
|-damage|p1a: rotomwash|72/100
|-resisted|p1a: rotomwash
|-damage|p1a: rotomwash|60/100
|-hitcount|p1a: rotomwash|2
|
|-heal|p1a: rotomwash|66/100|[from] item: Leftovers
|upkeep
|turn|3
|
|t:|1663841930
|switch|p2a: Porygon2|Porygon2|100/100
|-ability|p2a: Porygon2|Download|boost
|-boost|p2a: Porygon2|spa|1
|move|p1a: rotomwash|Pain Split|p2a: Porygon2
|-sethp|p2a: Porygon2|77/100|[from] move: Pain Split|[silent]
|-sethp|p1a: rotomwash|95/100|[from] move: Pain Split
|
|-heal|p1a: rotomwash|100/100|[from] item: Leftovers
|upkeep
|turn|4
|
|t:|1663841931
|move|p1a: rotomwash|Nasty Plot|p1a: rotomwash
|-boost|p1a: rotomwash|spa|2
|move|p2a: Porygon2|Trick Room|p2a: Porygon2
|-fieldstart|move: Trick Room|[of] p2a: Porygon2
|
|upkeep
|turn|5
|
|t:|1663841933
|move|p1a: rotomwash|Thunderbolt|p2a: Porygon2
|-damage|p2a: Porygon2|30/100
|move|p2a: Porygon2|Teleport|p2a: Porygon2
|
|t:|1663841937
|switch|p2a: Crawdaunt|Crawdaunt, M|100/100|[from]move: Teleport
|
|upkeep
|turn|6
|
|t:|1663841939
|switch|p1a: Tangrowth|Tangrowth, M|100/100
|move|p2a: Crawdaunt|Knock Off|p1a: Tangrowth
|-damage|p1a: Tangrowth|49/100
|-damage|p2a: Crawdaunt|84/100|[from] item: Rocky Helmet|[of] p1a: Tangrowth
|-enditem|p1a: Tangrowth|Rocky Helmet|[from] move: Knock Off|[of] p2a: Crawdaunt
|-damage|p2a: Crawdaunt|74/100|[from] item: Life Orb
|
|upkeep
|turn|7
|
|t:|1663841942
|switch|p2a: Marowak|Marowak-Alola, F|100/100
|move|p1a: Tangrowth|Giga Drain|p2a: Marowak
|-resisted|p2a: Marowak
|-damage|p2a: Marowak|83/100
|-heal|p1a: Tangrowth|56/100|[from] drain|[of] p2a: Marowak
|
|upkeep
|turn|8
|
|t:|1663841947
|move|p2a: Marowak|Flare Blitz|p1a: Tangrowth
|-supereffective|p1a: Tangrowth
|-damage|p1a: Tangrowth|0 fnt
|faint|p1a: Tangrowth
|
|-fieldend|move: Trick Room
|upkeep
|
|t:|1663841947
|switch|p1a: Weavile|Weavile, M|100/100
|-ability|p1a: Weavile|Pressure
|turn|9
|
|t:|1663841951
|switch|p2a: Crawdaunt|Crawdaunt, M|74/100
|move|p1a: Weavile|Knock Off|p2a: Crawdaunt
|-resisted|p2a: Crawdaunt
|-damage|p2a: Crawdaunt|34/100
|-enditem|p2a: Crawdaunt|Life Orb|[from] move: Knock Off|[of] p1a: Weavile
|
|upkeep
|turn|10
|
|t:|1663841955
|move|p1a: Weavile|Knock Off|p2a: Crawdaunt
|-resisted|p2a: Crawdaunt
|-damage|p2a: Crawdaunt|7/100
|move|p2a: Crawdaunt|Knock Off|p1a: Weavile
|-resisted|p1a: Weavile
|-damage|p1a: Weavile|35/100
|-enditem|p1a: Weavile|Choice Band|[from] move: Knock Off|[of] p2a: Crawdaunt
|
|upkeep
|turn|11
|
|t:|1663841959
|move|p1a: Weavile|Ice Shard|p2a: Crawdaunt
|-resisted|p2a: Crawdaunt
|-damage|p2a: Crawdaunt|0 fnt
|faint|p2a: Crawdaunt
|
|upkeep
|
|t:|1663841961
|switch|p2a: Hatterene|Hatterene, F|100/100
|turn|12
|
|t:|1663841962
|switch|p1a: Heatran|Heatran, M|100/100
|-item|p1a: Heatran|Air Balloon
|move|p2a: Hatterene|Trick Room|p2a: Hatterene
|-fieldstart|move: Trick Room|[of] p2a: Hatterene
|
|upkeep
|turn|13
|
|t:|1663841965
|move|p2a: Hatterene|Psychic|p1a: Heatran
|-resisted|p1a: Heatran
|-damage|p1a: Heatran|77/100
|-enditem|p1a: Heatran|Air Balloon
|move|p1a: Heatran|Eruption|p2a: Hatterene
|-damage|p2a: Hatterene|37/100
|
|upkeep
|turn|14
|
|t:|1663841968
|move|p2a: Hatterene|Psychic|p1a: Heatran
|-resisted|p1a: Heatran
|-damage|p1a: Heatran|53/100
|move|p1a: Heatran|Earth Power|p2a: Hatterene
|-damage|p2a: Hatterene|5/100
|
|upkeep
|turn|15
|
|t:|1663841969
|move|p2a: Hatterene|Healing Wish|p2a: Hatterene
|faint|p2a: Hatterene
|move|p1a: Heatran|Earth Power|p2: Hatterene|[notarget]
|-fail|p1a: Heatran
|
|upkeep
|
|t:|1663841990
|switch|p2a: Melmetal|Melmetal|95/100
|-heal|p2a: Melmetal|100/100|[from] move: Healing Wish
|turn|16
|
|t:|1663841991
|switch|p1a: rotomwash|Rotom-Wash|100/100
|move|p2a: Melmetal|Superpower|p1a: rotomwash
|-damage|p1a: rotomwash|28/100
|-unboost|p2a: Melmetal|atk|1
|-unboost|p2a: Melmetal|def|1
|
|-heal|p1a: rotomwash|34/100|[from] item: Leftovers
|-fieldend|move: Trick Room
|upkeep
|turn|17
|
|t:|1663841994
|switch|p2a: Porygon2|Porygon2|30/100
|-ability|p2a: Porygon2|Download|boost
|-boost|p2a: Porygon2|spa|1
|move|p1a: rotomwash|Thunderbolt|p2a: Porygon2
|-damage|p2a: Porygon2|14/100
|
|-heal|p1a: rotomwash|41/100|[from] item: Leftovers
|upkeep
|turn|18
|
|t:|1663841996
|move|p1a: rotomwash|Hydro Pump|p2a: Porygon2
|-damage|p2a: Porygon2|0 fnt
|faint|p2a: Porygon2
|
|-heal|p1a: rotomwash|47/100|[from] item: Leftovers
|upkeep
|
|t:|1663841999
|switch|p2a: Cresselia|Cresselia, F|100/100
|turn|19
|
|t:|1663842000
|move|p1a: rotomwash|Nasty Plot|p1a: rotomwash
|-boost|p1a: rotomwash|spa|2
|move|p2a: Cresselia|Trick Room|p2a: Cresselia
|-fieldstart|move: Trick Room|[of] p2a: Cresselia
|
|-heal|p1a: rotomwash|53/100|[from] item: Leftovers
|upkeep
|turn|20
|l| SaberSerenity
|
|t:|1663842004
|switch|p2a: Melmetal|Melmetal|100/100
|move|p1a: rotomwash|Thunderbolt|p2a: Melmetal
|-damage|p2a: Melmetal|23/100
|
|-heal|p1a: rotomwash|59/100|[from] item: Leftovers
|upkeep
|turn|21
|
|t:|1663842007
|switch|p1a: Melmetal|Melmetal|100/100
|move|p2a: Melmetal|Double Iron Bash|p1a: Melmetal
|-resisted|p1a: Melmetal
|-damage|p1a: Melmetal|82/100
|-resisted|p1a: Melmetal
|-damage|p1a: Melmetal|63/100
|-hitcount|p1a: Melmetal|2
|
|upkeep
|turn|22
|
|t:|1663842009
|move|p2a: Melmetal|Double Iron Bash|p1a: Melmetal
|-resisted|p1a: Melmetal
|-damage|p1a: Melmetal|43/100
|-resisted|p1a: Melmetal
|-damage|p1a: Melmetal|24/100
|-hitcount|p1a: Melmetal|2
|move|p1a: Melmetal|Double Iron Bash|p2a: Melmetal
|-resisted|p2a: Melmetal
|-damage|p2a: Melmetal|12/100
|-resisted|p2a: Melmetal
|-damage|p2a: Melmetal|2/100
|-hitcount|p2a: Melmetal|2
|
|upkeep
|turn|23
|
|t:|1663842012
|switch|p1a: rotomwash|Rotom-Wash|59/100
|move|p2a: Melmetal|Double Iron Bash|p1a: rotomwash
|-resisted|p1a: rotomwash
|-damage|p1a: rotomwash|41/100
|-resisted|p1a: rotomwash
|-damage|p1a: rotomwash|22/100
|-hitcount|p1a: rotomwash|2
|
|-heal|p1a: rotomwash|28/100|[from] item: Leftovers
|-fieldend|move: Trick Room
|upkeep
|turn|24
|
|t:|1663842016
|move|p1a: rotomwash|Thunderbolt|p2a: Melmetal
|-damage|p2a: Melmetal|0 fnt
|faint|p2a: Melmetal
|
|-heal|p1a: rotomwash|35/100|[from] item: Leftovers
|upkeep
|
|t:|1663842019
|switch|p2a: Cresselia|Cresselia, F|100/100
|turn|25
|
|t:|1663842020
|move|p1a: rotomwash|Pain Split|p2a: Cresselia
|-sethp|p2a: Cresselia|62/100|[from] move: Pain Split|[silent]
|-sethp|p1a: rotomwash|91/100|[from] move: Pain Split
|move|p2a: Cresselia|Trick Room|p2a: Cresselia
|-fieldstart|move: Trick Room|[of] p2a: Cresselia
|
|-heal|p1a: rotomwash|97/100|[from] item: Leftovers
|upkeep
|turn|26
|
|t:|1663842022
|switch|p2a: Marowak|Marowak-Alola, F|83/100
|move|p1a: rotomwash|Nasty Plot|p1a: rotomwash
|-boost|p1a: rotomwash|spa|2
|
|-heal|p1a: rotomwash|100/100|[from] item: Leftovers
|upkeep
|turn|27
|
|t:|1663842024
|move|p2a: Marowak|Poltergeist|p1a: rotomwash
|-activate|p1a: rotomwash|move: Poltergeist|Leftovers
|-damage|p1a: rotomwash|0 fnt
|faint|p1a: rotomwash
|
|upkeep
|
|t:|1663842025
|switch|p1a: landorustherian|Landorus-Therian, M|100/100
|-ability|p1a: landorustherian|Intimidate|boost
|-unboost|p2a: Marowak|atk|1
|turn|28
|
|t:|1663842029
|switch|p2a: Cresselia|Cresselia, F|62/100
|move|p1a: landorustherian|Earthquake|p2a: Cresselia
|-immune|p2a: Cresselia|[from] ability: Levitate
|
|upkeep
|turn|29
|
|t:|1663842030
|move|p2a: Cresselia|Ice Beam|p1a: landorustherian
|-supereffective|p1a: landorustherian
|-damage|p1a: landorustherian|54/100
|move|p1a: landorustherian|Toxic|p2a: Cresselia
|-status|p2a: Cresselia|tox
|
|-heal|p1a: landorustherian|60/100|[from] item: Leftovers
|-damage|p2a: Cresselia|56/100 tox|[from] psn
|-fieldend|move: Trick Room
|upkeep
|turn|30
|
|t:|1663842032
|move|p1a: landorustherian|U-turn|p2a: Cresselia
|-supereffective|p2a: Cresselia
|-damage|p2a: Cresselia|34/100 tox
|
|t:|1663842033
|switch|p1a: Weavile|Weavile, M|35/100|[from]move: U-turn
|-ability|p1a: Weavile|Pressure
|move|p2a: Cresselia|Trick Room|p2a: Cresselia
|-fieldstart|move: Trick Room|[of] p2a: Cresselia
|
|-damage|p2a: Cresselia|22/100 tox|[from] psn
|upkeep
|turn|31
|
|t:|1663842050
|move|p2a: Cresselia|Lunar Dance|p2a: Cresselia
|faint|p2a: Cresselia
|move|p1a: Weavile|Knock Off|p2: Cresselia|[notarget]
|-fail|p1a: Weavile
|
|upkeep
|
|t:|1663842051
|switch|p2a: Marowak|Marowak-Alola, F|83/100
|-heal|p2a: Marowak|100/100|[from] move: Lunar Dance
|turn|32
|j| SaberSerenity
|
|t:|1663842056
|switch|p1a: Melmetal|Melmetal|24/100
|move|p2a: Marowak|Flare Blitz|p1a: Melmetal
|-supereffective|p1a: Melmetal
|-damage|p1a: Melmetal|0 fnt
|faint|p1a: Melmetal
|
|upkeep
|
|t:|1663842056
|switch|p1a: landorustherian|Landorus-Therian, M|60/100
|-ability|p1a: landorustherian|Intimidate|boost
|-unboost|p2a: Marowak|atk|1
|turn|33
|
|t:|1663842062
|switch|p1a: Weavile|Weavile, M|35/100
|-ability|p1a: Weavile|Pressure
|move|p2a: Marowak|Flare Blitz|p1a: Weavile
|-supereffective|p1a: Weavile
|-damage|p1a: Weavile|0 fnt
|faint|p1a: Weavile
|
|upkeep
|
|t:|1663842062
|switch|p1a: landorustherian|Landorus-Therian, M|60/100
|-ability|p1a: landorustherian|Intimidate|boost
|-unboost|p2a: Marowak|atk|1
|turn|34
|
|t:|1663842064
|move|p2a: Marowak|Flare Blitz|p1a: landorustherian
|-damage|p1a: landorustherian|9/100
|move|p1a: landorustherian|Earthquake|p2a: Marowak
|-supereffective|p2a: Marowak
|-damage|p2a: Marowak|11/100
|
|-heal|p1a: landorustherian|15/100|[from] item: Leftovers
|-fieldend|move: Trick Room
|upkeep
|turn|35
|
|t:|1663842066
|move|p1a: landorustherian|Earthquake|p2a: Marowak
|-supereffective|p2a: Marowak
|-damage|p2a: Marowak|0 fnt
|faint|p2a: Marowak
|
|win|minimax_ai
|raw|minimax_ai's rating: 1664 &rarr; <strong>1690</strong><br />(+26 for winning)
|raw|Ferrothornail草钢甲's rating: 1766 &rarr; <strong>1740</strong><br />(-26 for losing)
|c|☆minimax_ai|gg
