|j|☆Strawberry Yumemi
|j|☆FENDINI
|t:|1650117371
|gametype|singles
|player|p1|Strawberry Yumemi|170|1813
|player|p2|FENDINI|n|1764
|teamsize|p1|6
|teamsize|p2|6
|gen|8
|tier|[Gen 8] OU
|rated|
|rule|Sleep Clause Mod: Limit one foe put to sleep
|rule|Species Clause: Limit one of each Pokémon
|rule|OHKO Clause: OHKO moves are banned
|rule|Evasion Moves Clause: Evasion moves are banned
|rule|Endless Battle Clause: Forcing endless battles is banned
|rule|HP Percentage Mod: HP is shown in percentages
|rule|Dynamax Clause: You cannot dynamax
|clearpoke
|poke|p1|Dragapult, F|
|poke|p1|Slowking, F|
|poke|p1|Landorus-Therian, M|
|poke|p1|Melmetal|
|poke|p1|Zeraora|
|poke|p1|Dragonite, F|
|poke|p2|Weavile, M|
|poke|p2|Garchomp, M|
|poke|p2|Tornadus-Therian, M|
|poke|p2|Clefable, F|
|poke|p2|Rotom-Wash|
|poke|p2|Ferrothorn, M|
|teampreview
|inactive|Battle timer is ON: inactive players will automatically lose when time's up. (requested by Strawberry Yumemi)
|j| immasetup
|j| Wrain
|j| Palladiawa
|
|t:|1650117394
|start
|switch|p1a: Melmetal|Melmetal|100/100
|switch|p2a: Tornadus|Tornadus-Therian, M|100/100
|turn|1
|j| tapu moxo
|inactive|FENDINI has 120 seconds left.
|j| xiao123
|l| xiao123
|inactive|Strawberry Yumemi has 120 seconds left.
|
|t:|1650117434
|switch|p2a: Rotom|Rotom-Wash|100/100
|switch|p1a: Slowking|Slowking, F|100/100
|
|upkeep
|turn|2
|inactive|FENDINI has 120 seconds left.
|
|t:|1650117440
|move|p2a: Rotom|Volt Switch|p1a: Slowking
|-supereffective|p1a: Slowking
|-damage|p1a: Slowking|62/100
|
|t:|1650117442
|switch|p2a: Weavile|Weavile, M|100/100|[from]move: Volt Switch
|-ability|p2a: Weavile|Pressure
|move|p1a: Slowking|Teleport|p1a: Slowking
|inactive|Strawberry Yumemi has 120 seconds left.
|j| xiao123
|
|t:|1650117464
|switch|p1a: Melmetal|Melmetal|100/100|[from]move: Teleport
|
|upkeep
|turn|3
|l| xiao123
|inactive|Strawberry Yumemi has 120 seconds left.
|
|t:|1650117471
|switch|p2a: Rotom|Rotom-Wash|100/100
|move|p1a: Melmetal|Superpower|p2a: Rotom
|-crit|p2a: Rotom
|-damage|p2a: Rotom|23/100
|-unboost|p1a: Melmetal|atk|1
|-unboost|p1a: Melmetal|def|1
|
|-heal|p2a: Rotom|29/100|[from] item: Leftovers
|upkeep
|turn|4
|inactive|Strawberry Yumemi has 120 seconds left.
|j| Go b4 it gets dark
|
|t:|1650117489
|switch|p1a: Slowking|Slowking, F|95/100
|move|p2a: Rotom|Pain Split|p1a: Slowking
|-sethp|p1a: Slowking|59/100|[from] move: Pain Split|[silent]
|-sethp|p2a: Rotom|76/100|[from] move: Pain Split
|
|-heal|p2a: Rotom|82/100|[from] item: Leftovers
|upkeep
|turn|5
|
|t:|1650117496
|move|p2a: Rotom|Volt Switch|p1a: Slowking
|-supereffective|p1a: Slowking
|-damage|p1a: Slowking|16/100
|
|t:|1650117504
|switch|p2a: Weavile|Weavile, M|100/100|[from]move: Volt Switch
|-ability|p2a: Weavile|Pressure
|move|p1a: Slowking|Teleport|p1a: Slowking
|l| Wrain
|
|t:|1650117519
|switch|p1a: Melmetal|Melmetal|100/100|[from]move: Teleport
|
|upkeep
|turn|6
|
|t:|1650117530
|switch|p2a: Rotom|Rotom-Wash|82/100
|switch|p1a: Dragonite|Dragonite, F|100/100
|
|-heal|p2a: Rotom|88/100|[from] item: Leftovers
|upkeep
|turn|7
|
|t:|1650117535
|move|p1a: Dragonite|Toxic|p2a: Rotom
|-status|p2a: Rotom|tox
|move|p2a: Rotom|Volt Switch|p1a: Dragonite
|-damage|p1a: Dragonite|89/100
|
|t:|1650117545
|switch|p2a: Weavile|Weavile, M|100/100|[from]move: Volt Switch
|-ability|p2a: Weavile|Pressure
|
|upkeep
|turn|8
|l| Go b4 it gets dark
|j| rebube
|j| xiao123
|
|t:|1650117575
|move|p2a: Weavile|Knock Off|p1a: Dragonite
|-damage|p1a: Dragonite|26/100
|-enditem|p1a: Dragonite|Heavy-Duty Boots|[from] move: Knock Off|[of] p2a: Weavile
|move|p1a: Dragonite|Fire Blast|p2a: Weavile
|-supereffective|p2a: Weavile
|-damage|p2a: Weavile|17/100
|
|upkeep
|turn|9
|
|t:|1650117585
|move|p2a: Weavile|Knock Off|p1a: Dragonite
|-damage|p1a: Dragonite|0 fnt
|faint|p1a: Dragonite
|
|upkeep
|
|t:|1650117590
|switch|p1a: Landorus|Landorus-Therian, M|100/100
|-ability|p1a: Landorus|Intimidate|boost
|-unboost|p2a: Weavile|atk|1
|turn|10
|j| Go b4 it gets dark
|j| supahotnicememe
|
|t:|1650117603
|switch|p2a: Ferrothorn|Ferrothorn, M|100/100
|move|p1a: Landorus|U-turn|p2a: Ferrothorn
|-crit|p2a: Ferrothorn
|-damage|p2a: Ferrothorn|79/100
|-damage|p1a: Landorus|88/100|[from] ability: Iron Barbs|[of] p2a: Ferrothorn
|j| trash unknown team
|j| JJ09LIE
|inactive|Strawberry Yumemi has 120 seconds left.
|
|t:|1650117642
|switch|p1a: Dragapult|Dragapult, F|100/100|[from]move: U-turn
|
|-heal|p2a: Ferrothorn|85/100|[from] item: Leftovers
|upkeep
|turn|11
|l| immasetup
|
|t:|1650117649
|switch|p2a: Tornadus|Tornadus-Therian, M|100/100
|move|p1a: Dragapult|Shadow Ball|p2a: Tornadus
|-damage|p2a: Tornadus|53/100
|-unboost|p2a: Tornadus|spd|1
|
|upkeep
|turn|12
|inactive|Strawberry Yumemi has 120 seconds left.
|
|t:|1650117660
|switch|p2a: Clefable|Clefable, F|100/100
|move|p1a: Dragapult|Shadow Ball|p2a: Clefable
|-damage|p2a: Clefable|55/100
|-unboost|p2a: Clefable|spd|1
|
|upkeep
|turn|13
|inactive|Strawberry Yumemi has 120 seconds left.
|
|t:|1650117673
|switch|p2a: Rotom|Rotom-Wash|88/100 tox
|move|p1a: Dragapult|Shadow Ball|p2a: Rotom
|-damage|p2a: Rotom|47/100 tox
|
|-heal|p2a: Rotom|53/100 tox|[from] item: Leftovers
|-damage|p2a: Rotom|47/100 tox|[from] psn
|upkeep
|turn|14
|inactive|Strawberry Yumemi has 120 seconds left.
|
|t:|1650117689
|switch|p1a: Slowking|Slowking, F|49/100
|move|p2a: Rotom|Thunder Wave|p1a: Slowking
|-status|p1a: Slowking|par
|
|-heal|p2a: Rotom|53/100 tox|[from] item: Leftovers
|-damage|p2a: Rotom|41/100 tox|[from] psn
|upkeep
|turn|15
|
|t:|1650117696
|move|p2a: Rotom|Volt Switch|p1a: Slowking
|-supereffective|p1a: Slowking
|-damage|p1a: Slowking|12/100 par
|
|t:|1650117703
|switch|p2a: Weavile|Weavile, M|17/100|[from]move: Volt Switch
|-ability|p2a: Weavile|Pressure
|cant|p1a: Slowking|par
|
|upkeep
|turn|16
|
|t:|1650117710
|move|p2a: Weavile|Knock Off|p1a: Slowking
|-supereffective|p1a: Slowking
|-damage|p1a: Slowking|0 fnt
|-enditem|p1a: Slowking|Heavy-Duty Boots|[from] move: Knock Off|[of] p2a: Weavile
|faint|p1a: Slowking
|
|upkeep
|
|t:|1650117712
|switch|p1a: Dragapult|Dragapult, F|100/100
|turn|17
|c| tapu moxo|weavile: tier S+ mon?
|
|t:|1650117731
|switch|p2a: Rotom|Rotom-Wash|41/100 tox
|move|p1a: Dragapult|Shadow Ball|p2a: Rotom
|-damage|p2a: Rotom|2/100 tox
|-unboost|p2a: Rotom|spd|1
|
|-heal|p2a: Rotom|8/100 tox|[from] item: Leftovers
|-damage|p2a: Rotom|2/100 tox|[from] psn
|upkeep
|turn|18
|
|t:|1650117737
|move|p1a: Dragapult|Shadow Ball|p2a: Rotom
|-damage|p2a: Rotom|0 fnt
|faint|p2a: Rotom
|
|upkeep
|
|t:|1650117752
|switch|p2a: Clefable|Clefable, F|55/100
|turn|19
|
|t:|1650117757
|switch|p1a: Melmetal|Melmetal|100/100
|move|p2a: Clefable|Soft-Boiled|p2a: Clefable
|-heal|p2a: Clefable|100/100
|
|upkeep
|turn|20
|
|t:|1650117770
|switch|p2a: Garchomp|Garchomp, M|100/100
|move|p1a: Melmetal|Superpower|p2a: Garchomp
|-damage|p2a: Garchomp|58/100
|-unboost|p1a: Melmetal|atk|1
|-unboost|p1a: Melmetal|def|1
|-damage|p1a: Melmetal|88/100|[from] ability: Rough Skin|[of] p2a: Garchomp
|
|-heal|p2a: Garchomp|64/100|[from] item: Leftovers
|upkeep
|turn|21
|
|t:|1650117783
|switch|p1a: Landorus|Landorus-Therian, M|88/100
|-ability|p1a: Landorus|Intimidate|boost
|-unboost|p2a: Garchomp|atk|1
|move|p2a: Garchomp|Swords Dance|p2a: Garchomp
|-boost|p2a: Garchomp|atk|2
|
|-heal|p2a: Garchomp|71/100|[from] item: Leftovers
|-heal|p1a: Landorus|94/100|[from] item: Leftovers
|upkeep
|turn|22
|
|t:|1650117791
|move|p2a: Garchomp|Stone Edge|p1a: Landorus
|-damage|p1a: Landorus|48/100
|move|p1a: Landorus|Earthquake|p2a: Garchomp
|-damage|p2a: Garchomp|24/100
|
|-heal|p2a: Garchomp|30/100|[from] item: Leftovers
|-heal|p1a: Landorus|54/100|[from] item: Leftovers
|upkeep
|turn|23
|
|t:|1650117817
|switch|p2a: Tornadus|Tornadus-Therian, M|86/100
|move|p1a: Landorus|Earthquake|p2a: Tornadus
|-immune|p2a: Tornadus
|
|-heal|p1a: Landorus|60/100|[from] item: Leftovers
|upkeep
|turn|24
|j| 0SiegeWarfare
|
|t:|1650117836
|switch|p1a: Melmetal|Melmetal|88/100
|move|p2a: Tornadus|Knock Off|p1a: Melmetal
|-damage|p1a: Melmetal|77/100
|-enditem|p1a: Melmetal|Assault Vest|[from] move: Knock Off|[of] p2a: Tornadus
|
|upkeep
|turn|25
|
|t:|1650117856
|switch|p2a: Ferrothorn|Ferrothorn, M|85/100
|move|p1a: Melmetal|Double Iron Bash|p2a: Ferrothorn
|-resisted|p2a: Ferrothorn
|-damage|p2a: Ferrothorn|74/100
|-damage|p1a: Melmetal|64/100|[from] ability: Iron Barbs|[of] p2a: Ferrothorn
|-resisted|p2a: Ferrothorn
|-damage|p2a: Ferrothorn|62/100
|-damage|p1a: Melmetal|52/100|[from] ability: Iron Barbs|[of] p2a: Ferrothorn
|-hitcount|p2a: Ferrothorn|2
|
|-heal|p2a: Ferrothorn|68/100|[from] item: Leftovers
|upkeep
|turn|26
|
|t:|1650117870
|move|p1a: Melmetal|Superpower|p2a: Ferrothorn
|-supereffective|p2a: Ferrothorn
|-damage|p2a: Ferrothorn|18/100
|-unboost|p1a: Melmetal|atk|1
|-unboost|p1a: Melmetal|def|1
|-damage|p1a: Melmetal|40/100|[from] ability: Iron Barbs|[of] p2a: Ferrothorn
|move|p2a: Ferrothorn|Body Press|p1a: Melmetal
|-supereffective|p1a: Melmetal
|-damage|p1a: Melmetal|0 fnt
|faint|p1a: Melmetal
|
|-heal|p2a: Ferrothorn|24/100|[from] item: Leftovers
|upkeep
|j| Oakdeon
|
|t:|1650117888
|switch|p1a: Zeraora|Zeraora|100/100
|turn|27
|
|t:|1650117910
|move|p1a: Zeraora|Bulk Up|p1a: Zeraora
|-boost|p1a: Zeraora|atk|1
|-boost|p1a: Zeraora|def|1
|move|p2a: Ferrothorn|Leech Seed|p1a: Zeraora
|-start|p1a: Zeraora|move: Leech Seed
|
|-heal|p2a: Ferrothorn|30/100|[from] item: Leftovers
|-damage|p1a: Zeraora|88/100|[from] Leech Seed|[of] p2a: Ferrothorn
|-heal|p2a: Ferrothorn|41/100|[silent]
|upkeep
|turn|28
|
|t:|1650117917
|move|p1a: Zeraora|Close Combat|p2a: Ferrothorn
|-supereffective|p2a: Ferrothorn
|-damage|p2a: Ferrothorn|0 fnt
|-unboost|p1a: Zeraora|def|1
|-unboost|p1a: Zeraora|spd|1
|-damage|p1a: Zeraora|76/100|[from] ability: Iron Barbs|[of] p2a: Ferrothorn
|faint|p2a: Ferrothorn
|
|upkeep
|j| registorm
|inactive|FENDINI has 120 seconds left.
|
|t:|1650117944
|switch|p2a: Clefable|Clefable, F|100/100
|turn|29
|
|t:|1650117967
|switch|p1a: Landorus|Landorus-Therian, M|60/100
|-ability|p1a: Landorus|Intimidate|boost
|-unboost|p2a: Clefable|atk|1
|move|p2a: Clefable|Moonblast|p1a: Landorus
|-damage|p1a: Landorus|29/100
|
|-heal|p1a: Landorus|35/100|[from] item: Leftovers
|upkeep
|turn|30
|l| Oakdeon
|inactive|FENDINI has 120 seconds left.
|
|t:|1650118003
|move|p1a: Landorus|Earthquake|p2a: Clefable
|-damage|p2a: Clefable|62/100
|move|p2a: Clefable|Calm Mind|p2a: Clefable
|-boost|p2a: Clefable|spa|1
|-boost|p2a: Clefable|spd|1
|
|-heal|p1a: Landorus|41/100|[from] item: Leftovers
|upkeep
|turn|31
|l| JJ09LIE
|inactive|Strawberry Yumemi has 120 seconds left.
|l| registorm
|
|t:|1650118040
|move|p1a: Landorus|Earthquake|p2a: Clefable
|-damage|p2a: Clefable|21/100
|move|p2a: Clefable|Soft-Boiled|p2a: Clefable
|-heal|p2a: Clefable|71/100
|
|-heal|p1a: Landorus|47/100|[from] item: Leftovers
|upkeep
|turn|32
|l| xiao123
|inactive|FENDINI has 120 seconds left.
|
|t:|1650118053
|switch|p2a: Tornadus|Tornadus-Therian, M|100/100
|move|p1a: Landorus|Earthquake|p2a: Tornadus
|-immune|p2a: Tornadus
|
|-heal|p1a: Landorus|53/100|[from] item: Leftovers
|upkeep
|turn|33
|j| xiao123
|l| xiao123
|l| Go b4 it gets dark
|l| tapu moxo
|
|t:|1650118081
|move|p2a: Tornadus|Knock Off|p1a: Landorus
|-damage|p1a: Landorus|33/100
|-enditem|p1a: Landorus|Leftovers|[from] move: Knock Off|[of] p2a: Tornadus
|move|p1a: Landorus|U-turn|p2a: Tornadus
|-resisted|p2a: Tornadus
|-damage|p2a: Tornadus|88/100
|
|t:|1650118087
|switch|p1a: Zeraora|Zeraora|76/100|[from]move: U-turn
|
|upkeep
|turn|34
|
|t:|1650118097
|switch|p2a: Clefable|Clefable, F|71/100
|move|p1a: Zeraora|Bulk Up|p1a: Zeraora
|-boost|p1a: Zeraora|atk|1
|-boost|p1a: Zeraora|def|1
|
|upkeep
|turn|35
|j| GodCake
|l| GodCake
|j| nodragondanceinrb
|inactive|FENDINI has 120 seconds left.
|inactive|Strawberry Yumemi has 90 seconds left.
|
|t:|1650118153
|move|p1a: Zeraora|Plasma Fists|p2a: Clefable
|-damage|p2a: Clefable|13/100
|-fieldactivate|move: Ion Deluge
|-hint|Normal-type moves become Electric-type after using Plasma Fists.
|move|p2a: Clefable|Moonblast|p1a: Zeraora
|-damage|p1a: Zeraora|26/100
|-unboost|p1a: Zeraora|spa|1
|
|upkeep
|turn|36
|
|t:|1650118167
|switch|p2a: Garchomp|Garchomp, M|30/100
|move|p1a: Zeraora|Plasma Fists|p2a: Garchomp
|-immune|p2a: Garchomp
|
|-heal|p2a: Garchomp|37/100|[from] item: Leftovers
|upkeep
|turn|37
|inactive|Strawberry Yumemi has 90 seconds left.
|
|t:|1650118193
|move|p1a: Zeraora|Close Combat|p2a: Garchomp
|-damage|p2a: Garchomp|0 fnt
|-unboost|p1a: Zeraora|def|1
|-unboost|p1a: Zeraora|spd|1
|-damage|p1a: Zeraora|14/100|[from] ability: Rough Skin|[of] p2a: Garchomp
|faint|p2a: Garchomp
|
|upkeep
|
|t:|1650118196
|switch|p2a: Weavile|Weavile, M|17/100
|-ability|p2a: Weavile|Pressure
|turn|38
|inactive|Strawberry Yumemi has 90 seconds left.
|
|t:|1650118203
|switch|p1a: Landorus|Landorus-Therian, M|33/100
|-ability|p1a: Landorus|Intimidate|boost
|-unboost|p2a: Weavile|atk|1
|move|p2a: Weavile|Ice Shard|p1a: Landorus
|-supereffective|p1a: Landorus
|-damage|p1a: Landorus|0 fnt
|faint|p1a: Landorus
|
|upkeep
|inactive|Strawberry Yumemi has 90 seconds left.
|
|t:|1650118208
|switch|p1a: Dragapult|Dragapult, F|100/100
|turn|39
|
|t:|1650118213
|switch|p2a: Clefable|Clefable, F|13/100
|move|p1a: Dragapult|Shadow Ball|p2a: Clefable
|-damage|p2a: Clefable|0 fnt
|faint|p2a: Clefable
|
|upkeep
|
|t:|1650118214
|switch|p2a: Tornadus|Tornadus-Therian, M|100/100
|turn|40
|j| xjbw
|
|t:|1650118221
|move|p1a: Dragapult|Shadow Ball|p2a: Tornadus
|-damage|p2a: Tornadus|50/100
|move|p2a: Tornadus|Knock Off|p1a: Dragapult
|-supereffective|p1a: Dragapult
|-damage|p1a: Dragapult|46/100
|-enditem|p1a: Dragapult|Choice Specs|[from] move: Knock Off|[of] p2a: Tornadus
|
|upkeep
|turn|41
|l| xjbw
|
|t:|1650118228
|move|p1a: Dragapult|Draco Meteor|p2a: Tornadus
|-damage|p2a: Tornadus|0 fnt
|-unboost|p1a: Dragapult|spa|2
|faint|p2a: Tornadus
|
|upkeep
|
|t:|1650118229
|switch|p2a: Weavile|Weavile, M|17/100
|-ability|p2a: Weavile|Pressure
|turn|42
|
|t:|1650118233
|move|p2a: Weavile|Ice Shard|p1a: Dragapult
|-supereffective|p1a: Dragapult
|-damage|p1a: Dragapult|0 fnt
|faint|p1a: Dragapult
|
|upkeep
|
|t:|1650118235
|switch|p1a: Zeraora|Zeraora|14/100
|turn|43
|c|☆FENDINI|gg
|
|t:|1650118242
|move|p2a: Weavile|Ice Shard|p1a: Zeraora
|-damage|p1a: Zeraora|0 fnt
|faint|p1a: Zeraora
|
|win|FENDINI
|raw|Strawberry Yumemi's rating: 1795 &rarr; <strong>1773</strong><br />(-22 for losing)
|raw|FENDINI's rating: 1764 &rarr; <strong>1786</strong><br />(+22 for winning)
