|j|☆Mingdingo
|j|☆gaijineagle
|t:|1598833132
|player|p1|Mingdingo|265|1345
|player|p2|gaijineagle|1|1371
|teamsize|p1|6
|teamsize|p2|6
|gametype|singles
|gen|8
|tier|[Gen 8] OU
|rated|
|clearpoke
|poke|p1|Porygon-Z|
|poke|p1|Urshifu-*, F|
|poke|p1|Rotom-Heat|
|poke|p1|Slowbro, M|
|poke|p1|Clefable, M|
|poke|p1|Goodra, M|
|poke|p2|Dragapult, F|
|poke|p2|Hippowdon, F|
|poke|p2|Clefable, M|
|poke|p2|Ferrothorn, F|
|poke|p2|Excadrill, M|
|poke|p2|Urshifu-*, M|
|rule|Sleep Clause Mod: Limit one foe put to sleep
|rule|Species Clause: Limit one of each Pokémon
|rule|OHKO Clause: OHKO moves are banned
|rule|Evasion Moves Clause: Evasion moves are banned
|rule|Endless Battle Clause: Forcing endless battles is banned
|rule|HP Percentage Mod: HP is shown in percentages
|rule|Dynamax Clause: You cannot dynamax
|teampreview
|inactive|Battle timer is ON: inactive players will automatically lose when time's up. (requested by Mingdingo)
|c|☆Mingdingo|gl
|inactive|gaijineagle has 120 seconds left.
|
|t:|1598833175
|start
|switch|p1a: Porygon-Z|Porygon-Z|100/100
|switch|p2a: Urshifu|Urshifu, M|100/100
|turn|1
|
|t:|1598833204
|move|p2a: Urshifu|Close Combat|p1a: Porygon-Z
|-supereffective|p1a: Porygon-Z
|-damage|p1a: Porygon-Z|0 fnt
|-unboost|p2a: Urshifu|def|1
|-unboost|p2a: Urshifu|spd|1
|-damage|p2a: Urshifu|91/100|[from] item: Life Orb
|faint|p1a: Porygon-Z
|
|upkeep
|
|t:|1598833209
|switch|p1a: Clefable|Clefable, M|100/100
|turn|2
|
|t:|1598833229
|switch|p2a: Ferrothorn|Ferrothorn, F|100/100
|move|p1a: Clefable|Thunder Wave|p2a: Ferrothorn
|-status|p2a: Ferrothorn|par
|
|upkeep
|turn|3
|
|t:|1598833233
|move|p1a: Clefable|Stealth Rock|p2a: Ferrothorn
|-sidestart|p2: gaijineagle|move: Stealth Rock
|cant|p2a: Ferrothorn|par
|
|upkeep
|turn|4
|
|t:|1598833238
|switch|p1a: Goodra|Goodra, M|100/100
|move|p2a: Ferrothorn|Knock Off|p1a: Goodra
|-damage|p1a: Goodra|76/100
|-enditem|p1a: Goodra|Assault Vest|[from] move: Knock Off|[of] p2a: Ferrothorn
|
|upkeep
|turn|5
|
|t:|1598833259
|switch|p2a: Hippowdon|Hippowdon, F|100/100
|-damage|p2a: Hippowdon|94/100|[from] Stealth Rock
|-weather|Sandstorm|[from] ability: Sand Stream|[of] p2a: Hippowdon
|move|p1a: Goodra|Flamethrower|p2a: Hippowdon
|-damage|p2a: Hippowdon|64/100
|-status|p2a: Hippowdon|brn
|
|-weather|Sandstorm|[upkeep]
|-damage|p1a: Goodra|70/100|[from] Sandstorm
|-damage|p2a: Hippowdon|58/100 brn|[from] brn
|upkeep
|turn|6
|
|t:|1598833276
|switch|p1a: Slowbro|Slowbro, M|100/100
|move|p2a: Hippowdon|Slack Off|p2a: Hippowdon
|-heal|p2a: Hippowdon|100/100 brn
|
|-weather|Sandstorm|[upkeep]
|-damage|p1a: Slowbro|94/100|[from] Sandstorm
|-damage|p2a: Hippowdon|94/100 brn|[from] brn
|upkeep
|turn|7
|inactive|gaijineagle has 120 seconds left.
|
|t:|1598833300
|move|p1a: Slowbro|Future Sight|p2a: Hippowdon
|-start|p1a: Slowbro|move: Future Sight
|move|p2a: Hippowdon|Stealth Rock|p1a: Slowbro
|-sidestart|p1: Mingdingo|move: Stealth Rock
|
|-weather|Sandstorm|[upkeep]
|-damage|p1a: Slowbro|88/100|[from] Sandstorm
|-damage|p2a: Hippowdon|88/100 brn|[from] brn
|upkeep
|turn|8
|inactive|gaijineagle has 120 seconds left.
|
|t:|1598833333
|switch|p2a: Urshifu|Urshifu, M|91/100
|-damage|p2a: Urshifu|84/100|[from] Stealth Rock
|move|p1a: Slowbro|Scald|p2a: Urshifu
|-damage|p2a: Urshifu|42/100
|
|-weather|Sandstorm|[upkeep]
|-damage|p2a: Urshifu|36/100|[from] Sandstorm
|-damage|p1a: Slowbro|82/100|[from] Sandstorm
|upkeep
|turn|9
|
|t:|1598833348
|switch|p1a: Clefable|Clefable, M|100/100
|move|p2a: Urshifu|Wicked Blow|p1a: Clefable
|-resisted|p1a: Clefable
|-crit|p1a: Clefable
|-damage|p1a: Clefable|63/100
|-damage|p2a: Urshifu|26/100|[from] item: Life Orb
|
|-weather|Sandstorm|[upkeep]
|-damage|p2a: Urshifu|20/100|[from] Sandstorm
|-end|p2a: Urshifu|move: Future Sight
|-immune|p2a: Urshifu
|-heal|p1a: Clefable|69/100|[from] item: Leftovers
|upkeep
|turn|10
|
|t:|1598833354
|move|p2a: Urshifu|Poison Jab|p1a: Clefable
|-supereffective|p1a: Clefable
|-damage|p1a: Clefable|3/100
|-status|p1a: Clefable|psn
|-damage|p2a: Urshifu|10/100|[from] item: Life Orb
|move|p1a: Clefable|Moonblast|p2a: Urshifu
|-supereffective|p2a: Urshifu
|-damage|p2a: Urshifu|0 fnt
|faint|p2a: Urshifu
|
|-weather|Sandstorm|[upkeep]
|-heal|p1a: Clefable|9/100 psn|[from] item: Leftovers
|upkeep
|
|t:|1598833359
|switch|p2a: Excadrill|Excadrill, M|100/100
|-damage|p2a: Excadrill|97/100|[from] Stealth Rock
|turn|11
|
|t:|1598833363
|switch|p1a: Slowbro|Slowbro, M|100/100
|-damage|p1a: Slowbro|88/100|[from] Stealth Rock
|move|p2a: Excadrill|Iron Head|p1a: Slowbro
|-resisted|p1a: Slowbro
|-damage|p1a: Slowbro|68/100
|-damage|p2a: Excadrill|81/100|[from] item: Rocky Helmet|[of] p1a: Slowbro
|-damage|p2a: Excadrill|71/100|[from] item: Life Orb
|
|-weather|Sandstorm|[upkeep]
|-damage|p1a: Slowbro|62/100|[from] Sandstorm
|upkeep
|turn|12
|inactive|gaijineagle has 120 seconds left.
|
|t:|1598833395
|switch|p2a: Ferrothorn|Ferrothorn, F|100/100 par
|-damage|p2a: Ferrothorn|94/100 par|[from] Stealth Rock
|move|p1a: Slowbro|Scald|p2a: Ferrothorn
|-resisted|p2a: Ferrothorn
|-damage|p2a: Ferrothorn|82/100 par
|
|-weather|none
|-heal|p2a: Ferrothorn|89/100 par|[from] item: Leftovers
|upkeep
|turn|13
|inactive|gaijineagle has 90 seconds left.
|
|t:|1598833414
|switch|p1a: Rotom|Rotom-Heat|100/100
|move|p2a: Ferrothorn|Knock Off|p1a: Rotom
|-damage|p1a: Rotom|76/100
|-enditem|p1a: Rotom|Heavy-Duty Boots|[from] move: Knock Off|[of] p2a: Ferrothorn
|
|-heal|p2a: Ferrothorn|95/100 par|[from] item: Leftovers
|upkeep
|turn|14
|inactive|gaijineagle has 90 seconds left.
|
|t:|1598833434
|switch|p2a: Hippowdon|Hippowdon, F|88/100 brn
|-damage|p2a: Hippowdon|82/100 brn|[from] Stealth Rock
|-weather|Sandstorm|[from] ability: Sand Stream|[of] p2a: Hippowdon
|move|p1a: Rotom|Overheat|p2a: Hippowdon
|-damage|p2a: Hippowdon|15/100 brn
|-unboost|p1a: Rotom|spa|2
|
|-weather|Sandstorm|[upkeep]
|-damage|p1a: Rotom|70/100|[from] Sandstorm
|-damage|p2a: Hippowdon|9/100 brn|[from] brn
|upkeep
|turn|15
|
|t:|1598833439
|move|p1a: Rotom|Overheat|p2a: Hippowdon
|-damage|p2a: Hippowdon|0 fnt
|-unboost|p1a: Rotom|spa|2
|faint|p2a: Hippowdon
|
|-weather|Sandstorm|[upkeep]
|-damage|p1a: Rotom|64/100|[from] Sandstorm
|upkeep
|
|t:|1598833446
|switch|p2a: Excadrill|Excadrill, M|71/100
|-damage|p2a: Excadrill|68/100|[from] Stealth Rock
|turn|16
|
|t:|1598833450
|switch|p1a: Slowbro|Slowbro, M|95/100
|-damage|p1a: Slowbro|83/100|[from] Stealth Rock
|move|p2a: Excadrill|Rock Slide|p1a: Slowbro
|-damage|p1a: Slowbro|58/100
|-damage|p2a: Excadrill|58/100|[from] item: Life Orb
|
|-weather|Sandstorm|[upkeep]
|-damage|p1a: Slowbro|52/100|[from] Sandstorm
|upkeep
|turn|17
|
|t:|1598833466
|move|p2a: Excadrill|Earthquake|p1a: Slowbro
|-damage|p1a: Slowbro|6/100
|-damage|p2a: Excadrill|48/100|[from] item: Life Orb
|move|p1a: Slowbro|Scald|p2a: Excadrill
|-supereffective|p2a: Excadrill
|-damage|p2a: Excadrill|0 fnt
|faint|p2a: Excadrill
|
|-weather|Sandstorm|[upkeep]
|-damage|p1a: Slowbro|0 fnt|[from] Sandstorm
|faint|p1a: Slowbro
|upkeep
|inactive|gaijineagle has 90 seconds left.
|
|t:|1598833489
|switch|p2a: Dragapult|Dragapult, F|100/100
|switch|p1a: Rotom|Rotom-Heat|64/100
|-damage|p2a: Dragapult|88/100|[from] Stealth Rock
|-damage|p1a: Rotom|39/100|[from] Stealth Rock
|turn|18
|inactive|gaijineagle has 90 seconds left.
|
|t:|1598833510
|move|p2a: Dragapult|Flamethrower|p1a: Rotom
|-resisted|p1a: Rotom
|-damage|p1a: Rotom|19/100
|-damage|p2a: Dragapult|78/100|[from] item: Life Orb
|move|p1a: Rotom|Volt Switch|p2a: Dragapult
|-resisted|p2a: Dragapult
|-damage|p2a: Dragapult|55/100
|
|t:|1598833522
|switch|p1a: Goodra|Goodra, M|70/100|[from]move: Volt Switch
|-damage|p1a: Goodra|58/100|[from] Stealth Rock
|
|-weather|Sandstorm|[upkeep]
|-damage|p2a: Dragapult|49/100|[from] Sandstorm
|-damage|p1a: Goodra|52/100|[from] Sandstorm
|upkeep
|turn|19
|inactive|gaijineagle has 90 seconds left.
|
|t:|1598833533
|move|p2a: Dragapult|Dragon Darts|p1a: Goodra
|-supereffective|p1a: Goodra
|-damage|p1a: Goodra|0 fnt
|-damage|p2a: Dragapult|39/100|[from] item: Life Orb
|faint|p1a: Goodra
|
|-weather|Sandstorm|[upkeep]
|-damage|p2a: Dragapult|33/100|[from] Sandstorm
|upkeep
|
|t:|1598833545
|switch|p1a: Urshifu|Urshifu, F|100/100
|-damage|p1a: Urshifu|94/100|[from] Stealth Rock
|turn|20
|inactive|gaijineagle has 90 seconds left.
|
|t:|1598833557
|switch|p2a: Ferrothorn|Ferrothorn, F|95/100 par
|-damage|p2a: Ferrothorn|89/100 par|[from] Stealth Rock
|move|p1a: Urshifu|Sucker Punch||[still]
|-fail|p1a: Urshifu
|
|-weather|Sandstorm|[upkeep]
|-damage|p1a: Urshifu|88/100|[from] Sandstorm
|-heal|p2a: Ferrothorn|95/100 par|[from] item: Leftovers
|upkeep
|turn|21
|
|t:|1598833561
|move|p1a: Urshifu|Bulk Up|p1a: Urshifu
|-boost|p1a: Urshifu|atk|1
|-boost|p1a: Urshifu|def|1
|cant|p2a: Ferrothorn|par
|
|-weather|none
|-heal|p2a: Ferrothorn|100/100 par|[from] item: Leftovers
|upkeep
|turn|22
|
|t:|1598833566
|move|p1a: Urshifu|Bulk Up|p1a: Urshifu
|-boost|p1a: Urshifu|atk|1
|-boost|p1a: Urshifu|def|1
|move|p2a: Ferrothorn|Knock Off|p1a: Urshifu
|-resisted|p1a: Urshifu
|-damage|p1a: Urshifu|86/100
|-enditem|p1a: Urshifu|Life Orb|[from] move: Knock Off|[of] p2a: Ferrothorn
|
|upkeep
|turn|23
|
|t:|1598833575
|move|p1a: Urshifu|Close Combat|p2a: Ferrothorn
|-supereffective|p2a: Ferrothorn
|-damage|p2a: Ferrothorn|0 fnt
|-unboost|p1a: Urshifu|def|1
|-unboost|p1a: Urshifu|spd|1
|-damage|p1a: Urshifu|73/100|[from] ability: Iron Barbs|[of] p2a: Ferrothorn
|faint|p2a: Ferrothorn
|
|upkeep
|
|t:|1598833577
|switch|p2a: Dragapult|Dragapult, F|33/100
|-damage|p2a: Dragapult|21/100|[from] Stealth Rock
|turn|24
|
|t:|1598833582
|move|p1a: Urshifu|Sucker Punch|p2a: Dragapult
|-supereffective|p2a: Dragapult
|-damage|p2a: Dragapult|0 fnt
|faint|p2a: Dragapult
|
|upkeep
|
|t:|1598833584
|switch|p2a: Clefable|Clefable, M|100/100
|turn|25
|
|t:|1598833588
|move|p1a: Urshifu|Wicked Blow|p2a: Clefable
|-resisted|p2a: Clefable
|-crit|p2a: Clefable
|-damage|p2a: Clefable|49/100
|move|p2a: Clefable|Moonblast|p1a: Urshifu
|-supereffective|p1a: Urshifu
|-damage|p1a: Urshifu|0 fnt
|faint|p1a: Urshifu
|
|upkeep
|
|t:|1598833602
|switch|p1a: Clefable|Clefable, M|9/100 psn
|turn|26
|
|t:|1598833615
|move|p1a: Clefable|Wish|p1a: Clefable
|move|p2a: Clefable|Moonblast|p1a: Clefable
|-damage|p1a: Clefable|0 fnt
|faint|p1a: Clefable
|
|upkeep
|
|t:|1598833618
|switch|p1a: Rotom|Rotom-Heat|19/100
|-damage|p1a: Rotom|0 fnt|[from] Stealth Rock
|faint|p1a: Rotom
|
|win|gaijineagle
|c|☆gaijineagle|gg
|raw|Mingdingo's rating: 1345 &rarr; <strong>1327</strong><br />(-18 for losing)
|raw|gaijineagle's rating: 1371 &rarr; <strong>1390</strong><br />(+19 for winning)
|c|☆Mingdingo|I forgot lol
|l|☆Mingdingo
