|j|☆Blacksponge
|j|☆0kay
|t:|1636423713
|gametype|singles
|player|p1|Blacksponge|102|1676
|player|p2|0kay|erika-gen2|1755
|teamsize|p1|6
|teamsize|p2|6
|gen|8
|tier|[Gen 8] OU
|rated|
|rule|Sleep Clause Mod: Limit one foe put to sleep
|rule|Species Clause: Limit one of each Pokémon
|rule|OHKO Clause: OHKO moves are banned
|rule|Evasion Moves Clause: Evasion moves are banned
|rule|Endless Battle Clause: Forcing endless battles is banned
|rule|HP Percentage Mod: HP is shown in percentages
|rule|Dynamax Clause: You cannot dynamax
|clearpoke
|poke|p1|Mew|
|poke|p1|Urshifu-*, F|
|poke|p1|Corviknight, F|
|poke|p1|Dragapult, F|
|poke|p1|Landorus-Therian, M|
|poke|p1|Regieleki|
|poke|p2|Pelipper, M|
|poke|p2|Seismitoad, M|
|poke|p2|Barraskewda, F|
|poke|p2|Ferrothorn, M|
|poke|p2|Thundurus-Therian, M|
|poke|p2|Moltres|
|teampreview
|inactive|Battle timer is ON: inactive players will automatically lose when time's up. (requested by 0kay)
|j| Hella Rare Pepe
|j| The_GG.king
|
|t:|1636423742
|start
|switch|p1a: Dragapult|Dragapult, F|100/100
|switch|p2a: Pelipper|Pelipper, M|100/100
|-weather|RainDance|[from] ability: Drizzle|[of] p2a: Pelipper
|turn|1
|
|t:|1636423745
|switch|p2a: Ferrothorn|Ferrothorn, M|100/100
|move|p1a: Dragapult|Shadow Ball|p2a: Ferrothorn
|-damage|p2a: Ferrothorn|64/100
|
|-weather|RainDance|[upkeep]
|-heal|p2a: Ferrothorn|70/100|[from] item: Leftovers
|upkeep
|turn|2
|
|t:|1636423751
|move|p1a: Dragapult|Shadow Ball|p2a: Ferrothorn
|-damage|p2a: Ferrothorn|34/100
|-unboost|p2a: Ferrothorn|spd|1
|move|p2a: Ferrothorn|Knock Off|p1a: Dragapult
|-supereffective|p1a: Dragapult
|-damage|p1a: Dragapult|38/100
|-enditem|p1a: Dragapult|Choice Specs|[from] move: Knock Off|[of] p2a: Ferrothorn
|
|-weather|RainDance|[upkeep]
|-heal|p2a: Ferrothorn|40/100|[from] item: Leftovers
|upkeep
|turn|3
|
|t:|1636423758
|move|p1a: Dragapult|Fire Blast|p2a: Ferrothorn
|-supereffective|p2a: Ferrothorn
|-damage|p2a: Ferrothorn|0 fnt
|faint|p2a: Ferrothorn
|
|-weather|RainDance|[upkeep]
|upkeep
|
|t:|1636423767
|switch|p2a: Seismitoad|Seismitoad, M|100/100
|turn|4
|
|t:|1636423771
|move|p2a: Seismitoad|Weather Ball|p1a: Dragapult
|-resisted|p1a: Dragapult
|-damage|p1a: Dragapult|0 fnt
|faint|p1a: Dragapult
|
|-weather|RainDance|[upkeep]
|upkeep
|
|t:|1636423780
|switch|p1a: Urshifu|Urshifu-Rapid-Strike, F|100/100
|turn|5
|
|t:|1636423786
|switch|p2a: Moltres|Moltres, shiny|100/100
|move|p1a: Urshifu|Surging Strikes|p2a: Moltres
|-supereffective|p2a: Moltres
|-crit|p2a: Moltres
|-damage|p2a: Moltres|2/100
|-status|p1a: Urshifu|brn|[from] ability: Flame Body|[of] p2a: Moltres
|-supereffective|p2a: Moltres
|-crit|p2a: Moltres
|-damage|p2a: Moltres|0 fnt
|faint|p2a: Moltres
|-hitcount|p2: Moltres|2
|
|-weather|RainDance|[upkeep]
|-damage|p1a: Urshifu|94/100 brn|[from] brn
|upkeep
|
|t:|1636423795
|switch|p2a: Thundurus|Thundurus-Therian, M|100/100
|turn|6
|
|t:|1636423801
|move|p2a: Thundurus|Thunder|p1a: Urshifu
|-supereffective|p1a: Urshifu
|-damage|p1a: Urshifu|0 fnt
|faint|p1a: Urshifu
|-damage|p2a: Thundurus|91/100|[from] item: Life Orb
|
|-weather|RainDance|[upkeep]
|upkeep
|
|t:|1636423810
|switch|p1a: Regieleki|Regieleki|100/100
|turn|7
|
|t:|1636423816
|move|p1a: Regieleki|Extreme Speed|p2a: Thundurus
|-damage|p2a: Thundurus|65/100
|move|p2a: Thundurus|Weather Ball|p1a: Regieleki
|-damage|p1a: Regieleki|0 fnt
|faint|p1a: Regieleki
|-damage|p2a: Thundurus|55/100|[from] item: Life Orb
|
|-weather|RainDance|[upkeep]
|upkeep
|
|t:|1636423828
|switch|p1a: Landorus|Landorus-Therian, M|100/100
|-ability|p1a: Landorus|Intimidate|boost
|-unboost|p2a: Thundurus|atk|1
|turn|8
|
|t:|1636423831
|switch|p2a: Seismitoad|Seismitoad, M|100/100
|switch|p1a: Corviknight|Corviknight, F|100/100
|-ability|p1a: Corviknight|Pressure
|
|-weather|none
|upkeep
|turn|9
|
|t:|1636423834
|switch|p2a: Pelipper|Pelipper, M|100/100
|-weather|RainDance|[from] ability: Drizzle|[of] p2a: Pelipper
|move|p1a: Corviknight|U-turn|p2a: Pelipper
|-resisted|p2a: Pelipper
|-damage|p2a: Pelipper|95/100
|
|t:|1636423837
|switch|p1a: Mew|Mew|100/100|[from]move: U-turn
|
|-weather|RainDance|[upkeep]
|upkeep
|turn|10
|
|t:|1636423841
|move|p1a: Mew|Cosmic Power|p1a: Mew
|-boost|p1a: Mew|def|1
|-boost|p1a: Mew|spd|1
|move|p2a: Pelipper|U-turn|p1a: Mew
|-supereffective|p1a: Mew
|-damage|p1a: Mew|93/100
|
|t:|1636423846
|switch|p2a: Barraskewda|Barraskewda, F, shiny|100/100|[from]move: U-turn
|
|-weather|RainDance|[upkeep]
|-heal|p1a: Mew|99/100|[from] item: Leftovers
|upkeep
|turn|11
|
|t:|1636423850
|move|p2a: Barraskewda|Liquidation|p1a: Mew
|-damage|p1a: Mew|54/100
|move|p1a: Mew|Cosmic Power|p1a: Mew
|-boost|p1a: Mew|def|1
|-boost|p1a: Mew|spd|1
|
|-weather|RainDance|[upkeep]
|-heal|p1a: Mew|60/100|[from] item: Leftovers
|upkeep
|turn|12
|
|t:|1636423854
|move|p2a: Barraskewda|Liquidation|p1a: Mew
|-damage|p1a: Mew|28/100
|move|p1a: Mew|Soft-Boiled|p1a: Mew
|-heal|p1a: Mew|78/100
|
|-weather|RainDance|[upkeep]
|-heal|p1a: Mew|84/100|[from] item: Leftovers
|upkeep
|turn|13
|
|t:|1636423857
|move|p2a: Barraskewda|Liquidation|p1a: Mew
|-damage|p1a: Mew|53/100
|move|p1a: Mew|Cosmic Power|p1a: Mew
|-boost|p1a: Mew|def|1
|-boost|p1a: Mew|spd|1
|
|-weather|RainDance|[upkeep]
|-heal|p1a: Mew|59/100|[from] item: Leftovers
|upkeep
|turn|14
|
|t:|1636423860
|move|p2a: Barraskewda|Liquidation|p1a: Mew
|-damage|p1a: Mew|35/100
|-unboost|p1a: Mew|def|1
|move|p1a: Mew|Soft-Boiled|p1a: Mew
|-heal|p1a: Mew|85/100
|
|-weather|RainDance|[upkeep]
|-heal|p1a: Mew|91/100|[from] item: Leftovers
|upkeep
|turn|15
|
|t:|1636423865
|move|p2a: Barraskewda|Liquidation|p1a: Mew
|-damage|p1a: Mew|57/100
|-unboost|p1a: Mew|def|1
|move|p1a: Mew|Cosmic Power|p1a: Mew
|-boost|p1a: Mew|def|1
|-boost|p1a: Mew|spd|1
|
|-weather|RainDance|[upkeep]
|-heal|p1a: Mew|64/100|[from] item: Leftovers
|upkeep
|turn|16
|
|t:|1636423869
|move|p2a: Barraskewda|Liquidation|p1a: Mew
|-damage|p1a: Mew|31/100
|-unboost|p1a: Mew|def|1
|move|p1a: Mew|Soft-Boiled|p1a: Mew
|-heal|p1a: Mew|81/100
|
|-weather|none
|-heal|p1a: Mew|88/100|[from] item: Leftovers
|upkeep
|turn|17
|
|t:|1636423872
|move|p2a: Barraskewda|Liquidation|p1a: Mew
|-damage|p1a: Mew|61/100
|-unboost|p1a: Mew|def|1
|move|p1a: Mew|Cosmic Power|p1a: Mew
|-boost|p1a: Mew|def|1
|-boost|p1a: Mew|spd|1
|
|-heal|p1a: Mew|67/100|[from] item: Leftovers
|upkeep
|turn|18
|
|t:|1636423875
|move|p2a: Barraskewda|Liquidation|p1a: Mew
|-damage|p1a: Mew|36/100
|-unboost|p1a: Mew|def|1
|move|p1a: Mew|Cosmic Power|p1a: Mew
|-boost|p1a: Mew|def|1
|-boost|p1a: Mew|spd|1
|
|-heal|p1a: Mew|42/100|[from] item: Leftovers
|upkeep
|turn|19
|
|t:|1636423878
|move|p2a: Barraskewda|Liquidation|p1a: Mew
|-damage|p1a: Mew|13/100
|-unboost|p1a: Mew|def|1
|move|p1a: Mew|Soft-Boiled|p1a: Mew
|-heal|p1a: Mew|63/100
|
|-heal|p1a: Mew|70/100|[from] item: Leftovers
|upkeep
|turn|20
|
|t:|1636423884
|move|p2a: Barraskewda|Liquidation|p1a: Mew
|-damage|p1a: Mew|26/100
|move|p1a: Mew|Cosmic Power|p1a: Mew
|-boost|p1a: Mew|def|1
|-boost|p1a: Mew|spd|0
|
|-heal|p1a: Mew|33/100|[from] item: Leftovers
|upkeep
|turn|21
|
|t:|1636423889
|move|p2a: Barraskewda|Liquidation|p1a: Mew
|-damage|p1a: Mew|6/100
|move|p1a: Mew|Soft-Boiled|p1a: Mew
|-heal|p1a: Mew|56/100
|
|-heal|p1a: Mew|62/100|[from] item: Leftovers
|upkeep
|turn|22
|
|t:|1636423892
|move|p2a: Barraskewda|Liquidation|p1a: Mew
|-damage|p1a: Mew|32/100
|-unboost|p1a: Mew|def|1
|move|p1a: Mew|Soft-Boiled|p1a: Mew
|-heal|p1a: Mew|82/100
|
|-heal|p1a: Mew|88/100|[from] item: Leftovers
|upkeep
|turn|23
|
|t:|1636423895
|move|p2a: Barraskewda|Liquidation|p1a: Mew
|-damage|p1a: Mew|43/100
|move|p1a: Mew|Cosmic Power|p1a: Mew
|-boost|p1a: Mew|def|1
|-boost|p1a: Mew|spd|0
|
|-heal|p1a: Mew|50/100|[from] item: Leftovers
|upkeep
|turn|24
|
|t:|1636423898
|move|p2a: Barraskewda|Liquidation|p1a: Mew
|-damage|p1a: Mew|22/100
|move|p1a: Mew|Soft-Boiled|p1a: Mew
|-heal|p1a: Mew|72/100
|
|-heal|p1a: Mew|78/100|[from] item: Leftovers
|upkeep
|turn|25
|
|t:|1636423902
|move|p2a: Barraskewda|Liquidation|p1a: Mew
|-damage|p1a: Mew|50/100
|move|p1a: Mew|Cosmic Power|p1a: Mew
|-boost|p1a: Mew|def|1
|-boost|p1a: Mew|spd|0
|
|-heal|p1a: Mew|56/100|[from] item: Leftovers
|upkeep
|turn|26
|
|t:|1636423905
|move|p2a: Barraskewda|Liquidation|p1a: Mew
|-damage|p1a: Mew|36/100
|move|p1a: Mew|Soft-Boiled|p1a: Mew
|-heal|p1a: Mew|86/100
|
|-heal|p1a: Mew|92/100|[from] item: Leftovers
|upkeep
|turn|27
|
|t:|1636423909
|switch|p2a: Pelipper|Pelipper, M|95/100
|-weather|RainDance|[from] ability: Drizzle|[of] p2a: Pelipper
|move|p1a: Mew|Cosmic Power|p1a: Mew
|-boost|p1a: Mew|def|1
|-boost|p1a: Mew|spd|0
|
|-weather|RainDance|[upkeep]
|-heal|p1a: Mew|98/100|[from] item: Leftovers
|upkeep
|turn|28
|
|t:|1636423911
|move|p1a: Mew|Taunt|p2a: Pelipper
|-start|p2a: Pelipper|move: Taunt
|move|p2a: Pelipper|Scald|p1a: Mew
|-damage|p1a: Mew|89/100
|-status|p1a: Mew|brn
|-activate|p1a: Mew|ability: Synchronize
|-status|p2a: Pelipper|brn
|
|-weather|RainDance|[upkeep]
|-heal|p1a: Mew|95/100 brn|[from] item: Leftovers
|-damage|p1a: Mew|89/100 brn|[from] brn
|-damage|p2a: Pelipper|89/100 brn|[from] brn
|upkeep
|turn|29
|
|t:|1636423915
|move|p1a: Mew|Cosmic Power|p1a: Mew
|-boost|p1a: Mew|def|1
|-boost|p1a: Mew|spd|0
|move|p2a: Pelipper|Scald|p1a: Mew
|-damage|p1a: Mew|81/100 brn
|
|-weather|RainDance|[upkeep]
|-heal|p1a: Mew|87/100 brn|[from] item: Leftovers
|-damage|p1a: Mew|81/100 brn|[from] brn
|-damage|p2a: Pelipper|83/100 brn|[from] brn
|upkeep
|turn|30
|
|t:|1636423920
|move|p1a: Mew|Stored Power|p2a: Pelipper
|-damage|p2a: Pelipper|0 fnt
|faint|p2a: Pelipper
|
|-weather|RainDance|[upkeep]
|-heal|p1a: Mew|87/100 brn|[from] item: Leftovers
|-damage|p1a: Mew|81/100 brn|[from] brn
|upkeep
|
|t:|1636423924
|switch|p2a: Thundurus|Thundurus-Therian, M|55/100
|turn|31
|
|t:|1636423928
|move|p2a: Thundurus|Thunder|p1a: Mew
|-damage|p1a: Mew|64/100 brn
|-damage|p2a: Thundurus|45/100|[from] item: Life Orb
|move|p1a: Mew|Stored Power|p2a: Thundurus
|-damage|p2a: Thundurus|0 fnt
|faint|p2a: Thundurus
|
|-weather|RainDance|[upkeep]
|-heal|p1a: Mew|70/100 brn|[from] item: Leftovers
|-damage|p1a: Mew|64/100 brn|[from] brn
|upkeep
|
|t:|1636423933
|switch|p2a: Seismitoad|Seismitoad, M|100/100
|turn|32
|
|t:|1636423937
|move|p2a: Seismitoad|Weather Ball|p1a: Mew
|-damage|p1a: Mew|44/100 brn
|move|p1a: Mew|Soft-Boiled|p1a: Mew
|-heal|p1a: Mew|94/100 brn
|
|-weather|RainDance|[upkeep]
|-heal|p1a: Mew|99/100 brn|[from] item: Leftovers
|-damage|p1a: Mew|94/100 brn|[from] brn
|upkeep
|turn|33
|
|t:|1636423943
|move|p2a: Seismitoad|Weather Ball|p1a: Mew
|-damage|p1a: Mew|75/100 brn
|move|p1a: Mew|Stored Power|p2a: Seismitoad
|-damage|p2a: Seismitoad|15/100
|
|-weather|RainDance|[upkeep]
|-heal|p1a: Mew|81/100 brn|[from] item: Leftovers
|-damage|p1a: Mew|75/100 brn|[from] brn
|upkeep
|turn|34
|j| forestcave
|
|t:|1636423949
|move|p2a: Seismitoad|Weather Ball|p1a: Mew
|-damage|p1a: Mew|53/100 brn
|move|p1a: Mew|Soft-Boiled|p1a: Mew
|-heal|p1a: Mew|100/100 brn
|
|-weather|none
|-damage|p1a: Mew|94/100 brn|[from] brn
|upkeep
|turn|35
|
|t:|1636423953
|move|p2a: Seismitoad|Weather Ball|p1a: Mew
|-damage|p1a: Mew|89/100 brn
|move|p1a: Mew|Stored Power|p2a: Seismitoad
|-damage|p2a: Seismitoad|0 fnt
|faint|p2a: Seismitoad
|
|-heal|p1a: Mew|96/100 brn|[from] item: Leftovers
|-damage|p1a: Mew|89/100 brn|[from] brn
|upkeep
|
|t:|1636423954
|switch|p2a: Barraskewda|Barraskewda, F, shiny|100/100
|turn|36
|
|t:|1636423958
|move|p2a: Barraskewda|Flip Turn|p1a: Mew
|-damage|p1a: Mew|79/100 brn
|move|p1a: Mew|Stored Power|p2a: Barraskewda
|-damage|p2a: Barraskewda|0 fnt
|faint|p2a: Barraskewda
|
|win|Blacksponge
|raw|Blacksponge's rating: 1676 &rarr; <strong>1700</strong><br />(+24 for winning)
|raw|0kay's rating: 1755 &rarr; <strong>1731</strong><br />(-24 for losing)
|l|☆0kay
|l| forestcave
||Ladder isn't responding, score probably updated but might not have (Request timeout).
