|j|☆FC hyssou
|j|☆Stellar Flares
|t:|1617717901
|gametype|singles
|player|p1|FC hyssou|lucas-gen4pt|
|player|p2|Stellar Flares|265|
|teamsize|p1|6
|teamsize|p2|6
|gen|8
|tier|[Gen 8] OU
|rated|Tournament battle
|clearpoke
|poke|p1|Tornadus-Therian, M|
|poke|p1|Tapu Koko|
|poke|p1|Slowbro, M|
|poke|p1|Landorus-Therian, M|
|poke|p1|Tyranitar, F|
|poke|p1|Ferrothorn, M|
|poke|p2|Kartana|
|poke|p2|Magnezone|
|poke|p2|Slowking, M|
|poke|p2|Hippowdon, F|
|poke|p2|Mandibuzz, F|
|poke|p2|Clefable, F|
|rule|Sleep Clause Mod: Limit one foe put to sleep
|rule|Species Clause: Limit one of each Pokémon
|rule|OHKO Clause: OHKO moves are banned
|rule|Evasion Moves Clause: Evasion moves are banned
|rule|Endless Battle Clause: Forcing endless battles is banned
|rule|HP Percentage Mod: HP is shown in percentages
|rule|Dynamax Clause: You cannot dynamax
|teampreview
|
|t:|1617717915
|start
|switch|p1a: Tornadus|Tornadus-Therian, M|100/100
|switch|p2a: Hippowdon|Hippowdon, F|100/100
|-weather|Sandstorm|[from] ability: Sand Stream|[of] p2a: Hippowdon
|turn|1
|
|t:|1617717927
|switch|p2a: Slowking|Slowking, M|100/100
|move|p1a: Tornadus|U-turn|p2a: Slowking
|-supereffective|p2a: Slowking
|-damage|p2a: Slowking|70/100
|
|t:|1617717930
|switch|p1a: Tapu Koko|Tapu Koko|100/100|[from]move: U-turn
|-fieldstart|move: Electric Terrain|[from] ability: Electric Surge|[of] p1a: Tapu Koko
|
|-weather|Sandstorm|[upkeep]
|-damage|p1a: Tapu Koko|94/100|[from] Sandstorm
|-damage|p2a: Slowking|63/100|[from] Sandstorm
|upkeep
|turn|2
|
|t:|1617717935
|switch|p2a: Clefable|Clefable, F|100/100
|move|p1a: Tapu Koko|U-turn|p2a: Clefable
|-resisted|p2a: Clefable
|-damage|p2a: Clefable|93/100
|
|t:|1617717942
|switch|p1a: Tyranitar|Tyranitar, F|100/100|[from]move: U-turn
|
|-weather|Sandstorm|[upkeep]
|-damage|p2a: Clefable|87/100|[from] Sandstorm
|-heal|p2a: Clefable|93/100|[from] item: Leftovers
|upkeep
|turn|3
|
|t:|1617717945
|switch|p2a: Hippowdon|Hippowdon, F|100/100
|move|p1a: Tyranitar|Stealth Rock|p2a: Hippowdon
|-sidestart|p2: Stellar Flares|move: Stealth Rock
|
|-weather|Sandstorm|[upkeep]
|upkeep
|turn|4
|
|t:|1617717949
|move|p1a: Tyranitar|Toxic|p2a: Hippowdon
|-status|p2a: Hippowdon|tox
|move|p2a: Hippowdon|Stealth Rock|p1a: Tyranitar
|-sidestart|p1: FC hyssou|move: Stealth Rock
|
|-weather|Sandstorm|[upkeep]
|-damage|p2a: Hippowdon|94/100 tox|[from] psn
|upkeep
|turn|5
|
|t:|1617717954
|switch|p1a: Tornadus|Tornadus-Therian, M|100/100
|switch|p2a: Magnezone|Magnezone|100/100
|-damage|p2a: Magnezone|94/100|[from] Stealth Rock
|
|-weather|none
|-heal|p2a: Magnezone|100/100|[from] item: Leftovers
|-fieldend|move: Electric Terrain
|upkeep
|turn|6
|
|t:|1617717974
|move|p1a: Tornadus|U-turn|p2a: Magnezone
|-resisted|p2a: Magnezone
|-damage|p2a: Magnezone|95/100
|
|t:|1617717980
|switch|p1a: Landorus|Landorus-Therian, M|100/100|[from]move: U-turn
|-damage|p1a: Landorus|88/100|[from] Stealth Rock
|-ability|p1a: Landorus|Intimidate|boost
|-unboost|p2a: Magnezone|atk|1
|move|p2a: Magnezone|Body Press|p1a: Landorus
|-resisted|p1a: Landorus
|-damage|p1a: Landorus|72/100
|
|-heal|p1a: Landorus|78/100|[from] item: Leftovers
|-heal|p2a: Magnezone|100/100|[from] item: Leftovers
|upkeep
|turn|7
|
|t:|1617717993
|switch|p2a: Kartana|Kartana|100/100
|-damage|p2a: Kartana|94/100|[from] Stealth Rock
|move|p1a: Landorus|Swords Dance|p1a: Landorus
|-boost|p1a: Landorus|atk|2
|
|-heal|p1a: Landorus|84/100|[from] item: Leftovers
|upkeep
|turn|8
|
|t:|1617717999
|switch|p1a: Ferrothorn|Ferrothorn, M|100/100
|-damage|p1a: Ferrothorn|94/100|[from] Stealth Rock
|move|p2a: Kartana|Leaf Blade|p1a: Ferrothorn
|-resisted|p1a: Ferrothorn
|-damage|p1a: Ferrothorn|83/100
|-activate|p1a: Ferrothorn|ability: Iron Barbs
|-activate|p2a: Kartana|item: Protective Pads
|
|-heal|p1a: Ferrothorn|89/100|[from] item: Leftovers
|upkeep
|turn|9
|
|t:|1617718011
|switch|p1a: Tornadus|Tornadus-Therian, M|100/100
|move|p2a: Kartana|Knock Off|p1a: Tornadus
|-damage|p1a: Tornadus|49/100
|-enditem|p1a: Tornadus|Heavy-Duty Boots|[from] move: Knock Off|[of] p2a: Kartana
|
|upkeep
|turn|10
|
|t:|1617718018
|switch|p2a: Slowking|Slowking, M|97/100
|move|p1a: Tornadus|Heat Wave|p2a: Slowking
|-resisted|p2a: Slowking
|-damage|p2a: Slowking|90/100
|
|upkeep
|turn|11
|
|t:|1617718024
|move|p1a: Tornadus|U-turn|p2a: Slowking
|-supereffective|p2a: Slowking
|-damage|p2a: Slowking|59/100
|
|t:|1617718029
|switch|p1a: Slowbro|Slowbro, M|100/100|[from]move: U-turn
|-damage|p1a: Slowbro|88/100|[from] Stealth Rock
|move|p2a: Slowking|Teleport|p2a: Slowking
|
|t:|1617718036
|switch|p2a: Kartana|Kartana|94/100|[from]move: Teleport
|-damage|p2a: Kartana|88/100|[from] Stealth Rock
|
|upkeep
|turn|12
|
|t:|1617718049
|move|p2a: Kartana|Leaf Blade|p1a: Slowbro
|-supereffective|p1a: Slowbro
|-crit|p1a: Slowbro
|-damage|p1a: Slowbro|0 fnt
|faint|p1a: Slowbro
|-ability|p2a: Kartana|Beast Boost|boost
|-boost|p2a: Kartana|atk|1
|
|upkeep
|
|t:|1617718053
|switch|p1a: Tapu Koko|Tapu Koko|94/100
|-fieldstart|move: Electric Terrain|[from] ability: Electric Surge|[of] p1a: Tapu Koko
|turn|13
|
|t:|1617718059
|switch|p2a: Clefable|Clefable, F|93/100
|-damage|p2a: Clefable|81/100|[from] Stealth Rock
|move|p1a: Tapu Koko|Thunderbolt|p2a: Clefable
|-damage|p2a: Clefable|48/100
|
|-heal|p2a: Clefable|55/100|[from] item: Leftovers
|upkeep
|turn|14
|
|t:|1617718070
|switch|p1a: Tyranitar|Tyranitar, F|100/100
|-damage|p1a: Tyranitar|88/100|[from] Stealth Rock
|-weather|Sandstorm|[from] ability: Sand Stream|[of] p1a: Tyranitar
|move|p2a: Clefable|Soft-Boiled|p2a: Clefable
|-heal|p2a: Clefable|100/100
|
|-weather|Sandstorm|[upkeep]
|-damage|p2a: Clefable|94/100|[from] Sandstorm
|-heal|p1a: Tyranitar|94/100|[from] item: Leftovers
|-heal|p2a: Clefable|100/100|[from] item: Leftovers
|upkeep
|turn|15
|
|t:|1617718076
|move|p1a: Tyranitar|Heavy Slam|p2a: Clefable
|-supereffective|p2a: Clefable
|-damage|p2a: Clefable|16/100
|move|p2a: Clefable|Aromatherapy|p2a: Clefable
|-activate|p2a: Clefable|move: Aromatherapy
|-curestatus|p2: Hippowdon|tox|[msg]
|
|-weather|Sandstorm|[upkeep]
|-damage|p2a: Clefable|10/100|[from] Sandstorm
|-heal|p1a: Tyranitar|100/100|[from] item: Leftovers
|-heal|p2a: Clefable|16/100|[from] item: Leftovers
|upkeep
|turn|16
|
|t:|1617718083
|move|p1a: Tyranitar|Toxic|p2a: Clefable
|-status|p2a: Clefable|tox
|move|p2a: Clefable|Soft-Boiled|p2a: Clefable
|-heal|p2a: Clefable|66/100 tox
|
|-weather|Sandstorm|[upkeep]
|-damage|p2a: Clefable|60/100 tox|[from] Sandstorm
|-heal|p2a: Clefable|66/100 tox|[from] item: Leftovers
|-damage|p2a: Clefable|60/100 tox|[from] psn
|upkeep
|turn|17
|
|t:|1617718088
|switch|p2a: Hippowdon|Hippowdon, F|94/100
|-damage|p2a: Hippowdon|88/100|[from] Stealth Rock
|move|p1a: Tyranitar|Toxic|p2a: Hippowdon
|-status|p2a: Hippowdon|tox
|
|-weather|Sandstorm|[upkeep]
|-heal|p2a: Hippowdon|94/100 tox|[from] item: Leftovers
|-damage|p2a: Hippowdon|88/100 tox|[from] psn
|-fieldend|move: Electric Terrain
|upkeep
|turn|18
|
|t:|1617718096
|switch|p1a: Tornadus|Tornadus-Therian, M|82/100
|-damage|p1a: Tornadus|57/100|[from] Stealth Rock
|switch|p2a: Magnezone|Magnezone|100/100
|-damage|p2a: Magnezone|94/100|[from] Stealth Rock
|
|-weather|none
|-heal|p2a: Magnezone|100/100|[from] item: Leftovers
|upkeep
|turn|19
|
|t:|1617718106
|move|p1a: Tornadus|U-turn|p2a: Magnezone
|-resisted|p2a: Magnezone
|-damage|p2a: Magnezone|95/100
|
|t:|1617718109
|switch|p1a: Landorus|Landorus-Therian, M|84/100|[from]move: U-turn
|-damage|p1a: Landorus|72/100|[from] Stealth Rock
|-ability|p1a: Landorus|Intimidate|boost
|-unboost|p2a: Magnezone|atk|1
|move|p2a: Magnezone|Body Press|p1a: Landorus
|-resisted|p1a: Landorus
|-damage|p1a: Landorus|55/100
|
|-heal|p1a: Landorus|61/100|[from] item: Leftovers
|-heal|p2a: Magnezone|100/100|[from] item: Leftovers
|upkeep
|turn|20
|
|t:|1617718117
|switch|p2a: Mandibuzz|Mandibuzz, F|100/100
|move|p1a: Landorus|Earthquake|p2a: Mandibuzz
|-immune|p2a: Mandibuzz
|
|-heal|p1a: Landorus|67/100|[from] item: Leftovers
|upkeep
|turn|21
|
|t:|1617718121
|move|p1a: Landorus|Substitute|p1a: Landorus
|-start|p1a: Landorus|Substitute
|-damage|p1a: Landorus|42/100
|move|p2a: Mandibuzz|U-turn|p1a: Landorus
|-resisted|p1a: Landorus
|-activate|p1a: Landorus|move: Substitute|[damage]
|
|t:|1617718137
|switch|p2a: Slowking|Slowking, M|92/100|[from]move: U-turn
|
|-heal|p1a: Landorus|48/100|[from] item: Leftovers
|upkeep
|turn|22
|
|t:|1617718140
|move|p1a: Landorus|Earthquake|p2a: Slowking
|-damage|p2a: Slowking|29/100
|move|p2a: Slowking|Future Sight|p1a: Landorus
|-start|p2a: Slowking|move: Future Sight
|
|-heal|p1a: Landorus|54/100|[from] item: Leftovers
|upkeep
|turn|23
|
|t:|1617718150
|switch|p2a: Kartana|Kartana|88/100
|-damage|p2a: Kartana|82/100|[from] Stealth Rock
|move|p1a: Landorus|Stone Edge|p2a: Kartana
|-resisted|p2a: Kartana
|-damage|p2a: Kartana|62/100
|
|-heal|p1a: Landorus|60/100|[from] item: Leftovers
|upkeep
|turn|24
|
|t:|1617718158
|switch|p2a: Mandibuzz|Mandibuzz, F|100/100
|move|p1a: Landorus|Earthquake|p2a: Mandibuzz
|-immune|p2a: Mandibuzz
|
|-end|p1a: Landorus|move: Future Sight
|-end|p1a: Landorus|Substitute
|-heal|p1a: Landorus|66/100|[from] item: Leftovers
|upkeep
|turn|25
|
|t:|1617718164
|move|p1a: Landorus|Substitute|p1a: Landorus
|-start|p1a: Landorus|Substitute
|-damage|p1a: Landorus|41/100
|move|p2a: Mandibuzz|U-turn|p1a: Landorus
|-resisted|p1a: Landorus
|-activate|p1a: Landorus|move: Substitute|[damage]
|j| theori147
|
|t:|1617718169
|switch|p2a: Clefable|Clefable, F|60/100 tox|[from]move: U-turn
|-damage|p2a: Clefable|47/100 tox|[from] Stealth Rock
|
|-heal|p1a: Landorus|47/100|[from] item: Leftovers
|-heal|p2a: Clefable|53/100 tox|[from] item: Leftovers
|-damage|p2a: Clefable|47/100 tox|[from] psn
|upkeep
|turn|26
|l| theori147
|
|t:|1617718171
|move|p1a: Landorus|Earthquake|p2a: Clefable
|-damage|p2a: Clefable|0 fnt
|faint|p2a: Clefable
|
|-heal|p1a: Landorus|53/100|[from] item: Leftovers
|upkeep
|
|t:|1617718173
|switch|p2a: Mandibuzz|Mandibuzz, F|100/100
|turn|27
|
|t:|1617718177
|move|p1a: Landorus|Stone Edge|p2a: Mandibuzz
|-supereffective|p2a: Mandibuzz
|-damage|p2a: Mandibuzz|53/100
|move|p2a: Mandibuzz|Foul Play|p1a: Landorus
|-end|p1a: Landorus|Substitute
|
|-heal|p1a: Landorus|59/100|[from] item: Leftovers
|upkeep
|turn|28
|
|t:|1617718185
|switch|p1a: Tapu Koko|Tapu Koko|94/100
|-fieldstart|move: Electric Terrain|[from] ability: Electric Surge|[of] p1a: Tapu Koko
|move|p2a: Mandibuzz|Roost|p2a: Mandibuzz
|-heal|p2a: Mandibuzz|100/100
|-singleturn|p2a: Mandibuzz|move: Roost
|
|upkeep
|turn|29
|j| Don Colombus
|
|t:|1617718203
|switch|p2a: Hippowdon|Hippowdon, F|88/100 tox
|-damage|p2a: Hippowdon|82/100 tox|[from] Stealth Rock
|-weather|Sandstorm|[from] ability: Sand Stream|[of] p2a: Hippowdon
|move|p1a: Tapu Koko|Dazzling Gleam|p2a: Hippowdon
|-crit|p2a: Hippowdon
|-damage|p2a: Hippowdon|33/100 tox
|
|-weather|Sandstorm|[upkeep]
|-damage|p1a: Tapu Koko|88/100|[from] Sandstorm
|-heal|p2a: Hippowdon|39/100 tox|[from] item: Leftovers
|-damage|p2a: Hippowdon|33/100 tox|[from] psn
|upkeep
|turn|30
|c|☆Stellar Flares|**A critical hit!**
|
|t:|1617718223
|switch|p2a: Magnezone|Magnezone|100/100
|-damage|p2a: Magnezone|94/100|[from] Stealth Rock
|move|p1a: Tapu Koko|Dazzling Gleam|p2a: Magnezone
|-resisted|p2a: Magnezone
|-damage|p2a: Magnezone|70/100
|
|-weather|Sandstorm|[upkeep]
|-damage|p1a: Tapu Koko|82/100|[from] Sandstorm
|-heal|p2a: Magnezone|76/100|[from] item: Leftovers
|upkeep
|turn|31
|
|t:|1617718240
|move|p1a: Tapu Koko|Thunderbolt|p2a: Magnezone
|-resisted|p2a: Magnezone
|-damage|p2a: Magnezone|44/100
|move|p2a: Magnezone|Iron Defense|p2a: Magnezone
|-boost|p2a: Magnezone|def|2
|
|-weather|Sandstorm|[upkeep]
|-damage|p1a: Tapu Koko|76/100|[from] Sandstorm
|-heal|p2a: Magnezone|50/100|[from] item: Leftovers
|upkeep
|turn|32
|
|t:|1617718249
|move|p1a: Tapu Koko|U-turn|p2a: Magnezone
|-resisted|p2a: Magnezone
|-damage|p2a: Magnezone|47/100
|
|t:|1617718251
|switch|p1a: Landorus|Landorus-Therian, M|59/100|[from]move: U-turn
|-damage|p1a: Landorus|47/100|[from] Stealth Rock
|-ability|p1a: Landorus|Intimidate|boost
|-unboost|p2a: Magnezone|atk|1
|move|p2a: Magnezone|Body Press|p1a: Landorus
|-resisted|p1a: Landorus
|-damage|p1a: Landorus|12/100
|
|-weather|Sandstorm|[upkeep]
|-heal|p1a: Landorus|18/100|[from] item: Leftovers
|-heal|p2a: Magnezone|53/100|[from] item: Leftovers
|-fieldend|move: Electric Terrain
|upkeep
|turn|33
|
|t:|1617718263
|switch|p2a: Mandibuzz|Mandibuzz, F|100/100
|move|p1a: Landorus|Earthquake|p2a: Mandibuzz
|-immune|p2a: Mandibuzz
|
|-weather|none
|-heal|p1a: Landorus|24/100|[from] item: Leftovers
|upkeep
|turn|34
|
|t:|1617718268
|switch|p1a: Tornadus|Tornadus-Therian, M|91/100
|-damage|p1a: Tornadus|66/100|[from] Stealth Rock
|move|p2a: Mandibuzz|U-turn|p1a: Tornadus
|-resisted|p1a: Tornadus
|-damage|p1a: Tornadus|59/100
|
|t:|1617718273
|switch|p2a: Slowking|Slowking, M|62/100|[from]move: U-turn
|
|upkeep
|turn|35
|
|t:|1617718276
|move|p1a: Tornadus|U-turn|p2a: Slowking
|-supereffective|p2a: Slowking
|-damage|p2a: Slowking|35/100
|
|t:|1617718280
|switch|p1a: Tapu Koko|Tapu Koko|76/100|[from]move: U-turn
|-fieldstart|move: Electric Terrain|[from] ability: Electric Surge|[of] p1a: Tapu Koko
|move|p2a: Slowking|Teleport|p2a: Slowking
|
|t:|1617718284
|switch|p2a: Magnezone|Magnezone|53/100|[from]move: Teleport
|-damage|p2a: Magnezone|47/100|[from] Stealth Rock
|
|-heal|p2a: Magnezone|53/100|[from] item: Leftovers
|upkeep
|turn|36
|
|t:|1617718287
|move|p1a: Tapu Koko|Thunderbolt|p2a: Magnezone
|-resisted|p2a: Magnezone
|-damage|p2a: Magnezone|23/100
|move|p2a: Magnezone|Thunderbolt|p1a: Tapu Koko
|-resisted|p1a: Tapu Koko
|-damage|p1a: Tapu Koko|32/100
|
|-heal|p2a: Magnezone|29/100|[from] item: Leftovers
|upkeep
|turn|37
|
|t:|1617718293
|move|p1a: Tapu Koko|Thunderbolt|p2a: Magnezone
|-resisted|p2a: Magnezone
|-damage|p2a: Magnezone|0 fnt
|faint|p2a: Magnezone
|
|upkeep
|
|t:|1617718299
|switch|p2a: Slowking|Slowking, M|68/100
|turn|38
|
|t:|1617718303
|move|p1a: Tapu Koko|Roost|p1a: Tapu Koko
|-heal|p1a: Tapu Koko|82/100
|-singleturn|p1a: Tapu Koko|move: Roost
|move|p2a: Slowking|Earthquake|p1a: Tapu Koko
|-supereffective|p1a: Tapu Koko
|-damage|p1a: Tapu Koko|34/100
|
|upkeep
|turn|39
|
|t:|1617718308
|move|p1a: Tapu Koko|U-turn|p2a: Slowking
|-supereffective|p2a: Slowking
|-damage|p2a: Slowking|36/100
|
|t:|1617718310
|switch|p1a: Ferrothorn|Ferrothorn, M|89/100|[from]move: U-turn
|-damage|p1a: Ferrothorn|83/100|[from] Stealth Rock
|move|p2a: Slowking|Earthquake|p1a: Ferrothorn
|-damage|p1a: Ferrothorn|68/100
|
|-heal|p1a: Ferrothorn|74/100|[from] item: Leftovers
|-fieldend|move: Electric Terrain
|upkeep
|turn|40
|
|t:|1617718315
|switch|p2a: Hippowdon|Hippowdon, F|33/100 tox
|-damage|p2a: Hippowdon|26/100 tox|[from] Stealth Rock
|-weather|Sandstorm|[from] ability: Sand Stream|[of] p2a: Hippowdon
|move|p1a: Ferrothorn|Spikes|p2a: Hippowdon
|-sidestart|p2: Stellar Flares|Spikes
|
|-weather|Sandstorm|[upkeep]
|-heal|p2a: Hippowdon|33/100 tox|[from] item: Leftovers
|-heal|p1a: Ferrothorn|80/100|[from] item: Leftovers
|-damage|p2a: Hippowdon|26/100 tox|[from] psn
|upkeep
|turn|41
|
|t:|1617718318
|move|p2a: Hippowdon|Slack Off|p2a: Hippowdon
|-heal|p2a: Hippowdon|76/100 tox
|move|p1a: Ferrothorn|Power Whip|p2a: Hippowdon
|-supereffective|p2a: Hippowdon
|-damage|p2a: Hippowdon|33/100 tox
|
|-weather|Sandstorm|[upkeep]
|-heal|p2a: Hippowdon|39/100 tox|[from] item: Leftovers
|-heal|p1a: Ferrothorn|86/100|[from] item: Leftovers
|-damage|p2a: Hippowdon|27/100 tox|[from] psn
|upkeep
|turn|42
|
|t:|1617718323
|switch|p2a: Kartana|Kartana|62/100
|-damage|p2a: Kartana|50/100|[from] Spikes
|-damage|p2a: Kartana|44/100|[from] Stealth Rock
|move|p1a: Ferrothorn|Power Whip|p2a: Kartana
|-resisted|p2a: Kartana
|-damage|p2a: Kartana|34/100
|
|-weather|Sandstorm|[upkeep]
|-heal|p1a: Ferrothorn|93/100|[from] item: Leftovers
|upkeep
|turn|43
|
|t:|1617718330
|move|p2a: Kartana|Knock Off|p1a: Ferrothorn
|-damage|p1a: Ferrothorn|59/100
|-activate|p1a: Ferrothorn|ability: Iron Barbs
|-activate|p2a: Kartana|item: Protective Pads
|-enditem|p1a: Ferrothorn|Leftovers|[from] move: Knock Off|[of] p2a: Kartana
|move|p1a: Ferrothorn|Knock Off|p2a: Kartana
|-damage|p2a: Kartana|11/100
|-enditem|p2a: Kartana|Protective Pads|[from] move: Knock Off|[of] p1a: Ferrothorn
|
|-weather|Sandstorm|[upkeep]
|upkeep
|turn|44
|-message|Stellar Flares forfeited.
|
|win|FC hyssou
|n|☆FC hyssou|fchyssou
|n|☆Stellar Flares|stellarflares
|n| Don Colombus|doncolombus
