|raw|<div class="broadcast-blue"><strong>This battle is required to be public due to a player having a name starting with 'lt94je'.</div>
|j|☆LT94JE devin
|j|☆GeniusX
|t:|1661687365
|gametype|singles
|player|p1|LT94JE devin|proton|1751
|player|p2|GeniusX|elesa|1885
|teamsize|p1|6
|teamsize|p2|6
|gen|8
|tier|[Gen 8] OU
|rated|
|rule|Sleep Clause Mod: Limit one foe put to sleep
|rule|Species Clause: Limit one of each Pokémon
|rule|OHKO Clause: OHKO moves are banned
|rule|Evasion Items Clause: Evasion items are banned
|rule|Evasion Moves Clause: Evasion moves are banned
|rule|Endless Battle Clause: Forcing endless battles is banned
|rule|HP Percentage Mod: HP is shown in percentages
|rule|Dynamax Clause: You cannot dynamax
|clearpoke
|poke|p1|Weavile, F|
|poke|p1|Kartana|
|poke|p1|Urshifu-*, M|
|poke|p1|Landorus-Therian, M|
|poke|p1|Heatran, M|
|poke|p1|Tapu Lele|
|poke|p2|Kartana|
|poke|p2|Slowking-Galar, M|
|poke|p2|Urshifu-*, F|
|poke|p2|Incineroar, F|
|poke|p2|Landorus-Therian, M|
|poke|p2|Corviknight, M|
|teampreview
|inactive|Battle timer is ON: inactive players will automatically lose when time's up. (requested by LT94JE devin)
|c|☆GeniusX|lol
|j| wuminKenken
|c|☆GeniusX|congrats on dpl kek
|
|t:|1661687391
|start
|switch|p1a: PO|Urshifu-Rapid-Strike, M|100/100
|switch|p2a: Urshifu|Urshifu-Rapid-Strike, F|100/100
|turn|1
|c|☆LT94JE devin|ty
|
|t:|1661687396
|switch|p2a: Corviknight|Corviknight, M|100/100
|-ability|p2a: Corviknight|Pressure
|move|p1a: PO|U-turn|p2a: Corviknight
|-resisted|p2a: Corviknight
|-damage|p2a: Corviknight|94/100
|-damage|p1a: PO|84/100|[from] item: Rocky Helmet|[of] p2a: Corviknight
|
|t:|1661687401
|switch|p1a: Heatran|Heatran, M|100/100|[from]move: U-turn
|
|upkeep
|turn|2
|
|t:|1661687409
|switch|p2a: Incineroar|Incineroar, F|100/100
|-ability|p2a: Incineroar|Intimidate|boost
|-unboost|p1a: Heatran|atk|1
|move|p1a: Heatran|Magma Storm|p2a: Incineroar|[miss]
|-miss|p1a: Heatran|p2a: Incineroar
|
|upkeep
|turn|3
|
|t:|1661687421
|switch|p2a: Urshifu|Urshifu-Rapid-Strike, F|100/100
|move|p1a: Heatran|Earth Power|p2a: Urshifu
|-damage|p2a: Urshifu|44/100
|
|upkeep
|turn|4
|
|t:|1661687434
|switch|p1a: PO|Urshifu-Rapid-Strike, M|84/100
|move|p2a: Urshifu|Close Combat|p1a: PO
|-damage|p1a: PO|0 fnt
|-unboost|p2a: Urshifu|def|1
|-unboost|p2a: Urshifu|spd|1
|faint|p1a: PO
|
|upkeep
|
|t:|1661687441
|switch|p1a: Landorus|Landorus-Therian, M|100/100
|-ability|p1a: Landorus|Intimidate|boost
|-unboost|p2a: Urshifu|atk|1
|turn|5
|
|t:|1661687446
|switch|p2a: Landorus|Landorus-Therian, M|100/100
|-ability|p2a: Landorus|Intimidate|boost
|-unboost|p1a: Landorus|atk|1
|move|p1a: Landorus|Stealth Rock|p2a: Landorus
|-sidestart|p2: GeniusX|move: Stealth Rock
|
|upkeep
|turn|6
|
|t:|1661687467
|move|p1a: Landorus|Knock Off|p2a: Landorus
|-damage|p2a: Landorus|81/100
|-enditem|p2a: Landorus|Leftovers|[from] move: Knock Off|[of] p1a: Landorus
|move|p2a: Landorus|U-turn|p1a: Landorus
|-resisted|p1a: Landorus
|-damage|p1a: Landorus|89/100
|
|t:|1661687473
|switch|p2a: Urshifu|Urshifu-Rapid-Strike, F|44/100|[from]move: U-turn
|-damage|p2a: Urshifu|38/100|[from] Stealth Rock
|
|upkeep
|turn|7
|
|t:|1661687483
|switch|p1a: Kartana|Kartana|100/100
|move|p2a: Urshifu|Surging Strikes|p1a: Kartana
|-resisted|p1a: Kartana
|-crit|p1a: Kartana
|-damage|p1a: Kartana|85/100
|-resisted|p1a: Kartana
|-crit|p1a: Kartana
|-damage|p1a: Kartana|68/100
|-resisted|p1a: Kartana
|-crit|p1a: Kartana
|-damage|p1a: Kartana|55/100
|-hitcount|p1a: Kartana|3
|
|upkeep
|turn|8
|
|t:|1661687487
|switch|p1a: Heatran|Heatran, M|100/100
|switch|p2a: Corviknight|Corviknight, M|94/100
|-damage|p2a: Corviknight|82/100|[from] Stealth Rock
|-ability|p2a: Corviknight|Pressure
|
|upkeep
|turn|9
|j| owlish3
|
|t:|1661687496
|switch|p2a: Slowking|Slowking-Galar, M|100/100
|-damage|p2a: Slowking|88/100|[from] Stealth Rock
|move|p1a: Heatran|Magma Storm|p2a: Slowking
|-damage|p2a: Slowking|61/100
|-activate|p2a: Slowking|move: Magma Storm|[of] p1a: Heatran
|
|-damage|p2a: Slowking|48/100|[from] move: Magma Storm|[partiallytrapped]
|upkeep
|turn|10
|
|t:|1661687522
|move|p1a: Heatran|Earth Power|p2a: Slowking
|-supereffective|p2a: Slowking
|-crit|p2a: Slowking
|-damage|p2a: Slowking|3/100
|move|p2a: Slowking|Ice Beam|p1a: Heatran
|-resisted|p1a: Heatran
|-damage|p1a: Heatran|94/100
|
|-damage|p2a: Slowking|0 fnt|[from] move: Magma Storm|[partiallytrapped]
|faint|p2a: Slowking
|upkeep
|
|t:|1661687526
|switch|p2a: Urshifu|Urshifu-Rapid-Strike, F|38/100
|-damage|p2a: Urshifu|32/100|[from] Stealth Rock
|turn|11
|inactive|LT94JE devin has 120 seconds left.
|
|t:|1661687567
|switch|p1a: Kartana|Kartana|55/100
|move|p2a: Urshifu|Surging Strikes|p1a: Kartana
|-resisted|p1a: Kartana
|-crit|p1a: Kartana
|-damage|p1a: Kartana|38/100
|-resisted|p1a: Kartana
|-crit|p1a: Kartana
|-damage|p1a: Kartana|23/100
|-resisted|p1a: Kartana
|-crit|p1a: Kartana
|-damage|p1a: Kartana|7/100
|-hitcount|p1a: Kartana|3
|
|upkeep
|turn|12
|
|t:|1661687572
|switch|p2a: Corviknight|Corviknight, M|82/100
|-damage|p2a: Corviknight|69/100|[from] Stealth Rock
|-ability|p2a: Corviknight|Pressure
|move|p1a: Kartana|Knock Off|p2a: Corviknight
|-damage|p2a: Corviknight|24/100
|-damage|p1a: Kartana|0 fnt|[from] item: Rocky Helmet|[of] p2a: Corviknight
|faint|p1a: Kartana
|
|upkeep
|inactive|LT94JE devin has 90 seconds left.
|
|t:|1661687609
|switch|p1a: Weavile|Weavile, F|100/100
|-ability|p1a: Weavile|Pressure
|turn|13
|
|t:|1661687621
|move|p1a: Weavile|Low Kick|p2a: Corviknight
|-damage|p2a: Corviknight|0 fnt
|-damage|p1a: Weavile|84/100|[from] item: Rocky Helmet|[of] p2a: Corviknight
|faint|p2a: Corviknight
|
|upkeep
|
|t:|1661687638
|switch|p2a: Incineroar|Incineroar, F|100/100
|-ability|p2a: Incineroar|Intimidate|boost
|-unboost|p1a: Weavile|atk|1
|turn|14
|inactive|GeniusX has 120 seconds left.
|
|t:|1661687661
|move|p1a: Weavile|Low Kick|p2a: Incineroar
|-supereffective|p2a: Incineroar
|-damage|p2a: Incineroar|44/100
|move|p2a: Incineroar|Parting Shot|p1a: Weavile
|-unboost|p1a: Weavile|atk|1
|-unboost|p1a: Weavile|spa|1
|inactive|GeniusX has 120 seconds left.
|
|t:|1661687686
|switch|p2a: Landorus|Landorus-Therian, M|81/100|[from]move: Parting Shot
|-damage|p2a: Landorus|69/100|[from] Stealth Rock
|-ability|p2a: Landorus|Intimidate|boost
|-unboost|p1a: Weavile|atk|1
|
|upkeep
|turn|15
|inactive|LT94JE devin has 90 seconds left.
|
|t:|1661687707
|switch|p1a: Tapu Lele|Tapu Lele|100/100
|-fieldstart|move: Psychic Terrain|[from] ability: Psychic Surge|[of] p1a: Tapu Lele
|move|p2a: Landorus|Stealth Rock|p1a: Tapu Lele
|-sidestart|p1: LT94JE devin|move: Stealth Rock
|
|upkeep
|turn|16
|j| xTrashboat
|
|t:|1661687716
|move|p1a: Tapu Lele|Moonblast|p2a: Landorus
|-damage|p2a: Landorus|13/100
|move|p2a: Landorus|Earthquake|p1a: Tapu Lele
|-damage|p1a: Tapu Lele|32/100
|
|upkeep
|turn|17
|inactive|GeniusX has 120 seconds left.
|inactive|GeniusX has 90 seconds left.
|
|t:|1661687767
|move|p1a: Tapu Lele|Moonblast|p2a: Landorus
|-crit|p2a: Landorus
|-damage|p2a: Landorus|0 fnt
|faint|p2a: Landorus
|
|upkeep
|
|t:|1661687775
|switch|p2a: Incineroar|Incineroar, F|44/100
|-ability|p2a: Incineroar|Intimidate|boost
|-unboost|p1a: Tapu Lele|atk|1
|turn|18
|
|t:|1661687797
|switch|p1a: Heatran|Heatran, M|94/100
|-damage|p1a: Heatran|82/100|[from] Stealth Rock
|move|p2a: Incineroar|Parting Shot|p1a: Heatran
|-unboost|p1a: Heatran|atk|1
|-unboost|p1a: Heatran|spa|1
|
|t:|1661687799
|switch|p2a: Urshifu|Urshifu-Rapid-Strike, F|32/100|[from]move: Parting Shot
|-damage|p2a: Urshifu|26/100|[from] Stealth Rock
|
|upkeep
|turn|19
|inactive|LT94JE devin has 90 seconds left.
|
|t:|1661687805
|move|p2a: Urshifu|Surging Strikes|p1a: Heatran
|-supereffective|p1a: Heatran
|-crit|p1a: Heatran
|-damage|p1a: Heatran|26/100
|-supereffective|p1a: Heatran
|-crit|p1a: Heatran
|-damage|p1a: Heatran|0 fnt
|faint|p1a: Heatran
|-hitcount|p1: Heatran|2
|
|-fieldend|move: Psychic Terrain
|upkeep
|inactive|LT94JE devin has 90 seconds left.
|
|t:|1661687810
|switch|p1a: Tapu Lele|Tapu Lele|32/100
|-damage|p1a: Tapu Lele|19/100|[from] Stealth Rock
|-fieldstart|move: Psychic Terrain|[from] ability: Psychic Surge|[of] p1a: Tapu Lele
|turn|20
|
|t:|1661687830
|move|p1a: Tapu Lele|Moonblast|p2a: Urshifu
|-supereffective|p2a: Urshifu
|-damage|p2a: Urshifu|0 fnt
|faint|p2a: Urshifu
|
|upkeep
|inactive|GeniusX has 60 seconds left.
|
|t:|1661687858
|switch|p2a: Incineroar|Incineroar, F|44/100
|-ability|p2a: Incineroar|Intimidate|boost
|-unboost|p1a: Tapu Lele|atk|1
|turn|21
|
|t:|1661687879
|move|p1a: Tapu Lele|Moonblast|p2a: Incineroar
|-damage|p2a: Incineroar|4/100
|move|p2a: Incineroar|Knock Off|p1a: Tapu Lele
|-damage|p1a: Tapu Lele|0 fnt
|-enditem|p1a: Tapu Lele|Choice Scarf|[from] move: Knock Off|[of] p2a: Incineroar
|faint|p1a: Tapu Lele
|
|upkeep
|inactive|LT94JE devin has 90 seconds left.
|
|t:|1661687899
|switch|p1a: Landorus|Landorus-Therian, M|89/100
|-damage|p1a: Landorus|77/100|[from] Stealth Rock
|-ability|p1a: Landorus|Intimidate|boost
|-unboost|p2a: Incineroar|atk|1
|turn|22
|inactive|GeniusX has 60 seconds left.
|
|t:|1661687912
|move|p1a: Landorus|Earthquake|p2a: Incineroar
|-supereffective|p2a: Incineroar
|-damage|p2a: Incineroar|0 fnt
|faint|p2a: Incineroar
|
|upkeep
|
|t:|1661687913
|switch|p2a: Kartana|Kartana|100/100
|-damage|p2a: Kartana|94/100|[from] Stealth Rock
|turn|23
|inactive|LT94JE devin has 90 seconds left.
|
|t:|1661687936
|move|p2a: Kartana|Leaf Blade|p1a: Landorus
|-damage|p1a: Landorus|10/100
|move|p1a: Landorus|Knock Off|p2a: Kartana
|-damage|p2a: Kartana|58/100
|-enditem|p2a: Kartana|Protective Pads|[from] move: Knock Off|[of] p1a: Landorus
|
|upkeep
|turn|24
|
|t:|1661687946
|move|p2a: Kartana|Leaf Blade|p1a: Landorus
|-damage|p1a: Landorus|0 fnt
|faint|p1a: Landorus
|-ability|p2a: Kartana|Beast Boost|boost
|-boost|p2a: Kartana|atk|1
|
|-fieldend|move: Psychic Terrain
|upkeep
|
|t:|1661687952
|switch|p1a: Weavile|Weavile, F|84/100
|-damage|p1a: Weavile|59/100|[from] Stealth Rock
|-ability|p1a: Weavile|Pressure
|turn|25
|
|t:|1661687955
|move|p1a: Weavile|Triple Axel|p2a: Kartana
|-damage|p2a: Kartana|42/100
|-damage|p2a: Kartana|11/100
|-crit|p2a: Kartana
|-damage|p2a: Kartana|0 fnt
|faint|p2a: Kartana
|-hitcount|p2: Kartana|3
|
|win|LT94JE devin
|raw|LT94JE devin's rating: 1726 &rarr; <strong>1755</strong><br />(+29 for winning)
|raw|GeniusX's rating: 1885 &rarr; <strong>1856</strong><br />(-29 for losing)
|c|☆GeniusX|gg
|c|☆LT94JE devin|gg
|l|☆LT94JE devin
|l|☆GeniusX
