|j|☆big boss 447
|j|☆Alllistair
|player|p1|big boss 447|n|1775
|player|p2|Alllistair|102|1704
|teamsize|p1|6
|teamsize|p2|6
|gametype|singles
|gen|8
|tier|[Gen 8] OU
|rated|
|clearpoke
|poke|p1|Rotom-Wash|
|poke|p1|Pelipper, M|
|poke|p1|Crawdaunt, F|
|poke|p1|Kyurem|
|poke|p1|Zeraora|
|poke|p1|Ferrothorn, M|
|poke|p2|Toxapex, M|
|poke|p2|Mew|
|poke|p2|Clefable, M|
|poke|p2|Snorlax, M|
|poke|p2|Corviknight, M|
|poke|p2|Weezing-Galar, F|
|rule|Sleep Clause Mod: Limit one foe put to sleep
|rule|Species Clause: Limit one of each Pokémon
|rule|OHKO Clause: OHKO moves are banned
|rule|Evasion Moves Clause: Evasion moves are banned
|rule|Endless Battle Clause: Forcing endless battles is banned
|rule|HP Percentage Mod: HP is shown in percentages
|rule|Dynamax Clause: You cannot dynamax
|teampreview
|j| myjava
|inactive|Battle timer is ON: inactive players will automatically lose when time's up. (requested by big boss 447)
|inactive|Alllistair has 120 seconds left.
|c|☆big boss 447|very lame team u should go away play in traffic
|inactive|Alllistair has 90 seconds left.
|j| 76tgb
|c|☆Alllistair|that doesn't even make sense
|c|☆big boss 447|thanks
|
|start
|switch|p1a: Pelipper|Pelipper, M|100/100
|switch|p2a: Snorlax|Snorlax, M|100/100
|-weather|RainDance|[from] ability: Drizzle|[of] p1a: Pelipper
|turn|1
|
|move|p1a: Pelipper|Hydro Pump|p2a: Snorlax
|-damage|p2a: Snorlax|47/100
|move|p2a: Snorlax|Toxic|p1a: Pelipper
|-status|p1a: Pelipper|tox
|
|-weather|RainDance|[upkeep]
|-heal|p2a: Snorlax|53/100|[from] item: Leftovers
|-damage|p1a: Pelipper|94/100 tox|[from] psn
|upkeep
|turn|2
|
|switch|p2a: Toxapex|Toxapex, M|100/100
|move|p1a: Pelipper|Hydro Pump|p2a: Toxapex
|-resisted|p2a: Toxapex
|-damage|p2a: Toxapex|55/100
|
|-weather|RainDance|[upkeep]
|-damage|p1a: Pelipper|82/100 tox|[from] psn
|upkeep
|turn|3
|
|switch|p1a: Ferrothorn|Ferrothorn, M|100/100
|move|p2a: Toxapex|Recover|p2a: Toxapex
|-heal|p2a: Toxapex|100/100
|
|-weather|RainDance|[upkeep]
|upkeep
|turn|4
|
|switch|p2a: Corviknight|Corviknight, M|100/100
|-ability|p2a: Corviknight|Pressure
|move|p1a: Ferrothorn|Knock Off|p2a: Corviknight
|-damage|p2a: Corviknight|87/100
|-enditem|p2a: Corviknight|Leftovers|[from] move: Knock Off|[of] p1a: Ferrothorn
|
|-weather|RainDance|[upkeep]
|upkeep
|turn|5
|j| xianzong
|
|move|p2a: Corviknight|Body Press|p1a: Ferrothorn
|-supereffective|p1a: Ferrothorn
|-damage|p1a: Ferrothorn|64/100
|-damage|p2a: Corviknight|74/100|[from] ability: Iron Barbs|[of] p1a: Ferrothorn
|move|p1a: Ferrothorn|Thunder Wave|p2a: Corviknight
|-status|p2a: Corviknight|par
|
|-weather|none
|-heal|p1a: Ferrothorn|70/100|[from] item: Leftovers
|upkeep
|turn|6
|
|move|p2a: Corviknight|Roost|p2a: Corviknight
|-heal|p2a: Corviknight|100/100 par
|-singleturn|p2a: Corviknight|move: Roost
|move|p1a: Ferrothorn|Stealth Rock|p2a: Corviknight
|-sidestart|p2: Alllistair|move: Stealth Rock
|
|-heal|p1a: Ferrothorn|76/100|[from] item: Leftovers
|upkeep
|turn|7
|
|switch|p1a: Zeraora|Zeraora|100/100
|cant|p2a: Corviknight|par
|
|upkeep
|turn|8
|
|switch|p2a: Mew|Mew|100/100
|-damage|p2a: Mew|88/100|[from] Stealth Rock
|move|p1a: Zeraora|Plasma Fists|p2a: Mew
|-damage|p2a: Mew|57/100
|-fieldactivate|move: Ion Deluge
|
|-heal|p2a: Mew|63/100|[from] item: Leftovers
|upkeep
|turn|9
|
|switch|p1a: Pelipper|Pelipper, M|82/100 tox
|-weather|RainDance|[from] ability: Drizzle|[of] p1a: Pelipper
|move|p2a: Mew|Roost|p2a: Mew
|-heal|p2a: Mew|100/100
|-singleturn|p2a: Mew|move: Roost
|
|-weather|RainDance|[upkeep]
|-damage|p1a: Pelipper|76/100 tox|[from] psn
|upkeep
|turn|10
|
|move|p2a: Mew|Knock Off|p1a: Pelipper
|-damage|p1a: Pelipper|50/100 tox
|-enditem|p1a: Pelipper|Choice Specs|[from] move: Knock Off|[of] p2a: Mew
|move|p1a: Pelipper|Weather Ball|p2a: Mew
|-damage|p2a: Mew|37/100
|
|-weather|RainDance|[upkeep]
|-heal|p2a: Mew|43/100|[from] item: Leftovers
|-damage|p1a: Pelipper|38/100 tox|[from] psn
|upkeep
|turn|11
|
|move|p2a: Mew|Roost|p2a: Mew
|-heal|p2a: Mew|93/100
|-singleturn|p2a: Mew|move: Roost
|move|p1a: Pelipper|U-turn|p2a: Mew
|-supereffective|p2a: Mew
|-damage|p2a: Mew|83/100
|
|switch|p1a: Kyurem|Kyurem|100/100|[from]move: U-turn
|-ability|p1a: Kyurem|Pressure
|
|-weather|RainDance|[upkeep]
|-heal|p2a: Mew|89/100|[from] item: Leftovers
|upkeep
|turn|12
|
|move|p1a: Kyurem|Draco Meteor|p2a: Mew
|-damage|p2a: Mew|0 fnt
|-unboost|p1a: Kyurem|spa|2
|faint|p2a: Mew
|
|-weather|RainDance|[upkeep]
|upkeep
|
|switch|p2a: Corviknight|Corviknight, M|100/100 par
|-damage|p2a: Corviknight|88/100 par|[from] Stealth Rock
|-ability|p2a: Corviknight|Pressure
|turn|13
|c|☆big boss 447|smoked
|j| Returnnn
|c|☆big boss 447|u ever hear bout this thing called a fairy type
|c|☆Alllistair|use your underdevolloped brain for once lol
|c|☆big boss 447|evidently
|inactive|big boss 447 has 120 seconds left.
|c|☆big boss 447|that big space move does 0 to it😲
|j| VvvV1250
|
|switch|p1a: Zeraora|Zeraora|100/100
|cant|p2a: Corviknight|par
|
|-weather|none
|upkeep
|turn|14
|
|switch|p2a: Weezing|Weezing-Galar, F|100/100
|-ability|p2a: Weezing|Neutralizing Gas
|-damage|p2a: Weezing|88/100|[from] Stealth Rock
|move|p1a: Zeraora|Plasma Fists|p2a: Weezing
|-damage|p2a: Weezing|58/100
|-fieldactivate|move: Ion Deluge
|
|-heal|p2a: Weezing|64/100|[from] item: Black Sludge
|upkeep
|turn|15
|
|switch|p1a: Kyurem|Kyurem|100/100
|move|p2a: Weezing|Will-O-Wisp|p1a: Kyurem
|-status|p1a: Kyurem|brn
|
|-heal|p2a: Weezing|70/100|[from] item: Black Sludge
|-damage|p1a: Kyurem|94/100 brn|[from] brn
|upkeep
|turn|16
|l| Returnnn
|
|-ability|p1a: Kyurem|Pressure
|switch|p2a: Clefable|Clefable, M|100/100
|-damage|p2a: Clefable|88/100|[from] Stealth Rock
|move|p1a: Kyurem|Ice Beam|p2a: Clefable
|-damage|p2a: Clefable|35/100
|
|-heal|p2a: Clefable|41/100|[from] item: Leftovers
|-damage|p1a: Kyurem|88/100 brn|[from] brn
|upkeep
|turn|17
|j| Returnnn
|c|☆big boss 447|see that time
|j| bendavies
|c|☆big boss 447|when i used the freezy move
|inactive|big boss 447 has 90 seconds left.
|c|☆big boss 447|snorlax has a v neat special trick
|c|☆big boss 447|where it does half damage
|
|move|p2a: Clefable|Protect|p2a: Clefable
|-singleturn|p2a: Clefable|Protect
|move|p1a: Kyurem|Ice Beam|p2a: Clefable
|-activate|p2a: Clefable|move: Protect
|
|-heal|p2a: Clefable|47/100|[from] item: Leftovers
|-damage|p1a: Kyurem|82/100 brn|[from] brn
|upkeep
|turn|18
|c|☆Alllistair|god you are so stupid it is a torture to even listen to you
|
|switch|p2a: Toxapex|Toxapex, M|100/100
|-damage|p2a: Toxapex|88/100|[from] Stealth Rock
|move|p1a: Kyurem|Ice Beam|p2a: Toxapex
|-resisted|p2a: Toxapex
|-damage|p2a: Toxapex|57/100
|-status|p2a: Toxapex|frz
|
|-damage|p1a: Kyurem|76/100 brn|[from] brn
|upkeep
|turn|19
|
|switch|p1a: Rotom|Rotom-Wash|100/100
|-curestatus|p2a: Toxapex|frz|[from] move: Scald
|move|p2a: Toxapex|Scald|p1a: Rotom
|-resisted|p1a: Rotom
|-damage|p1a: Rotom|91/100
|
|-heal|p1a: Rotom|98/100|[from] item: Leftovers
|upkeep
|turn|20
|
|switch|p2a: Snorlax|Snorlax, M|53/100
|-damage|p2a: Snorlax|40/100|[from] Stealth Rock
|move|p1a: Rotom|Discharge|p2a: Snorlax
|-damage|p2a: Snorlax|27/100
|
|-heal|p1a: Rotom|100/100|[from] item: Leftovers
|-heal|p2a: Snorlax|33/100|[from] item: Leftovers
|upkeep
|turn|21
|inactive|big boss 447 has 90 seconds left.
|
|move|p1a: Rotom|Hydro Pump|p2a: Snorlax
|-damage|p2a: Snorlax|16/100
|move|p2a: Snorlax|Rest|p2a: Snorlax
|-status|p2a: Snorlax|slp|[from] move: Rest
|-heal|p2a: Snorlax|100/100 slp|[silent]
|
|upkeep
|turn|22
|inactive|big boss 447 has 90 seconds left.
|
|switch|p1a: Zeraora|Zeraora|100/100
|cant|p2a: Snorlax|slp
|
|upkeep
|turn|23
|
|switch|p2a: Weezing|Weezing-Galar, F|70/100
|-ability|p2a: Weezing|Neutralizing Gas
|-damage|p2a: Weezing|57/100|[from] Stealth Rock
|move|p1a: Zeraora|Plasma Fists|p2a: Weezing
|-damage|p2a: Weezing|30/100
|-fieldactivate|move: Ion Deluge
|
|-heal|p2a: Weezing|36/100|[from] item: Black Sludge
|upkeep
|turn|24
|
|switch|p1a: Pelipper|Pelipper, M|38/100 tox
|move|p2a: Weezing|Rest|p2a: Weezing
|-status|p2a: Weezing|slp|[from] move: Rest
|-heal|p2a: Weezing|100/100 slp|[silent]
|
|-damage|p1a: Pelipper|32/100 tox|[from] psn
|upkeep
|turn|25
|l| xianzong
|
|move|p1a: Pelipper|U-turn|p2a: Weezing
|-resisted|p2a: Weezing
|-damage|p2a: Weezing|99/100 slp
|
|switch|p1a: Kyurem|Kyurem|76/100 brn|[from]move: U-turn
|cant|p2a: Weezing|slp
|
|-heal|p2a: Weezing|100/100 slp|[from] item: Black Sludge
|-damage|p1a: Kyurem|70/100 brn|[from] brn
|upkeep
|turn|26
|
|switch|p1a: Crawdaunt|Crawdaunt, F|100/100
|switch|p2a: Snorlax|Snorlax, M|100/100 slp
|-damage|p2a: Snorlax|88/100 slp|[from] Stealth Rock
|
|-heal|p2a: Snorlax|94/100 slp|[from] item: Leftovers
|upkeep
|turn|27
|
|switch|p2a: Corviknight|Corviknight, M|88/100 par
|-damage|p2a: Corviknight|75/100 par|[from] Stealth Rock
|-ability|p2a: Corviknight|Pressure
|move|p1a: Crawdaunt|Swords Dance|p1a: Crawdaunt
|-boost|p1a: Crawdaunt|atk|2
|
|upkeep
|turn|28
|inactive|big boss 447 has 120 seconds left.
|
|move|p1a: Crawdaunt|Liquidation|p2a: Corviknight
|-damage|p2a: Corviknight|0 fnt
|-damage|p1a: Crawdaunt|91/100|[from] item: Life Orb
|faint|p2a: Corviknight
|
|upkeep
|j| Dragai
|l| Dragai
|inactive|Alllistair has 120 seconds left.
|
|switch|p2a: Toxapex|Toxapex, M|91/100
|-damage|p2a: Toxapex|78/100|[from] Stealth Rock
|turn|29
|
|move|p2a: Toxapex|Baneful Bunker|p2a: Toxapex
|-singleturn|p2a: Toxapex|move: Protect
|move|p1a: Crawdaunt|Knock Off|p2a: Toxapex
|-activate|p2a: Toxapex|move: Protect
|-status|p1a: Crawdaunt|psn
|
|-damage|p1a: Crawdaunt|78/100 psn|[from] psn
|upkeep
|turn|30
|inactive|Alllistair has 120 seconds left.
|
|move|p1a: Crawdaunt|Knock Off|p2a: Toxapex
|-damage|p2a: Toxapex|0 fnt
|-damage|p1a: Crawdaunt|62/100 psn|[from] item: Rocky Helmet|[of] p2a: Toxapex
|-enditem|p2a: Toxapex|Rocky Helmet|[from] move: Knock Off|[of] p1a: Crawdaunt
|-damage|p1a: Crawdaunt|52/100 psn|[from] item: Life Orb
|faint|p2a: Toxapex
|
|-damage|p1a: Crawdaunt|40/100 psn|[from] psn
|upkeep
|c| bendavies|lol
|
|switch|p2a: Clefable|Clefable, M|47/100
|-damage|p2a: Clefable|35/100|[from] Stealth Rock
|turn|31
|
|move|p2a: Clefable|Protect|p2a: Clefable
|-singleturn|p2a: Clefable|Protect
|move|p1a: Crawdaunt|Liquidation|p2a: Clefable
|-activate|p2a: Clefable|move: Protect
|
|-heal|p2a: Clefable|41/100|[from] item: Leftovers
|-damage|p1a: Crawdaunt|28/100 psn|[from] psn
|upkeep
|turn|32
|inactive|Alllistair has 120 seconds left.
|c|☆Alllistair|well craw is op
|c|☆Alllistair|that will end with tangroth though
|inactive|Alllistair has 90 seconds left.
|
|move|p2a: Clefable|Protect||[still]
|-fail|p2a: Clefable
|move|p1a: Crawdaunt|Liquidation|p2a: Clefable
|-damage|p2a: Clefable|0 fnt
|-damage|p1a: Crawdaunt|18/100 psn|[from] item: Life Orb
|faint|p2a: Clefable
|
|-damage|p1a: Crawdaunt|6/100 psn|[from] psn
|upkeep
|c|☆big boss 447|u should run a seismic toad with no item
|inactive|Alllistair has 90 seconds left.
|c|☆big boss 447|then he can’t knock you off!
|
|switch|p2a: Weezing|Weezing-Galar, F|100/100 slp
|-ability|p2a: Weezing|Neutralizing Gas
|-damage|p2a: Weezing|88/100 slp|[from] Stealth Rock
|turn|33
|c|☆Alllistair|wp man
|
|move|p1a: Crawdaunt|Liquidation|p2a: Weezing
|-damage|p2a: Weezing|11/100 slp
|-unboost|p2a: Weezing|def|1
|-damage|p1a: Crawdaunt|0 fnt|[from] item: Life Orb
|faint|p1a: Crawdaunt
|cant|p2a: Weezing|slp
|
|-heal|p2a: Weezing|17/100 slp|[from] item: Black Sludge
|upkeep
|
|switch|p1a: Zeraora|Zeraora|100/100
|turn|34
|c|☆big boss 447|gg
|
|move|p1a: Zeraora|Plasma Fists|p2a: Weezing
|-damage|p2a: Weezing|0 fnt
|-fieldactivate|move: Ion Deluge
|faint|p2a: Weezing
|
|upkeep
|
|switch|p2a: Snorlax|Snorlax, M|94/100 slp
|-damage|p2a: Snorlax|82/100 slp|[from] Stealth Rock
|turn|35
|c|☆big boss 447|what’s your cleric mew?
|
|move|p1a: Zeraora|Close Combat|p2a: Snorlax
|-supereffective|p2a: Snorlax
|-damage|p2a: Snorlax|15/100 slp
|-unboost|p1a: Zeraora|def|1
|-unboost|p1a: Zeraora|spd|1
|cant|p2a: Snorlax|slp
|
|-heal|p2a: Snorlax|21/100 slp|[from] item: Leftovers
|upkeep
|turn|36
|c|☆Alllistair|clefe
|c|☆big boss 447|ah
|inactive|Alllistair has 90 seconds left.
|c|☆Alllistair|did you build this ?
|c|☆Alllistair|seems pretty good
|c|☆big boss 447|too bad unaware doesn’t get softboiled
|c|☆Alllistair|ye
|c|☆big boss 447|ya i did i’m still testin it
|j| meatybawls
|inactive|Alllistair has 60 seconds left.
|c|☆Alllistair|lol why are you so smart suddently
|c|☆Alllistair|you seem like anther person
|l| meatybawls
|c|☆big boss 447|i just grad from harvard
|
|move|p1a: Zeraora|Close Combat|p2a: Snorlax
|-supereffective|p2a: Snorlax
|-damage|p2a: Snorlax|0 fnt
|-unboost|p1a: Zeraora|def|1
|-unboost|p1a: Zeraora|spd|1
|faint|p2a: Snorlax
|
|win|big boss 447
