|html|<div class="broadcast-blue"><strong>[Gen 8] OU is currently suspecting Melmetal! For information on how to participate check out the <a href="https://www.smogon.com/forums/threads/np-ss-ou-suspect-process-round-12-monster-mash.3709234/">suspect thread</a>.</strong></div>
|j|☆HQSNonsense
|j|☆Yang233
|t:|1666514616
|gametype|singles
|player|p1|HQSNonsense|veteranf|1603
|player|p2|Yang233|1|1620
|teamsize|p1|6
|teamsize|p2|6
|gen|8
|tier|[Gen 8] OU
|rated|
|rule|Sleep Clause Mod: Limit one foe put to sleep
|rule|Species Clause: Limit one of each Pokémon
|rule|OHKO Clause: OHKO moves are banned
|rule|Evasion Items Clause: Evasion items are banned
|rule|Evasion Moves Clause: Evasion moves are banned
|rule|Endless Battle Clause: Forcing endless battles is banned
|rule|HP Percentage Mod: HP is shown in percentages
|rule|Dynamax Clause: You cannot dynamax
|clearpoke
|poke|p1|Dragapult, F|
|poke|p1|Weavile, M|
|poke|p1|Rillaboom, F|
|poke|p1|Nihilego|
|poke|p1|Garchomp, F|
|poke|p1|Celesteela|
|poke|p2|Dragonite, F|
|poke|p2|Ferrothorn, M|
|poke|p2|Victini|
|poke|p2|Landorus-Therian, M|
|poke|p2|Clefable, M|
|poke|p2|Tapu Koko|
|teampreview
|
|t:|1666514640
|start
|switch|p1a: Garchomp|Garchomp, F|100/100
|switch|p2a: Ferrothorn|Ferrothorn, M|100/100
|turn|1
|
|t:|1666514652
|switch|p2a: Landorus|Landorus-Therian, M|100/100
|-ability|p2a: Landorus|Intimidate|boost
|-unboost|p1a: Garchomp|atk|1
|move|p1a: Garchomp|Swords Dance|p1a: Garchomp
|-boost|p1a: Garchomp|atk|2
|
|upkeep
|turn|2
|
|t:|1666514678
|move|p1a: Garchomp|Stealth Rock|p2a: Landorus
|-sidestart|p2: Yang233|move: Stealth Rock
|move|p2a: Landorus|Explosion|p1a: Garchomp
|-enditem|p2a: Landorus|Normal Gem|[from] gem
|-damage|p1a: Garchomp|0 fnt
|faint|p2a: Landorus
|faint|p1a: Garchomp
|
|upkeep
|
|t:|1666514691
|switch|p1a: Rillaboom|Rillaboom, F|100/100
|switch|p2a: Ferrothorn|Ferrothorn, M|100/100
|-fieldstart|move: Grassy Terrain|[from] ability: Grassy Surge|[of] p1a: Rillaboom
|-damage|p2a: Ferrothorn|95/100|[from] Stealth Rock
|turn|3
|
|t:|1666514705
|switch|p2a: Victini|Victini|100/100
|move|p1a: Rillaboom|Swords Dance|p1a: Rillaboom
|-boost|p1a: Rillaboom|atk|2
|
|upkeep
|turn|4
|
|t:|1666514718
|switch|p1a: Dragapult|Dragapult, F|100/100
|move|p2a: Victini|V-create|p1a: Dragapult
|-resisted|p1a: Dragapult
|-damage|p1a: Dragapult|56/100
|-unboost|p2a: Victini|spe|1
|-unboost|p2a: Victini|def|1
|-unboost|p2a: Victini|spd|1
|
|-heal|p1a: Dragapult|62/100|[from] Grassy Terrain
|-heal|p1a: Dragapult|68/100|[from] item: Leftovers
|upkeep
|turn|5
|
|t:|1666514725
|switch|p2a: Ferrothorn|Ferrothorn, M|95/100
|-damage|p2a: Ferrothorn|89/100|[from] Stealth Rock
|move|p1a: Dragapult|Dragon Dance|p1a: Dragapult
|-boost|p1a: Dragapult|atk|1
|-boost|p1a: Dragapult|spe|1
|
|-heal|p1a: Dragapult|74/100|[from] Grassy Terrain
|-heal|p1a: Dragapult|80/100|[from] item: Leftovers
|-heal|p2a: Ferrothorn|95/100|[from] Grassy Terrain
|-heal|p2a: Ferrothorn|100/100|[from] item: Leftovers
|upkeep
|turn|6
|
|t:|1666514733
|move|p1a: Dragapult|Substitute|p1a: Dragapult
|-start|p1a: Dragapult|Substitute
|-damage|p1a: Dragapult|55/100
|move|p2a: Ferrothorn|Knock Off|p1a: Dragapult
|-supereffective|p1a: Dragapult
|-end|p1a: Dragapult|Substitute
|
|-heal|p1a: Dragapult|61/100|[from] Grassy Terrain
|-heal|p1a: Dragapult|67/100|[from] item: Leftovers
|upkeep
|turn|7
|
|t:|1666514749
|move|p1a: Dragapult|Phantom Force||[still]
|-prepare|p1a: Dragapult|Phantom Force
|move|p2a: Ferrothorn|Spikes|p1a: Dragapult
|-sidestart|p1: HQSNonsense|Spikes
|
|-heal|p1a: Dragapult|73/100|[from] item: Leftovers
|-fieldend|move: Grassy Terrain
|upkeep
|turn|8
|
|t:|1666514752
|move|p1a: Dragapult|Phantom Force|p2a: Ferrothorn|[from]lockedmove
|-damage|p2a: Ferrothorn|46/100
|-damage|p1a: Dragapult|60/100|[from] ability: Iron Barbs|[of] p2a: Ferrothorn
|move|p2a: Ferrothorn|Knock Off|p1a: Dragapult
|-supereffective|p1a: Dragapult
|-damage|p1a: Dragapult|3/100
|-enditem|p1a: Dragapult|Leftovers|[from] move: Knock Off|[of] p2a: Ferrothorn
|
|-heal|p2a: Ferrothorn|52/100|[from] item: Leftovers
|upkeep
|turn|9
|
|t:|1666514765
|move|p1a: Dragapult|Phantom Force||[still]
|-prepare|p1a: Dragapult|Phantom Force
|move|p2a: Ferrothorn|Spikes|p1a: Dragapult
|-sidestart|p1: HQSNonsense|Spikes
|
|-heal|p2a: Ferrothorn|58/100|[from] item: Leftovers
|upkeep
|turn|10
|
|t:|1666514775
|switch|p2a: Clefable|Clefable, M|100/100
|move|p1a: Dragapult|Phantom Force|p2a: Clefable|[from]lockedmove
|-damage|p2a: Clefable|48/100
|-damage|p1a: Dragapult|0 fnt|[from] item: Rocky Helmet|[of] p2a: Clefable
|faint|p1a: Dragapult
|
|upkeep
|
|t:|1666514783
|switch|p1a: Nihilego|Nihilego|100/100
|-damage|p1a: Nihilego|84/100|[from] Spikes
|turn|11
|
|t:|1666514818
|switch|p2a: Ferrothorn|Ferrothorn, M|58/100
|-damage|p2a: Ferrothorn|52/100|[from] Stealth Rock
|move|p1a: Nihilego|Meteor Beam||[still]
|-prepare|p1a: Nihilego|Meteor Beam
|-boost|p1a: Nihilego|spa|1
|-enditem|p1a: Nihilego|Power Herb
|-anim|p1a: Nihilego|Meteor Beam|p2a: Ferrothorn
|-resisted|p2a: Ferrothorn
|-damage|p2a: Ferrothorn|26/100
|
|-heal|p2a: Ferrothorn|32/100|[from] item: Leftovers
|upkeep
|turn|12
|
|t:|1666514833
|move|p1a: Nihilego|Meteor Beam||[still]
|-prepare|p1a: Nihilego|Meteor Beam
|-boost|p1a: Nihilego|spa|1
|move|p2a: Ferrothorn|Leech Seed|p1a: Nihilego
|-start|p1a: Nihilego|move: Leech Seed
|
|-heal|p2a: Ferrothorn|38/100|[from] item: Leftovers
|-damage|p1a: Nihilego|71/100|[from] Leech Seed|[of] p2a: Ferrothorn
|-heal|p2a: Ferrothorn|51/100|[silent]
|upkeep
|turn|13
|
|t:|1666514893
|move|p1a: Nihilego|Meteor Beam|p2a: Ferrothorn|[from]lockedmove
|-resisted|p2a: Ferrothorn
|-damage|p2a: Ferrothorn|12/100
|move|p2a: Ferrothorn|Body Press|p1a: Nihilego
|-damage|p1a: Nihilego|31/100
|
|-heal|p2a: Ferrothorn|18/100|[from] item: Leftovers
|-damage|p1a: Nihilego|18/100|[from] Leech Seed|[of] p2a: Ferrothorn
|-heal|p2a: Ferrothorn|31/100|[silent]
|upkeep
|turn|14
|
|t:|1666514912
|move|p1a: Nihilego|Power Gem|p2a: Ferrothorn
|-resisted|p2a: Ferrothorn
|-damage|p2a: Ferrothorn|7/100
|move|p2a: Ferrothorn|Body Press|p1a: Nihilego
|-damage|p1a: Nihilego|0 fnt
|faint|p1a: Nihilego
|
|-heal|p2a: Ferrothorn|13/100|[from] item: Leftovers
|upkeep
|
|t:|1666514926
|switch|p1a: Rillaboom|Rillaboom, F|100/100
|-damage|p1a: Rillaboom|84/100|[from] Spikes
|-fieldstart|move: Grassy Terrain|[from] ability: Grassy Surge|[of] p1a: Rillaboom
|turn|15
|
|t:|1666514954
|move|p1a: Rillaboom|Swords Dance|p1a: Rillaboom
|-boost|p1a: Rillaboom|atk|2
|move|p2a: Ferrothorn|Knock Off|p1a: Rillaboom
|-damage|p1a: Rillaboom|62/100
|-enditem|p1a: Rillaboom|Life Orb|[from] move: Knock Off|[of] p2a: Ferrothorn
|
|-heal|p1a: Rillaboom|69/100|[from] Grassy Terrain
|-heal|p2a: Ferrothorn|19/100|[from] Grassy Terrain
|-heal|p2a: Ferrothorn|25/100|[from] item: Leftovers
|upkeep
|turn|16
|
|t:|1666514967
|move|p1a: Rillaboom|Knock Off|p2a: Ferrothorn
|-damage|p2a: Ferrothorn|0 fnt
|-damage|p1a: Rillaboom|56/100|[from] ability: Iron Barbs|[of] p2a: Ferrothorn
|-enditem|p2a: Ferrothorn|Leftovers|[from] move: Knock Off|[of] p1a: Rillaboom
|faint|p2a: Ferrothorn
|
|-heal|p1a: Rillaboom|62/100|[from] Grassy Terrain
|upkeep
|
|t:|1666514972
|switch|p2a: Victini|Victini|100/100
|turn|17
|
|t:|1666514975
|move|p1a: Rillaboom|Grassy Glide|p2a: Victini
|-resisted|p2a: Victini
|-damage|p2a: Victini|58/100
|move|p2a: Victini|V-create|p1a: Rillaboom
|-supereffective|p1a: Rillaboom
|-damage|p1a: Rillaboom|0 fnt
|-unboost|p2a: Victini|spe|1
|-unboost|p2a: Victini|def|1
|-unboost|p2a: Victini|spd|1
|faint|p1a: Rillaboom
|
|-heal|p2a: Victini|64/100|[from] Grassy Terrain
|upkeep
|
|t:|1666514979
|switch|p1a: Weavile|Weavile, M|100/100
|-damage|p1a: Weavile|84/100|[from] Spikes
|-ability|p1a: Weavile|Pressure
|turn|18
|
|t:|1666515023
|switch|p2a: Clefable|Clefable, M|48/100
|move|p1a: Weavile|Swords Dance|p1a: Weavile
|-boost|p1a: Weavile|atk|2
|
|-heal|p1a: Weavile|90/100|[from] Grassy Terrain
|-heal|p2a: Clefable|55/100|[from] Grassy Terrain
|upkeep
|turn|19
|
|t:|1666515030
|move|p1a: Weavile|Ice Shard|p2a: Clefable
|-damage|p2a: Clefable|8/100
|-damage|p1a: Weavile|80/100|[from] item: Life Orb
|move|p2a: Clefable|Thunder Wave|p1a: Weavile
|-status|p1a: Weavile|par
|
|-heal|p1a: Weavile|86/100 par|[from] Grassy Terrain
|-heal|p2a: Clefable|14/100|[from] Grassy Terrain
|-fieldend|move: Grassy Terrain
|upkeep
|turn|20
|
|t:|1666515041
|cant|p1a: Weavile|par
|move|p2a: Clefable|Moonblast|p1a: Weavile
|-supereffective|p1a: Weavile
|-crit|p1a: Weavile
|-damage|p1a: Weavile|0 fnt
|faint|p1a: Weavile
|
|upkeep
|
|t:|1666515043
|switch|p1a: Celesteela|Celesteela|100/100
|turn|21
|
|t:|1666515054
|move|p1a: Celesteela|Autotomize|p1a: Celesteela
|-boost|p1a: Celesteela|spe|2
|-start|p1a: Celesteela|Autotomize
|move|p2a: Clefable|Thunder Wave|p1a: Celesteela
|-status|p1a: Celesteela|par
|
|upkeep
|turn|22
|
|t:|1666515064
|move|p1a: Celesteela|Autotomize|p1a: Celesteela
|-boost|p1a: Celesteela|spe|2
|-start|p1a: Celesteela|Autotomize
|move|p2a: Clefable|Knock Off|p1a: Celesteela
|-damage|p1a: Celesteela|87/100 par
|-enditem|p1a: Celesteela|Power Herb|[from] move: Knock Off|[of] p2a: Clefable
|
|upkeep
|turn|23
|
|t:|1666515078
|switch|p2a: Victini|Victini|64/100
|move|p1a: Celesteela|Autotomize|p1a: Celesteela
|-boost|p1a: Celesteela|spe|2
|-start|p1a: Celesteela|Autotomize
|
|upkeep
|turn|24
|
|t:|1666515081
|cant|p1a: Celesteela|par
|move|p2a: Victini|V-create|p1a: Celesteela
|-supereffective|p1a: Celesteela
|-damage|p1a: Celesteela|0 fnt
|-unboost|p2a: Victini|spe|1
|-unboost|p2a: Victini|def|1
|-unboost|p2a: Victini|spd|1
|faint|p1a: Celesteela
|
|win|Yang233
|raw|HQSNonsense's rating: 1603 &rarr; <strong>1584</strong><br />(-19 for losing)
|raw|Yang233's rating: 1620 &rarr; <strong>1639</strong><br />(+19 for winning)
|l|☆HQSNonsense
|l|☆Yang233
