|raw|<div class="broadcast-blue"><strong>This battle is required to be public due to a player having a name starting with 'lt91bb'.</div>
|j|☆lt91bb cuzzie
|j|☆Colonel Rivai
|t:|1659372468
|gametype|singles
|player|p1|lt91bb cuzzie|steven|1675
|player|p2|Colonel Rivai|265|1652
|teamsize|p1|6
|teamsize|p2|6
|gen|8
|tier|[Gen 8] OU
|rated|
|rule|Sleep Clause Mod: Limit one foe put to sleep
|rule|Species Clause: Limit one of each Pokémon
|rule|OHKO Clause: OHKO moves are banned
|rule|Evasion Moves Clause: Evasion moves are banned
|rule|Endless Battle Clause: Forcing endless battles is banned
|rule|HP Percentage Mod: HP is shown in percentages
|rule|Dynamax Clause: You cannot dynamax
|clearpoke
|poke|p1|Thundurus, M|
|poke|p1|Clefable, F|
|poke|p1|Dragonite, F|
|poke|p1|Pyukumuku, M|
|poke|p1|Slowbro-Galar, M|
|poke|p1|Excadrill, F|
|poke|p2|Hydreigon, M|
|poke|p2|Kartana|
|poke|p2|Blacephalon|
|poke|p2|Landorus-Therian, M|
|poke|p2|Melmetal|
|poke|p2|Toxapex, M|
|teampreview
|inactive|Battle timer is ON: inactive players will automatically lose when time's up. (requested by lt91bb cuzzie)
|
|t:|1659372491
|start
|switch|p1a: steady chip|Thundurus, M|100/100
|switch|p2a: Hydreigon|Hydreigon, M|100/100
|turn|1
|
|t:|1659372497
|move|p1a: steady chip|Knock Off|p2a: Hydreigon
|-resisted|p2a: Hydreigon
|-damage|p2a: Hydreigon|87/100
|-enditem|p2a: Hydreigon|Choice Band|[from] move: Knock Off|[of] p1a: steady chip
|move|p2a: Hydreigon|Beat Up|p1a: steady chip
|-damage|p1a: steady chip|89/100
|-crit|p1a: steady chip
|-damage|p1a: steady chip|64/100
|-damage|p1a: steady chip|49/100
|-damage|p1a: steady chip|34/100
|-damage|p1a: steady chip|20/100
|-damage|p1a: steady chip|12/100
|-hitcount|p1a: steady chip|6
|
|upkeep
|turn|2
|c|☆lt91bb cuzzie|lol tf
|
|t:|1659372512
|switch|p2a: Toxapex|Toxapex, M|100/100
|move|p1a: steady chip|Volt Switch|p2a: Toxapex
|-supereffective|p2a: Toxapex
|-damage|p2a: Toxapex|40/100
|j| Yuipo
|
|t:|1659372531
|switch|p1a: on the edge|Excadrill, F|100/100|[from]move: Volt Switch
|-ability|p1a: on the edge|Mold Breaker
|
|upkeep
|turn|3
|
|t:|1659372537
|switch|p2a: Landorus|Landorus-Therian, M|100/100
|-ability|p2a: Landorus|Intimidate|boost
|-unboost|p1a: on the edge|atk|1
|move|p1a: on the edge|Toxic|p2a: Landorus
|-status|p2a: Landorus|tox
|
|-damage|p2a: Landorus|94/100 tox|[from] psn
|upkeep
|turn|4
|
|t:|1659372541
|switch|p1a: suicide mission|Clefable, F|100/100
|move|p2a: Landorus|Stealth Rock|p1a: suicide mission
|-sidestart|p1: lt91bb cuzzie|move: Stealth Rock
|
|-heal|p2a: Landorus|100/100 tox|[from] item: Leftovers
|-damage|p2a: Landorus|88/100 tox|[from] psn
|upkeep
|turn|5
|
|t:|1659372545
|move|p2a: Landorus|U-turn|p1a: suicide mission
|-resisted|p1a: suicide mission
|-damage|p1a: suicide mission|91/100
|-damage|p2a: Landorus|72/100 tox|[from] item: Rocky Helmet|[of] p1a: suicide mission
|
|t:|1659372548
|switch|p2a: Toxapex|Toxapex, M|74/100|[from]move: U-turn
|move|p1a: suicide mission|Stealth Rock|p2a: Toxapex
|-sidestart|p2: Colonel Rivai|move: Stealth Rock
|
|upkeep
|turn|6
|
|t:|1659372552
|move|p1a: suicide mission|Knock Off|p2a: Toxapex
|-damage|p2a: Toxapex|65/100
|-enditem|p2a: Toxapex|Rocky Helmet|[from] move: Knock Off|[of] p1a: suicide mission
|move|p2a: Toxapex|Knock Off|p1a: suicide mission
|-resisted|p1a: suicide mission
|-damage|p1a: suicide mission|85/100
|-damage|p2a: Toxapex|48/100|[from] item: Rocky Helmet|[of] p1a: suicide mission
|-enditem|p1a: suicide mission|Rocky Helmet|[from] move: Knock Off|[of] p2a: Toxapex
|
|upkeep
|turn|7
|
|t:|1659372558
|switch|p1a: steady chip|Thundurus, M|12/100
|move|p2a: Toxapex|Toxic|p1a: steady chip
|-status|p1a: steady chip|tox
|
|-damage|p1a: steady chip|6/100 tox|[from] psn
|upkeep
|turn|8
|
|t:|1659372564
|move|p1a: steady chip|Thunderbolt|p2a: Toxapex
|-supereffective|p2a: Toxapex
|-damage|p2a: Toxapex|0 fnt
|faint|p2a: Toxapex
|
|-damage|p1a: steady chip|0 fnt|[from] psn
|faint|p1a: steady chip
|upkeep
|
|t:|1659372570
|switch|p1a: bailed once|Dragonite, F|100/100
|switch|p2a: Kartana|Kartana|100/100
|-damage|p2a: Kartana|94/100|[from] Stealth Rock
|turn|9
|
|t:|1659372574
|move|p2a: Kartana|Knock Off|p1a: bailed once
|-damage|p1a: bailed once|79/100
|-enditem|p1a: bailed once|Heavy-Duty Boots|[from] move: Knock Off|[of] p2a: Kartana
|move|p1a: bailed once|Ice Beam|p2a: Kartana
|-damage|p2a: Kartana|31/100
|
|upkeep
|turn|10
|c| Yuipo|goat
|
|t:|1659372580
|switch|p2a: Melmetal|Melmetal|100/100
|-damage|p2a: Melmetal|94/100|[from] Stealth Rock
|move|p1a: bailed once|Earthquake|p2a: Melmetal
|-supereffective|p2a: Melmetal
|-damage|p2a: Melmetal|57/100
|
|upkeep
|turn|11
|
|t:|1659372583
|switch|p1a: bailed twice|Pyukumuku, M|100/100
|-damage|p1a: bailed twice|88/100|[from] Stealth Rock
|move|p2a: Melmetal|Double Iron Bash|p1a: bailed twice
|-resisted|p1a: bailed twice
|-damage|p1a: bailed twice|75/100
|-resisted|p1a: bailed twice
|-damage|p1a: bailed twice|61/100
|-hitcount|p1a: bailed twice|2
|
|-heal|p1a: bailed twice|67/100|[from] item: Leftovers
|upkeep
|turn|12
|
|t:|1659372591
|switch|p2a: Kartana|Kartana|31/100
|-damage|p2a: Kartana|24/100|[from] Stealth Rock
|move|p1a: bailed twice|Soak|p2a: Kartana
|-start|p2a: Kartana|typechange|Water
|
|-heal|p1a: bailed twice|73/100|[from] item: Leftovers
|upkeep
|turn|13
|c| Yuipo|somoene stop cuzzie
|
|t:|1659372595
|move|p1a: bailed twice|Protect|p1a: bailed twice
|-singleturn|p1a: bailed twice|Protect
|move|p2a: Kartana|Leaf Blade|p1a: bailed twice
|-activate|p1a: bailed twice|move: Protect
|
|-heal|p1a: bailed twice|79/100|[from] item: Leftovers
|upkeep
|turn|14
|c| Yuipo|Colonel Rivai u have to do it
|
|t:|1659372599
|switch|p1a: guap remnants|Slowbro-Galar, M|100/100
|-damage|p1a: guap remnants|88/100|[from] Stealth Rock
|move|p2a: Kartana|Leaf Blade|p1a: guap remnants
|-resisted|p1a: guap remnants
|-damage|p1a: guap remnants|66/100
|
|-heal|p1a: guap remnants|72/100|[from] item: Black Sludge
|upkeep
|turn|15
|c| Yuipo|stop cuzzie's rampage pls
|
|t:|1659372604
|switch|p2a: Hydreigon|Hydreigon, M|87/100
|-damage|p2a: Hydreigon|74/100|[from] Stealth Rock
|move|p1a: guap remnants|Flamethrower|p2a: Hydreigon
|-resisted|p2a: Hydreigon
|-damage|p2a: Hydreigon|61/100
|
|-heal|p1a: guap remnants|78/100|[from] item: Black Sludge
|upkeep
|turn|16
|
|t:|1659372610
|move|p2a: Hydreigon|Iron Tail|p1a: guap remnants
|-damage|p1a: guap remnants|54/100
|move|p1a: guap remnants|Sludge Bomb|p2a: Hydreigon
|-damage|p2a: Hydreigon|19/100
|
|-heal|p1a: guap remnants|60/100|[from] item: Black Sludge
|upkeep
|turn|17
|
|t:|1659372619
|switch|p1a: bailed twice|Pyukumuku, M|79/100
|-damage|p1a: bailed twice|67/100|[from] Stealth Rock
|move|p2a: Hydreigon|Beat Up|p1a: bailed twice
|-damage|p1a: bailed twice|62/100
|-damage|p1a: bailed twice|57/100
|-damage|p1a: bailed twice|50/100
|-damage|p1a: bailed twice|42/100
|-hitcount|p1a: bailed twice|4
|
|-heal|p1a: bailed twice|48/100|[from] item: Leftovers
|upkeep
|turn|18
|
|t:|1659372625
|move|p2a: Hydreigon|U-turn|p1a: bailed twice
|-damage|p1a: bailed twice|34/100
|
|t:|1659372628
|switch|p2a: Kartana|Kartana|24/100|[from]move: U-turn
|-damage|p2a: Kartana|18/100|[from] Stealth Rock
|move|p1a: bailed twice|Recover|p1a: bailed twice
|-heal|p1a: bailed twice|84/100
|
|-heal|p1a: bailed twice|90/100|[from] item: Leftovers
|upkeep
|turn|19
|
|t:|1659372636
|move|p1a: bailed twice|Protect|p1a: bailed twice
|-singleturn|p1a: bailed twice|Protect
|move|p2a: Kartana|Knock Off|p1a: bailed twice
|-activate|p1a: bailed twice|move: Protect
|
|-heal|p1a: bailed twice|96/100|[from] item: Leftovers
|upkeep
|turn|20
|
|t:|1659372642
|switch|p1a: suicide mission|Clefable, F|85/100
|move|p2a: Kartana|Knock Off|p1a: suicide mission
|-resisted|p1a: suicide mission
|-damage|p1a: suicide mission|64/100
|
|upkeep
|turn|21
|
|t:|1659372646
|switch|p2a: Melmetal|Melmetal|57/100
|-damage|p2a: Melmetal|51/100|[from] Stealth Rock
|move|p1a: suicide mission|Knock Off|p2a: Melmetal
|-damage|p2a: Melmetal|42/100
|-enditem|p2a: Melmetal|Assault Vest|[from] move: Knock Off|[of] p1a: suicide mission
|
|upkeep
|turn|22
|
|t:|1659372650
|switch|p1a: on the edge|Excadrill, F|100/100
|-damage|p1a: on the edge|97/100|[from] Stealth Rock
|-ability|p1a: on the edge|Mold Breaker
|move|p2a: Melmetal|Superpower|p1a: on the edge
|-supereffective|p1a: on the edge
|-damage|p1a: on the edge|0 fnt
|-unboost|p2a: Melmetal|atk|1
|-unboost|p2a: Melmetal|def|1
|faint|p1a: on the edge
|
|upkeep
|
|t:|1659372661
|switch|p1a: bailed once|Dragonite, F|79/100
|-damage|p1a: bailed once|54/100|[from] Stealth Rock
|turn|23
|
|t:|1659372665
|switch|p2a: Landorus|Landorus-Therian, M|72/100 tox
|-damage|p2a: Landorus|60/100 tox|[from] Stealth Rock
|-ability|p2a: Landorus|Intimidate|boost
|-unboost|p1a: bailed once|atk|1
|move|p1a: bailed once|Roost|p1a: bailed once
|-heal|p1a: bailed once|100/100
|-singleturn|p1a: bailed once|move: Roost
|
|-heal|p2a: Landorus|66/100 tox|[from] item: Leftovers
|-damage|p2a: Landorus|60/100 tox|[from] psn
|upkeep
|turn|24
|
|t:|1659372670
|switch|p2a: Melmetal|Melmetal|42/100
|-damage|p2a: Melmetal|36/100|[from] Stealth Rock
|move|p1a: bailed once|Earthquake|p2a: Melmetal
|-supereffective|p2a: Melmetal
|-damage|p2a: Melmetal|13/100
|
|upkeep
|turn|25
|c| Yuipo|NO WAY
|
|t:|1659372680
|move|p1a: bailed once|Earthquake|p2a: Melmetal
|-supereffective|p2a: Melmetal
|-damage|p2a: Melmetal|0 fnt
|faint|p2a: Melmetal
|
|upkeep
|-message|Colonel Rivai forfeited.
|
|win|lt91bb cuzzie
|raw|lt91bb cuzzie's rating: 1675 &rarr; <strong>1694</strong><br />(+19 for winning)
|raw|Colonel Rivai's rating: 1652 &rarr; <strong>1633</strong><br />(-19 for losing)
|l|☆Colonel Rivai
|c|☆lt91bb cuzzie|gotem
|c| Yuipo|bruh
|c| Yuipo|perfection
||Ladder isn't responding, score probably updated but might not have (Request timeout).
