|j|☆Kimoux
|j|☆X-Wing Fighter
|player|p1|Kimoux|102|1334
|player|p2|X-Wing Fighter|ethan|1408
|teamsize|p1|6
|teamsize|p2|6
|gametype|singles
|gen|8
|tier|[Gen 8] OU
|rated|
|html|<div class="broadcast-blue"><strong>OU is currently suspecting Dracovish! For information on how to participate check out the <a href="https://www.smogon.com/forums/threads/3664521/">suspect thread</a>.</strong></div>
|clearpoke
|poke|p1|Dracovish|
|poke|p1|Cinderace, F|
|poke|p1|Ribombee, F|
|poke|p1|Zeraora|
|poke|p1|Pelipper, F|
|poke|p1|Seismitoad, M|
|poke|p2|Dragapult, M|
|poke|p2|Mamoswine, M|
|poke|p2|Mew|
|poke|p2|Ferrothorn, M|
|poke|p2|Rotom-Heat|
|poke|p2|Mandibuzz, F|
|rule|Sleep Clause Mod: Limit one foe put to sleep
|rule|Species Clause: Limit one of each Pokémon
|rule|OHKO Clause: OHKO moves are banned
|rule|Evasion Moves Clause: Evasion moves are banned
|rule|Endless Battle Clause: Forcing endless battles is banned
|rule|HP Percentage Mod: HP is shown in percentages
|rule|Dynamax Clause: You cannot dynamax
|teampreview
|
|start
|switch|p1a: Pelipper|Pelipper, F|100/100
|switch|p2a: Rotom|Rotom-Heat|100/100
|-weather|RainDance|[from] ability: Drizzle|[of] p1a: Pelipper
|turn|1
|
|switch|p1a: Seismitoad|Seismitoad, M|100/100
|move|p2a: Rotom|Volt Switch|p1a: Seismitoad
|-immune|p1a: Seismitoad
|
|-weather|RainDance|[upkeep]
|upkeep
|turn|2
|
|switch|p2a: Ferrothorn|Ferrothorn, M|100/100
|move|p1a: Seismitoad|Scald|p2a: Ferrothorn
|-resisted|p2a: Ferrothorn
|-damage|p2a: Ferrothorn|82/100
|-status|p2a: Ferrothorn|brn
|
|-weather|RainDance|[upkeep]
|-heal|p2a: Ferrothorn|88/100 brn|[from] item: Leftovers
|-damage|p2a: Ferrothorn|82/100 brn|[from] brn
|upkeep
|turn|3
|
|switch|p1a: Dracovish|Dracovish|100/100
|move|p2a: Ferrothorn|Knock Off|p1a: Dracovish
|-damage|p1a: Dracovish|89/100
|-enditem|p1a: Dracovish|Choice Band|[from] move: Knock Off|[of] p2a: Ferrothorn
|
|-weather|RainDance|[upkeep]
|-heal|p2a: Ferrothorn|88/100 brn|[from] item: Leftovers
|-damage|p2a: Ferrothorn|82/100 brn|[from] brn
|upkeep
|turn|4
|
|move|p1a: Dracovish|Fishious Rend|p2a: Ferrothorn
|-resisted|p2a: Ferrothorn
|-damage|p2a: Ferrothorn|39/100 brn
|-damage|p1a: Dracovish|77/100|[from] ability: Iron Barbs|[of] p2a: Ferrothorn
|move|p2a: Ferrothorn|Leech Seed|p1a: Dracovish
|-start|p1a: Dracovish|move: Leech Seed
|
|-weather|RainDance|[upkeep]
|-heal|p2a: Ferrothorn|45/100 brn|[from] item: Leftovers
|-damage|p1a: Dracovish|64/100|[from] Leech Seed|[of] p2a: Ferrothorn
|-heal|p2a: Ferrothorn|57/100 brn|[silent]
|-damage|p2a: Ferrothorn|50/100 brn|[from] brn
|upkeep
|turn|5
|
|switch|p1a: Cinderace|Cinderace, F|100/100
|move|p2a: Ferrothorn|Leech Seed|p1a: Cinderace
|-start|p1a: Cinderace|move: Leech Seed
|
|-weather|RainDance|[upkeep]
|-heal|p2a: Ferrothorn|57/100 brn|[from] item: Leftovers
|-damage|p1a: Cinderace|88/100|[from] Leech Seed|[of] p2a: Ferrothorn
|-heal|p2a: Ferrothorn|67/100 brn|[silent]
|-damage|p2a: Ferrothorn|61/100 brn|[from] brn
|upkeep
|turn|6
|
|switch|p2a: Rotom|Rotom-Heat|100/100
|move|p1a: Cinderace|Pyro Ball|p2a: Rotom
|-resisted|p2a: Rotom
|-damage|p2a: Rotom|84/100
|
|-weather|RainDance|[upkeep]
|-damage|p1a: Cinderace|76/100|[from] Leech Seed|[of] p2a: Rotom
|-heal|p2a: Rotom|96/100|[silent]
|upkeep
|turn|7
|
|switch|p2a: Ferrothorn|Ferrothorn, M|61/100 brn
|switch|p1a: Zeraora|Zeraora|100/100
|
|-weather|RainDance|[upkeep]
|-heal|p2a: Ferrothorn|67/100 brn|[from] item: Leftovers
|-damage|p2a: Ferrothorn|61/100 brn|[from] brn
|upkeep
|turn|8
|
|move|p1a: Zeraora|Close Combat|p2a: Ferrothorn
|-supereffective|p2a: Ferrothorn
|-damage|p2a: Ferrothorn|3/100 brn
|-unboost|p1a: Zeraora|def|1
|-unboost|p1a: Zeraora|spd|1
|-damage|p1a: Zeraora|88/100|[from] ability: Iron Barbs|[of] p2a: Ferrothorn
|-damage|p1a: Zeraora|78/100|[from] item: Life Orb
|move|p2a: Ferrothorn|Body Press|p1a: Zeraora
|-damage|p1a: Zeraora|49/100
|
|-weather|none
|-heal|p2a: Ferrothorn|10/100 brn|[from] item: Leftovers
|-damage|p2a: Ferrothorn|3/100 brn|[from] brn
|upkeep
|turn|9
|
|move|p1a: Zeraora|Plasma Fists|p2a: Ferrothorn
|-resisted|p2a: Ferrothorn
|-damage|p2a: Ferrothorn|0 fnt
|-fieldactivate|move: Ion Deluge
|-damage|p1a: Zeraora|37/100|[from] ability: Iron Barbs|[of] p2a: Ferrothorn
|-damage|p1a: Zeraora|27/100|[from] item: Life Orb
|faint|p2a: Ferrothorn
|
|upkeep
|
|switch|p2a: Mamoswine|Mamoswine, M|100/100
|turn|10
|
|move|p1a: Zeraora|Close Combat|p2a: Mamoswine
|-supereffective|p2a: Mamoswine
|-damage|p2a: Mamoswine|0 fnt
|-unboost|p1a: Zeraora|def|1
|-unboost|p1a: Zeraora|spd|1
|-damage|p1a: Zeraora|17/100|[from] item: Life Orb
|faint|p2a: Mamoswine
|
|upkeep
|
|switch|p2a: Rotom|Rotom-Heat|96/100
|turn|11
|
|move|p2a: Rotom|Overheat|p1a: Zeraora
|-damage|p1a: Zeraora|0 fnt
|-unboost|p2a: Rotom|spa|2
|faint|p1a: Zeraora
|
|upkeep
|
|switch|p1a: Dracovish|Dracovish|64/100
|turn|12
|
|switch|p2a: Mew|Mew|100/100
|move|p1a: Dracovish|Fishious Rend|p2a: Mew
|-damage|p2a: Mew|34/100
|
|-heal|p2a: Mew|40/100|[from] item: Leftovers
|upkeep
|turn|13
|
|move|p2a: Mew|Will-O-Wisp|p1a: Dracovish
|-status|p1a: Dracovish|brn
|move|p1a: Dracovish|Fishious Rend|p2a: Mew
|-damage|p2a: Mew|23/100
|
|-heal|p2a: Mew|29/100|[from] item: Leftovers
|-damage|p1a: Dracovish|58/100 brn|[from] brn
|upkeep
|turn|14
|
|switch|p1a: Pelipper|Pelipper, F|100/100
|-weather|RainDance|[from] ability: Drizzle|[of] p1a: Pelipper
|move|p2a: Mew|Soft-Boiled|p2a: Mew
|-heal|p2a: Mew|79/100
|
|-weather|RainDance|[upkeep]
|-heal|p2a: Mew|85/100|[from] item: Leftovers
|upkeep
|turn|15
|inactive|Battle timer is ON: inactive players will automatically lose when time's up. (requested by X-Wing Fighter)
|
|move|p2a: Mew|Volt Switch|p1a: Pelipper
|-supereffective|p1a: Pelipper
|-damage|p1a: Pelipper|0 fnt
|faint|p1a: Pelipper
|
|switch|p2a: Dragapult|Dragapult, M|100/100|[from]move: Volt Switch
|
|-weather|RainDance|[upkeep]
|upkeep
|
|switch|p1a: Ribombee|Ribombee, F|100/100
|turn|16
|
|switch|p2a: Rotom|Rotom-Heat|96/100
|move|p1a: Ribombee|Quiver Dance|p1a: Ribombee
|-boost|p1a: Ribombee|spa|1
|-boost|p1a: Ribombee|spd|1
|-boost|p1a: Ribombee|spe|1
|
|-weather|RainDance|[upkeep]
|upkeep
|turn|17
|
|switch|p1a: Cinderace|Cinderace, F|76/100
|move|p2a: Rotom|Trick|p1a: Cinderace
|-activate|p2a: Rotom|move: Trick|[of] p1a: Cinderace
|-item|p1a: Cinderace|Choice Scarf|[from] move: Trick
|-item|p2a: Rotom|Heavy-Duty Boots|[from] move: Trick
|
|-weather|RainDance|[upkeep]
|upkeep
|turn|18
|
|move|p1a: Cinderace|High Jump Kick|p2a: Rotom
|-damage|p2a: Rotom|53/100
|move|p2a: Rotom|Trick|p1a: Cinderace
|-activate|p2a: Rotom|move: Trick|[of] p1a: Cinderace
|-item|p1a: Cinderace|Heavy-Duty Boots|[from] move: Trick
|-item|p2a: Rotom|Choice Scarf|[from] move: Trick
|
|-weather|RainDance|[upkeep]
|upkeep
|turn|19
|
|switch|p1a: Seismitoad|Seismitoad, M|100/100
|move|p2a: Rotom|Volt Switch|p1a: Seismitoad
|-immune|p1a: Seismitoad
|
|-weather|RainDance|[upkeep]
|upkeep
|turn|20
|
|switch|p2a: Mandibuzz|Mandibuzz, F|100/100
|move|p1a: Seismitoad|Scald|p2a: Mandibuzz
|-damage|p2a: Mandibuzz|71/100
|-status|p2a: Mandibuzz|brn
|
|-weather|RainDance|[upkeep]
|-damage|p2a: Mandibuzz|65/100 brn|[from] brn
|upkeep
|turn|21
|
|switch|p1a: Dracovish|Dracovish|58/100 brn
|move|p2a: Mandibuzz|Toxic||[still]
|-fail|p2a: Mandibuzz
|
|-weather|none
|-damage|p1a: Dracovish|52/100 brn|[from] brn
|-damage|p2a: Mandibuzz|59/100 brn|[from] brn
|upkeep
|turn|22
|
|switch|p2a: Mew|Mew|85/100
|move|p1a: Dracovish|Ice Fang|p2a: Mew|[miss]
|-miss|p1a: Dracovish|p2a: Mew
|
|-heal|p2a: Mew|92/100|[from] item: Leftovers
|-damage|p1a: Dracovish|45/100 brn|[from] brn
|upkeep
|turn|23
|
|move|p2a: Mew|Psychic|p1a: Dracovish
|-damage|p1a: Dracovish|2/100 brn
|move|p1a: Dracovish|Crunch|p2a: Mew
|-supereffective|p2a: Mew
|-damage|p2a: Mew|71/100
|-unboost|p2a: Mew|def|1
|
|-heal|p2a: Mew|77/100|[from] item: Leftovers
|-damage|p1a: Dracovish|0 fnt|[from] brn
|faint|p1a: Dracovish
|upkeep
|
|switch|p1a: Cinderace|Cinderace, F|76/100
|turn|24
|
|switch|p2a: Rotom|Rotom-Heat|53/100
|move|p1a: Cinderace|Pyro Ball|p2a: Rotom
|-resisted|p2a: Rotom
|-damage|p2a: Rotom|22/100
|
|upkeep
|turn|25
|
|move|p2a: Rotom|Trick|p1a: Cinderace
|-activate|p2a: Rotom|move: Trick|[of] p1a: Cinderace
|-item|p1a: Cinderace|Choice Scarf|[from] move: Trick
|-item|p2a: Rotom|Heavy-Duty Boots|[from] move: Trick
|move|p1a: Cinderace|Pyro Ball|p2a: Rotom
|-resisted|p2a: Rotom
|-damage|p2a: Rotom|0 fnt
|faint|p2a: Rotom
|
|upkeep
|
|switch|p2a: Mew|Mew|77/100
|turn|26
|
|move|p1a: Cinderace|Pyro Ball|p2a: Mew
|-damage|p2a: Mew|41/100
|-status|p2a: Mew|brn
|-activate|p2a: Mew|ability: Synchronize
|-immune|p1a: Cinderace
|move|p2a: Mew|Psychic|p1a: Cinderace
|-damage|p1a: Cinderace|33/100
|
|-heal|p2a: Mew|47/100 brn|[from] item: Leftovers
|-damage|p2a: Mew|41/100 brn|[from] brn
|upkeep
|turn|27
|
|move|p1a: Cinderace|Pyro Ball|p2a: Mew
|-damage|p2a: Mew|0 fnt
|faint|p2a: Mew
|
|upkeep
|
|switch|p2a: Dragapult|Dragapult, M|100/100
|turn|28
|
|move|p1a: Cinderace|Pyro Ball|p2a: Dragapult|[miss]
|-miss|p1a: Cinderace|p2a: Dragapult
|move|p2a: Dragapult|Shadow Ball|p1a: Cinderace
|-damage|p1a: Cinderace|0 fnt
|faint|p1a: Cinderace
|
|upkeep
|
|switch|p1a: Ribombee|Ribombee, F|100/100
|turn|29
|
|move|p2a: Dragapult|Shadow Ball|p1a: Ribombee
|-damage|p1a: Ribombee|5/100
|move|p1a: Ribombee|Quiver Dance|p1a: Ribombee
|-boost|p1a: Ribombee|spa|1
|-boost|p1a: Ribombee|spd|1
|-boost|p1a: Ribombee|spe|1
|
|upkeep
|turn|30
|
|move|p1a: Ribombee|Moonblast|p2a: Dragapult
|-supereffective|p2a: Dragapult
|-damage|p2a: Dragapult|0 fnt
|faint|p2a: Dragapult
|
|upkeep
|
|switch|p2a: Mandibuzz|Mandibuzz, F|59/100 brn
|turn|31
|
|move|p1a: Ribombee|Moonblast|p2a: Mandibuzz
|-supereffective|p2a: Mandibuzz
|-damage|p2a: Mandibuzz|0 fnt
|faint|p2a: Mandibuzz
|
|win|Kimoux
|l|☆X-Wing Fighter
|raw|Kimoux's rating: 1334 &rarr; <strong>1358</strong><br />(+24 for winning)
|raw|X-Wing Fighter's rating: 1408 &rarr; <strong>1384</strong><br />(-24 for losing)
