|j|☆4funaccount
|j|‽smellmyass
|player|p1|4funaccount|volkner|1558
|player|p2|smellmyass|266|1520
|teamsize|p1|6
|teamsize|p2|6
|gametype|singles
|gen|8
|tier|[Gen 8] OU
|rated|
|clearpoke
|poke|p1|Lanturn, F|
|poke|p1|Steelix, M|
|poke|p1|Clefable, F|
|poke|p1|Corviknight, F|
|poke|p1|Hydreigon, F|
|poke|p1|Gengar, M|
|poke|p2|Ribombee, M|
|poke|p2|Mimikyu, M|
|poke|p2|Dracovish|
|poke|p2|Dragapult, F|
|poke|p2|Toxtricity, M|
|poke|p2|Gengar, M|
|rule|Sleep Clause Mod: Limit one foe put to sleep
|rule|Species Clause: Limit one of each Pokémon
|rule|OHKO Clause: OHKO moves are banned
|rule|Evasion Moves Clause: Evasion moves are banned
|rule|Endless Battle Clause: Forcing endless battles is banned
|rule|HP Percentage Mod: HP is shown in percentages
|rule|Dynamax Clause: You cannot dynamax
|teampreview
|inactive|Battle timer is ON: inactive players will automatically lose when time's up. (requested by smellmyass)
|
|start
|switch|p1a: Lanturn|Lanturn, F, shiny|100/100
|switch|p2a: Ribombee|Ribombee, M|100/100
|turn|1
|
|move|p2a: Ribombee|Sticky Web|p1a: Lanturn
|-sidestart|p1: 4funaccount|move: Sticky Web
|move|p1a: Lanturn|Toxic|p2a: Ribombee
|-status|p2a: Ribombee|tox
|
|-damage|p2a: Ribombee|94/100 tox|[from] psn
|upkeep
|turn|2
|
|move|p2a: Ribombee|Quiver Dance|p2a: Ribombee
|-boost|p2a: Ribombee|spa|1
|-boost|p2a: Ribombee|spd|1
|-boost|p2a: Ribombee|spe|1
|move|p1a: Lanturn|Volt Switch|p2a: Ribombee
|-damage|p2a: Ribombee|71/100 tox
|
|switch|p1a: Corviknight|Corviknight, F|100/100|[from]move: Volt Switch
|-ability|p1a: Corviknight|Pressure
|
|-damage|p2a: Ribombee|59/100 tox|[from] psn
|upkeep
|turn|3
|
|move|p2a: Ribombee|Stun Spore|p1a: Corviknight
|-status|p1a: Corviknight|par
|move|p1a: Corviknight|Defog|p2a: Ribombee
|-unboost|p2a: Ribombee|evasion|1
|-sideend|p1: 4funaccount|Sticky Web|[from] move: Defog|[of] p1a: Corviknight
|
|-damage|p2a: Ribombee|41/100 tox|[from] psn
|upkeep
|turn|4
|
|move|p2a: Ribombee|Sticky Web|p1a: Corviknight
|-sidestart|p1: 4funaccount|move: Sticky Web
|cant|p1a: Corviknight|par
|
|-damage|p2a: Ribombee|16/100 tox|[from] psn
|upkeep
|turn|5
|
|move|p2a: Ribombee|Moonblast|p1a: Corviknight
|-resisted|p1a: Corviknight
|-damage|p1a: Corviknight|66/100 par
|move|p1a: Corviknight|Defog|p2a: Ribombee
|-unboost|p2a: Ribombee|evasion|1
|-sideend|p1: 4funaccount|Sticky Web|[from] move: Defog|[of] p1a: Corviknight
|
|-heal|p1a: Corviknight|73/100 par|[from] item: Leftovers
|-damage|p2a: Ribombee|0 fnt|[from] psn
|faint|p2a: Ribombee
|upkeep
|
|switch|p2a: Toxtricity|Toxtricity, M|100/100
|turn|6
|
|switch|p2a: Dracovish|Dracovish|100/100
|switch|p1a: Clefable|Clefable, F|100/100
|
|upkeep
|turn|7
|
|switch|p1a: Lanturn|Lanturn, F, shiny|100/100
|move|p2a: Dracovish|Outrage|p1a: Lanturn
|-crit|p1a: Lanturn
|-damage|p1a: Lanturn|4/100
|
|-heal|p1a: Lanturn|11/100|[from] item: Leftovers
|upkeep
|turn|8
|
|switch|p1a: Steelix|Steelix, M|100/100
|move|p2a: Dracovish|Outrage|p1a: Steelix|[from]lockedmove
|-resisted|p1a: Steelix
|-damage|p1a: Steelix|85/100
|
|-heal|p1a: Steelix|91/100|[from] item: Leftovers
|upkeep
|turn|9
|
|move|p2a: Dracovish|Outrage|p1a: Steelix|[from]lockedmove
|-resisted|p1a: Steelix
|-damage|p1a: Steelix|73/100
|-start|p2a: Dracovish|confusion|[fatigue]
|move|p1a: Steelix|Stealth Rock|p2a: Dracovish
|-sidestart|p2: smellmyass|move: Stealth Rock
|
|-heal|p1a: Steelix|80/100|[from] item: Leftovers
|upkeep
|turn|10
|
|switch|p2a: Mimikyu|Mimikyu, M|100/100
|-damage|p2a: Mimikyu|88/100|[from] Stealth Rock
|move|p1a: Steelix|Earthquake|p2a: Mimikyu
|-activate|p2a: Mimikyu|ability: Disguise
|-damage|p2a: Mimikyu|88/100
|detailschange|p2a: Mimikyu|Mimikyu-Busted, M
|-damage|p2a: Mimikyu|76/100|[from] pokemon: Mimikyu-Busted
|
|-heal|p1a: Steelix|86/100|[from] item: Leftovers
|upkeep
|turn|11
|
|move|p2a: Mimikyu|Drain Punch|p1a: Steelix
|-supereffective|p1a: Steelix
|-damage|p1a: Steelix|64/100
|-heal|p2a: Mimikyu|91/100|[from] drain|[of] p1a: Steelix
|-damage|p2a: Mimikyu|81/100|[from] item: Life Orb
|move|p1a: Steelix|Iron Defense|p1a: Steelix
|-boost|p1a: Steelix|def|2
|
|-heal|p1a: Steelix|70/100|[from] item: Leftovers
|upkeep
|turn|12
|
|move|p2a: Mimikyu|Swords Dance|p2a: Mimikyu
|-boost|p2a: Mimikyu|atk|2
|move|p1a: Steelix|Earthquake|p2a: Mimikyu
|-damage|p2a: Mimikyu|31/100
|
|-heal|p1a: Steelix|76/100|[from] item: Leftovers
|upkeep
|turn|13
|
|move|p2a: Mimikyu|Drain Punch|p1a: Steelix
|-supereffective|p1a: Steelix
|-damage|p1a: Steelix|55/100
|-heal|p2a: Mimikyu|46/100|[from] drain|[of] p1a: Steelix
|-damage|p2a: Mimikyu|36/100|[from] item: Life Orb
|move|p1a: Steelix|Earthquake|p2a: Mimikyu
|-damage|p2a: Mimikyu|0 fnt
|faint|p2a: Mimikyu
|
|-heal|p1a: Steelix|61/100|[from] item: Leftovers
|upkeep
|
|switch|p2a: Dragapult|Dragapult, F|100/100
|-damage|p2a: Dragapult|88/100|[from] Stealth Rock
|turn|14
|
|switch|p1a: Clefable|Clefable, F|100/100
|move|p2a: Dragapult|Fire Blast|p1a: Clefable
|-damage|p1a: Clefable|78/100
|
|-heal|p1a: Clefable|84/100|[from] item: Leftovers
|upkeep
|turn|15
|
|switch|p2a: Toxtricity|Toxtricity, M|100/100
|-damage|p2a: Toxtricity|88/100|[from] Stealth Rock
|move|p1a: Clefable|Wish|p1a: Clefable
|
|-heal|p1a: Clefable|90/100|[from] item: Leftovers
|upkeep
|turn|16
|
|switch|p1a: Steelix|Steelix, M|61/100
|move|p2a: Toxtricity|Boomburst|p1a: Steelix
|-resisted|p1a: Steelix
|-damage|p1a: Steelix|0 fnt
|faint|p1a: Steelix
|
|upkeep
|
|switch|p1a: Gengar|Gengar, M|100/100
|turn|17
|
|switch|p2a: Dracovish|Dracovish|100/100
|-damage|p2a: Dracovish|88/100|[from] Stealth Rock
|move|p1a: Gengar|Shadow Ball|p2a: Dracovish
|-damage|p2a: Dracovish|6/100
|
|upkeep
|turn|18
|
|switch|p1a: Lanturn|Lanturn, F, shiny|11/100
|move|p2a: Dracovish|Crunch|p1a: Lanturn
|-damage|p1a: Lanturn|0 fnt
|faint|p1a: Lanturn
|
|upkeep
|
|switch|p1a: Hydreigon|Hydreigon, F|100/100
|turn|19
|
|move|p1a: Hydreigon|Flash Cannon|p2a: Dracovish
|-resisted|p2a: Dracovish
|-damage|p2a: Dracovish|0 fnt
|-damage|p1a: Hydreigon|91/100|[from] item: Life Orb
|faint|p2a: Dracovish
|
|upkeep
|
|switch|p2a: Dragapult|Dragapult, F|88/100
|-damage|p2a: Dragapult|76/100|[from] Stealth Rock
|turn|20
|
|switch|p1a: Clefable|Clefable, F|90/100
|move|p2a: Dragapult|Shadow Ball|p1a: Clefable
|-damage|p1a: Clefable|67/100
|-unboost|p1a: Clefable|spd|1
|
|-heal|p1a: Clefable|73/100|[from] item: Leftovers
|upkeep
|turn|21
|
|switch|p2a: Toxtricity|Toxtricity, M|88/100
|-damage|p2a: Toxtricity|76/100|[from] Stealth Rock
|move|p1a: Clefable|Moonblast|p2a: Toxtricity
|-resisted|p2a: Toxtricity
|-damage|p2a: Toxtricity|51/100
|
|-heal|p1a: Clefable|79/100|[from] item: Leftovers
|upkeep
|turn|22
|
|move|p1a: Clefable|Protect|p1a: Clefable
|-singleturn|p1a: Clefable|Protect
|move|p2a: Toxtricity|Volt Switch|p1a: Clefable
|-activate|p1a: Clefable|move: Protect
|
|-heal|p1a: Clefable|85/100|[from] item: Leftovers
|upkeep
|turn|23
|
|switch|p1a: Hydreigon|Hydreigon, F|91/100
|move|p2a: Toxtricity|Volt Switch|p1a: Hydreigon
|-resisted|p1a: Hydreigon
|-damage|p1a: Hydreigon|61/100
|
|switch|p2a: Dragapult|Dragapult, F|76/100|[from]move: Volt Switch
|-damage|p2a: Dragapult|64/100|[from] Stealth Rock
|
|upkeep
|turn|24
|
|switch|p1a: Clefable|Clefable, F|85/100
|move|p2a: Dragapult|Draco Meteor|p1a: Clefable
|-immune|p1a: Clefable
|
|-heal|p1a: Clefable|91/100|[from] item: Leftovers
|upkeep
|turn|25
|
|switch|p2a: Toxtricity|Toxtricity, M|51/100
|-damage|p2a: Toxtricity|39/100|[from] Stealth Rock
|move|p1a: Clefable|Teleport|p1a: Clefable
|
|switch|p1a: Gengar|Gengar, M|100/100|[from]move: Teleport
|
|upkeep
|turn|26
|
|switch|p2a: Gengar|Gengar, M|100/100
|-damage|p2a: Gengar|88/100|[from] Stealth Rock
|move|p1a: Gengar|Shadow Ball|p2a: Gengar
|-supereffective|p2a: Gengar
|-damage|p2a: Gengar|0 fnt
|faint|p2a: Gengar
|
|upkeep
|
|switch|p2a: Dragapult|Dragapult, F|64/100
|-damage|p2a: Dragapult|51/100|[from] Stealth Rock
|turn|27
|
|switch|p1a: Corviknight|Corviknight, F|73/100 par
|-ability|p1a: Corviknight|Pressure
|move|p2a: Dragapult|Shadow Ball|p1a: Corviknight
|-damage|p1a: Corviknight|38/100 par
|-unboost|p1a: Corviknight|spd|1
|
|-heal|p1a: Corviknight|44/100 par|[from] item: Leftovers
|upkeep
|turn|28
|
|move|p2a: Dragapult|Fire Blast|p1a: Corviknight|[miss]
|-miss|p2a: Dragapult|p1a: Corviknight
|move|p1a: Corviknight|Brave Bird|p2a: Dragapult
|-damage|p2a: Dragapult|0 fnt
|-damage|p1a: Corviknight|31/100 par|[from] Recoil
|faint|p2a: Dragapult
|
|-heal|p1a: Corviknight|37/100 par|[from] item: Leftovers
|upkeep
|-message|smellmyass forfeited.
|
|win|4funaccount
|l|‽smellmyass
|raw|4funaccount's rating: 1558 &rarr; <strong>1577</strong><br />(+19 for winning)
|raw|smellmyass's rating: 1539 &rarr; <strong>1520</strong><br />(-19 for losing)
