|raw|<div class="broadcast-blue"><strong>This battle is required to be public due to a player having a name starting with 'lt92pf'.</div>
|j|☆LT92PF Ayt
|j|‽BLOODCLAT
|t:|1659749156
|gametype|singles
|player|p1|LT92PF Ayt|unknown|1824
|player|p2|BLOODCLAT|hoopster|2032
|teamsize|p1|6
|teamsize|p2|6
|gen|8
|tier|[Gen 8] OU
|rated|
|rule|Sleep Clause Mod: Limit one foe put to sleep
|rule|Species Clause: Limit one of each Pokémon
|rule|OHKO Clause: OHKO moves are banned
|rule|Evasion Items Clause: Evasion items are banned
|rule|Evasion Moves Clause: Evasion moves are banned
|rule|Endless Battle Clause: Forcing endless battles is banned
|rule|HP Percentage Mod: HP is shown in percentages
|rule|Dynamax Clause: You cannot dynamax
|clearpoke
|poke|p1|Slowbro, M|
|poke|p1|Kartana|
|poke|p1|Tapu Koko|
|poke|p1|Kommo-o, F|
|poke|p1|Ferrothorn, M|
|poke|p1|Landorus-Therian, M|
|poke|p2|Tyranitar, M|
|poke|p2|Clefable, M|
|poke|p2|Excadrill, M|
|poke|p2|Tangrowth, M|
|poke|p2|Slowking-Galar, M|
|poke|p2|Rotom-Wash|
|teampreview
|j| juicelol
|inactive|Battle timer is ON: inactive players will automatically lose when time's up. (requested by LT92PF Ayt)
|j| AGOFZ4pokemh
|
|t:|1659749188
|start
|switch|p1a: Kommo-o|Kommo-o, F|100/100
|switch|p2a: Slowking|Slowking-Galar, M|100/100
|turn|1
|j| mishimono
|j| Drunkensailer
|
|t:|1659749201
|move|p1a: Kommo-o|Earthquake|p2a: Slowking
|-supereffective|p2a: Slowking
|-damage|p2a: Slowking|65/100
|move|p2a: Slowking|Trick|p1a: Kommo-o
|-activate|p2a: Slowking|move: Trick|[of] p1a: Kommo-o
|-item|p1a: Kommo-o|Black Sludge|[from] move: Trick
|-item|p2a: Slowking|Leftovers|[from] move: Trick
|
|-damage|p1a: Kommo-o|88/100|[from] item: Black Sludge
|-heal|p2a: Slowking|71/100|[from] item: Leftovers
|upkeep
|turn|2
|
|t:|1659749206
|move|p1a: Kommo-o|Stealth Rock|p2a: Slowking
|-sidestart|p2: BLOODCLAT|move: Stealth Rock
|move|p2a: Slowking|Psychic|p1a: Kommo-o
|-supereffective|p1a: Kommo-o
|-damage|p1a: Kommo-o|25/100
|
|-damage|p1a: Kommo-o|12/100|[from] item: Black Sludge
|-heal|p2a: Slowking|78/100|[from] item: Leftovers
|upkeep
|turn|3
|j| LT92PF ivyz
|
|t:|1659749211
|switch|p1a: Slowbro|Slowbro, M|100/100
|switch|p2a: Clefable|Clefable, M|100/100
|
|upkeep
|turn|4
|
|t:|1659749215
|move|p2a: Clefable|Knock Off|p1a: Slowbro
|-supereffective|p1a: Slowbro
|-damage|p1a: Slowbro|78/100
|-enditem|p1a: Slowbro|Rocky Helmet|[from] move: Knock Off|[of] p2a: Clefable
|move|p1a: Slowbro|Future Sight|p2a: Clefable
|-start|p1a: Slowbro|move: Future Sight
|
|upkeep
|turn|5
|
|t:|1659749217
|move|p2a: Clefable|Stealth Rock|p1a: Slowbro
|-sidestart|p1: LT92PF Ayt|move: Stealth Rock
|move|p1a: Slowbro|Teleport|p1a: Slowbro
|
|t:|1659749219
|switch|p1a: Kartana|Kartana|100/100|[from]move: Teleport
|-damage|p1a: Kartana|94/100|[from] Stealth Rock
|
|upkeep
|turn|6
|
|t:|1659749224
|switch|p2a: Slowking|Slowking-Galar, M|100/100
|-damage|p2a: Slowking|88/100|[from] Stealth Rock
|move|p1a: Kartana|Smart Strike|p2a: Slowking
|-damage|p2a: Slowking|48/100
|
|-end|p2a: Slowking|move: Future Sight
|-damage|p2a: Slowking|17/100
|-heal|p2a: Slowking|23/100|[from] item: Leftovers
|upkeep
|turn|7
|
|t:|1659749240
|switch|p1a: Slowbro|Slowbro, M|100/100
|-damage|p1a: Slowbro|88/100|[from] Stealth Rock
|switch|p2a: Tangrowth|Tangrowth, M|100/100
|-damage|p2a: Tangrowth|88/100|[from] Stealth Rock
|
|upkeep
|turn|8
|j| cityfolk
|
|t:|1659749244
|move|p2a: Tangrowth|Sleep Powder|p1a: Slowbro
|-status|p1a: Slowbro|slp|[from] move: Sleep Powder
|cant|p1a: Slowbro|slp
|
|upkeep
|turn|9
|
|t:|1659749248
|switch|p2a: Tyranitar|Tyranitar, M|100/100
|-damage|p2a: Tyranitar|88/100|[from] Stealth Rock
|-weather|Sandstorm|[from] ability: Sand Stream|[of] p2a: Tyranitar
|cant|p1a: Slowbro|slp
|
|-weather|Sandstorm|[upkeep]
|-damage|p1a: Slowbro|82/100 slp|[from] Sandstorm
|upkeep
|turn|10
|
|t:|1659749255
|switch|p1a: Kommo-o|Kommo-o, F|12/100
|-damage|p1a: Kommo-o|6/100|[from] Stealth Rock
|move|p2a: Tyranitar|Crunch|p1a: Kommo-o
|-resisted|p1a: Kommo-o
|-damage|p1a: Kommo-o|0 fnt
|faint|p1a: Kommo-o
|
|-weather|Sandstorm|[upkeep]
|upkeep
|
|t:|1659749266
|switch|p1a: Ferrothorn|Ferrothorn, M|100/100
|-damage|p1a: Ferrothorn|94/100|[from] Stealth Rock
|turn|11
|
|t:|1659749270
|switch|p2a: Clefable|Clefable, M|100/100
|move|p1a: Ferrothorn|Knock Off|p2a: Clefable
|-resisted|p2a: Clefable
|-damage|p2a: Clefable|92/100
|-damage|p1a: Ferrothorn|78/100|[from] item: Rocky Helmet|[of] p2a: Clefable
|-enditem|p2a: Clefable|Rocky Helmet|[from] move: Knock Off|[of] p1a: Ferrothorn
|
|-weather|Sandstorm|[upkeep]
|-heal|p1a: Ferrothorn|84/100|[from] item: Leftovers
|upkeep
|turn|12
|
|t:|1659749274
|move|p2a: Clefable|Knock Off|p1a: Ferrothorn
|-damage|p1a: Ferrothorn|74/100
|-activate|p1a: Ferrothorn|ability: Iron Barbs
|-enditem|p1a: Ferrothorn|Leftovers|[from] move: Knock Off|[of] p2a: Clefable
|move|p1a: Ferrothorn|Thunder Wave|p2a: Clefable
|-status|p2a: Clefable|par
|
|-weather|Sandstorm|[upkeep]
|upkeep
|turn|13
|j| zaaya ◜‿◝
|
|t:|1659749282
|move|p2a: Clefable|Moonblast|p1a: Ferrothorn
|-resisted|p1a: Ferrothorn
|-damage|p1a: Ferrothorn|64/100
|move|p1a: Ferrothorn|Iron Head|p2a: Clefable
|-supereffective|p2a: Clefable
|-damage|p2a: Clefable|54/100 par
|
|-weather|none
|upkeep
|turn|14
|
|t:|1659749285
|cant|p2a: Clefable|par
|move|p1a: Ferrothorn|Leech Seed|p2a: Clefable
|-start|p2a: Clefable|move: Leech Seed
|
|upkeep
|turn|15
|
|t:|1659749290
|switch|p2a: Tangrowth|Tangrowth, M|100/100
|-damage|p2a: Tangrowth|88/100|[from] Stealth Rock
|move|p1a: Ferrothorn|Iron Head|p2a: Tangrowth
|-damage|p2a: Tangrowth|74/100
|-damage|p1a: Ferrothorn|47/100|[from] item: Rocky Helmet|[of] p2a: Tangrowth
|
|upkeep
|turn|16
|
|t:|1659749294
|move|p2a: Tangrowth|Focus Blast|p1a: Ferrothorn|[miss]
|-miss|p2a: Tangrowth|p1a: Ferrothorn
|move|p1a: Ferrothorn|Knock Off|p2a: Tangrowth
|-crit|p2a: Tangrowth
|-damage|p2a: Tangrowth|57/100
|-damage|p1a: Ferrothorn|31/100|[from] item: Rocky Helmet|[of] p2a: Tangrowth
|-enditem|p2a: Tangrowth|Rocky Helmet|[from] move: Knock Off|[of] p1a: Ferrothorn
|
|upkeep
|turn|17
|
|t:|1659749300
|switch|p1a: Landorus|Landorus-Therian, M|100/100
|-damage|p1a: Landorus|88/100|[from] Stealth Rock
|-ability|p1a: Landorus|Intimidate|boost
|-unboost|p2a: Tangrowth|atk|1
|move|p2a: Tangrowth|Focus Blast|p1a: Landorus|[miss]
|-miss|p2a: Tangrowth|p1a: Landorus
|
|-heal|p1a: Landorus|94/100|[from] item: Leftovers
|upkeep
|turn|18
|n| Drunkensailer|drunkensailer
|
|t:|1659749305
|switch|p2a: Rotom|Rotom-Wash|100/100
|-damage|p2a: Rotom|88/100|[from] Stealth Rock
|move|p1a: Landorus|Toxic|p2a: Rotom
|-status|p2a: Rotom|tox
|
|-heal|p1a: Landorus|99/100|[from] item: Leftovers
|-heal|p2a: Rotom|94/100 tox|[from] item: Leftovers
|-damage|p2a: Rotom|88/100 tox|[from] psn
|upkeep
|turn|19
|
|t:|1659749309
|move|p1a: Landorus|U-turn|p2a: Rotom
|-damage|p2a: Rotom|66/100 tox
|
|t:|1659749312
|switch|p1a: Slowbro|Slowbro, M|100/100 slp|[from]move: U-turn
|-damage|p1a: Slowbro|88/100 slp|[from] Stealth Rock
|move|p2a: Rotom|Hydro Pump|p1a: Slowbro
|-resisted|p1a: Slowbro
|-damage|p1a: Slowbro|74/100 slp
|
|-heal|p2a: Rotom|72/100 tox|[from] item: Leftovers
|-damage|p2a: Rotom|60/100 tox|[from] psn
|upkeep
|turn|20
|
|t:|1659749316
|switch|p2a: Tyranitar|Tyranitar, M|88/100
|-damage|p2a: Tyranitar|76/100|[from] Stealth Rock
|-weather|Sandstorm|[from] ability: Sand Stream|[of] p2a: Tyranitar
|switch|p1a: Landorus|Landorus-Therian, M|99/100
|-damage|p1a: Landorus|88/100|[from] Stealth Rock
|-ability|p1a: Landorus|Intimidate|boost
|-unboost|p2a: Tyranitar|atk|1
|
|-weather|Sandstorm|[upkeep]
|-heal|p1a: Landorus|94/100|[from] item: Leftovers
|upkeep
|turn|21
|
|t:|1659749321
|switch|p2a: Tangrowth|Tangrowth, M|90/100
|-damage|p2a: Tangrowth|78/100|[from] Stealth Rock
|move|p1a: Landorus|Earthquake|p2a: Tangrowth
|-resisted|p2a: Tangrowth
|-damage|p2a: Tangrowth|65/100
|
|-weather|Sandstorm|[upkeep]
|-damage|p2a: Tangrowth|59/100|[from] Sandstorm
|-heal|p1a: Landorus|99/100|[from] item: Leftovers
|upkeep
|turn|22
|
|t:|1659749323
|move|p1a: Landorus|U-turn|p2a: Tangrowth
|-supereffective|p2a: Tangrowth
|-damage|p2a: Tangrowth|34/100
|
|t:|1659749328
|switch|p1a: Slowbro|Slowbro, M|100/100 slp|[from]move: U-turn
|-damage|p1a: Slowbro|88/100 slp|[from] Stealth Rock
|move|p2a: Tangrowth|Knock Off|p1a: Slowbro
|-supereffective|p1a: Slowbro
|-damage|p1a: Slowbro|67/100 slp
|
|-weather|Sandstorm|[upkeep]
|-damage|p2a: Tangrowth|28/100|[from] Sandstorm
|-damage|p1a: Slowbro|61/100 slp|[from] Sandstorm
|upkeep
|turn|23
|
|t:|1659749334
|move|p2a: Tangrowth|Giga Drain|p1a: Slowbro
|-supereffective|p1a: Slowbro
|-damage|p1a: Slowbro|18/100 slp
|-heal|p2a: Tangrowth|49/100|[from] drain|[of] p1a: Slowbro
|cant|p1a: Slowbro|slp
|
|-weather|Sandstorm|[upkeep]
|-damage|p2a: Tangrowth|43/100|[from] Sandstorm
|-damage|p1a: Slowbro|11/100 slp|[from] Sandstorm
|upkeep
|turn|24
|
|t:|1659749338
|switch|p1a: Ferrothorn|Ferrothorn, M|31/100
|-damage|p1a: Ferrothorn|25/100|[from] Stealth Rock
|move|p2a: Tangrowth|Giga Drain|p1a: Ferrothorn
|-resisted|p1a: Ferrothorn
|-damage|p1a: Ferrothorn|19/100
|-heal|p2a: Tangrowth|45/100|[from] drain|[of] p1a: Ferrothorn
|
|-weather|none
|upkeep
|turn|25
|
|t:|1659749343
|switch|p1a: Landorus|Landorus-Therian, M|99/100
|-damage|p1a: Landorus|88/100|[from] Stealth Rock
|-ability|p1a: Landorus|Intimidate|boost
|-unboost|p2a: Tangrowth|atk|1
|move|p2a: Tangrowth|Focus Blast|p1a: Landorus
|-resisted|p1a: Landorus
|-damage|p1a: Landorus|73/100
|
|-heal|p1a: Landorus|79/100|[from] item: Leftovers
|upkeep
|turn|26
|
|t:|1659749347
|switch|p2a: Rotom|Rotom-Wash|60/100 tox
|-damage|p2a: Rotom|48/100 tox|[from] Stealth Rock
|move|p1a: Landorus|U-turn|p2a: Rotom
|-damage|p2a: Rotom|25/100 tox
|
|t:|1659749352
|switch|p1a: Slowbro|Slowbro, M|45/100 slp|[from]move: U-turn
|-damage|p1a: Slowbro|32/100 slp|[from] Stealth Rock
|
|-heal|p2a: Rotom|31/100 tox|[from] item: Leftovers
|-damage|p2a: Rotom|25/100 tox|[from] psn
|upkeep
|turn|27
|
|t:|1659749358
|switch|p1a: Ferrothorn|Ferrothorn, M|19/100
|-damage|p1a: Ferrothorn|13/100|[from] Stealth Rock
|move|p2a: Rotom|Volt Switch|p1a: Ferrothorn
|-resisted|p1a: Ferrothorn
|-damage|p1a: Ferrothorn|3/100
|
|t:|1659749365
|switch|p2a: Excadrill|Excadrill, M|100/100|[from]move: Volt Switch
|-damage|p2a: Excadrill|97/100|[from] Stealth Rock
|
|-heal|p2a: Excadrill|100/100|[from] item: Leftovers
|upkeep
|turn|28
|
|t:|1659749369
|switch|p1a: Landorus|Landorus-Therian, M|79/100
|-damage|p1a: Landorus|67/100|[from] Stealth Rock
|-ability|p1a: Landorus|Intimidate|boost
|-unboost|p2a: Excadrill|atk|1
|move|p2a: Excadrill|Rapid Spin|p1a: Landorus
|-damage|p1a: Landorus|53/100
|-boost|p2a: Excadrill|spe|1
|-sideend|p2: BLOODCLAT|Stealth Rock|[from] move: Rapid Spin|[of] p2a: Excadrill
|
|-heal|p1a: Landorus|59/100|[from] item: Leftovers
|upkeep
|turn|29
|l| LT92PF ivyz
|n| Drunkensailer|drunkensailer
|
|t:|1659749387
|switch|p2a: Tangrowth|Tangrowth, M|78/100
|move|p1a: Landorus|Defog|p2a: Tangrowth
|-unboost|p2a: Tangrowth|evasion|1
|-sideend|p1: LT92PF Ayt|Stealth Rock|[from] move: Defog|[of] p1a: Landorus
|
|-heal|p1a: Landorus|65/100|[from] item: Leftovers
|upkeep
|turn|30
|
|t:|1659749390
|move|p1a: Landorus|U-turn|p2a: Tangrowth
|-supereffective|p2a: Tangrowth
|-damage|p2a: Tangrowth|53/100
|j| NoTollsNoRolls
|
|t:|1659749393
|switch|p1a: Tapu Koko|Tapu Koko|100/100|[from]move: U-turn
|-fieldstart|move: Electric Terrain|[from] ability: Electric Surge|[of] p1a: Tapu Koko
|move|p2a: Tangrowth|Knock Off|p1a: Tapu Koko
|-resisted|p1a: Tapu Koko
|-damage|p1a: Tapu Koko|84/100
|-enditem|p1a: Tapu Koko|Heavy-Duty Boots|[from] move: Knock Off|[of] p2a: Tangrowth
|
|upkeep
|turn|31
|
|t:|1659749397
|switch|p1a: Landorus|Landorus-Therian, M|65/100
|-ability|p1a: Landorus|Intimidate|boost
|-unboost|p2a: Tangrowth|atk|1
|switch|p2a: Slowking|Slowking-Galar, M|56/100
|
|-heal|p1a: Landorus|71/100|[from] item: Leftovers
|-heal|p2a: Slowking|62/100|[from] item: Leftovers
|upkeep
|turn|32
|
|t:|1659749401
|switch|p2a: Tangrowth|Tangrowth, M|86/100
|move|p1a: Landorus|U-turn|p2a: Tangrowth
|-supereffective|p2a: Tangrowth
|-damage|p2a: Tangrowth|65/100
|
|t:|1659749406
|switch|p1a: Slowbro|Slowbro, M|65/100 slp|[from]move: U-turn
|
|upkeep
|turn|33
|
|t:|1659749408
|switch|p2a: Tyranitar|Tyranitar, M|76/100
|-weather|Sandstorm|[from] ability: Sand Stream|[of] p2a: Tyranitar
|-curestatus|p1a: Slowbro|slp|[msg]
|move|p1a: Slowbro|Teleport|p1a: Slowbro
|l| cityfolk
|
|t:|1659749412
|switch|p1a: Landorus|Landorus-Therian, M|71/100|[from]move: Teleport
|-ability|p1a: Landorus|Intimidate|boost
|-unboost|p2a: Tyranitar|atk|1
|
|-weather|Sandstorm|[upkeep]
|-heal|p1a: Landorus|77/100|[from] item: Leftovers
|upkeep
|turn|34
|
|t:|1659749416
|switch|p2a: Slowking|Slowking-Galar, M|96/100
|move|p1a: Landorus|Earthquake|p2a: Slowking
|-supereffective|p2a: Slowking
|-damage|p2a: Slowking|29/100
|
|-weather|Sandstorm|[upkeep]
|-damage|p2a: Slowking|22/100|[from] Sandstorm
|-heal|p1a: Landorus|83/100|[from] item: Leftovers
|-heal|p2a: Slowking|29/100|[from] item: Leftovers
|-fieldend|move: Electric Terrain
|upkeep
|turn|35
|
|t:|1659749422
|switch|p2a: Tangrowth|Tangrowth, M|98/100
|move|p1a: Landorus|U-turn|p2a: Tangrowth
|-supereffective|p2a: Tangrowth
|-damage|p2a: Tangrowth|73/100
|
|t:|1659749428
|switch|p1a: Tapu Koko|Tapu Koko|84/100|[from]move: U-turn
|-fieldstart|move: Electric Terrain|[from] ability: Electric Surge|[of] p1a: Tapu Koko
|
|-weather|Sandstorm|[upkeep]
|-damage|p1a: Tapu Koko|78/100|[from] Sandstorm
|-damage|p2a: Tangrowth|67/100|[from] Sandstorm
|upkeep
|turn|36
|
|t:|1659749432
|switch|p1a: Landorus|Landorus-Therian, M|83/100
|-ability|p1a: Landorus|Intimidate|boost
|-unboost|p2a: Tangrowth|atk|1
|switch|p2a: Clefable|Clefable, M|54/100 par
|
|-weather|Sandstorm|[upkeep]
|-heal|p1a: Landorus|89/100|[from] item: Leftovers
|upkeep
|turn|37
|
|t:|1659749436
|switch|p2a: Tangrowth|Tangrowth, M|100/100
|move|p1a: Landorus|Earthquake|p2a: Tangrowth
|-resisted|p2a: Tangrowth
|-damage|p2a: Tangrowth|89/100
|
|-weather|none
|-heal|p1a: Landorus|95/100|[from] item: Leftovers
|upkeep
|turn|38
|
|t:|1659749439
|move|p1a: Landorus|U-turn|p2a: Tangrowth
|-supereffective|p2a: Tangrowth
|-damage|p2a: Tangrowth|66/100
|
|t:|1659749441
|switch|p1a: Slowbro|Slowbro, M|99/100|[from]move: U-turn
|move|p2a: Tangrowth|Knock Off|p1a: Slowbro
|-supereffective|p1a: Slowbro
|-damage|p1a: Slowbro|76/100
|
|upkeep
|turn|39
|
|t:|1659749445
|switch|p2a: Tyranitar|Tyranitar, M|76/100
|-weather|Sandstorm|[from] ability: Sand Stream|[of] p2a: Tyranitar
|move|p1a: Slowbro|Future Sight|p2a: Tyranitar
|-start|p1a: Slowbro|move: Future Sight
|
|-weather|Sandstorm|[upkeep]
|-damage|p1a: Slowbro|70/100|[from] Sandstorm
|-fieldend|move: Electric Terrain
|upkeep
|turn|40
|
|t:|1659749454
|switch|p2a: Clefable|Clefable, M|54/100 par
|switch|p1a: Tapu Koko|Tapu Koko|78/100
|-fieldstart|move: Electric Terrain|[from] ability: Electric Surge|[of] p1a: Tapu Koko
|
|-weather|Sandstorm|[upkeep]
|-damage|p1a: Tapu Koko|72/100|[from] Sandstorm
|upkeep
|turn|41
|
|t:|1659749460
|switch|p1a: Landorus|Landorus-Therian, M|95/100
|-ability|p1a: Landorus|Intimidate|boost
|-unboost|p2a: Clefable|atk|1
|switch|p2a: Excadrill|Excadrill, M|100/100
|
|-weather|Sandstorm|[upkeep]
|-end|p2a: Excadrill|move: Future Sight
|-resisted|p2a: Excadrill
|-damage|p2a: Excadrill|72/100
|-heal|p2a: Excadrill|78/100|[from] item: Leftovers
|-heal|p1a: Landorus|100/100|[from] item: Leftovers
|upkeep
|turn|42
|
|t:|1659749464
|switch|p2a: Tangrowth|Tangrowth, M|99/100
|move|p1a: Landorus|U-turn|p2a: Tangrowth
|-supereffective|p2a: Tangrowth
|-damage|p2a: Tangrowth|75/100
|
|t:|1659749468
|switch|p1a: Slowbro|Slowbro, M|100/100|[from]move: U-turn
|
|-weather|Sandstorm|[upkeep]
|-damage|p2a: Tangrowth|69/100|[from] Sandstorm
|-damage|p1a: Slowbro|94/100|[from] Sandstorm
|upkeep
|turn|43
|j| mrwhy124
|
|t:|1659749473
|switch|p2a: Tyranitar|Tyranitar, M|76/100
|move|p1a: Slowbro|Scald|p2a: Tyranitar
|-supereffective|p2a: Tyranitar
|-damage|p2a: Tyranitar|37/100
|
|-weather|none
|upkeep
|turn|44
|
|t:|1659749477
|switch|p1a: Landorus|Landorus-Therian, M|100/100
|-ability|p1a: Landorus|Intimidate|boost
|-unboost|p2a: Tyranitar|atk|1
|move|p2a: Tyranitar|Crunch|p1a: Landorus
|-damage|p1a: Landorus|54/100
|
|-heal|p1a: Landorus|60/100|[from] item: Leftovers
|-fieldend|move: Electric Terrain
|upkeep
|turn|45
|
|t:|1659749481
|switch|p2a: Slowking|Slowking-Galar, M|62/100
|move|p1a: Landorus|U-turn|p2a: Slowking
|-damage|p2a: Slowking|45/100
|
|t:|1659749486
|switch|p1a: Slowbro|Slowbro, M|100/100|[from]move: U-turn
|
|-heal|p2a: Slowking|51/100|[from] item: Leftovers
|upkeep
|turn|46
|
|t:|1659749490
|switch|p2a: Tyranitar|Tyranitar, M|37/100
|-weather|Sandstorm|[from] ability: Sand Stream|[of] p2a: Tyranitar
|move|p1a: Slowbro|Future Sight|p2a: Tyranitar
|-start|p1a: Slowbro|move: Future Sight
|
|-weather|Sandstorm|[upkeep]
|-damage|p1a: Slowbro|94/100|[from] Sandstorm
|upkeep
|turn|47
|
|t:|1659749505
|switch|p1a: Ferrothorn|Ferrothorn, M|3/100
|move|p2a: Tyranitar|Crunch|p1a: Ferrothorn
|-damage|p1a: Ferrothorn|0 fnt
|-damage|p2a: Tyranitar|25/100|[from] ability: Iron Barbs|[of] p1a: Ferrothorn
|faint|p1a: Ferrothorn
|
|-weather|Sandstorm|[upkeep]
|upkeep
|
|t:|1659749508
|switch|p1a: Landorus|Landorus-Therian, M|60/100
|-ability|p1a: Landorus|Intimidate|boost
|-unboost|p2a: Tyranitar|atk|1
|turn|48
|
|t:|1659749511
|switch|p2a: Rotom|Rotom-Wash|25/100 tox
|move|p1a: Landorus|U-turn|p2a: Rotom
|-damage|p2a: Rotom|0 fnt
|faint|p2a: Rotom
|
|t:|1659749516
|switch|p1a: Kartana|Kartana|94/100|[from]move: U-turn
|
|-weather|Sandstorm|[upkeep]
|-hint|Future Sight did not hit because the target is fainted.
|upkeep
|
|t:|1659749519
|switch|p2a: Tangrowth|Tangrowth, M|100/100
|turn|49
|
|t:|1659749523
|switch|p1a: Tapu Koko|Tapu Koko|72/100
|-fieldstart|move: Electric Terrain|[from] ability: Electric Surge|[of] p1a: Tapu Koko
|move|p2a: Tangrowth|Sleep Powder|p1a: Tapu Koko
|-activate|p1a: Tapu Koko|move: Electric Terrain
|
|-weather|Sandstorm|[upkeep]
|-damage|p1a: Tapu Koko|66/100|[from] Sandstorm
|-damage|p2a: Tangrowth|94/100|[from] Sandstorm
|upkeep
|turn|50
|
|t:|1659749529
|switch|p1a: Slowbro|Slowbro, M|100/100
|move|p2a: Tangrowth|Giga Drain|p1a: Slowbro
|-supereffective|p1a: Slowbro
|-crit|p1a: Slowbro
|-damage|p1a: Slowbro|40/100
|-heal|p2a: Tangrowth|100/100|[from] drain|[of] p1a: Slowbro
|
|-weather|none
|upkeep
|turn|51
|
|t:|1659749535
|switch|p1a: Tapu Koko|Tapu Koko|66/100
|move|p2a: Tangrowth|Giga Drain|p1a: Tapu Koko
|-damage|p1a: Tapu Koko|26/100
|
|upkeep
|turn|52
|
|t:|1659749542
|switch|p2a: Slowking|Slowking-Galar, M|85/100
|move|p1a: Tapu Koko|Roost|p1a: Tapu Koko
|-heal|p1a: Tapu Koko|76/100
|-singleturn|p1a: Tapu Koko|move: Roost
|
|-heal|p2a: Slowking|91/100|[from] item: Leftovers
|upkeep
|turn|53
|
|t:|1659749545
|switch|p1a: Slowbro|Slowbro, M|73/100
|move|p2a: Slowking|Nasty Plot|p2a: Slowking
|-boost|p2a: Slowking|spa|2
|
|-heal|p2a: Slowking|97/100|[from] item: Leftovers
|-fieldend|move: Electric Terrain
|upkeep
|turn|54
|
|t:|1659749550
|move|p2a: Slowking|Sludge Bomb|p1a: Slowbro
|-damage|p1a: Slowbro|20/100
|move|p1a: Slowbro|Teleport|p1a: Slowbro
|
|t:|1659749563
|switch|p1a: Kartana|Kartana|94/100|[from]move: Teleport
|
|-heal|p2a: Slowking|100/100|[from] item: Leftovers
|upkeep
|turn|55
|j| slainey?
|
|t:|1659749567
|move|p1a: Kartana|Knock Off|p2a: Slowking
|-supereffective|p2a: Slowking
|-damage|p2a: Slowking|18/100
|-enditem|p2a: Slowking|Leftovers|[from] move: Knock Off|[of] p1a: Kartana
|move|p2a: Slowking|Psychic|p1a: Kartana
|-resisted|p1a: Kartana
|-damage|p1a: Kartana|0 fnt
|faint|p1a: Kartana
|
|upkeep
|
|t:|1659749573
|switch|p1a: Landorus|Landorus-Therian, M|60/100
|-ability|p1a: Landorus|Intimidate|boost
|-unboost|p2a: Slowking|atk|1
|turn|56
|j| Aero3D
|
|t:|1659749576
|switch|p2a: Tangrowth|Tangrowth, M|100/100
|move|p1a: Landorus|U-turn|p2a: Tangrowth
|-supereffective|p2a: Tangrowth
|-damage|p2a: Tangrowth|77/100
|
|t:|1659749579
|switch|p1a: Tapu Koko|Tapu Koko|76/100|[from]move: U-turn
|-fieldstart|move: Electric Terrain|[from] ability: Electric Surge|[of] p1a: Tapu Koko
|
|upkeep
|turn|57
|
|t:|1659749592
|move|p1a: Tapu Koko|Dazzling Gleam|p2a: Tangrowth
|-damage|p2a: Tangrowth|29/100
|move|p2a: Tangrowth|Giga Drain|p1a: Tapu Koko
|-damage|p1a: Tapu Koko|30/100
|-heal|p2a: Tangrowth|45/100|[from] drain|[of] p1a: Tapu Koko
|
|upkeep
|turn|58
|
|t:|1659749595
|switch|p2a: Slowking|Slowking-Galar, M|51/100
|move|p1a: Tapu Koko|Roost|p1a: Tapu Koko
|-heal|p1a: Tapu Koko|81/100
|-singleturn|p1a: Tapu Koko|move: Roost
|
|upkeep
|turn|59
|j| sendpais
|
|t:|1659749600
|switch|p1a: Landorus|Landorus-Therian, M|60/100
|-ability|p1a: Landorus|Intimidate|boost
|-unboost|p2a: Slowking|atk|1
|move|p2a: Slowking|Sludge Bomb|p1a: Landorus
|-resisted|p1a: Landorus
|-damage|p1a: Landorus|43/100
|-status|p1a: Landorus|psn
|
|-heal|p1a: Landorus|49/100 psn|[from] item: Leftovers
|-damage|p1a: Landorus|37/100 psn|[from] psn
|upkeep
|turn|60
|
|t:|1659749603
|switch|p2a: Clefable|Clefable, M|54/100 par
|move|p1a: Landorus|Toxic||[still]
|-fail|p1a: Landorus
|
|-heal|p1a: Landorus|43/100 psn|[from] item: Leftovers
|-damage|p1a: Landorus|31/100 psn|[from] psn
|-fieldend|move: Electric Terrain
|upkeep
|turn|61
|
|t:|1659749608
|move|p1a: Landorus|Earthquake|p2a: Clefable
|-damage|p2a: Clefable|17/100 par
|move|p2a: Clefable|Stealth Rock|p1a: Landorus
|-sidestart|p1: LT92PF Ayt|move: Stealth Rock
|
|-heal|p1a: Landorus|37/100 psn|[from] item: Leftovers
|-damage|p1a: Landorus|25/100 psn|[from] psn
|upkeep
|turn|62
|-message|LT92PF Ayt forfeited.
|
|win|BLOODCLAT
|raw|LT92PF Ayt's rating: 1824 &rarr; <strong>1815</strong><br />(-9 for losing)
|raw|BLOODCLAT's rating: 2040 &rarr; <strong>2049</strong><br />(+9 for winning)
|l|☆LT92PF Ayt
