|j|☆Fastpitchkiller
|j|☆Avenger5
|t:|1663222250
|gametype|singles
|player|p1|Fastpitchkiller|1|1552
|player|p2|Avenger5|lucas|1530
|teamsize|p1|6
|teamsize|p2|6
|gen|8
|tier|[Gen 8] OU
|rated|
|rule|Sleep Clause Mod: Limit one foe put to sleep
|rule|Species Clause: Limit one of each Pokémon
|rule|OHKO Clause: OHKO moves are banned
|rule|Evasion Items Clause: Evasion items are banned
|rule|Evasion Moves Clause: Evasion moves are banned
|rule|Endless Battle Clause: Forcing endless battles is banned
|rule|HP Percentage Mod: HP is shown in percentages
|rule|Dynamax Clause: You cannot dynamax
|clearpoke
|poke|p1|Porygon2|
|poke|p1|Dragapult, F|
|poke|p1|Garchomp, F|
|poke|p1|Zeraora|
|poke|p1|Corviknight, F|
|poke|p1|Melmetal|
|poke|p2|Rotom-Wash|
|poke|p2|Scizor, M|
|poke|p2|Aegislash, M|
|poke|p2|Rillaboom, M|
|poke|p2|Hawlucha, M|
|poke|p2|Garchomp, M|
|teampreview
|inactive|Battle timer is ON: inactive players will automatically lose when time's up. (requested by Avenger5)
|
|t:|1663222279
|start
|switch|p1a: Sharkchomp|Garchomp, F|100/100
|switch|p2a: Garchomp|Garchomp, M|100/100
|turn|1
|
|t:|1663222286
|move|p1a: Sharkchomp|Toxic|p2a: Garchomp
|-status|p2a: Garchomp|tox
|move|p2a: Garchomp|Stealth Rock|p1a: Sharkchomp
|-sidestart|p1: Fastpitchkiller|move: Stealth Rock
|
|-damage|p2a: Garchomp|94/100 tox|[from] psn
|upkeep
|turn|2
|
|t:|1663222294
|move|p1a: Sharkchomp|Stealth Rock|p2a: Garchomp
|-sidestart|p2: Avenger5|move: Stealth Rock
|move|p2a: Garchomp|Toxic|p1a: Sharkchomp
|-status|p1a: Sharkchomp|tox
|
|-damage|p1a: Sharkchomp|94/100 tox|[from] psn
|-damage|p2a: Garchomp|82/100 tox|[from] psn
|upkeep
|turn|3
|
|t:|1663222304
|switch|p2a: Rotom|Rotom-Wash|100/100
|-damage|p2a: Rotom|88/100|[from] Stealth Rock
|move|p1a: Sharkchomp|Earthquake|p2a: Rotom
|-immune|p2a: Rotom|[from] ability: Levitate
|
|-heal|p1a: Sharkchomp|100/100 tox|[from] item: Leftovers
|-heal|p2a: Rotom|94/100|[from] item: Leftovers
|-damage|p1a: Sharkchomp|88/100 tox|[from] psn
|upkeep
|turn|4
|
|t:|1663222316
|switch|p1a: Corvikstall|Corviknight, F|100/100
|-damage|p1a: Corvikstall|88/100|[from] Stealth Rock
|-ability|p1a: Corvikstall|Pressure
|move|p2a: Rotom|Hydro Pump|p1a: Corvikstall
|-damage|p1a: Corvikstall|43/100
|
|-heal|p2a: Rotom|100/100|[from] item: Leftovers
|upkeep
|turn|5
|
|t:|1663222326
|switch|p1a: Pato|Porygon2|100/100
|-damage|p1a: Pato|88/100|[from] Stealth Rock
|-ability|p1a: Pato|Levitate|[from] ability: Trace|[of] p2a: Rotom
|move|p2a: Rotom|Volt Switch|p1a: Pato
|-damage|p1a: Pato|73/100
|
|t:|1663222336
|switch|p2a: Rillaboom|Rillaboom, M|100/100|[from]move: Volt Switch
|-damage|p2a: Rillaboom|88/100|[from] Stealth Rock
|-fieldstart|move: Grassy Terrain|[from] ability: Grassy Surge|[of] p2a: Rillaboom
|
|-heal|p2a: Rillaboom|94/100|[from] Grassy Terrain
|upkeep
|turn|6
|
|t:|1663222346
|switch|p1a: Corvikstall|Corviknight, F|43/100
|-damage|p1a: Corvikstall|30/100|[from] Stealth Rock
|-ability|p1a: Corvikstall|Pressure
|move|p2a: Rillaboom|Knock Off|p1a: Corvikstall
|-damage|p1a: Corvikstall|7/100
|-damage|p2a: Rillaboom|78/100|[from] item: Rocky Helmet|[of] p1a: Corvikstall
|-enditem|p1a: Corvikstall|Rocky Helmet|[from] move: Knock Off|[of] p2a: Rillaboom
|
|-heal|p2a: Rillaboom|84/100|[from] Grassy Terrain
|upkeep
|turn|7
|
|t:|1663222367
|move|p2a: Rillaboom|Drain Punch|p1a: Corvikstall
|-damage|p1a: Corvikstall|0 fnt
|-heal|p2a: Rillaboom|88/100|[from] drain|[of] p1a: Corvikstall
|faint|p1a: Corvikstall
|
|-heal|p2a: Rillaboom|94/100|[from] Grassy Terrain
|upkeep
|
|t:|1663222376
|switch|p1a: Ryuk|Dragapult, F|100/100
|-damage|p1a: Ryuk|88/100|[from] Stealth Rock
|turn|8
|
|t:|1663222380
|move|p1a: Ryuk|Will-O-Wisp|p2a: Rillaboom
|-status|p2a: Rillaboom|brn
|move|p2a: Rillaboom|Knock Off|p1a: Ryuk
|-supereffective|p1a: Ryuk
|-damage|p1a: Ryuk|36/100
|-enditem|p1a: Ryuk|Spell Tag|[from] move: Knock Off|[of] p2a: Rillaboom
|
|-heal|p1a: Ryuk|42/100|[from] Grassy Terrain
|-heal|p2a: Rillaboom|99/100 brn|[from] Grassy Terrain
|-damage|p2a: Rillaboom|94/100 brn|[from] brn
|upkeep
|turn|9
|
|t:|1663222393
|move|p1a: Ryuk|Hex|p2a: Rillaboom
|-damage|p2a: Rillaboom|46/100 brn
|move|p2a: Rillaboom|U-turn|p1a: Ryuk
|-resisted|p1a: Ryuk
|-damage|p1a: Ryuk|33/100
|
|t:|1663222400
|switch|p2a: Aegislash|Aegislash, M, shiny|100/100|[from]move: U-turn
|-damage|p2a: Aegislash|94/100|[from] Stealth Rock
|
|-heal|p1a: Ryuk|39/100|[from] Grassy Terrain
|-heal|p2a: Aegislash|100/100|[from] Grassy Terrain
|-fieldend|move: Grassy Terrain
|upkeep
|turn|10
|
|t:|1663222409
|switch|p1a: Sharkchomp|Garchomp, F|88/100 tox
|-damage|p1a: Sharkchomp|82/100 tox|[from] Stealth Rock
|-formechange|p2a: Aegislash|Aegislash-Blade||[from] ability: Stance Change
|move|p2a: Aegislash|Shadow Sneak|p1a: Sharkchomp
|-damage|p1a: Sharkchomp|62/100 tox
|-damage|p2a: Aegislash|88/100|[from] ability: Rough Skin|[of] p1a: Sharkchomp
|-damage|p2a: Aegislash|78/100|[from] item: Life Orb
|
|-heal|p1a: Sharkchomp|69/100 tox|[from] item: Leftovers
|-damage|p1a: Sharkchomp|62/100 tox|[from] psn
|upkeep
|turn|11
|
|t:|1663222434
|-formechange|p2a: Aegislash|Aegislash||[from] ability: Stance Change
|move|p2a: Aegislash|King's Shield|p2a: Aegislash
|-singleturn|p2a: Aegislash|Protect
|move|p1a: Sharkchomp|Toxic|p2a: Aegislash
|-immune|p2a: Aegislash
|
|-heal|p1a: Sharkchomp|69/100 tox|[from] item: Leftovers
|-damage|p1a: Sharkchomp|56/100 tox|[from] psn
|upkeep
|turn|12
|j| yuansen
|inactive|Avenger5 has 120 seconds left.
|
|t:|1663222455
|switch|p2a: Rillaboom|Rillaboom, M|46/100 brn
|-damage|p2a: Rillaboom|33/100 brn|[from] Stealth Rock
|-fieldstart|move: Grassy Terrain|[from] ability: Grassy Surge|[of] p2a: Rillaboom
|move|p1a: Sharkchomp|Toxic||[still]
|-fail|p1a: Sharkchomp
|
|-heal|p1a: Sharkchomp|62/100 tox|[from] Grassy Terrain
|-heal|p1a: Sharkchomp|69/100 tox|[from] item: Leftovers
|-heal|p2a: Rillaboom|39/100 brn|[from] Grassy Terrain
|-damage|p1a: Sharkchomp|50/100 tox|[from] psn
|-damage|p2a: Rillaboom|33/100 brn|[from] brn
|upkeep
|turn|13
|j| Sunday surfer
|inactive|Avenger5 has 120 seconds left.
|
|t:|1663222470
|move|p1a: Sharkchomp|Fire Blast|p2a: Rillaboom
|-supereffective|p2a: Rillaboom
|-damage|p2a: Rillaboom|0 fnt
|faint|p2a: Rillaboom
|
|-heal|p1a: Sharkchomp|56/100 tox|[from] Grassy Terrain
|-heal|p1a: Sharkchomp|62/100 tox|[from] item: Leftovers
|-damage|p1a: Sharkchomp|38/100 tox|[from] psn
|upkeep
|inactive|Avenger5 has 120 seconds left.
|
|t:|1663222478
|switch|p2a: Hawlucha|Hawlucha, M|100/100
|-damage|p2a: Hawlucha|88/100|[from] Stealth Rock
|-enditem|p2a: Hawlucha|Grassy Seed
|-boost|p2a: Hawlucha|def|1|[from] item: Grassy Seed
|turn|14
|inactive|Avenger5 has 120 seconds left.
|
|t:|1663222490
|move|p2a: Hawlucha|Substitute|p2a: Hawlucha
|-start|p2a: Hawlucha|Substitute
|-damage|p2a: Hawlucha|63/100
|move|p1a: Sharkchomp|Toxic||[still]
|-fail|p1a: Sharkchomp
|
|-heal|p1a: Sharkchomp|44/100 tox|[from] Grassy Terrain
|-heal|p1a: Sharkchomp|50/100 tox|[from] item: Leftovers
|-damage|p1a: Sharkchomp|19/100 tox|[from] psn
|upkeep
|turn|15
|
|t:|1663222501
|switch|p1a: Johnny Bravo|Melmetal|100/100
|-damage|p1a: Johnny Bravo|94/100|[from] Stealth Rock
|move|p2a: Hawlucha|Swords Dance|p2a: Hawlucha
|-boost|p2a: Hawlucha|atk|2
|
|-heal|p1a: Johnny Bravo|100/100|[from] Grassy Terrain
|upkeep
|turn|16
|l| Sunday surfer
|inactive|Avenger5 has 120 seconds left.
|
|t:|1663222522
|move|p2a: Hawlucha|Swords Dance|p2a: Hawlucha
|-boost|p2a: Hawlucha|atk|2
|move|p1a: Johnny Bravo|Double Iron Bash|p2a: Hawlucha
|-end|p2a: Hawlucha|Substitute
|-damage|p2a: Hawlucha|19/100
|-hitcount|p2a: Hawlucha|2
|
|-fieldend|move: Grassy Terrain
|upkeep
|turn|17
|inactive|Avenger5 has 120 seconds left.
|
|t:|1663222533
|switch|p1a: Sharkchomp|Garchomp, F|19/100 tox
|-damage|p1a: Sharkchomp|13/100 tox|[from] Stealth Rock
|move|p2a: Hawlucha|Close Combat|p1a: Sharkchomp
|-damage|p1a: Sharkchomp|0 fnt
|-unboost|p2a: Hawlucha|def|1
|-unboost|p2a: Hawlucha|spd|1
|-damage|p2a: Hawlucha|6/100|[from] ability: Rough Skin|[of] p1a: Sharkchomp
|faint|p1a: Sharkchomp
|
|upkeep
|-message|Fastpitchkiller forfeited.
|
|win|Avenger5
|raw|Fastpitchkiller's rating: 1552 &rarr; <strong>1531</strong><br />(-21 for losing)
|raw|Avenger5's rating: 1530 &rarr; <strong>1551</strong><br />(+21 for winning)
|l|☆Fastpitchkiller
