|raw|<div class="broadcast-blue"><strong>This battle is required to be public due to a player having a name prefixed by 'LT71LX'.</div>
|j|☆lt71lx cuzzie
|j|☆Ayante
|t:|1597005559
|player|p1|lt71lx cuzzie|102|1791
|player|p2|Ayante|koga|1701
|teamsize|p1|6
|teamsize|p2|6
|gametype|singles
|gen|8
|tier|[Gen 8] OU
|rated|
|clearpoke
|poke|p1|Talonflame, F|
|poke|p1|Urshifu-*, M|
|poke|p1|Clefable, M|
|poke|p1|Stunfisk, F|
|poke|p1|Keldeo|
|poke|p1|Scizor, F|
|poke|p2|Urshifu-*, F|
|poke|p2|Diggersby, M|
|poke|p2|Volcarona, M|
|poke|p2|Primarina, F|
|poke|p2|Dragapult, F|
|poke|p2|Corviknight, M|
|rule|Sleep Clause Mod: Limit one foe put to sleep
|rule|Species Clause: Limit one of each Pokémon
|rule|OHKO Clause: OHKO moves are banned
|rule|Evasion Moves Clause: Evasion moves are banned
|rule|Endless Battle Clause: Forcing endless battles is banned
|rule|HP Percentage Mod: HP is shown in percentages
|rule|Dynamax Clause: You cannot dynamax
|teampreview
|inactive|Battle timer is ON: inactive players will automatically lose when time's up. (requested by Ayante)
|inactive|lt71lx cuzzie has 120 seconds left.
|
|t:|1597005658
|start
|switch|p1a: Stunfisk|Stunfisk, F|100/100
|switch|p2a: Dragapult|Dragapult, F|100/100
|turn|1
|
|t:|1597005664
|move|p2a: Dragapult|Dragon Darts|p1a: Stunfisk
|-damage|p1a: Stunfisk|78/100
|-anim|p2a: Dragapult|Dragon Darts|p1a: Stunfisk
|-damage|p1a: Stunfisk|55/100
|move|p1a: Stunfisk|Stealth Rock|p2a: Dragapult
|-sidestart|p2: Ayante|move: Stealth Rock
|
|-heal|p1a: Stunfisk|61/100|[from] item: Leftovers
|upkeep
|turn|2
|inactive|lt71lx cuzzie has 120 seconds left.
|
|t:|1597005717
|move|p2a: Dragapult|Dragon Darts|p1a: Stunfisk
|-damage|p1a: Stunfisk|38/100
|-anim|p2a: Dragapult|Dragon Darts|p1a: Stunfisk
|-damage|p1a: Stunfisk|15/100
|move|p1a: Stunfisk|Earth Power|p2a: Dragapult
|-damage|p2a: Dragapult|55/100
|
|-heal|p1a: Stunfisk|21/100|[from] item: Leftovers
|upkeep
|turn|3
|
|t:|1597005727
|switch|p1a: Clefable|Clefable, M|100/100
|move|p2a: Dragapult|Dragon Darts|p1a: Clefable
|-immune|p1a: Clefable
|
|upkeep
|turn|4
|inactive|lt71lx cuzzie has 90 seconds left.
|
|t:|1597005761
|switch|p2a: Corviknight|Corviknight, M|100/100
|-damage|p2a: Corviknight|88/100|[from] Stealth Rock
|-ability|p2a: Corviknight|Pressure
|move|p1a: Clefable|Moonblast|p2a: Corviknight
|-resisted|p2a: Corviknight
|-damage|p2a: Corviknight|74/100
|
|upkeep
|turn|5
|
|t:|1597005770
|move|p1a: Clefable|Thunder|p2a: Corviknight
|-supereffective|p2a: Corviknight
|-crit|p2a: Corviknight
|-damage|p2a: Corviknight|10/100
|-status|p2a: Corviknight|par
|move|p2a: Corviknight|Defog|p1a: Clefable
|-unboost|p1a: Clefable|evasion|1
|-sideend|p2: Ayante|Stealth Rock|[from] move: Defog|[of] p2a: Corviknight
|
|upkeep
|turn|6
|inactive|lt71lx cuzzie has 90 seconds left.
|
|t:|1597005796
|move|p1a: Clefable|Moonblast|p2a: Corviknight
|-resisted|p2a: Corviknight
|-damage|p2a: Corviknight|0 fnt
|faint|p2a: Corviknight
|
|upkeep
|
|t:|1597005801
|switch|p2a: Diggersby|Diggersby, M|100/100
|turn|7
|inactive|lt71lx cuzzie has 90 seconds left.
|
|t:|1597005822
|switch|p1a: EGALVANC.|Keldeo|100/100
|move|p2a: Diggersby|Mega Kick|p1a: EGALVANC.
|-damage|p1a: EGALVANC.|0 fnt
|-damage|p2a: Diggersby|91/100|[from] item: Life Orb
|faint|p1a: EGALVANC.
|
|upkeep
|c|☆lt71lx cuzzie|oml
|
|t:|1597005831
|switch|p1a: DIE HAPPY|Urshifu-Rapid-Strike, M|100/100
|turn|8
|
|t:|1597005840
|switch|p2a: Primarina|Primarina, F|100/100
|move|p1a: DIE HAPPY|Surging Strikes|p2a: Primarina
|-resisted|p2a: Primarina
|-crit|p2a: Primarina
|-damage|p2a: Primarina|89/100
|-resisted|p2a: Primarina
|-crit|p2a: Primarina
|-damage|p2a: Primarina|79/100
|-resisted|p2a: Primarina
|-crit|p2a: Primarina
|-damage|p2a: Primarina|70/100
|-hitcount|p2a: Primarina|3
|-damage|p1a: DIE HAPPY|91/100|[from] item: Life Orb
|
|-heal|p2a: Primarina|76/100|[from] item: Leftovers
|upkeep
|turn|9
|
|t:|1597005854
|switch|p1a: Scizor|Scizor, F|100/100
|move|p2a: Primarina|Draining Kiss|p1a: Scizor
|-resisted|p1a: Scizor
|-damage|p1a: Scizor|93/100
|-heal|p2a: Primarina|81/100|[from] drain|[of] p1a: Scizor
|
|-heal|p1a: Scizor|99/100|[from] item: Leftovers
|-heal|p2a: Primarina|87/100|[from] item: Leftovers
|upkeep
|turn|10
|
|t:|1597005865
|switch|p2a: Volcarona|Volcarona, M|100/100
|move|p1a: Scizor|U-turn|p2a: Volcarona
|-resisted|p2a: Volcarona
|-damage|p2a: Volcarona|87/100
|-status|p1a: Scizor|brn|[from] ability: Flame Body|[of] p2a: Volcarona
|
|t:|1597005871
|switch|p1a: Talonflame|Talonflame, F|100/100|[from]move: U-turn
|
|upkeep
|turn|11
|
|t:|1597005878
|switch|p2a: Primarina|Primarina, F|87/100
|move|p1a: Talonflame|Brave Bird|p2a: Primarina
|-damage|p2a: Primarina|61/100
|-damage|p1a: Talonflame|92/100|[from] Recoil
|
|-heal|p2a: Primarina|67/100|[from] item: Leftovers
|upkeep
|turn|12
|
|t:|1597005888
|move|p1a: Talonflame|Taunt|p2a: Primarina
|-start|p2a: Primarina|move: Taunt
|move|p2a: Primarina|Scald|p1a: Talonflame
|-supereffective|p1a: Talonflame
|-damage|p1a: Talonflame|4/100
|
|-heal|p2a: Primarina|73/100|[from] item: Leftovers
|upkeep
|turn|13
|inactive|lt71lx cuzzie has 120 seconds left.
|
|t:|1597005897
|switch|p1a: Scizor|Scizor, F|99/100 brn
|move|p2a: Primarina|Scald|p1a: Scizor
|-damage|p1a: Scizor|71/100 brn
|
|-heal|p1a: Scizor|77/100 brn|[from] item: Leftovers
|-heal|p2a: Primarina|79/100|[from] item: Leftovers
|-damage|p1a: Scizor|71/100 brn|[from] brn
|upkeep
|turn|14
|
|t:|1597005908
|switch|p2a: Volcarona|Volcarona, M|87/100
|move|p1a: Scizor|U-turn|p2a: Volcarona
|-resisted|p2a: Volcarona
|-damage|p2a: Volcarona|79/100
|
|t:|1597005914
|switch|p1a: Talonflame|Talonflame, F|4/100|[from]move: U-turn
|
|upkeep
|turn|15
|
|t:|1597005919
|switch|p2a: Primarina|Primarina, F|79/100
|move|p1a: Talonflame|Roost|p1a: Talonflame
|-heal|p1a: Talonflame|54/100
|-singleturn|p1a: Talonflame|move: Roost
|
|-heal|p2a: Primarina|85/100|[from] item: Leftovers
|upkeep
|turn|16
|
|t:|1597005929
|switch|p1a: Clefable|Clefable, M|100/100
|move|p2a: Primarina|Calm Mind|p2a: Primarina
|-boost|p2a: Primarina|spa|1
|-boost|p2a: Primarina|spd|1
|
|-heal|p2a: Primarina|91/100|[from] item: Leftovers
|upkeep
|turn|17
|
|t:|1597005937
|move|p1a: Clefable|Calm Mind|p1a: Clefable
|-boost|p1a: Clefable|spa|1
|-boost|p1a: Clefable|spd|1
|move|p2a: Primarina|Substitute|p2a: Primarina
|-start|p2a: Primarina|Substitute
|-damage|p2a: Primarina|66/100
|
|-heal|p2a: Primarina|72/100|[from] item: Leftovers
|upkeep
|turn|18
|
|t:|1597005946
|switch|p2a: Diggersby|Diggersby, M|91/100
|move|p1a: Clefable|Calm Mind|p1a: Clefable
|-boost|p1a: Clefable|spa|1
|-boost|p1a: Clefable|spd|1
|
|upkeep
|turn|19
|
|t:|1597005956
|move|p2a: Diggersby|Earthquake|p1a: Clefable
|-damage|p1a: Clefable|26/100
|-damage|p2a: Diggersby|81/100|[from] item: Life Orb
|move|p1a: Clefable|Moonblast|p2a: Diggersby
|-damage|p2a: Diggersby|0 fnt
|faint|p2a: Diggersby
|
|upkeep
|
|t:|1597005967
|switch|p2a: Urshifu|Urshifu, F|100/100
|turn|20
|
|t:|1597005972
|switch|p1a: Talonflame|Talonflame, F|54/100
|move|p2a: Urshifu|Wicked Blow|p1a: Talonflame
|-crit|p1a: Talonflame
|-damage|p1a: Talonflame|0 fnt
|-damage|p2a: Urshifu|91/100|[from] item: Life Orb
|faint|p1a: Talonflame
|
|upkeep
|
|t:|1597005979
|switch|p1a: DIE HAPPY|Urshifu-Rapid-Strike, M|91/100
|turn|21
|
|t:|1597005991
|switch|p2a: Primarina|Primarina, F|72/100
|move|p1a: DIE HAPPY|Close Combat|p2a: Primarina
|-resisted|p2a: Primarina
|-damage|p2a: Primarina|37/100
|-unboost|p1a: DIE HAPPY|def|1
|-unboost|p1a: DIE HAPPY|spd|1
|-damage|p1a: DIE HAPPY|81/100|[from] item: Life Orb
|
|-heal|p2a: Primarina|43/100|[from] item: Leftovers
|upkeep
|turn|22
|
|t:|1597006003
|move|p1a: DIE HAPPY|Thunder Punch|p2a: Primarina
|-supereffective|p2a: Primarina
|-damage|p2a: Primarina|0 fnt
|-damage|p1a: DIE HAPPY|71/100|[from] item: Life Orb
|faint|p2a: Primarina
|
|upkeep
|
|t:|1597006017
|switch|p2a: Dragapult|Dragapult, F|55/100
|turn|23
|
|t:|1597006021
|switch|p1a: Stunfisk|Stunfisk, F|21/100
|move|p2a: Dragapult|Phantom Force||[still]
|-prepare|p2a: Dragapult|Phantom Force
|
|-heal|p1a: Stunfisk|27/100|[from] item: Leftovers
|upkeep
|turn|24
|
|t:|1597006029
|move|p2a: Dragapult|Phantom Force|p1a: Stunfisk|[from]lockedmove
|-damage|p1a: Stunfisk|0 fnt
|faint|p1a: Stunfisk
|
|upkeep
|
|t:|1597006032
|switch|p1a: Clefable|Clefable, M|26/100
|turn|25
|
|t:|1597006052
|switch|p2a: Urshifu|Urshifu, F|91/100
|move|p1a: Clefable|Soft-Boiled|p1a: Clefable
|-heal|p1a: Clefable|76/100
|
|upkeep
|turn|26
|
|t:|1597006058
|switch|p1a: Scizor|Scizor, F|71/100 brn
|move|p2a: Urshifu|Iron Head|p1a: Scizor
|-resisted|p1a: Scizor
|-damage|p1a: Scizor|52/100 brn
|-damage|p2a: Urshifu|81/100|[from] item: Life Orb
|
|-heal|p1a: Scizor|59/100 brn|[from] item: Leftovers
|-damage|p1a: Scizor|52/100 brn|[from] brn
|upkeep
|turn|27
|
|t:|1597006069
|move|p2a: Urshifu|Wicked Blow|p1a: Scizor
|-crit|p1a: Scizor
|-damage|p1a: Scizor|0 fnt
|-damage|p2a: Urshifu|71/100|[from] item: Life Orb
|faint|p1a: Scizor
|
|upkeep
|
|t:|1597006073
|switch|p1a: DIE HAPPY|Urshifu-Rapid-Strike, M|71/100
|turn|28
|
|t:|1597006102
|switch|p2a: Dragapult|Dragapult, F|55/100
|move|p1a: DIE HAPPY|Surging Strikes|p2a: Dragapult
|-resisted|p2a: Dragapult
|-crit|p2a: Dragapult
|-damage|p2a: Dragapult|36/100
|-resisted|p2a: Dragapult
|-crit|p2a: Dragapult
|-damage|p2a: Dragapult|20/100
|-resisted|p2a: Dragapult
|-crit|p2a: Dragapult
|-damage|p2a: Dragapult|4/100
|-hitcount|p2a: Dragapult|3
|-damage|p1a: DIE HAPPY|61/100|[from] item: Life Orb
|
|upkeep
|turn|29
|inactive|Ayante has 120 seconds left.
|
|t:|1597006119
|move|p1a: DIE HAPPY|Aqua Jet|p2a: Dragapult
|-resisted|p2a: Dragapult
|-damage|p2a: Dragapult|0 fnt
|-damage|p1a: DIE HAPPY|51/100|[from] item: Life Orb
|faint|p2a: Dragapult
|
|upkeep
|inactive|Ayante has 120 seconds left.
|
|t:|1597006128
|switch|p2a: Urshifu|Urshifu, F|71/100
|turn|30
|c|☆lt71lx cuzzie|it all comes down to a speed tie lol
|
|t:|1597006133
|move|p1a: DIE HAPPY|Close Combat|p2a: Urshifu
|-supereffective|p2a: Urshifu
|-damage|p2a: Urshifu|0 fnt
|-unboost|p1a: DIE HAPPY|def|1
|-unboost|p1a: DIE HAPPY|spd|1
|-damage|p1a: DIE HAPPY|41/100|[from] item: Life Orb
|faint|p2a: Urshifu
|
|upkeep
|c|☆lt71lx cuzzie|whats ur spread
|
|t:|1597006142
|switch|p2a: Volcarona|Volcarona, M|79/100
|turn|31
|
|t:|1597006146
|move|p1a: DIE HAPPY|Aqua Jet|p2a: Volcarona
|-supereffective|p2a: Volcarona
|-damage|p2a: Volcarona|26/100
|-status|p1a: DIE HAPPY|brn|[from] ability: Flame Body|[of] p2a: Volcarona
|-damage|p1a: DIE HAPPY|31/100 brn|[from] item: Life Orb
|move|p2a: Volcarona|Flamethrower|p1a: DIE HAPPY
|-resisted|p1a: DIE HAPPY
|-damage|p1a: DIE HAPPY|0 fnt
|faint|p1a: DIE HAPPY
|
|upkeep
|
|t:|1597006150
|switch|p1a: Clefable|Clefable, M|76/100
|turn|32
|c|☆lt71lx cuzzie|oml ur fat volc
|
|t:|1597006160
|move|p2a: Volcarona|Roost|p2a: Volcarona
|-heal|p2a: Volcarona|76/100
|-singleturn|p2a: Volcarona|move: Roost
|move|p1a: Clefable|Calm Mind|p1a: Clefable
|-boost|p1a: Clefable|spa|1
|-boost|p1a: Clefable|spd|1
|
|upkeep
|turn|33
|
|t:|1597006167
|move|p2a: Volcarona|Quiver Dance|p2a: Volcarona
|-boost|p2a: Volcarona|spa|1
|-boost|p2a: Volcarona|spd|1
|-boost|p2a: Volcarona|spe|1
|move|p1a: Clefable|Calm Mind|p1a: Clefable
|-boost|p1a: Clefable|spa|1
|-boost|p1a: Clefable|spd|1
|
|upkeep
|turn|34
|
|t:|1597006174
|move|p2a: Volcarona|Quiver Dance|p2a: Volcarona
|-boost|p2a: Volcarona|spa|1
|-boost|p2a: Volcarona|spd|1
|-boost|p2a: Volcarona|spe|1
|move|p1a: Clefable|Thunder|p2a: Volcarona
|-damage|p2a: Volcarona|49/100
|
|upkeep
|turn|35
|
|t:|1597006183
|move|p2a: Volcarona|Roost|p2a: Volcarona
|-heal|p2a: Volcarona|99/100
|-singleturn|p2a: Volcarona|move: Roost
|move|p1a: Clefable|Thunder|p2a: Volcarona|[miss]
|-miss|p1a: Clefable|p2a: Volcarona
|
|upkeep
|turn|36
|
|t:|1597006190
|move|p2a: Volcarona|Quiver Dance|p2a: Volcarona
|-boost|p2a: Volcarona|spa|1
|-boost|p2a: Volcarona|spd|1
|-boost|p2a: Volcarona|spe|1
|move|p1a: Clefable|Thunder|p2a: Volcarona|[miss]
|-miss|p1a: Clefable|p2a: Volcarona
|
|upkeep
|turn|37
|c|☆lt71lx cuzzie|no luck today haha
|c|☆lt71lx cuzzie|gg
|
|t:|1597006198
|move|p2a: Volcarona|Flamethrower|p1a: Clefable
|-damage|p1a: Clefable|36/100
|-status|p1a: Clefable|brn
|move|p1a: Clefable|Thunder|p2a: Volcarona
|-damage|p2a: Volcarona|77/100
|
|upkeep
|turn|38
|
|t:|1597006206
|move|p2a: Volcarona|Flamethrower|p1a: Clefable
|-damage|p1a: Clefable|0 fnt
|faint|p1a: Clefable
|
|win|Ayante
|c|☆lt71lx cuzzie|fuck lol
|c|☆lt71lx cuzzie|chokes
|l|☆lt71lx cuzzie
|c|☆Ayante|Jaja you almost got me
|raw|lt71lx cuzzie's rating: 1791 &rarr; <strong>1766</strong><br />(-25 for losing)
|raw|Ayante's rating: 1701 &rarr; <strong>1727</strong><br />(+26 for winning)
