|j|☆Starfat
|j|☆GGeorgie
|t:|1667698128
|gametype|singles
|player|p1|Starfat|doubleteam|1434
|player|p2|GGeorgie|hiker-gen2|1497
|teamsize|p1|6
|teamsize|p2|6
|gen|8
|tier|[Gen 8] OU
|rated|
|rule|Sleep Clause Mod: Limit one foe put to sleep
|rule|Species Clause: Limit one of each Pokémon
|rule|OHKO Clause: OHKO moves are banned
|rule|Evasion Items Clause: Evasion items are banned
|rule|Evasion Moves Clause: Evasion moves are banned
|rule|Endless Battle Clause: Forcing endless battles is banned
|rule|HP Percentage Mod: HP is shown in percentages
|rule|Dynamax Clause: You cannot dynamax
|clearpoke
|poke|p1|Bisharp, M|
|poke|p1|Hawlucha, F|
|poke|p1|Mew|
|poke|p1|Rillaboom, F|
|poke|p1|Gengar, F|
|poke|p1|Urshifu-*, M|
|poke|p2|Excadrill, M|
|poke|p2|Tyranitar, F|
|poke|p2|Landorus-Therian, M|
|poke|p2|Moltres|
|poke|p2|Scizor, M|
|poke|p2|Amoonguss, M|
|teampreview
|j| d18l
|
|t:|1667698134
|start
|switch|p1a: Mew|Mew|100/100
|switch|p2a: Landorus|Landorus-Therian, M|100/100
|-ability|p2a: Landorus|Intimidate|boost
|-unboost|p1a: Mew|atk|1
|turn|1
|inactive|Battle timer is ON: inactive players will automatically lose when time's up. (requested by GGeorgie)
|
|t:|1667698138
|move|p2a: Landorus|U-turn|p1a: Mew
|-supereffective|p1a: Mew
|-damage|p1a: Mew|48/100
|
|t:|1667698143
|switch|p2a: Moltres|Moltres|100/100|[from]move: U-turn
|-ability|p2a: Moltres|Pressure
|move|p1a: Mew|Ice Beam|p2a: Moltres
|-damage|p2a: Moltres|57/100
|-damage|p1a: Mew|38/100|[from] item: Life Orb
|
|upkeep
|turn|2
|
|t:|1667698147
|switch|p2a: Landorus|Landorus-Therian, M|100/100
|-ability|p2a: Landorus|Intimidate|boost
|-unboost|p1a: Mew|atk|1
|move|p1a: Mew|Volt Switch|p2a: Landorus
|-immune|p2a: Landorus
|
|upkeep
|turn|3
|
|t:|1667698153
|switch|p1a: Hawlucha|Hawlucha, F|100/100
|move|p2a: Landorus|U-turn|p1a: Hawlucha
|-resisted|p1a: Hawlucha
|-damage|p1a: Hawlucha|91/100
|
|t:|1667698162
|switch|p2a: Moltres|Moltres|57/100|[from]move: U-turn
|-ability|p2a: Moltres|Pressure
|
|upkeep
|turn|4
|
|t:|1667698168
|switch|p1a: Gengar|Gengar, F|100/100
|move|p2a: Moltres|Flamethrower|p1a: Gengar
|-damage|p1a: Gengar|23/100
|-status|p1a: Gengar|brn
|
|-damage|p1a: Gengar|17/100 brn|[from] brn
|upkeep
|turn|5
|
|t:|1667698171
|switch|p2a: Amoonguss|Amoonguss, M|100/100
|move|p1a: Gengar|Nasty Plot|p1a: Gengar
|-boost|p1a: Gengar|spa|2
|
|-damage|p1a: Gengar|11/100 brn|[from] brn
|upkeep
|turn|6
|
|t:|1667698174
|move|p2a: Amoonguss|Protect|p2a: Amoonguss
|-singleturn|p2a: Amoonguss|Protect
|move|p1a: Gengar|Shadow Ball|p2a: Amoonguss
|-activate|p2a: Amoonguss|move: Protect
|
|-damage|p1a: Gengar|5/100 brn|[from] brn
|upkeep
|turn|7
|
|t:|1667698179
|move|p2a: Amoonguss|Protect||[still]
|-fail|p2a: Amoonguss
|move|p1a: Gengar|Focus Blast|p2a: Amoonguss
|-resisted|p2a: Amoonguss
|-damage|p2a: Amoonguss|66/100
|
|-damage|p1a: Gengar|0 fnt|[from] brn
|faint|p1a: Gengar
|upkeep
|
|t:|1667698184
|switch|p1a: Mew|Mew|38/100
|turn|8
|
|t:|1667698187
|switch|p2a: Tyranitar|Tyranitar, F|100/100
|-weather|Sandstorm|[from] ability: Sand Stream|[of] p2a: Tyranitar
|move|p1a: Mew|Flamethrower|p2a: Tyranitar
|-resisted|p2a: Tyranitar
|-damage|p2a: Tyranitar|90/100
|-damage|p1a: Mew|28/100|[from] item: Life Orb
|
|-weather|Sandstorm|[upkeep]
|-damage|p1a: Mew|22/100|[from] Sandstorm
|upkeep
|turn|9
|
|t:|1667698189
|switch|p2a: Landorus|Landorus-Therian, M|100/100
|-ability|p2a: Landorus|Intimidate|boost
|-unboost|p1a: Mew|atk|1
|move|p1a: Mew|Giga Drain|p2a: Landorus
|-damage|p2a: Landorus|67/100
|-heal|p1a: Mew|37/100|[from] drain|[of] p2a: Landorus
|-damage|p1a: Mew|27/100|[from] item: Life Orb
|
|-weather|Sandstorm|[upkeep]
|-damage|p1a: Mew|21/100|[from] Sandstorm
|upkeep
|turn|10
|
|t:|1667698193
|switch|p1a: Urshifu|Urshifu-Rapid-Strike, M|100/100
|move|p2a: Landorus|U-turn|p1a: Urshifu
|-resisted|p1a: Urshifu
|-damage|p1a: Urshifu|87/100
|
|t:|1667698195
|switch|p2a: Amoonguss|Amoonguss, M|99/100|[from]move: U-turn
|
|-weather|Sandstorm|[upkeep]
|-damage|p1a: Urshifu|81/100|[from] Sandstorm
|-damage|p2a: Amoonguss|93/100|[from] Sandstorm
|upkeep
|turn|11
|
|t:|1667698199
|switch|p1a: Rillaboom|Rillaboom, F|100/100
|-fieldstart|move: Grassy Terrain|[from] ability: Grassy Surge|[of] p1a: Rillaboom
|move|p2a: Amoonguss|Foul Play|p1a: Rillaboom
|-damage|p1a: Rillaboom|60/100
|
|-weather|Sandstorm|[upkeep]
|-damage|p1a: Rillaboom|54/100|[from] Sandstorm
|-damage|p2a: Amoonguss|87/100|[from] Sandstorm
|-heal|p1a: Rillaboom|60/100|[from] Grassy Terrain
|-heal|p2a: Amoonguss|93/100|[from] Grassy Terrain
|upkeep
|turn|12
|
|t:|1667698204
|switch|p1a: Hawlucha|Hawlucha, F|91/100
|-enditem|p1a: Hawlucha|Grassy Seed
|-boost|p1a: Hawlucha|def|1|[from] item: Grassy Seed
|move|p2a: Amoonguss|Stun Spore|p1a: Hawlucha
|-status|p1a: Hawlucha|par
|
|-weather|none
|-heal|p2a: Amoonguss|99/100|[from] Grassy Terrain
|upkeep
|turn|13
|
|t:|1667698212
|cant|p1a: Hawlucha|par
|move|p2a: Amoonguss|Foul Play|p1a: Hawlucha
|-resisted|p1a: Hawlucha
|-damage|p1a: Hawlucha|78/100 par
|
|-heal|p2a: Amoonguss|100/100|[from] Grassy Terrain
|upkeep
|turn|14
|
|t:|1667698214
|move|p1a: Hawlucha|Substitute|p1a: Hawlucha
|-start|p1a: Hawlucha|Substitute
|-damage|p1a: Hawlucha|53/100 par
|move|p2a: Amoonguss|Foul Play|p1a: Hawlucha
|-resisted|p1a: Hawlucha
|-activate|p1a: Hawlucha|move: Substitute|[damage]
|
|upkeep
|turn|15
|
|t:|1667698216
|move|p1a: Hawlucha|Acrobatics|p2a: Amoonguss
|-supereffective|p2a: Amoonguss
|-damage|p2a: Amoonguss|19/100
|-damage|p1a: Hawlucha|37/100 par|[from] item: Rocky Helmet|[of] p2a: Amoonguss
|move|p2a: Amoonguss|Foul Play|p1a: Hawlucha
|-resisted|p1a: Hawlucha
|-end|p1a: Hawlucha|Substitute
|
|-heal|p2a: Amoonguss|26/100|[from] Grassy Terrain
|-fieldend|move: Grassy Terrain
|upkeep
|turn|16
|
|t:|1667698220
|switch|p2a: Landorus|Landorus-Therian, M|67/100
|-ability|p2a: Landorus|Intimidate|boost
|-unboost|p1a: Hawlucha|atk|1
|cant|p1a: Hawlucha|par
|
|upkeep
|turn|17
|-message|Starfat forfeited.
|
|win|GGeorgie
|raw|Starfat's rating: 1434 &rarr; <strong>1418</strong><br />(-16 for losing)
|raw|GGeorgie's rating: 1497 &rarr; <strong>1513</strong><br />(+16 for winning)
|l|☆Starfat
