|j|☆Run For Me Plz
|j|☆funtasia#
|t:|1643668211
|gametype|singles
|player|p1|Run For Me Plz|evelyn|1716
|player|p2|funtasia#|1|1710
|teamsize|p1|6
|teamsize|p2|6
|gen|8
|tier|[Gen 8] OU
|rated|
|rule|Sleep Clause Mod: Limit one foe put to sleep
|rule|Species Clause: Limit one of each Pokémon
|rule|OHKO Clause: OHKO moves are banned
|rule|Evasion Moves Clause: Evasion moves are banned
|rule|Endless Battle Clause: Forcing endless battles is banned
|rule|HP Percentage Mod: HP is shown in percentages
|rule|Dynamax Clause: You cannot dynamax
|clearpoke
|poke|p1|Rillaboom, M|
|poke|p1|Urshifu-*, M|
|poke|p1|Dragapult, M|
|poke|p1|Magnezone|
|poke|p1|Corviknight, F|
|poke|p1|Landorus-Therian, M|
|poke|p2|Zapdos|
|poke|p2|Tapu Lele|
|poke|p2|Rillaboom, M|
|poke|p2|Tapu Fini|
|poke|p2|Moltres-Galar|
|poke|p2|Excadrill, M|
|teampreview
|inactive|Battle timer is ON: inactive players will automatically lose when time's up. (requested by Run For Me Plz)
|j| ppev
|j| Mavkk
|
|t:|1643668232
|start
|switch|p1a: Dragapult|Dragapult, M|100/100
|switch|p2a: Tapu Fini|Tapu Fini|100/100
|-fieldstart|move: Misty Terrain|[from] ability: Misty Surge|[of] p2a: Tapu Fini
|turn|1
|
|t:|1643668235
|switch|p1a: Corviknight|Corviknight, F|100/100
|-ability|p1a: Corviknight|Pressure
|move|p2a: Tapu Fini|Nature's Madness|p1a: Corviknight
|-damage|p1a: Corviknight|51/100
|
|-heal|p1a: Corviknight|57/100|[from] item: Leftovers
|upkeep
|turn|2
|
|t:|1643668238
|move|p2a: Tapu Fini|Nature's Madness|p1a: Corviknight|[miss]
|-miss|p2a: Tapu Fini|p1a: Corviknight
|move|p1a: Corviknight|U-turn|p2a: Tapu Fini
|-resisted|p2a: Tapu Fini
|-damage|p2a: Tapu Fini|95/100
|
|t:|1643668242
|switch|p1a: Rillaboom|Rillaboom, M|100/100|[from]move: U-turn
|-fieldstart|move: Grassy Terrain|[from] ability: Grassy Surge|[of] p1a: Rillaboom
|
|-heal|p2a: Tapu Fini|100/100|[from] Grassy Terrain
|upkeep
|turn|3
|
|t:|1643668244
|move|p1a: Rillaboom|U-turn|p2a: Tapu Fini
|-resisted|p2a: Tapu Fini
|-damage|p2a: Tapu Fini|86/100
|
|t:|1643668247
|switch|p1a: Magnezone|Magnezone|100/100|[from]move: U-turn
|move|p2a: Tapu Fini|Nature's Madness|p1a: Magnezone
|-damage|p1a: Magnezone|51/100
|
|-heal|p1a: Magnezone|57/100|[from] Grassy Terrain
|-heal|p2a: Tapu Fini|92/100|[from] Grassy Terrain
|-heal|p2a: Tapu Fini|98/100|[from] item: Leftovers
|upkeep
|turn|4
|
|t:|1643668252
|switch|p1a: Landorus|Landorus-Therian, M|100/100
|-ability|p1a: Landorus|Intimidate|boost
|-unboost|p2a: Tapu Fini|atk|1
|move|p2a: Tapu Fini|Whirlpool|p1a: Landorus
|-supereffective|p1a: Landorus
|-damage|p1a: Landorus|73/100
|-activate|p1a: Landorus|move: Whirlpool|[of] p2a: Tapu Fini
|
|-heal|p1a: Landorus|79/100|[from] item: Leftovers
|-heal|p2a: Tapu Fini|100/100|[from] Grassy Terrain
|-damage|p1a: Landorus|67/100|[from] move: Whirlpool|[partiallytrapped]
|upkeep
|turn|5
|
|t:|1643668256
|move|p1a: Landorus|U-turn|p2a: Tapu Fini
|-resisted|p2a: Tapu Fini
|-crit|p2a: Tapu Fini
|-damage|p2a: Tapu Fini|88/100
|
|t:|1643668263
|switch|p1a: Rillaboom|Rillaboom, M|100/100|[from]move: U-turn
|move|p2a: Tapu Fini|Nature's Madness|p1a: Rillaboom
|-damage|p1a: Rillaboom|51/100
|
|-heal|p1a: Rillaboom|57/100|[from] Grassy Terrain
|-heal|p2a: Tapu Fini|94/100|[from] Grassy Terrain
|-heal|p2a: Tapu Fini|99/100|[from] item: Leftovers
|upkeep
|turn|6
|j| ShotsInTheRain
|
|t:|1643668266
|switch|p2a: Zapdos|Zapdos|100/100
|move|p1a: Rillaboom|U-turn|p2a: Zapdos
|-resisted|p2a: Zapdos
|-damage|p2a: Zapdos|77/100
|-status|p1a: Rillaboom|par|[from] ability: Static|[of] p2a: Zapdos
|
|t:|1643668271
|switch|p1a: Dragapult|Dragapult, M|100/100|[from]move: U-turn
|
|-fieldend|move: Grassy Terrain
|upkeep
|turn|7
|
|t:|1643668273
|move|p1a: Dragapult|Shadow Ball|p2a: Zapdos
|-damage|p2a: Zapdos|21/100
|move|p2a: Zapdos|Hurricane|p1a: Dragapult
|-damage|p1a: Dragapult|0 fnt
|faint|p1a: Dragapult
|
|upkeep
|
|t:|1643668280
|switch|p1a: Urshifu|Urshifu-Rapid-Strike, M|100/100
|turn|8
|
|t:|1643668284
|move|p2a: Zapdos|Hurricane|p1a: Urshifu
|-supereffective|p1a: Urshifu
|-damage|p1a: Urshifu|0 fnt
|faint|p1a: Urshifu
|
|upkeep
|c|☆Run For Me Plz|Wtf am I playing
|-message|Run For Me Plz forfeited.
|
|win|funtasia#
|raw|Run For Me Plz's rating: 1716 &rarr; <strong>1696</strong><br />(-20 for losing)
|raw|funtasia#'s rating: 1710 &rarr; <strong>1730</strong><br />(+20 for winning)
|c|☆funtasia#|stop predicting so hard
|c|☆funtasia#|it is painful
|l|☆Run For Me Plz
|l|☆funtasia#
|l| Mavkk
||Ladder isn't responding, score probably updated but might not have (Request timeout).
