|j|☆spookyz
|j|☆SetsuStsna
|inactive|Battle timer is ON: inactive players will automatically lose when time's up.
|t:|1652278715
|gametype|singles
|player|p1|spookyz|pokemonranger-gen4|
|player|p2|SetsuStsna|irida|
|teamsize|p1|6
|teamsize|p2|6
|gen|8
|tier|[Gen 8] OU
|rated|Tournament battle
|rule|Sleep Clause Mod: Limit one foe put to sleep
|rule|Species Clause: Limit one of each Pokémon
|rule|OHKO Clause: OHKO moves are banned
|rule|Evasion Moves Clause: Evasion moves are banned
|rule|Endless Battle Clause: Forcing endless battles is banned
|rule|HP Percentage Mod: HP is shown in percentages
|rule|Dynamax Clause: You cannot dynamax
|clearpoke
|poke|p1|Melmetal|
|poke|p1|Tapu Lele|
|poke|p1|Dragapult, F|
|poke|p1|Kartana|
|poke|p1|Landorus-Therian, M|
|poke|p1|Victini|
|poke|p2|Jirachi|
|poke|p2|Corviknight, F|
|poke|p2|Scizor, M|
|poke|p2|Ferrothorn, F|
|poke|p2|Registeel|
|poke|p2|Bisharp, M|
|teampreview
|j| fruityiscool423
|c|☆SetsuStsna|hf
|j| Mario34
|c|☆spookyz|yeah u 2
|c| fruityiscool423|crazy mono steel
|c| fruityiscool423|in finals
|j| psychoshawk
|j| nike0716
|inactive|SetsuStsna has 120 seconds left.
|
|t:|1652278745
|start
|switch|p1a: Victini|Victini|100/100
|switch|p2a: Bisharp|Bisharp, M|100/100
|turn|1
|c| Mario34|he just predicted the lele
|c|☆SetsuStsna|i predicted lando :(
|inactive|spookyz has 120 seconds left.
|
|t:|1652278782
|switch|p1a: Melmetal|Melmetal|100/100
|move|p2a: Bisharp|Beat Up|p1a: Melmetal
|-damage|p1a: Melmetal|95/100
|-damage|p1a: Melmetal|91/100
|-damage|p1a: Melmetal|86/100
|-damage|p1a: Melmetal|82/100
|-crit|p1a: Melmetal
|-damage|p1a: Melmetal|76/100
|-damage|p1a: Melmetal|71/100
|-hitcount|p1a: Melmetal|6
|
|upkeep
|turn|2
|c|☆spookyz|good set
|j| vkhss is cool
|inactive|spookyz has 120 seconds left.
|c| Mario34|i dont think u got the joke
|
|t:|1652278794
|switch|p2a: Ferrothorn|Ferrothorn, F|100/100
|move|p1a: Melmetal|Thunder Punch|p2a: Ferrothorn
|-resisted|p2a: Ferrothorn
|-damage|p2a: Ferrothorn|86/100
|-damage|p1a: Melmetal|59/100|[from] ability: Iron Barbs|[of] p2a: Ferrothorn
|
|upkeep
|turn|3
|inactive|spookyz has 120 seconds left.
|c| fruityiscool423|wow that is such a weak beat up
|c|☆spookyz|nahh
|c|☆spookyz|just a strong melmetal
|c| psychoshawk|or both
|inactive|SetsuStsna has 120 seconds left.
|j| AlIoutdragadarts
|c| vkhss is cool|no way thats band
|c| vkhss is cool|wait i shouldnt say that..
|c| vkhss is cool|mb
|c|☆spookyz|it isnt dw
|c|☆spookyz|its custap
|c|☆spookyz|4 atk
|inactive|SetsuStsna has 90 seconds left.
|c|☆SetsuStsna|lmao
|c| psychoshawk|aka a good set
|c| Mario34|252 252+ melmetal with recover when
|c| vkhss is cool|new meta???
|
|t:|1652278888
|move|p1a: Melmetal|Superpower|p2a: Ferrothorn
|-supereffective|p2a: Ferrothorn
|-damage|p2a: Ferrothorn|8/100
|-unboost|p1a: Melmetal|atk|1
|-unboost|p1a: Melmetal|def|1
|-damage|p1a: Melmetal|46/100|[from] ability: Iron Barbs|[of] p2a: Ferrothorn
|move|p2a: Ferrothorn|Bulldoze|p1a: Melmetal
|-supereffective|p1a: Melmetal
|-damage|p1a: Melmetal|2/100
|-unboost|p1a: Melmetal|spe|1
|
|upkeep
|turn|4
|inactive|spookyz has 120 seconds left.
|c| fruityiscool423|oh cb
|c| fruityiscool423|is crazy
|c| vkhss is cool|oh damn
|c|☆SetsuStsna|44
|c|☆SetsuStsna|lol
|j| Dhrabb
|c| vkhss is cool|wirh -1
|
|t:|1652278928
|switch|p1a: Victini|Victini|100/100
|switch|p2a: Jirachi|Jirachi|100/100
|
|upkeep
|turn|5
|c| fruityiscool423|should of pressed
|c| vkhss is cool|lool
|l| Dhrabb
|
|t:|1652278933
|switch|p2a: Ferrothorn|Ferrothorn, F|8/100
|move|p1a: Victini|Blue Flare|p2a: Ferrothorn
|-supereffective|p2a: Ferrothorn
|-damage|p2a: Ferrothorn|0 fnt
|faint|p2a: Ferrothorn
|
|upkeep
|
|t:|1652278938
|switch|p2a: Bisharp|Bisharp, M|100/100
|turn|6
|c|☆spookyz|hmm
|
|t:|1652278945
|switch|p1a: Melmetal|Melmetal|2/100
|move|p2a: Bisharp|Beat Up|p1a: Melmetal
|-damage|p1a: Melmetal|0 fnt
|faint|p1a: Melmetal
|-hitcount|p1: Melmetal|1
|
|upkeep
|c| psychoshawk|bro i went to get a snack and i came back to see ferro get incinerated
|c|☆spookyz|is it band?
|j| Anonymous43567
|
|t:|1652278955
|switch|p1a: Tapu Lele|Tapu Lele|100/100
|-fieldstart|move: Psychic Terrain|[from] ability: Psychic Surge|[of] p1a: Tapu Lele
|turn|7
|c| Mario34|spooky i am happy u r using based special victini
|inactive|SetsuStsna has 90 seconds left.
|c|☆SetsuStsna|Beat up hits 1 time for every living team member without a status condition. To calculate base power, take the sum of (base attack/10 + 5) for every healthy ally. For example, Weavile's 120 base attack would contribute 17 bp, while Victini's 100 base attack would contribute 15 bp.
|
|t:|1652278984
|switch|p2a: Jirachi|Jirachi|100/100
|move|p1a: Tapu Lele|Moonblast|p2a: Jirachi
|-resisted|p2a: Jirachi
|-damage|p2a: Jirachi|70/100
|
|upkeep
|turn|8
|
|t:|1652278991
|switch|p1a: Landorus|Landorus-Therian, M|100/100
|-ability|p1a: Landorus|Intimidate|boost
|-unboost|p2a: Jirachi|atk|1
|move|p2a: Jirachi|Thunder Wave|p1a: Landorus
|-immune|p1a: Landorus
|
|upkeep
|turn|9
|c| psychoshawk|thank you setsu very cool
|c| vkhss is cool|oh yea look at his team
|
|t:|1652278996
|move|p2a: Jirachi|Light Screen|p2a: Jirachi
|-sidestart|p2: SetsuStsna|move: Light Screen
|move|p1a: Landorus|Stealth Rock|p2a: Jirachi
|-sidestart|p2: SetsuStsna|move: Stealth Rock
|
|upkeep
|turn|10
|
|t:|1652278999
|move|p2a: Jirachi|Reflect|p2a: Jirachi
|-sidestart|p2: SetsuStsna|Reflect
|move|p1a: Landorus|Knock Off|p2a: Jirachi
|-supereffective|p2a: Jirachi
|-damage|p2a: Jirachi|43/100
|-enditem|p2a: Jirachi|Light Clay|[from] move: Knock Off|[of] p1a: Landorus
|
|upkeep
|turn|11
|
|t:|1652279002
|move|p2a: Jirachi|Healing Wish|p2a: Jirachi
|faint|p2a: Jirachi
|move|p1a: Landorus|U-turn|p2: Jirachi|[notarget]
|-fail|p1a: Landorus
|
|-fieldend|move: Psychic Terrain
|upkeep
|c| vkhss is cool|so many physical attackers
|c|☆spookyz|uhh oh
|c|☆spookyz|the corv gonna win
|j| SandiestHook
|c|☆spookyz|LOL
|
|t:|1652279015
|switch|p2a: Corviknight|Corviknight, F, shiny|100/100
|-damage|p2a: Corviknight|88/100|[from] Stealth Rock
|turn|12
|c| fruityiscool423|UN UN UN
|
|t:|1652279018
|move|p1a: Landorus|Knock Off|p2a: Corviknight
|-damage|p2a: Corviknight|76/100
|-enditem|p2a: Corviknight|Weakness Policy|[from] move: Knock Off|[of] p1a: Landorus
|move|p2a: Corviknight|Agility|p2a: Corviknight
|-boost|p2a: Corviknight|spe|2
|
|upkeep
|turn|13
|c| fruityiscool423|noo
|c| Mario34|lmaoooooo
|
|t:|1652279022
|move|p2a: Corviknight|Bulk Up|p2a: Corviknight
|-boost|p2a: Corviknight|atk|1
|-boost|p2a: Corviknight|def|1
|move|p1a: Landorus|U-turn|p2a: Corviknight
|-resisted|p2a: Corviknight
|-damage|p2a: Corviknight|74/100
|c| psychoshawk|its over
|
|t:|1652279027
|switch|p1a: Victini|Victini|100/100|[from]move: U-turn
|
|upkeep
|turn|14
|c| psychoshawk|i think
|c| psychoshawk|unless?
|
|t:|1652279030
|switch|p2a: Bisharp|Bisharp, M|100/100
|-damage|p2a: Bisharp|95/100|[from] Stealth Rock
|move|p1a: Victini|Blue Flare|p2a: Bisharp|[miss]
|-miss|p1a: Victini|p2a: Bisharp
|
|upkeep
|turn|15
|c| vkhss is cool|registeel there was crazy ngl
|c| Mario34|wtf
|c|☆spookyz|wordd
|c| fruityiscool423|crazy dodge
|c| Mario34|what was that
|
|t:|1652279042
|switch|p1a: Landorus|Landorus-Therian, M|100/100
|-ability|p1a: Landorus|Intimidate|boost
|-unboost|p2a: Bisharp|atk|1
|-ability|p2a: Bisharp|Defiant
|-boost|p2a: Bisharp|atk|2
|move|p2a: Bisharp|Beat Up|p1a: Landorus
|-damage|p1a: Landorus|86/100
|-damage|p1a: Landorus|70/100
|-damage|p1a: Landorus|61/100
|-damage|p1a: Landorus|49/100
|-hitcount|p1a: Landorus|4
|
|-heal|p1a: Landorus|55/100|[from] item: Leftovers
|upkeep
|turn|16
|c| Mario34|whyd he switch
|c|☆spookyz|cuz he died
|c| vkhss is cool|he was slow
|c|☆spookyz|lol
|
|t:|1652279052
|move|p2a: Bisharp|Beat Up|p1a: Landorus
|-damage|p1a: Landorus|43/100
|-damage|p1a: Landorus|27/100
|-damage|p1a: Landorus|18/100
|-damage|p1a: Landorus|6/100
|-hitcount|p1a: Landorus|4
|move|p1a: Landorus|Earthquake|p2a: Bisharp
|-supereffective|p2a: Bisharp
|-damage|p2a: Bisharp|34/100
|
|-heal|p1a: Landorus|12/100|[from] item: Leftovers
|-sideend|p2: SetsuStsna|move: Light Screen
|upkeep
|turn|17
|
|t:|1652279056
|move|p2a: Bisharp|Beat Up|p1a: Landorus
|-damage|p1a: Landorus|0 fnt
|faint|p1a: Landorus
|-hitcount|p1: Landorus|1
|
|-sideend|p2: SetsuStsna|Reflect
|upkeep
|c| vkhss is cool|plus power trip didnt kill
|c| Mario34|thru screens?
|c| vkhss is cool|yea
|c|☆SetsuStsna|nah
|c| vkhss is cool|also burn
|
|t:|1652279071
|switch|p1a: Tapu Lele|Tapu Lele|100/100
|-fieldstart|move: Psychic Terrain|[from] ability: Psychic Surge|[of] p1a: Tapu Lele
|turn|18
|c|☆SetsuStsna|you know i was just scared of the trick
|
|t:|1652279075
|move|p1a: Tapu Lele|Moonblast|p2a: Bisharp
|-damage|p2a: Bisharp|0 fnt
|faint|p2a: Bisharp
|
|upkeep
|c| fruityiscool423|oh damn
|
|t:|1652279079
|switch|p2a: Corviknight|Corviknight, F, shiny|74/100
|-heal|p2a: Corviknight|100/100|[from] move: Healing Wish
|-damage|p2a: Corviknight|88/100|[from] Stealth Rock
|turn|19
|c|☆spookyz|ye trick on special tini..
|c| Mario34|these tinis r always boots
|c| fruityiscool423|ur kinda like
|
|t:|1652279086
|switch|p1a: Victini|Victini|100/100
|move|p2a: Corviknight|Agility|p2a: Corviknight
|-boost|p2a: Corviknight|spe|2
|
|upkeep
|turn|20
|c| vkhss is cool|🤯
|c| fruityiscool423|CTC
|c| fruityiscool423|he never makes risky plays
|c| Mario34|cinnamon toast crunch
|
|t:|1652279105
|move|p2a: Corviknight|Agility|p2a: Corviknight
|-boost|p2a: Corviknight|spe|2
|move|p1a: Victini|Blue Flare|p2a: Corviknight
|-supereffective|p2a: Corviknight
|-damage|p2a: Corviknight|13/100
|
|upkeep
|turn|21
|n| amm17|nike0716
|c| fruityiscool423|wtf
|c| psychoshawk|no weakness poli?
|c| fruityiscool423|no wp??
|
|t:|1652279115
|move|p2a: Corviknight|Power Trip|p1a: Victini
|-supereffective|p1a: Victini
|-damage|p1a: Victini|62/100
|move|p1a: Victini|Blue Flare|p2a: Corviknight
|-supereffective|p2a: Corviknight
|-damage|p2a: Corviknight|0 fnt
|faint|p2a: Corviknight
|
|upkeep
|c| vkhss is cool|holy shit
|c| psychoshawk|damn
|c| Mario34|wp was knocked
|c|☆SetsuStsna|he knocked it off earlier
|c| psychoshawk|oh yea
|c| psychoshawk|u right
|
|t:|1652279124
|switch|p2a: Registeel|Registeel|100/100
|-damage|p2a: Registeel|94/100|[from] Stealth Rock
|turn|22
|j| I BEEN A
|
|t:|1652279130
|move|p1a: Victini|Blue Flare|p2a: Registeel
|-supereffective|p2a: Registeel
|-damage|p2a: Registeel|23/100
|move|p2a: Registeel|Amnesia|p2a: Registeel
|-boost|p2a: Registeel|spd|2
|
|-heal|p2a: Registeel|29/100|[from] item: Leftovers
|-fieldend|move: Psychic Terrain
|upkeep
|turn|23
|c| vkhss is cool|setsu u should have setup on lando ngl
|c| fruityiscool423|dodge
|c| psychoshawk|registeel 6-0'd
|c| vkhss is cool|with screens up
|c| fruityiscool423|noo
|c|☆SetsuStsna|i did
|c| vkhss is cool|Oh wait
|c| fruityiscool423|dodge now
|c|☆SetsuStsna|but he went hard tini
|c| fruityiscool423|atleast
|l| Anonymous43567
|
|t:|1652279145
|move|p1a: Victini|Blue Flare|p2a: Registeel
|-supereffective|p2a: Registeel
|-damage|p2a: Registeel|0 fnt
|faint|p2a: Registeel
|
|upkeep
|
|t:|1652279147
|switch|p2a: Scizor|Scizor, M|100/100
|-damage|p2a: Scizor|88/100|[from] Stealth Rock
|turn|24
|c| vkhss is cool|its mono body press
|c| fruityiscool423|that's sad
|c|☆SetsuStsna|gg
|c| I BEEN A|scizor 6-0
|
|t:|1652279163
|move|p1a: Victini|Blue Flare|p2a: Scizor|[miss]
|-miss|p1a: Victini|p2a: Scizor
|move|p2a: Scizor|Swords Dance|p2a: Scizor
|-boost|p2a: Scizor|atk|2
|
|upkeep
|turn|25
|c| psychoshawk|AYO?
|c|☆spookyz|WORDD
|c| vkhss is cool|Ayo
|c| fruityiscool423|one more
|c| vkhss is cool|dodge again
|c|☆spookyz|nah i still win i think
|c|☆spookyz|lmao
|c| I BEEN A|i saif scizor 6-0 guys
|c| vkhss is cool|spooky dont go lele
|c| vkhss is cool|pls
|c| I BEEN A|said
|c| fruityiscool423|u do
|c| Mario34|spookky win
|inactive|SetsuStsna has 120 seconds left.
|
|t:|1652279194
|move|p2a: Scizor|Bullet Punch|p1a: Victini
|-resisted|p1a: Victini
|-damage|p1a: Victini|18/100
|move|p1a: Victini|Blue Flare|p2a: Scizor
|-supereffective|p2a: Scizor
|-damage|p2a: Scizor|0 fnt
|faint|p2a: Scizor
|
|win|spookyz
|n|☆spookyz|spookyz
|n|☆SetsuStsna|setsustsna
|n| fruityiscool423|fruityiscool423
|n| Mario34|mario34
|n| psychoshawk|psychoshawk
|n| vkhss is cool|vkhssiscool
|n| AlIoutdragadarts|alioutdragadarts
|n| SandiestHook|sandiesthook
|n| amm17|amm17
|n| I BEEN A|ibeena
