|j|☆chan da lure
|j|☆A
|player|p1|chan da lure|170|1715
|player|p2|A|clemont|1736
|teamsize|p1|6
|teamsize|p2|6
|gametype|singles
|gen|8
|tier|[Gen 8] OU
|rated|
|clearpoke
|poke|p1|Hippowdon, F|
|poke|p1|Toxapex, F|
|poke|p1|Magearna|
|poke|p1|Rotom-Heat|
|poke|p1|Urshifu, M|
|poke|p1|Dragapult, M|
|poke|p2|Chansey, F|
|poke|p2|Arcanine, F|
|poke|p2|Toxapex, F|
|poke|p2|Magearna|
|poke|p2|Kommo-o, M|
|poke|p2|Urshifu, M|
|rule|Sleep Clause Mod: Limit one foe put to sleep
|rule|Species Clause: Limit one of each Pokémon
|rule|OHKO Clause: OHKO moves are banned
|rule|Evasion Moves Clause: Evasion moves are banned
|rule|Endless Battle Clause: Forcing endless battles is banned
|rule|HP Percentage Mod: HP is shown in percentages
|rule|Dynamax Clause: You cannot dynamax
|teampreview
|inactive|Battle timer is ON: inactive players will automatically lose when time's up. (requested by A)
|j| titou39
|inactive|chan da lure has 120 seconds left.
|
|start
|switch|p1a: Hippowdon|Hippowdon, F|100/100
|switch|p2a: cancer|Urshifu, M, shiny|100/100
|turn|1
|l| titou39
|
|switch|p2a: cool laddy|Kommo-o, M|100/100
|move|p1a: Hippowdon|Stealth Rock|p2a: cool laddy
|-sidestart|p2: A|move: Stealth Rock
|
|upkeep
|turn|2
|
|switch|p1a: Magearna|Magearna|100/100
|move|p2a: cool laddy|Stealth Rock|p1a: Magearna
|-sidestart|p1: chan da lure|move: Stealth Rock
|
|upkeep
|turn|3
|
|switch|p2a: BEST GIRL|Chansey, F, shiny|100/100
|-damage|p2a: BEST GIRL|88/100|[from] Stealth Rock
|move|p1a: Magearna|Volt Switch|p2a: BEST GIRL
|-damage|p2a: BEST GIRL|82/100
|
|switch|p1a: Urshifu|Urshifu, M|100/100|[from]move: Volt Switch
|-damage|p1a: Urshifu|94/100|[from] Stealth Rock
|
|upkeep
|turn|4
|
|switch|p2a: gamer girl|Arcanine, F, shiny|100/100
|-ability|p2a: gamer girl|Intimidate|boost
|-unboost|p1a: Urshifu|atk|1
|move|p1a: Urshifu|U-turn|p2a: gamer girl
|-resisted|p2a: gamer girl
|-damage|p2a: gamer girl|92/100
|
|switch|p1a: Toxapex|Toxapex, F|100/100|[from]move: U-turn
|-damage|p1a: Toxapex|88/100|[from] Stealth Rock
|
|-heal|p1a: Toxapex|94/100|[from] item: Black Sludge
|upkeep
|turn|5
|
|move|p2a: gamer girl|Will-O-Wisp|p1a: Toxapex
|-status|p1a: Toxapex|brn
|move|p1a: Toxapex|Toxic Spikes|p2a: gamer girl
|-sidestart|p2: A|move: Toxic Spikes
|
|-heal|p1a: Toxapex|100/100 brn|[from] item: Black Sludge
|-damage|p1a: Toxapex|94/100 brn|[from] brn
|upkeep
|turn|6
|
|switch|p2a: lamer than me|Toxapex, F|100/100
|-damage|p2a: lamer than me|88/100|[from] Stealth Rock
|-sideend|p2: A|move: Toxic Spikes|[of] p2a: lamer than me
|switch|p1a: Rotom|Rotom-Heat|100/100
|
|-heal|p2a: lamer than me|94/100|[from] item: Black Sludge
|upkeep
|turn|7
|j| koyarno
|
|move|p1a: Rotom|Discharge|p2a: lamer than me
|-supereffective|p2a: lamer than me
|-damage|p2a: lamer than me|43/100
|move|p2a: lamer than me|Toxic|p1a: Rotom
|-status|p1a: Rotom|tox
|
|-heal|p2a: lamer than me|49/100|[from] item: Black Sludge
|-damage|p1a: Rotom|95/100 tox|[from] psn
|upkeep
|turn|8
|l| koyarno
|
|switch|p1a: Urshifu|Urshifu, M|94/100
|-damage|p1a: Urshifu|88/100|[from] Stealth Rock
|switch|p2a: BEST GIRL|Chansey, F, shiny|82/100
|-damage|p2a: BEST GIRL|70/100|[from] Stealth Rock
|
|upkeep
|turn|9
|j| titou39
|
|switch|p2a: gamer girl|Arcanine, F, shiny|92/100
|-ability|p2a: gamer girl|Intimidate|boost
|-unboost|p1a: Urshifu|atk|1
|move|p1a: Urshifu|Close Combat|p2a: gamer girl
|-damage|p2a: gamer girl|47/100
|-unboost|p1a: Urshifu|def|1
|-unboost|p1a: Urshifu|spd|1
|
|upkeep
|turn|10
|j| madblackcat
|
|switch|p1a: Toxapex|Toxapex, F|100/100 brn
|-damage|p1a: Toxapex|88/100 brn|[from] Stealth Rock
|move|p2a: gamer girl|Morning Sun|p2a: gamer girl
|-heal|p2a: gamer girl|97/100
|
|-heal|p1a: Toxapex|94/100 brn|[from] item: Black Sludge
|-damage|p1a: Toxapex|88/100 brn|[from] brn
|upkeep
|turn|11
|
|switch|p2a: lamer than me|Toxapex, F|82/100
|-damage|p2a: lamer than me|70/100|[from] Stealth Rock
|switch|p1a: Urshifu|Urshifu, M|88/100
|-damage|p1a: Urshifu|82/100|[from] Stealth Rock
|
|-heal|p2a: lamer than me|76/100|[from] item: Black Sludge
|upkeep
|turn|12
|
|move|p1a: Urshifu|Wicked Blow|p2a: lamer than me
|-crit|p2a: lamer than me
|-damage|p2a: lamer than me|22/100
|move|p2a: lamer than me|Recover|p2a: lamer than me
|-heal|p2a: lamer than me|72/100
|
|-heal|p2a: lamer than me|78/100|[from] item: Black Sludge
|upkeep
|turn|13
|l| madblackcat
|
|switch|p1a: Rotom|Rotom-Heat|95/100 tox
|move|p2a: lamer than me|Scald|p1a: Rotom
|-supereffective|p1a: Rotom
|-damage|p1a: Rotom|62/100 tox
|
|-heal|p2a: lamer than me|84/100|[from] item: Black Sludge
|-damage|p1a: Rotom|56/100 tox|[from] psn
|upkeep
|turn|14
|
|switch|p1a: Urshifu|Urshifu, M|82/100
|-damage|p1a: Urshifu|76/100|[from] Stealth Rock
|switch|p2a: cool laddy|Kommo-o, M|100/100
|-damage|p2a: cool laddy|95/100|[from] Stealth Rock
|
|upkeep
|turn|15
|
|switch|p1a: Dragapult|Dragapult, M, shiny|100/100
|-damage|p1a: Dragapult|88/100|[from] Stealth Rock
|move|p2a: cool laddy|Clanging Scales|p1a: Dragapult
|-supereffective|p1a: Dragapult
|-damage|p1a: Dragapult|0 fnt
|-unboost|p2a: cool laddy|def|1
|faint|p1a: Dragapult
|
|upkeep
|
|switch|p1a: Magearna|Magearna|100/100
|-damage|p1a: Magearna|94/100|[from] Stealth Rock
|turn|16
|
|switch|p2a: BEST GIRL|Chansey, F, shiny|70/100
|-damage|p2a: BEST GIRL|58/100|[from] Stealth Rock
|move|p1a: Magearna|Iron Head|p2a: BEST GIRL
|-damage|p2a: BEST GIRL|40/100
|
|upkeep
|turn|17
|
|move|p1a: Magearna|Iron Head|p2a: BEST GIRL
|-damage|p2a: BEST GIRL|22/100
|move|p2a: BEST GIRL|Soft-Boiled|p2a: BEST GIRL
|-heal|p2a: BEST GIRL|72/100
|
|upkeep
|turn|18
|
|move|p1a: Magearna|Focus Blast|p2a: BEST GIRL|[miss]
|-miss|p1a: Magearna|p2a: BEST GIRL
|move|p2a: BEST GIRL|Thunder Wave|p1a: Magearna
|-status|p1a: Magearna|par
|
|upkeep
|turn|19
|
|move|p2a: BEST GIRL|Seismic Toss|p1a: Magearna
|-damage|p1a: Magearna|67/100 par
|move|p1a: Magearna|Volt Switch|p2a: BEST GIRL
|-damage|p2a: BEST GIRL|66/100
|
|switch|p1a: Urshifu|Urshifu, M|76/100|[from]move: Volt Switch
|-damage|p1a: Urshifu|70/100|[from] Stealth Rock
|
|upkeep
|turn|20
|
|switch|p2a: lamer than me|Toxapex, F|100/100
|-damage|p2a: lamer than me|88/100|[from] Stealth Rock
|move|p1a: Urshifu|Close Combat|p2a: lamer than me
|-resisted|p2a: lamer than me
|-damage|p2a: lamer than me|61/100
|-unboost|p1a: Urshifu|def|1
|-unboost|p1a: Urshifu|spd|1
|
|-heal|p2a: lamer than me|67/100|[from] item: Black Sludge
|upkeep
|turn|21
|j| AnimaticLunatic
|
|switch|p1a: Toxapex|Toxapex, F|100/100 brn
|-damage|p1a: Toxapex|88/100 brn|[from] Stealth Rock
|move|p2a: lamer than me|Knock Off|p1a: Toxapex
|-damage|p1a: Toxapex|75/100 brn
|-enditem|p1a: Toxapex|Black Sludge|[from] move: Knock Off|[of] p2a: lamer than me
|
|-heal|p2a: lamer than me|74/100|[from] item: Black Sludge
|-damage|p1a: Toxapex|69/100 brn|[from] brn
|upkeep
|turn|22
|l| AnimaticLunatic
|
|switch|p2a: reverse alembic|Magearna|100/100
|-damage|p2a: reverse alembic|94/100|[from] Stealth Rock
|move|p1a: Toxapex|Scald|p2a: reverse alembic
|-crit|p2a: reverse alembic
|-damage|p2a: reverse alembic|77/100
|
|-damage|p1a: Toxapex|63/100 brn|[from] brn
|upkeep
|turn|23
|
|move|p2a: reverse alembic|Calm Mind|p2a: reverse alembic
|-boost|p2a: reverse alembic|spa|1
|-boost|p2a: reverse alembic|spd|1
|move|p1a: Toxapex|Toxic Spikes|p2a: reverse alembic
|-sidestart|p2: A|move: Toxic Spikes
|
|-damage|p1a: Toxapex|56/100 brn|[from] brn
|upkeep
|turn|24
|
|switch|p1a: Hippowdon|Hippowdon, F|100/100
|-damage|p1a: Hippowdon|94/100|[from] Stealth Rock
|move|p2a: reverse alembic|Stored Power|p1a: Hippowdon
|-damage|p1a: Hippowdon|61/100
|
|upkeep
|turn|25
|
|move|p2a: reverse alembic|Iron Defense|p2a: reverse alembic
|-boost|p2a: reverse alembic|def|2
|move|p1a: Hippowdon|Whirlwind|p2a: reverse alembic
|drag|p2a: cool laddy|Kommo-o, M|95/100
|-status|p2a: cool laddy|psn
|-damage|p2a: cool laddy|89/100 psn|[from] Stealth Rock
|
|-damage|p2a: cool laddy|76/100 psn|[from] psn
|upkeep
|turn|26
|
|switch|p2a: lamer than me|Toxapex, F|100/100
|-sideend|p2: A|move: Toxic Spikes|[of] p2a: lamer than me
|-damage|p2a: lamer than me|88/100|[from] Stealth Rock
|switch|p1a: Magearna|Magearna|67/100 par
|-damage|p1a: Magearna|61/100 par|[from] Stealth Rock
|
|-heal|p2a: lamer than me|94/100|[from] item: Black Sludge
|upkeep
|turn|27
|
|move|p2a: lamer than me|Knock Off|p1a: Magearna
|-resisted|p1a: Magearna
|-damage|p1a: Magearna|55/100 par
|-enditem|p1a: Magearna|Assault Vest|[from] move: Knock Off|[of] p2a: lamer than me
|move|p1a: Magearna|Volt Switch|p2a: lamer than me
|-supereffective|p2a: lamer than me
|-crit|p2a: lamer than me
|-damage|p2a: lamer than me|48/100
|
|switch|p1a: Rotom|Rotom-Heat|56/100 tox|[from]move: Volt Switch
|
|-heal|p2a: lamer than me|54/100|[from] item: Black Sludge
|-damage|p1a: Rotom|50/100 tox|[from] psn
|upkeep
|turn|28
|
|switch|p1a: Urshifu|Urshifu, M|70/100
|-damage|p1a: Urshifu|64/100|[from] Stealth Rock
|switch|p2a: BEST GIRL|Chansey, F, shiny|66/100
|-damage|p2a: BEST GIRL|53/100|[from] Stealth Rock
|
|upkeep
|turn|29
|j| d18l
|
|switch|p2a: reverse alembic|Magearna|77/100
|-damage|p2a: reverse alembic|71/100|[from] Stealth Rock
|move|p1a: Urshifu|Wicked Blow|p2a: reverse alembic
|-resisted|p2a: reverse alembic
|-crit|p2a: reverse alembic
|-damage|p2a: reverse alembic|31/100
|
|upkeep
|turn|30
|
|switch|p2a: cool laddy|Kommo-o, M|76/100 psn
|-damage|p2a: cool laddy|70/100 psn|[from] Stealth Rock
|move|p1a: Urshifu|Wicked Blow|p2a: cool laddy
|-resisted|p2a: cool laddy
|-crit|p2a: cool laddy
|-damage|p2a: cool laddy|40/100 psn
|-damage|p1a: Urshifu|47/100|[from] item: Rocky Helmet|[of] p2a: cool laddy
|
|-damage|p2a: cool laddy|28/100 psn|[from] psn
|upkeep
|turn|31
|
|switch|p2a: cancer|Urshifu, M, shiny|100/100
|-damage|p2a: cancer|94/100|[from] Stealth Rock
|move|p1a: Urshifu|Wicked Blow|p2a: cancer
|-resisted|p2a: cancer
|-crit|p2a: cancer
|-damage|p2a: cancer|72/100
|
|upkeep
|turn|32
|
|switch|p1a: Toxapex|Toxapex, F|90/100 brn
|-damage|p1a: Toxapex|77/100 brn|[from] Stealth Rock
|move|p2a: cancer|Wicked Blow|p1a: Toxapex
|-crit|p1a: Toxapex
|-damage|p1a: Toxapex|0 fnt
|faint|p1a: Toxapex
|
|upkeep
|
|switch|p1a: Hippowdon|Hippowdon, F|61/100
|-damage|p1a: Hippowdon|54/100|[from] Stealth Rock
|turn|33
|
|switch|p1a: Urshifu|Urshifu, M|47/100
|-damage|p1a: Urshifu|41/100|[from] Stealth Rock
|move|p2a: cancer|Wicked Blow|p1a: Urshifu
|-resisted|p1a: Urshifu
|-crit|p1a: Urshifu
|-damage|p1a: Urshifu|16/100
|
|upkeep
|turn|34
|
|switch|p2a: gamer girl|Arcanine, F, shiny|97/100
|-ability|p2a: gamer girl|Intimidate|boost
|-unboost|p1a: Urshifu|atk|1
|move|p1a: Urshifu|Wicked Blow|p2a: gamer girl
|-crit|p2a: gamer girl
|-damage|p2a: gamer girl|30/100
|
|upkeep
|turn|35
|
|switch|p2a: cool laddy|Kommo-o, M|28/100 psn
|-damage|p2a: cool laddy|22/100 psn|[from] Stealth Rock
|move|p1a: Urshifu|Wicked Blow|p2a: cool laddy
|-resisted|p2a: cool laddy
|-crit|p2a: cool laddy
|-damage|p2a: cool laddy|0 fnt
|-damage|p1a: Urshifu|0 fnt|[from] item: Rocky Helmet|[of] p2a: cool laddy
|faint|p2a: cool laddy
|faint|p1a: Urshifu
|
|upkeep
|
|switch|p1a: Hippowdon|Hippowdon, F|54/100
|switch|p2a: cancer|Urshifu, M, shiny|72/100
|-damage|p2a: cancer|66/100|[from] Stealth Rock
|-damage|p1a: Hippowdon|48/100|[from] Stealth Rock
|turn|36
|
|move|p2a: cancer|Close Combat|p1a: Hippowdon
|-damage|p1a: Hippowdon|3/100
|-unboost|p2a: cancer|def|1
|-unboost|p2a: cancer|spd|1
|-damage|p2a: cancer|50/100|[from] item: Rocky Helmet|[of] p1a: Hippowdon
|move|p1a: Hippowdon|Slack Off|p1a: Hippowdon
|-heal|p1a: Hippowdon|53/100
|
|upkeep
|turn|37
|
|switch|p2a: lamer than me|Toxapex, F|87/100
|-damage|p2a: lamer than me|75/100|[from] Stealth Rock
|move|p1a: Hippowdon|Slack Off|p1a: Hippowdon
|-heal|p1a: Hippowdon|100/100
|
|-heal|p2a: lamer than me|81/100|[from] item: Black Sludge
|upkeep
|turn|38
|
|switch|p1a: Magearna|Magearna|55/100 par
|-damage|p1a: Magearna|49/100 par|[from] Stealth Rock
|move|p2a: lamer than me|Toxic||[still]
|-fail|p2a: lamer than me
|
|-heal|p2a: lamer than me|87/100|[from] item: Black Sludge
|upkeep
|turn|39
|
|move|p2a: lamer than me|Recover|p2a: lamer than me
|-heal|p2a: lamer than me|100/100
|move|p1a: Magearna|Volt Switch|p2a: lamer than me
|-supereffective|p2a: lamer than me
|-damage|p2a: lamer than me|68/100
|
|switch|p1a: Rotom|Rotom-Heat|50/100 tox|[from]move: Volt Switch
|
|-heal|p2a: lamer than me|74/100|[from] item: Black Sludge
|-damage|p1a: Rotom|44/100 tox|[from] psn
|upkeep
|turn|40
|
|switch|p2a: BEST GIRL|Chansey, F, shiny|53/100
|-damage|p2a: BEST GIRL|41/100|[from] Stealth Rock
|move|p1a: Rotom|Nasty Plot|p1a: Rotom
|-boost|p1a: Rotom|spa|2
|
|-damage|p1a: Rotom|33/100 tox|[from] psn
|upkeep
|turn|41
|
|move|p1a: Rotom|Discharge|p2a: BEST GIRL
|-damage|p2a: BEST GIRL|23/100
|move|p2a: BEST GIRL|Soft-Boiled|p2a: BEST GIRL
|-heal|p2a: BEST GIRL|73/100
|
|-damage|p1a: Rotom|15/100 tox|[from] psn
|upkeep
|turn|42
|
|move|p1a: Rotom|Discharge|p2a: BEST GIRL
|-damage|p2a: BEST GIRL|56/100
|move|p2a: BEST GIRL|Soft-Boiled|p2a: BEST GIRL
|-heal|p2a: BEST GIRL|100/100
|
|-damage|p1a: Rotom|0 fnt|[from] psn
|faint|p1a: Rotom
|upkeep
|-message|chan da lure forfeited.
|
|win|A
|l|☆chan da lure
|c|☆A|good battle d18l
|c| d18l|ye
|l| titou39
