|j|☆BugCatcherWeevil
|j|☆LT74PF tq
|t:|1599132062
|player|p1|BugCatcherWeevil|7|1687
|player|p2|LT74PF tq|265|1698
|teamsize|p1|6
|teamsize|p2|6
|gametype|singles
|gen|8
|tier|[Gen 8] OU
|rated|
|clearpoke
|poke|p1|Kyurem|
|poke|p1|Dragapult, M|
|poke|p1|Clefable, F|
|poke|p1|Corviknight, F|
|poke|p1|Amoonguss, M|
|poke|p1|Rotom-Heat|
|poke|p2|Ditto|
|poke|p2|Aegislash, M|
|poke|p2|Toxapex, M|
|poke|p2|Blissey, F|
|poke|p2|Corviknight, M|
|poke|p2|Amoonguss, M|
|rule|Sleep Clause Mod: Limit one foe put to sleep
|rule|Species Clause: Limit one of each Pokémon
|rule|OHKO Clause: OHKO moves are banned
|rule|Evasion Moves Clause: Evasion moves are banned
|rule|Endless Battle Clause: Forcing endless battles is banned
|rule|HP Percentage Mod: HP is shown in percentages
|rule|Dynamax Clause: You cannot dynamax
|teampreview
|
|t:|1599132076
|start
|switch|p1a: Clefable|Clefable, F|100/100
|switch|p2a: Aegislash|Aegislash, M|100/100
|turn|1
|
|t:|1599132115
|switch|p1a: Corviknight|Corviknight, F|100/100
|-ability|p1a: Corviknight|Pressure
|-formechange|p2a: Aegislash|Aegislash-Blade||[from] ability: Stance Change
|move|p2a: Aegislash|Shadow Ball|p1a: Corviknight
|-damage|p1a: Corviknight|67/100
|
|-heal|p1a: Corviknight|73/100|[from] item: Leftovers
|upkeep
|turn|2
|
|t:|1599132125
|move|p2a: Aegislash|Substitute|p2a: Aegislash
|-start|p2a: Aegislash|Substitute
|-damage|p2a: Aegislash|76/100
|move|p1a: Corviknight|Roost|p1a: Corviknight
|-heal|p1a: Corviknight|100/100
|-singleturn|p1a: Corviknight|move: Roost
|
|-heal|p2a: Aegislash|82/100|[from] item: Leftovers
|upkeep
|turn|3
|
|t:|1599132134
|move|p2a: Aegislash|Shadow Ball|p1a: Corviknight
|-damage|p1a: Corviknight|69/100
|move|p1a: Corviknight|U-turn|p2a: Aegislash
|-resisted|p2a: Aegislash
|-activate|p2a: Aegislash|move: Substitute|[damage]
|
|t:|1599132140
|switch|p1a: Dragapult|Dragapult, M|100/100|[from]move: U-turn
|
|-heal|p2a: Aegislash|88/100|[from] item: Leftovers
|upkeep
|turn|4
|
|t:|1599132144
|switch|p2a: Blissey|Blissey, F|100/100
|move|p1a: Dragapult|Hex|p2a: Blissey
|-immune|p2a: Blissey
|
|upkeep
|turn|5
|
|t:|1599132148
|move|p1a: Dragapult|U-turn|p2a: Blissey
|-damage|p2a: Blissey|84/100
|
|t:|1599132156
|switch|p1a: Clefable|Clefable, F|100/100|[from]move: U-turn
|move|p2a: Blissey|Stealth Rock|p1a: Clefable
|-sidestart|p1: BugCatcherWeevil|move: Stealth Rock
|
|upkeep
|turn|6
|
|t:|1599132163
|switch|p2a: Ditto|Ditto|100/100
|-transform|p2a: Ditto|p1a: Clefable|[from] ability: Imposter
|move|p1a: Clefable|Knock Off|p2a: Ditto
|-resisted|p2a: Ditto
|-damage|p2a: Ditto|91/100
|-enditem|p2a: Ditto|Choice Scarf|[from] move: Knock Off|[of] p1a: Clefable
|
|upkeep
|turn|7
|
|t:|1599132178
|move|p1a: Clefable|Thunder Wave|p2a: Ditto
|-status|p2a: Ditto|par
|move|p2a: Ditto|Knock Off|p1a: Clefable
|-resisted|p1a: Clefable
|-damage|p1a: Clefable|94/100
|-enditem|p1a: Clefable|Leftovers|[from] move: Knock Off|[of] p2a: Ditto
|
|upkeep
|turn|8
|
|t:|1599132189
|move|p1a: Clefable|Knock Off|p2a: Ditto
|-resisted|p2a: Ditto
|-damage|p2a: Ditto|86/100 par
|cant|p2a: Ditto|par
|
|upkeep
|turn|9
|
|t:|1599132200
|switch|p1a: Corviknight|Corviknight, F|69/100
|-damage|p1a: Corviknight|57/100|[from] Stealth Rock
|-ability|p1a: Corviknight|Pressure
|cant|p2a: Ditto|par
|
|-heal|p1a: Corviknight|63/100|[from] item: Leftovers
|upkeep
|turn|10
|
|t:|1599132205
|switch|p2a: Aegislash|Aegislash, M|88/100
|move|p1a: Corviknight|Defog|p2a: Aegislash
|-unboost|p2a: Aegislash|evasion|1
|-sideend|p1: BugCatcherWeevil|Stealth Rock|[from] move: Defog|[of] p1a: Corviknight
|
|-heal|p2a: Aegislash|94/100|[from] item: Leftovers
|-heal|p1a: Corviknight|69/100|[from] item: Leftovers
|upkeep
|turn|11
|
|t:|1599132211
|-formechange|p2a: Aegislash|Aegislash-Blade||[from] ability: Stance Change
|move|p2a: Aegislash|Close Combat|p1a: Corviknight
|-damage|p1a: Corviknight|40/100
|-unboost|p2a: Aegislash|def|1
|-unboost|p2a: Aegislash|spd|1
|move|p1a: Corviknight|Roost|p1a: Corviknight
|-heal|p1a: Corviknight|90/100
|-singleturn|p1a: Corviknight|move: Roost
|
|-heal|p2a: Aegislash|100/100|[from] item: Leftovers
|-heal|p1a: Corviknight|96/100|[from] item: Leftovers
|upkeep
|turn|12
|
|t:|1599132216
|move|p2a: Aegislash|Shadow Ball|p1a: Corviknight
|-damage|p1a: Corviknight|66/100
|-unboost|p1a: Corviknight|spd|1
|move|p1a: Corviknight|U-turn|p2a: Aegislash
|-resisted|p2a: Aegislash
|-damage|p2a: Aegislash|89/100
|
|t:|1599132228
|switch|p1a: Dragapult|Dragapult, M|100/100|[from]move: U-turn
|
|-heal|p2a: Aegislash|95/100|[from] item: Leftovers
|upkeep
|turn|13
|
|t:|1599132234
|switch|p2a: Blissey|Blissey, F|84/100
|move|p1a: Dragapult|U-turn|p2a: Blissey
|-damage|p2a: Blissey|65/100
|
|t:|1599132241
|switch|p1a: Kyurem|Kyurem|100/100|[from]move: U-turn
|-ability|p1a: Kyurem|Pressure
|
|upkeep
|turn|14
|
|t:|1599132244
|move|p1a: Kyurem|Substitute|p1a: Kyurem
|-start|p1a: Kyurem|Substitute
|-damage|p1a: Kyurem|76/100
|move|p2a: Blissey|Soft-Boiled|p2a: Blissey
|-heal|p2a: Blissey|100/100
|
|-heal|p1a: Kyurem|82/100|[from] item: Leftovers
|upkeep
|turn|15
|
|t:|1599132248
|move|p1a: Kyurem|Dragon Dance|p1a: Kyurem
|-boost|p1a: Kyurem|atk|1
|-boost|p1a: Kyurem|spe|1
|move|p2a: Blissey|Seismic Toss|p1a: Kyurem
|-activate|p1a: Kyurem|move: Substitute|[damage]
|
|-heal|p1a: Kyurem|88/100|[from] item: Leftovers
|upkeep
|turn|16
|
|t:|1599132259
|switch|p2a: Toxapex|Toxapex, M|100/100
|move|p1a: Kyurem|Dragon Dance|p1a: Kyurem
|-boost|p1a: Kyurem|atk|1
|-boost|p1a: Kyurem|spe|1
|
|-heal|p1a: Kyurem|94/100|[from] item: Leftovers
|upkeep
|turn|17
|
|t:|1599132264
|move|p1a: Kyurem|Icicle Spear|p2a: Toxapex
|-resisted|p2a: Toxapex
|-damage|p2a: Toxapex|93/100
|-resisted|p2a: Toxapex
|-damage|p2a: Toxapex|85/100
|-resisted|p2a: Toxapex
|-damage|p2a: Toxapex|77/100
|-resisted|p2a: Toxapex
|-damage|p2a: Toxapex|70/100
|-hitcount|p2a: Toxapex|4
|move|p2a: Toxapex|Haze|p2a: Toxapex
|-clearallboost
|
|-heal|p1a: Kyurem|99/100|[from] item: Leftovers
|upkeep
|turn|18
|
|t:|1599132276
|switch|p2a: Corviknight|Corviknight, M|100/100
|-ability|p2a: Corviknight|Pressure
|move|p1a: Kyurem|Dragon Dance|p1a: Kyurem
|-boost|p1a: Kyurem|atk|1
|-boost|p1a: Kyurem|spe|1
|
|-heal|p1a: Kyurem|100/100|[from] item: Leftovers
|upkeep
|turn|19
|
|t:|1599132287
|switch|p2a: Toxapex|Toxapex, M|100/100
|move|p1a: Kyurem|Icicle Spear|p2a: Toxapex
|-resisted|p2a: Toxapex
|-damage|p2a: Toxapex|95/100
|-resisted|p2a: Toxapex
|-damage|p2a: Toxapex|89/100
|-resisted|p2a: Toxapex
|-damage|p2a: Toxapex|83/100
|-hitcount|p2a: Toxapex|3
|
|upkeep
|turn|20
|
|t:|1599132295
|move|p1a: Kyurem|Dragon Dance|p1a: Kyurem
|-boost|p1a: Kyurem|atk|1
|-boost|p1a: Kyurem|spe|1
|move|p2a: Toxapex|Haze|p2a: Toxapex
|-clearallboost
|
|upkeep
|turn|21
|
|t:|1599132324
|move|p1a: Kyurem|Dragon Dance|p1a: Kyurem
|-boost|p1a: Kyurem|atk|1
|-boost|p1a: Kyurem|spe|1
|move|p2a: Toxapex|Knock Off|p1a: Kyurem
|-crit|p1a: Kyurem
|-end|p1a: Kyurem|Substitute
|
|upkeep
|turn|22
|
|t:|1599132331
|move|p1a: Kyurem|Substitute|p1a: Kyurem
|-start|p1a: Kyurem|Substitute
|-damage|p1a: Kyurem|76/100
|move|p2a: Toxapex|Haze|p2a: Toxapex
|-clearallboost
|
|-heal|p1a: Kyurem|82/100|[from] item: Leftovers
|upkeep
|turn|23
|
|t:|1599132337
|switch|p2a: Corviknight|Corviknight, M|100/100
|-ability|p2a: Corviknight|Pressure
|move|p1a: Kyurem|Dragon Dance|p1a: Kyurem
|-boost|p1a: Kyurem|atk|1
|-boost|p1a: Kyurem|spe|1
|
|-heal|p1a: Kyurem|88/100|[from] item: Leftovers
|upkeep
|turn|24
|
|t:|1599132343
|move|p1a: Kyurem|Icicle Spear|p2a: Corviknight
|-crit|p2a: Corviknight
|-damage|p2a: Corviknight|77/100
|-damage|p2a: Corviknight|62/100
|-damage|p2a: Corviknight|47/100
|-hitcount|p2a: Corviknight|3
|move|p2a: Corviknight|Iron Head|p1a: Kyurem
|-supereffective|p1a: Kyurem
|-end|p1a: Kyurem|Substitute
|
|-heal|p1a: Kyurem|94/100|[from] item: Leftovers
|-heal|p2a: Corviknight|53/100|[from] item: Leftovers
|upkeep
|turn|25
|
|t:|1599132366
|move|p1a: Kyurem|Icicle Spear|p2a: Corviknight
|-damage|p2a: Corviknight|39/100
|-damage|p2a: Corviknight|24/100
|-damage|p2a: Corviknight|8/100
|-hitcount|p2a: Corviknight|3
|move|p2a: Corviknight|Roost|p2a: Corviknight
|-heal|p2a: Corviknight|58/100
|-singleturn|p2a: Corviknight|move: Roost
|
|-heal|p1a: Kyurem|99/100|[from] item: Leftovers
|-heal|p2a: Corviknight|65/100|[from] item: Leftovers
|upkeep
|turn|26
|
|t:|1599132379
|move|p1a: Kyurem|Dragon Dance|p1a: Kyurem
|-boost|p1a: Kyurem|atk|1
|-boost|p1a: Kyurem|spe|1
|move|p2a: Corviknight|Roost|p2a: Corviknight
|-heal|p2a: Corviknight|100/100
|-singleturn|p2a: Corviknight|move: Roost
|
|-heal|p1a: Kyurem|100/100|[from] item: Leftovers
|upkeep
|turn|27
|
|t:|1599132382
|switch|p2a: Toxapex|Toxapex, M|100/100
|move|p1a: Kyurem|Icicle Spear|p2a: Toxapex
|-resisted|p2a: Toxapex
|-damage|p2a: Toxapex|93/100
|-resisted|p2a: Toxapex
|-damage|p2a: Toxapex|86/100
|-resisted|p2a: Toxapex
|-damage|p2a: Toxapex|77/100
|-resisted|p2a: Toxapex
|-damage|p2a: Toxapex|69/100
|-resisted|p2a: Toxapex
|-damage|p2a: Toxapex|62/100
|-hitcount|p2a: Toxapex|5
|
|upkeep
|turn|28
|
|t:|1599132418
|move|p1a: Kyurem|Substitute|p1a: Kyurem
|-start|p1a: Kyurem|Substitute
|-damage|p1a: Kyurem|76/100
|move|p2a: Toxapex|Haze|p2a: Toxapex
|-clearallboost
|
|-heal|p1a: Kyurem|82/100|[from] item: Leftovers
|upkeep
|turn|29
|
|t:|1599132431
|move|p1a: Kyurem|Icicle Spear|p2a: Toxapex
|-resisted|p2a: Toxapex
|-damage|p2a: Toxapex|58/100
|-resisted|p2a: Toxapex
|-damage|p2a: Toxapex|54/100
|-resisted|p2a: Toxapex
|-damage|p2a: Toxapex|50/100
|-hitcount|p2a: Toxapex|3
|move|p2a: Toxapex|Recover|p2a: Toxapex
|-heal|p2a: Toxapex|100/100
|
|-heal|p1a: Kyurem|88/100|[from] item: Leftovers
|upkeep
|turn|30
|
|t:|1599132443
|switch|p2a: Corviknight|Corviknight, M|100/100
|-ability|p2a: Corviknight|Pressure
|move|p1a: Kyurem|Dragon Dance|p1a: Kyurem
|-boost|p1a: Kyurem|atk|1
|-boost|p1a: Kyurem|spe|1
|
|-heal|p1a: Kyurem|94/100|[from] item: Leftovers
|upkeep
|turn|31
|
|t:|1599132446
|move|p1a: Kyurem|Icicle Spear|p2a: Corviknight
|-damage|p2a: Corviknight|85/100
|-damage|p2a: Corviknight|70/100
|-hitcount|p2a: Corviknight|2
|move|p2a: Corviknight|Iron Head|p1a: Kyurem
|-supereffective|p1a: Kyurem
|-end|p1a: Kyurem|Substitute
|
|-heal|p1a: Kyurem|99/100|[from] item: Leftovers
|-heal|p2a: Corviknight|76/100|[from] item: Leftovers
|upkeep
|turn|32
|
|t:|1599132457
|switch|p1a: Amoonguss|Amoonguss, M|100/100
|move|p2a: Corviknight|Iron Head|p1a: Amoonguss
|-damage|p1a: Amoonguss|81/100
|-damage|p2a: Corviknight|60/100|[from] item: Rocky Helmet|[of] p1a: Amoonguss
|
|-heal|p2a: Corviknight|66/100|[from] item: Leftovers
|upkeep
|turn|33
|
|t:|1599132467
|switch|p2a: Ditto|Ditto|86/100 par
|-transform|p2a: Ditto|p1a: Amoonguss|[from] ability: Imposter
|switch|p1a: Dragapult|Dragapult, M|100/100
|
|upkeep
|turn|34
|
|t:|1599132489
|move|p1a: Dragapult|U-turn|p2a: Ditto
|-damage|p2a: Ditto|65/100 par
|
|t:|1599132499
|switch|p1a: Amoonguss|Amoonguss, M|100/100|[from]move: U-turn
|move|p2a: Ditto|Spore|p1a: Amoonguss
|-immune|p1a: Amoonguss
|
|upkeep
|turn|35
|
|t:|1599132508
|switch|p1a: Dragapult|Dragapult, M|100/100
|switch|p2a: Amoonguss|Amoonguss, M|100/100
|
|upkeep
|turn|36
|
|t:|1599132522
|switch|p1a: Amoonguss|Amoonguss, M|100/100
|move|p2a: Amoonguss|Spore|p1a: Amoonguss
|-immune|p1a: Amoonguss
|
|upkeep
|turn|37
|
|t:|1599132529
|move|p1a: Amoonguss|Sludge Bomb|p2a: Amoonguss
|-damage|p2a: Amoonguss|73/100
|move|p2a: Amoonguss|Spore|p1a: Amoonguss
|-immune|p1a: Amoonguss
|
|upkeep
|turn|38
|
|t:|1599132535
|move|p2a: Amoonguss|Spore|p1a: Amoonguss
|-immune|p1a: Amoonguss
|move|p1a: Amoonguss|Spore|p2a: Amoonguss
|-immune|p2a: Amoonguss
|
|upkeep
|turn|39
|
|t:|1599132539
|switch|p2a: Ditto|Ditto|98/100 par
|-transform|p2a: Ditto|p1a: Amoonguss|[from] ability: Imposter
|move|p1a: Amoonguss|Spore|p2a: Ditto
|-immune|p2a: Ditto
|
|upkeep
|turn|40
|
|t:|1599132545
|move|p1a: Amoonguss|Sludge Bomb|p2a: Ditto
|-damage|p2a: Ditto|63/100 par
|move|p2a: Ditto|Spore|p1a: Amoonguss
|-immune|p1a: Amoonguss
|
|upkeep
|turn|41
|
|t:|1599132552
|switch|p1a: Clefable|Clefable, F|94/100
|switch|p2a: Amoonguss|Amoonguss, M|100/100
|
|upkeep
|turn|42
|
|t:|1599132565
|move|p1a: Clefable|Knock Off|p2a: Amoonguss
|-damage|p2a: Amoonguss|90/100
|-enditem|p2a: Amoonguss|Rocky Helmet|[from] move: Knock Off|[of] p1a: Clefable
|move|p2a: Amoonguss|Spore|p1a: Clefable
|-status|p1a: Clefable|slp|[from] move: Spore
|
|upkeep
|turn|43
|
|t:|1599132572
|switch|p1a: Amoonguss|Amoonguss, M|100/100
|move|p2a: Amoonguss|Sludge Bomb|p1a: Amoonguss
|-damage|p1a: Amoonguss|79/100
|
|upkeep
|turn|44
|
|t:|1599132581
|switch|p1a: Dragapult|Dragapult, M|100/100
|switch|p2a: Ditto|Ditto|97/100 par
|-transform|p2a: Ditto|p1a: Dragapult|[from] ability: Imposter
|
|upkeep
|turn|45
|
|t:|1599132610
|switch|p2a: Blissey|Blissey, F|100/100
|move|p1a: Dragapult|Dragon Darts|p2a: Blissey
|-damage|p2a: Blissey|83/100
|-anim|p1a: Dragapult|Dragon Darts|p2a: Blissey
|-damage|p2a: Blissey|63/100
|
|upkeep
|turn|46
|
|t:|1599132625
|move|p1a: Dragapult|Will-O-Wisp|p2a: Blissey|[miss]
|-miss|p1a: Dragapult|p2a: Blissey
|move|p2a: Blissey|Soft-Boiled|p2a: Blissey
|-heal|p2a: Blissey|100/100
|
|upkeep
|turn|47
|
|t:|1599132629
|move|p1a: Dragapult|Dragon Darts|p2a: Blissey
|-damage|p2a: Blissey|81/100
|-anim|p1a: Dragapult|Dragon Darts|p2a: Blissey
|-damage|p2a: Blissey|63/100
|move|p2a: Blissey|Toxic|p1a: Dragapult
|-status|p1a: Dragapult|tox
|
|-damage|p1a: Dragapult|94/100 tox|[from] psn
|upkeep
|turn|48
|
|t:|1599132637
|move|p1a: Dragapult|U-turn|p2a: Blissey
|-damage|p2a: Blissey|47/100
|
|t:|1599132642
|switch|p1a: Kyurem|Kyurem|99/100|[from]move: U-turn
|-ability|p1a: Kyurem|Pressure
|move|p2a: Blissey|Soft-Boiled|p2a: Blissey
|-heal|p2a: Blissey|97/100
|
|-heal|p1a: Kyurem|100/100|[from] item: Leftovers
|upkeep
|turn|49
|
|t:|1599132674
|switch|p2a: Toxapex|Toxapex, M|100/100
|move|p1a: Kyurem|Substitute|p1a: Kyurem
|-start|p1a: Kyurem|Substitute
|-damage|p1a: Kyurem|76/100
|
|-heal|p1a: Kyurem|82/100|[from] item: Leftovers
|upkeep
|turn|50
|inactive|Battle timer is ON: inactive players will automatically lose when time's up. (requested by BugCatcherWeevil)
|
|t:|1599132681
|move|p1a: Kyurem|Dragon Dance|p1a: Kyurem
|-boost|p1a: Kyurem|atk|1
|-boost|p1a: Kyurem|spe|1
|move|p2a: Toxapex|Haze|p2a: Toxapex
|-clearallboost
|
|-heal|p1a: Kyurem|88/100|[from] item: Leftovers
|upkeep
|turn|51
|
|t:|1599132689
|move|p1a: Kyurem|Dragon Dance|p1a: Kyurem
|-boost|p1a: Kyurem|atk|1
|-boost|p1a: Kyurem|spe|1
|move|p2a: Toxapex|Knock Off|p1a: Kyurem
|-activate|p1a: Kyurem|move: Substitute|[damage]
|
|-heal|p1a: Kyurem|94/100|[from] item: Leftovers
|upkeep
|turn|52
|
|t:|1599132701
|move|p1a: Kyurem|Icicle Spear|p2a: Toxapex
|-resisted|p2a: Toxapex
|-damage|p2a: Toxapex|95/100
|-resisted|p2a: Toxapex
|-damage|p2a: Toxapex|89/100
|-resisted|p2a: Toxapex
|-damage|p2a: Toxapex|83/100
|-hitcount|p2a: Toxapex|3
|move|p2a: Toxapex|Haze|p2a: Toxapex
|-clearallboost
|
|-heal|p1a: Kyurem|99/100|[from] item: Leftovers
|upkeep
|turn|53
|
|t:|1599132712
|move|p1a: Kyurem|Dragon Dance|p1a: Kyurem
|-boost|p1a: Kyurem|atk|1
|-boost|p1a: Kyurem|spe|1
|move|p2a: Toxapex|Scald|p1a: Kyurem
|-resisted|p1a: Kyurem
|-activate|p1a: Kyurem|move: Substitute|[damage]
|
|-heal|p1a: Kyurem|100/100|[from] item: Leftovers
|upkeep
|turn|54
|
|t:|1599132721
|switch|p1a: Clefable|Clefable, F|94/100 slp
|move|p2a: Toxapex|Haze|p2a: Toxapex
|-clearallboost
|
|upkeep
|turn|55
|
|t:|1599132738
|switch|p1a: Amoonguss|Amoonguss, M|100/100
|switch|p2a: Amoonguss|Amoonguss, M|100/100
|
|upkeep
|turn|56
|
|t:|1599132745
|switch|p2a: Ditto|Ditto|97/100 par
|-transform|p2a: Ditto|p1a: Amoonguss|[from] ability: Imposter
|switch|p1a: Corviknight|Corviknight, F|66/100
|-ability|p1a: Corviknight|Pressure
|
|-heal|p1a: Corviknight|72/100|[from] item: Leftovers
|upkeep
|turn|57
|
|t:|1599132759
|switch|p2a: Aegislash|Aegislash, M|95/100
|move|p1a: Corviknight|U-turn|p2a: Aegislash
|-resisted|p2a: Aegislash
|-damage|p2a: Aegislash|92/100
|
|t:|1599132764
|switch|p1a: Rotom|Rotom-Heat|100/100|[from]move: U-turn
|
|-heal|p2a: Aegislash|98/100|[from] item: Leftovers
|upkeep
|turn|58
|
|t:|1599132772
|switch|p1a: Corviknight|Corviknight, F|72/100
|-ability|p1a: Corviknight|Pressure
|switch|p2a: Blissey|Blissey, F|97/100
|
|-heal|p1a: Corviknight|78/100|[from] item: Leftovers
|upkeep
|turn|59
|
|t:|1599132781
|move|p1a: Corviknight|Body Press|p2a: Blissey
|-supereffective|p2a: Blissey
|-damage|p2a: Blissey|60/100
|move|p2a: Blissey|Stealth Rock|p1a: Corviknight
|-sidestart|p1: BugCatcherWeevil|move: Stealth Rock
|
|-heal|p1a: Corviknight|84/100|[from] item: Leftovers
|upkeep
|turn|60
|
|t:|1599132788
|move|p1a: Corviknight|Defog|p2a: Blissey
|-unboost|p2a: Blissey|evasion|1
|-sideend|p1: BugCatcherWeevil|Stealth Rock|[from] move: Defog|[of] p1a: Corviknight
|move|p2a: Blissey|Soft-Boiled|p2a: Blissey
|-heal|p2a: Blissey|100/100
|
|-heal|p1a: Corviknight|90/100|[from] item: Leftovers
|upkeep
|turn|61
|
|t:|1599132795
|move|p1a: Corviknight|Body Press|p2a: Blissey
|-supereffective|p2a: Blissey
|-damage|p2a: Blissey|67/100
|move|p2a: Blissey|Stealth Rock|p1a: Corviknight
|-sidestart|p1: BugCatcherWeevil|move: Stealth Rock
|
|-heal|p1a: Corviknight|96/100|[from] item: Leftovers
|upkeep
|turn|62
|
|t:|1599132802
|move|p1a: Corviknight|Defog|p2a: Blissey
|-unboost|p2a: Blissey|evasion|1
|-sideend|p1: BugCatcherWeevil|Stealth Rock|[from] move: Defog|[of] p1a: Corviknight
|move|p2a: Blissey|Soft-Boiled|p2a: Blissey
|-heal|p2a: Blissey|100/100
|
|-heal|p1a: Corviknight|100/100|[from] item: Leftovers
|upkeep
|turn|63
|
|t:|1599132805
|move|p1a: Corviknight|Body Press|p2a: Blissey
|-supereffective|p2a: Blissey
|-damage|p2a: Blissey|67/100
|move|p2a: Blissey|Stealth Rock|p1a: Corviknight
|-sidestart|p1: BugCatcherWeevil|move: Stealth Rock
|
|upkeep
|turn|64
|
|t:|1599132811
|move|p1a: Corviknight|Defog|p2a: Blissey
|-unboost|p2a: Blissey|evasion|1
|-sideend|p1: BugCatcherWeevil|Stealth Rock|[from] move: Defog|[of] p1a: Corviknight
|move|p2a: Blissey|Soft-Boiled|p2a: Blissey
|-heal|p2a: Blissey|100/100
|
|upkeep
|turn|65
|
|t:|1599132817
|switch|p2a: Corviknight|Corviknight, M|66/100
|-ability|p2a: Corviknight|Pressure
|move|p1a: Corviknight|Body Press|p2a: Corviknight
|-damage|p2a: Corviknight|52/100
|
|-heal|p2a: Corviknight|59/100|[from] item: Leftovers
|upkeep
|turn|66
|
|t:|1599132821
|move|p2a: Corviknight|Roost|p2a: Corviknight
|-heal|p2a: Corviknight|100/100
|-singleturn|p2a: Corviknight|move: Roost
|move|p1a: Corviknight|U-turn|p2a: Corviknight
|-resisted|p2a: Corviknight
|-damage|p2a: Corviknight|95/100
|
|t:|1599132832
|switch|p1a: Rotom|Rotom-Heat|100/100|[from]move: U-turn
|
|-heal|p2a: Corviknight|100/100|[from] item: Leftovers
|upkeep
|turn|67
|
|t:|1599132838
|switch|p2a: Blissey|Blissey, F|100/100
|move|p1a: Rotom|Discharge|p2a: Blissey
|-damage|p2a: Blissey|90/100
|
|upkeep
|turn|68
|
|t:|1599132842
|switch|p1a: Corviknight|Corviknight, F|100/100
|-ability|p1a: Corviknight|Pressure
|move|p2a: Blissey|Stealth Rock|p1a: Corviknight
|-sidestart|p1: BugCatcherWeevil|move: Stealth Rock
|
|upkeep
|turn|69
|
|t:|1599132849
|switch|p2a: Aegislash|Aegislash, M|98/100
|move|p1a: Corviknight|Defog|p2a: Aegislash
|-unboost|p2a: Aegislash|evasion|1
|-sideend|p1: BugCatcherWeevil|Stealth Rock|[from] move: Defog|[of] p1a: Corviknight
|
|-heal|p2a: Aegislash|100/100|[from] item: Leftovers
|upkeep
|turn|70
|
|t:|1599132861
|switch|p1a: Amoonguss|Amoonguss, M|100/100
|-formechange|p2a: Aegislash|Aegislash-Blade||[from] ability: Stance Change
|move|p2a: Aegislash|Shadow Ball|p1a: Amoonguss
|-crit|p1a: Amoonguss
|-damage|p1a: Amoonguss|38/100
|
|upkeep
|turn|71
|
|t:|1599132885
|switch|p1a: Corviknight|Corviknight, F|100/100
|-ability|p1a: Corviknight|Pressure
|move|p2a: Aegislash|Substitute|p2a: Aegislash
|-start|p2a: Aegislash|Substitute
|-damage|p2a: Aegislash|76/100
|
|-heal|p2a: Aegislash|82/100|[from] item: Leftovers
|upkeep
|turn|72
|
|t:|1599132900
|move|p2a: Aegislash|Shadow Ball|p1a: Corviknight
|-damage|p1a: Corviknight|70/100
|move|p1a: Corviknight|U-turn|p2a: Aegislash
|-resisted|p2a: Aegislash
|-activate|p2a: Aegislash|move: Substitute|[damage]
|
|t:|1599132906
|switch|p1a: Amoonguss|Amoonguss, M|71/100|[from]move: U-turn
|
|-heal|p2a: Aegislash|88/100|[from] item: Leftovers
|upkeep
|turn|73
|
|t:|1599132911
|move|p2a: Aegislash|Flash Cannon|p1a: Amoonguss
|-damage|p1a: Amoonguss|32/100
|move|p1a: Amoonguss|Giga Drain|p2a: Aegislash
|-resisted|p2a: Aegislash
|-crit|p2a: Aegislash
|-end|p2a: Aegislash|Substitute
|-heal|p1a: Amoonguss|38/100|[from] drain|[of] p2a: Aegislash
|
|-heal|p2a: Aegislash|94/100|[from] item: Leftovers
|upkeep
|turn|74
|
|t:|1599132929
|switch|p2a: Ditto|Ditto|100/100 par
|-transform|p2a: Ditto|p1a: Amoonguss|[from] ability: Imposter
|switch|p1a: Corviknight|Corviknight, F|70/100
|-ability|p1a: Corviknight|Pressure
|
|-heal|p1a: Corviknight|76/100|[from] item: Leftovers
|upkeep
|turn|75
|
|t:|1599132938
|switch|p2a: Toxapex|Toxapex, M|100/100
|move|p1a: Corviknight|U-turn|p2a: Toxapex
|-resisted|p2a: Toxapex
|-damage|p2a: Toxapex|97/100
|-damage|p1a: Corviknight|59/100|[from] item: Rocky Helmet|[of] p2a: Toxapex
|
|t:|1599132946
|switch|p1a: Clefable|Clefable, F|94/100 slp|[from]move: U-turn
|
|upkeep
|turn|76
|
|t:|1599132955
|switch|p2a: Aegislash|Aegislash, M|94/100
|cant|p1a: Clefable|slp
|
|-heal|p2a: Aegislash|100/100|[from] item: Leftovers
|upkeep
|turn|77
|
|t:|1599132967
|switch|p1a: Amoonguss|Amoonguss, M|71/100
|move|p2a: Aegislash|Substitute|p2a: Aegislash
|-start|p2a: Aegislash|Substitute
|-damage|p2a: Aegislash|76/100
|
|-heal|p2a: Aegislash|82/100|[from] item: Leftovers
|upkeep
|turn|78
|
|t:|1599132975
|-formechange|p2a: Aegislash|Aegislash-Blade||[from] ability: Stance Change
|move|p2a: Aegislash|Flash Cannon|p1a: Amoonguss
|-damage|p1a: Amoonguss|26/100
|move|p1a: Amoonguss|Giga Drain|p2a: Aegislash
|-resisted|p2a: Aegislash
|-activate|p2a: Aegislash|move: Substitute|[damage]
|-heal|p1a: Amoonguss|33/100|[from] drain|[of] p2a: Aegislash
|
|-heal|p2a: Aegislash|88/100|[from] item: Leftovers
|upkeep
|turn|79
|
|t:|1599132985
|switch|p1a: Rotom|Rotom-Heat|100/100
|move|p2a: Aegislash|Shadow Ball|p1a: Rotom
|-damage|p1a: Rotom|49/100
|
|-heal|p2a: Aegislash|94/100|[from] item: Leftovers
|upkeep
|turn|80
|
|t:|1599133008
|switch|p1a: Amoonguss|Amoonguss, M|66/100
|move|p2a: Aegislash|Shadow Ball|p1a: Amoonguss
|-damage|p1a: Amoonguss|27/100
|
|-heal|p2a: Aegislash|100/100|[from] item: Leftovers
|upkeep
|turn|81
|
|t:|1599133016
|switch|p1a: Corviknight|Corviknight, F|59/100
|-ability|p1a: Corviknight|Pressure
|move|p2a: Aegislash|Shadow Ball|p1a: Corviknight
|-damage|p1a: Corviknight|26/100
|
|-heal|p1a: Corviknight|32/100|[from] item: Leftovers
|upkeep
|turn|82
|
|t:|1599133025
|switch|p1a: Kyurem|Kyurem|100/100
|-ability|p1a: Kyurem|Pressure
|move|p2a: Aegislash|Shadow Ball|p1a: Kyurem
|-damage|p1a: Kyurem|56/100
|
|-heal|p1a: Kyurem|62/100|[from] item: Leftovers
|upkeep
|turn|83
|
|t:|1599133029
|move|p1a: Kyurem|Substitute|p1a: Kyurem
|-start|p1a: Kyurem|Substitute
|-damage|p1a: Kyurem|37/100
|move|p2a: Aegislash|Flash Cannon|p1a: Kyurem
|-supereffective|p1a: Kyurem
|-end|p1a: Kyurem|Substitute
|
|-heal|p1a: Kyurem|43/100|[from] item: Leftovers
|upkeep
|turn|84
|
|t:|1599133058
|switch|p1a: Rotom|Rotom-Heat|49/100
|move|p2a: Aegislash|Flash Cannon|p1a: Rotom
|-resisted|p1a: Rotom
|-damage|p1a: Rotom|35/100
|
|upkeep
|turn|85
|
|t:|1599133069
|move|p1a: Rotom|Discharge|p2a: Aegislash
|-end|p2a: Aegislash|Substitute
|move|p2a: Aegislash|Shadow Ball|p1a: Rotom
|-damage|p1a: Rotom|0 fnt
|faint|p1a: Rotom
|
|upkeep
|
|t:|1599133074
|switch|p1a: Dragapult|Dragapult, M|94/100 tox
|turn|86
|
|t:|1599133079
|switch|p2a: Blissey|Blissey, F|90/100
|move|p1a: Dragapult|U-turn|p2a: Blissey
|-damage|p2a: Blissey|71/100
|
|t:|1599133085
|switch|p1a: Corviknight|Corviknight, F|32/100|[from]move: U-turn
|-ability|p1a: Corviknight|Pressure
|
|-heal|p1a: Corviknight|38/100|[from] item: Leftovers
|upkeep
|turn|87
|
|t:|1599133089
|switch|p2a: Aegislash|Aegislash, M|100/100
|move|p1a: Corviknight|Roost|p1a: Corviknight
|-heal|p1a: Corviknight|88/100
|-singleturn|p1a: Corviknight|move: Roost
|
|-heal|p1a: Corviknight|94/100|[from] item: Leftovers
|upkeep
|turn|88
|
|t:|1599133100
|-formechange|p2a: Aegislash|Aegislash-Blade||[from] ability: Stance Change
|move|p2a: Aegislash|Close Combat|p1a: Corviknight
|-damage|p1a: Corviknight|64/100
|-unboost|p2a: Aegislash|def|1
|-unboost|p2a: Aegislash|spd|1
|move|p1a: Corviknight|U-turn|p2a: Aegislash
|-resisted|p2a: Aegislash
|-damage|p2a: Aegislash|87/100
|
|t:|1599133110
|switch|p1a: Kyurem|Kyurem|43/100|[from]move: U-turn
|-ability|p1a: Kyurem|Pressure
|
|-heal|p1a: Kyurem|49/100|[from] item: Leftovers
|-heal|p2a: Aegislash|94/100|[from] item: Leftovers
|upkeep
|turn|89
|
|t:|1599133139
|switch|p1a: Corviknight|Corviknight, F|64/100
|-ability|p1a: Corviknight|Pressure
|switch|p2a: Toxapex|Toxapex, M|100/100
|
|-heal|p1a: Corviknight|70/100|[from] item: Leftovers
|upkeep
|turn|90
|
|t:|1599133149
|switch|p1a: Clefable|Clefable, F|94/100 slp
|move|p2a: Toxapex|Scald|p1a: Clefable
|-damage|p1a: Clefable|79/100 slp
|
|upkeep
|turn|91
|
|t:|1599133155
|switch|p2a: Aegislash|Aegislash, M|94/100
|cant|p1a: Clefable|slp
|
|-heal|p2a: Aegislash|99/100|[from] item: Leftovers
|upkeep
|turn|92
|
|t:|1599133174
|switch|p1a: Corviknight|Corviknight, F|70/100
|-ability|p1a: Corviknight|Pressure
|-formechange|p2a: Aegislash|Aegislash-Blade||[from] ability: Stance Change
|move|p2a: Aegislash|Flash Cannon|p1a: Corviknight
|-resisted|p1a: Corviknight
|-damage|p1a: Corviknight|53/100
|
|-heal|p2a: Aegislash|100/100|[from] item: Leftovers
|-heal|p1a: Corviknight|59/100|[from] item: Leftovers
|upkeep
|turn|93
|
|t:|1599133179
|move|p2a: Aegislash|Shadow Ball|p1a: Corviknight
|-damage|p1a: Corviknight|26/100
|move|p1a: Corviknight|Roost|p1a: Corviknight
|-heal|p1a: Corviknight|76/100
|-singleturn|p1a: Corviknight|move: Roost
|
|-heal|p1a: Corviknight|82/100|[from] item: Leftovers
|upkeep
|turn|94
|
|t:|1599133191
|move|p2a: Aegislash|Close Combat|p1a: Corviknight
|-crit|p1a: Corviknight
|-damage|p1a: Corviknight|36/100
|-unboost|p2a: Aegislash|def|1
|-unboost|p2a: Aegislash|spd|1
|move|p1a: Corviknight|Roost|p1a: Corviknight
|-heal|p1a: Corviknight|86/100
|-singleturn|p1a: Corviknight|move: Roost
|
|-heal|p1a: Corviknight|92/100|[from] item: Leftovers
|upkeep
|turn|95
|
|t:|1599133202
|switch|p2a: Toxapex|Toxapex, M|100/100
|move|p1a: Corviknight|U-turn|p2a: Toxapex
|-resisted|p2a: Toxapex
|-damage|p2a: Toxapex|97/100
|-damage|p1a: Corviknight|76/100|[from] item: Rocky Helmet|[of] p2a: Toxapex
|
|t:|1599133205
|switch|p1a: Clefable|Clefable, F|79/100 slp|[from]move: U-turn
|
|upkeep
|turn|96
|
|t:|1599133210
|switch|p2a: Amoonguss|Amoonguss, M|100/100
|cant|p1a: Clefable|slp
|
|upkeep
|turn|97
|
|t:|1599133216
|switch|p1a: Amoonguss|Amoonguss, M|60/100
|move|p2a: Amoonguss|Sludge Bomb|p1a: Amoonguss
|-damage|p1a: Amoonguss|38/100
|
|upkeep
|turn|98
|
|t:|1599133223
|switch|p1a: Corviknight|Corviknight, F|76/100
|-ability|p1a: Corviknight|Pressure
|move|p2a: Amoonguss|Sludge Bomb|p1a: Corviknight
|-immune|p1a: Corviknight
|
|-heal|p1a: Corviknight|82/100|[from] item: Leftovers
|upkeep
|turn|99
|
|t:|1599133231
|switch|p1a: Amoonguss|Amoonguss, M|71/100
|switch|p2a: Toxapex|Toxapex, M|100/100
|
|upkeep
|turn|100
|
|t:|1599133236
|switch|p1a: Clefable|Clefable, F|79/100 slp
|switch|p2a: Ditto|Ditto|100/100 par
|-transform|p2a: Ditto|p1a: Clefable|[from] ability: Imposter
|
|upkeep
|turn|101
|
|t:|1599133251
|-curestatus|p1a: Clefable|slp|[msg]
|move|p1a: Clefable|Moonblast|p2a: Ditto
|-damage|p2a: Ditto|66/100 par
|cant|p2a: Ditto|par
|
|upkeep
|turn|102
|
|t:|1599133258
|switch|p2a: Blissey|Blissey, F|71/100
|move|p1a: Clefable|Moonblast|p2a: Blissey
|-damage|p2a: Blissey|59/100
|
|upkeep
|turn|103
|
|t:|1599133262
|move|p1a: Clefable|Knock Off|p2a: Blissey
|-damage|p2a: Blissey|46/100
|-enditem|p2a: Blissey|Heavy-Duty Boots|[from] move: Knock Off|[of] p1a: Clefable
|move|p2a: Blissey|Soft-Boiled|p2a: Blissey
|-heal|p2a: Blissey|96/100
|
|upkeep
|turn|104
|
|t:|1599133270
|switch|p1a: Corviknight|Corviknight, F|82/100
|-ability|p1a: Corviknight|Pressure
|move|p2a: Blissey|Stealth Rock|p1a: Corviknight
|-sidestart|p1: BugCatcherWeevil|move: Stealth Rock
|
|-heal|p1a: Corviknight|88/100|[from] item: Leftovers
|upkeep
|turn|105
|
|t:|1599133277
|move|p1a: Corviknight|Defog|p2a: Blissey
|-unboost|p2a: Blissey|evasion|1
|-sideend|p1: BugCatcherWeevil|Stealth Rock|[from] move: Defog|[of] p1a: Corviknight
|move|p2a: Blissey|Seismic Toss|p1a: Corviknight
|-damage|p1a: Corviknight|63/100
|
|-heal|p1a: Corviknight|69/100|[from] item: Leftovers
|upkeep
|turn|106
|
|t:|1599133284
|switch|p2a: Toxapex|Toxapex, M|100/100
|move|p1a: Corviknight|Body Press|p2a: Toxapex
|-resisted|p2a: Toxapex
|-crit|p2a: Toxapex
|-damage|p2a: Toxapex|92/100
|-damage|p1a: Corviknight|52/100|[from] item: Rocky Helmet|[of] p2a: Toxapex
|
|-heal|p1a: Corviknight|58/100|[from] item: Leftovers
|upkeep
|turn|107
|
|t:|1599133291
|switch|p1a: Clefable|Clefable, F|79/100
|move|p2a: Toxapex|Knock Off|p1a: Clefable
|-resisted|p1a: Clefable
|-damage|p1a: Clefable|75/100
|
|upkeep
|turn|108
|
|t:|1599133303
|switch|p2a: Blissey|Blissey, F|96/100
|move|p1a: Clefable|Knock Off|p2a: Blissey
|-damage|p2a: Blissey|87/100
|
|upkeep
|turn|109
|
|t:|1599133307
|switch|p1a: Corviknight|Corviknight, F|58/100
|-ability|p1a: Corviknight|Pressure
|move|p2a: Blissey|Seismic Toss|p1a: Corviknight
|-damage|p1a: Corviknight|33/100
|
|-heal|p1a: Corviknight|39/100|[from] item: Leftovers
|upkeep
|turn|110
|
|t:|1599133311
|move|p1a: Corviknight|Roost|p1a: Corviknight
|-heal|p1a: Corviknight|89/100
|-singleturn|p1a: Corviknight|move: Roost
|move|p2a: Blissey|Seismic Toss|p1a: Corviknight
|-damage|p1a: Corviknight|64/100
|
|-heal|p1a: Corviknight|70/100|[from] item: Leftovers
|upkeep
|turn|111
|
|t:|1599133321
|switch|p1a: Amoonguss|Amoonguss, M|100/100
|move|p2a: Blissey|Seismic Toss|p1a: Amoonguss
|-damage|p1a: Amoonguss|77/100
|-damage|p2a: Blissey|71/100|[from] item: Rocky Helmet|[of] p1a: Amoonguss
|
|upkeep
|turn|112
|
|t:|1599133328
|switch|p2a: Ditto|Ditto|66/100 par
|-transform|p2a: Ditto|p1a: Amoonguss|[from] ability: Imposter
|switch|p1a: Corviknight|Corviknight, F|70/100
|-ability|p1a: Corviknight|Pressure
|
|-heal|p1a: Corviknight|76/100|[from] item: Leftovers
|upkeep
|turn|113
|
|t:|1599133338
|switch|p1a: Amoonguss|Amoonguss, M|100/100
|switch|p2a: Toxapex|Toxapex, M|100/100
|
|upkeep
|turn|114
|
|t:|1599133344
|switch|p1a: Clefable|Clefable, F|75/100
|switch|p2a: Ditto|Ditto|99/100 par
|-transform|p2a: Ditto|p1a: Clefable|[from] ability: Imposter
|
|upkeep
|turn|115
|
|t:|1599133349
|switch|p2a: Blissey|Blissey, F|71/100
|move|p1a: Clefable|Moonblast|p2a: Blissey
|-damage|p2a: Blissey|59/100
|-unboost|p2a: Blissey|spa|1
|
|upkeep
|turn|116
|
|t:|1599133355
|switch|p1a: Corviknight|Corviknight, F|76/100
|-ability|p1a: Corviknight|Pressure
|move|p2a: Blissey|Soft-Boiled|p2a: Blissey
|-heal|p2a: Blissey|100/100
|
|-heal|p1a: Corviknight|82/100|[from] item: Leftovers
|upkeep
|turn|117
|
|t:|1599133363
|switch|p2a: Toxapex|Toxapex, M|100/100
|move|p1a: Corviknight|Body Press|p2a: Toxapex
|-resisted|p2a: Toxapex
|-damage|p2a: Toxapex|95/100
|-damage|p1a: Corviknight|66/100|[from] item: Rocky Helmet|[of] p2a: Toxapex
|
|-heal|p1a: Corviknight|72/100|[from] item: Leftovers
|upkeep
|turn|118
|
|t:|1599133370
|switch|p1a: Amoonguss|Amoonguss, M|100/100
|move|p2a: Toxapex|Knock Off|p1a: Amoonguss
|-damage|p1a: Amoonguss|88/100
|-damage|p2a: Toxapex|78/100|[from] item: Rocky Helmet|[of] p1a: Amoonguss
|-enditem|p1a: Amoonguss|Rocky Helmet|[from] move: Knock Off|[of] p2a: Toxapex
|
|upkeep
|turn|119
|
|t:|1599133375
|switch|p1a: Kyurem|Kyurem|49/100
|-ability|p1a: Kyurem|Pressure
|switch|p2a: Ditto|Ditto|99/100 par
|-transform|p2a: Ditto|p1a: Kyurem|[from] ability: Imposter
|-ability|p2a: Ditto|Pressure
|
|-heal|p1a: Kyurem|56/100|[from] item: Leftovers
|upkeep
|turn|120
|
|t:|1599133398
|switch|p2a: Toxapex|Toxapex, M|100/100
|move|p1a: Kyurem|Substitute|p1a: Kyurem
|-start|p1a: Kyurem|Substitute
|-damage|p1a: Kyurem|31/100
|
|-heal|p1a: Kyurem|37/100|[from] item: Leftovers
|upkeep
|turn|121
|
|t:|1599133402
|move|p1a: Kyurem|Roost|p1a: Kyurem
|-heal|p1a: Kyurem|87/100
|-singleturn|p1a: Kyurem|move: Roost
|move|p2a: Toxapex|Scald|p1a: Kyurem
|-resisted|p1a: Kyurem
|-crit|p1a: Kyurem
|-activate|p1a: Kyurem|move: Substitute|[damage]
|
|-heal|p1a: Kyurem|93/100|[from] item: Leftovers
|upkeep
|turn|122
|
|t:|1599133413
|switch|p1a: Clefable|Clefable, F|75/100
|move|p2a: Toxapex|Haze|p2a: Toxapex
|-clearallboost
|
|upkeep
|turn|123
|
|t:|1599133422
|switch|p2a: Blissey|Blissey, F|100/100
|move|p1a: Clefable|Soft-Boiled|p1a: Clefable
|-heal|p1a: Clefable|100/100
|
|upkeep
|turn|124
|
|t:|1599133426
|switch|p1a: Corviknight|Corviknight, F|72/100
|-ability|p1a: Corviknight|Pressure
|move|p2a: Blissey|Stealth Rock|p1a: Corviknight
|-sidestart|p1: BugCatcherWeevil|move: Stealth Rock
|
|-heal|p1a: Corviknight|78/100|[from] item: Leftovers
|upkeep
|turn|125
|
|t:|1599133433
|move|p1a: Corviknight|Defog|p2a: Blissey
|-unboost|p2a: Blissey|evasion|1
|-sideend|p1: BugCatcherWeevil|Stealth Rock|[from] move: Defog|[of] p1a: Corviknight
|move|p2a: Blissey|Seismic Toss|p1a: Corviknight
|-damage|p1a: Corviknight|53/100
|
|-heal|p1a: Corviknight|59/100|[from] item: Leftovers
|upkeep
|turn|126
|
|t:|1599133442
|move|p1a: Corviknight|Roost|p1a: Corviknight
|-heal|p1a: Corviknight|100/100
|-singleturn|p1a: Corviknight|move: Roost
|move|p2a: Blissey|Seismic Toss|p1a: Corviknight
|-damage|p1a: Corviknight|75/100
|
|-heal|p1a: Corviknight|81/100|[from] item: Leftovers
|upkeep
|turn|127
|
|t:|1599133454
|move|p1a: Corviknight|Body Press|p2a: Blissey
|-supereffective|p2a: Blissey
|-damage|p2a: Blissey|65/100
|move|p2a: Blissey|Seismic Toss|p1a: Corviknight
|-damage|p1a: Corviknight|56/100
|
|-heal|p1a: Corviknight|62/100|[from] item: Leftovers
|upkeep
|turn|128
|
|t:|1599133462
|move|p1a: Corviknight|Body Press|p2a: Blissey
|-supereffective|p2a: Blissey
|-crit|p2a: Blissey
|-damage|p2a: Blissey|11/100
|move|p2a: Blissey|Soft-Boiled|p2a: Blissey
|-heal|p2a: Blissey|61/100
|
|-heal|p1a: Corviknight|68/100|[from] item: Leftovers
|upkeep
|turn|129
|
|t:|1599133474
|switch|p2a: Toxapex|Toxapex, M|100/100
|move|p1a: Corviknight|Body Press|p2a: Toxapex
|-resisted|p2a: Toxapex
|-damage|p2a: Toxapex|94/100
|-damage|p1a: Corviknight|52/100|[from] item: Rocky Helmet|[of] p2a: Toxapex
|
|-heal|p1a: Corviknight|58/100|[from] item: Leftovers
|upkeep
|turn|130
|
|t:|1599133482
|switch|p1a: Clefable|Clefable, F|100/100
|move|p2a: Toxapex|Knock Off|p1a: Clefable
|-resisted|p1a: Clefable
|-damage|p1a: Clefable|96/100
|
|upkeep
|turn|131
|
|t:|1599133490
|switch|p1a: Dragapult|Dragapult, M|94/100 tox
|switch|p2a: Blissey|Blissey, F|61/100
|
|-damage|p1a: Dragapult|88/100 tox|[from] psn
|upkeep
|turn|132
|
|t:|1599133503
|move|p1a: Dragapult|U-turn|p2a: Blissey
|-damage|p2a: Blissey|45/100
|
|t:|1599133506
|switch|p1a: Corviknight|Corviknight, F|58/100|[from]move: U-turn
|-ability|p1a: Corviknight|Pressure
|move|p2a: Blissey|Soft-Boiled|p2a: Blissey
|-heal|p2a: Blissey|95/100
|
|-heal|p1a: Corviknight|64/100|[from] item: Leftovers
|upkeep
|turn|133
|
|t:|1599133517
|switch|p1a: Kyurem|Kyurem|93/100
|-ability|p1a: Kyurem|Pressure
|switch|p2a: Toxapex|Toxapex, M|100/100
|
|-heal|p1a: Kyurem|99/100|[from] item: Leftovers
|upkeep
|turn|134
|
|t:|1599133523
|move|p1a: Kyurem|Substitute|p1a: Kyurem
|-start|p1a: Kyurem|Substitute
|-damage|p1a: Kyurem|74/100
|move|p2a: Toxapex|Knock Off|p1a: Kyurem
|-activate|p1a: Kyurem|move: Substitute|[damage]
|
|-heal|p1a: Kyurem|80/100|[from] item: Leftovers
|upkeep
|turn|135
|
|t:|1599133533
|move|p1a: Kyurem|Dragon Dance|p1a: Kyurem
|-boost|p1a: Kyurem|atk|1
|-boost|p1a: Kyurem|spe|1
|move|p2a: Toxapex|Haze|p2a: Toxapex
|-clearallboost
|
|-heal|p1a: Kyurem|87/100|[from] item: Leftovers
|upkeep
|turn|136
|
|t:|1599133546
|move|p1a: Kyurem|Dragon Dance|p1a: Kyurem
|-boost|p1a: Kyurem|atk|1
|-boost|p1a: Kyurem|spe|1
|move|p2a: Toxapex|Knock Off|p1a: Kyurem
|-end|p1a: Kyurem|Substitute
|
|-heal|p1a: Kyurem|93/100|[from] item: Leftovers
|upkeep
|turn|137
|
|t:|1599133554
|move|p1a: Kyurem|Substitute|p1a: Kyurem
|-start|p1a: Kyurem|Substitute
|-damage|p1a: Kyurem|68/100
|move|p2a: Toxapex|Haze|p2a: Toxapex
|-clearallboost
|
|-heal|p1a: Kyurem|74/100|[from] item: Leftovers
|upkeep
|turn|138
|
|t:|1599133562
|move|p1a: Kyurem|Roost|p1a: Kyurem
|-heal|p1a: Kyurem|100/100
|-singleturn|p1a: Kyurem|move: Roost
|move|p2a: Toxapex|Knock Off|p1a: Kyurem
|-activate|p1a: Kyurem|move: Substitute|[damage]
|
|upkeep
|turn|139
|
|t:|1599133570
|move|p1a: Kyurem|Icicle Spear|p2a: Toxapex
|-resisted|p2a: Toxapex
|-damage|p2a: Toxapex|97/100
|-resisted|p2a: Toxapex
|-damage|p2a: Toxapex|93/100
|-hitcount|p2a: Toxapex|2
|move|p2a: Toxapex|Knock Off|p1a: Kyurem
|-end|p1a: Kyurem|Substitute
|
|upkeep
|turn|140
|
|t:|1599133580
|switch|p1a: Clefable|Clefable, F|96/100
|switch|p2a: Corviknight|Corviknight, M|100/100
|-ability|p2a: Corviknight|Pressure
|
|upkeep
|turn|141
|
|t:|1599133588
|switch|p2a: Blissey|Blissey, F|95/100
|switch|p1a: Corviknight|Corviknight, F|64/100
|-ability|p1a: Corviknight|Pressure
|
|-heal|p1a: Corviknight|70/100|[from] item: Leftovers
|upkeep
|turn|142
|j| ironwater
|
|t:|1599133599
|switch|p1a: Amoonguss|Amoonguss, M|100/100
|switch|p2a: Aegislash|Aegislash, M|100/100
|
|upkeep
|turn|143
|
|t:|1599133606
|switch|p1a: Corviknight|Corviknight, F|70/100
|-ability|p1a: Corviknight|Pressure
|move|p2a: Aegislash|Substitute|p2a: Aegislash
|-start|p2a: Aegislash|Substitute
|-damage|p2a: Aegislash|76/100
|
|-heal|p2a: Aegislash|82/100|[from] item: Leftovers
|-heal|p1a: Corviknight|76/100|[from] item: Leftovers
|upkeep
|turn|144
|
|t:|1599133615
|switch|p2a: Blissey|Blissey, F|95/100
|move|p1a: Corviknight|Roost|p1a: Corviknight
|-heal|p1a: Corviknight|100/100
|-singleturn|p1a: Corviknight|move: Roost
|
|upkeep
|turn|145
|
|t:|1599133620
|switch|p1a: Clefable|Clefable, F|96/100
|switch|p2a: Toxapex|Toxapex, M|100/100
|
|upkeep
|turn|146
|
|t:|1599133627
|switch|p2a: Blissey|Blissey, F|95/100
|move|p1a: Clefable|Thunder Wave|p2a: Blissey
|-status|p2a: Blissey|par
|
|upkeep
|turn|147
|
|t:|1599133634
|switch|p1a: Corviknight|Corviknight, F|100/100
|-ability|p1a: Corviknight|Pressure
|move|p2a: Blissey|Stealth Rock|p1a: Corviknight
|-sidestart|p1: BugCatcherWeevil|move: Stealth Rock
|
|upkeep
|turn|148
|
|t:|1599133642
|switch|p2a: Toxapex|Toxapex, M|100/100
|move|p1a: Corviknight|Defog|p2a: Toxapex
|-unboost|p2a: Toxapex|evasion|1
|-sideend|p1: BugCatcherWeevil|Stealth Rock|[from] move: Defog|[of] p1a: Corviknight
|
|upkeep
|turn|149
|
|t:|1599133652
|switch|p1a: Amoonguss|Amoonguss, M|100/100
|switch|p2a: Corviknight|Corviknight, M|100/100
|-ability|p2a: Corviknight|Pressure
|
|upkeep
|turn|150
|inactive|BugCatcherWeevil has 120 seconds left.
|
|t:|1599133665
|switch|p2a: Ditto|Ditto|99/100 par
|-transform|p2a: Ditto|p1a: Amoonguss|[from] ability: Imposter
|move|p1a: Amoonguss|Spore|p2a: Ditto
|-immune|p2a: Ditto
|
|upkeep
|turn|151
|inactive|BugCatcherWeevil has 120 seconds left.
|
|t:|1599133674
|move|p1a: Amoonguss|Sludge Bomb|p2a: Ditto
|-damage|p2a: Ditto|66/100 par
|move|p2a: Ditto|Spore|p1a: Amoonguss
|-immune|p1a: Amoonguss
|
|upkeep
|turn|152
|inactive|BugCatcherWeevil has 120 seconds left.
|
|t:|1599133683
|switch|p2a: Amoonguss|Amoonguss, M|100/100
|move|p1a: Amoonguss|Sludge Bomb|p2a: Amoonguss
|-damage|p2a: Amoonguss|75/100
|
|upkeep
|turn|153
|inactive|BugCatcherWeevil has 120 seconds left.
|
|t:|1599133691
|switch|p2a: Ditto|Ditto|99/100 par
|-transform|p2a: Ditto|p1a: Amoonguss|[from] ability: Imposter
|move|p1a: Amoonguss|Giga Drain|p2a: Ditto
|-resisted|p2a: Ditto
|-damage|p2a: Ditto|92/100 par
|
|upkeep
|turn|154
|inactive|BugCatcherWeevil has 120 seconds left.
|
|t:|1599133699
|switch|p1a: Dragapult|Dragapult, M|88/100 tox
|cant|p2a: Ditto|par
|
|-damage|p1a: Dragapult|82/100 tox|[from] psn
|upkeep
|turn|155
|inactive|BugCatcherWeevil has 120 seconds left.
|
|t:|1599133708
|switch|p2a: Blissey|Blissey, F|95/100
|move|p1a: Dragapult|Will-O-Wisp|p2a: Blissey
|-status|p2a: Blissey|brn
|
|-damage|p1a: Dragapult|70/100 tox|[from] psn
|-damage|p2a: Blissey|89/100 brn|[from] brn
|upkeep
|turn|156
|
|t:|1599133717
|move|p1a: Dragapult|U-turn|p2a: Blissey
|-damage|p2a: Blissey|72/100 brn
|
|t:|1599133722
|switch|p1a: Corviknight|Corviknight, F|100/100|[from]move: U-turn
|-ability|p1a: Corviknight|Pressure
|move|p2a: Blissey|Soft-Boiled|p2a: Blissey
|-heal|p2a: Blissey|100/100 brn
|
|-damage|p2a: Blissey|94/100 brn|[from] brn
|upkeep
|turn|157
|
|t:|1599133730
|-curestatus|p2a: Blissey|brn|[from] ability: Natural Cure
|switch|p2a: Corviknight|Corviknight, M|100/100
|-ability|p2a: Corviknight|Pressure
|move|p1a: Corviknight|U-turn|p2a: Corviknight
|-resisted|p2a: Corviknight
|-damage|p2a: Corviknight|98/100
|inactive|BugCatcherWeevil has 120 seconds left.
|
|t:|1599133743
|switch|p1a: Amoonguss|Amoonguss, M|100/100|[from]move: U-turn
|
|-heal|p2a: Corviknight|100/100|[from] item: Leftovers
|upkeep
|turn|158
|
|t:|1599133749
|switch|p2a: Ditto|Ditto|100/100 par
|-transform|p2a: Ditto|p1a: Amoonguss|[from] ability: Imposter
|switch|p1a: Corviknight|Corviknight, F|100/100
|-ability|p1a: Corviknight|Pressure
|
|upkeep
|turn|159
|
|t:|1599133753
|switch|p1a: Amoonguss|Amoonguss, M|100/100
|switch|p2a: Corviknight|Corviknight, M|100/100
|-ability|p2a: Corviknight|Pressure
|
|upkeep
|turn|160
|
|t:|1599133756
|switch|p2a: Ditto|Ditto|100/100 par
|-transform|p2a: Ditto|p1a: Amoonguss|[from] ability: Imposter
|switch|p1a: Corviknight|Corviknight, F|100/100
|-ability|p1a: Corviknight|Pressure
|
|upkeep
|turn|161
|
|t:|1599133761
|switch|p1a: Amoonguss|Amoonguss, M|100/100
|switch|p2a: Corviknight|Corviknight, M|100/100
|-ability|p2a: Corviknight|Pressure
|
|upkeep
|turn|162
|
|t:|1599133764
|switch|p2a: Ditto|Ditto|100/100 par
|-transform|p2a: Ditto|p1a: Amoonguss|[from] ability: Imposter
|switch|p1a: Corviknight|Corviknight, F|100/100
|-ability|p1a: Corviknight|Pressure
|
|upkeep
|turn|163
|
|t:|1599133768
|switch|p1a: Amoonguss|Amoonguss, M|100/100
|switch|p2a: Toxapex|Toxapex, M|100/100
|
|upkeep
|turn|164
|
|t:|1599133777
|switch|p1a: Clefable|Clefable, F|96/100
|switch|p2a: Blissey|Blissey, F|94/100
|
|upkeep
|turn|165
|
|t:|1599133784
|switch|p1a: Corviknight|Corviknight, F|100/100
|-ability|p1a: Corviknight|Pressure
|move|p2a: Blissey|Stealth Rock|p1a: Corviknight
|-sidestart|p1: BugCatcherWeevil|move: Stealth Rock
|
|upkeep
|turn|166
|
|t:|1599133795
|switch|p2a: Ditto|Ditto|100/100 par
|-transform|p2a: Ditto|p1a: Corviknight|[from] ability: Imposter
|-ability|p2a: Ditto|Pressure
|move|p1a: Corviknight|Defog|p2a: Ditto
|-unboost|p2a: Ditto|evasion|1
|-sideend|p1: BugCatcherWeevil|Stealth Rock|[from] move: Defog|[of] p1a: Corviknight
|
|upkeep
|turn|167
|
|t:|1599133800
|switch|p1a: Clefable|Clefable, F|96/100
|move|p2a: Ditto|U-turn|p1a: Clefable
|-resisted|p1a: Clefable
|-damage|p1a: Clefable|90/100
|
|t:|1599133804
|switch|p2a: Blissey|Blissey, F|94/100|[from]move: U-turn
|
|upkeep
|turn|168
|
|t:|1599133808
|switch|p1a: Corviknight|Corviknight, F|100/100
|-ability|p1a: Corviknight|Pressure
|move|p2a: Blissey|Stealth Rock|p1a: Corviknight
|-sidestart|p1: BugCatcherWeevil|move: Stealth Rock
|
|upkeep
|turn|169
|
|t:|1599133814
|switch|p2a: Ditto|Ditto|100/100 par
|-transform|p2a: Ditto|p1a: Corviknight|[from] ability: Imposter
|-ability|p2a: Ditto|Pressure
|move|p1a: Corviknight|Defog|p2a: Ditto
|-unboost|p2a: Ditto|evasion|1
|-sideend|p1: BugCatcherWeevil|Stealth Rock|[from] move: Defog|[of] p1a: Corviknight
|
|upkeep
|turn|170
|
|t:|1599133818
|switch|p1a: Amoonguss|Amoonguss, M|100/100
|cant|p2a: Ditto|par
|
|upkeep
|turn|171
|
|t:|1599133828
|switch|p2a: Blissey|Blissey, F|94/100
|move|p1a: Amoonguss|Sludge Bomb|p2a: Blissey
|-damage|p2a: Blissey|85/100
|-status|p2a: Blissey|psn
|
|-damage|p2a: Blissey|73/100 psn|[from] psn
|upkeep
|turn|172
|
|t:|1599133844
|-curestatus|p2a: Blissey|psn|[from] ability: Natural Cure
|switch|p2a: Ditto|Ditto|100/100 par
|-transform|p2a: Ditto|p1a: Amoonguss|[from] ability: Imposter
|switch|p1a: Corviknight|Corviknight, F|100/100
|-ability|p1a: Corviknight|Pressure
|
|upkeep
|turn|173
|
|t:|1599133851
|switch|p2a: Toxapex|Toxapex, M|100/100
|move|p1a: Corviknight|U-turn|p2a: Toxapex
|-resisted|p2a: Toxapex
|-damage|p2a: Toxapex|96/100
|-damage|p1a: Corviknight|84/100|[from] item: Rocky Helmet|[of] p2a: Toxapex
|
|t:|1599133860
|switch|p1a: Clefable|Clefable, F|90/100|[from]move: U-turn
|
|upkeep
|turn|174
|
|t:|1599133864
|switch|p2a: Blissey|Blissey, F|73/100
|move|p1a: Clefable|Knock Off|p2a: Blissey
|-damage|p2a: Blissey|64/100
|
|upkeep
|turn|175
|
|t:|1599133870
|switch|p1a: Corviknight|Corviknight, F|84/100
|-ability|p1a: Corviknight|Pressure
|move|p2a: Blissey|Stealth Rock|p1a: Corviknight
|-sidestart|p1: BugCatcherWeevil|move: Stealth Rock
|
|-heal|p1a: Corviknight|90/100|[from] item: Leftovers
|upkeep
|turn|176
|
|t:|1599133875
|switch|p2a: Toxapex|Toxapex, M|100/100
|move|p1a: Corviknight|Defog|p2a: Toxapex
|-unboost|p2a: Toxapex|evasion|1
|-sideend|p1: BugCatcherWeevil|Stealth Rock|[from] move: Defog|[of] p1a: Corviknight
|
|-heal|p1a: Corviknight|96/100|[from] item: Leftovers
|upkeep
|turn|177
|
|t:|1599133884
|switch|p1a: Clefable|Clefable, F|90/100
|move|p2a: Toxapex|Knock Off|p1a: Clefable
|-resisted|p1a: Clefable
|-damage|p1a: Clefable|85/100
|
|upkeep
|turn|178
|
|t:|1599133890
|switch|p1a: Corviknight|Corviknight, F|96/100
|-ability|p1a: Corviknight|Pressure
|switch|p2a: Blissey|Blissey, F|64/100
|
|-heal|p1a: Corviknight|100/100|[from] item: Leftovers
|upkeep
|turn|179
|
|t:|1599133897
|switch|p2a: Toxapex|Toxapex, M|100/100
|move|p1a: Corviknight|Body Press|p2a: Toxapex
|-resisted|p2a: Toxapex
|-damage|p2a: Toxapex|95/100
|-damage|p1a: Corviknight|84/100|[from] item: Rocky Helmet|[of] p2a: Toxapex
|
|-heal|p1a: Corviknight|90/100|[from] item: Leftovers
|upkeep
|turn|180
|
|t:|1599133907
|switch|p1a: Clefable|Clefable, F|85/100
|move|p2a: Toxapex|Knock Off|p1a: Clefable
|-resisted|p1a: Clefable
|-damage|p1a: Clefable|80/100
|
|upkeep
|turn|181
|
|t:|1599133915
|switch|p2a: Amoonguss|Amoonguss, M|100/100
|move|p1a: Clefable|Thunder Wave|p2a: Amoonguss
|-status|p2a: Amoonguss|par
|
|upkeep
|turn|182
|
|t:|1599133924
|switch|p1a: Amoonguss|Amoonguss, M|100/100
|move|p2a: Amoonguss|Sludge Bomb|p1a: Amoonguss
|-damage|p1a: Amoonguss|78/100
|
|upkeep
|turn|183
|
|t:|1599133936
|switch|p1a: Corviknight|Corviknight, F|90/100
|-ability|p1a: Corviknight|Pressure
|switch|p2a: Ditto|Ditto|100/100 par
|-transform|p2a: Ditto|p1a: Corviknight|[from] ability: Imposter
|-ability|p2a: Ditto|Pressure
|
|-heal|p1a: Corviknight|96/100|[from] item: Leftovers
|upkeep
|turn|184
|
|t:|1599133945
|switch|p1a: Amoonguss|Amoonguss, M|100/100
|cant|p2a: Ditto|par
|
|upkeep
|turn|185
|
|t:|1599133950
|move|p1a: Amoonguss|Sludge Bomb|p2a: Ditto
|-immune|p2a: Ditto
|move|p2a: Ditto|U-turn|p1a: Amoonguss
|-damage|p1a: Amoonguss|89/100
|
|t:|1599133952
|switch|p2a: Amoonguss|Amoonguss, M|100/100 par|[from]move: U-turn
|
|upkeep
|turn|186
|
|t:|1599133958
|switch|p2a: Ditto|Ditto|100/100 par
|-transform|p2a: Ditto|p1a: Amoonguss|[from] ability: Imposter
|move|p1a: Amoonguss|Sludge Bomb|p2a: Ditto
|-damage|p2a: Ditto|69/100 par
|
|upkeep
|turn|187
|
|t:|1599133961
|switch|p1a: Kyurem|Kyurem|100/100
|-ability|p1a: Kyurem|Pressure
|switch|p2a: Amoonguss|Amoonguss, M|100/100 par
|
|upkeep
|turn|188
|
|t:|1599133967
|switch|p2a: Toxapex|Toxapex, M|100/100
|move|p1a: Kyurem|Substitute|p1a: Kyurem
|-start|p1a: Kyurem|Substitute
|-damage|p1a: Kyurem|76/100
|
|-heal|p1a: Kyurem|82/100|[from] item: Leftovers
|upkeep
|turn|189
|
|t:|1599133978
|move|p1a: Kyurem|Icicle Spear|p2a: Toxapex
|-resisted|p2a: Toxapex
|-damage|p2a: Toxapex|97/100
|-resisted|p2a: Toxapex
|-damage|p2a: Toxapex|93/100
|-hitcount|p2a: Toxapex|2
|move|p2a: Toxapex|Scald|p1a: Kyurem
|-resisted|p1a: Kyurem
|-activate|p1a: Kyurem|move: Substitute|[damage]
|
|-heal|p1a: Kyurem|88/100|[from] item: Leftovers
|upkeep
|turn|190
|
|t:|1599133982
|move|p1a: Kyurem|Dragon Dance|p1a: Kyurem
|-boost|p1a: Kyurem|atk|1
|-boost|p1a: Kyurem|spe|1
|move|p2a: Toxapex|Scald|p1a: Kyurem
|-resisted|p1a: Kyurem
|-activate|p1a: Kyurem|move: Substitute|[damage]
|
|-heal|p1a: Kyurem|94/100|[from] item: Leftovers
|upkeep
|turn|191
|
|t:|1599133991
|move|p1a: Kyurem|Icicle Spear|p2a: Toxapex
|-resisted|p2a: Toxapex
|-damage|p2a: Toxapex|87/100
|-resisted|p2a: Toxapex
|-damage|p2a: Toxapex|81/100
|-resisted|p2a: Toxapex
|-damage|p2a: Toxapex|76/100
|-hitcount|p2a: Toxapex|3
|move|p2a: Toxapex|Haze|p2a: Toxapex
|-clearallboost
|
|-heal|p1a: Kyurem|99/100|[from] item: Leftovers
|upkeep
|turn|192
|inactive|BugCatcherWeevil has 120 seconds left.
|
|t:|1599134003
|switch|p2a: Corviknight|Corviknight, M|100/100
|-ability|p2a: Corviknight|Pressure
|move|p1a: Kyurem|Icicle Spear|p2a: Corviknight
|-damage|p2a: Corviknight|91/100
|-damage|p2a: Corviknight|82/100
|-damage|p2a: Corviknight|72/100
|-hitcount|p2a: Corviknight|3
|
|-heal|p1a: Kyurem|100/100|[from] item: Leftovers
|-heal|p2a: Corviknight|78/100|[from] item: Leftovers
|upkeep
|turn|193
|
|t:|1599134010
|move|p1a: Kyurem|Dragon Dance|p1a: Kyurem
|-boost|p1a: Kyurem|atk|1
|-boost|p1a: Kyurem|spe|1
|move|p2a: Corviknight|Body Press|p1a: Kyurem
|-supereffective|p1a: Kyurem
|-end|p1a: Kyurem|Substitute
|
|-heal|p2a: Corviknight|84/100|[from] item: Leftovers
|upkeep
|turn|194
|
|t:|1599134021
|switch|p2a: Toxapex|Toxapex, M|100/100
|move|p1a: Kyurem|Icicle Spear|p2a: Toxapex
|-resisted|p2a: Toxapex
|-damage|p2a: Toxapex|95/100
|-resisted|p2a: Toxapex
|-damage|p2a: Toxapex|89/100
|-resisted|p2a: Toxapex
|-damage|p2a: Toxapex|83/100
|-resisted|p2a: Toxapex
|-damage|p2a: Toxapex|77/100
|-resisted|p2a: Toxapex
|-damage|p2a: Toxapex|72/100
|-hitcount|p2a: Toxapex|5
|
|upkeep
|turn|195
|
|t:|1599134029
|switch|p1a: Clefable|Clefable, F|80/100
|move|p2a: Toxapex|Haze|p2a: Toxapex
|-clearallboost
|
|upkeep
|turn|196
|
|t:|1599134035
|switch|p2a: Amoonguss|Amoonguss, M|100/100 par
|move|p1a: Clefable|Soft-Boiled|p1a: Clefable
|-heal|p1a: Clefable|100/100
|
|upkeep
|turn|197
|
|t:|1599134044
|switch|p1a: Amoonguss|Amoonguss, M|100/100
|cant|p2a: Amoonguss|par
|
|upkeep
|turn|198
|
|t:|1599134055
|switch|p1a: Clefable|Clefable, F|100/100
|switch|p2a: Ditto|Ditto|100/100 par
|-transform|p2a: Ditto|p1a: Clefable|[from] ability: Imposter
|
|upkeep
|turn|199
|
|t:|1599134068
|switch|p1a: Amoonguss|Amoonguss, M|100/100
|cant|p2a: Ditto|par
|
|upkeep
|turn|200
|
|t:|1599134073
|switch|p1a: Clefable|Clefable, F|100/100
|switch|p2a: Amoonguss|Amoonguss, M|100/100 par
|
|upkeep
|turn|201
|
|t:|1599134078
|switch|p1a: Amoonguss|Amoonguss, M|100/100
|move|p2a: Amoonguss|Clear Smog|p1a: Amoonguss
|-damage|p1a: Amoonguss|88/100
|-clearboost|p1a: Amoonguss
|
|upkeep
|turn|202
|
|t:|1599134085
|switch|p1a: Clefable|Clefable, F|100/100
|switch|p2a: Ditto|Ditto|100/100 par
|-transform|p2a: Ditto|p1a: Clefable|[from] ability: Imposter
|
|upkeep
|turn|203
|
|t:|1599134093
|switch|p1a: Amoonguss|Amoonguss, M|100/100
|switch|p2a: Amoonguss|Amoonguss, M|100/100 par
|
|upkeep
|turn|204
|
|t:|1599134100
|switch|p1a: Corviknight|Corviknight, F|96/100
|-ability|p1a: Corviknight|Pressure
|switch|p2a: Ditto|Ditto|100/100 par
|-transform|p2a: Ditto|p1a: Corviknight|[from] ability: Imposter
|-ability|p2a: Ditto|Pressure
|
|-heal|p1a: Corviknight|100/100|[from] item: Leftovers
|upkeep
|turn|205
|
|t:|1599134109
|switch|p1a: Amoonguss|Amoonguss, M|100/100
|cant|p2a: Ditto|par
|
|upkeep
|turn|206
|
|t:|1599134113
|switch|p1a: Corviknight|Corviknight, F|100/100
|-ability|p1a: Corviknight|Pressure
|cant|p2a: Ditto|par
|
|upkeep
|turn|207
|
|t:|1599134118
|switch|p1a: Clefable|Clefable, F|100/100
|move|p2a: Ditto|U-turn|p1a: Clefable
|-resisted|p1a: Clefable
|-damage|p1a: Clefable|94/100
|
|t:|1599134123
|switch|p2a: Aegislash|Aegislash, M|82/100|[from]move: U-turn
|
|-heal|p2a: Aegislash|88/100|[from] item: Leftovers
|upkeep
|turn|208
|
|t:|1599134129
|switch|p1a: Amoonguss|Amoonguss, M|100/100
|move|p2a: Aegislash|Substitute|p2a: Aegislash
|-start|p2a: Aegislash|Substitute
|-damage|p2a: Aegislash|63/100
|
|-heal|p2a: Aegislash|70/100|[from] item: Leftovers
|upkeep
|turn|209
|
|t:|1599134133
|-formechange|p2a: Aegislash|Aegislash-Blade||[from] ability: Stance Change
|move|p2a: Aegislash|Flash Cannon|p1a: Amoonguss
|-damage|p1a: Amoonguss|62/100
|-unboost|p1a: Amoonguss|spd|1
|move|p1a: Amoonguss|Giga Drain|p2a: Aegislash
|-resisted|p2a: Aegislash
|-activate|p2a: Aegislash|move: Substitute|[damage]
|-heal|p1a: Amoonguss|70/100|[from] drain|[of] p2a: Aegislash
|
|-heal|p2a: Aegislash|76/100|[from] item: Leftovers
|upkeep
|turn|210
|
|t:|1599134144
|switch|p1a: Corviknight|Corviknight, F|100/100
|-ability|p1a: Corviknight|Pressure
|move|p2a: Aegislash|Shadow Ball|p1a: Corviknight
|-damage|p1a: Corviknight|65/100
|
|-heal|p2a: Aegislash|82/100|[from] item: Leftovers
|-heal|p1a: Corviknight|71/100|[from] item: Leftovers
|upkeep
|turn|211
|inactive|BugCatcherWeevil has 90 seconds left.
|
|t:|1599134155
|switch|p2a: Ditto|Ditto|100/100 par
|-transform|p2a: Ditto|p1a: Corviknight|[from] ability: Imposter
|-ability|p2a: Ditto|Pressure
|move|p1a: Corviknight|Roost|p1a: Corviknight
|-heal|p1a: Corviknight|100/100
|-singleturn|p1a: Corviknight|move: Roost
|
|upkeep
|turn|212
|
|t:|1599134159
|switch|p1a: Amoonguss|Amoonguss, M|100/100
|cant|p2a: Ditto|par
|
|upkeep
|turn|213
|
|t:|1599134166
|switch|p1a: Corviknight|Corviknight, F|100/100
|-ability|p1a: Corviknight|Pressure
|move|p2a: Ditto|U-turn|p1a: Corviknight
|-resisted|p1a: Corviknight
|-damage|p1a: Corviknight|97/100
|
|t:|1599134171
|switch|p2a: Toxapex|Toxapex, M|100/100|[from]move: U-turn
|
|-heal|p1a: Corviknight|100/100|[from] item: Leftovers
|upkeep
|turn|214
|
|t:|1599134175
|switch|p1a: Clefable|Clefable, F|94/100
|move|p2a: Toxapex|Knock Off|p1a: Clefable
|-resisted|p1a: Clefable
|-damage|p1a: Clefable|89/100
|
|upkeep
|turn|215
|inactive|BugCatcherWeevil has 90 seconds left.
|
|t:|1599134182
|switch|p2a: Blissey|Blissey, F|64/100
|move|p1a: Clefable|Moonblast|p2a: Blissey
|-damage|p2a: Blissey|52/100
|
|upkeep
|turn|216
|
|t:|1599134200
|switch|p1a: Amoonguss|Amoonguss, M|100/100
|move|p2a: Blissey|Stealth Rock|p1a: Amoonguss
|-sidestart|p1: BugCatcherWeevil|move: Stealth Rock
|
|upkeep
|turn|217
|
|t:|1599134204
|switch|p1a: Corviknight|Corviknight, F|100/100
|-damage|p1a: Corviknight|88/100|[from] Stealth Rock
|-ability|p1a: Corviknight|Pressure
|move|p2a: Blissey|Soft-Boiled|p2a: Blissey
|-heal|p2a: Blissey|100/100
|
|-heal|p1a: Corviknight|94/100|[from] item: Leftovers
|upkeep
|turn|218
|
|t:|1599134209
|switch|p2a: Toxapex|Toxapex, M|100/100
|move|p1a: Corviknight|Defog|p2a: Toxapex
|-unboost|p2a: Toxapex|evasion|1
|-sideend|p1: BugCatcherWeevil|Stealth Rock|[from] move: Defog|[of] p1a: Corviknight
|
|-heal|p1a: Corviknight|99/100|[from] item: Leftovers
|upkeep
|turn|219
|
|t:|1599134215
|switch|p1a: Clefable|Clefable, F|89/100
|move|p2a: Toxapex|Knock Off|p1a: Clefable
|-resisted|p1a: Clefable
|-damage|p1a: Clefable|85/100
|
|upkeep
|turn|220
|
|t:|1599134220
|switch|p2a: Blissey|Blissey, F|100/100
|move|p1a: Clefable|Knock Off|p2a: Blissey
|-damage|p2a: Blissey|92/100
|
|upkeep
|turn|221
|
|t:|1599134223
|switch|p1a: Corviknight|Corviknight, F|99/100
|-ability|p1a: Corviknight|Pressure
|move|p2a: Blissey|Stealth Rock|p1a: Corviknight
|-sidestart|p1: BugCatcherWeevil|move: Stealth Rock
|
|-heal|p1a: Corviknight|100/100|[from] item: Leftovers
|upkeep
|turn|222
|
|t:|1599134232
|move|p1a: Corviknight|Defog|p2a: Blissey
|-unboost|p2a: Blissey|evasion|1
|-sideend|p1: BugCatcherWeevil|Stealth Rock|[from] move: Defog|[of] p1a: Corviknight
|move|p2a: Blissey|Seismic Toss|p1a: Corviknight
|-damage|p1a: Corviknight|75/100
|
|-heal|p1a: Corviknight|81/100|[from] item: Leftovers
|upkeep
|turn|223
|
|t:|1599134242
|switch|p1a: Amoonguss|Amoonguss, M|100/100
|switch|p2a: Toxapex|Toxapex, M|100/100
|
|upkeep
|turn|224
|
|t:|1599134250
|switch|p1a: Clefable|Clefable, F|85/100
|switch|p2a: Ditto|Ditto|100/100 par
|-transform|p2a: Ditto|p1a: Clefable|[from] ability: Imposter
|
|upkeep
|turn|225
|
|t:|1599134260
|move|p1a: Clefable|Moonblast|p2a: Ditto
|-damage|p2a: Ditto|67/100 par
|cant|p2a: Ditto|par
|
|upkeep
|turn|226
|
|t:|1599134266
|switch|p1a: Corviknight|Corviknight, F|81/100
|-ability|p1a: Corviknight|Pressure
|switch|p2a: Amoonguss|Amoonguss, M|100/100 par
|
|-heal|p1a: Corviknight|87/100|[from] item: Leftovers
|upkeep
|turn|227
|
|t:|1599134275
|switch|p1a: Amoonguss|Amoonguss, M|100/100
|switch|p2a: Ditto|Ditto|67/100 par
|-transform|p2a: Ditto|p1a: Amoonguss|[from] ability: Imposter
|
|upkeep
|turn|228
|inactive|BugCatcherWeevil has 60 seconds left.
|
|t:|1599134283
|switch|p1a: Clefable|Clefable, F|85/100
|switch|p2a: Amoonguss|Amoonguss, M|100/100 par
|
|upkeep
|turn|229
|inactive|BugCatcherWeevil has 60 seconds left.
|
|t:|1599134288
|switch|p1a: Amoonguss|Amoonguss, M|100/100
|move|p2a: Amoonguss|Spore|p1a: Amoonguss
|-immune|p1a: Amoonguss
|
|upkeep
|turn|230
|
|t:|1599134295
|switch|p2a: Ditto|Ditto|100/100 par
|-transform|p2a: Ditto|p1a: Amoonguss|[from] ability: Imposter
|move|p1a: Amoonguss|Giga Drain|p2a: Ditto
|-resisted|p2a: Ditto
|-damage|p2a: Ditto|94/100 par
|
|upkeep
|turn|231
|
|t:|1599134300
|switch|p1a: Dragapult|Dragapult, M|70/100 tox
|switch|p2a: Amoonguss|Amoonguss, M|100/100 par
|
|-damage|p1a: Dragapult|64/100 tox|[from] psn
|upkeep
|turn|232
|
|t:|1599134310
|switch|p2a: Blissey|Blissey, F|92/100
|move|p1a: Dragapult|U-turn|p2a: Blissey
|-damage|p2a: Blissey|76/100
|
|t:|1599134316
|switch|p1a: Corviknight|Corviknight, F|87/100|[from]move: U-turn
|-ability|p1a: Corviknight|Pressure
|
|-heal|p1a: Corviknight|93/100|[from] item: Leftovers
|upkeep
|turn|233
|
|t:|1599134323
|switch|p1a: Amoonguss|Amoonguss, M|100/100
|switch|p2a: Toxapex|Toxapex, M|100/100
|
|upkeep
|turn|234
|
|t:|1599134329
|switch|p1a: Clefable|Clefable, F|85/100
|move|p2a: Toxapex|Scald|p1a: Clefable
|-damage|p1a: Clefable|71/100
|
|upkeep
|turn|235
|
|t:|1599134336
|switch|p2a: Amoonguss|Amoonguss, M|100/100 par
|move|p1a: Clefable|Soft-Boiled|p1a: Clefable
|-heal|p1a: Clefable|100/100
|
|upkeep
|turn|236
|j| dukemon300
|
|t:|1599134345
|switch|p1a: Amoonguss|Amoonguss, M|100/100
|switch|p2a: Blissey|Blissey, F|76/100
|
|upkeep
|turn|237
|
|t:|1599134351
|switch|p1a: Corviknight|Corviknight, F|93/100
|-ability|p1a: Corviknight|Pressure
|move|p2a: Blissey|Seismic Toss|p1a: Corviknight
|-damage|p1a: Corviknight|68/100
|
|-heal|p1a: Corviknight|74/100|[from] item: Leftovers
|upkeep
|turn|238
|
|t:|1599134361
|switch|p1a: Amoonguss|Amoonguss, M|100/100
|switch|p2a: Toxapex|Toxapex, M|100/100
|
|upkeep
|turn|239
|
|t:|1599134365
|move|p1a: Amoonguss|Giga Drain|p2a: Toxapex
|-damage|p2a: Toxapex|83/100
|move|p2a: Toxapex|Scald|p1a: Amoonguss
|-resisted|p1a: Amoonguss
|-damage|p1a: Amoonguss|93/100
|
|upkeep
|turn|240
|l| dukemon300
|
|t:|1599134371
|switch|p1a: Clefable|Clefable, F|100/100
|move|p2a: Toxapex|Scald|p1a: Clefable
|-damage|p1a: Clefable|87/100
|-status|p1a: Clefable|brn
|
|upkeep
|turn|241
|inactive|BugCatcherWeevil has 30 seconds left.
|
|t:|1599134379
|switch|p2a: Amoonguss|Amoonguss, M|100/100 par
|move|p1a: Clefable|Knock Off|p2a: Amoonguss
|-damage|p2a: Amoonguss|97/100 par
|
|upkeep
|turn|242
|inactive|BugCatcherWeevil has 30 seconds left.
|
|t:|1599134388
|switch|p1a: Amoonguss|Amoonguss, M|100/100
|switch|p2a: Blissey|Blissey, F|76/100
|
|upkeep
|turn|243
|inactive|BugCatcherWeevil has 30 seconds left this turn.
|
|t:|1599134393
|switch|p1a: Corviknight|Corviknight, F|74/100
|-ability|p1a: Corviknight|Pressure
|move|p2a: Blissey|Seismic Toss|p1a: Corviknight
|-damage|p1a: Corviknight|49/100
|
|-heal|p1a: Corviknight|55/100|[from] item: Leftovers
|upkeep
|turn|244
|
|t:|1599134396
|move|p1a: Corviknight|Roost|p1a: Corviknight
|-heal|p1a: Corviknight|100/100
|-singleturn|p1a: Corviknight|move: Roost
|move|p2a: Blissey|Seismic Toss|p1a: Corviknight
|-damage|p1a: Corviknight|75/100
|
|-heal|p1a: Corviknight|81/100|[from] item: Leftovers
|upkeep
|turn|245
|inactive|BugCatcherWeevil has 30 seconds left.
|
|t:|1599134402
|switch|p1a: Amoonguss|Amoonguss, M|100/100
|switch|p2a: Toxapex|Toxapex, M|100/100
|
|upkeep
|turn|246
|
|t:|1599134408
|switch|p1a: Clefable|Clefable, F|87/100 brn
|move|p2a: Toxapex|Scald|p1a: Clefable
|-damage|p1a: Clefable|72/100 brn
|
|upkeep
|turn|247
|
|t:|1599134411
|switch|p2a: Amoonguss|Amoonguss, M|100/100 par
|move|p1a: Clefable|Soft-Boiled|p1a: Clefable
|-heal|p1a: Clefable|100/100 brn
|
|upkeep
|turn|248
|
|t:|1599134417
|switch|p1a: Amoonguss|Amoonguss, M|100/100
|move|p2a: Amoonguss|Sludge Bomb|p1a: Amoonguss
|-damage|p1a: Amoonguss|75/100
|
|upkeep
|turn|249
|
|t:|1599134423
|switch|p1a: Clefable|Clefable, F|100/100 brn
|switch|p2a: Ditto|Ditto|100/100 par
|-transform|p2a: Ditto|p1a: Clefable|[from] ability: Imposter
|
|upkeep
|turn|250
|
|t:|1599134428
|switch|p1a: Amoonguss|Amoonguss, M|100/100
|switch|p2a: Amoonguss|Amoonguss, M|100/100 par
|
|upkeep
|turn|251
|
|t:|1599134433
|switch|p2a: Ditto|Ditto|100/100 par
|-transform|p2a: Ditto|p1a: Amoonguss|[from] ability: Imposter
|move|p1a: Amoonguss|Sludge Bomb|p2a: Ditto
|-damage|p2a: Ditto|66/100 par
|
|upkeep
|turn|252
|
|t:|1599134439
|switch|p2a: Amoonguss|Amoonguss, M|100/100 par
|move|p1a: Amoonguss|Giga Drain|p2a: Amoonguss
|-resisted|p2a: Amoonguss
|-damage|p2a: Amoonguss|95/100 par
|
|upkeep
|turn|253
|
|t:|1599134444
|switch|p2a: Ditto|Ditto|99/100 par
|-transform|p2a: Ditto|p1a: Amoonguss|[from] ability: Imposter
|move|p1a: Amoonguss|Sludge Bomb|p2a: Ditto
|-damage|p2a: Ditto|68/100 par
|
|upkeep
|turn|254
|
|t:|1599134447
|switch|p1a: Dragapult|Dragapult, M|64/100 tox
|switch|p2a: Amoonguss|Amoonguss, M|100/100 par
|
|-damage|p1a: Dragapult|58/100 tox|[from] psn
|upkeep
|turn|255
|
|t:|1599134454
|move|p1a: Dragapult|U-turn|p2a: Amoonguss
|-damage|p2a: Amoonguss|86/100 par
|
|t:|1599134456
|switch|p1a: Amoonguss|Amoonguss, M|100/100|[from]move: U-turn
|move|p2a: Amoonguss|Spore|p1a: Amoonguss
|-immune|p1a: Amoonguss
|
|upkeep
|turn|256
|
|t:|1599134460
|switch|p1a: Corviknight|Corviknight, F|81/100
|-ability|p1a: Corviknight|Pressure
|switch|p2a: Ditto|Ditto|100/100 par
|-transform|p2a: Ditto|p1a: Corviknight|[from] ability: Imposter
|-ability|p2a: Ditto|Pressure
|
|-heal|p1a: Corviknight|87/100|[from] item: Leftovers
|upkeep
|turn|257
|
|t:|1599134464
|switch|p1a: Amoonguss|Amoonguss, M|100/100
|move|p2a: Ditto|U-turn|p1a: Amoonguss
|-damage|p1a: Amoonguss|89/100
|
|t:|1599134468
|switch|p2a: Blissey|Blissey, F|76/100|[from]move: U-turn
|
|upkeep
|turn|258
|
|t:|1599134472
|switch|p1a: Corviknight|Corviknight, F|87/100
|-ability|p1a: Corviknight|Pressure
|move|p2a: Blissey|Stealth Rock|p1a: Corviknight
|-sidestart|p1: BugCatcherWeevil|move: Stealth Rock
|
|-heal|p1a: Corviknight|93/100|[from] item: Leftovers
|upkeep
|turn|259
|
|t:|1599134483
|switch|p2a: Corviknight|Corviknight, M|84/100
|-ability|p2a: Corviknight|Pressure
|move|p1a: Corviknight|Defog|p2a: Corviknight
|-unboost|p2a: Corviknight|evasion|1
|-sideend|p1: BugCatcherWeevil|Stealth Rock|[from] move: Defog|[of] p1a: Corviknight
|
|-heal|p1a: Corviknight|99/100|[from] item: Leftovers
|-heal|p2a: Corviknight|91/100|[from] item: Leftovers
|upkeep
|turn|260
|
|t:|1599134492
|switch|p2a: Toxapex|Toxapex, M|100/100
|switch|p1a: Amoonguss|Amoonguss, M|100/100
|
|upkeep
|turn|261
|
|t:|1599134497
|switch|p1a: Clefable|Clefable, F|100/100 brn
|move|p2a: Toxapex|Scald|p1a: Clefable
|-damage|p1a: Clefable|87/100 brn
|
|upkeep
|turn|262
|
|t:|1599134501
|switch|p2a: Blissey|Blissey, F|76/100
|move|p1a: Clefable|Moonblast|p2a: Blissey
|-damage|p2a: Blissey|64/100
|
|upkeep
|turn|263
|
|t:|1599134504
|switch|p1a: Corviknight|Corviknight, F|99/100
|-ability|p1a: Corviknight|Pressure
|move|p2a: Blissey|Stealth Rock|p1a: Corviknight
|-sidestart|p1: BugCatcherWeevil|move: Stealth Rock
|
|-heal|p1a: Corviknight|100/100|[from] item: Leftovers
|upkeep
|turn|264
|
|t:|1599134508
|switch|p2a: Corviknight|Corviknight, M|91/100
|-ability|p2a: Corviknight|Pressure
|move|p1a: Corviknight|Defog|p2a: Corviknight
|-unboost|p2a: Corviknight|evasion|1
|-sideend|p1: BugCatcherWeevil|Stealth Rock|[from] move: Defog|[of] p1a: Corviknight
|
|-heal|p2a: Corviknight|97/100|[from] item: Leftovers
|upkeep
|turn|265
|
|t:|1599134513
|switch|p1a: Amoonguss|Amoonguss, M|100/100
|switch|p2a: Toxapex|Toxapex, M|100/100
|
|upkeep
|turn|266
|
|t:|1599134517
|switch|p1a: Clefable|Clefable, F|87/100 brn
|move|p2a: Toxapex|Knock Off|p1a: Clefable
|-resisted|p1a: Clefable
|-damage|p1a: Clefable|82/100 brn
|
|upkeep
|turn|267
|
|t:|1599134520
|switch|p2a: Blissey|Blissey, F|64/100
|move|p1a: Clefable|Moonblast|p2a: Blissey
|-damage|p2a: Blissey|53/100
|-unboost|p2a: Blissey|spa|1
|
|upkeep
|turn|268
|
|t:|1599134524
|switch|p1a: Corviknight|Corviknight, F|100/100
|-ability|p1a: Corviknight|Pressure
|move|p2a: Blissey|Stealth Rock|p1a: Corviknight
|-sidestart|p1: BugCatcherWeevil|move: Stealth Rock
|
|upkeep
|turn|269
|
|t:|1599134528
|switch|p2a: Corviknight|Corviknight, M|97/100
|-ability|p2a: Corviknight|Pressure
|move|p1a: Corviknight|Defog|p2a: Corviknight
|-unboost|p2a: Corviknight|evasion|1
|-sideend|p1: BugCatcherWeevil|Stealth Rock|[from] move: Defog|[of] p1a: Corviknight
|
|-heal|p2a: Corviknight|100/100|[from] item: Leftovers
|upkeep
|turn|270
|
|t:|1599134532
|move|p1a: Corviknight|U-turn|p2a: Corviknight
|-resisted|p2a: Corviknight
|-crit|p2a: Corviknight
|-damage|p2a: Corviknight|96/100
|
|t:|1599134537
|switch|p1a: Amoonguss|Amoonguss, M|100/100|[from]move: U-turn
|move|p2a: Corviknight|Iron Head|p1a: Amoonguss
|-damage|p1a: Amoonguss|82/100
|
|-heal|p2a: Corviknight|100/100|[from] item: Leftovers
|upkeep
|turn|271
|
|t:|1599134543
|switch|p2a: Amoonguss|Amoonguss, M|100/100 par
|switch|p1a: Corviknight|Corviknight, F|100/100
|-ability|p1a: Corviknight|Pressure
|
|upkeep
|turn|272
|
|t:|1599134548
|switch|p1a: Amoonguss|Amoonguss, M|100/100
|move|p2a: Amoonguss|Clear Smog|p1a: Amoonguss
|-damage|p1a: Amoonguss|88/100
|-clearboost|p1a: Amoonguss
|
|upkeep
|turn|273
|
|t:|1599134553
|switch|p1a: Clefable|Clefable, F|82/100 brn
|switch|p2a: Ditto|Ditto|100/100 par
|-transform|p2a: Ditto|p1a: Clefable|[from] ability: Imposter
|
|upkeep
|turn|274
|
|t:|1599134556
|switch|p2a: Blissey|Blissey, F|53/100
|move|p1a: Clefable|Moonblast|p2a: Blissey
|-crit|p2a: Blissey
|-damage|p2a: Blissey|35/100
|
|upkeep
|turn|275
|
|t:|1599134562
|switch|p1a: Corviknight|Corviknight, F|100/100
|-ability|p1a: Corviknight|Pressure
|move|p2a: Blissey|Soft-Boiled|p2a: Blissey
|-heal|p2a: Blissey|85/100
|
|upkeep
|turn|276
|
|t:|1599134567
|switch|p1a: Amoonguss|Amoonguss, M|100/100
|switch|p2a: Toxapex|Toxapex, M|100/100
|
|upkeep
|turn|277
|
|t:|1599134569
|switch|p1a: Clefable|Clefable, F|82/100 brn
|move|p2a: Toxapex|Scald|p1a: Clefable
|-damage|p1a: Clefable|69/100 brn
|
|upkeep
|turn|278
|
|t:|1599134573
|switch|p2a: Blissey|Blissey, F|85/100
|move|p1a: Clefable|Soft-Boiled|p1a: Clefable
|-heal|p1a: Clefable|100/100 brn
|
|upkeep
|turn|279
|
|t:|1599134581
|switch|p1a: Corviknight|Corviknight, F|100/100
|-ability|p1a: Corviknight|Pressure
|move|p2a: Blissey|Stealth Rock|p1a: Corviknight
|-sidestart|p1: BugCatcherWeevil|move: Stealth Rock
|
|upkeep
|turn|280
|
|t:|1599134585
|switch|p2a: Corviknight|Corviknight, M|100/100
|-ability|p2a: Corviknight|Pressure
|move|p1a: Corviknight|Defog|p2a: Corviknight
|-unboost|p2a: Corviknight|evasion|1
|-sideend|p1: BugCatcherWeevil|Stealth Rock|[from] move: Defog|[of] p1a: Corviknight
|
|upkeep
|turn|281
|
|t:|1599134592
|switch|p1a: Amoonguss|Amoonguss, M|100/100
|move|p2a: Corviknight|Body Press|p1a: Amoonguss
|-resisted|p1a: Amoonguss
|-damage|p1a: Amoonguss|93/100
|
|upkeep
|turn|282
|
|t:|1599134597
|switch|p2a: Ditto|Ditto|100/100 par
|-transform|p2a: Ditto|p1a: Amoonguss|[from] ability: Imposter
|switch|p1a: Corviknight|Corviknight, F|100/100
|-ability|p1a: Corviknight|Pressure
|
|upkeep
|turn|283
|
|t:|1599134602
|switch|p1a: Amoonguss|Amoonguss, M|100/100
|move|p2a: Ditto|Sludge Bomb|p1a: Amoonguss
|-crit|p1a: Amoonguss
|-damage|p1a: Amoonguss|68/100
|
|upkeep
|turn|284
|
|t:|1599134609
|switch|p1a: Clefable|Clefable, F|100/100 brn
|move|p2a: Ditto|Sludge Bomb|p1a: Clefable
|-supereffective|p1a: Clefable
|-damage|p1a: Clefable|60/100 brn
|
|upkeep
|turn|285
|
|t:|1599134616
|switch|p2a: Aegislash|Aegislash, M|82/100
|move|p1a: Clefable|Soft-Boiled|p1a: Clefable
|-heal|p1a: Clefable|100/100 brn
|
|-heal|p2a: Aegislash|88/100|[from] item: Leftovers
|upkeep
|turn|286
|
|t:|1599134625
|switch|p1a: Amoonguss|Amoonguss, M|100/100
|-formechange|p2a: Aegislash|Aegislash-Blade||[from] ability: Stance Change
|move|p2a: Aegislash|Flash Cannon|p1a: Amoonguss
|-damage|p1a: Amoonguss|61/100
|
|-heal|p2a: Aegislash|94/100|[from] item: Leftovers
|upkeep
|turn|287
|
|t:|1599134634
|switch|p1a: Corviknight|Corviknight, F|100/100
|-ability|p1a: Corviknight|Pressure
|move|p2a: Aegislash|Substitute|p2a: Aegislash
|-start|p2a: Aegislash|Substitute
|-damage|p2a: Aegislash|70/100
|
|-heal|p2a: Aegislash|76/100|[from] item: Leftovers
|upkeep
|turn|288
|
|t:|1599134639
|switch|p1a: Amoonguss|Amoonguss, M|94/100
|move|p2a: Aegislash|Shadow Ball|p1a: Amoonguss
|-damage|p1a: Amoonguss|53/100
|
|-heal|p2a: Aegislash|82/100|[from] item: Leftovers
|upkeep
|turn|289
|
|t:|1599134642
|switch|p1a: Corviknight|Corviknight, F|100/100
|-ability|p1a: Corviknight|Pressure
|move|p2a: Aegislash|Flash Cannon|p1a: Corviknight
|-resisted|p1a: Corviknight
|-damage|p1a: Corviknight|83/100
|
|-heal|p2a: Aegislash|88/100|[from] item: Leftovers
|-heal|p1a: Corviknight|89/100|[from] item: Leftovers
|upkeep
|turn|290
|
|t:|1599134652
|switch|p1a: Amoonguss|Amoonguss, M|86/100
|move|p2a: Aegislash|Close Combat|p1a: Amoonguss
|-resisted|p1a: Amoonguss
|-damage|p1a: Amoonguss|73/100
|-unboost|p2a: Aegislash|def|1
|-unboost|p2a: Aegislash|spd|1
|
|-heal|p2a: Aegislash|94/100|[from] item: Leftovers
|upkeep
|turn|291
|
|t:|1599134658
|move|p2a: Aegislash|Shadow Ball|p1a: Amoonguss
|-damage|p1a: Amoonguss|30/100
|move|p1a: Amoonguss|Giga Drain|p2a: Aegislash
|-resisted|p2a: Aegislash
|-end|p2a: Aegislash|Substitute
|-heal|p1a: Amoonguss|38/100|[from] drain|[of] p2a: Aegislash
|
|-heal|p2a: Aegislash|100/100|[from] item: Leftovers
|upkeep
|turn|292
|
|t:|1599134663
|switch|p1a: Corviknight|Corviknight, F|89/100
|-ability|p1a: Corviknight|Pressure
|move|p2a: Aegislash|Shadow Ball|p1a: Corviknight
|-damage|p1a: Corviknight|55/100
|
|-heal|p1a: Corviknight|61/100|[from] item: Leftovers
|upkeep
|turn|293
|
|t:|1599134667
|move|p2a: Aegislash|Close Combat|p1a: Corviknight
|-damage|p1a: Corviknight|33/100
|-unboost|p2a: Aegislash|def|1
|-unboost|p2a: Aegislash|spd|1
|move|p1a: Corviknight|Roost|p1a: Corviknight
|-heal|p1a: Corviknight|83/100
|-singleturn|p1a: Corviknight|move: Roost
|
|-heal|p1a: Corviknight|89/100|[from] item: Leftovers
|upkeep
|turn|294
|
|t:|1599134674
|switch|p1a: Amoonguss|Amoonguss, M|71/100
|move|p2a: Aegislash|Flash Cannon|p1a: Amoonguss
|-crit|p1a: Amoonguss
|-damage|p1a: Amoonguss|12/100
|
|upkeep
|turn|295
|
|t:|1599134681
|switch|p1a: Corviknight|Corviknight, F|89/100
|-ability|p1a: Corviknight|Pressure
|move|p2a: Aegislash|Flash Cannon|p1a: Corviknight
|-resisted|p1a: Corviknight
|-damage|p1a: Corviknight|72/100
|
|-heal|p1a: Corviknight|78/100|[from] item: Leftovers
|upkeep
|turn|296
|
|t:|1599134689
|switch|p2a: Toxapex|Toxapex, M|100/100
|move|p1a: Corviknight|Body Press|p2a: Toxapex
|-resisted|p2a: Toxapex
|-damage|p2a: Toxapex|94/100
|-damage|p1a: Corviknight|62/100|[from] item: Rocky Helmet|[of] p2a: Toxapex
|
|-heal|p1a: Corviknight|68/100|[from] item: Leftovers
|upkeep
|turn|297
|
|t:|1599134697
|switch|p1a: Clefable|Clefable, F|100/100 brn
|move|p2a: Toxapex|Scald|p1a: Clefable
|-damage|p1a: Clefable|88/100 brn
|
|upkeep
|turn|298
|
|t:|1599134703
|switch|p2a: Amoonguss|Amoonguss, M|100/100 par
|move|p1a: Clefable|Knock Off|p2a: Amoonguss
|-damage|p2a: Amoonguss|97/100 par
|
|upkeep
|turn|299
|
|t:|1599134710
|switch|p1a: Amoonguss|Amoonguss, M|45/100
|move|p2a: Amoonguss|Sludge Bomb|p1a: Amoonguss
|-damage|p1a: Amoonguss|21/100
|
|upkeep
|turn|300
|
|t:|1599134717
|switch|p1a: Corviknight|Corviknight, F|68/100
|-ability|p1a: Corviknight|Pressure
|switch|p2a: Ditto|Ditto|100/100 par
|-transform|p2a: Ditto|p1a: Corviknight|[from] ability: Imposter
|-ability|p2a: Ditto|Pressure
|
|-heal|p1a: Corviknight|74/100|[from] item: Leftovers
|upkeep
|turn|301
|
|t:|1599134725
|switch|p1a: Amoonguss|Amoonguss, M|55/100
|move|p2a: Ditto|U-turn|p1a: Amoonguss
|-crit|p1a: Amoonguss
|-damage|p1a: Amoonguss|39/100
|
|t:|1599134731
|switch|p2a: Amoonguss|Amoonguss, M|100/100 par|[from]move: U-turn
|
|upkeep
|turn|302
|
|t:|1599134736
|switch|p1a: Clefable|Clefable, F|88/100 brn
|switch|p2a: Ditto|Ditto|100/100 par
|-transform|p2a: Ditto|p1a: Clefable|[from] ability: Imposter
|
|upkeep
|turn|303
|
|t:|1599134743
|switch|p1a: Amoonguss|Amoonguss, M|72/100
|move|p2a: Ditto|Moonblast|p1a: Amoonguss
|-resisted|p1a: Amoonguss
|-damage|p1a: Amoonguss|59/100
|-unboost|p1a: Amoonguss|spa|1
|
|upkeep
|turn|304
|
|t:|1599134748
|switch|p1a: Clefable|Clefable, F|88/100 brn
|switch|p2a: Amoonguss|Amoonguss, M|100/100 par
|
|upkeep
|turn|305
|
|t:|1599134754
|switch|p1a: Amoonguss|Amoonguss, M|93/100
|move|p2a: Amoonguss|Clear Smog|p1a: Amoonguss
|-damage|p1a: Amoonguss|80/100
|-clearboost|p1a: Amoonguss
|
|upkeep
|turn|306
|
|t:|1599134760
|switch|p1a: Clefable|Clefable, F|88/100 brn
|switch|p2a: Ditto|Ditto|100/100 par
|-transform|p2a: Ditto|p1a: Clefable|[from] ability: Imposter
|
|upkeep
|turn|307
|
|t:|1599134771
|switch|p1a: Amoonguss|Amoonguss, M|100/100
|switch|p2a: Amoonguss|Amoonguss, M|100/100 par
|
|upkeep
|turn|308
|
|t:|1599134789
|switch|p1a: Clefable|Clefable, F|88/100 brn
|switch|p2a: Ditto|Ditto|100/100 par
|-transform|p2a: Ditto|p1a: Clefable|[from] ability: Imposter
|
|upkeep
|turn|309
|
|t:|1599134794
|switch|p1a: Amoonguss|Amoonguss, M|100/100
|move|p2a: Ditto|Moonblast|p1a: Amoonguss
|-resisted|p1a: Amoonguss
|-damage|p1a: Amoonguss|87/100
|
|upkeep
|turn|310
|
|t:|1599134799
|switch|p1a: Clefable|Clefable, F|88/100 brn
|switch|p2a: Amoonguss|Amoonguss, M|100/100 par
|
|upkeep
|turn|311
|inactive|LT74PF tq has 120 seconds left.
|
|t:|1599134814
|switch|p1a: Amoonguss|Amoonguss, M|100/100
|cant|p2a: Amoonguss|par
|
|upkeep
|turn|312
|
|t:|1599134818
|switch|p1a: Clefable|Clefable, F|88/100 brn
|switch|p2a: Ditto|Ditto|100/100 par
|-transform|p2a: Ditto|p1a: Clefable|[from] ability: Imposter
|
|upkeep
|turn|313
|
|t:|1599134826
|switch|p1a: Amoonguss|Amoonguss, M|100/100
|switch|p2a: Amoonguss|Amoonguss, M|100/100 par
|
|upkeep
|turn|314
|
|t:|1599134831
|switch|p1a: Clefable|Clefable, F|88/100 brn
|switch|p2a: Ditto|Ditto|100/100 par
|-transform|p2a: Ditto|p1a: Clefable|[from] ability: Imposter
|
|upkeep
|turn|315
|
|t:|1599134837
|switch|p1a: Amoonguss|Amoonguss, M|100/100
|move|p2a: Ditto|Moonblast|p1a: Amoonguss
|-resisted|p1a: Amoonguss
|-damage|p1a: Amoonguss|87/100
|
|upkeep
|turn|316
|
|t:|1599134841
|switch|p1a: Clefable|Clefable, F|88/100 brn
|switch|p2a: Toxapex|Toxapex, M|100/100
|
|upkeep
|turn|317
|
|t:|1599134846
|move|p1a: Clefable|Moonblast|p2a: Toxapex
|-resisted|p2a: Toxapex
|-damage|p2a: Toxapex|86/100
|move|p2a: Toxapex|Scald|p1a: Clefable
|-damage|p1a: Clefable|74/100 brn
|
|upkeep
|turn|318
|
|t:|1599134855
|move|p1a: Clefable|Moonblast|p2a: Toxapex
|-resisted|p2a: Toxapex
|-damage|p2a: Toxapex|73/100
|-unboost|p2a: Toxapex|spa|1
|move|p2a: Toxapex|Knock Off|p1a: Clefable
|-resisted|p1a: Clefable
|-damage|p1a: Clefable|70/100 brn
|
|upkeep
|turn|319
|
|t:|1599134861
|switch|p2a: Amoonguss|Amoonguss, M|100/100 par
|move|p1a: Clefable|Thunder Wave|p2a: Amoonguss
|-fail|p2a: Amoonguss|par
|
|upkeep
|turn|320
|
|t:|1599134866
|switch|p1a: Amoonguss|Amoonguss, M|100/100
|switch|p2a: Ditto|Ditto|100/100 par
|-transform|p2a: Ditto|p1a: Amoonguss|[from] ability: Imposter
|
|upkeep
|turn|321
|inactive|LT74PF tq has 120 seconds left.
LT74PF tq is offering a tie.
BugCatcherWeevil accepted the tie.
|
|tie
|raw|BugCatcherWeevil's rating: 1687 &rarr; <strong>1688</strong><br />(+1 for tying)
|raw|LT74PF tq's rating: 1698 &rarr; <strong>1697</strong><br />(-1 for tying)
|c|☆BugCatcherWeevil|gg
|c|☆LT74PF tq|gg
|l|☆LT74PF tq
