|j|☆Nd Jay
|j|☆Gurtrant
|t:|1628654519
|gametype|singles
|player|p1|Nd Jay|n|1657
|player|p2|Gurtrant|238|1655
|teamsize|p1|6
|teamsize|p2|6
|gen|8
|tier|[Gen 8] OU
|rated|
|rule|Sleep Clause Mod: Limit one foe put to sleep
|rule|Species Clause: Limit one of each Pokémon
|rule|OHKO Clause: OHKO moves are banned
|rule|Evasion Moves Clause: Evasion moves are banned
|rule|Endless Battle Clause: Forcing endless battles is banned
|rule|HP Percentage Mod: HP is shown in percentages
|rule|Dynamax Clause: You cannot dynamax
|clearpoke
|poke|p1|Ninetales-Alola, F|
|poke|p1|Arctozolt|
|poke|p1|Landorus-Therian, M|
|poke|p1|Volcanion|
|poke|p1|Corviknight, F|
|poke|p1|Tornadus-Therian, M|
|poke|p2|Pelipper, M|
|poke|p2|Heliolisk, M|
|poke|p2|Seismitoad, F|
|poke|p2|Barraskewda, F|
|poke|p2|Ferrothorn, M|
|poke|p2|Zapdos|
|teampreview
|inactive|Battle timer is ON: inactive players will automatically lose when time's up. (requested by Gurtrant)
|c|☆Nd Jay|hf
|
|t:|1628654531
|start
|switch|p1a: Ninetales|Ninetales-Alola, F|100/100
|switch|p2a: Pelipper|Pelipper, M|100/100
|-weather|Hail|[from] ability: Snow Warning|[of] p1a: Ninetales
|-weather|RainDance|[from] ability: Drizzle|[of] p2a: Pelipper
|turn|1
|
|t:|1628654535
|switch|p2a: Ferrothorn|Ferrothorn, M|100/100
|move|p1a: Ninetales|Blizzard|p2a: Ferrothorn|[miss]
|-miss|p1a: Ninetales|p2a: Ferrothorn
|
|-weather|RainDance|[upkeep]
|upkeep
|turn|2
|
|t:|1628654543
|switch|p1a: Corviknight|Corviknight, F, shiny|100/100
|-ability|p1a: Corviknight|Pressure
|move|p2a: Ferrothorn|Knock Off|p1a: Corviknight
|-damage|p1a: Corviknight|87/100
|-damage|p2a: Ferrothorn|84/100|[from] item: Rocky Helmet|[of] p1a: Corviknight
|-enditem|p1a: Corviknight|Rocky Helmet|[from] move: Knock Off|[of] p2a: Ferrothorn
|
|-weather|RainDance|[upkeep]
|-heal|p2a: Ferrothorn|90/100|[from] item: Leftovers
|upkeep
|turn|3
|
|t:|1628654548
|switch|p2a: Zapdos|Zapdos|100/100
|move|p1a: Corviknight|Body Press|p2a: Zapdos
|-resisted|p2a: Zapdos
|-damage|p2a: Zapdos|91/100
|-status|p1a: Corviknight|par|[from] ability: Static|[of] p2a: Zapdos
|
|-weather|RainDance|[upkeep]
|upkeep
|turn|4
|
|t:|1628654554
|switch|p1a: Ninetales|Ninetales-Alola, F|100/100
|-weather|Hail|[from] ability: Snow Warning|[of] p1a: Ninetales
|move|p2a: Zapdos|U-turn|p1a: Ninetales
|-resisted|p1a: Ninetales
|-damage|p1a: Ninetales|91/100
|
|t:|1628654557
|switch|p2a: Pelipper|Pelipper, M|100/100|[from]move: U-turn
|-weather|RainDance|[from] ability: Drizzle|[of] p2a: Pelipper
|
|-weather|RainDance|[upkeep]
|upkeep
|turn|5
|
|t:|1628654560
|switch|p2a: Ferrothorn|Ferrothorn, M|90/100
|move|p1a: Ninetales|Freeze-Dry|p2a: Ferrothorn
|-damage|p2a: Ferrothorn|73/100
|
|-weather|RainDance|[upkeep]
|-heal|p2a: Ferrothorn|79/100|[from] item: Leftovers
|upkeep
|turn|6
|
|t:|1628654566
|switch|p1a: Tornadus|Tornadus-Therian, M, shiny|100/100
|move|p2a: Ferrothorn|Leech Seed|p1a: Tornadus
|-start|p1a: Tornadus|move: Leech Seed
|
|-weather|RainDance|[upkeep]
|-heal|p2a: Ferrothorn|85/100|[from] item: Leftovers
|-damage|p1a: Tornadus|88/100|[from] Leech Seed|[of] p2a: Ferrothorn
|-heal|p2a: Ferrothorn|98/100|[silent]
|upkeep
|turn|7
|j| La_Princesa_T0xica
|
|t:|1628654580
|switch|p2a: Zapdos|Zapdos|91/100
|move|p1a: Tornadus|Heat Wave|p2a: Zapdos
|-damage|p2a: Zapdos|80/100
|
|-weather|RainDance|[upkeep]
|-damage|p1a: Tornadus|76/100|[from] Leech Seed|[of] p2a: Zapdos
|-heal|p2a: Zapdos|92/100|[silent]
|upkeep
|turn|8
|
|t:|1628654586
|switch|p1a: Landorus|Landorus-Therian, M, shiny|100/100
|-ability|p1a: Landorus|Intimidate|boost
|-unboost|p2a: Zapdos|atk|1
|move|p2a: Zapdos|U-turn|p1a: Landorus
|-resisted|p1a: Landorus
|-damage|p1a: Landorus|96/100
|
|t:|1628654605
|switch|p2a: Seismitoad|Seismitoad, F|100/100|[from]move: U-turn
|
|-weather|RainDance|[upkeep]
|-heal|p1a: Landorus|100/100|[from] item: Leftovers
|upkeep
|turn|9
|
|t:|1628654610
|switch|p1a: Tornadus|Tornadus-Therian, M, shiny|100/100
|move|p2a: Seismitoad|Weather Ball|p1a: Tornadus
|-damage|p1a: Tornadus|49/100
|-damage|p2a: Seismitoad|91/100|[from] item: Life Orb
|
|-weather|RainDance|[upkeep]
|upkeep
|turn|10
|
|t:|1628654629
|switch|p1a: Ninetales|Ninetales-Alola, F|91/100
|-weather|Hail|[from] ability: Snow Warning|[of] p1a: Ninetales
|move|p2a: Seismitoad|Weather Ball|p1a: Ninetales
|-resisted|p1a: Ninetales
|-damage|p1a: Ninetales|68/100
|-damage|p2a: Seismitoad|81/100|[from] item: Life Orb
|
|-weather|Hail|[upkeep]
|-damage|p2a: Seismitoad|74/100|[from] Hail
|upkeep
|turn|11
|
|t:|1628654636
|switch|p1a: Volcanion|Volcanion|100/100
|switch|p2a: Ferrothorn|Ferrothorn, M|98/100
|
|-weather|Hail|[upkeep]
|-damage|p1a: Volcanion|95/100|[from] Hail
|-damage|p2a: Ferrothorn|92/100|[from] Hail
|-heal|p2a: Ferrothorn|98/100|[from] item: Leftovers
|upkeep
|turn|12
|
|t:|1628654641
|switch|p2a: Pelipper|Pelipper, M|100/100
|-weather|RainDance|[from] ability: Drizzle|[of] p2a: Pelipper
|move|p1a: Volcanion|Steam Eruption|p2a: Pelipper
|-resisted|p2a: Pelipper
|-damage|p2a: Pelipper|9/100
|
|-weather|RainDance|[upkeep]
|upkeep
|turn|13
|
|t:|1628654647
|switch|p1a: Ninetales|Ninetales-Alola, F|68/100
|-weather|Hail|[from] ability: Snow Warning|[of] p1a: Ninetales
|switch|p2a: Heliolisk|Heliolisk, M, shiny|100/100
|
|-weather|Hail|[upkeep]
|-damage|p2a: Heliolisk|94/100|[from] Hail
|upkeep
|turn|14
|j| juicelol
|
|t:|1628654654
|switch|p1a: Landorus|Landorus-Therian, M, shiny|100/100
|-ability|p1a: Landorus|Intimidate|boost
|-unboost|p2a: Heliolisk|atk|1
|move|p2a: Heliolisk|Volt Switch|p1a: Landorus
|-immune|p1a: Landorus
|
|-weather|Hail|[upkeep]
|-damage|p2a: Heliolisk|88/100|[from] Hail
|-damage|p1a: Landorus|94/100|[from] Hail
|-heal|p1a: Landorus|100/100|[from] item: Leftovers
|upkeep
|turn|15
|
|t:|1628654665
|switch|p2a: Pelipper|Pelipper, M|9/100
|-weather|RainDance|[from] ability: Drizzle|[of] p2a: Pelipper
|move|p1a: Landorus|Earthquake|p2a: Pelipper
|-immune|p2a: Pelipper
|
|-weather|RainDance|[upkeep]
|upkeep
|turn|16
|
|t:|1628654675
|move|p1a: Landorus|U-turn|p2a: Pelipper
|-resisted|p2a: Pelipper
|-damage|p2a: Pelipper|0 fnt
|faint|p2a: Pelipper
|
|t:|1628654678
|switch|p1a: Ninetales|Ninetales-Alola, F|68/100|[from]move: U-turn
|-weather|Hail|[from] ability: Snow Warning|[of] p1a: Ninetales
|
|-weather|Hail|[upkeep]
|upkeep
|-message|Gurtrant forfeited.
|
|win|Nd Jay
|raw|Nd Jay's rating: 1657 &rarr; <strong>1677</strong><br />(+20 for winning)
|raw|Gurtrant's rating: 1655 &rarr; <strong>1635</strong><br />(-20 for losing)
|l|☆Gurtrant
|l| juicelol
