|raw|<div class="broadcast-blue"><strong>This battle is required to be public due to a player having a name starting with 'lt92pf'.</div>
|j|☆Coach Jones 6fifth
|j|☆LT92PF Eule
|t:|1660317732
|gametype|singles
|player|p1|Coach Jones 6fifth|lusamine-nihilego|1905
|player|p2|LT92PF Eule|roxie|1826
|teamsize|p1|6
|teamsize|p2|6
|gen|8
|tier|[Gen 8] OU
|rated|
|rule|Sleep Clause Mod: Limit one foe put to sleep
|rule|Species Clause: Limit one of each Pokémon
|rule|OHKO Clause: OHKO moves are banned
|rule|Evasion Items Clause: Evasion items are banned
|rule|Evasion Moves Clause: Evasion moves are banned
|rule|Endless Battle Clause: Forcing endless battles is banned
|rule|HP Percentage Mod: HP is shown in percentages
|rule|Dynamax Clause: You cannot dynamax
|clearpoke
|poke|p1|Clefable, F|
|poke|p1|Slowking-Galar, M|
|poke|p1|Volcanion|
|poke|p1|Tyranitar, F|
|poke|p1|Skarmory, M|
|poke|p1|Dragapult, F|
|poke|p2|Weavile, F|
|poke|p2|Polteageist|
|poke|p2|Kartana|
|poke|p2|Cobalion|
|poke|p2|Garchomp, M|
|poke|p2|Rillaboom, F|
|teampreview
|j| irgendwasmitmeeem
|
|t:|1660317741
|start
|switch|p1a: Skarmory|Skarmory, M|100/100
|switch|p2a: Cobalion|Cobalion|100/100
|turn|1
|
|t:|1660317748
|move|p2a: Cobalion|Taunt|p1a: Skarmory
|-start|p1a: Skarmory|move: Taunt
|cant|p1a: Skarmory|move: Taunt|Spikes
|
|upkeep
|turn|2
|
|t:|1660317749
|move|p2a: Cobalion|Stealth Rock|p1a: Skarmory
|-sidestart|p1: Coach Jones 6fifth|move: Stealth Rock
|move|p1a: Skarmory|Body Press|p2a: Cobalion
|-supereffective|p2a: Cobalion
|-damage|p2a: Cobalion|44/100
|
|upkeep
|turn|3
|j| LT92PF Raizen
|
|t:|1660317754
|switch|p2a: Polteageist|Polteageist|100/100
|switch|p1a: Slowking|Slowking-Galar, M, shiny|100/100
|-damage|p1a: Slowking|88/100|[from] Stealth Rock
|
|upkeep
|turn|4
|
|t:|1660317758
|switch|p1a: Tyranitar|Tyranitar, F, shiny|100/100
|-damage|p1a: Tyranitar|88/100|[from] Stealth Rock
|-weather|Sandstorm|[from] ability: Sand Stream|[of] p1a: Tyranitar
|move|p2a: Polteageist|Shell Smash|p2a: Polteageist
|-unboost|p2a: Polteageist|def|1
|-unboost|p2a: Polteageist|spd|1
|-boost|p2a: Polteageist|atk|2
|-boost|p2a: Polteageist|spa|2
|-boost|p2a: Polteageist|spe|2
|
|-weather|Sandstorm|[upkeep]
|-damage|p2a: Polteageist|94/100|[from] Sandstorm
|upkeep
|turn|5
|
|t:|1660317760
|move|p2a: Polteageist|Giga Drain|p1a: Tyranitar
|-supereffective|p1a: Tyranitar
|-crit|p1a: Tyranitar
|-damage|p1a: Tyranitar|0 fnt
|-heal|p2a: Polteageist|100/100|[from] drain|[of] p1a: Tyranitar
|faint|p1a: Tyranitar
|
|-weather|Sandstorm|[upkeep]
|-damage|p2a: Polteageist|94/100|[from] Sandstorm
|upkeep
|
|t:|1660317797
|switch|p1a: Slowking|Slowking-Galar, M, shiny|100/100
|-damage|p1a: Slowking|88/100|[from] Stealth Rock
|turn|6
|
|t:|1660317804
|move|p2a: Polteageist|Shadow Ball|p1a: Slowking
|-supereffective|p1a: Slowking
|-damage|p1a: Slowking|8/100
|move|p1a: Slowking|Future Sight|p2a: Polteageist
|-start|p1a: Slowking|move: Future Sight
|
|-weather|Sandstorm|[upkeep]
|-damage|p2a: Polteageist|88/100|[from] Sandstorm
|-damage|p1a: Slowking|2/100|[from] Sandstorm
|upkeep
|turn|7
|
|t:|1660317808
|move|p2a: Polteageist|Stored Power|p1a: Slowking
|-damage|p1a: Slowking|0 fnt
|faint|p1a: Slowking
|
|-weather|Sandstorm|[upkeep]
|-damage|p2a: Polteageist|82/100|[from] Sandstorm
|upkeep
|
|t:|1660317810
|switch|p1a: Clefable|Clefable, F, shiny|100/100
|turn|8
|
|t:|1660317811
|move|p2a: Polteageist|Stored Power|p1a: Clefable
|-damage|p1a: Clefable|5/100
|move|p1a: Clefable|Soft-Boiled|p1a: Clefable
|-heal|p1a: Clefable|55/100
|
|-weather|none
|-end|p2a: Polteageist|move: Future Sight
|-damage|p2a: Polteageist|2/100
|-heal|p1a: Clefable|61/100|[from] item: Leftovers
|upkeep
|turn|9
|
|t:|1660317820
|move|p2a: Polteageist|Stored Power|p1a: Clefable
|-damage|p1a: Clefable|0 fnt
|faint|p1a: Clefable
|
|upkeep
|
|t:|1660317822
|switch|p1a: Volcanion|Volcanion|100/100
|turn|10
|
|t:|1660317828
|move|p2a: Polteageist|Stored Power|p1a: Volcanion
|-damage|p1a: Volcanion|0 fnt
|faint|p1a: Volcanion
|
|upkeep
|-message|Coach Jones 6fifth forfeited.
|
|win|LT92PF Eule
|raw|Coach Jones 6fifth's rating: 1905 &rarr; <strong>1881</strong><br />(-24 for losing)
|raw|LT92PF Eule's rating: 1826 &rarr; <strong>1850</strong><br />(+24 for winning)
|l|☆Coach Jones 6fifth
|l|☆LT92PF Eule
|j|☆LT92PF Eule
|player|p2|LT92PF Eule|roxie
|l|☆LT92PF Eule
|player|p2|
||Ladder isn't responding, score probably updated but might not have (Request timeout).
