|raw|<div class="broadcast-blue"><strong>This battle is required to be public due to a player having a name starting with 'lt82zw'.</div>
|j|☆Kanye is batman
|j|☆lt82zwrz
|t:|1626160439
|gametype|singles
|player|p1|Kanye is batman|silver|1660
|player|p2|lt82zwrz|swimmer-gen4dp|1681
|teamsize|p1|6
|teamsize|p2|6
|gen|8
|tier|[Gen 8] OU
|rated|
|rule|Sleep Clause Mod: Limit one foe put to sleep
|rule|Species Clause: Limit one of each Pokémon
|rule|OHKO Clause: OHKO moves are banned
|rule|Evasion Moves Clause: Evasion moves are banned
|rule|Endless Battle Clause: Forcing endless battles is banned
|rule|HP Percentage Mod: HP is shown in percentages
|rule|Dynamax Clause: You cannot dynamax
|clearpoke
|poke|p1|Pelipper, M|
|poke|p1|Barraskewda, F|
|poke|p1|Ferrothorn, M|
|poke|p1|Seismitoad, M|
|poke|p1|Tapu Koko|
|poke|p1|Tornadus-Therian, M|
|poke|p2|Landorus-Therian, M|
|poke|p2|Magnezone|
|poke|p2|Tapu Fini|
|poke|p2|Kartana|
|poke|p2|Weavile, M|
|poke|p2|Volcarona, F|
|teampreview
|inactive|Battle timer is ON: inactive players will automatically lose when time's up. (requested by lt82zwrz)
|
|t:|1626160469
|start
|switch|p1a: Big Gulp sponsor|Pelipper, M|100/100
|switch|p2a: Weavile|Weavile, M|100/100
|-ability|p2a: Weavile|Pressure
|-weather|RainDance|[from] ability: Drizzle|[of] p1a: Big Gulp sponsor
|turn|1
|
|t:|1626160474
|switch|p1a: Hates rain|Ferrothorn, M|100/100
|move|p2a: Weavile|Knock Off|p1a: Hates rain
|-damage|p1a: Hates rain|72/100
|-damage|p2a: Weavile|88/100|[from] ability: Iron Barbs|[of] p1a: Hates rain
|-enditem|p1a: Hates rain|Leftovers|[from] move: Knock Off|[of] p2a: Weavile
|
|-weather|RainDance|[upkeep]
|upkeep
|turn|2
|
|t:|1626160479
|switch|p2a: Landorus|Landorus-Therian, M|100/100
|-ability|p2a: Landorus|Intimidate|boost
|-unboost|p1a: Hates rain|atk|1
|move|p1a: Hates rain|Leech Seed|p2a: Landorus
|-start|p2a: Landorus|move: Leech Seed
|
|-weather|RainDance|[upkeep]
|-damage|p2a: Landorus|88/100|[from] Leech Seed|[of] p1a: Hates rain
|-heal|p1a: Hates rain|85/100|[silent]
|upkeep
|turn|3
|
|t:|1626160485
|move|p2a: Landorus|Stealth Rock|p1a: Hates rain
|-sidestart|p1: Kanye is batman|move: Stealth Rock
|move|p1a: Hates rain|Spikes|p2a: Landorus
|-sidestart|p2: lt82zwrz|Spikes
|
|-weather|RainDance|[upkeep]
|-heal|p2a: Landorus|94/100|[from] item: Leftovers
|-damage|p2a: Landorus|82/100|[from] Leech Seed|[of] p1a: Hates rain
|-heal|p1a: Hates rain|99/100|[silent]
|upkeep
|turn|4
|
|t:|1626160513
|switch|p2a: Kartana|Kartana|100/100
|-damage|p2a: Kartana|88/100|[from] Spikes
|switch|p1a: Agent ¥|Seismitoad, M|100/100
|-damage|p1a: Agent ¥|95/100|[from] Stealth Rock
|
|-weather|RainDance|[upkeep]
|upkeep
|turn|5
|
|t:|1626160519
|switch|p1a: Tornadus|Tornadus-Therian, M|100/100
|move|p2a: Kartana|Knock Off|p1a: Tornadus
|-damage|p1a: Tornadus|58/100
|-enditem|p1a: Tornadus|Heavy-Duty Boots|[from] move: Knock Off|[of] p2a: Kartana
|-damage|p2a: Kartana|78/100|[from] item: Life Orb
|
|-weather|RainDance|[upkeep]
|upkeep
|turn|6
|
|t:|1626160525
|switch|p2a: Magnezone|Magnezone|100/100
|-damage|p2a: Magnezone|88/100|[from] Spikes
|move|p1a: Tornadus|U-turn|p2a: Magnezone
|-resisted|p2a: Magnezone
|-damage|p2a: Magnezone|82/100
|
|t:|1626160528
|switch|p1a: Agent ¥|Seismitoad, M|95/100|[from]move: U-turn
|-damage|p1a: Agent ¥|89/100|[from] Stealth Rock
|
|-weather|RainDance|[upkeep]
|upkeep
|turn|7
|
|t:|1626160540
|switch|p2a: Volcarona|Volcarona, F, shiny|100/100
|move|p1a: Agent ¥|Earth Power|p2a: Volcarona
|-damage|p2a: Volcarona|53/100
|-damage|p1a: Agent ¥|79/100|[from] item: Life Orb
|
|-weather|RainDance|[upkeep]
|upkeep
|turn|8
|
|t:|1626160549
|move|p1a: Agent ¥|Surf|p2a: Volcarona
|-supereffective|p2a: Volcarona
|-crit|p2a: Volcarona
|-damage|p2a: Volcarona|0 fnt
|faint|p2a: Volcarona
|-damage|p1a: Agent ¥|69/100|[from] item: Life Orb
|
|-weather|none
|upkeep
|
|t:|1626160555
|switch|p2a: Weavile|Weavile, M|88/100
|-ability|p2a: Weavile|Pressure
|turn|9
|
|t:|1626160560
|switch|p1a: Hates rain|Ferrothorn, M|99/100
|-damage|p1a: Hates rain|93/100|[from] Stealth Rock
|move|p2a: Weavile|Swords Dance|p2a: Weavile
|-boost|p2a: Weavile|atk|2
|
|upkeep
|turn|10
|
|t:|1626160566
|move|p2a: Weavile|Triple Axel|p1a: Hates rain|[miss]
|-miss|p2a: Weavile|p1a: Hates rain
|move|p1a: Hates rain|Gyro Ball|p2a: Weavile
|-supereffective|p2a: Weavile
|-damage|p2a: Weavile|0 fnt
|faint|p2a: Weavile
|
|upkeep
|
|t:|1626160570
|switch|p2a: Kartana|Kartana|78/100
|-damage|p2a: Kartana|66/100|[from] Spikes
|turn|11
|
|t:|1626160575
|move|p2a: Kartana|Swords Dance|p2a: Kartana
|-boost|p2a: Kartana|atk|2
|move|p1a: Hates rain|Spikes|p2a: Kartana
|-sidestart|p2: lt82zwrz|Spikes
|
|upkeep
|turn|12
|
|t:|1626160581
|switch|p1a: Tornadus|Tornadus-Therian, M|91/100
|-damage|p1a: Tornadus|67/100|[from] Stealth Rock
|move|p2a: Kartana|Synthesis|p2a: Kartana
|-heal|p2a: Kartana|100/100
|
|upkeep
|turn|13
|
|t:|1626160585
|move|p1a: Tornadus|U-turn|p2a: Kartana
|-damage|p2a: Kartana|88/100
|
|t:|1626160590
|switch|p1a: Hates rain|Ferrothorn, M|93/100|[from]move: U-turn
|-damage|p1a: Hates rain|86/100|[from] Stealth Rock
|move|p2a: Kartana|Knock Off|p1a: Hates rain
|-damage|p1a: Hates rain|53/100
|-damage|p2a: Kartana|76/100|[from] ability: Iron Barbs|[of] p1a: Hates rain
|-damage|p2a: Kartana|66/100|[from] item: Life Orb
|
|upkeep
|turn|14
|
|t:|1626160593
|move|p2a: Kartana|Knock Off|p1a: Hates rain
|-damage|p1a: Hates rain|21/100
|-damage|p2a: Kartana|54/100|[from] ability: Iron Barbs|[of] p1a: Hates rain
|-damage|p2a: Kartana|44/100|[from] item: Life Orb
|move|p1a: Hates rain|Knock Off|p2a: Kartana
|-damage|p2a: Kartana|26/100
|-enditem|p2a: Kartana|Life Orb|[from] move: Knock Off|[of] p1a: Hates rain
|
|upkeep
|turn|15
|
|t:|1626160603
|switch|p1a: Tornadus|Tornadus-Therian, M|99/100
|-damage|p1a: Tornadus|75/100|[from] Stealth Rock
|move|p2a: Kartana|Synthesis|p2a: Kartana
|-heal|p2a: Kartana|76/100
|
|upkeep
|turn|16
|
|t:|1626160611
|move|p1a: Tornadus|Defog|p2a: Kartana
|-unboost|p2a: Kartana|evasion|1
|-sideend|p2: lt82zwrz|Spikes|[from] move: Defog|[of] p1a: Tornadus
|-sideend|p1: Kanye is batman|Stealth Rock|[from] move: Defog|[of] p1a: Tornadus
|move|p2a: Kartana|Knock Off|p1a: Tornadus
|-crit|p1a: Tornadus
|-damage|p1a: Tornadus|1/100
|
|upkeep
|turn|17
|
|t:|1626160616
|move|p1a: Tornadus|Hurricane|p2a: Kartana
|-damage|p2a: Kartana|0 fnt
|faint|p2a: Kartana
|
|upkeep
|
|t:|1626160619
|switch|p2a: Tapu Fini|Tapu Fini|100/100
|-fieldstart|move: Misty Terrain|[from] ability: Misty Surge|[of] p2a: Tapu Fini
|turn|18
|
|t:|1626160624
|move|p1a: Tornadus|Knock Off|p2a: Tapu Fini
|-resisted|p2a: Tapu Fini
|-damage|p2a: Tapu Fini|92/100
|-enditem|p2a: Tapu Fini|Leftovers|[from] move: Knock Off|[of] p1a: Tornadus
|move|p2a: Tapu Fini|Calm Mind|p2a: Tapu Fini
|-boost|p2a: Tapu Fini|spa|1
|-boost|p2a: Tapu Fini|spd|1
|
|upkeep
|turn|19
|
|t:|1626160632
|move|p1a: Tornadus|U-turn|p2a: Tapu Fini
|-resisted|p2a: Tapu Fini
|-damage|p2a: Tapu Fini|86/100
|
|t:|1626160635
|switch|p1a: Speed Overdose|Tapu Koko|100/100|[from]move: U-turn
|-fieldstart|move: Electric Terrain|[from] ability: Electric Surge|[of] p1a: Speed Overdose
|move|p2a: Tapu Fini|Calm Mind|p2a: Tapu Fini
|-boost|p2a: Tapu Fini|spa|1
|-boost|p2a: Tapu Fini|spd|1
|
|upkeep
|turn|20
|
|t:|1626160640
|move|p1a: Speed Overdose|Volt Switch|p2a: Tapu Fini
|-supereffective|p2a: Tapu Fini
|-damage|p2a: Tapu Fini|50/100
|
|t:|1626160647
|switch|p1a: Hates rain|Ferrothorn, M|21/100|[from]move: Volt Switch
|move|p2a: Tapu Fini|Draining Kiss|p1a: Hates rain
|-resisted|p1a: Hates rain
|-damage|p1a: Hates rain|8/100
|-heal|p2a: Tapu Fini|61/100|[from] drain|[of] p1a: Hates rain
|-damage|p2a: Tapu Fini|48/100|[from] ability: Iron Barbs|[of] p1a: Hates rain
|
|upkeep
|turn|21
|
|t:|1626160658
|move|p2a: Tapu Fini|Scald|p1a: Hates rain
|-resisted|p1a: Hates rain
|-damage|p1a: Hates rain|0 fnt
|faint|p1a: Hates rain
|
|upkeep
|
|t:|1626160662
|switch|p1a: Speed Overdose|Tapu Koko|100/100
|turn|22
|
|t:|1626160665
|move|p1a: Speed Overdose|Volt Switch|p2a: Tapu Fini
|-supereffective|p2a: Tapu Fini
|-damage|p2a: Tapu Fini|12/100
|
|t:|1626160670
|switch|p1a: Tornadus|Tornadus-Therian, M|34/100|[from]move: Volt Switch
|move|p2a: Tapu Fini|Draining Kiss|p1a: Tornadus
|-damage|p1a: Tornadus|0 fnt
|-heal|p2a: Tapu Fini|36/100|[from] drain|[of] p1a: Tornadus
|faint|p1a: Tornadus
|
|upkeep
|
|t:|1626160672
|switch|p1a: Speed Overdose|Tapu Koko|100/100
|turn|23
|
|t:|1626160676
|move|p1a: Speed Overdose|Volt Switch|p2a: Tapu Fini
|-supereffective|p2a: Tapu Fini
|-damage|p2a: Tapu Fini|1/100
|
|t:|1626160688
|switch|p1a: Big Gulp sponsor|Pelipper, M|100/100|[from]move: Volt Switch
|-weather|RainDance|[from] ability: Drizzle|[of] p1a: Big Gulp sponsor
|move|p2a: Tapu Fini|Draining Kiss|p1a: Big Gulp sponsor
|-damage|p1a: Big Gulp sponsor|53/100
|-heal|p2a: Tapu Fini|34/100|[from] drain|[of] p1a: Big Gulp sponsor
|
|-weather|RainDance|[upkeep]
|-fieldend|move: Electric Terrain
|upkeep
|turn|24
|
|t:|1626160695
|move|p2a: Tapu Fini|Draining Kiss|p1a: Big Gulp sponsor
|-damage|p1a: Big Gulp sponsor|8/100
|-heal|p2a: Tapu Fini|66/100|[from] drain|[of] p1a: Big Gulp sponsor
|move|p1a: Big Gulp sponsor|U-turn|p2a: Tapu Fini
|-resisted|p2a: Tapu Fini
|-damage|p2a: Tapu Fini|63/100
|
|t:|1626160698
|switch|p1a: Speed Overdose|Tapu Koko|100/100|[from]move: U-turn
|-fieldstart|move: Electric Terrain|[from] ability: Electric Surge|[of] p1a: Speed Overdose
|
|-weather|RainDance|[upkeep]
|upkeep
|turn|25
|
|t:|1626160700
|move|p1a: Speed Overdose|Thunder|p2a: Tapu Fini
|-supereffective|p2a: Tapu Fini
|-damage|p2a: Tapu Fini|11/100
|move|p2a: Tapu Fini|Draining Kiss|p1a: Speed Overdose
|-damage|p1a: Speed Overdose|51/100
|-heal|p2a: Tapu Fini|41/100|[from] drain|[of] p1a: Speed Overdose
|
|-weather|RainDance|[upkeep]
|upkeep
|turn|26
|
|t:|1626160715
|switch|p2a: Landorus|Landorus-Therian, M|82/100
|-ability|p2a: Landorus|Intimidate|boost
|-unboost|p1a: Speed Overdose|atk|1
|move|p1a: Speed Overdose|Thunder|p2a: Landorus
|-immune|p2a: Landorus
|
|-weather|RainDance|[upkeep]
|-heal|p2a: Landorus|88/100|[from] item: Leftovers
|upkeep
|turn|27
|
|t:|1626160722
|switch|p1a: Agent ¥|Seismitoad, M|69/100
|move|p2a: Landorus|Stealth Rock|p1a: Agent ¥
|-sidestart|p1: Kanye is batman|move: Stealth Rock
|
|-weather|RainDance|[upkeep]
|-heal|p2a: Landorus|94/100|[from] item: Leftovers
|upkeep
|turn|28
|
|t:|1626160735
|switch|p2a: Magnezone|Magnezone|82/100
|move|p1a: Agent ¥|Surf|p2a: Magnezone
|-damage|p2a: Magnezone|28/100
|-damage|p1a: Agent ¥|59/100|[from] item: Life Orb
|
|-weather|RainDance|[upkeep]
|-fieldend|move: Electric Terrain
|upkeep
|turn|29
|
|t:|1626160743
|move|p1a: Agent ¥|Surf|p2a: Magnezone
|-damage|p2a: Magnezone|0 fnt
|faint|p2a: Magnezone
|-damage|p1a: Agent ¥|49/100|[from] item: Life Orb
|
|-weather|RainDance|[upkeep]
|upkeep
|
|t:|1626160750
|switch|p2a: Tapu Fini|Tapu Fini|41/100
|-fieldstart|move: Misty Terrain|[from] ability: Misty Surge|[of] p2a: Tapu Fini
|turn|30
|
|t:|1626160753
|move|p1a: Agent ¥|Sludge Wave|p2a: Tapu Fini
|-supereffective|p2a: Tapu Fini
|-damage|p2a: Tapu Fini|0 fnt
|faint|p2a: Tapu Fini
|-damage|p1a: Agent ¥|39/100|[from] item: Life Orb
|
|-weather|none
|upkeep
|
|t:|1626160756
|switch|p2a: Landorus|Landorus-Therian, M|94/100
|-ability|p2a: Landorus|Intimidate|boost
|-unboost|p1a: Agent ¥|atk|1
|turn|31
|
|t:|1626160758
|move|p1a: Agent ¥|Surf|p2a: Landorus
|-supereffective|p2a: Landorus
|-damage|p2a: Landorus|0 fnt
|faint|p2a: Landorus
|-damage|p1a: Agent ¥|29/100|[from] item: Life Orb
|
|win|Kanye is batman
|raw|Kanye is batman's rating: 1660 &rarr; <strong>1681</strong><br />(+21 for winning)
|raw|lt82zwrz's rating: 1681 &rarr; <strong>1660</strong><br />(-21 for losing)
