|j|☆drake'sprodigy
|j|☆Wheezer
|t:|1649615469
|gametype|singles
|player|p1|drake'sprodigy|1|1576
|player|p2|Wheezer|petrel|1662
|teamsize|p1|6
|teamsize|p2|6
|gen|8
|tier|[Gen 8] OU
|rated|
|rule|Sleep Clause Mod: Limit one foe put to sleep
|rule|Species Clause: Limit one of each Pokémon
|rule|OHKO Clause: OHKO moves are banned
|rule|Evasion Moves Clause: Evasion moves are banned
|rule|Endless Battle Clause: Forcing endless battles is banned
|rule|HP Percentage Mod: HP is shown in percentages
|rule|Dynamax Clause: You cannot dynamax
|clearpoke
|poke|p1|Bisharp, F|
|poke|p1|Clefable, M|
|poke|p1|Landorus-Therian, M|
|poke|p1|Dragapult, M|
|poke|p1|Corviknight, M|
|poke|p1|Ferrothorn, M|
|poke|p2|Druddigon, F|
|poke|p2|Togekiss, M|
|poke|p2|Melmetal|
|poke|p2|Volcarona, F|
|poke|p2|Hydreigon, F|
|poke|p2|Zeraora|
|teampreview
|j| LT_Alt1
|
|t:|1649615512
|start
|switch|p1a: Dragapult|Dragapult, M|100/100
|switch|p2a: Druddigon|Druddigon, F|100/100
|-ability|p2a: Druddigon|Mold Breaker
|turn|1
|inactive|Battle timer is ON: inactive players will automatically lose when time's up. (requested by drake'sprodigy)
|
|t:|1649615521
|switch|p2a: Togekiss|Togekiss, M|100/100
|move|p1a: Dragapult|Shadow Ball|p2a: Togekiss
|-damage|p2a: Togekiss|49/100
|-unboost|p2a: Togekiss|spd|1
|
|upkeep
|turn|2
|
|t:|1649615525
|move|p2a: Togekiss|Air Slash|p1a: Dragapult
|-damage|p1a: Dragapult|48/100
|move|p1a: Dragapult|Shadow Ball|p2a: Togekiss
|-damage|p2a: Togekiss|0 fnt
|faint|p2a: Togekiss
|
|upkeep
|j| 0SiegeWarfare
|
|t:|1649615537
|switch|p2a: Druddigon|Druddigon, F|100/100
|-ability|p2a: Druddigon|Mold Breaker
|turn|3
|
|t:|1649615544
|switch|p1a: Clefable|Clefable, M|100/100
|move|p2a: Druddigon|Stealth Rock|p1a: Clefable
|-sidestart|p1: drake'sprodigy|move: Stealth Rock
|
|upkeep
|turn|4
|
|t:|1649615552
|move|p2a: Druddigon|Glare|p1a: Clefable
|-status|p1a: Clefable|par
|cant|p1a: Clefable|par
|
|upkeep
|turn|5
|
|t:|1649615558
|switch|p1a: Landorus|Landorus-Therian, M|100/100
|-damage|p1a: Landorus|88/100|[from] Stealth Rock
|-ability|p1a: Landorus|Intimidate|boost
|-unboost|p2a: Druddigon|atk|1
|move|p2a: Druddigon|Gunk Shot|p1a: Landorus|[miss]
|-miss|p2a: Druddigon|p1a: Landorus
|
|upkeep
|turn|6
|
|t:|1649615571
|move|p1a: Landorus|Earthquake|p2a: Druddigon
|-damage|p2a: Druddigon|36/100
|move|p2a: Druddigon|Glare|p1a: Landorus
|-status|p1a: Landorus|par
|
|upkeep
|turn|7
|c| 0SiegeWarfare|best hazard setter
|
|t:|1649615599
|switch|p1a: Clefable|Clefable, M|100/100 par
|switch|p2a: Hydreigon|Hydreigon, F|100/100
|
|upkeep
|turn|8
|
|t:|1649615621
|switch|p2a: Melmetal|Melmetal|100/100
|move|p1a: Clefable|Moonblast|p2a: Melmetal
|-resisted|p2a: Melmetal
|-crit|p2a: Melmetal
|-damage|p2a: Melmetal|77/100
|-unboost|p2a: Melmetal|spa|1
|
|upkeep
|turn|9
|
|t:|1649615630
|switch|p1a: Corviknight|Corviknight, M|100/100
|-damage|p1a: Corviknight|88/100|[from] Stealth Rock
|-ability|p1a: Corviknight|Pressure
|move|p2a: Melmetal|Double Iron Bash|p1a: Corviknight
|-resisted|p1a: Corviknight
|-damage|p1a: Corviknight|75/100
|-resisted|p1a: Corviknight
|-damage|p1a: Corviknight|62/100
|-hitcount|p1a: Corviknight|2
|
|upkeep
|turn|10
|
|t:|1649615638
|move|p1a: Corviknight|Defog|p2a: Melmetal
|-unboost|p2a: Melmetal|evasion|1
|-sideend|p1: drake'sprodigy|Stealth Rock|[from] move: Defog|[of] p1a: Corviknight
|move|p2a: Melmetal|Thunder Punch|p1a: Corviknight
|-supereffective|p1a: Corviknight
|-damage|p1a: Corviknight|15/100
|
|upkeep
|turn|11
|
|t:|1649615643
|move|p1a: Corviknight|Roost|p1a: Corviknight
|-heal|p1a: Corviknight|65/100
|-singleturn|p1a: Corviknight|move: Roost
|move|p2a: Melmetal|Superpower|p1a: Corviknight
|-supereffective|p1a: Corviknight
|-damage|p1a: Corviknight|3/100
|-unboost|p2a: Melmetal|atk|1
|-unboost|p2a: Melmetal|def|1
|
|upkeep
|turn|12
|
|t:|1649615648
|move|p1a: Corviknight|Body Press|p2a: Melmetal
|-supereffective|p2a: Melmetal
|-damage|p2a: Melmetal|28/100
|move|p2a: Melmetal|Thunder Wave|p1a: Corviknight
|-status|p1a: Corviknight|par
|
|upkeep
|turn|13
|
|t:|1649615660
|move|p2a: Melmetal|Double Iron Bash|p1a: Corviknight
|-resisted|p1a: Corviknight
|-crit|p1a: Corviknight
|-damage|p1a: Corviknight|0 fnt
|faint|p1a: Corviknight
|-hitcount|p1: Corviknight|1
|
|upkeep
|
|t:|1649615663
|switch|p1a: Dragapult|Dragapult, M|48/100
|turn|14
|
|t:|1649615666
|move|p1a: Dragapult|Shadow Ball|p2a: Melmetal
|-damage|p2a: Melmetal|0 fnt
|faint|p2a: Melmetal
|
|upkeep
|
|t:|1649615668
|switch|p2a: Hydreigon|Hydreigon, F|100/100
|turn|15
|
|t:|1649615674
|switch|p1a: Clefable|Clefable, M|100/100 par
|switch|p2a: Volcarona|Volcarona, F|100/100
|
|upkeep
|turn|16
|
|t:|1649615679
|switch|p1a: Landorus|Landorus-Therian, M|88/100 par
|-ability|p1a: Landorus|Intimidate|boost
|-unboost|p2a: Volcarona|atk|1
|move|p2a: Volcarona|Quiver Dance|p2a: Volcarona
|-boost|p2a: Volcarona|spa|1
|-boost|p2a: Volcarona|spd|1
|-boost|p2a: Volcarona|spe|1
|
|upkeep
|turn|17
|
|t:|1649615686
|move|p2a: Volcarona|Flamethrower|p1a: Landorus
|-damage|p1a: Landorus|13/100 par
|move|p1a: Landorus|Stone Edge|p2a: Volcarona
|-supereffective|p2a: Volcarona
|-damage|p2a: Volcarona|0 fnt
|faint|p2a: Volcarona
|
|upkeep
|
|t:|1649615695
|switch|p2a: Druddigon|Druddigon, F|36/100
|-ability|p2a: Druddigon|Mold Breaker
|turn|18
|c|☆Wheezer|unlucky
|
|t:|1649615722
|switch|p1a: Clefable|Clefable, M|100/100 par
|move|p2a: Druddigon|Stealth Rock|p1a: Clefable
|-sidestart|p1: drake'sprodigy|move: Stealth Rock
|
|upkeep
|turn|19
|
|t:|1649615726
|move|p2a: Druddigon|Gunk Shot|p1a: Clefable
|-supereffective|p1a: Clefable
|-damage|p1a: Clefable|42/100 par
|move|p1a: Clefable|Moonblast|p2a: Druddigon
|-supereffective|p2a: Druddigon
|-enditem|p2a: Druddigon|Roseli Berry|[eat]
|-enditem|p2a: Druddigon|Roseli Berry|[weaken]
|-damage|p2a: Druddigon|8/100
|
|-heal|p1a: Clefable|48/100 par|[from] item: Leftovers
|upkeep
|turn|20
|c|☆drake'sprodigy|true
|c| LT_Alt1|bulk up zera with blaze kick porbablywins from this position
|j| Alejndro Sosa
|inactive|drake'sprodigy has 120 seconds left.
|
|t:|1649615753
|switch|p1a: Ferrothorn|Ferrothorn, M|100/100
|-damage|p1a: Ferrothorn|94/100|[from] Stealth Rock
|move|p2a: Druddigon|Gunk Shot|p1a: Ferrothorn
|-immune|p1a: Ferrothorn
|
|-heal|p1a: Ferrothorn|100/100|[from] item: Leftovers
|upkeep
|turn|21
|
|t:|1649615758
|move|p2a: Druddigon|Taunt|p1a: Ferrothorn
|-start|p1a: Ferrothorn|move: Taunt
|move|p1a: Ferrothorn|Knock Off|p2a: Druddigon
|-damage|p2a: Druddigon|0 fnt
|faint|p2a: Druddigon
|
|upkeep
|
|t:|1649615762
|switch|p2a: Hydreigon|Hydreigon, F|100/100
|turn|22
|
|t:|1649615768
|move|p2a: Hydreigon|Nasty Plot|p2a: Hydreigon
|-boost|p2a: Hydreigon|spa|2
|move|p1a: Ferrothorn|Gyro Ball|p2a: Hydreigon
|-damage|p2a: Hydreigon|45/100
|
|upkeep
|turn|23
|
|t:|1649615776
|switch|p1a: Landorus|Landorus-Therian, M|13/100 par
|-damage|p1a: Landorus|1/100 par|[from] Stealth Rock
|-ability|p1a: Landorus|Intimidate|boost
|-unboost|p2a: Hydreigon|atk|1
|move|p2a: Hydreigon|Dark Pulse|p1a: Landorus
|-damage|p1a: Landorus|0 fnt
|faint|p1a: Landorus
|-damage|p2a: Hydreigon|35/100|[from] item: Life Orb
|
|upkeep
|
|t:|1649615779
|switch|p1a: Dragapult|Dragapult, M|48/100
|-damage|p1a: Dragapult|36/100|[from] Stealth Rock
|turn|24
|
|t:|1649615787
|move|p1a: Dragapult|U-turn|p2a: Hydreigon
|-supereffective|p2a: Hydreigon
|-damage|p2a: Hydreigon|0 fnt
|faint|p2a: Hydreigon
|j| Shadestep
|c| 0SiegeWarfare|ggs
|
|t:|1649615806
|switch|p1a: Bisharp|Bisharp, F|100/100|[from]move: U-turn
|-damage|p1a: Bisharp|95/100|[from] Stealth Rock
|
|upkeep
|
|t:|1649615811
|switch|p2a: Zeraora|Zeraora|100/100
|turn|25
|
|t:|1649615835
|move|p2a: Zeraora|Bulk Up|p2a: Zeraora
|-boost|p2a: Zeraora|atk|1
|-boost|p2a: Zeraora|def|1
|move|p1a: Bisharp|Knock Off|p2a: Zeraora
|-damage|p2a: Zeraora|37/100
|-enditem|p2a: Zeraora|Heavy-Duty Boots|[from] move: Knock Off|[of] p1a: Bisharp
|-damage|p1a: Bisharp|85/100|[from] item: Life Orb
|
|upkeep
|turn|26
|
|t:|1649615841
|move|p1a: Bisharp|Sucker Punch||[still]
|-fail|p1a: Bisharp
|move|p2a: Zeraora|Bulk Up|p2a: Zeraora
|-boost|p2a: Zeraora|atk|1
|-boost|p2a: Zeraora|def|1
|
|upkeep
|turn|27
|
|t:|1649615845
|move|p1a: Bisharp|Sucker Punch|p2a: Zeraora
|-damage|p2a: Zeraora|0 fnt
|faint|p2a: Zeraora
|-damage|p1a: Bisharp|75/100|[from] item: Life Orb
|
|win|drake'sprodigy
|raw|drake&apos;sprodigy's rating: 1576 &rarr; <strong>1601</strong><br />(+25 for winning)
|raw|Wheezer's rating: 1662 &rarr; <strong>1637</strong><br />(-25 for losing)
|l|☆Wheezer
|c|☆drake'sprodigy|gg
|l| LT_Alt1
|l|☆drake'sprodigy
|l| Shadestep
||Ladder isn't responding, score probably updated but might not have (Request timeout).
|l| Alejndro Sosa
