|j|☆savage14455
|j|☆Giltan
|t:|1660794965
|gametype|singles
|player|p1|savage14455|169|1574
|player|p2|Giltan|170|1572
|teamsize|p1|6
|teamsize|p2|6
|gen|8
|tier|[Gen 8] OU
|rated|
|rule|Sleep Clause Mod: Limit one foe put to sleep
|rule|Species Clause: Limit one of each Pokémon
|rule|OHKO Clause: OHKO moves are banned
|rule|Evasion Items Clause: Evasion items are banned
|rule|Evasion Moves Clause: Evasion moves are banned
|rule|Endless Battle Clause: Forcing endless battles is banned
|rule|HP Percentage Mod: HP is shown in percentages
|rule|Dynamax Clause: You cannot dynamax
|clearpoke
|poke|p1|Tyranitar, M|
|poke|p1|Excadrill, M|
|poke|p1|Volcanion|
|poke|p1|Amoonguss, M|
|poke|p1|Heatran, F|
|poke|p1|Skarmory, M|
|poke|p2|Landorus-Therian, M|
|poke|p2|Weavile, F|
|poke|p2|Ferrothorn, M|
|poke|p2|Zeraora|
|poke|p2|Blissey, F|
|poke|p2|Blacephalon|
|teampreview
|
|t:|1660794998
|start
|switch|p1a: Skarmory|Skarmory, M|100/100
|switch|p2a: Blacephalon|Blacephalon|100/100
|turn|1
|
|t:|1660795013
|switch|p1a: Tyranitar|Tyranitar, M|100/100
|-weather|Sandstorm|[from] ability: Sand Stream|[of] p1a: Tyranitar
|move|p2a: Blacephalon|Trick|p1a: Tyranitar
|-activate|p2a: Blacephalon|move: Trick|[of] p1a: Tyranitar
|-item|p1a: Tyranitar|Choice Specs|[from] move: Trick
|-item|p2a: Blacephalon|Choice Band|[from] move: Trick
|
|-weather|Sandstorm|[upkeep]
|-damage|p2a: Blacephalon|94/100|[from] Sandstorm
|upkeep
|turn|2
|
|t:|1660795019
|switch|p2a: Ferrothorn|Ferrothorn, M|100/100
|move|p1a: Tyranitar|Ice Punch|p2a: Ferrothorn
|-damage|p2a: Ferrothorn|84/100
|-damage|p1a: Tyranitar|88/100|[from] ability: Iron Barbs|[of] p2a: Ferrothorn
|-damage|p1a: Tyranitar|72/100|[from] item: Rocky Helmet|[of] p2a: Ferrothorn
|
|-weather|Sandstorm|[upkeep]
|upkeep
|turn|3
|
|t:|1660795027
|switch|p1a: Heatran|Heatran, F|100/100
|switch|p2a: Landorus|Landorus-Therian, M|100/100
|-ability|p2a: Landorus|Intimidate|boost
|-unboost|p1a: Heatran|atk|1
|
|-weather|Sandstorm|[upkeep]
|upkeep
|turn|4
|
|t:|1660795033
|move|p2a: Landorus|Stealth Rock|p1a: Heatran
|-sidestart|p1: savage14455|move: Stealth Rock
|move|p1a: Heatran|Magma Storm|p2a: Landorus|[miss]
|-miss|p1a: Heatran|p2a: Landorus
|
|-weather|Sandstorm|[upkeep]
|upkeep
|turn|5
|
|t:|1660795036
|switch|p1a: Skarmory|Skarmory, M|100/100
|-damage|p1a: Skarmory|88/100|[from] Stealth Rock
|move|p2a: Landorus|U-turn|p1a: Skarmory
|-resisted|p1a: Skarmory
|-damage|p1a: Skarmory|85/100
|-damage|p2a: Landorus|84/100|[from] item: Rocky Helmet|[of] p1a: Skarmory
|
|t:|1660795040
|switch|p2a: Blacephalon|Blacephalon|94/100|[from]move: U-turn
|
|-weather|none
|upkeep
|turn|6
|
|t:|1660795044
|switch|p1a: Tyranitar|Tyranitar, M|72/100
|-damage|p1a: Tyranitar|59/100|[from] Stealth Rock
|-weather|Sandstorm|[from] ability: Sand Stream|[of] p1a: Tyranitar
|move|p2a: Blacephalon|Flamethrower|p1a: Tyranitar
|-resisted|p1a: Tyranitar
|-damage|p1a: Tyranitar|43/100
|
|-weather|Sandstorm|[upkeep]
|-damage|p2a: Blacephalon|88/100|[from] Sandstorm
|upkeep
|turn|7
|
|t:|1660795053
|switch|p2a: Landorus|Landorus-Therian, M|84/100
|-ability|p2a: Landorus|Intimidate|boost
|-unboost|p1a: Tyranitar|atk|1
|move|p1a: Tyranitar|Ice Punch|p2a: Landorus
|-supereffective|p2a: Landorus
|-crit|p2a: Landorus
|-damage|p2a: Landorus|0 fnt
|faint|p2a: Landorus
|
|-weather|Sandstorm|[upkeep]
|upkeep
|c|☆Giltan|wp
|
|t:|1660795062
|switch|p2a: Zeraora|Zeraora|100/100
|turn|8
|c|☆savage14455|ty
|
|t:|1660795070
|switch|p1a: Amoonguss|Amoonguss, M|100/100
|-damage|p1a: Amoonguss|88/100|[from] Stealth Rock
|move|p2a: Zeraora|Knock Off|p1a: Amoonguss
|-damage|p1a: Amoonguss|62/100
|-enditem|p1a: Amoonguss|Black Sludge|[from] move: Knock Off|[of] p2a: Zeraora
|
|-weather|Sandstorm|[upkeep]
|-damage|p2a: Zeraora|95/100|[from] Sandstorm
|-damage|p1a: Amoonguss|55/100|[from] Sandstorm
|upkeep
|turn|9
|
|t:|1660795075
|switch|p2a: Ferrothorn|Ferrothorn, M|84/100
|move|p1a: Amoonguss|Spore|p2a: Ferrothorn
|-immune|p2a: Ferrothorn
|
|-weather|Sandstorm|[upkeep]
|-damage|p1a: Amoonguss|49/100|[from] Sandstorm
|upkeep
|turn|10
|
|t:|1660795083
|switch|p1a: Volcanion|Volcanion|100/100
|-damage|p1a: Volcanion|76/100|[from] Stealth Rock
|switch|p2a: Zeraora|Zeraora|95/100
|
|-weather|none
|upkeep
|turn|11
|
|t:|1660795092
|switch|p2a: Blacephalon|Blacephalon|88/100
|switch|p1a: Amoonguss|Amoonguss, M|82/100
|-damage|p1a: Amoonguss|70/100|[from] Stealth Rock
|
|upkeep
|turn|12
|c|☆Giltan|jeez
|c|☆Giltan|4 predicts consecutives
|
|t:|1660795113
|switch|p1a: Tyranitar|Tyranitar, M|43/100
|-damage|p1a: Tyranitar|30/100|[from] Stealth Rock
|-weather|Sandstorm|[from] ability: Sand Stream|[of] p1a: Tyranitar
|move|p2a: Blacephalon|Shadow Ball|p1a: Tyranitar
|-resisted|p1a: Tyranitar
|-damage|p1a: Tyranitar|15/100
|
|-weather|Sandstorm|[upkeep]
|-damage|p2a: Blacephalon|82/100|[from] Sandstorm
|upkeep
|turn|13
|
|t:|1660795122
|move|p2a: Blacephalon|Shadow Ball|p1a: Tyranitar
|-resisted|p1a: Tyranitar
|-damage|p1a: Tyranitar|0 fnt
|faint|p1a: Tyranitar
|-ability|p2a: Blacephalon|Beast Boost|boost
|-boost|p2a: Blacephalon|spa|1
|
|-weather|Sandstorm|[upkeep]
|-damage|p2a: Blacephalon|76/100|[from] Sandstorm
|upkeep
|
|t:|1660795124
|switch|p1a: Excadrill|Excadrill, M|100/100
|-damage|p1a: Excadrill|97/100|[from] Stealth Rock
|-item|p1a: Excadrill|Air Balloon
|turn|14
|
|t:|1660795133
|move|p1a: Excadrill|Earthquake|p2a: Blacephalon
|-supereffective|p2a: Blacephalon
|-damage|p2a: Blacephalon|0 fnt
|faint|p2a: Blacephalon
|
|-weather|Sandstorm|[upkeep]
|upkeep
|c|☆savage14455|got that one wrong tho
|
|t:|1660795139
|switch|p2a: Ferrothorn|Ferrothorn, M|84/100
|turn|15
|
|t:|1660795145
|switch|p1a: Skarmory|Skarmory, M|85/100
|-damage|p1a: Skarmory|73/100|[from] Stealth Rock
|move|p2a: Ferrothorn|Body Press|p1a: Skarmory
|-damage|p1a: Skarmory|55/100
|-damage|p2a: Ferrothorn|68/100|[from] item: Rocky Helmet|[of] p1a: Skarmory
|
|-weather|Sandstorm|[upkeep]
|upkeep
|turn|16
|
|t:|1660795150
|move|p1a: Skarmory|Roost|p1a: Skarmory
|-heal|p1a: Skarmory|100/100
|-singleturn|p1a: Skarmory|move: Roost
|move|p2a: Ferrothorn|Spikes|p1a: Skarmory
|-sidestart|p1: savage14455|Spikes
|
|-weather|none
|upkeep
|turn|17
|
|t:|1660795153
|move|p1a: Skarmory|Spikes|p2a: Ferrothorn
|-sidestart|p2: Giltan|Spikes
|move|p2a: Ferrothorn|Leech Seed|p1a: Skarmory
|-start|p1a: Skarmory|move: Leech Seed
|
|-damage|p1a: Skarmory|88/100|[from] Leech Seed|[of] p2a: Ferrothorn
|-heal|p2a: Ferrothorn|79/100|[silent]
|upkeep
|turn|18
|
|t:|1660795156
|move|p1a: Skarmory|Spikes|p2a: Ferrothorn
|-sidestart|p2: Giltan|Spikes
|move|p2a: Ferrothorn|Spikes|p1a: Skarmory
|-sidestart|p1: savage14455|Spikes
|
|-damage|p1a: Skarmory|76/100|[from] Leech Seed|[of] p2a: Ferrothorn
|-heal|p2a: Ferrothorn|91/100|[silent]
|upkeep
|turn|19
|
|t:|1660795160
|move|p1a: Skarmory|Spikes|p2a: Ferrothorn
|-sidestart|p2: Giltan|Spikes
|move|p2a: Ferrothorn|Knock Off|p1a: Skarmory
|-damage|p1a: Skarmory|63/100
|-damage|p2a: Ferrothorn|74/100|[from] item: Rocky Helmet|[of] p1a: Skarmory
|-enditem|p1a: Skarmory|Rocky Helmet|[from] move: Knock Off|[of] p2a: Ferrothorn
|
|-damage|p1a: Skarmory|51/100|[from] Leech Seed|[of] p2a: Ferrothorn
|-heal|p2a: Ferrothorn|86/100|[silent]
|upkeep
|turn|20
|
|t:|1660795167
|switch|p2a: Zeraora|Zeraora|95/100
|move|p1a: Skarmory|Roost|p1a: Skarmory
|-heal|p1a: Skarmory|100/100
|-singleturn|p1a: Skarmory|move: Roost
|
|-damage|p1a: Skarmory|88/100|[from] Leech Seed|[of] p2a: Zeraora
|-heal|p2a: Zeraora|100/100|[silent]
|upkeep
|turn|21
|
|t:|1660795174
|switch|p1a: Volcanion|Volcanion|76/100
|-damage|p1a: Volcanion|51/100|[from] Stealth Rock
|-damage|p1a: Volcanion|34/100|[from] Spikes
|move|p2a: Zeraora|Plasma Fists|p1a: Volcanion
|-supereffective|p1a: Volcanion
|-damage|p1a: Volcanion|0 fnt
|-fieldactivate|move: Ion Deluge
|-hint|Normal-type moves become Electric-type after using Plasma Fists.
|faint|p1a: Volcanion
|
|upkeep
|
|t:|1660795177
|switch|p1a: Amoonguss|Amoonguss, M|100/100
|-damage|p1a: Amoonguss|88/100|[from] Stealth Rock
|-damage|p1a: Amoonguss|71/100|[from] Spikes
|turn|22
|
|t:|1660795207
|switch|p2a: Ferrothorn|Ferrothorn, M|86/100
|-damage|p2a: Ferrothorn|61/100|[from] Spikes
|switch|p1a: Excadrill|Excadrill, M|97/100
|-damage|p1a: Excadrill|94/100|[from] Stealth Rock
|-item|p1a: Excadrill|Air Balloon
|
|upkeep
|turn|23
|
|t:|1660795210
|move|p1a: Excadrill|Rapid Spin|p2a: Ferrothorn
|-resisted|p2a: Ferrothorn
|-damage|p2a: Ferrothorn|56/100
|-boost|p1a: Excadrill|spe|1
|-damage|p1a: Excadrill|82/100|[from] ability: Iron Barbs|[of] p2a: Ferrothorn
|-damage|p1a: Excadrill|65/100|[from] item: Rocky Helmet|[of] p2a: Ferrothorn
|-sideend|p1: savage14455|Spikes|[from] move: Rapid Spin|[of] p1a: Excadrill
|-sideend|p1: savage14455|Stealth Rock|[from] move: Rapid Spin|[of] p1a: Excadrill
|move|p2a: Ferrothorn|Body Press|p1a: Excadrill
|-supereffective|p1a: Excadrill
|-damage|p1a: Excadrill|0 fnt
|-enditem|p1a: Excadrill|Air Balloon
|faint|p1a: Excadrill
|
|upkeep
|
|t:|1660795214
|switch|p1a: Heatran|Heatran, F|100/100
|turn|24
|
|t:|1660795235
|move|p1a: Heatran|Magma Storm|p2a: Ferrothorn|[miss]
|-miss|p1a: Heatran|p2a: Ferrothorn
|move|p2a: Ferrothorn|Body Press|p1a: Heatran
|-supereffective|p1a: Heatran
|-damage|p1a: Heatran|50/100
|
|-heal|p1a: Heatran|56/100|[from] item: Leftovers
|upkeep
|turn|25
|c|☆Giltan|sorry!
|
|t:|1660795243
|move|p1a: Heatran|Magma Storm|p2a: Ferrothorn|[miss]
|-miss|p1a: Heatran|p2a: Ferrothorn
|move|p2a: Ferrothorn|Body Press|p1a: Heatran
|-supereffective|p1a: Heatran
|-damage|p1a: Heatran|2/100
|
|-heal|p1a: Heatran|8/100|[from] item: Leftovers
|upkeep
|turn|26
|c|☆savage14455|all good
|c|☆Giltan|!
|
|t:|1660795252
|move|p1a: Heatran|Magma Storm|p2a: Ferrothorn
|-supereffective|p2a: Ferrothorn
|-damage|p2a: Ferrothorn|0 fnt
|faint|p2a: Ferrothorn
|
|-heal|p1a: Heatran|14/100|[from] item: Leftovers
|upkeep
|c|☆savage14455|game we play
|c|☆Giltan|yep
|c|☆Giltan|thats why istopped playing heatran
|c|☆Giltan|XD
|
|t:|1660795289
|switch|p2a: Blissey|Blissey, F|100/100
|turn|27
|c|☆savage14455|I got tired of losing to lele
|
|t:|1660795297
|move|p1a: Heatran|Taunt|p2a: Blissey
|-start|p2a: Blissey|move: Taunt
|move|p2a: Blissey|Seismic Toss|p1a: Heatran
|-damage|p1a: Heatran|0 fnt
|faint|p1a: Heatran
|
|upkeep
|
|t:|1660795299
|switch|p1a: Skarmory|Skarmory, M|88/100
|turn|28
|
|t:|1660795309
|move|p1a: Skarmory|Body Press|p2a: Blissey
|-supereffective|p2a: Blissey
|-damage|p2a: Blissey|46/100
|move|p2a: Blissey|Seismic Toss|p1a: Skarmory
|-damage|p1a: Skarmory|58/100
|
|upkeep
|turn|29
|
|t:|1660795312
|switch|p2a: Zeraora|Zeraora|100/100
|move|p1a: Skarmory|Body Press|p2a: Zeraora
|-damage|p2a: Zeraora|57/100
|
|upkeep
|turn|30
|
|t:|1660795316
|switch|p2a: Weavile|Weavile, F|100/100
|-ability|p2a: Weavile|Pressure
|switch|p1a: Amoonguss|Amoonguss, M|100/100
|
|upkeep
|turn|31
|
|t:|1660795321
|move|p2a: Weavile|Triple Axel|p1a: Amoonguss
|-supereffective|p1a: Amoonguss
|-crit|p1a: Amoonguss
|-damage|p1a: Amoonguss|77/100
|-supereffective|p1a: Amoonguss
|-damage|p1a: Amoonguss|45/100
|-supereffective|p1a: Amoonguss
|-damage|p1a: Amoonguss|0 fnt
|faint|p1a: Amoonguss
|-hitcount|p1: Amoonguss|3
|
|upkeep
|
|t:|1660795324
|switch|p1a: Skarmory|Skarmory, M|58/100
|turn|32
|
|t:|1660795331
|move|p2a: Weavile|Triple Axel|p1a: Skarmory
|-damage|p1a: Skarmory|52/100
|-damage|p1a: Skarmory|39/100
|-damage|p1a: Skarmory|22/100
|-hitcount|p1a: Skarmory|3
|move|p1a: Skarmory|Roost|p1a: Skarmory
|-heal|p1a: Skarmory|72/100
|-singleturn|p1a: Skarmory|move: Roost
|
|upkeep
|turn|33
|
|t:|1660795334
|move|p2a: Weavile|Swords Dance|p2a: Weavile
|-boost|p2a: Weavile|atk|2
|move|p1a: Skarmory|Body Press|p2a: Weavile
|-supereffective|p2a: Weavile
|-damage|p2a: Weavile|0 fnt
|faint|p2a: Weavile
|
|upkeep
|
|t:|1660795338
|switch|p2a: Zeraora|Zeraora|57/100
|turn|34
|
|t:|1660795341
|move|p2a: Zeraora|Plasma Fists|p1a: Skarmory
|-supereffective|p1a: Skarmory
|-damage|p1a: Skarmory|14/100
|-fieldactivate|move: Ion Deluge
|-hint|Normal-type moves become Electric-type after using Plasma Fists.
|move|p1a: Skarmory|Body Press|p2a: Zeraora
|-damage|p2a: Zeraora|15/100
|
|upkeep
|turn|35
|c|☆Giltan|gg
|
|t:|1660795348
|move|p2a: Zeraora|Plasma Fists|p1a: Skarmory
|-supereffective|p1a: Skarmory
|-damage|p1a: Skarmory|0 fnt
|-fieldactivate|move: Ion Deluge
|-hint|Normal-type moves become Electric-type after using Plasma Fists.
|faint|p1a: Skarmory
|
|win|Giltan
|raw|savage14455's rating: 1574 &rarr; <strong>1554</strong><br />(-20 for losing)
|raw|Giltan's rating: 1572 &rarr; <strong>1592</strong><br />(+20 for winning)
|c|☆savage14455|gg
|l|☆savage14455
|l|☆Giltan
|j|☆Giltan
|player|p2|Giltan|170
||Ladder isn't responding, score probably updated but might not have (Request timeout).
