|raw|<div class="broadcast-blue"><strong>This battle is required to be public due to a player having a name starting with 'lt94je'.</div>
|j|☆Shootingwolf
|j|☆lt94je cuzzie
|t:|1661233866
|gametype|singles
|player|p1|Shootingwolf|lass|1594
|player|p2|lt94je cuzzie|lusamine-nihilego|1658
|teamsize|p1|6
|teamsize|p2|6
|gen|8
|tier|[Gen 8] OU
|rated|
|rule|Sleep Clause Mod: Limit one foe put to sleep
|rule|Species Clause: Limit one of each Pokémon
|rule|OHKO Clause: OHKO moves are banned
|rule|Evasion Items Clause: Evasion items are banned
|rule|Evasion Moves Clause: Evasion moves are banned
|rule|Endless Battle Clause: Forcing endless battles is banned
|rule|HP Percentage Mod: HP is shown in percentages
|rule|Dynamax Clause: You cannot dynamax
|clearpoke
|poke|p1|Nidoking, M|
|poke|p1|Urshifu-*, F|
|poke|p1|Dragapult, M|
|poke|p1|Clefable, M|
|poke|p1|Heatran, M|
|poke|p1|Tornadus-Therian, M|
|poke|p2|Glastrier|
|poke|p2|Victini|
|poke|p2|Slowking-Galar, M|
|poke|p2|Landorus-Therian, M|
|poke|p2|Mantine, M|
|poke|p2|Heatran, M|
|teampreview
|inactive|Battle timer is ON: inactive players will automatically lose when time's up. (requested by lt94je cuzzie)
|j| Yuipo
|inactive|Shootingwolf has 120 seconds left.
|inactive|Shootingwolf has 90 seconds left.
|
|t:|1661233942
|start
|switch|p1a: Urshifu|Urshifu-Rapid-Strike, F|100/100
|switch|p2a: whoa whoa|Victini|100/100
|turn|1
|
|t:|1661233958
|switch|p2a: missed me?|Mantine, M|100/100
|move|p1a: Urshifu|Aqua Jet|p2a: missed me?
|-immune|p2a: missed me?|[from] ability: Water Absorb
|
|upkeep
|turn|2
|
|t:|1661233967
|switch|p1a: Tornadus|Tornadus-Therian, M|100/100
|switch|p2a: GetIceCreamed|Glastrier|100/100
|
|upkeep
|turn|3
|j| PSaddict123
|
|t:|1661233970
|move|p1a: Tornadus|U-turn|p2a: GetIceCreamed
|-damage|p2a: GetIceCreamed|91/100
|
|t:|1661233972
|switch|p1a: Clefable|Clefable, M|100/100|[from]move: U-turn
|move|p2a: GetIceCreamed|Icicle Spear|p1a: Clefable
|-damage|p1a: Clefable|90/100
|-damage|p1a: Clefable|80/100
|-hitcount|p1a: Clefable|2
|
|-heal|p2a: GetIceCreamed|97/100|[from] item: Leftovers
|-heal|p1a: Clefable|86/100|[from] item: Leftovers
|upkeep
|turn|4
|c|☆lt94je cuzzie|lol
|
|t:|1661233978
|switch|p1a: Nidoking|Nidoking, M|100/100
|move|p2a: GetIceCreamed|Substitute|p2a: GetIceCreamed
|-start|p2a: GetIceCreamed|Substitute
|-damage|p2a: GetIceCreamed|72/100
|
|-heal|p2a: GetIceCreamed|78/100|[from] item: Leftovers
|upkeep
|turn|5
|
|t:|1661233983
|switch|p1a: Urshifu|Urshifu-Rapid-Strike, F|100/100
|move|p2a: GetIceCreamed|Icicle Spear|p1a: Urshifu
|-resisted|p1a: Urshifu
|-damage|p1a: Urshifu|94/100
|-resisted|p1a: Urshifu
|-damage|p1a: Urshifu|89/100
|-resisted|p1a: Urshifu
|-damage|p1a: Urshifu|83/100
|-resisted|p1a: Urshifu
|-damage|p1a: Urshifu|77/100
|-hitcount|p1a: Urshifu|4
|
|-heal|p2a: GetIceCreamed|85/100|[from] item: Leftovers
|upkeep
|turn|6
|c| Yuipo|2-hit wonder
|
|t:|1661233991
|move|p1a: Urshifu|U-turn|p2a: GetIceCreamed
|-end|p2a: GetIceCreamed|Substitute
|c| Yuipo|i tell u-
|c| Yuipo|o
|
|t:|1661233994
|switch|p1a: Dragapult|Dragapult, M|100/100|[from]move: U-turn
|move|p2a: GetIceCreamed|High Horsepower|p1a: Dragapult
|-damage|p1a: Dragapult|61/100
|
|-heal|p2a: GetIceCreamed|91/100|[from] item: Leftovers
|upkeep
|turn|7
|c| Yuipo|he did 4
|c| Yuipo|gj
|
|t:|1661234001
|switch|p2a: Landorus|Landorus-Therian, M|100/100
|-ability|p2a: Landorus|Intimidate|boost
|-unboost|p1a: Dragapult|atk|1
|move|p1a: Dragapult|Shadow Ball|p2a: Landorus
|-damage|p2a: Landorus|61/100
|
|-heal|p2a: Landorus|67/100|[from] item: Leftovers
|upkeep
|turn|8
|
|t:|1661234009
|move|p1a: Dragapult|Shadow Ball|p2a: Landorus
|-damage|p2a: Landorus|22/100
|move|p2a: Landorus|Toxic|p1a: Dragapult
|-status|p1a: Dragapult|tox
|
|-heal|p2a: Landorus|28/100|[from] item: Leftovers
|-damage|p1a: Dragapult|55/100 tox|[from] psn
|upkeep
|turn|9
|
|t:|1661234013
|switch|p2a: missed me?|Mantine, M|100/100
|move|p1a: Dragapult|Shadow Ball|p2a: missed me?
|-damage|p2a: missed me?|65/100
|
|-damage|p1a: Dragapult|43/100 tox|[from] psn
|upkeep
|turn|10
|
|t:|1661234020
|switch|p1a: 1919|Heatran, M|100/100
|move|p2a: missed me?|Roost|p2a: missed me?
|-heal|p2a: missed me?|100/100
|-singleturn|p2a: missed me?|move: Roost
|
|upkeep
|turn|11
|
|t:|1661234026
|move|p1a: 1919|Stealth Rock|p2a: missed me?
|-sidestart|p2: lt94je cuzzie|move: Stealth Rock
|move|p2a: missed me?|Scald|p1a: 1919
|-supereffective|p1a: 1919
|-damage|p1a: 1919|72/100
|
|-heal|p1a: 1919|78/100|[from] item: Leftovers
|upkeep
|turn|12
|
|t:|1661234030
|switch|p1a: Tornadus|Tornadus-Therian, M|100/100
|move|p2a: missed me?|Scald|p1a: Tornadus
|-damage|p1a: Tornadus|79/100
|
|upkeep
|turn|13
|
|t:|1661234034
|move|p1a: Tornadus|Knock Off|p2a: missed me?
|-damage|p2a: missed me?|82/100
|-enditem|p2a: missed me?|Heavy-Duty Boots|[from] move: Knock Off|[of] p1a: Tornadus
|move|p2a: missed me?|Defog|p1a: Tornadus
|-unboost|p1a: Tornadus|evasion|1
|-sideend|p2: lt94je cuzzie|Stealth Rock|[from] move: Defog|[of] p2a: missed me?
|
|upkeep
|turn|14
|
|t:|1661234038
|move|p1a: Tornadus|U-turn|p2a: missed me?
|-resisted|p2a: missed me?
|-damage|p2a: missed me?|75/100
|
|t:|1661234041
|switch|p1a: 1919|Heatran, M|78/100|[from]move: U-turn
|move|p2a: missed me?|Scald|p1a: 1919
|-supereffective|p1a: 1919
|-damage|p1a: 1919|46/100
|
|-heal|p1a: 1919|52/100|[from] item: Leftovers
|upkeep
|turn|15
|
|t:|1661234054
|move|p1a: 1919|Stealth Rock|p2a: missed me?
|-sidestart|p2: lt94je cuzzie|move: Stealth Rock
|move|p2a: missed me?|Scald|p1a: 1919
|-supereffective|p1a: 1919
|-damage|p1a: 1919|25/100
|
|-heal|p1a: 1919|31/100|[from] item: Leftovers
|upkeep
|turn|16
|
|t:|1661234061
|move|p1a: 1919|Will-O-Wisp|p2a: missed me?
|-status|p2a: missed me?|brn
|move|p2a: missed me?|Scald|p1a: 1919
|-supereffective|p1a: 1919
|-damage|p1a: 1919|2/100
|
|-heal|p1a: 1919|8/100|[from] item: Leftovers
|-damage|p2a: missed me?|68/100 brn|[from] brn
|upkeep
|turn|17
|
|t:|1661234069
|move|p1a: 1919|Magma Storm|p2a: missed me?
|-resisted|p2a: missed me?
|-damage|p2a: missed me?|55/100 brn
|-activate|p2a: missed me?|move: Magma Storm|[of] p1a: 1919
|move|p2a: missed me?|Defog|p1a: 1919
|-unboost|p1a: 1919|evasion|1
|-sideend|p2: lt94je cuzzie|Stealth Rock|[from] move: Defog|[of] p2a: missed me?
|
|-heal|p1a: 1919|14/100|[from] item: Leftovers
|-damage|p2a: missed me?|49/100 brn|[from] brn
|-damage|p2a: missed me?|37/100 brn|[from] move: Magma Storm|[partiallytrapped]
|upkeep
|turn|18
|c| Yuipo|mantine so diligent
|
|t:|1661234075
|move|p1a: 1919|Stealth Rock|p2a: missed me?
|-sidestart|p2: lt94je cuzzie|move: Stealth Rock
|move|p2a: missed me?|Roost|p2a: missed me?
|-heal|p2a: missed me?|87/100 brn
|-singleturn|p2a: missed me?|move: Roost
|
|-heal|p1a: 1919|20/100|[from] item: Leftovers
|-damage|p2a: missed me?|81/100 brn|[from] brn
|-damage|p2a: missed me?|68/100 brn|[from] move: Magma Storm|[partiallytrapped]
|upkeep
|turn|19
|
|t:|1661234083
|move|p1a: 1919|Magma Storm|p2a: missed me?
|-resisted|p2a: missed me?
|-damage|p2a: missed me?|56/100 brn
|move|p2a: missed me?|Roost|p2a: missed me?
|-heal|p2a: missed me?|100/100 brn
|-singleturn|p2a: missed me?|move: Roost
|
|-heal|p1a: 1919|26/100|[from] item: Leftovers
|-damage|p2a: missed me?|94/100 brn|[from] brn
|-damage|p2a: missed me?|82/100 brn|[from] move: Magma Storm|[partiallytrapped]
|upkeep
|turn|20
|
|t:|1661234096
|switch|p1a: Clefable|Clefable, M|86/100
|move|p2a: missed me?|Scald|p1a: Clefable
|-damage|p1a: Clefable|65/100
|
|-heal|p1a: Clefable|71/100|[from] item: Leftovers
|-damage|p2a: missed me?|76/100 brn|[from] brn
|-end|p2a: missed me?|Magma Storm|[partiallytrapped]|[silent]
|upkeep
|turn|21
|
|t:|1661234103
|move|p2a: missed me?|Defog|p1a: Clefable
|-unboost|p1a: Clefable|evasion|1
|-sideend|p2: lt94je cuzzie|Stealth Rock|[from] move: Defog|[of] p2a: missed me?
|move|p1a: Clefable|Moonblast|p2a: missed me?
|-damage|p2a: missed me?|58/100 brn
|
|-heal|p1a: Clefable|77/100|[from] item: Leftovers
|-damage|p2a: missed me?|52/100 brn|[from] brn
|upkeep
|turn|22
|
|t:|1661234108
|move|p2a: missed me?|Roost|p2a: missed me?
|-heal|p2a: missed me?|100/100 brn
|-singleturn|p2a: missed me?|move: Roost
|move|p1a: Clefable|Calm Mind|p1a: Clefable
|-boost|p1a: Clefable|spa|1
|-boost|p1a: Clefable|spd|1
|
|-heal|p1a: Clefable|83/100|[from] item: Leftovers
|-damage|p2a: missed me?|94/100 brn|[from] brn
|upkeep
|turn|23
|c| Yuipo|ah
|
|t:|1661234117
|switch|p2a: whoa whoa|Victini|100/100
|move|p1a: Clefable|Moonblast|p2a: whoa whoa
|-resisted|p2a: whoa whoa
|-damage|p2a: whoa whoa|79/100
|
|-heal|p1a: Clefable|89/100|[from] item: Leftovers
|upkeep
|turn|24
|
|t:|1661234122
|switch|p1a: 1919|Heatran, M|26/100
|move|p2a: whoa whoa|Trick|p1a: 1919
|-activate|p2a: whoa whoa|move: Trick|[of] p1a: 1919
|-item|p1a: 1919|Choice Scarf|[from] move: Trick
|-item|p2a: whoa whoa|Leftovers|[from] move: Trick
|
|-heal|p2a: whoa whoa|85/100|[from] item: Leftovers
|upkeep
|turn|25
|
|t:|1661234129
|move|p2a: whoa whoa|U-turn|p1a: 1919
|-resisted|p1a: 1919
|-damage|p1a: 1919|22/100
|
|t:|1661234131
|switch|p2a: Landorus|Landorus-Therian, M|28/100|[from]move: U-turn
|-ability|p2a: Landorus|Intimidate|boost
|-unboost|p1a: 1919|atk|1
|move|p1a: 1919|Stealth Rock|p2a: Landorus
|-sidestart|p2: lt94je cuzzie|move: Stealth Rock
|
|-heal|p2a: Landorus|34/100|[from] item: Leftovers
|upkeep
|turn|26
|c| Yuipo|ah
|
|t:|1661234153
|switch|p1a: Tornadus|Tornadus-Therian, M|100/100
|move|p2a: Landorus|Defog|p1a: Tornadus
|-unboost|p1a: Tornadus|evasion|1
|-sideend|p2: lt94je cuzzie|Stealth Rock|[from] move: Defog|[of] p2a: Landorus
|
|-heal|p2a: Landorus|40/100|[from] item: Leftovers
|upkeep
|turn|27
|inactive|lt94je cuzzie has 120 seconds left.
|
|t:|1661234184
|move|p1a: Tornadus|Icy Wind|p2a: Landorus
|-supereffective|p2a: Landorus
|-damage|p2a: Landorus|0 fnt
|faint|p2a: Landorus
|
|upkeep
|inactive|lt94je cuzzie has 120 seconds left.
|
|t:|1661234191
|switch|p2a: GetIceCreamed|Glastrier|91/100
|turn|28
|
|t:|1661234204
|move|p1a: Tornadus|Knock Off|p2a: GetIceCreamed
|-damage|p2a: GetIceCreamed|78/100
|-enditem|p2a: GetIceCreamed|Leftovers|[from] move: Knock Off|[of] p1a: Tornadus
|move|p2a: GetIceCreamed|Icicle Spear|p1a: Tornadus
|-supereffective|p1a: Tornadus
|-damage|p1a: Tornadus|75/100
|-supereffective|p1a: Tornadus
|-damage|p1a: Tornadus|50/100
|-supereffective|p1a: Tornadus
|-damage|p1a: Tornadus|25/100
|-supereffective|p1a: Tornadus
|-damage|p1a: Tornadus|0 fnt
|faint|p1a: Tornadus
|-ability|p2a: GetIceCreamed|Chilling Neigh|boost
|-boost|p2a: GetIceCreamed|atk|1
|-hitcount|p1: Tornadus|4
|
|upkeep
|c|☆lt94je cuzzie|WOW
|
|t:|1661234210
|switch|p1a: Urshifu|Urshifu-Rapid-Strike, F|77/100
|turn|29
|c|☆lt94je cuzzie|good boy
|
|t:|1661234216
|switch|p2a: Slowking|Slowking-Galar, M|100/100
|move|p1a: Urshifu|Close Combat|p2a: Slowking
|-resisted|p2a: Slowking
|-damage|p2a: Slowking|77/100
|-unboost|p1a: Urshifu|def|1
|-unboost|p1a: Urshifu|spd|1
|
|upkeep
|turn|30
|
|t:|1661234229
|switch|p1a: 1919|Heatran, M|22/100
|move|p2a: Slowking|Scald|p1a: 1919
|-supereffective|p1a: 1919
|-damage|p1a: 1919|0 fnt
|faint|p1a: 1919
|
|upkeep
|
|t:|1661234233
|switch|p1a: Nidoking|Nidoking, M|100/100
|turn|31
|
|t:|1661234245
|move|p1a: Nidoking|Stealth Rock|p2a: Slowking
|-sidestart|p2: lt94je cuzzie|move: Stealth Rock
|move|p2a: Slowking|Scald|p1a: Nidoking
|-supereffective|p1a: Nidoking
|-damage|p1a: Nidoking|39/100
|
|upkeep
|turn|32
|
|t:|1661234251
|move|p1a: Nidoking|Earth Power|p2a: Slowking
|-supereffective|p2a: Slowking
|-damage|p2a: Slowking|22/100
|move|p2a: Slowking|Scald|p1a: Nidoking
|-supereffective|p1a: Nidoking
|-damage|p1a: Nidoking|0 fnt
|faint|p1a: Nidoking
|
|upkeep
|
|t:|1661234254
|switch|p1a: Dragapult|Dragapult, M|43/100 tox
|turn|33
|
|t:|1661234259
|switch|p2a: Heatran|Heatran, M|100/100
|-damage|p2a: Heatran|88/100|[from] Stealth Rock
|move|p1a: Dragapult|Shadow Ball|p2a: Heatran
|-damage|p2a: Heatran|43/100
|
|-heal|p2a: Heatran|49/100|[from] item: Leftovers
|-damage|p1a: Dragapult|37/100 tox|[from] psn
|upkeep
|turn|34
|
|t:|1661234270
|move|p1a: Dragapult|Shadow Ball|p2a: Heatran
|-damage|p2a: Heatran|0 fnt
|faint|p2a: Heatran
|
|-damage|p1a: Dragapult|25/100 tox|[from] psn
|upkeep
|
|t:|1661234274
|switch|p2a: missed me?|Mantine, M|94/100 brn
|-damage|p2a: missed me?|69/100 brn|[from] Stealth Rock
|turn|35
|
|t:|1661234279
|switch|p1a: Clefable|Clefable, M|89/100
|move|p2a: missed me?|Defog|p1a: Clefable
|-unboost|p1a: Clefable|evasion|1
|-sideend|p2: lt94je cuzzie|Stealth Rock|[from] move: Defog|[of] p2a: missed me?
|
|-heal|p1a: Clefable|95/100|[from] item: Leftovers
|-damage|p2a: missed me?|63/100 brn|[from] brn
|upkeep
|turn|36
|c| Yuipo|omy the tine endgame
|
|t:|1661234284
|switch|p2a: Slowking|Slowking-Galar, M|55/100
|switch|p1a: Urshifu|Urshifu-Rapid-Strike, F|77/100
|
|upkeep
|turn|37
|
|t:|1661234289
|switch|p2a: GetIceCreamed|Glastrier|78/100
|move|p1a: Urshifu|U-turn|p2a: GetIceCreamed
|-damage|p2a: GetIceCreamed|54/100
|
|t:|1661234294
|switch|p1a: Dragapult|Dragapult, M|25/100 tox|[from]move: U-turn
|
|-damage|p1a: Dragapult|19/100 tox|[from] psn
|upkeep
|turn|38
|
|t:|1661234298
|switch|p2a: Slowking|Slowking-Galar, M|88/100
|move|p1a: Dragapult|Draco Meteor|p2a: Slowking
|-damage|p2a: Slowking|48/100
|-unboost|p1a: Dragapult|spa|2
|
|-damage|p1a: Dragapult|7/100 tox|[from] psn
|upkeep
|turn|39
|
|t:|1661234304
|move|p1a: Dragapult|Draco Meteor|p2a: Slowking
|-crit|p2a: Slowking
|-damage|p2a: Slowking|0 fnt
|-unboost|p1a: Dragapult|spa|2
|faint|p2a: Slowking
|
|-damage|p1a: Dragapult|0 fnt|[from] psn
|faint|p1a: Dragapult
|upkeep
|c| Yuipo|git crit son
|c|☆Shootingwolf|sb
|
|t:|1661234331
|switch|p1a: Urshifu|Urshifu-Rapid-Strike, F|77/100
|switch|p2a: whoa whoa|Victini|85/100
|turn|40
|inactive|lt94je cuzzie has 120 seconds left.
|
|t:|1661234366
|move|p2a: whoa whoa|Bolt Strike|p1a: Urshifu
|-supereffective|p1a: Urshifu
|-damage|p1a: Urshifu|0 fnt
|faint|p1a: Urshifu
|
|-heal|p2a: whoa whoa|91/100|[from] item: Leftovers
|upkeep
|c|☆lt94je cuzzie|oh
|c|☆lt94je cuzzie|well then
|
|t:|1661234372
|switch|p1a: Clefable|Clefable, M|95/100
|turn|41
|
|t:|1661234377
|move|p2a: whoa whoa|V-create|p1a: Clefable
|-damage|p1a: Clefable|30/100
|-unboost|p2a: whoa whoa|spe|1
|-unboost|p2a: whoa whoa|def|1
|-unboost|p2a: whoa whoa|spd|1
|move|p1a: Clefable|Soft-Boiled|p1a: Clefable
|-heal|p1a: Clefable|80/100
|
|-heal|p2a: whoa whoa|97/100|[from] item: Leftovers
|-heal|p1a: Clefable|87/100|[from] item: Leftovers
|upkeep
|turn|42
|
|t:|1661234384
|move|p2a: whoa whoa|Bolt Strike|p1a: Clefable
|-damage|p1a: Clefable|56/100
|move|p1a: Clefable|Soft-Boiled|p1a: Clefable
|-heal|p1a: Clefable|100/100
|
|-heal|p2a: whoa whoa|100/100|[from] item: Leftovers
|upkeep
|turn|43
|
|t:|1661234390
|move|p2a: whoa whoa|Bolt Strike|p1a: Clefable
|-damage|p1a: Clefable|71/100
|-status|p1a: Clefable|par
|move|p1a: Clefable|Soft-Boiled|p1a: Clefable
|-heal|p1a: Clefable|100/100 par
|
|upkeep
|turn|44
|
|t:|1661234394
|move|p2a: whoa whoa|Bolt Strike|p1a: Clefable
|-damage|p1a: Clefable|72/100 par
|cant|p1a: Clefable|par
|
|-heal|p1a: Clefable|78/100 par|[from] item: Leftovers
|upkeep
|turn|45
|-message|Shootingwolf forfeited.
|
|win|lt94je cuzzie
|raw|Shootingwolf's rating: 1594 &rarr; <strong>1578</strong><br />(-16 for losing)
|raw|lt94je cuzzie's rating: 1658 &rarr; <strong>1674</strong><br />(+16 for winning)
|l|☆Shootingwolf
|l|☆lt94je cuzzie
|c| Yuipo|broom
