|j|☆ga_li power
|j|☆tolstoy
|t:|1643162984
|gametype|singles
|player|p1|ga_li power|266|1477
|player|p2|tolstoy|wallace-gen6|1610
|teamsize|p1|6
|teamsize|p2|6
|gen|8
|tier|[Gen 8] OU
|rated|
|rule|Sleep Clause Mod: Limit one foe put to sleep
|rule|Species Clause: Limit one of each Pokémon
|rule|OHKO Clause: OHKO moves are banned
|rule|Evasion Moves Clause: Evasion moves are banned
|rule|Endless Battle Clause: Forcing endless battles is banned
|rule|HP Percentage Mod: HP is shown in percentages
|rule|Dynamax Clause: You cannot dynamax
|clearpoke
|poke|p1|Tyranitar, F|
|poke|p1|Dracozolt|
|poke|p1|Zapdos|
|poke|p1|Hippowdon, F|
|poke|p1|Melmetal|
|poke|p1|Slowbro, M|
|poke|p2|Dragapult, F|
|poke|p2|Kartana|
|poke|p2|Bisharp, F|
|poke|p2|Melmetal|
|poke|p2|Weavile, M|
|poke|p2|Landorus-Therian, M|
|teampreview
|inactive|Battle timer is ON: inactive players will automatically lose when time's up. (requested by tolstoy)
|
|t:|1643163001
|start
|switch|p1a: Tyranitar|Tyranitar, F, shiny|100/100
|switch|p2a: Bisharp|Bisharp, F|100/100
|-weather|Sandstorm|[from] ability: Sand Stream|[of] p1a: Tyranitar
|turn|1
|
|t:|1643163006
|move|p2a: Bisharp|Beat Up|p1a: Tyranitar
|-resisted|p1a: Tyranitar
|-damage|p1a: Tyranitar|94/100
|-resisted|p1a: Tyranitar
|-damage|p1a: Tyranitar|84/100
|-resisted|p1a: Tyranitar
|-damage|p1a: Tyranitar|77/100
|-resisted|p1a: Tyranitar
|-damage|p1a: Tyranitar|70/100
|-resisted|p1a: Tyranitar
|-damage|p1a: Tyranitar|63/100
|-resisted|p1a: Tyranitar
|-damage|p1a: Tyranitar|55/100
|-hitcount|p1a: Tyranitar|6
|move|p1a: Tyranitar|Fire Punch|p2a: Bisharp
|-supereffective|p2a: Bisharp
|-damage|p2a: Bisharp|0 fnt
|faint|p2a: Bisharp
|
|-weather|Sandstorm|[upkeep]
|upkeep
|
|t:|1643163017
|switch|p2a: Dragapult|Dragapult, F|100/100
|turn|2
|
|t:|1643163024
|switch|p1a: Melmetal|Melmetal, shiny|100/100
|move|p2a: Dragapult|Dragon Darts|p1a: Melmetal
|-resisted|p1a: Melmetal
|-damage|p1a: Melmetal|89/100
|-anim|p2a: Dragapult|Dragon Darts|p1a: Melmetal
|-resisted|p1a: Melmetal
|-crit|p1a: Melmetal
|-damage|p1a: Melmetal|72/100
|
|-weather|Sandstorm|[upkeep]
|-damage|p2a: Dragapult|95/100|[from] Sandstorm
|upkeep
|turn|3
|
|t:|1643163032
|switch|p2a: Melmetal|Melmetal|100/100
|move|p1a: Melmetal|Double Iron Bash|p2a: Melmetal
|-resisted|p2a: Melmetal
|-damage|p2a: Melmetal|83/100
|-resisted|p2a: Melmetal
|-crit|p2a: Melmetal
|-damage|p2a: Melmetal|58/100
|-hitcount|p2a: Melmetal|2
|
|-weather|Sandstorm|[upkeep]
|upkeep
|turn|4
|
|t:|1643163039
|move|p1a: Melmetal|Double Iron Bash|p2a: Melmetal
|-resisted|p2a: Melmetal
|-damage|p2a: Melmetal|41/100
|-resisted|p2a: Melmetal
|-damage|p2a: Melmetal|24/100
|-hitcount|p2a: Melmetal|2
|cant|p2a: Melmetal|flinch
|
|-weather|Sandstorm|[upkeep]
|upkeep
|turn|5
|
|t:|1643163045
|move|p1a: Melmetal|Double Iron Bash|p2a: Melmetal
|-resisted|p2a: Melmetal
|-damage|p2a: Melmetal|6/100
|-resisted|p2a: Melmetal
|-damage|p2a: Melmetal|0 fnt
|faint|p2a: Melmetal
|-hitcount|p2: Melmetal|2
|
|-weather|none
|upkeep
|
|t:|1643163048
|switch|p2a: Landorus|Landorus-Therian, M|100/100
|-ability|p2a: Landorus|Intimidate|boost
|-unboost|p1a: Melmetal|atk|1
|turn|6
|
|t:|1643163053
|switch|p1a: Hippowdon|Hippowdon, F, shiny|100/100
|-weather|Sandstorm|[from] ability: Sand Stream|[of] p1a: Hippowdon
|move|p2a: Landorus|Stealth Rock|p1a: Hippowdon
|-sidestart|p1: ga_li power|move: Stealth Rock
|
|-weather|Sandstorm|[upkeep]
|upkeep
|turn|7
|
|t:|1643163061
|move|p2a: Landorus|U-turn|p1a: Hippowdon
|-damage|p1a: Hippowdon|86/100
|
|t:|1643163067
|switch|p2a: Weavile|Weavile, M|100/100|[from]move: U-turn
|-ability|p2a: Weavile|Pressure
|move|p1a: Hippowdon|Toxic|p2a: Weavile
|-status|p2a: Weavile|tox
|
|-weather|Sandstorm|[upkeep]
|-damage|p2a: Weavile|94/100 tox|[from] Sandstorm
|-damage|p2a: Weavile|88/100 tox|[from] psn
|upkeep
|turn|8
|
|t:|1643163072
|move|p2a: Weavile|Triple Axel|p1a: Hippowdon
|-supereffective|p1a: Hippowdon
|-damage|p1a: Hippowdon|64/100
|-supereffective|p1a: Hippowdon
|-damage|p1a: Hippowdon|22/100
|-supereffective|p1a: Hippowdon
|-damage|p1a: Hippowdon|0 fnt
|faint|p1a: Hippowdon
|-hitcount|p1: Hippowdon|3
|
|-weather|Sandstorm|[upkeep]
|-damage|p2a: Weavile|82/100 tox|[from] Sandstorm
|-damage|p2a: Weavile|70/100 tox|[from] psn
|upkeep
|
|t:|1643163079
|switch|p1a: Dracozolt|Dracozolt, shiny|100/100
|-damage|p1a: Dracozolt|88/100|[from] Stealth Rock
|turn|9
|
|t:|1643163084
|switch|p2a: Landorus|Landorus-Therian, M|100/100
|-ability|p2a: Landorus|Intimidate|boost
|-unboost|p1a: Dracozolt|atk|1
|move|p1a: Dracozolt|Fire Blast|p2a: Landorus
|-damage|p2a: Landorus|80/100
|-enditem|p2a: Landorus|Eject Button
|-damage|p1a: Dracozolt|78/100|[from] item: Life Orb
|
|t:|1643163089
|switch|p2a: Weavile|Weavile, M|70/100 tox
|-ability|p2a: Weavile|Pressure
|
|-weather|Sandstorm|[upkeep]
|-damage|p2a: Weavile|64/100 tox|[from] Sandstorm
|-damage|p2a: Weavile|58/100 tox|[from] psn
|upkeep
|turn|10
|
|t:|1643163093
|move|p2a: Weavile|Ice Shard|p1a: Dracozolt
|-supereffective|p1a: Dracozolt
|-damage|p1a: Dracozolt|13/100
|move|p1a: Dracozolt|Fire Blast|p2a: Weavile
|-supereffective|p2a: Weavile
|-damage|p2a: Weavile|0 fnt
|faint|p2a: Weavile
|-damage|p1a: Dracozolt|3/100|[from] item: Life Orb
|
|-weather|Sandstorm|[upkeep]
|upkeep
|
|t:|1643163098
|switch|p2a: Kartana|Kartana|100/100
|turn|11
|
|t:|1643163105
|switch|p2a: Landorus|Landorus-Therian, M|80/100
|-ability|p2a: Landorus|Intimidate|boost
|-unboost|p1a: Dracozolt|atk|1
|move|p1a: Dracozolt|Fire Blast|p2a: Landorus|[miss]
|-miss|p1a: Dracozolt|p2a: Landorus
|
|-weather|Sandstorm|[upkeep]
|upkeep
|turn|12
|
|t:|1643163112
|move|p1a: Dracozolt|Draco Meteor|p2a: Landorus|[miss]
|-miss|p1a: Dracozolt|p2a: Landorus
|move|p2a: Landorus|U-turn|p1a: Dracozolt
|-damage|p1a: Dracozolt|0 fnt
|faint|p1a: Dracozolt
|
|t:|1643163119
|switch|p2a: Dragapult|Dragapult, F|95/100|[from]move: U-turn
|
|-weather|Sandstorm|[upkeep]
|-damage|p2a: Dragapult|89/100|[from] Sandstorm
|upkeep
|
|t:|1643163128
|switch|p1a: Tyranitar|Tyranitar, F, shiny|55/100
|-damage|p1a: Tyranitar|43/100|[from] Stealth Rock
|turn|13
|
|t:|1643163148
|move|p2a: Dragapult|Dragon Darts|p1a: Tyranitar
|-damage|p1a: Tyranitar|5/100
|-anim|p2a: Dragapult|Dragon Darts|p1a: Tyranitar
|-crit|p1a: Tyranitar
|-damage|p1a: Tyranitar|0 fnt
|faint|p1a: Tyranitar
|
|-weather|none
|upkeep
|
|t:|1643163153
|switch|p1a: Melmetal|Melmetal, shiny|72/100
|-damage|p1a: Melmetal|66/100|[from] Stealth Rock
|turn|14
|
|t:|1643163159
|switch|p2a: Kartana|Kartana|100/100
|move|p1a: Melmetal|Double Iron Bash|p2a: Kartana
|-resisted|p2a: Kartana
|-damage|p2a: Kartana|65/100
|-resisted|p2a: Kartana
|-damage|p2a: Kartana|28/100
|-hitcount|p2a: Kartana|2
|
|upkeep
|turn|15
|
|t:|1643163166
|switch|p2a: Dragapult|Dragapult, F|89/100
|switch|p1a: Zapdos|Zapdos, shiny|100/100
|
|upkeep
|turn|16
|
|t:|1643163172
|switch|p1a: Slowbro|Slowbro, M, shiny|100/100
|-damage|p1a: Slowbro|88/100|[from] Stealth Rock
|move|p2a: Dragapult|Dragon Darts|p1a: Slowbro
|-damage|p1a: Slowbro|63/100
|-anim|p2a: Dragapult|Dragon Darts|p1a: Slowbro
|-damage|p1a: Slowbro|39/100
|
|upkeep
|turn|17
|
|t:|1643163179
|switch|p1a: Melmetal|Melmetal, shiny|66/100
|-damage|p1a: Melmetal|60/100|[from] Stealth Rock
|move|p2a: Dragapult|Dragon Darts|p1a: Melmetal
|-resisted|p1a: Melmetal
|-damage|p1a: Melmetal|49/100
|-anim|p2a: Dragapult|Dragon Darts|p1a: Melmetal
|-resisted|p1a: Melmetal
|-damage|p1a: Melmetal|39/100
|
|upkeep
|turn|18
|
|t:|1643163182
|switch|p2a: Landorus|Landorus-Therian, M|80/100
|-ability|p2a: Landorus|Intimidate|boost
|-unboost|p1a: Melmetal|atk|1
|move|p1a: Melmetal|Double Iron Bash|p2a: Landorus
|-damage|p2a: Landorus|37/100
|-damage|p2a: Landorus|0 fnt
|faint|p2a: Landorus
|-hitcount|p2: Landorus|2
|
|upkeep
|
|t:|1643163188
|switch|p2a: Dragapult|Dragapult, F|89/100
|turn|19
|
|t:|1643163191
|move|p2a: Dragapult|Phantom Force||[still]
|-prepare|p2a: Dragapult|Phantom Force
|move|p1a: Melmetal|Double Iron Bash|p2a: Dragapult|[miss]
|-miss|p1a: Melmetal|p2a: Dragapult
|
|upkeep
|turn|20
|
|t:|1643163197
|switch|p1a: Zapdos|Zapdos, shiny|100/100
|move|p2a: Dragapult|Phantom Force|p1a: Zapdos|[from]lockedmove
|-damage|p1a: Zapdos|42/100
|-status|p2a: Dragapult|par|[from] ability: Static|[of] p1a: Zapdos
|
|upkeep
|turn|21
|
|t:|1643163202
|switch|p2a: Kartana|Kartana|28/100
|move|p1a: Zapdos|Roost|p1a: Zapdos
|-heal|p1a: Zapdos|92/100
|-singleturn|p1a: Zapdos|move: Roost
|
|upkeep
|turn|22
|
|t:|1643163207
|switch|p2a: Dragapult|Dragapult, F|89/100 par
|move|p1a: Zapdos|Heat Wave|p2a: Dragapult
|-resisted|p2a: Dragapult
|-damage|p2a: Dragapult|71/100 par
|
|upkeep
|turn|23
|
|t:|1643163212
|move|p1a: Zapdos|Roost|p1a: Zapdos
|-heal|p1a: Zapdos|100/100
|-singleturn|p1a: Zapdos|move: Roost
|cant|p2a: Dragapult|par
|
|upkeep
|turn|24
|
|t:|1643163220
|move|p1a: Zapdos|Volt Switch|p2a: Dragapult
|-resisted|p2a: Dragapult
|-damage|p2a: Dragapult|50/100 par
|
|t:|1643163223
|switch|p1a: Slowbro|Slowbro, M, shiny|72/100|[from]move: Volt Switch
|-damage|p1a: Slowbro|60/100|[from] Stealth Rock
|cant|p2a: Dragapult|par
|
|upkeep
|turn|25
|
|t:|1643163227
|move|p2a: Dragapult|Dragon Darts|p1a: Slowbro
|-damage|p1a: Slowbro|36/100
|-anim|p2a: Dragapult|Dragon Darts|p1a: Slowbro
|-damage|p1a: Slowbro|15/100
|move|p1a: Slowbro|Trick Room|p1a: Slowbro
|-fieldstart|move: Trick Room|[of] p1a: Slowbro
|
|upkeep
|turn|26
|-message|tolstoy forfeited.
|
|win|ga_li power
|raw|ga_li power's rating: 1477 &rarr; <strong>1504</strong><br />(+27 for winning)
|raw|tolstoy's rating: 1610 &rarr; <strong>1583</strong><br />(-27 for losing)
|l|☆tolstoy
