|j|☆amsTan
|j|☆Sww-Suwa
|inactive|Battle timer is ON: inactive players will automatically lose when time's up.
|t:|1661135408
|gametype|singles
|player|p1|amsTan|whitney|
|player|p2|Sww-Suwa|dawn-masters|
|teamsize|p1|6
|teamsize|p2|6
|gen|8
|tier|[Gen 8] OU
|rated|Tournament battle
|rule|Sleep Clause Mod: Limit one foe put to sleep
|rule|Species Clause: Limit one of each Pokémon
|rule|OHKO Clause: OHKO moves are banned
|rule|Evasion Items Clause: Evasion items are banned
|rule|Evasion Moves Clause: Evasion moves are banned
|rule|Endless Battle Clause: Forcing endless battles is banned
|rule|HP Percentage Mod: HP is shown in percentages
|rule|Dynamax Clause: You cannot dynamax
|clearpoke
|poke|p1|Shuckle, F|
|poke|p1|Hoopa-Unbound|
|poke|p1|Kyurem|
|poke|p1|Bisharp, M|
|poke|p1|Regieleki|
|poke|p1|Dragonite, M|
|poke|p2|Greninja, M|
|poke|p2|Heatran, M|
|poke|p2|Rotom-Wash|
|poke|p2|Landorus-Therian, M|
|poke|p2|Tapu Lele|
|poke|p2|Bruxish, M|
|teampreview
|c|☆Sww-Suwa|hf
|j| epicgamerepicepic
|j| LT94JenPlsComeBack
|c|☆amsTan|u2
|j| galaxyxxivory
|l| LT94JenPlsComeBack
|j| r1dude
|j| Juni01
|j| fatass cat
|c|☆Sww-Suwa|bro brought the 6 british counters c.c
|
|t:|1661135434
|start
|switch|p1a: Lady Kale|Shuckle, F, shiny|100/100
|switch|p2a: Bruxish|Bruxish, M|100/100
|turn|1
|j| gewwge
|j| AmygdalanResponse
|j| Kyurem
|
|t:|1661135446
|move|p2a: Bruxish|Liquidation|p1a: Lady Kale
|-supereffective|p1a: Lady Kale
|-damage|p1a: Lady Kale|38/100
|-unboost|p1a: Lady Kale|def|1
|-enditem|p1a: Lady Kale|Red Card|[of] p2a: Bruxish
|drag|p2a: Greninja|Greninja, M|100/100
|move|p1a: Lady Kale|Sticky Web|p2a: Greninja
|-sidestart|p2: Sww-Suwa|move: Sticky Web
|
|upkeep
|turn|2
|j| essentialAccessory
|j| HOT MY DOG
|j| heartsxyz
|
|t:|1661135457
|move|p2a: Greninja|Hydro Pump|p1a: Lady Kale|[miss]
|-miss|p2a: Greninja|p1a: Lady Kale
|move|p1a: Lady Kale|Stealth Rock|p2a: Greninja
|-sidestart|p2: Sww-Suwa|move: Stealth Rock
|
|upkeep
|turn|3
|j| maxxxnuel
|l| heartsxyz
|c|☆amsTan|mb
|
|t:|1661135467
|move|p2a: Greninja|Hydro Pump|p1a: Lady Kale
|-supereffective|p1a: Lady Kale
|-damage|p1a: Lady Kale|0 fnt
|faint|p1a: Lady Kale
|-activate|p2a: Greninja|ability: Battle Bond
|detailschange|p2a: Greninja|Greninja-Ash, M
|
|upkeep
|c|☆Sww-Suwa|all g
|
|t:|1661135471
|switch|p1a: on steroids|Regieleki|100/100
|turn|4
|
|t:|1661135483
|move|p1a: on steroids|Light Screen|p1a: on steroids
|-sidestart|p1: amsTan|move: Light Screen
|move|p2a: Greninja|Hydro Pump|p1a: on steroids
|-damage|p1a: on steroids|15/100
|
|upkeep
|turn|5
|
|t:|1661135495
|switch|p2a: Bruxish|Bruxish, M|100/100
|-activate|p2a: Bruxish|move: Sticky Web
|-unboost|p2a: Bruxish|spe|1
|-damage|p2a: Bruxish|88/100|[from] Stealth Rock
|move|p1a: on steroids|Explosion|p2a: Bruxish
|-damage|p2a: Bruxish|0 fnt
|faint|p1a: on steroids
|faint|p2a: Bruxish
|
|upkeep
|c|☆Sww-Suwa|rip a goat
|c| essentialAccessory|bruxish is so good
|
|t:|1661135509
|switch|p1a: night night|Dragonite, M|100/100
|switch|p2a: Rotom|Rotom-Wash, shiny|100/100
|-damage|p2a: Rotom|88/100|[from] Stealth Rock
|turn|6
|c| Kyurem|no Kyurem L
|
|t:|1661135512
|move|p1a: night night|Dragon Dance|p1a: night night
|-boost|p1a: night night|atk|1
|-boost|p1a: night night|spe|1
|move|p2a: Rotom|Thunder Wave|p1a: night night
|-status|p1a: night night|par
|
|-heal|p2a: Rotom|94/100|[from] item: Leftovers
|upkeep
|turn|7
|
|t:|1661135515
|move|p2a: Rotom|Volt Switch|p1a: night night
|-crit|p1a: night night
|-damage|p1a: night night|82/100 par
|
|t:|1661135516
|switch|p2a: Landorus|Landorus-Therian, M|100/100|[from]move: Volt Switch
|-damage|p2a: Landorus|88/100|[from] Stealth Rock
|-ability|p2a: Landorus|Intimidate|boost
|-unboost|p1a: night night|atk|1
|cant|p1a: night night|par
|
|-heal|p2a: Landorus|94/100|[from] item: Leftovers
|upkeep
|turn|8
|
|t:|1661135519
|move|p2a: Landorus|Defog|p1a: night night
|-unboost|p1a: night night|evasion|1
|-sideend|p1: amsTan|move: Light Screen
|-sideend|p2: Sww-Suwa|Stealth Rock|[from] move: Defog|[of] p2a: Landorus
|-sideend|p2: Sww-Suwa|Sticky Web|[from] move: Defog|[of] p2a: Landorus
|move|p1a: night night|Dragon Dance|p1a: night night
|-boost|p1a: night night|atk|1
|-boost|p1a: night night|spe|1
|
|-heal|p2a: Landorus|99/100|[from] item: Leftovers
|upkeep
|turn|9
|
|t:|1661135524
|move|p1a: night night|Dragon Dance|p1a: night night
|-boost|p1a: night night|atk|1
|-boost|p1a: night night|spe|1
|move|p2a: Landorus|U-turn|p1a: night night
|-resisted|p1a: night night
|-damage|p1a: night night|69/100 par
|
|t:|1661135527
|switch|p2a: Tapu Lele|Tapu Lele|100/100|[from]move: U-turn
|-fieldstart|move: Psychic Terrain|[from] ability: Psychic Surge|[of] p2a: Tapu Lele
|
|upkeep
|turn|10
|
|t:|1661135529
|move|p2a: Tapu Lele|Moonblast|p1a: night night
|-supereffective|p1a: night night
|-damage|p1a: night night|0 fnt
|faint|p1a: night night
|
|upkeep
|
|t:|1661135531
|switch|p1a: english bulldog|Bisharp, M, shiny|100/100
|turn|11
|
|t:|1661135542
|switch|p2a: Rotom|Rotom-Wash, shiny|94/100
|move|p1a: english bulldog|Knock Off|p2a: Rotom
|-damage|p2a: Rotom|17/100
|-enditem|p2a: Rotom|Leftovers|[from] move: Knock Off|[of] p1a: english bulldog
|-damage|p1a: english bulldog|91/100|[from] item: Life Orb
|
|upkeep
|turn|12
|
|t:|1661135546
|move|p1a: english bulldog|Knock Off|p2a: Rotom
|-damage|p2a: Rotom|0 fnt
|faint|p2a: Rotom
|-damage|p1a: english bulldog|81/100|[from] item: Life Orb
|
|upkeep
|
|t:|1661135552
|switch|p2a: Heatran|Heatran, M|100/100
|-item|p2a: Heatran|Air Balloon
|turn|13
|
|t:|1661135560
|switch|p1a: Tetris|Kyurem|100/100
|-ability|p1a: Tetris|Pressure
|move|p2a: Heatran|Stealth Rock|p1a: Tetris
|-sidestart|p1: amsTan|move: Stealth Rock
|
|-fieldend|move: Psychic Terrain
|upkeep
|turn|14
|j| LT82ZW Guatemala
|
|t:|1661135564
|move|p1a: Tetris|Ice Beam|p2a: Heatran
|-resisted|p2a: Heatran
|-damage|p2a: Heatran|84/100
|-enditem|p2a: Heatran|Air Balloon
|move|p2a: Heatran|Flash Cannon|p1a: Tetris
|-supereffective|p1a: Tetris
|-damage|p1a: Tetris|22/100
|
|upkeep
|turn|15
|
|t:|1661135569
|switch|p2a: Landorus|Landorus-Therian, M|99/100
|-ability|p2a: Landorus|Intimidate|boost
|-unboost|p1a: Tetris|atk|1
|move|p1a: Tetris|Ice Beam|p2a: Landorus
|-supereffective|p2a: Landorus
|-damage|p2a: Landorus|0 fnt
|faint|p2a: Landorus
|
|upkeep
|c|☆amsTan|gg
|
|t:|1661135575
|switch|p2a: Tapu Lele|Tapu Lele|100/100
|-fieldstart|move: Psychic Terrain|[from] ability: Psychic Surge|[of] p2a: Tapu Lele
|turn|16
|j| Roman_Apollo
|
|t:|1661135578
|move|p2a: Tapu Lele|Moonblast|p1a: Tetris
|-supereffective|p1a: Tetris
|-damage|p1a: Tetris|0 fnt
|faint|p1a: Tetris
|
|upkeep
|
|t:|1661135580
|switch|p1a: english bulldog|Bisharp, M, shiny|81/100
|-damage|p1a: english bulldog|75/100|[from] Stealth Rock
|turn|17
|
|t:|1661135583
|switch|p2a: Heatran|Heatran, M|84/100
|move|p1a: english bulldog|Knock Off|p2a: Heatran
|-damage|p2a: Heatran|40/100
|-damage|p1a: english bulldog|65/100|[from] item: Life Orb
|
|upkeep
|turn|18
|
|t:|1661135587
|switch|p1a: nightmare fuel|Hoopa-Unbound|100/100
|-damage|p1a: nightmare fuel|88/100|[from] Stealth Rock
|move|p2a: Heatran|Earth Power|p1a: nightmare fuel
|-damage|p1a: nightmare fuel|60/100
|
|upkeep
|turn|19
|
|t:|1661135590
|move|p1a: nightmare fuel|Hyperspace Fury|p2a: Heatran
|-damage|p2a: Heatran|0 fnt
|-unboost|p1a: nightmare fuel|def|1
|faint|p2a: Heatran
|
|upkeep
|
|t:|1661135600
|switch|p2a: Greninja|Greninja-Ash, M|100/100
|turn|20
|
|t:|1661135603
|move|p2a: Greninja|Dark Pulse|p1a: nightmare fuel
|-damage|p1a: nightmare fuel|0 fnt
|faint|p1a: nightmare fuel
|
|-fieldend|move: Psychic Terrain
|upkeep
|
|t:|1661135605
|switch|p1a: english bulldog|Bisharp, M, shiny|65/100
|-damage|p1a: english bulldog|59/100|[from] Stealth Rock
|turn|21
|
|t:|1661135607
|move|p2a: Greninja|Dark Pulse|p1a: english bulldog
|-resisted|p1a: english bulldog
|-damage|p1a: english bulldog|0 fnt
|faint|p1a: english bulldog
|
|win|Sww-Suwa
|n|☆amsTan|amstan
|n|☆Sww-Suwa|swwsuwa
|n| epicgamerepicepic|epicgamerepicepic
|n| galaxyxxivory|galaxyxxivory
|n| r1dude|r1dude
|n| Juni01|juni01
|n| fatass cat|fatasscat
|n| gewwge|gewwge
|n| AmygdalanResponse|amygdalanresponse
|n| Kyurem|kyurem
|n| essentialAccessory|essentialaccessory
|n| HOT MY DOG|hotmydog
|n| maxxxnuel|maxxxnuel
|n| LT82ZW Guatemala|lt82zwguatemala
|n| Roman_Apollo|romanapollo
