|j|☆HOF69
|j|☆Cubielubie
|t:|1653786878
|gametype|singles
|player|p1|HOF69|red|1726
|player|p2|Cubielubie|265|1757
|teamsize|p1|6
|teamsize|p2|6
|gen|8
|tier|[Gen 8] OU
|rated|
|rule|Sleep Clause Mod: Limit one foe put to sleep
|rule|Species Clause: Limit one of each Pokémon
|rule|OHKO Clause: OHKO moves are banned
|rule|Evasion Moves Clause: Evasion moves are banned
|rule|Endless Battle Clause: Forcing endless battles is banned
|rule|HP Percentage Mod: HP is shown in percentages
|rule|Dynamax Clause: You cannot dynamax
|clearpoke
|poke|p1|Blacephalon|
|poke|p1|Gengar, M|
|poke|p1|Krookodile, M|
|poke|p1|Landorus-Therian, M|
|poke|p1|Kartana|
|poke|p1|Tapu Lele|
|poke|p2|Pelipper, M|
|poke|p2|Barraskewda, M|
|poke|p2|Porygon-Z|
|poke|p2|Ferrothorn, M|
|poke|p2|Tapu Lele|
|poke|p2|Seismitoad, M|
|teampreview
|
|t:|1653786888
|start
|switch|p1a: Krookodile|Krookodile, M|100/100
|switch|p2a: Barraskewda|Barraskewda, M|100/100
|-ability|p1a: Krookodile|Intimidate|boost
|-unboost|p2a: Barraskewda|atk|1
|turn|1
|j| Whiteout 75
|
|t:|1653786894
|move|p2a: Barraskewda|Flip Turn|p1a: Krookodile
|-supereffective|p1a: Krookodile
|-crit|p1a: Krookodile
|-enditem|p1a: Krookodile|Focus Sash
|-damage|p1a: Krookodile|1/100
|
|t:|1653786899
|switch|p2a: Ferrothorn|Ferrothorn, M|100/100|[from]move: Flip Turn
|move|p1a: Krookodile|Stealth Rock|p2a: Ferrothorn
|-sidestart|p2: Cubielubie|move: Stealth Rock
|
|upkeep
|turn|2
|
|t:|1653786903
|move|p1a: Krookodile|Taunt|p2a: Ferrothorn
|-start|p2a: Ferrothorn|move: Taunt
|cant|p2a: Ferrothorn|move: Taunt|Stealth Rock
|
|upkeep
|turn|3
|
|t:|1653786907
|move|p1a: Krookodile|Earthquake|p2a: Ferrothorn
|-damage|p2a: Ferrothorn|75/100
|move|p2a: Ferrothorn|Knock Off|p1a: Krookodile
|-resisted|p1a: Krookodile
|-damage|p1a: Krookodile|0 fnt
|faint|p1a: Krookodile
|
|upkeep
|
|t:|1653786928
|switch|p1a: Landorus|Landorus-Therian, M|100/100
|-ability|p1a: Landorus|Intimidate|boost
|-unboost|p2a: Ferrothorn|atk|1
|turn|4
|j| IceGuysFinishLast
|
|t:|1653786934
|move|p1a: Landorus|Earthquake|p2a: Ferrothorn
|-damage|p2a: Ferrothorn|44/100
|move|p2a: Ferrothorn|Knock Off|p1a: Landorus
|-damage|p1a: Landorus|86/100
|-enditem|p1a: Landorus|Assault Vest|[from] move: Knock Off|[of] p2a: Ferrothorn
|
|-end|p2a: Ferrothorn|move: Taunt
|upkeep
|turn|5
|
|t:|1653786943
|switch|p2a: Pelipper|Pelipper, M|100/100
|-damage|p2a: Pelipper|76/100|[from] Stealth Rock
|-weather|RainDance|[from] ability: Drizzle|[of] p2a: Pelipper
|move|p1a: Landorus|Earthquake|p2a: Pelipper
|-immune|p2a: Pelipper
|
|-weather|RainDance|[upkeep]
|upkeep
|turn|6
|
|t:|1653786948
|move|p1a: Landorus|Smack Down|p2a: Pelipper
|-supereffective|p2a: Pelipper
|-damage|p2a: Pelipper|39/100
|-start|p2a: Pelipper|Smack Down
|move|p2a: Pelipper|Defog|p1a: Landorus
|-unboost|p1a: Landorus|evasion|1
|-sideend|p2: Cubielubie|Stealth Rock|[from] move: Defog|[of] p2a: Pelipper
|
|-weather|RainDance|[upkeep]
|upkeep
|turn|7
|
|t:|1653786958
|switch|p2a: Ferrothorn|Ferrothorn, M|44/100
|move|p1a: Landorus|Earthquake|p2a: Ferrothorn
|-damage|p2a: Ferrothorn|15/100
|
|-weather|RainDance|[upkeep]
|upkeep
|turn|8
|
|t:|1653786963
|move|p1a: Landorus|Earthquake|p2a: Ferrothorn
|-damage|p2a: Ferrothorn|0 fnt
|faint|p2a: Ferrothorn
|
|-weather|RainDance|[upkeep]
|upkeep
|
|t:|1653786967
|switch|p2a: Seismitoad|Seismitoad, M|100/100
|turn|9
|
|t:|1653786969
|move|p2a: Seismitoad|Weather Ball|p1a: Landorus
|-supereffective|p1a: Landorus
|-damage|p1a: Landorus|0 fnt
|faint|p1a: Landorus
|
|-weather|RainDance|[upkeep]
|upkeep
|
|t:|1653786974
|switch|p1a: Gengar|Gengar, M, shiny|100/100
|turn|10
|
|t:|1653786977
|move|p2a: Seismitoad|Weather Ball|p1a: Gengar
|-enditem|p1a: Gengar|Focus Sash
|-damage|p1a: Gengar|1/100
|move|p1a: Gengar|Shadow Ball|p2a: Seismitoad
|-damage|p2a: Seismitoad|49/100
|
|-weather|RainDance|[upkeep]
|upkeep
|turn|11
|
|t:|1653786984
|move|p2a: Seismitoad|Weather Ball|p1a: Gengar
|-crit|p1a: Gengar
|-damage|p1a: Gengar|0 fnt
|faint|p1a: Gengar
|
|-weather|RainDance|[upkeep]
|upkeep
|-message|HOF69 forfeited.
|
|win|Cubielubie
|raw|HOF69's rating: 1726 &rarr; <strong>1708</strong><br />(-18 for losing)
|raw|Cubielubie's rating: 1757 &rarr; <strong>1775</strong><br />(+18 for winning)
|l|☆HOF69
|l| IceGuysFinishLast
||Ladder isn't responding, score probably updated but might not have (Request timeout).
|l| Whiteout 75
