|html|<div class="broadcast-blue"><strong>[Gen 8] OU is currently suspecting Melmetal! For information on how to participate check out the <a href="https://www.smogon.com/forums/threads/np-ss-ou-suspect-process-round-12-monster-mash.3709234/">suspect thread</a>.</strong></div>
|j|☆minimax_ai
|j|☆samohi0
|t:|1665956347
|gametype|singles
|player|p1|minimax_ai|lusamine-nihilego|1599
|player|p2|samohi0|101|1582
|teamsize|p1|6
|teamsize|p2|6
|gen|8
|tier|[Gen 8] OU
|rated|
|rule|Sleep Clause Mod: Limit one foe put to sleep
|rule|Species Clause: Limit one of each Pokémon
|rule|OHKO Clause: OHKO moves are banned
|rule|Evasion Items Clause: Evasion items are banned
|rule|Evasion Moves Clause: Evasion moves are banned
|rule|Endless Battle Clause: Forcing endless battles is banned
|rule|HP Percentage Mod: HP is shown in percentages
|rule|Dynamax Clause: You cannot dynamax
|clearpoke
|poke|p1|Rotom-Wash|
|poke|p1|Weavile, F|
|poke|p1|Landorus-Therian, M|
|poke|p1|Heatran, M|
|poke|p1|Tangrowth, F|
|poke|p1|Melmetal|
|poke|p2|Hippowdon, M|
|poke|p2|Tyranitar, M|
|poke|p2|Excadrill, M|
|poke|p2|Dracozolt|
|poke|p2|Buzzwole|
|poke|p2|Zapdos|
|teampreview
|c|☆minimax_ai|hf
|inactive|Battle timer is ON: inactive players will automatically lose when time's up. (requested by minimax_ai)
|
|t:|1665956351
|start
|switch|p1a: Tangrowth|Tangrowth, F|100/100
|switch|p2a: nate dogg|Zapdos|100/100
|turn|1
|
|t:|1665956355
|switch|p1a: landorustherian|Landorus-Therian, M|100/100
|-ability|p1a: landorustherian|Intimidate|boost
|-unboost|p2a: nate dogg|atk|1
|move|p2a: nate dogg|Hurricane|p1a: landorustherian
|-damage|p1a: landorustherian|52/100
|-start|p1a: landorustherian|confusion
|
|-heal|p1a: landorustherian|58/100|[from] item: Leftovers
|upkeep
|turn|2
|
|t:|1665956356
|move|p2a: nate dogg|Hurricane|p1a: landorustherian
|-damage|p1a: landorustherian|11/100
|-activate|p1a: landorustherian|confusion
|move|p1a: landorustherian|Toxic|p2a: nate dogg
|-status|p2a: nate dogg|tox
|
|-heal|p1a: landorustherian|17/100|[from] item: Leftovers
|-damage|p2a: nate dogg|94/100 tox|[from] psn
|upkeep
|turn|3
|j| Jongruenwald
|
|t:|1665956361
|switch|p1a: Melmetal|Melmetal|100/100
|move|p2a: nate dogg|Heat Wave|p1a: Melmetal|[miss]
|-miss|p2a: nate dogg|p1a: Melmetal
|
|-damage|p2a: nate dogg|82/100 tox|[from] psn
|upkeep
|turn|4
|
|t:|1665956364
|move|p2a: nate dogg|Volt Switch|p1a: Melmetal
|-damage|p1a: Melmetal|79/100
|
|t:|1665956365
|switch|p2a: 50 cent|Buzzwole|100/100|[from]move: Volt Switch
|move|p1a: Melmetal|Thunder Punch|p2a: 50 cent
|-damage|p2a: 50 cent|79/100
|-damage|p1a: Melmetal|63/100|[from] item: Rocky Helmet|[of] p2a: 50 cent
|
|upkeep
|turn|5
|
|t:|1665956371
|switch|p1a: rotomwash|Rotom-Wash|100/100
|move|p2a: 50 cent|Drain Punch|p1a: rotomwash
|-damage|p1a: rotomwash|56/100
|-heal|p2a: 50 cent|96/100|[from] drain|[of] p1a: rotomwash
|
|-heal|p1a: rotomwash|62/100|[from] item: Leftovers
|upkeep
|turn|6
|
|t:|1665956374
|move|p1a: rotomwash|Nasty Plot|p1a: rotomwash
|-boost|p1a: rotomwash|spa|2
|move|p2a: 50 cent|Leech Life|p1a: rotomwash
|-damage|p1a: rotomwash|8/100
|-heal|p2a: 50 cent|100/100|[from] drain|[of] p1a: rotomwash
|
|-heal|p1a: rotomwash|15/100|[from] item: Leftovers
|upkeep
|turn|7
|
|t:|1665956376
|switch|p2a: black thought|Tyranitar, M|100/100
|-weather|Sandstorm|[from] ability: Sand Stream|[of] p2a: black thought
|move|p1a: rotomwash|Pain Split|p2a: black thought
|-sethp|p2a: black thought|56/100|[from] move: Pain Split|[silent]
|-sethp|p1a: rotomwash|74/100|[from] move: Pain Split
|
|-weather|Sandstorm|[upkeep]
|-damage|p1a: rotomwash|68/100|[from] Sandstorm
|-heal|p1a: rotomwash|74/100|[from] item: Leftovers
|upkeep
|turn|8
|
|t:|1665956387
|switch|p1a: Tangrowth|Tangrowth, F|100/100
|move|p2a: black thought|Rock Blast|p1a: Tangrowth|[miss]
|-miss|p2a: black thought|p1a: Tangrowth
|
|-weather|Sandstorm|[upkeep]
|-damage|p1a: Tangrowth|94/100|[from] Sandstorm
|upkeep
|turn|9
|
|t:|1665956388
|move|p2a: black thought|Fire Blast|p1a: Tangrowth
|-supereffective|p1a: Tangrowth
|-damage|p1a: Tangrowth|5/100
|move|p1a: Tangrowth|Focus Blast|p2a: black thought
|-supereffective|p2a: black thought
|-damage|p2a: black thought|9/100
|-unboost|p2a: black thought|spd|1
|
|-weather|Sandstorm|[upkeep]
|-damage|p1a: Tangrowth|0 fnt|[from] Sandstorm
|faint|p1a: Tangrowth
|upkeep
|
|t:|1665956388
|switch|p1a: Heatran|Heatran, M|100/100
|-item|p1a: Heatran|Air Balloon
|turn|10
|
|t:|1665956392
|move|p1a: Heatran|Eruption|p2a: black thought
|-resisted|p2a: black thought
|-damage|p2a: black thought|0 fnt
|faint|p2a: black thought
|
|-weather|Sandstorm|[upkeep]
|upkeep
|
|t:|1665956397
|switch|p2a: po and dangerous|Dracozolt|100/100
|turn|11
|
|t:|1665956400
|switch|p1a: landorustherian|Landorus-Therian, M|17/100
|-ability|p1a: landorustherian|Intimidate|boost
|-unboost|p2a: po and dangerous|atk|1
|move|p2a: po and dangerous|Bolt Beak|p1a: landorustherian
|-immune|p1a: landorustherian
|
|-weather|none
|-heal|p1a: landorustherian|23/100|[from] item: Leftovers
|upkeep
|turn|12
|
|t:|1665956401
|switch|p1a: rotomwash|Rotom-Wash|74/100
|move|p2a: po and dangerous|Draco Meteor|p1a: rotomwash
|-damage|p1a: rotomwash|7/100
|-unboost|p2a: po and dangerous|spa|2
|-damage|p2a: po and dangerous|91/100|[from] item: Life Orb
|
|-heal|p1a: rotomwash|13/100|[from] item: Leftovers
|upkeep
|turn|13
|
|t:|1665956404
|move|p1a: rotomwash|Pain Split|p2a: po and dangerous
|-sethp|p2a: po and dangerous|52/100|[from] move: Pain Split|[silent]
|-sethp|p1a: rotomwash|54/100|[from] move: Pain Split
|move|p2a: po and dangerous|Draco Meteor|p1a: rotomwash
|-damage|p1a: rotomwash|22/100
|-unboost|p2a: po and dangerous|spa|2
|-damage|p2a: po and dangerous|42/100|[from] item: Life Orb
|
|-heal|p1a: rotomwash|28/100|[from] item: Leftovers
|upkeep
|turn|14
|
|t:|1665956406
|move|p1a: rotomwash|Pain Split|p2a: po and dangerous
|-sethp|p2a: po and dangerous|34/100|[from] move: Pain Split|[silent]
|-sethp|p1a: rotomwash|36/100|[from] move: Pain Split
|move|p2a: po and dangerous|Bolt Beak|p1a: rotomwash
|-damage|p1a: rotomwash|5/100
|-damage|p2a: po and dangerous|24/100|[from] item: Life Orb
|
|-heal|p1a: rotomwash|11/100|[from] item: Leftovers
|upkeep
|turn|15
|
|t:|1665956409
|switch|p2a: big pun|Hippowdon, M|100/100
|-weather|Sandstorm|[from] ability: Sand Stream|[of] p2a: big pun
|move|p1a: rotomwash|Hydro Pump|p2a: big pun
|-supereffective|p2a: big pun
|-damage|p2a: big pun|3/100
|
|-weather|Sandstorm|[upkeep]
|-damage|p1a: rotomwash|5/100|[from] Sandstorm
|-heal|p1a: rotomwash|11/100|[from] item: Leftovers
|upkeep
|turn|16
|
|t:|1665956412
|switch|p2a: nate dogg|Zapdos|82/100 tox
|move|p1a: rotomwash|Hydro Pump|p2a: nate dogg
|-damage|p2a: nate dogg|42/100 tox
|
|-weather|Sandstorm|[upkeep]
|-damage|p1a: rotomwash|5/100|[from] Sandstorm
|-damage|p2a: nate dogg|36/100 tox|[from] Sandstorm
|-heal|p1a: rotomwash|11/100|[from] item: Leftovers
|-damage|p2a: nate dogg|30/100 tox|[from] psn
|upkeep
|turn|17
|
|t:|1665956413
|switch|p1a: landorustherian|Landorus-Therian, M|23/100
|-ability|p1a: landorustherian|Intimidate|boost
|-unboost|p2a: nate dogg|atk|1
|move|p2a: nate dogg|Heat Wave|p1a: landorustherian
|-damage|p1a: landorustherian|0 fnt
|faint|p1a: landorustherian
|
|-weather|Sandstorm|[upkeep]
|-damage|p2a: nate dogg|24/100 tox|[from] Sandstorm
|-damage|p2a: nate dogg|12/100 tox|[from] psn
|upkeep
|
|t:|1665956413
|switch|p1a: Heatran|Heatran, M|100/100
|-item|p1a: Heatran|Air Balloon
|turn|18
|
|t:|1665956415
|move|p1a: Heatran|Stealth Rock|p2a: nate dogg
|-sidestart|p2: samohi0|move: Stealth Rock
|move|p2a: nate dogg|Volt Switch|p1a: Heatran
|-crit|p1a: Heatran
|-damage|p1a: Heatran|44/100
|-enditem|p1a: Heatran|Air Balloon
|
|t:|1665956418
|switch|p2a: po and dangerous|Dracozolt|24/100|[from]move: Volt Switch
|-damage|p2a: po and dangerous|12/100|[from] Stealth Rock
|
|-weather|Sandstorm|[upkeep]
|upkeep
|turn|19
|
|t:|1665956420
|move|p2a: po and dangerous|Bolt Beak|p1a: Heatran
|-damage|p1a: Heatran|0 fnt
|faint|p1a: Heatran
|-damage|p2a: po and dangerous|2/100|[from] item: Life Orb
|
|-weather|Sandstorm|[upkeep]
|upkeep
|
|t:|1665956420
|switch|p1a: Melmetal|Melmetal|63/100
|turn|20
|
|t:|1665956421
|move|p2a: po and dangerous|Bolt Beak|p1a: Melmetal
|-damage|p1a: Melmetal|17/100
|-damage|p2a: po and dangerous|0 fnt|[from] item: Life Orb
|faint|p2a: po and dangerous
|move|p1a: Melmetal|Earthquake|p2: po and dangerous|[notarget]
|-fail|p1a: Melmetal
|
|-weather|Sandstorm|[upkeep]
|upkeep
|
|t:|1665956426
|switch|p2a: mos def|Excadrill, M|100/100
|-damage|p2a: mos def|97/100|[from] Stealth Rock
|turn|21
|
|t:|1665956428
|move|p2a: mos def|Earthquake|p1a: Melmetal
|-supereffective|p1a: Melmetal
|-damage|p1a: Melmetal|0 fnt
|faint|p1a: Melmetal
|-damage|p2a: mos def|87/100|[from] item: Life Orb
|
|-weather|Sandstorm|[upkeep]
|upkeep
|
|t:|1665956428
|switch|p1a: rotomwash|Rotom-Wash|11/100
|turn|22
|
|t:|1665956430
|move|p2a: mos def|Iron Head|p1a: rotomwash
|-resisted|p1a: rotomwash
|-damage|p1a: rotomwash|0 fnt
|faint|p1a: rotomwash
|-damage|p2a: mos def|78/100|[from] item: Life Orb
|
|-weather|none
|upkeep
|
|t:|1665956430
|switch|p1a: Weavile|Weavile, F|100/100
|-ability|p1a: Weavile|Pressure
|turn|23
|
|t:|1665956432
|move|p1a: Weavile|Triple Axel|p2a: mos def|[miss]
|-miss|p1a: Weavile|p2a: mos def
|move|p2a: mos def|Earthquake|p1a: Weavile
|-damage|p1a: Weavile|0 fnt
|faint|p1a: Weavile
|-damage|p2a: mos def|68/100|[from] item: Life Orb
|
|win|samohi0
|raw|minimax_ai's rating: 1599 &rarr; <strong>1578</strong><br />(-21 for losing)
|raw|samohi0's rating: 1582 &rarr; <strong>1603</strong><br />(+21 for winning)
|c|☆minimax_ai|gg
