|j|☆Nexxxy
|j|☆demgeilem
|t:|1667909852
|gametype|singles
|player|p1|Nexxxy|acetrainersnowf|1410
|player|p2|demgeilem|ethan-masters|1440
|teamsize|p1|6
|teamsize|p2|6
|gen|8
|tier|[Gen 8] OU
|rated|
|rule|Sleep Clause Mod: Limit one foe put to sleep
|rule|Species Clause: Limit one of each Pokémon
|rule|OHKO Clause: OHKO moves are banned
|rule|Evasion Items Clause: Evasion items are banned
|rule|Evasion Moves Clause: Evasion moves are banned
|rule|Endless Battle Clause: Forcing endless battles is banned
|rule|HP Percentage Mod: HP is shown in percentages
|rule|Dynamax Clause: You cannot dynamax
|clearpoke
|poke|p1|Ninetales-Alola, M|
|poke|p1|Heatran, M|
|poke|p1|Landorus-Therian, M|
|poke|p1|Tapu Fini|
|poke|p1|Arctozolt|
|poke|p1|Kartana|
|poke|p2|Melmetal|
|poke|p2|Dragapult, M|
|poke|p2|Slowbro, M|
|poke|p2|Clefable, F|
|poke|p2|Landorus-Therian, M|
|poke|p2|Buzzwole|
|teampreview
|inactive|Battle timer is ON: inactive players will automatically lose when time's up. (requested by Nexxxy)
|
|t:|1667909873
|start
|switch|p1a: Ninetales|Ninetales-Alola, M|100/100
|switch|p2a: Melmetal|Melmetal|100/100
|-weather|Hail|[from] ability: Snow Warning|[of] p1a: Ninetales
|turn|1
|
|t:|1667909878
|move|p1a: Ninetales|Hypnosis|p2a: Melmetal|[miss]
|-miss|p1a: Ninetales|p2a: Melmetal
|move|p2a: Melmetal|Double Iron Bash|p1a: Ninetales
|-supereffective|p1a: Ninetales
|-damage|p1a: Ninetales|0 fnt
|faint|p1a: Ninetales
|-hitcount|p1: Ninetales|1
|
|-weather|Hail|[upkeep]
|-damage|p2a: Melmetal|94/100|[from] Hail
|upkeep
|
|t:|1667909880
|switch|p1a: Heatran|Heatran, M|100/100
|-item|p1a: Heatran|Air Balloon
|turn|2
|
|t:|1667909889
|switch|p1a: Arctozolt|Arctozolt|100/100
|switch|p2a: Slowbro|Slowbro, M, shiny|100/100
|
|-weather|Hail|[upkeep]
|-damage|p2a: Slowbro|94/100|[from] Hail
|upkeep
|turn|3
|
|t:|1667909893
|move|p1a: Arctozolt|Bolt Beak|p2a: Slowbro
|-supereffective|p2a: Slowbro
|-damage|p2a: Slowbro|8/100
|-damage|p1a: Arctozolt|84/100|[from] item: Rocky Helmet|[of] p2a: Slowbro
|move|p2a: Slowbro|Teleport|p2a: Slowbro
|
|t:|1667909899
|switch|p2a: Melmetal|Melmetal|94/100|[from]move: Teleport
|
|-weather|Hail|[upkeep]
|-damage|p2a: Melmetal|88/100|[from] Hail
|upkeep
|turn|4
|
|t:|1667909903
|switch|p1a: Landorus|Landorus-Therian, M|100/100
|-ability|p1a: Landorus|Intimidate|boost
|-unboost|p2a: Melmetal|atk|1
|move|p2a: Melmetal|Superpower|p1a: Landorus
|-resisted|p1a: Landorus
|-damage|p1a: Landorus|76/100
|-unboost|p2a: Melmetal|atk|1
|-unboost|p2a: Melmetal|def|1
|
|-weather|Hail|[upkeep]
|-damage|p1a: Landorus|70/100|[from] Hail
|-damage|p2a: Melmetal|82/100|[from] Hail
|-heal|p1a: Landorus|76/100|[from] item: Leftovers
|upkeep
|turn|5
|
|t:|1667909909
|switch|p2a: Landorus|Landorus-Therian, M|100/100
|-ability|p2a: Landorus|Intimidate|boost
|-unboost|p1a: Landorus|atk|1
|move|p1a: Landorus|Knock Off|p2a: Landorus
|-damage|p2a: Landorus|81/100
|-enditem|p2a: Landorus|Leftovers|[from] move: Knock Off|[of] p1a: Landorus
|
|-weather|Hail|[upkeep]
|-damage|p1a: Landorus|70/100|[from] Hail
|-damage|p2a: Landorus|75/100|[from] Hail
|-heal|p1a: Landorus|76/100|[from] item: Leftovers
|upkeep
|turn|6
|
|t:|1667909915
|move|p1a: Landorus|U-turn|p2a: Landorus
|-resisted|p2a: Landorus
|-damage|p2a: Landorus|68/100
|
|t:|1667909917
|switch|p1a: Arctozolt|Arctozolt|84/100|[from]move: U-turn
|move|p2a: Landorus|Knock Off|p1a: Arctozolt
|-damage|p1a: Arctozolt|51/100
|-enditem|p1a: Arctozolt|Heavy-Duty Boots|[from] move: Knock Off|[of] p2a: Landorus
|
|-weather|Hail|[upkeep]
|-damage|p2a: Landorus|62/100|[from] Hail
|upkeep
|turn|7
|
|t:|1667909926
|move|p1a: Arctozolt|Blizzard|p2a: Landorus
|-supereffective|p2a: Landorus
|-damage|p2a: Landorus|0 fnt
|faint|p2a: Landorus
|
|-weather|Hail|[upkeep]
|upkeep
|
|t:|1667909933
|switch|p2a: Buzzwole|Buzzwole|100/100
|turn|8
|
|t:|1667909938
|move|p2a: Buzzwole|Close Combat|p1a: Arctozolt
|-supereffective|p1a: Arctozolt
|-damage|p1a: Arctozolt|0 fnt
|-unboost|p2a: Buzzwole|def|1
|-unboost|p2a: Buzzwole|spd|1
|faint|p1a: Arctozolt
|-ability|p2a: Buzzwole|Beast Boost|boost
|-boost|p2a: Buzzwole|atk|1
|
|-weather|none
|upkeep
|
|t:|1667909948
|switch|p1a: Tapu Fini|Tapu Fini|100/100
|-fieldstart|move: Misty Terrain|[from] ability: Misty Surge|[of] p1a: Tapu Fini
|turn|9
|
|t:|1667909953
|switch|p2a: Clefable|Clefable, F|100/100
|switch|p1a: Heatran|Heatran, M|100/100
|-item|p1a: Heatran|Air Balloon
|
|upkeep
|turn|10
|
|t:|1667909961
|move|p1a: Heatran|Eruption|p2a: Clefable
|-damage|p2a: Clefable|42/100
|move|p2a: Clefable|Wish|p2a: Clefable
|
|-heal|p2a: Clefable|48/100|[from] item: Leftovers
|upkeep
|turn|11
|
|t:|1667909971
|switch|p2a: Dragapult|Dragapult, M|100/100
|move|p1a: Heatran|Stealth Rock|p2a: Dragapult
|-sidestart|p2: demgeilem|move: Stealth Rock
|
|upkeep
|turn|12
|
|t:|1667909977
|switch|p1a: Landorus|Landorus-Therian, M|76/100
|-ability|p1a: Landorus|Intimidate|boost
|-unboost|p2a: Dragapult|atk|1
|move|p2a: Dragapult|Shadow Ball|p1a: Landorus
|-damage|p1a: Landorus|21/100
|
|-heal|p1a: Landorus|27/100|[from] item: Leftovers
|upkeep
|turn|13
|
|t:|1667909981
|move|p2a: Dragapult|Shadow Ball|p1a: Landorus
|-damage|p1a: Landorus|0 fnt
|faint|p1a: Landorus
|
|-fieldend|Misty Terrain
|upkeep
|
|t:|1667909982
|switch|p1a: Tapu Fini|Tapu Fini|100/100
|-fieldstart|move: Misty Terrain|[from] ability: Misty Surge|[of] p1a: Tapu Fini
|turn|14
|
|t:|1667909993
|switch|p2a: Slowbro|Slowbro, M, shiny|41/100
|-damage|p2a: Slowbro|28/100|[from] Stealth Rock
|move|p1a: Tapu Fini|Draining Kiss|p2a: Slowbro
|-damage|p2a: Slowbro|11/100
|-damage|p1a: Tapu Fini|84/100|[from] item: Rocky Helmet|[of] p2a: Slowbro
|
|-heal|p1a: Tapu Fini|90/100|[from] item: Leftovers
|upkeep
|turn|15
|
|t:|1667910002
|switch|p2a: Melmetal|Melmetal|82/100
|-damage|p2a: Melmetal|76/100|[from] Stealth Rock
|move|p1a: Tapu Fini|Taunt|p2a: Melmetal
|-start|p2a: Melmetal|move: Taunt
|
|-heal|p1a: Tapu Fini|96/100|[from] item: Leftovers
|upkeep
|turn|16
|
|t:|1667910013
|switch|p1a: Kartana|Kartana|100/100
|move|p2a: Melmetal|Thunder Punch|p1a: Kartana
|-resisted|p1a: Kartana
|-damage|p1a: Kartana|74/100
|
|upkeep
|turn|17
|
|t:|1667910033
|switch|p2a: Clefable|Clefable, F|48/100
|move|p1a: Kartana|Knock Off|p2a: Clefable
|-resisted|p2a: Clefable
|-damage|p2a: Clefable|27/100
|-enditem|p2a: Clefable|Leftovers|[from] move: Knock Off|[of] p1a: Kartana
|
|upkeep
|turn|18
|
|t:|1667910042
|move|p1a: Kartana|Knock Off|p2a: Clefable
|-resisted|p2a: Clefable
|-damage|p2a: Clefable|11/100
|move|p2a: Clefable|Wish|p2a: Clefable
|
|-fieldend|Misty Terrain
|upkeep
|turn|19
|
|t:|1667910053
|switch|p1a: Heatran|Heatran, M|100/100
|-item|p1a: Heatran|Air Balloon
|switch|p2a: Buzzwole|Buzzwole|100/100
|-damage|p2a: Buzzwole|88/100|[from] Stealth Rock
|
|-heal|p2a: Buzzwole|100/100|[from] move: Wish|[wisher] Clefable
|upkeep
|turn|20
|
|t:|1667910056
|move|p2a: Buzzwole|Close Combat|p1a: Heatran
|-supereffective|p1a: Heatran
|-damage|p1a: Heatran|0 fnt
|-unboost|p2a: Buzzwole|def|1
|-unboost|p2a: Buzzwole|spd|1
|-enditem|p1a: Heatran|Air Balloon
|faint|p1a: Heatran
|-ability|p2a: Buzzwole|Beast Boost|boost
|-boost|p2a: Buzzwole|atk|1
|
|upkeep
|-message|Nexxxy forfeited.
|
|win|demgeilem
|raw|Nexxxy's rating: 1410 &rarr; <strong>1392</strong><br />(-18 for losing)
|raw|demgeilem's rating: 1440 &rarr; <strong>1458</strong><br />(+18 for winning)
|l|☆Nexxxy
