|html|<div class="broadcast-blue"><strong>[Gen 8] OU is currently suspecting Urshifu-S! For information on how to participate check out the <a href="https://www.smogon.com/forums/threads/np-ss-ou-suspect-process-round-8-aint-no-rest-for-the-wicked.3675310/">suspect thread</a>.</strong></div>
|j|☆roboPOKE
|j|☆tanishq1
|t:|1609945927
|player|p1|roboPOKE|101|1697
|player|p2|tanishq1|265|1775
|teamsize|p1|6
|teamsize|p2|6
|gametype|singles
|gen|8
|tier|[Gen 8] OU
|rated|
|clearpoke
|poke|p1|Sandaconda, F|
|poke|p1|Excadrill, F|
|poke|p1|Ninetales-Alola, M|
|poke|p1|Magearna|
|poke|p1|Zygarde-10%|
|poke|p1|Buzzwole|
|poke|p2|Urshifu-*, M|
|poke|p2|Clefable, M|
|poke|p2|Nidoking, M|
|poke|p2|Zapdos|
|poke|p2|Porygon2|
|poke|p2|Heatran, F|
|rule|Sleep Clause Mod: Limit one foe put to sleep
|rule|Species Clause: Limit one of each Pokémon
|rule|OHKO Clause: OHKO moves are banned
|rule|Evasion Moves Clause: Evasion moves are banned
|rule|Endless Battle Clause: Forcing endless battles is banned
|rule|HP Percentage Mod: HP is shown in percentages
|rule|Dynamax Clause: You cannot dynamax
|teampreview
|inactive|Battle timer is ON: inactive players will automatically lose when time's up. (requested by tanishq1)
|
|t:|1609945934
|start
|switch|p1a: Sandaconda|Sandaconda, F|100/100
|switch|p2a: Heatran|Heatran, F|100/100
|turn|1
|
|t:|1609945949
|move|p2a: Heatran|Eruption|p1a: Sandaconda
|-damage|p1a: Sandaconda|19/100
|-weather|Sandstorm|[from] ability: Sand Spit|[of] p1a: Sandaconda
|move|p1a: Sandaconda|Glare|p2a: Heatran
|-status|p2a: Heatran|par
|
|-weather|Sandstorm|[upkeep]
|upkeep
|turn|2
|
|t:|1609945955
|move|p1a: Sandaconda|Stealth Rock|p2a: Heatran
|-sidestart|p2: tanishq1|move: Stealth Rock
|cant|p2a: Heatran|par
|
|-weather|Sandstorm|[upkeep]
|upkeep
|turn|3
|j| Zombini62
|
|t:|1609945959
|move|p1a: Sandaconda|Rock Tomb|p2a: Heatran
|-damage|p2a: Heatran|86/100 par
|-unboost|p2a: Heatran|spe|1
|move|p2a: Heatran|Eruption|p1a: Sandaconda
|-damage|p1a: Sandaconda|0 fnt
|faint|p1a: Sandaconda
|
|-weather|Sandstorm|[upkeep]
|upkeep
|l| Zombini62
|
|t:|1609945963
|switch|p1a: Excadrill|Excadrill, F|100/100
|turn|4
|
|t:|1609945965
|switch|p2a: Porygon2|Porygon2, shiny|100/100
|-damage|p2a: Porygon2|88/100|[from] Stealth Rock
|-ability|p2a: Porygon2|Sand Rush|[from] ability: Trace|[of] p1a: Excadrill
|move|p1a: Excadrill|Earthquake|p2a: Porygon2
|-damage|p2a: Porygon2|51/100
|-damage|p1a: Excadrill|91/100|[from] item: Life Orb
|
|-weather|Sandstorm|[upkeep]
|upkeep
|turn|5
|j| Ggcg
|
|t:|1609945968
|move|p1a: Excadrill|Swords Dance|p1a: Excadrill
|-boost|p1a: Excadrill|atk|2
|move|p2a: Porygon2|Recover|p2a: Porygon2
|-heal|p2a: Porygon2|100/100
|
|-weather|Sandstorm|[upkeep]
|upkeep
|turn|6
|j| Zombini62
|
|t:|1609945971
|move|p1a: Excadrill|Iron Head|p2a: Porygon2
|-damage|p2a: Porygon2|37/100
|-damage|p1a: Excadrill|81/100|[from] item: Life Orb
|move|p2a: Porygon2|Foul Play|p1a: Excadrill
|-damage|p1a: Excadrill|0 fnt
|faint|p1a: Excadrill
|
|-weather|Sandstorm|[upkeep]
|upkeep
|
|t:|1609945979
|switch|p1a: Buzzwole|Buzzwole|100/100
|turn|7
|
|t:|1609945982
|move|p2a: Porygon2|Recover|p2a: Porygon2
|-heal|p2a: Porygon2|87/100
|move|p1a: Buzzwole|Bulk Up|p1a: Buzzwole
|-boost|p1a: Buzzwole|atk|1
|-boost|p1a: Buzzwole|def|1
|
|-weather|Sandstorm|[upkeep]
|-damage|p1a: Buzzwole|94/100|[from] Sandstorm
|-heal|p1a: Buzzwole|100/100|[from] item: Leftovers
|upkeep
|turn|8
|
|t:|1609945985
|move|p2a: Porygon2|Thunder Wave|p1a: Buzzwole
|-status|p1a: Buzzwole|par
|cant|p1a: Buzzwole|par
|
|-weather|none
|upkeep
|turn|9
|j| Carakas
|
|t:|1609945987
|move|p1a: Buzzwole|Drain Punch|p2a: Porygon2
|-supereffective|p2a: Porygon2
|-damage|p2a: Porygon2|28/100
|move|p2a: Porygon2|Teleport|p2a: Porygon2
|
|t:|1609945992
|switch|p2a: Zapdos|Zapdos, shiny|100/100|[from]move: Teleport
|
|upkeep
|turn|10
|
|t:|1609945995
|switch|p1a: Ninetales|Ninetales-Alola, M|100/100
|-weather|Hail|[from] ability: Snow Warning|[of] p1a: Ninetales
|move|p2a: Zapdos|Defog|p1a: Ninetales
|-unboost|p1a: Ninetales|evasion|1
|-sideend|p2: tanishq1|Stealth Rock|[from] move: Defog|[of] p2a: Zapdos
|
|-weather|Hail|[upkeep]
|-damage|p2a: Zapdos|94/100|[from] Hail
|upkeep
|turn|11
|
|t:|1609946002
|switch|p2a: Heatran|Heatran, F|86/100 par
|move|p1a: Ninetales|Aurora Veil|p1a: Ninetales
|-sidestart|p1: roboPOKE|move: Aurora Veil
|
|-weather|Hail|[upkeep]
|-damage|p2a: Heatran|79/100 par|[from] Hail
|upkeep
|turn|12
|
|t:|1609946006
|switch|p1a: Zygarde|Zygarde-10%|100/100
|-ability|p1a: Zygarde|Aura Break
|cant|p2a: Heatran|par
|
|-weather|Hail|[upkeep]
|-damage|p1a: Zygarde|94/100|[from] Hail
|-damage|p2a: Heatran|73/100 par|[from] Hail
|-heal|p1a: Zygarde|100/100|[from] item: Leftovers
|upkeep
|turn|13
|
|t:|1609946012
|switch|p2a: Clefable|Clefable, M, shiny|100/100
|move|p1a: Zygarde|Dragon Dance|p1a: Zygarde
|-boost|p1a: Zygarde|atk|1
|-boost|p1a: Zygarde|spe|1
|
|-weather|Hail|[upkeep]
|-damage|p1a: Zygarde|94/100|[from] Hail
|-heal|p1a: Zygarde|100/100|[from] item: Leftovers
|upkeep
|turn|14
|
|t:|1609946017
|switch|p1a: Magearna|Magearna|100/100
|move|p2a: Clefable|Moonblast|p1a: Magearna
|-resisted|p1a: Magearna
|-damage|p1a: Magearna|96/100
|
|-weather|none
|upkeep
|turn|15
|
|t:|1609946024
|switch|p2a: Porygon2|Porygon2, shiny|28/100
|-ability|p2a: Porygon2|Soul-Heart|[from] ability: Trace|[of] p1a: Magearna
|move|p1a: Magearna|Flash Cannon|p2a: Porygon2
|-damage|p2a: Porygon2|0 fnt
|faint|p2a: Porygon2
|-ability|p1a: Magearna|Soul-Heart|boost
|-boost|p1a: Magearna|spa|1
|
|upkeep
|
|t:|1609946028
|switch|p2a: Heatran|Heatran, F|73/100 par
|turn|16
|
|t:|1609946031
|move|p2a: Heatran|Flamethrower|p1a: Magearna
|-supereffective|p1a: Magearna
|-damage|p1a: Magearna|69/100
|move|p1a: Magearna|Aura Sphere|p2a: Heatran
|-supereffective|p2a: Heatran
|-damage|p2a: Heatran|0 fnt
|faint|p2a: Heatran
|-ability|p1a: Magearna|Soul-Heart|boost
|-boost|p1a: Magearna|spa|1
|
|upkeep
|
|t:|1609946044
|switch|p2a: Urshifu|Urshifu-Rapid-Strike, M, shiny|100/100
|turn|17
|
|t:|1609946048
|switch|p2a: Nidoking|Nidoking, M, shiny|100/100
|move|p1a: Magearna|Draining Kiss|p2a: Nidoking
|-resisted|p2a: Nidoking
|-damage|p2a: Nidoking|62/100
|-heal|p1a: Magearna|94/100|[from] drain|[of] p2a: Nidoking
|
|upkeep
|turn|18
|
|t:|1609946056
|switch|p2a: Zapdos|Zapdos, shiny|94/100
|move|p1a: Magearna|Flash Cannon|p2a: Zapdos
|-resisted|p2a: Zapdos
|-damage|p2a: Zapdos|51/100
|
|-sideend|p1: roboPOKE|move: Aurora Veil
|upkeep
|turn|19
|
|t:|1609946061
|move|p2a: Zapdos|Volt Switch|p1a: Magearna
|-damage|p1a: Magearna|77/100
|
|t:|1609946064
|switch|p2a: Nidoking|Nidoking, M, shiny|62/100|[from]move: Volt Switch
|move|p1a: Magearna|Draining Kiss|p2a: Nidoking
|-resisted|p2a: Nidoking
|-damage|p2a: Nidoking|21/100
|-heal|p1a: Magearna|100/100|[from] drain|[of] p2a: Nidoking
|
|upkeep
|turn|20
|
|t:|1609946069
|switch|p1a: Ninetales|Ninetales-Alola, M|100/100
|-weather|Hail|[from] ability: Snow Warning|[of] p1a: Ninetales
|move|p2a: Nidoking|Earth Power|p1a: Ninetales
|-damage|p1a: Ninetales|47/100
|
|-weather|Hail|[upkeep]
|-damage|p2a: Nidoking|15/100|[from] Hail
|upkeep
|turn|21
|l| Ggcg
|
|t:|1609946071
|move|p1a: Ninetales|Aurora Veil|p1a: Ninetales
|-sidestart|p1: roboPOKE|move: Aurora Veil
|move|p2a: Nidoking|Sludge Wave|p1a: Ninetales
|-supereffective|p1a: Ninetales
|-damage|p1a: Ninetales|0 fnt
|faint|p1a: Ninetales
|
|-weather|Hail|[upkeep]
|-damage|p2a: Nidoking|9/100|[from] Hail
|upkeep
|
|t:|1609946075
|switch|p1a: Zygarde|Zygarde-10%|100/100
|-ability|p1a: Zygarde|Aura Break
|turn|22
|
|t:|1609946077
|move|p1a: Zygarde|Extreme Speed|p2a: Nidoking
|-damage|p2a: Nidoking|0 fnt
|faint|p2a: Nidoking
|
|-weather|Hail|[upkeep]
|-damage|p1a: Zygarde|94/100|[from] Hail
|-heal|p1a: Zygarde|100/100|[from] item: Leftovers
|upkeep
|
|t:|1609946080
|switch|p2a: Clefable|Clefable, M, shiny|100/100
|turn|23
|
|t:|1609946083
|switch|p1a: Magearna|Magearna|100/100
|switch|p2a: Urshifu|Urshifu-Rapid-Strike, M, shiny|100/100
|
|-weather|Hail|[upkeep]
|-damage|p2a: Urshifu|94/100|[from] Hail
|-damage|p1a: Magearna|94/100|[from] Hail
|upkeep
|turn|24
|
|t:|1609946085
|move|p2a: Urshifu|Surging Strikes|p1a: Magearna
|-crit|p1a: Magearna
|-damage|p1a: Magearna|71/100
|-crit|p1a: Magearna
|-damage|p1a: Magearna|44/100
|-crit|p1a: Magearna
|-damage|p1a: Magearna|19/100
|-hitcount|p1a: Magearna|3
|move|p1a: Magearna|Draining Kiss|p2a: Urshifu
|-supereffective|p2a: Urshifu
|-damage|p2a: Urshifu|2/100
|-heal|p1a: Magearna|83/100|[from] drain|[of] p2a: Urshifu
|
|-weather|none
|upkeep
|turn|25
|
|t:|1609946094
|switch|p1a: Buzzwole|Buzzwole|100/100 par
|move|p2a: Urshifu|Surging Strikes|p1a: Buzzwole
|-crit|p1a: Buzzwole
|-damage|p1a: Buzzwole|80/100 par
|-crit|p1a: Buzzwole
|-damage|p1a: Buzzwole|60/100 par
|-crit|p1a: Buzzwole
|-damage|p1a: Buzzwole|42/100 par
|-hitcount|p1a: Buzzwole|3
|
|-heal|p1a: Buzzwole|48/100 par|[from] item: Leftovers
|upkeep
|turn|26
|
|t:|1609946098
|move|p2a: Urshifu|Surging Strikes|p1a: Buzzwole
|-crit|p1a: Buzzwole
|-damage|p1a: Buzzwole|27/100 par
|-crit|p1a: Buzzwole
|-damage|p1a: Buzzwole|8/100 par
|-crit|p1a: Buzzwole
|-damage|p1a: Buzzwole|0 fnt
|-hitcount|p1a: Buzzwole|3
|faint|p1a: Buzzwole
|
|upkeep
|
|t:|1609946101
|switch|p1a: Zygarde|Zygarde-10%|100/100
|-ability|p1a: Zygarde|Aura Break
|turn|27
|
|t:|1609946105
|switch|p2a: Zapdos|Zapdos, shiny|51/100
|switch|p1a: Magearna|Magearna|83/100
|
|upkeep
|turn|28
|
|t:|1609946107
|move|p2a: Zapdos|Roost|p2a: Zapdos
|-heal|p2a: Zapdos|100/100
|-singleturn|p2a: Zapdos|move: Roost
|move|p1a: Magearna|Draining Kiss|p2a: Zapdos
|-damage|p2a: Zapdos|74/100
|-heal|p1a: Magearna|100/100|[from] drain|[of] p2a: Zapdos
|
|-sideend|p1: roboPOKE|move: Aurora Veil
|upkeep
|turn|29
|
|t:|1609946113
|move|p2a: Zapdos|Roost|p2a: Zapdos
|-heal|p2a: Zapdos|100/100
|-singleturn|p2a: Zapdos|move: Roost
|move|p1a: Magearna|Draining Kiss|p2a: Zapdos
|-damage|p2a: Zapdos|75/100
|
|upkeep
|turn|30
|
|t:|1609946116
|move|p2a: Zapdos|Roost|p2a: Zapdos
|-heal|p2a: Zapdos|100/100
|-singleturn|p2a: Zapdos|move: Roost
|move|p1a: Magearna|Draining Kiss|p2a: Zapdos
|-damage|p2a: Zapdos|72/100
|
|upkeep
|turn|31
|
|t:|1609946120
|move|p2a: Zapdos|Hurricane|p1a: Magearna
|-resisted|p1a: Magearna
|-damage|p1a: Magearna|88/100
|-start|p1a: Magearna|confusion
|-activate|p1a: Magearna|confusion
|move|p1a: Magearna|Aura Sphere|p2a: Zapdos
|-resisted|p2a: Zapdos
|-damage|p2a: Zapdos|58/100
|
|upkeep
|turn|32
|
|t:|1609946124
|move|p2a: Zapdos|Roost|p2a: Zapdos
|-heal|p2a: Zapdos|100/100
|-singleturn|p2a: Zapdos|move: Roost
|-activate|p1a: Magearna|confusion
|move|p1a: Magearna|Thunderbolt|p2a: Zapdos
|-resisted|p2a: Zapdos
|-damage|p2a: Zapdos|84/100
|
|upkeep
|turn|33
|
|t:|1609946129
|move|p2a: Zapdos|Hurricane|p1a: Magearna|[miss]
|-miss|p2a: Zapdos|p1a: Magearna
|-end|p1a: Magearna|confusion
|move|p1a: Magearna|Draining Kiss|p2a: Zapdos
|-damage|p2a: Zapdos|60/100
|-heal|p1a: Magearna|100/100|[from] drain|[of] p2a: Zapdos
|
|upkeep
|turn|34
|
|t:|1609946132
|move|p2a: Zapdos|Hurricane|p1a: Magearna
|-resisted|p1a: Magearna
|-damage|p1a: Magearna|88/100
|move|p1a: Magearna|Flash Cannon|p2a: Zapdos
|-resisted|p2a: Zapdos
|-damage|p2a: Zapdos|41/100
|
|upkeep
|turn|35
|
|t:|1609946136
|move|p2a: Zapdos|Hurricane|p1a: Magearna|[miss]
|-miss|p2a: Zapdos|p1a: Magearna
|move|p1a: Magearna|Flash Cannon|p2a: Zapdos
|-resisted|p2a: Zapdos
|-damage|p2a: Zapdos|19/100
|
|upkeep
|turn|36
|
|t:|1609946138
|move|p2a: Zapdos|Roost|p2a: Zapdos
|-heal|p2a: Zapdos|69/100
|-singleturn|p2a: Zapdos|move: Roost
|move|p1a: Magearna|Draining Kiss|p2a: Zapdos
|-damage|p2a: Zapdos|41/100
|-heal|p1a: Magearna|100/100|[from] drain|[of] p2a: Zapdos
|
|upkeep
|turn|37
|
|t:|1609946143
|move|p2a: Zapdos|Roost|p2a: Zapdos
|-heal|p2a: Zapdos|91/100
|-singleturn|p2a: Zapdos|move: Roost
|move|p1a: Magearna|Flash Cannon|p2a: Zapdos
|-resisted|p2a: Zapdos
|-damage|p2a: Zapdos|68/100
|
|upkeep
|turn|38
|
|t:|1609946150
|move|p2a: Zapdos|Hurricane|p1a: Magearna|[miss]
|-miss|p2a: Zapdos|p1a: Magearna
|move|p1a: Magearna|Flash Cannon|p2a: Zapdos
|-resisted|p2a: Zapdos
|-damage|p2a: Zapdos|47/100
|
|upkeep
|turn|39
|
|t:|1609946153
|move|p2a: Zapdos|Roost|p2a: Zapdos
|-heal|p2a: Zapdos|97/100
|-singleturn|p2a: Zapdos|move: Roost
|move|p1a: Magearna|Aura Sphere|p2a: Zapdos
|-damage|p2a: Zapdos|68/100
|
|upkeep
|turn|40
|
|t:|1609946157
|move|p2a: Zapdos|Hurricane|p1a: Magearna
|-resisted|p1a: Magearna
|-damage|p1a: Magearna|88/100
|-start|p1a: Magearna|confusion
|-activate|p1a: Magearna|confusion
|move|p1a: Magearna|Thunderbolt|p2a: Zapdos
|-damage|p2a: Zapdos|35/100
|
|upkeep
|turn|41
|
|t:|1609946164
|move|p2a: Zapdos|Roost|p2a: Zapdos
|-heal|p2a: Zapdos|85/100
|-singleturn|p2a: Zapdos|move: Roost
|-activate|p1a: Magearna|confusion
|-damage|p1a: Magearna|82/100|[from] confusion
|
|upkeep
|turn|42
|
|t:|1609946167
|move|p2a: Zapdos|Hurricane|p1a: Magearna
|-resisted|p1a: Magearna
|-damage|p1a: Magearna|69/100
|-activate|p1a: Magearna|confusion
|move|p1a: Magearna|Thunderbolt|p2a: Zapdos
|-damage|p2a: Zapdos|53/100
|
|upkeep
|turn|43
|
|t:|1609946171
|move|p2a: Zapdos|Hurricane|p1a: Magearna
|-resisted|p1a: Magearna
|-damage|p1a: Magearna|56/100
|-end|p1a: Magearna|confusion
|move|p1a: Magearna|Aura Sphere|p2a: Zapdos
|-resisted|p2a: Zapdos
|-damage|p2a: Zapdos|38/100
|
|upkeep
|turn|44
|l| Zombini62
|
|t:|1609946177
|move|p2a: Zapdos|Roost|p2a: Zapdos
|-heal|p2a: Zapdos|88/100
|-singleturn|p2a: Zapdos|move: Roost
|move|p1a: Magearna|Draining Kiss|p2a: Zapdos
|-damage|p2a: Zapdos|62/100
|-heal|p1a: Magearna|76/100|[from] drain|[of] p2a: Zapdos
|
|upkeep
|turn|45
|
|t:|1609946181
|move|p2a: Zapdos|Defog|p1a: Magearna
|-unboost|p1a: Magearna|evasion|1
|move|p1a: Magearna|Draining Kiss|p2a: Zapdos
|-damage|p2a: Zapdos|37/100
|-heal|p1a: Magearna|96/100|[from] drain|[of] p2a: Zapdos
|
|upkeep
|turn|46
|
|t:|1609946184
|move|p2a: Zapdos|Roost|p2a: Zapdos
|-heal|p2a: Zapdos|87/100
|-singleturn|p2a: Zapdos|move: Roost
|move|p1a: Magearna|Aura Sphere|p2a: Zapdos
|-damage|p2a: Zapdos|60/100
|
|upkeep
|turn|47
|
|t:|1609946187
|move|p2a: Zapdos|Hurricane|p1a: Magearna
|-resisted|p1a: Magearna
|-damage|p1a: Magearna|83/100
|move|p1a: Magearna|Thunderbolt|p2a: Zapdos
|-damage|p2a: Zapdos|28/100
|
|upkeep
|turn|48
|
|t:|1609946191
|move|p2a: Zapdos|Roost|p2a: Zapdos
|-heal|p2a: Zapdos|78/100
|-singleturn|p2a: Zapdos|move: Roost
|move|p1a: Magearna|Aura Sphere|p2a: Zapdos
|-damage|p2a: Zapdos|52/100
|
|upkeep
|turn|49
|
|t:|1609946194
|move|p2a: Zapdos|Hurricane|p1a: Magearna
|-resisted|p1a: Magearna
|-damage|p1a: Magearna|71/100
|move|p1a: Magearna|Aura Sphere|p2a: Zapdos
|-resisted|p2a: Zapdos
|-damage|p2a: Zapdos|39/100
|
|upkeep
|turn|50
|
|t:|1609946198
|move|p2a: Zapdos|Hurricane|p1a: Magearna
|-resisted|p1a: Magearna
|-damage|p1a: Magearna|58/100
|-start|p1a: Magearna|confusion
|-activate|p1a: Magearna|confusion
|-damage|p1a: Magearna|53/100|[from] confusion
|
|upkeep
|turn|51
|
|t:|1609946205
|move|p2a: Zapdos|Hurricane|p1a: Magearna
|-resisted|p1a: Magearna
|-damage|p1a: Magearna|41/100
|-activate|p1a: Magearna|confusion
|move|p1a: Magearna|Draining Kiss|p2a: Zapdos
|-damage|p2a: Zapdos|15/100
|-heal|p1a: Magearna|60/100|[from] drain|[of] p2a: Zapdos
|
|upkeep
|turn|52
|
|t:|1609946211
|switch|p1a: Zygarde|Zygarde-10%|100/100
|-ability|p1a: Zygarde|Aura Break
|move|p2a: Zapdos|Hurricane|p1a: Zygarde
|-damage|p1a: Zygarde|47/100
|-start|p1a: Zygarde|confusion
|
|-heal|p1a: Zygarde|54/100|[from] item: Leftovers
|upkeep
|turn|53
|
|t:|1609946218
|switch|p1a: Magearna|Magearna|60/100
|move|p2a: Zapdos|Hurricane|p1a: Magearna
|-resisted|p1a: Magearna
|-damage|p1a: Magearna|47/100
|-start|p1a: Magearna|confusion
|
|upkeep
|turn|54
|
|t:|1609946228
|switch|p1a: Zygarde|Zygarde-10%|54/100
|-ability|p1a: Zygarde|Aura Break
|move|p2a: Zapdos|Roost|p2a: Zapdos
|-heal|p2a: Zapdos|65/100
|-singleturn|p2a: Zapdos|move: Roost
|
|-heal|p1a: Zygarde|60/100|[from] item: Leftovers
|upkeep
|turn|55
|
|t:|1609946236
|move|p1a: Zygarde|Thousand Arrows|p2a: Zapdos
|-damage|p2a: Zapdos|31/100
|-start|p2a: Zapdos|Smack Down
|move|p2a: Zapdos|Roost|p2a: Zapdos
|-heal|p2a: Zapdos|81/100
|-singleturn|p2a: Zapdos|move: Roost
|
|-heal|p1a: Zygarde|66/100|[from] item: Leftovers
|upkeep
|turn|56
|
|t:|1609946242
|switch|p1a: Magearna|Magearna|47/100
|move|p2a: Zapdos|Hurricane|p1a: Magearna|[miss]
|-miss|p2a: Zapdos|p1a: Magearna
|
|upkeep
|turn|57
|
|t:|1609946244
|move|p2a: Zapdos|Hurricane|p1a: Magearna
|-resisted|p1a: Magearna
|-damage|p1a: Magearna|35/100
|-start|p1a: Magearna|confusion
|-activate|p1a: Magearna|confusion
|move|p1a: Magearna|Draining Kiss|p2a: Zapdos
|-damage|p2a: Zapdos|54/100
|-heal|p1a: Magearna|57/100|[from] drain|[of] p2a: Zapdos
|
|upkeep
|turn|58
|
|t:|1609946248
|move|p2a: Zapdos|Volt Switch|p1a: Magearna
|-damage|p1a: Magearna|40/100
|
|t:|1609946252
|switch|p2a: Urshifu|Urshifu-Rapid-Strike, M, shiny|2/100|[from]move: Volt Switch
|-activate|p1a: Magearna|confusion
|move|p1a: Magearna|Draining Kiss|p2a: Urshifu
|-supereffective|p2a: Urshifu
|-damage|p2a: Urshifu|0 fnt
|-heal|p1a: Magearna|41/100|[from] drain|[of] p2a: Urshifu
|faint|p2a: Urshifu
|-ability|p1a: Magearna|Soul-Heart|boost
|-boost|p1a: Magearna|spa|1
|
|upkeep
|
|t:|1609946256
|switch|p2a: Zapdos|Zapdos, shiny|54/100
|turn|59
|
|t:|1609946258
|move|p2a: Zapdos|Volt Switch|p1a: Magearna
|-damage|p1a: Magearna|25/100
|
|t:|1609946260
|switch|p2a: Clefable|Clefable, M, shiny|100/100|[from]move: Volt Switch
|-end|p1a: Magearna|confusion
|move|p1a: Magearna|Draining Kiss|p2a: Clefable
|-damage|p2a: Clefable|62/100
|-heal|p1a: Magearna|56/100|[from] drain|[of] p2a: Clefable
|-damage|p1a: Magearna|39/100|[from] item: Rocky Helmet|[of] p2a: Clefable
|
|upkeep
|turn|60
|-message|tanishq1 forfeited.
|
|win|roboPOKE
|l|☆tanishq1
||Ladder (probably) updated, but score could not be retrieved (Request timeout).
