|j|☆Looney Tounssss
|j|☆Batataplays
|t:|1661485478
|gametype|singles
|player|p1|Looney Tounssss|red|1597
|player|p2|Batataplays|furisodegirl-blue|1540
|teamsize|p1|6
|teamsize|p2|6
|gen|8
|tier|[Gen 8] OU
|rated|
|rule|Sleep Clause Mod: Limit one foe put to sleep
|rule|Species Clause: Limit one of each Pokémon
|rule|OHKO Clause: OHKO moves are banned
|rule|Evasion Items Clause: Evasion items are banned
|rule|Evasion Moves Clause: Evasion moves are banned
|rule|Endless Battle Clause: Forcing endless battles is banned
|rule|HP Percentage Mod: HP is shown in percentages
|rule|Dynamax Clause: You cannot dynamax
|clearpoke
|poke|p1|Urshifu-*, M|
|poke|p1|Magnezone|
|poke|p1|Tapu Lele|
|poke|p1|Landorus-Therian, M|
|poke|p1|Mandibuzz, F|
|poke|p1|Toxapex, M|
|poke|p2|Pelipper, F|
|poke|p2|Seismitoad, F|
|poke|p2|Zapdos|
|poke|p2|Ferrothorn, F|
|poke|p2|Barraskewda, F|
|poke|p2|Crawdaunt, F|
|teampreview
|inactive|Battle timer is ON: inactive players will automatically lose when time's up. (requested by Batataplays)
|
|t:|1661485522
|start
|switch|p1a: Tapu Lele|Tapu Lele|100/100
|switch|p2a: Let's in the rain|Pelipper, F|100/100
|-fieldstart|move: Psychic Terrain|[from] ability: Psychic Surge|[of] p1a: Tapu Lele
|-weather|RainDance|[from] ability: Drizzle|[of] p2a: Let's in the rain
|turn|1
|
|t:|1661485528
|switch|p2a: Ferrothorn|Ferrothorn, F|100/100
|move|p1a: Tapu Lele|Moonblast|p2a: Ferrothorn
|-resisted|p2a: Ferrothorn
|-damage|p2a: Ferrothorn|71/100
|-enditem|p2a: Ferrothorn|Eject Button
|
|t:|1661485534
|switch|p2a: Barraskewda|Barraskewda, F|100/100
|
|-weather|RainDance|[upkeep]
|upkeep
|turn|2
|
|t:|1661485540
|switch|p1a: Toxapex|Toxapex, M|100/100
|move|p2a: Barraskewda|Flip Turn|p1a: Toxapex
|-resisted|p1a: Toxapex
|-damage|p1a: Toxapex|80/100
|-damage|p2a: Barraskewda|84/100|[from] item: Rocky Helmet|[of] p1a: Toxapex
|
|t:|1661485542
|switch|p2a: Crawdaunt|Crawdaunt, F|100/100|[from]move: Flip Turn
|
|-weather|RainDance|[upkeep]
|upkeep
|turn|3
|
|t:|1661485555
|switch|p1a: Urshifu|Urshifu-Rapid-Strike, M|100/100
|move|p2a: Crawdaunt|Liquidation|p1a: Urshifu
|-resisted|p1a: Urshifu
|-damage|p1a: Urshifu|44/100
|-damage|p2a: Crawdaunt|91/100|[from] item: Life Orb
|
|-weather|RainDance|[upkeep]
|upkeep
|turn|4
|
|t:|1661485562
|switch|p2a: Zapdos|Zapdos|100/100
|move|p1a: Urshifu|U-turn|p2a: Zapdos
|-resisted|p2a: Zapdos
|-damage|p2a: Zapdos|85/100
|-status|p1a: Urshifu|par|[from] ability: Static|[of] p2a: Zapdos
|
|t:|1661485572
|switch|p1a: Tapu Lele|Tapu Lele|100/100|[from]move: U-turn
|
|-weather|RainDance|[upkeep]
|upkeep
|turn|5
|
|t:|1661485578
|move|p2a: Zapdos|Thunder|p1a: Tapu Lele
|-damage|p1a: Tapu Lele|10/100
|move|p1a: Tapu Lele|Psychic|p2a: Zapdos
|-damage|p2a: Zapdos|0 fnt
|faint|p2a: Zapdos
|
|-weather|RainDance|[upkeep]
|-fieldend|move: Psychic Terrain
|upkeep
|
|t:|1661485582
|switch|p2a: Seismitoad|Seismitoad, F|100/100
|turn|6
|inactive|Looney Tounssss has 120 seconds left.
|inactive|Looney Tounssss has 90 seconds left.
|
|t:|1661485656
|switch|p1a: Toxapex|Toxapex, M|100/100
|move|p2a: Seismitoad|Weather Ball|p1a: Toxapex
|-resisted|p1a: Toxapex
|-damage|p1a: Toxapex|67/100
|-damage|p2a: Seismitoad|91/100|[from] item: Life Orb
|
|-weather|RainDance|[upkeep]
|upkeep
|turn|7
|
|t:|1661485660
|switch|p1a: Mandibuzz|Mandibuzz, F|100/100
|move|p2a: Seismitoad|Earth Power|p1a: Mandibuzz
|-immune|p1a: Mandibuzz
|
|-weather|RainDance|[upkeep]
|upkeep
|turn|8
|
|t:|1661485668
|switch|p2a: Ferrothorn|Ferrothorn, F|71/100
|move|p1a: Mandibuzz|Roost||[still]
|-fail|p1a: Mandibuzz|heal
|
|-weather|none
|upkeep
|turn|9
|
|t:|1661485673
|switch|p2a: Let's in the rain|Pelipper, F|100/100
|-weather|RainDance|[from] ability: Drizzle|[of] p2a: Let's in the rain
|move|p1a: Mandibuzz|U-turn|p2a: Let's in the rain
|-resisted|p2a: Let's in the rain
|-damage|p2a: Let's in the rain|95/100
|
|t:|1661485676
|switch|p1a: Tapu Lele|Tapu Lele|10/100|[from]move: U-turn
|-fieldstart|move: Psychic Terrain|[from] ability: Psychic Surge|[of] p1a: Tapu Lele
|
|-weather|RainDance|[upkeep]
|upkeep
|turn|10
|
|t:|1661485683
|switch|p2a: Ferrothorn|Ferrothorn, F|71/100
|move|p1a: Tapu Lele|Moonblast|p2a: Ferrothorn
|-resisted|p2a: Ferrothorn
|-damage|p2a: Ferrothorn|40/100
|-unboost|p2a: Ferrothorn|spa|1
|
|-weather|RainDance|[upkeep]
|upkeep
|turn|11
|
|t:|1661485688
|switch|p1a: Magnezone|Magnezone|100/100
|move|p2a: Ferrothorn|Stealth Rock|p1a: Magnezone
|-sidestart|p1: Looney Tounssss|move: Stealth Rock
|
|-weather|RainDance|[upkeep]
|upkeep
|turn|12
|
|t:|1661485691
|move|p1a: Magnezone|Iron Defense|p1a: Magnezone
|-boost|p1a: Magnezone|def|2
|move|p2a: Ferrothorn|Leech Seed|p1a: Magnezone
|-start|p1a: Magnezone|move: Leech Seed
|
|-weather|RainDance|[upkeep]
|-damage|p1a: Magnezone|88/100|[from] Leech Seed|[of] p2a: Ferrothorn
|-heal|p2a: Ferrothorn|50/100|[silent]
|upkeep
|turn|13
|
|t:|1661485704
|move|p1a: Magnezone|Iron Defense|p1a: Magnezone
|-boost|p1a: Magnezone|def|2
|move|p2a: Ferrothorn|Knock Off|p1a: Magnezone
|-damage|p1a: Magnezone|82/100
|-enditem|p1a: Magnezone|Leftovers|[from] move: Knock Off|[of] p2a: Ferrothorn
|
|-weather|RainDance|[upkeep]
|-damage|p1a: Magnezone|70/100|[from] Leech Seed|[of] p2a: Ferrothorn
|-heal|p2a: Ferrothorn|59/100|[silent]
|-fieldend|move: Psychic Terrain
|upkeep
|turn|14
|
|t:|1661485706
|move|p1a: Magnezone|Body Press|p2a: Ferrothorn
|-supereffective|p2a: Ferrothorn
|-damage|p2a: Ferrothorn|0 fnt
|-damage|p1a: Magnezone|57/100|[from] ability: Iron Barbs|[of] p2a: Ferrothorn
|faint|p2a: Ferrothorn
|
|-weather|RainDance|[upkeep]
|upkeep
|
|t:|1661485709
|switch|p2a: Seismitoad|Seismitoad, F|91/100
|turn|15
|inactive|Looney Tounssss has 120 seconds left.
|inactive|Looney Tounssss has 90 seconds left.
|inactive|Looney Tounssss has 60 seconds left.
|inactive|Looney Tounssss has 30 seconds left.
|
|t:|1661485835
|switch|p1a: Toxapex|Toxapex, M|99/100
|-damage|p1a: Toxapex|87/100|[from] Stealth Rock
|move|p2a: Seismitoad|Weather Ball|p1a: Toxapex
|-resisted|p1a: Toxapex
|-damage|p1a: Toxapex|55/100
|-damage|p2a: Seismitoad|81/100|[from] item: Life Orb
|
|-weather|RainDance|[upkeep]
|upkeep
|turn|16
|inactive|Looney Tounssss has 30 seconds left.
|inactive|Looney Tounssss has 20 seconds left.
|inactive|Looney Tounssss has 15 seconds left.
|
|t:|1661485856
|switch|p2a: Crawdaunt|Crawdaunt, F|91/100
|switch|p1a: Magnezone|Magnezone|57/100
|-damage|p1a: Magnezone|51/100|[from] Stealth Rock
|
|-weather|none
|upkeep
|turn|17
|inactive|Looney Tounssss has 25 seconds left this turn.
|inactive|Looney Tounssss has 20 seconds left.
|
|t:|1661485865
|switch|p2a: Seismitoad|Seismitoad, F|81/100
|move|p1a: Magnezone|Body Press|p2a: Seismitoad
|-damage|p2a: Seismitoad|50/100
|
|upkeep
|turn|18
|inactive|Looney Tounssss has 30 seconds left this turn.
|
|t:|1661485870
|switch|p2a: Let's in the rain|Pelipper, F|95/100
|-weather|RainDance|[from] ability: Drizzle|[of] p2a: Let's in the rain
|switch|p1a: Landorus|Landorus-Therian, M|100/100
|-damage|p1a: Landorus|88/100|[from] Stealth Rock
|-ability|p1a: Landorus|Intimidate|boost
|-unboost|p2a: Let's in the rain|atk|1
|
|-weather|RainDance|[upkeep]
|-heal|p1a: Landorus|94/100|[from] item: Leftovers
|upkeep
|turn|19
|
|t:|1661485876
|move|p1a: Landorus|Defog|p2a: Let's in the rain
|-unboost|p2a: Let's in the rain|evasion|1
|-sideend|p1: Looney Tounssss|Stealth Rock|[from] move: Defog|[of] p1a: Landorus
|move|p2a: Let's in the rain|U-turn|p1a: Landorus
|-resisted|p1a: Landorus
|-damage|p1a: Landorus|91/100
|
|t:|1661485881
|switch|p2a: Seismitoad|Seismitoad, F|50/100|[from]move: U-turn
|
|-weather|RainDance|[upkeep]
|-heal|p1a: Landorus|97/100|[from] item: Leftovers
|upkeep
|turn|20
|
|t:|1661485889
|move|p2a: Seismitoad|Earth Power|p1a: Landorus
|-immune|p1a: Landorus
|move|p1a: Landorus|Stealth Rock|p2a: Seismitoad
|-sidestart|p2: Batataplays|move: Stealth Rock
|
|-weather|RainDance|[upkeep]
|-heal|p1a: Landorus|100/100|[from] item: Leftovers
|upkeep
|turn|21
|inactive|Looney Tounssss has 30 seconds left.
|inactive|Looney Tounssss has 20 seconds left.
|
|t:|1661485926
|move|p2a: Seismitoad|Earth Power|p1a: Landorus
|-immune|p1a: Landorus
|move|p1a: Landorus|U-turn|p2a: Seismitoad
|-damage|p2a: Seismitoad|23/100
|inactive|Looney Tounssss has 25 seconds left this turn.
|inactive|Looney Tounssss has 20 seconds left.
|inactive|Looney Tounssss has 15 seconds left.
|
|t:|1661485937
|switch|p1a: Urshifu|Urshifu-Rapid-Strike, M|44/100 par|[from]move: U-turn
|
|-weather|RainDance|[upkeep]
|upkeep
|turn|22
|inactive|Looney Tounssss has 25 seconds left this turn.
|
|t:|1661485943
|move|p1a: Urshifu|Aqua Jet|p2a: Seismitoad
|-damage|p2a: Seismitoad|0 fnt
|faint|p2a: Seismitoad
|
|-weather|RainDance|[upkeep]
|upkeep
|inactive|Looney Tounssss has 30 seconds left this turn.
|c|☆Batataplays|predict is cringe
|-message|Batataplays forfeited.
|
|win|Looney Tounssss
|raw|Looney Tounssss's rating: 1597 &rarr; <strong>1614</strong><br />(+17 for winning)
|raw|Batataplays's rating: 1540 &rarr; <strong>1523</strong><br />(-17 for losing)
|l|☆Batataplays
||Ladder isn't responding, score probably updated but might not have (Request timeout).
