|j|☆PedroGrug
|j|☆zeno420
|t:|1607999350
|player|p1|PedroGrug|lyra|1643
|player|p2|zeno420|169|1716
|teamsize|p1|6
|teamsize|p2|6
|gametype|singles
|gen|8
|tier|[Gen 8] OU
|rated|
|clearpoke
|poke|p1|Pheromosa|
|poke|p1|Landorus-Therian, M|
|poke|p1|Heatran, F|
|poke|p1|Vaporeon, F|
|poke|p1|Latios, M|
|poke|p1|Tapu Koko|
|poke|p2|Heatran, F|
|poke|p2|Amoonguss, M|
|poke|p2|Mandibuzz, F|
|poke|p2|Slowbro, F|
|poke|p2|Urshifu-*, F|
|poke|p2|Landorus-Therian, M|
|rule|Sleep Clause Mod: Limit one foe put to sleep
|rule|Species Clause: Limit one of each Pokémon
|rule|OHKO Clause: OHKO moves are banned
|rule|Evasion Moves Clause: Evasion moves are banned
|rule|Endless Battle Clause: Forcing endless battles is banned
|rule|HP Percentage Mod: HP is shown in percentages
|rule|Dynamax Clause: You cannot dynamax
|teampreview
|j| zjjjjj
|
|t:|1607999366
|start
|switch|p1a: Landorus|Landorus-Therian, M|100/100
|switch|p2a: Landorus|Landorus-Therian, M|100/100
|-ability|p2a: Landorus|Intimidate|boost
|-unboost|p1a: Landorus|atk|1
|-ability|p1a: Landorus|Intimidate|boost
|-unboost|p2a: Landorus|atk|1
|turn|1
|
|t:|1607999370
|move|p2a: Landorus|Toxic|p1a: Landorus
|-status|p1a: Landorus|tox
|move|p1a: Landorus|Toxic|p2a: Landorus
|-status|p2a: Landorus|tox
|
|-damage|p2a: Landorus|95/100 tox|[from] psn
|-damage|p1a: Landorus|94/100 tox|[from] psn
|upkeep
|turn|2
|
|t:|1607999377
|switch|p2a: Amoonguss|Amoonguss, M|100/100
|move|p1a: Landorus|Stealth Rock|p2a: Amoonguss
|-sidestart|p2: zeno420|move: Stealth Rock
|
|-heal|p1a: Landorus|100/100 tox|[from] item: Leftovers
|-damage|p1a: Landorus|88/100 tox|[from] psn
|upkeep
|turn|3
|
|t:|1607999384
|move|p1a: Landorus|Earthquake|p2a: Amoonguss
|-damage|p2a: Amoonguss|76/100
|move|p2a: Amoonguss|Spore||[still]
|-fail|p2a: Amoonguss
|
|-heal|p1a: Landorus|94/100 tox|[from] item: Leftovers
|-heal|p2a: Amoonguss|82/100|[from] item: Black Sludge
|-damage|p1a: Landorus|76/100 tox|[from] psn
|upkeep
|turn|4
|
|t:|1607999388
|move|p1a: Landorus|Earthquake|p2a: Amoonguss
|-damage|p2a: Amoonguss|56/100
|move|p2a: Amoonguss|Spore||[still]
|-fail|p2a: Amoonguss
|
|-heal|p1a: Landorus|82/100 tox|[from] item: Leftovers
|-heal|p2a: Amoonguss|62/100|[from] item: Black Sludge
|-damage|p1a: Landorus|58/100 tox|[from] psn
|upkeep
|turn|5
|
|t:|1607999392
|move|p1a: Landorus|Earthquake|p2a: Amoonguss
|-damage|p2a: Amoonguss|39/100
|move|p2a: Amoonguss|Spore||[still]
|-fail|p2a: Amoonguss
|
|-heal|p1a: Landorus|64/100 tox|[from] item: Leftovers
|-heal|p2a: Amoonguss|45/100|[from] item: Black Sludge
|-damage|p1a: Landorus|34/100 tox|[from] psn
|upkeep
|turn|6
|
|t:|1607999395
|switch|p2a: Landorus|Landorus-Therian, M|95/100 tox
|-damage|p2a: Landorus|82/100 tox|[from] Stealth Rock
|-ability|p2a: Landorus|Intimidate|boost
|-unboost|p1a: Landorus|atk|1
|move|p1a: Landorus|Earthquake|p2a: Landorus
|-immune|p2a: Landorus
|
|-heal|p1a: Landorus|40/100 tox|[from] item: Leftovers
|-damage|p2a: Landorus|76/100 tox|[from] psn
|-damage|p1a: Landorus|4/100 tox|[from] psn
|upkeep
|turn|7
|
|t:|1607999402
|move|p2a: Landorus|U-turn|p1a: Landorus
|-resisted|p1a: Landorus
|-damage|p1a: Landorus|0 fnt
|faint|p1a: Landorus
|
|t:|1607999411
|switch|p2a: Mandibuzz|Mandibuzz, F|100/100|[from]move: U-turn
|
|upkeep
|
|t:|1607999415
|switch|p1a: Tapu Koko|Tapu Koko|100/100
|-fieldstart|move: Electric Terrain|[from] ability: Electric Surge|[of] p1a: Tapu Koko
|turn|8
|
|t:|1607999423
|switch|p2a: Amoonguss|Amoonguss, M|78/100
|-damage|p2a: Amoonguss|65/100|[from] Stealth Rock
|move|p1a: Tapu Koko|Volt Switch|p2a: Amoonguss
|-resisted|p2a: Amoonguss
|-damage|p2a: Amoonguss|49/100
|
|t:|1607999432
|switch|p1a: Heatran|Heatran, F|100/100|[from]move: Volt Switch
|
|-heal|p2a: Amoonguss|55/100|[from] item: Black Sludge
|upkeep
|turn|9
|
|t:|1607999439
|switch|p2a: Heatran|Heatran, F|100/100
|-damage|p2a: Heatran|88/100|[from] Stealth Rock
|move|p1a: Heatran|Magma Storm|p2a: Heatran
|-start|p2a: Heatran|ability: Flash Fire
|
|-heal|p2a: Heatran|94/100|[from] item: Leftovers
|upkeep
|turn|10
|
|t:|1607999444
|move|p1a: Heatran|Earth Power|p2a: Heatran
|-supereffective|p2a: Heatran
|-damage|p2a: Heatran|28/100
|move|p2a: Heatran|Earth Power|p1a: Heatran
|-supereffective|p1a: Heatran
|-damage|p1a: Heatran|35/100
|
|-heal|p1a: Heatran|41/100|[from] item: Leftovers
|-heal|p2a: Heatran|34/100|[from] item: Leftovers
|upkeep
|turn|11
|
|t:|1607999451
|move|p1a: Heatran|Magma Storm|p2a: Heatran
|-immune|p2a: Heatran|[from] ability: Flash Fire
|move|p2a: Heatran|Earth Power|p1a: Heatran
|-supereffective|p1a: Heatran
|-damage|p1a: Heatran|0 fnt
|faint|p1a: Heatran
|
|-heal|p2a: Heatran|40/100|[from] item: Leftovers
|upkeep
|-message|PedroGrug forfeited.
|
|win|zeno420
|l|☆PedroGrug
|c|☆zeno420|Oh
|c|☆zeno420|dear
