|raw|<div class="broadcast-blue"><strong>This battle is required to be public due to a player having a name starting with 'lt92pf'.</div>
|j|☆lt92pf dxm
|j|‽kinetic chain
|t:|1660173859
|gametype|singles
|player|p1|lt92pf dxm|maid-gen4|1729
|player|p2|kinetic chain|giovanni-gen1|1925
|teamsize|p1|6
|teamsize|p2|6
|gen|8
|tier|[Gen 8] OU
|rated|
|rule|Sleep Clause Mod: Limit one foe put to sleep
|rule|Species Clause: Limit one of each Pokémon
|rule|OHKO Clause: OHKO moves are banned
|rule|Evasion Items Clause: Evasion items are banned
|rule|Evasion Moves Clause: Evasion moves are banned
|rule|Endless Battle Clause: Forcing endless battles is banned
|rule|HP Percentage Mod: HP is shown in percentages
|rule|Dynamax Clause: You cannot dynamax
|clearpoke
|poke|p1|Slowking-Galar, M|
|poke|p1|Weavile, M|
|poke|p1|Dragapult, F|
|poke|p1|Garchomp, F|
|poke|p1|Corviknight, F|
|poke|p1|Urshifu-*, F|
|poke|p2|Dragapult, M|
|poke|p2|Tyranitar, F|
|poke|p2|Heatran, M|
|poke|p2|Landorus-Therian, M|
|poke|p2|Zapdos|
|poke|p2|Ferrothorn, F|
|teampreview
|j| yop on the flux
|j| Beka ❤
|j| MrToxicSheep
|inactive|Battle timer is ON: inactive players will automatically lose when time's up. (requested by lt92pf dxm)
|
|t:|1660173897
|start
|switch|p1a: Garchomp|Garchomp, F, shiny|100/100
|switch|p2a: Ferrothorn|Ferrothorn, F|100/100
|turn|1
|
|t:|1660173903
|move|p1a: Garchomp|Stealth Rock|p2a: Ferrothorn
|-sidestart|p2: kinetic chain|move: Stealth Rock
|move|p2a: Ferrothorn|Knock Off|p1a: Garchomp
|-damage|p1a: Garchomp|85/100
|-damage|p2a: Ferrothorn|88/100|[from] ability: Rough Skin|[of] p1a: Garchomp
|-enditem|p1a: Garchomp|Leftovers|[from] move: Knock Off|[of] p2a: Ferrothorn
|
|-heal|p2a: Ferrothorn|94/100|[from] item: Leftovers
|upkeep
|turn|2
|j| chokst du
|
|t:|1660173921
|switch|p1a: Slowking|Slowking-Galar, M, shiny|100/100
|move|p2a: Ferrothorn|Knock Off|p1a: Slowking
|-supereffective|p1a: Slowking
|-crit|p1a: Slowking
|-damage|p1a: Slowking|33/100
|-enditem|p1a: Slowking|Assault Vest|[from] move: Knock Off|[of] p2a: Ferrothorn
|
|-heal|p2a: Ferrothorn|99/100|[from] item: Leftovers
|upkeep
|turn|3
|
|t:|1660173930
|switch|p2a: Heatran|Heatran, M|100/100
|-damage|p2a: Heatran|88/100|[from] Stealth Rock
|move|p1a: Slowking|Flamethrower|p2a: Heatran
|-start|p2a: Heatran|ability: Flash Fire
|
|-heal|p2a: Heatran|94/100|[from] item: Leftovers
|upkeep
|turn|4
|
|t:|1660173938
|switch|p1a: Garchomp|Garchomp, F, shiny|85/100
|move|p2a: Heatran|Magma Storm|p1a: Garchomp
|-resisted|p1a: Garchomp
|-damage|p1a: Garchomp|55/100
|-activate|p1a: Garchomp|move: Magma Storm|[of] p2a: Heatran
|
|-heal|p2a: Heatran|100/100|[from] item: Leftovers
|-damage|p1a: Garchomp|42/100|[from] move: Magma Storm|[partiallytrapped]
|upkeep
|turn|5
|
|t:|1660173951
|-end|p2a: Heatran|ability: Flash Fire|[silent]
|switch|p2a: Ferrothorn|Ferrothorn, F|99/100
|-damage|p2a: Ferrothorn|94/100|[from] Stealth Rock
|move|p1a: Garchomp|Earthquake|p2a: Ferrothorn
|-damage|p2a: Ferrothorn|71/100
|
|-heal|p2a: Ferrothorn|77/100|[from] item: Leftovers
|-end|p1a: Garchomp|Magma Storm|[partiallytrapped]|[silent]
|upkeep
|turn|6
|
|t:|1660173961
|move|p1a: Garchomp|Earthquake|p2a: Ferrothorn
|-damage|p2a: Ferrothorn|51/100
|move|p2a: Ferrothorn|Stealth Rock|p1a: Garchomp
|-sidestart|p1: lt92pf dxm|move: Stealth Rock
|
|-heal|p2a: Ferrothorn|57/100|[from] item: Leftovers
|upkeep
|turn|7
|
|t:|1660173967
|move|p1a: Garchomp|Earthquake|p2a: Ferrothorn
|-damage|p2a: Ferrothorn|32/100
|move|p2a: Ferrothorn|Leech Seed|p1a: Garchomp
|-start|p1a: Garchomp|move: Leech Seed
|
|-heal|p2a: Ferrothorn|38/100|[from] item: Leftovers
|-damage|p1a: Garchomp|30/100|[from] Leech Seed|[of] p2a: Ferrothorn
|-heal|p2a: Ferrothorn|53/100|[silent]
|upkeep
|turn|8
|
|t:|1660173974
|switch|p1a: Slowking|Slowking-Galar, M, shiny|66/100
|-damage|p1a: Slowking|54/100|[from] Stealth Rock
|move|p2a: Ferrothorn|Leech Seed|p1a: Slowking
|-start|p1a: Slowking|move: Leech Seed
|
|-heal|p2a: Ferrothorn|59/100|[from] item: Leftovers
|-damage|p1a: Slowking|41/100|[from] Leech Seed|[of] p2a: Ferrothorn
|-heal|p2a: Ferrothorn|73/100|[silent]
|upkeep
|turn|9
|
|t:|1660173983
|switch|p1a: Garchomp|Garchomp, F, shiny|30/100
|-damage|p1a: Garchomp|24/100|[from] Stealth Rock
|move|p2a: Ferrothorn|Knock Off|p1a: Garchomp
|-crit|p1a: Garchomp
|-damage|p1a: Garchomp|7/100
|-damage|p2a: Ferrothorn|61/100|[from] ability: Rough Skin|[of] p1a: Garchomp
|
|-heal|p2a: Ferrothorn|67/100|[from] item: Leftovers
|upkeep
|turn|10
|
|t:|1660173992
|switch|p1a: Corviknight|Corviknight, F, shiny|100/100
|-damage|p1a: Corviknight|88/100|[from] Stealth Rock
|-ability|p1a: Corviknight|Pressure
|switch|p2a: Zapdos|Zapdos|100/100
|
|upkeep
|turn|11
|
|t:|1660174005
|switch|p1a: Garchomp|Garchomp, F, shiny|7/100
|-damage|p1a: Garchomp|1/100|[from] Stealth Rock
|move|p2a: Zapdos|Hurricane|p1a: Garchomp
|-damage|p1a: Garchomp|0 fnt
|faint|p1a: Garchomp
|
|upkeep
|j| mitana
|
|t:|1660174009
|switch|p1a: Weavile|Weavile, M|100/100
|-ability|p1a: Weavile|Pressure
|turn|12
|j| LT92PF Sagordo
|inactive|kinetic chain has 120 seconds left.
|j| Boulicrok
|
|t:|1660174053
|switch|p2a: Ferrothorn|Ferrothorn, F|67/100
|-damage|p2a: Ferrothorn|61/100|[from] Stealth Rock
|move|p1a: Weavile|Swords Dance|p1a: Weavile
|-boost|p1a: Weavile|atk|2
|
|-heal|p2a: Ferrothorn|67/100|[from] item: Leftovers
|upkeep
|turn|13
|
|t:|1660174064
|move|p1a: Weavile|Triple Axel|p2a: Ferrothorn
|-damage|p2a: Ferrothorn|54/100
|-damage|p1a: Weavile|88/100|[from] ability: Iron Barbs|[of] p2a: Ferrothorn
|-damage|p2a: Ferrothorn|31/100
|-damage|p1a: Weavile|76/100|[from] ability: Iron Barbs|[of] p2a: Ferrothorn
|-hitcount|p2a: Ferrothorn|2
|move|p2a: Ferrothorn|Body Press|p1a: Weavile
|-supereffective|p1a: Weavile
|-damage|p1a: Weavile|0 fnt
|faint|p1a: Weavile
|
|-heal|p2a: Ferrothorn|37/100|[from] item: Leftovers
|upkeep
|-message|lt92pf dxm forfeited.
|
|win|kinetic chain
|raw|lt92pf dxm's rating: 1729 &rarr; <strong>1719</strong><br />(-10 for losing)
|raw|kinetic chain's rating: 1925 &rarr; <strong>1935</strong><br />(+10 for winning)
|l|☆lt92pf dxm
|j|☆lt92pf dxm
|player|p1|lt92pf dxm|maid-gen4
