|j|☆Hamdidu06
|j|☆Mel2345
|t:|1641633690
|gametype|singles
|player|p1|Hamdidu06|veteran|1441
|player|p2|Mel2345|cheren-gen5bw2|1581
|teamsize|p1|6
|teamsize|p2|6
|gen|8
|tier|[Gen 8] OU
|rated|
|rule|Sleep Clause Mod: Limit one foe put to sleep
|rule|Species Clause: Limit one of each Pokémon
|rule|OHKO Clause: OHKO moves are banned
|rule|Evasion Moves Clause: Evasion moves are banned
|rule|Endless Battle Clause: Forcing endless battles is banned
|rule|HP Percentage Mod: HP is shown in percentages
|rule|Dynamax Clause: You cannot dynamax
|clearpoke
|poke|p1|Dragapult, F|
|poke|p1|Zeraora|
|poke|p1|Nidoking, M|
|poke|p1|Landorus-Therian, M|
|poke|p1|Heatran, F|
|poke|p1|Toxapex, F|
|poke|p2|Gengar, M|
|poke|p2|Urshifu-*, M|
|poke|p2|Blissey, F|
|poke|p2|Corviknight, F|
|poke|p2|Landorus-Therian, M|
|poke|p2|Dragapult, F|
|teampreview
|inactive|Battle timer is ON: inactive players will automatically lose when time's up. (requested by Mel2345)
|
|t:|1641633712
|start
|switch|p1a: Landorus|Landorus-Therian, M|100/100
|switch|p2a: Landorus|Landorus-Therian, M|100/100
|-ability|p1a: Landorus|Intimidate|boost
|-unboost|p2a: Landorus|atk|1
|-ability|p2a: Landorus|Intimidate|boost
|-unboost|p1a: Landorus|atk|1
|turn|1
|
|t:|1641633721
|move|p2a: Landorus|Toxic|p1a: Landorus
|-status|p1a: Landorus|tox
|move|p1a: Landorus|Stealth Rock|p2a: Landorus
|-sidestart|p2: Mel2345|move: Stealth Rock
|
|-damage|p1a: Landorus|94/100 tox|[from] psn
|upkeep
|turn|2
|
|t:|1641633728
|switch|p1a: Dragapult|Dragapult, F|100/100
|move|p2a: Landorus|Stealth Rock|p1a: Dragapult
|-sidestart|p1: Hamdidu06|move: Stealth Rock
|
|upkeep
|turn|3
|
|t:|1641633740
|move|p1a: Dragapult|Draco Meteor|p2a: Landorus
|-damage|p2a: Landorus|10/100
|-unboost|p1a: Dragapult|spa|2
|move|p2a: Landorus|Earthquake|p1a: Dragapult
|-damage|p1a: Dragapult|59/100
|
|-heal|p2a: Landorus|16/100|[from] item: Leftovers
|upkeep
|turn|4
|
|t:|1641633747
|switch|p2a: Blissey|Blissey, F|100/100
|move|p1a: Dragapult|Draco Meteor|p2a: Blissey
|-damage|p2a: Blissey|85/100
|-unboost|p1a: Dragapult|spa|2
|
|upkeep
|turn|5
|
|t:|1641633754
|switch|p1a: Heatran|Heatran, F|100/100
|-damage|p1a: Heatran|88/100|[from] Stealth Rock
|move|p2a: Blissey|Thunder Wave|p1a: Heatran
|-status|p1a: Heatran|par
|
|-heal|p1a: Heatran|94/100 par|[from] item: Leftovers
|upkeep
|turn|6
|
|t:|1641633759
|move|p1a: Heatran|Magma Storm|p2a: Blissey|[miss]
|-miss|p1a: Heatran|p2a: Blissey
|move|p2a: Blissey|Teleport|p2a: Blissey
|
|t:|1641633763
|switch|p2a: Landorus|Landorus-Therian, M|16/100|[from]move: Teleport
|-damage|p2a: Landorus|4/100|[from] Stealth Rock
|-ability|p2a: Landorus|Intimidate|boost
|-unboost|p1a: Heatran|atk|1
|
|-heal|p2a: Landorus|10/100|[from] item: Leftovers
|-heal|p1a: Heatran|100/100 par|[from] item: Leftovers
|upkeep
|turn|7
|
|t:|1641633772
|switch|p2a: Corviknight|Corviknight, F|100/100
|-damage|p2a: Corviknight|88/100|[from] Stealth Rock
|-ability|p2a: Corviknight|Pressure
|move|p1a: Heatran|Toxic|p2a: Corviknight
|-immune|p2a: Corviknight
|
|upkeep
|turn|8
|
|t:|1641633779
|move|p2a: Corviknight|Defog|p1a: Heatran
|-unboost|p1a: Heatran|evasion|1
|-sideend|p1: Hamdidu06|Stealth Rock|[from] move: Defog|[of] p2a: Corviknight
|-sideend|p2: Mel2345|Stealth Rock|[from] move: Defog|[of] p2a: Corviknight
|move|p1a: Heatran|Magma Storm|p2a: Corviknight|[miss]
|-miss|p1a: Heatran|p2a: Corviknight
|
|upkeep
|turn|9
|
|t:|1641633787
|switch|p2a: Urshifu|Urshifu-Rapid-Strike, M|100/100
|cant|p1a: Heatran|par
|
|upkeep
|turn|10
|
|t:|1641633794
|switch|p1a: Toxapex|Toxapex, F|100/100
|move|p2a: Urshifu|U-turn|p1a: Toxapex
|-resisted|p1a: Toxapex
|-damage|p1a: Toxapex|90/100
|-damage|p2a: Urshifu|84/100|[from] item: Rocky Helmet|[of] p1a: Toxapex
|
|t:|1641633797
|switch|p2a: Landorus|Landorus-Therian, M|10/100|[from]move: U-turn
|-ability|p2a: Landorus|Intimidate|boost
|-unboost|p1a: Toxapex|atk|1
|
|-heal|p2a: Landorus|16/100|[from] item: Leftovers
|upkeep
|turn|11
|
|t:|1641633806
|switch|p2a: Blissey|Blissey, F|85/100
|switch|p1a: Landorus|Landorus-Therian, M|94/100 tox
|-ability|p1a: Landorus|Intimidate|boost
|-unboost|p2a: Blissey|atk|1
|
|-heal|p1a: Landorus|100/100 tox|[from] item: Leftovers
|-damage|p1a: Landorus|94/100 tox|[from] psn
|upkeep
|turn|12
|
|t:|1641633813
|switch|p2a: Landorus|Landorus-Therian, M|16/100
|-ability|p2a: Landorus|Intimidate|boost
|-unboost|p1a: Landorus|atk|1
|move|p1a: Landorus|Stealth Rock|p2a: Landorus
|-sidestart|p2: Mel2345|move: Stealth Rock
|
|-heal|p2a: Landorus|22/100|[from] item: Leftovers
|-heal|p1a: Landorus|100/100 tox|[from] item: Leftovers
|-damage|p1a: Landorus|88/100 tox|[from] psn
|upkeep
|turn|13
|
|t:|1641633824
|move|p2a: Landorus|U-turn|p1a: Landorus
|-resisted|p1a: Landorus
|-damage|p1a: Landorus|80/100 tox
|
|t:|1641633827
|switch|p2a: Corviknight|Corviknight, F|88/100|[from]move: U-turn
|-damage|p2a: Corviknight|75/100|[from] Stealth Rock
|-ability|p2a: Corviknight|Pressure
|move|p1a: Landorus|Defog|p2a: Corviknight
|-unboost|p2a: Corviknight|evasion|1
|-sideend|p2: Mel2345|Stealth Rock|[from] move: Defog|[of] p1a: Landorus
|
|-heal|p1a: Landorus|86/100 tox|[from] item: Leftovers
|-damage|p1a: Landorus|68/100 tox|[from] psn
|upkeep
|turn|14
|
|t:|1641633833
|move|p1a: Landorus|Stealth Rock|p2a: Corviknight
|-sidestart|p2: Mel2345|move: Stealth Rock
|move|p2a: Corviknight|U-turn|p1a: Landorus
|-resisted|p1a: Landorus
|-damage|p1a: Landorus|63/100 tox
|
|t:|1641633839
|switch|p2a: Urshifu|Urshifu-Rapid-Strike, M|84/100|[from]move: U-turn
|-damage|p2a: Urshifu|78/100|[from] Stealth Rock
|
|-heal|p1a: Landorus|69/100 tox|[from] item: Leftovers
|-damage|p1a: Landorus|44/100 tox|[from] psn
|upkeep
|turn|15
|
|t:|1641633843
|switch|p1a: Toxapex|Toxapex, F|100/100
|move|p2a: Urshifu|U-turn|p1a: Toxapex
|-resisted|p1a: Toxapex
|-damage|p1a: Toxapex|89/100
|-damage|p2a: Urshifu|61/100|[from] item: Rocky Helmet|[of] p1a: Toxapex
|
|t:|1641633847
|switch|p2a: Blissey|Blissey, F|85/100|[from]move: U-turn
|
|upkeep
|turn|16
|
|t:|1641633873
|switch|p1a: Zeraora|Zeraora|100/100
|move|p2a: Blissey|Thunder Wave|p1a: Zeraora
|-immune|p1a: Zeraora|[from] ability: Volt Absorb
|
|upkeep
|turn|17
|
|t:|1641633884
|move|p1a: Zeraora|Close Combat|p2a: Blissey
|-supereffective|p2a: Blissey
|-damage|p2a: Blissey|17/100
|-unboost|p1a: Zeraora|def|1
|-unboost|p1a: Zeraora|spd|1
|move|p2a: Blissey|Teleport|p2a: Blissey
|
|t:|1641633887
|switch|p2a: Landorus|Landorus-Therian, M|22/100|[from]move: Teleport
|-damage|p2a: Landorus|10/100|[from] Stealth Rock
|-ability|p2a: Landorus|Intimidate|boost
|-unboost|p1a: Zeraora|atk|1
|
|-heal|p2a: Landorus|16/100|[from] item: Leftovers
|upkeep
|turn|18
|
|t:|1641633904
|move|p1a: Zeraora|Knock Off|p2a: Landorus
|-damage|p2a: Landorus|2/100
|-enditem|p2a: Landorus|Leftovers|[from] move: Knock Off|[of] p1a: Zeraora
|move|p2a: Landorus|Earthquake|p1a: Zeraora
|-supereffective|p1a: Zeraora
|-damage|p1a: Zeraora|0 fnt
|faint|p1a: Zeraora
|
|upkeep
|
|t:|1641633915
|switch|p1a: Dragapult|Dragapult, F|59/100
|turn|19
|inactive|Mel2345 has 120 seconds left.
|
|t:|1641633959
|move|p1a: Dragapult|Flamethrower|p2a: Landorus
|-damage|p2a: Landorus|0 fnt
|faint|p2a: Landorus
|
|upkeep
|
|t:|1641633961
|switch|p2a: Blissey|Blissey, F|17/100
|turn|20
|
|t:|1641633965
|move|p1a: Dragapult|Flamethrower|p2a: Blissey
|-damage|p2a: Blissey|1/100
|move|p2a: Blissey|Soft-Boiled|p2a: Blissey
|-heal|p2a: Blissey|51/100
|
|upkeep
|turn|21
|
|t:|1641633975
|switch|p1a: Heatran|Heatran, F|100/100 par
|move|p2a: Blissey|Soft-Boiled|p2a: Blissey
|-heal|p2a: Blissey|100/100
|
|upkeep
|turn|22
|
|t:|1641633980
|move|p1a: Heatran|Magma Storm|p2a: Blissey
|-damage|p2a: Blissey|84/100
|-activate|p2a: Blissey|move: Magma Storm|[of] p1a: Heatran
|move|p2a: Blissey|Teleport|p2a: Blissey
|inactive|Mel2345 has 120 seconds left.
|
|t:|1641634003
|switch|p2a: Urshifu|Urshifu-Rapid-Strike, M|61/100|[from]move: Teleport
|-damage|p2a: Urshifu|55/100|[from] Stealth Rock
|
|upkeep
|turn|23
|inactive|Mel2345 has 120 seconds left.
|
|t:|1641634040
|switch|p2a: Blissey|Blissey, F|84/100
|move|p1a: Heatran|Magma Storm|p2a: Blissey|[miss]
|-miss|p1a: Heatran|p2a: Blissey
|
|upkeep
|turn|24
|
|t:|1641634045
|move|p1a: Heatran|Magma Storm|p2a: Blissey|[miss]
|-miss|p1a: Heatran|p2a: Blissey
|move|p2a: Blissey|Teleport|p2a: Blissey
|
|t:|1641634055
|switch|p2a: Gengar|Gengar, M|100/100|[from]move: Teleport
|-damage|p2a: Gengar|88/100|[from] Stealth Rock
|
|-heal|p2a: Gengar|94/100|[from] item: Black Sludge
|upkeep
|turn|25
|
|t:|1641634065
|switch|p1a: Dragapult|Dragapult, F|59/100
|move|p2a: Gengar|Substitute|p2a: Gengar
|-start|p2a: Gengar|Substitute
|-damage|p2a: Gengar|69/100
|
|-heal|p2a: Gengar|76/100|[from] item: Black Sludge
|upkeep
|turn|26
|inactive|Mel2345 has 120 seconds left.
|
|t:|1641634074
|switch|p2a: Blissey|Blissey, F|84/100
|move|p1a: Dragapult|U-turn|p2a: Blissey
|-damage|p2a: Blissey|70/100
|
|t:|1641634080
|switch|p1a: Nidoking|Nidoking, M|100/100|[from]move: U-turn
|
|upkeep
|turn|27
|inactive|Mel2345 has 120 seconds left.
|
|t:|1641634097
|move|p1a: Nidoking|Ice Beam|p2a: Blissey
|-damage|p2a: Blissey|54/100
|move|p2a: Blissey|Teleport|p2a: Blissey
|
|t:|1641634100
|switch|p2a: Urshifu|Urshifu-Rapid-Strike, M|55/100|[from]move: Teleport
|-damage|p2a: Urshifu|49/100|[from] Stealth Rock
|
|upkeep
|turn|28
|
|t:|1641634106
|switch|p1a: Toxapex|Toxapex, F|100/100
|move|p2a: Urshifu|Surging Strikes|p1a: Toxapex
|-resisted|p1a: Toxapex
|-crit|p1a: Toxapex
|-damage|p1a: Toxapex|91/100
|-damage|p2a: Urshifu|33/100|[from] item: Rocky Helmet|[of] p1a: Toxapex
|-resisted|p1a: Toxapex
|-crit|p1a: Toxapex
|-damage|p1a: Toxapex|82/100
|-damage|p2a: Urshifu|16/100|[from] item: Rocky Helmet|[of] p1a: Toxapex
|-resisted|p1a: Toxapex
|-crit|p1a: Toxapex
|-damage|p1a: Toxapex|74/100
|-damage|p2a: Urshifu|0 fnt|[from] item: Rocky Helmet|[of] p1a: Toxapex
|faint|p2a: Urshifu
|-hitcount|p1a: Toxapex|3
|
|upkeep
|
|t:|1641634115
|switch|p2a: Dragapult|Dragapult, F|100/100
|turn|29
|
|t:|1641634123
|move|p2a: Dragapult|Thunder Wave|p1a: Toxapex
|-status|p1a: Toxapex|par
|move|p1a: Toxapex|Recover|p1a: Toxapex
|-heal|p1a: Toxapex|100/100 par
|
|upkeep
|turn|30
|
|t:|1641634146
|move|p2a: Dragapult|Hex|p1a: Toxapex
|-damage|p1a: Toxapex|53/100 par
|move|p1a: Toxapex|Toxic|p2a: Dragapult
|-status|p2a: Dragapult|tox
|
|-damage|p2a: Dragapult|95/100 tox|[from] psn
|upkeep
|turn|31
|
|t:|1641634161
|switch|p1a: Nidoking|Nidoking, M|100/100
|move|p2a: Dragapult|U-turn|p1a: Nidoking
|-resisted|p1a: Nidoking
|-damage|p1a: Nidoking|89/100
|inactive|Mel2345 has 120 seconds left.
|
|t:|1641634182
|switch|p2a: Blissey|Blissey, F|54/100|[from]move: U-turn
|
|upkeep
|turn|32
|
|t:|1641634186
|move|p1a: Nidoking|Ice Beam|p2a: Blissey
|-damage|p2a: Blissey|39/100
|move|p2a: Blissey|Soft-Boiled|p2a: Blissey
|-heal|p2a: Blissey|89/100
|
|upkeep
|turn|33
|
|t:|1641634203
|move|p1a: Nidoking|Ice Beam|p2a: Blissey
|-damage|p2a: Blissey|73/100
|move|p2a: Blissey|Teleport|p2a: Blissey
|
|t:|1641634207
|switch|p2a: Corviknight|Corviknight, F|75/100|[from]move: Teleport
|-damage|p2a: Corviknight|63/100|[from] Stealth Rock
|-ability|p2a: Corviknight|Pressure
|
|upkeep
|turn|34
|
|t:|1641634211
|move|p1a: Nidoking|Flamethrower|p2a: Corviknight
|-supereffective|p2a: Corviknight
|-damage|p2a: Corviknight|0 fnt
|faint|p2a: Corviknight
|
|upkeep
|
|t:|1641634219
|switch|p2a: Dragapult|Dragapult, F|95/100 tox
|turn|35
|
|t:|1641634224
|move|p2a: Dragapult|Draco Meteor|p1a: Nidoking
|-damage|p1a: Nidoking|7/100
|-unboost|p2a: Dragapult|spa|2
|move|p1a: Nidoking|Ice Beam|p2a: Dragapult
|-supereffective|p2a: Dragapult
|-damage|p2a: Dragapult|0 fnt
|faint|p2a: Dragapult
|
|upkeep
|
|t:|1641634237
|switch|p2a: Gengar|Gengar, M|76/100
|-damage|p2a: Gengar|63/100|[from] Stealth Rock
|turn|36
|
|t:|1641634243
|move|p2a: Gengar|Shadow Ball|p1a: Nidoking
|-damage|p1a: Nidoking|0 fnt
|faint|p1a: Nidoking
|
|-heal|p2a: Gengar|69/100|[from] item: Black Sludge
|upkeep
|
|t:|1641634248
|switch|p1a: Dragapult|Dragapult, F|59/100
|turn|37
|
|t:|1641634267
|move|p1a: Dragapult|U-turn|p2a: Gengar
|-resisted|p2a: Gengar
|-damage|p2a: Gengar|61/100
|
|t:|1641634275
|switch|p1a: Toxapex|Toxapex, F|86/100 par|[from]move: U-turn
|move|p2a: Gengar|Shadow Ball|p1a: Toxapex
|-damage|p1a: Toxapex|51/100 par
|
|-heal|p2a: Gengar|67/100|[from] item: Black Sludge
|upkeep
|turn|38
|
|t:|1641634281
|move|p2a: Gengar|Shadow Ball|p1a: Toxapex
|-damage|p1a: Toxapex|19/100 par
|move|p1a: Toxapex|Recover|p1a: Toxapex
|-heal|p1a: Toxapex|69/100 par
|
|-heal|p2a: Gengar|73/100|[from] item: Black Sludge
|upkeep
|turn|39
|
|t:|1641634286
|move|p2a: Gengar|Shadow Ball|p1a: Toxapex
|-damage|p1a: Toxapex|36/100 par
|move|p1a: Toxapex|Recover|p1a: Toxapex
|-heal|p1a: Toxapex|86/100 par
|
|-heal|p2a: Gengar|79/100|[from] item: Black Sludge
|upkeep
|turn|40
|
|t:|1641634293
|switch|p2a: Blissey|Blissey, F|73/100
|move|p1a: Toxapex|Scald|p2a: Blissey
|-damage|p2a: Blissey|67/100
|
|upkeep
|turn|41
|inactive|Mel2345 has 120 seconds left.
|
|t:|1641634324
|switch|p1a: Dragapult|Dragapult, F|59/100
|move|p2a: Blissey|Teleport|p2a: Blissey
|
|t:|1641634327
|switch|p2a: Gengar|Gengar, M|79/100|[from]move: Teleport
|-damage|p2a: Gengar|67/100|[from] Stealth Rock
|
|-heal|p2a: Gengar|73/100|[from] item: Black Sludge
|upkeep
|turn|42
|
|t:|1641634336
|switch|p2a: Blissey|Blissey, F|67/100
|move|p1a: Dragapult|Draco Meteor|p2a: Blissey
|-damage|p2a: Blissey|33/100
|-unboost|p1a: Dragapult|spa|2
|
|upkeep
|turn|43
|
|t:|1641634345
|switch|p1a: Landorus|Landorus-Therian, M|44/100 tox
|-ability|p1a: Landorus|Intimidate|boost
|-unboost|p2a: Blissey|atk|1
|move|p2a: Blissey|Soft-Boiled|p2a: Blissey
|-heal|p2a: Blissey|83/100
|
|-heal|p1a: Landorus|50/100 tox|[from] item: Leftovers
|-damage|p1a: Landorus|44/100 tox|[from] psn
|upkeep
|turn|44
|
|t:|1641634352
|move|p1a: Landorus|Earthquake|p2a: Blissey
|-damage|p2a: Blissey|45/100
|move|p2a: Blissey|Soft-Boiled|p2a: Blissey
|-heal|p2a: Blissey|95/100
|
|-heal|p1a: Landorus|50/100 tox|[from] item: Leftovers
|-damage|p1a: Landorus|38/100 tox|[from] psn
|upkeep
|turn|45
|
|t:|1641634360
|move|p1a: Landorus|Earthquake|p2a: Blissey
|-damage|p2a: Blissey|50/100
|move|p2a: Blissey|Soft-Boiled|p2a: Blissey
|-heal|p2a: Blissey|100/100
|
|-heal|p1a: Landorus|44/100 tox|[from] item: Leftovers
|-damage|p1a: Landorus|26/100 tox|[from] psn
|upkeep
|turn|46
|
|t:|1641634365
|move|p1a: Landorus|Earthquake|p2a: Blissey
|-damage|p2a: Blissey|57/100
|move|p2a: Blissey|Soft-Boiled|p2a: Blissey
|-heal|p2a: Blissey|100/100
|
|-heal|p1a: Landorus|32/100 tox|[from] item: Leftovers
|-damage|p1a: Landorus|8/100 tox|[from] psn
|upkeep
|turn|47
|
|t:|1641634372
|switch|p1a: Heatran|Heatran, F|100/100 par
|move|p2a: Blissey|Thunder Wave|p1a: Heatran
|-fail|p1a: Heatran|par
|
|upkeep
|turn|48
|
|t:|1641634379
|move|p1a: Heatran|Magma Storm|p2a: Blissey
|-damage|p2a: Blissey|84/100
|-activate|p2a: Blissey|move: Magma Storm|[of] p1a: Heatran
|move|p2a: Blissey|Teleport|p2a: Blissey
|
|t:|1641634390
|switch|p2a: Gengar|Gengar, M|73/100|[from]move: Teleport
|-damage|p2a: Gengar|61/100|[from] Stealth Rock
|
|-heal|p2a: Gengar|67/100|[from] item: Black Sludge
|upkeep
|turn|49
|
|t:|1641634393
|move|p2a: Gengar|Substitute|p2a: Gengar
|-start|p2a: Gengar|Substitute
|-damage|p2a: Gengar|42/100
|move|p1a: Heatran|Earth Power|p2a: Gengar
|-supereffective|p2a: Gengar
|-end|p2a: Gengar|Substitute
|
|-heal|p2a: Gengar|48/100|[from] item: Black Sludge
|upkeep
|turn|50
|
|t:|1641634398
|switch|p2a: Blissey|Blissey, F|84/100
|cant|p1a: Heatran|par
|
|upkeep
|turn|51
|
|t:|1641634402
|move|p2a: Blissey|Seismic Toss|p1a: Heatran
|-damage|p1a: Heatran|75/100 par
|cant|p1a: Heatran|par
|
|-heal|p1a: Heatran|81/100 par|[from] item: Leftovers
|upkeep
|turn|52
|
|t:|1641634408
|switch|p1a: Dragapult|Dragapult, F|59/100
|move|p2a: Blissey|Seismic Toss|p1a: Dragapult
|-immune|p1a: Dragapult
|
|upkeep
|turn|53
|
|t:|1641634435
|move|p1a: Dragapult|Draco Meteor|p2a: Blissey
|-damage|p2a: Blissey|51/100
|-unboost|p1a: Dragapult|spa|2
|move|p2a: Blissey|Seismic Toss|p1a: Dragapult
|-immune|p1a: Dragapult
|
|upkeep
|turn|54
|l|☆Mel2345
|inactive|Mel2345 disconnected and has a minute to reconnect!
|player|p2|
|j|☆Mel2345
|inactive|Mel2345 reconnected and has 120 seconds left.
|player|p2|Mel2345|cheren-gen5bw2
|inactive|Mel2345 has 90 seconds left.
|
|t:|1641634500
|move|p1a: Dragapult|Draco Meteor|p2a: Blissey
|-crit|p2a: Blissey
|-damage|p2a: Blissey|2/100
|-unboost|p1a: Dragapult|spa|2
|move|p2a: Blissey|Thunder Wave|p1a: Dragapult
|-status|p1a: Dragapult|par
|
|upkeep
|turn|55
|
|t:|1641634511
|cant|p1a: Dragapult|par
|move|p2a: Blissey|Soft-Boiled|p2a: Blissey
|-heal|p2a: Blissey|52/100
|
|upkeep
|turn|56
|inactive|Mel2345 has 90 seconds left.
|
|t:|1641634544
|move|p1a: Dragapult|Draco Meteor|p2a: Blissey
|-damage|p2a: Blissey|41/100
|-unboost|p1a: Dragapult|spa|2
|move|p2a: Blissey|Teleport|p2a: Blissey
|
|t:|1641634546
|switch|p2a: Gengar|Gengar, M|48/100|[from]move: Teleport
|-damage|p2a: Gengar|36/100|[from] Stealth Rock
|
|-heal|p2a: Gengar|42/100|[from] item: Black Sludge
|upkeep
|turn|57
|
|t:|1641634558
|switch|p1a: Landorus|Landorus-Therian, M|8/100 tox
|-ability|p1a: Landorus|Intimidate|boost
|-unboost|p2a: Gengar|atk|1
|move|p2a: Gengar|Substitute|p2a: Gengar
|-start|p2a: Gengar|Substitute
|-damage|p2a: Gengar|17/100
|
|-heal|p2a: Gengar|23/100|[from] item: Black Sludge
|-heal|p1a: Landorus|14/100 tox|[from] item: Leftovers
|-damage|p1a: Landorus|8/100 tox|[from] psn
|upkeep
|turn|58
|
|t:|1641634584
|move|p2a: Gengar|Shadow Ball|p1a: Landorus
|-damage|p1a: Landorus|0 fnt
|faint|p1a: Landorus
|
|-heal|p2a: Gengar|29/100|[from] item: Black Sludge
|upkeep
|
|t:|1641634590
|switch|p1a: Heatran|Heatran, F|81/100 par
|turn|59
|inactive|Mel2345 has 60 seconds left.
|
|t:|1641634613
|move|p2a: Gengar|Nasty Plot|p2a: Gengar
|-boost|p2a: Gengar|spa|2
|move|p1a: Heatran|Earth Power|p2a: Gengar
|-supereffective|p2a: Gengar
|-end|p2a: Gengar|Substitute
|
|-heal|p2a: Gengar|35/100|[from] item: Black Sludge
|-heal|p1a: Heatran|87/100 par|[from] item: Leftovers
|upkeep
|turn|60
|inactive|Mel2345 has 60 seconds left.
|
|t:|1641634631
|switch|p1a: Toxapex|Toxapex, F|100/100 par
|move|p2a: Gengar|Substitute|p2a: Gengar
|-start|p2a: Gengar|Substitute
|-damage|p2a: Gengar|10/100
|
|-heal|p2a: Gengar|17/100|[from] item: Black Sludge
|upkeep
|turn|61
|
|t:|1641634641
|move|p2a: Gengar|Shadow Ball|p1a: Toxapex
|-damage|p1a: Toxapex|31/100 par
|-unboost|p1a: Toxapex|spd|1
|cant|p1a: Toxapex|par
|
|-heal|p2a: Gengar|23/100|[from] item: Black Sludge
|upkeep
|turn|62
|inactive|Mel2345 has 60 seconds left.
|
|t:|1641634671
|move|p2a: Gengar|Shadow Ball|p1a: Toxapex
|-crit|p1a: Toxapex
|-damage|p1a: Toxapex|0 fnt
|faint|p1a: Toxapex
|
|-heal|p2a: Gengar|29/100|[from] item: Black Sludge
|upkeep
|
|t:|1641634678
|switch|p1a: Heatran|Heatran, F|87/100 par
|turn|63
|
|t:|1641634700
|move|p2a: Gengar|Focus Blast|p1a: Heatran
|-supereffective|p1a: Heatran
|-damage|p1a: Heatran|0 fnt
|faint|p1a: Heatran
|
|-heal|p2a: Gengar|35/100|[from] item: Black Sludge
|upkeep
|
|t:|1641634707
|switch|p1a: Dragapult|Dragapult, F|59/100 par
|turn|64
|
|t:|1641634713
|move|p2a: Gengar|Shadow Ball|p1a: Dragapult
|-supereffective|p1a: Dragapult
|-damage|p1a: Dragapult|0 fnt
|faint|p1a: Dragapult
|
|win|Mel2345
|raw|Hamdidu06's rating: 1441 &rarr; <strong>1429</strong><br />(-12 for losing)
|raw|Mel2345's rating: 1581 &rarr; <strong>1593</strong><br />(+12 for winning)
|l|☆Hamdidu06
