|j|☆Alu9204
|j|☆test-test-test-gg
|t:|1634897942
|gametype|singles
|player|p1|Alu9204|2|1412
|player|p2|test-test-test-gg|roxie|1410
|teamsize|p1|6
|teamsize|p2|6
|gen|8
|tier|[Gen 8] OU
|rated|
|rule|Sleep Clause Mod: Limit one foe put to sleep
|rule|Species Clause: Limit one of each Pokémon
|rule|OHKO Clause: OHKO moves are banned
|rule|Evasion Moves Clause: Evasion moves are banned
|rule|Endless Battle Clause: Forcing endless battles is banned
|rule|HP Percentage Mod: HP is shown in percentages
|rule|Dynamax Clause: You cannot dynamax
|clearpoke
|poke|p1|Gengar, M|
|poke|p1|Zapdos-Galar|
|poke|p1|Bisharp, F|
|poke|p1|Tapu Fini|
|poke|p1|Garchomp, M|
|poke|p1|Weavile, F|
|poke|p2|Torkoal, F|
|poke|p2|Kyurem|
|poke|p2|Heatran, M|
|poke|p2|Venusaur, F|
|poke|p2|Mandibuzz, F|
|poke|p2|Heliolisk, M|
|teampreview
|inactive|Battle timer is ON: inactive players will automatically lose when time's up. (requested by Alu9204)
|
|t:|1634897960
|start
|switch|p1a: Zapdos|Zapdos-Galar|100/100
|switch|p2a: Heliolisk|Heliolisk, M|100/100
|turn|1
|
|t:|1634897976
|switch|p2a: Mandibuzz|Mandibuzz, F|100/100
|switch|p1a: Garchomp|Garchomp, M|100/100
|
|upkeep
|turn|2
|
|t:|1634897984
|switch|p1a: Tapu Fini|Tapu Fini|100/100
|-fieldstart|move: Misty Terrain|[from] ability: Misty Surge|[of] p1a: Tapu Fini
|move|p2a: Mandibuzz|Foul Play|p1a: Tapu Fini
|-resisted|p1a: Tapu Fini
|-damage|p1a: Tapu Fini|91/100
|
|-heal|p1a: Tapu Fini|97/100|[from] item: Leftovers
|upkeep
|turn|3
|
|t:|1634897997
|switch|p2a: Heliolisk|Heliolisk, M|100/100
|move|p1a: Tapu Fini|Moonblast|p2a: Heliolisk
|-damage|p2a: Heliolisk|40/100
|-unboost|p2a: Heliolisk|spa|1
|
|-heal|p1a: Tapu Fini|100/100|[from] item: Leftovers
|upkeep
|turn|4
|
|t:|1634898009
|switch|p2a: Torkoal|Torkoal, F|100/100
|-weather|SunnyDay|[from] ability: Drought|[of] p2a: Torkoal
|switch|p1a: Garchomp|Garchomp, M|100/100
|
|-weather|SunnyDay|[upkeep]
|upkeep
|turn|5
|
|t:|1634898019
|switch|p2a: Mandibuzz|Mandibuzz, F|100/100
|move|p1a: Garchomp|Earthquake|p2a: Mandibuzz
|-immune|p2a: Mandibuzz
|
|-weather|SunnyDay|[upkeep]
|upkeep
|turn|6
|
|t:|1634898027
|switch|p1a: Tapu Fini|Tapu Fini|100/100
|move|p2a: Mandibuzz|U-turn|p1a: Tapu Fini
|-resisted|p1a: Tapu Fini
|-damage|p1a: Tapu Fini|96/100
|
|t:|1634898029
|switch|p2a: Venusaur|Venusaur, F|100/100|[from]move: U-turn
|
|-weather|SunnyDay|[upkeep]
|-heal|p1a: Tapu Fini|100/100|[from] item: Leftovers
|-fieldend|Misty Terrain
|upkeep
|turn|7
|
|t:|1634898043
|switch|p1a: Bisharp|Bisharp, F|100/100
|move|p2a: Venusaur|Growth|p2a: Venusaur
|-boost|p2a: Venusaur|atk|2
|-boost|p2a: Venusaur|spa|2
|
|-weather|SunnyDay|[upkeep]
|upkeep
|turn|8
|
|t:|1634898051
|move|p1a: Bisharp|Sucker Punch|p2a: Venusaur
|-damage|p2a: Venusaur|36/100
|move|p2a: Venusaur|Weather Ball|p1a: Bisharp
|-supereffective|p1a: Bisharp
|-damage|p1a: Bisharp|0 fnt
|faint|p1a: Bisharp
|-damage|p2a: Venusaur|26/100|[from] item: Life Orb
|
|-weather|SunnyDay|[upkeep]
|upkeep
|inactive|Alu9204 has 120 seconds left.
|
|t:|1634898082
|switch|p1a: Gengar|Gengar, M|100/100
|turn|9
|
|t:|1634898087
|move|p1a: Gengar|Shadow Ball|p2a: Venusaur
|-damage|p2a: Venusaur|0 fnt
|faint|p2a: Venusaur
|
|-weather|SunnyDay|[upkeep]
|upkeep
|
|t:|1634898093
|switch|p2a: Heliolisk|Heliolisk, M|40/100
|turn|10
|
|t:|1634898097
|switch|p1a: Garchomp|Garchomp, M|100/100
|move|p2a: Heliolisk|Glare|p1a: Garchomp
|-status|p1a: Garchomp|par
|
|-weather|SunnyDay|[upkeep]
|-damage|p2a: Heliolisk|28/100|[from] ability: Solar Power|[of] p2a: Heliolisk
|upkeep
|turn|11
|
|t:|1634898107
|move|p2a: Heliolisk|Hyper Voice|p1a: Garchomp
|-damage|p1a: Garchomp|28/100 par
|move|p1a: Garchomp|Scale Shot|p2a: Heliolisk
|-damage|p2a: Heliolisk|0 fnt
|faint|p2a: Heliolisk
|-hitcount|p2: Heliolisk|1
|-unboost|p1a: Garchomp|def|1
|-boost|p1a: Garchomp|spe|1
|
|-weather|none
|-heal|p1a: Garchomp|34/100 par|[from] item: Leftovers
|upkeep
|
|t:|1634898114
|switch|p2a: Kyurem|Kyurem|100/100
|-ability|p2a: Kyurem|Pressure
|turn|12
|
|t:|1634898131
|switch|p1a: Tapu Fini|Tapu Fini|100/100
|-fieldstart|move: Misty Terrain|[from] ability: Misty Surge|[of] p1a: Tapu Fini
|move|p2a: Kyurem|Freeze-Dry|p1a: Tapu Fini
|-supereffective|p1a: Tapu Fini
|-damage|p1a: Tapu Fini|15/100
|
|-heal|p1a: Tapu Fini|21/100|[from] item: Leftovers
|upkeep
|turn|13
|
|t:|1634898141
|move|p2a: Kyurem|Freeze-Dry|p1a: Tapu Fini
|-supereffective|p1a: Tapu Fini
|-damage|p1a: Tapu Fini|0 fnt
|faint|p1a: Tapu Fini
|
|upkeep
|
|t:|1634898150
|switch|p1a: Gengar|Gengar, M|100/100
|turn|14
|
|t:|1634898154
|switch|p2a: Mandibuzz|Mandibuzz, F|100/100
|move|p1a: Gengar|Focus Blast|p2a: Mandibuzz
|-damage|p2a: Mandibuzz|73/100
|
|upkeep
|turn|15
|
|t:|1634898161
|switch|p1a: Garchomp|Garchomp, M|34/100 par
|move|p2a: Mandibuzz|Foul Play|p1a: Garchomp
|-damage|p1a: Garchomp|0 fnt
|-damage|p2a: Mandibuzz|60/100|[from] ability: Rough Skin|[of] p1a: Garchomp
|faint|p1a: Garchomp
|
|upkeep
|
|t:|1634898170
|switch|p1a: Weavile|Weavile, F|100/100
|-ability|p1a: Weavile|Pressure
|turn|16
|
|t:|1634898176
|switch|p2a: Torkoal|Torkoal, F|100/100
|-weather|SunnyDay|[from] ability: Drought|[of] p2a: Torkoal
|move|p1a: Weavile|Triple Axel|p2a: Torkoal
|-resisted|p2a: Torkoal
|-damage|p2a: Torkoal|98/100
|-resisted|p2a: Torkoal
|-damage|p2a: Torkoal|93/100
|-resisted|p2a: Torkoal
|-damage|p2a: Torkoal|84/100
|-hitcount|p2a: Torkoal|3
|
|-weather|SunnyDay|[upkeep]
|-fieldend|Misty Terrain
|upkeep
|turn|17
|
|t:|1634898189
|switch|p1a: Zapdos|Zapdos-Galar|100/100
|move|p2a: Torkoal|Lava Plume|p1a: Zapdos
|-damage|p1a: Zapdos|57/100
|
|-weather|SunnyDay|[upkeep]
|upkeep
|turn|18
|
|t:|1634898199
|move|p1a: Zapdos|Thunderous Kick|p2a: Torkoal
|-damage|p2a: Torkoal|42/100
|-unboost|p2a: Torkoal|def|1
|move|p2a: Torkoal|Lava Plume|p1a: Zapdos
|-damage|p1a: Zapdos|14/100
|
|-weather|SunnyDay|[upkeep]
|upkeep
|turn|19
|
|t:|1634898219
|move|p1a: Zapdos|Thunderous Kick|p2a: Torkoal
|-damage|p2a: Torkoal|0 fnt
|faint|p2a: Torkoal
|
|-weather|SunnyDay|[upkeep]
|upkeep
|
|t:|1634898230
|switch|p2a: Heatran|Heatran, M|100/100
|turn|20
|
|t:|1634898234
|move|p2a: Heatran|Eruption|p1a: Zapdos
|-damage|p1a: Zapdos|0 fnt
|faint|p1a: Zapdos
|
|-weather|SunnyDay|[upkeep]
|upkeep
|
|t:|1634898241
|switch|p1a: Gengar|Gengar, M|100/100
|turn|21
|
|t:|1634898270
|switch|p2a: Kyurem|Kyurem|100/100
|-ability|p2a: Kyurem|Pressure
|move|p1a: Gengar|Focus Blast|p2a: Kyurem|[miss]
|-miss|p1a: Gengar|p2a: Kyurem
|
|-weather|SunnyDay|[upkeep]
|upkeep
|turn|22
|
|t:|1634898279
|move|p1a: Gengar|Focus Blast|p2a: Kyurem
|-supereffective|p2a: Kyurem
|-damage|p2a: Kyurem|23/100
|move|p2a: Kyurem|Earth Power|p1a: Gengar
|-supereffective|p1a: Gengar
|-damage|p1a: Gengar|0 fnt
|faint|p1a: Gengar
|
|-weather|SunnyDay|[upkeep]
|upkeep
|
|t:|1634898289
|switch|p1a: Weavile|Weavile, F|100/100
|-ability|p1a: Weavile|Pressure
|turn|23
|
|t:|1634898294
|move|p1a: Weavile|Knock Off|p2a: Kyurem
|-damage|p2a: Kyurem|0 fnt
|-enditem|p2a: Kyurem|Choice Specs|[from] move: Knock Off|[of] p1a: Weavile
|faint|p2a: Kyurem
|
|-weather|none
|upkeep
|
|t:|1634898296
|switch|p2a: Heatran|Heatran, M|100/100
|turn|24
|
|t:|1634898304
|move|p2a: Heatran|Eruption|p1a: Weavile
|-supereffective|p1a: Weavile
|-damage|p1a: Weavile|0 fnt
|faint|p1a: Weavile
|
|win|test-test-test-gg
|raw|Alu9204's rating: 1412 &rarr; <strong>1392</strong><br />(-20 for losing)
|raw|test-test-test-gg's rating: 1410 &rarr; <strong>1430</strong><br />(+20 for winning)
