|j|☆quinlanding
|j|☆Iznamakin
|t:|1604462385
|player|p1|quinlanding|121|1247
|player|p2|Iznamakin|red|1240
|teamsize|p1|6
|teamsize|p2|6
|gametype|singles
|gen|8
|tier|[Gen 8] OU
|rated|
|clearpoke
|poke|p1|Nidoqueen, F|
|poke|p1|Regieleki|
|poke|p1|Spectrier|
|poke|p1|Articuno|
|poke|p1|Nihilego|
|poke|p1|Landorus-Therian, M|
|poke|p2|Regieleki|
|poke|p2|Landorus-Therian, M|
|poke|p2|Swampert, M|
|poke|p2|Ferrothorn, M|
|poke|p2|Moltres|
|poke|p2|Tapu Koko|
|rule|Sleep Clause Mod: Limit one foe put to sleep
|rule|Species Clause: Limit one of each Pokémon
|rule|OHKO Clause: OHKO moves are banned
|rule|Evasion Moves Clause: Evasion moves are banned
|rule|Endless Battle Clause: Forcing endless battles is banned
|rule|HP Percentage Mod: HP is shown in percentages
|rule|Dynamax Clause: You cannot dynamax
|teampreview
|
|t:|1604462399
|start
|switch|p1a: Nihilegoat|Nihilego|100/100
|switch|p2a: Landorus|Landorus-Therian, M|100/100
|-ability|p2a: Landorus|Intimidate|boost
|-unboost|p1a: Nihilegoat|atk|1
|turn|1
|inactive|Battle timer is ON: inactive players will automatically lose when time's up. (requested by Iznamakin)
|
|t:|1604462413
|move|p1a: Nihilegoat|Power Gem|p2a: Landorus
|-damage|p2a: Landorus|53/100
|move|p2a: Landorus|U-turn|p1a: Nihilegoat
|-resisted|p1a: Nihilegoat
|-damage|p1a: Nihilegoat|82/100
|
|t:|1604462419
|switch|p2a: Swampert|Swampert, M|100/100|[from]move: U-turn
|
|upkeep
|turn|2
|
|t:|1604462423
|move|p1a: Nihilegoat|Toxic Spikes|p2a: Swampert
|-sidestart|p2: Iznamakin|move: Toxic Spikes
|move|p2a: Swampert|Bulk Up|p2a: Swampert
|-boost|p2a: Swampert|atk|1
|-boost|p2a: Swampert|def|1
|
|upkeep
|turn|3
|
|t:|1604462429
|move|p1a: Nihilegoat|Knock Off|p2a: Swampert
|-damage|p2a: Swampert|96/100
|-enditem|p2a: Swampert|Leftovers|[from] move: Knock Off|[of] p1a: Nihilegoat
|move|p2a: Swampert|Bulk Up|p2a: Swampert
|-boost|p2a: Swampert|atk|1
|-boost|p2a: Swampert|def|1
|
|upkeep
|turn|4
|
|t:|1604462435
|move|p1a: Nihilegoat|Power Gem|p2a: Swampert
|-resisted|p2a: Swampert
|-damage|p2a: Swampert|84/100
|move|p2a: Swampert|Bulk Up|p2a: Swampert
|-boost|p2a: Swampert|atk|1
|-boost|p2a: Swampert|def|1
|
|upkeep
|turn|5
|
|t:|1604462442
|move|p1a: Nihilegoat|Power Gem|p2a: Swampert
|-resisted|p2a: Swampert
|-damage|p2a: Swampert|71/100
|move|p2a: Swampert|Bulk Up|p2a: Swampert
|-boost|p2a: Swampert|atk|1
|-boost|p2a: Swampert|def|1
|
|upkeep
|turn|6
|
|t:|1604462449
|move|p1a: Nihilegoat|Toxic Spikes|p2a: Swampert
|-sidestart|p2: Iznamakin|move: Toxic Spikes
|move|p2a: Swampert|Earthquake|p1a: Nihilegoat
|-supereffective|p1a: Nihilegoat
|-damage|p1a: Nihilegoat|0 fnt
|faint|p1a: Nihilegoat
|
|upkeep
|
|t:|1604462452
|switch|p1a: Finally Good|Articuno|100/100
|-ability|p1a: Finally Good|Pressure
|turn|7
|
|t:|1604462460
|move|p1a: Finally Good|Freeze-Dry|p2a: Swampert
|-supereffective|p2a: Swampert
|-damage|p2a: Swampert|0 fnt
|faint|p2a: Swampert
|
|upkeep
|c|☆quinlanding|lol
|
|t:|1604462464
|switch|p2a: Moltres|Moltres|100/100
|turn|8
|
|t:|1604462472
|move|p2a: Moltres|Fire Blast|p1a: Finally Good
|-supereffective|p1a: Finally Good
|-damage|p1a: Finally Good|51/100
|move|p1a: Finally Good|Ice Beam|p2a: Moltres
|-damage|p2a: Moltres|70/100
|
|upkeep
|turn|9
|
|t:|1604462482
|switch|p1a: Need A Queen|Nidoqueen, F|100/100
|move|p2a: Moltres|Fire Blast|p1a: Need A Queen
|-damage|p1a: Need A Queen|72/100
|
|upkeep
|turn|10
|
|t:|1604462487
|move|p2a: Moltres|Hurricane|p1a: Need A Queen
|-damage|p1a: Need A Queen|44/100
|move|p1a: Need A Queen|Sludge Wave|p2a: Moltres
|-damage|p2a: Moltres|17/100
|
|upkeep
|turn|11
|
|t:|1604462494
|switch|p2a: Ferrothorn|Ferrothorn, M|100/100
|move|p1a: Need A Queen|Earth Power|p2a: Ferrothorn
|-damage|p2a: Ferrothorn|64/100
|
|-heal|p2a: Ferrothorn|70/100|[from] item: Leftovers
|upkeep
|turn|12
|
|t:|1604462501
|move|p1a: Need A Queen|Flamethrower|p2a: Ferrothorn
|-supereffective|p2a: Ferrothorn
|-damage|p2a: Ferrothorn|0 fnt
|faint|p2a: Ferrothorn
|
|upkeep
|
|t:|1604462507
|switch|p2a: Landorus|Landorus-Therian, M|53/100
|-ability|p2a: Landorus|Intimidate|boost
|-unboost|p1a: Need A Queen|atk|1
|turn|13
|
|t:|1604462517
|switch|p1a: Staple|Landorus-Therian, M|100/100
|-ability|p1a: Staple|Intimidate|boost
|-unboost|p2a: Landorus|atk|1
|move|p2a: Landorus|Knock Off|p1a: Staple
|-damage|p1a: Staple|72/100
|-enditem|p1a: Staple|Choice Scarf|[from] move: Knock Off|[of] p2a: Landorus
|
|-heal|p2a: Landorus|59/100|[from] item: Leftovers
|upkeep
|turn|14
|
|t:|1604462525
|switch|p2a: Moltres|Moltres|17/100
|move|p1a: Staple|Explosion|p2a: Moltres
|-damage|p2a: Moltres|0 fnt
|faint|p1a: Staple
|faint|p2a: Moltres
|
|upkeep
|
|t:|1604462534
|switch|p1a: Finally Good|Articuno|51/100
|switch|p2a: Tapu Koko|Tapu Koko|100/100
|-status|p2a: Tapu Koko|tox
|-fieldstart|move: Electric Terrain|[from] ability: Electric Surge|[of] p2a: Tapu Koko
|-ability|p1a: Finally Good|Pressure
|turn|15
|
|t:|1604462542
|switch|p1a: Need A Queen|Nidoqueen, F|44/100
|move|p2a: Tapu Koko|Dazzling Gleam|p1a: Need A Queen
|-resisted|p1a: Need A Queen
|-damage|p1a: Need A Queen|29/100
|-damage|p2a: Tapu Koko|91/100 tox|[from] item: Life Orb
|
|-damage|p2a: Tapu Koko|84/100 tox|[from] psn
|upkeep
|turn|16
|
|t:|1604462551
|move|p2a: Tapu Koko|U-turn|p1a: Need A Queen
|-resisted|p1a: Need A Queen
|-damage|p1a: Need A Queen|18/100
|-damage|p2a: Tapu Koko|75/100 tox|[from] item: Life Orb
|
|t:|1604462555
|switch|p2a: Landorus|Landorus-Therian, M|59/100|[from]move: U-turn
|-ability|p2a: Landorus|Intimidate|boost
|-unboost|p1a: Need A Queen|atk|1
|move|p1a: Need A Queen|Sludge Wave|p2a: Landorus
|-resisted|p2a: Landorus
|-damage|p2a: Landorus|30/100
|
|-heal|p2a: Landorus|36/100|[from] item: Leftovers
|upkeep
|turn|17
|
|t:|1604462569
|switch|p1a: Spectrobes|Spectrier|100/100
|move|p2a: Landorus|Knock Off|p1a: Spectrobes
|-supereffective|p1a: Spectrobes
|-damage|p1a: Spectrobes|0 fnt
|-enditem|p1a: Spectrobes|Heavy-Duty Boots|[from] move: Knock Off|[of] p2a: Landorus
|faint|p1a: Spectrobes
|
|-heal|p2a: Landorus|42/100|[from] item: Leftovers
|upkeep
|
|t:|1604462572
|switch|p1a: Regilectric|Regieleki|100/100
|turn|18
|
|t:|1604462579
|move|p1a: Regilectric|Acrobatics|p2a: Landorus
|-damage|p2a: Landorus|0 fnt
|faint|p2a: Landorus
|
|upkeep
|
|t:|1604462590
|switch|p2a: Tapu Koko|Tapu Koko|75/100 tox
|turn|19
|
|t:|1604462594
|move|p1a: Regilectric|Wild Charge|p2a: Tapu Koko
|-resisted|p2a: Tapu Koko
|-damage|p2a: Tapu Koko|12/100 tox
|-damage|p1a: Regilectric|86/100|[from] Recoil
|move|p2a: Tapu Koko|Calm Mind|p2a: Tapu Koko
|-boost|p2a: Tapu Koko|spa|1
|-boost|p2a: Tapu Koko|spd|1
|
|-damage|p2a: Tapu Koko|5/100 tox|[from] psn
|-fieldend|move: Electric Terrain
|upkeep
|turn|20
|
|t:|1604462605
|move|p1a: Regilectric|Acrobatics|p2a: Tapu Koko
|-resisted|p2a: Tapu Koko
|-damage|p2a: Tapu Koko|0 fnt
|faint|p2a: Tapu Koko
|
|upkeep
|-message|Iznamakin forfeited.
|
|win|quinlanding
|l|☆Iznamakin
|raw|quinlanding's rating: 1276 &rarr; <strong>1298</strong><br />(+22 for winning)
|raw|Iznamakin's rating: 1240 &rarr; <strong>1217</strong><br />(-23 for losing)
