|j|☆LT94JE Starmind
|j|☆bramitoboy
|t:|1661438345
|gametype|singles
|player|p1|LT94JE Starmind|169|1848
|player|p2|bramitoboy|170|1821
|teamsize|p1|6
|teamsize|p2|6
|gen|8
|tier|[Gen 8] OU
|rated|
|rule|Sleep Clause Mod: Limit one foe put to sleep
|rule|Species Clause: Limit one of each Pokémon
|rule|OHKO Clause: OHKO moves are banned
|rule|Evasion Items Clause: Evasion items are banned
|rule|Evasion Moves Clause: Evasion moves are banned
|rule|Endless Battle Clause: Forcing endless battles is banned
|rule|HP Percentage Mod: HP is shown in percentages
|rule|Dynamax Clause: You cannot dynamax
|clearpoke
|poke|p1|Melmetal|
|poke|p1|Cresselia, F|
|poke|p1|Crawdaunt, M|
|poke|p1|Hatterene, F|
|poke|p1|Porygon2|
|poke|p1|Marowak-Alola, M|
|poke|p2|Zarude-Dada|
|poke|p2|Keldeo-Resolute|
|poke|p2|Tapu Lele|
|poke|p2|Tapu Koko|
|poke|p2|Heatran, F|
|poke|p2|Landorus-Therian, M|
|teampreview
|j| FLY~~69
|j| yovan33321
|inactive|Battle timer is ON: inactive players will automatically lose when time's up. (requested by LT94JE Starmind)
|
|t:|1661438362
|start
|switch|p1a: Knocked|Crawdaunt, M, shiny|100/100
|switch|p2a: Landorus|Landorus-Therian, M|100/100
|-ability|p2a: Landorus|Intimidate|boost
|-unboost|p1a: Knocked|atk|1
|turn|1
|
|t:|1661438368
|switch|p2a: Zarude|Zarude-Dada|100/100
|move|p1a: Knocked|Knock Off|p2a: Zarude
|-resisted|p2a: Zarude
|-damage|p2a: Zarude|72/100
|-enditem|p2a: Zarude|Life Orb|[from] move: Knock Off|[of] p1a: Knocked
|-damage|p1a: Knocked|90/100|[from] item: Life Orb
|
|upkeep
|turn|2
|c| FLY~~69|兄弟我又来了
|
|t:|1661438376
|switch|p1a: Hatterene|Hatterene, F|100/100
|move|p2a: Zarude|Bulk Up|p2a: Zarude
|-boost|p2a: Zarude|atk|1
|-boost|p2a: Zarude|def|1
|
|upkeep
|turn|3
|
|t:|1661438382
|move|p2a: Zarude|Power Whip|p1a: Hatterene
|-damage|p1a: Hatterene|35/100
|move|p1a: Hatterene|Trick Room|p1a: Hatterene
|-fieldstart|move: Trick Room|[of] p1a: Hatterene
|
|upkeep
|turn|4
|
|t:|1661438386
|move|p1a: Hatterene|Healing Wish|p1a: Hatterene
|faint|p1a: Hatterene
|move|p2a: Zarude|Synthesis|p2a: Zarude
|-heal|p2a: Zarude|100/100
|
|upkeep
|
|t:|1661438390
|switch|p1a: Marowak|Marowak-Alola, M|100/100
|turn|5
|
|t:|1661438396
|switch|p2a: Landorus|Landorus-Therian, M|100/100
|-ability|p2a: Landorus|Intimidate|boost
|-unboost|p1a: Marowak|atk|1
|move|p1a: Marowak|Flare Blitz|p2a: Landorus
|-damage|p2a: Landorus|50/100
|-damage|p1a: Marowak|84/100|[from] item: Rocky Helmet|[of] p2a: Landorus
|
|upkeep
|turn|6
|j| shaqfrombasketball
|j| ilcavalierebianco
|l| ilcavalierebianco
|
|t:|1661438406
|switch|p2a: Tapu Koko|Tapu Koko|100/100
|-fieldstart|move: Electric Terrain|[from] ability: Electric Surge|[of] p2a: Tapu Koko
|move|p1a: Marowak|Swords Dance|p1a: Marowak
|-boost|p1a: Marowak|atk|2
|
|upkeep
|turn|7
|
|t:|1661438415
|move|p1a: Marowak|Flare Blitz|p2a: Tapu Koko
|-damage|p2a: Tapu Koko|0 fnt
|faint|p2a: Tapu Koko
|
|-fieldend|move: Trick Room
|upkeep
|
|t:|1661438421
|switch|p2a: Keldeo|Keldeo-Resolute|100/100
|turn|8
|
|t:|1661438424
|move|p2a: Keldeo|Substitute|p2a: Keldeo
|-start|p2a: Keldeo|Substitute
|-damage|p2a: Keldeo|75/100
|move|p1a: Marowak|Bonemerang|p2a: Keldeo
|-end|p2a: Keldeo|Substitute
|-damage|p2a: Keldeo|24/100
|-hitcount|p2a: Keldeo|2
|
|-heal|p2a: Keldeo|30/100|[from] item: Leftovers
|upkeep
|turn|9
|j| mdrb69
|
|t:|1661438432
|switch|p1a: Porygon2|Porygon2|100/100
|-ability|p1a: Porygon2|Download|boost
|-boost|p1a: Porygon2|spa|1
|move|p2a: Keldeo|Scald|p1a: Porygon2
|-crit|p1a: Porygon2
|-damage|p1a: Porygon2|60/100
|
|-heal|p2a: Keldeo|36/100|[from] item: Leftovers
|upkeep
|turn|10
|
|t:|1661438437
|move|p2a: Keldeo|Secret Sword|p1a: Porygon2
|-supereffective|p1a: Porygon2
|-damage|p1a: Porygon2|0 fnt
|faint|p1a: Porygon2
|
|-heal|p2a: Keldeo|42/100|[from] item: Leftovers
|-fieldend|move: Electric Terrain
|upkeep
|
|t:|1661438441
|switch|p1a: Melmetal|Melmetal|100/100
|turn|11
|
|t:|1661438445
|switch|p2a: Heatran|Heatran, F|100/100
|-item|p2a: Heatran|Air Balloon
|move|p1a: Melmetal|Double Iron Bash|p2a: Heatran
|-resisted|p2a: Heatran
|-damage|p2a: Heatran|86/100
|-enditem|p2a: Heatran|Air Balloon
|-resisted|p2a: Heatran
|-damage|p2a: Heatran|73/100
|-hitcount|p2a: Heatran|2
|
|upkeep
|turn|12
|
|t:|1661438450
|switch|p1a: Cresselia|Cresselia, F|100/100
|move|p2a: Heatran|Taunt|p1a: Cresselia
|-start|p1a: Cresselia|move: Taunt
|-enditem|p1a: Cresselia|Mental Herb
|-end|p1a: Cresselia|move: Taunt
|
|upkeep
|turn|13
|
|t:|1661438453
|switch|p1a: Knocked|Crawdaunt, M, shiny|90/100
|-heal|p1a: Knocked|100/100|[from] move: Healing Wish
|move|p2a: Heatran|Taunt|p1a: Knocked
|-start|p1a: Knocked|move: Taunt
|
|upkeep
|turn|14
|
|t:|1661438461
|switch|p2a: Zarude|Zarude-Dada|100/100
|move|p1a: Knocked|Knock Off|p2a: Zarude
|-resisted|p2a: Zarude
|-crit|p2a: Zarude
|-damage|p2a: Zarude|56/100
|-damage|p1a: Knocked|90/100|[from] item: Life Orb
|
|upkeep
|turn|15
|
|t:|1661438469
|switch|p2a: Heatran|Heatran, F|73/100
|switch|p1a: Melmetal|Melmetal|100/100
|
|upkeep
|turn|16
|
|t:|1661438474
|move|p2a: Heatran|Magma Storm|p1a: Melmetal
|-supereffective|p1a: Melmetal
|-damage|p1a: Melmetal|0 fnt
|faint|p1a: Melmetal
|
|upkeep
|
|t:|1661438477
|switch|p1a: Marowak|Marowak-Alola, M|84/100
|turn|17
|
|t:|1661438481
|move|p2a: Heatran|Earth Power|p1a: Marowak
|-supereffective|p1a: Marowak
|-damage|p1a: Marowak|2/100
|-unboost|p1a: Marowak|spd|1
|move|p1a: Marowak|Swords Dance|p1a: Marowak
|-boost|p1a: Marowak|atk|2
|
|upkeep
|turn|18
|-message|LT94JE Starmind forfeited.
|
|win|bramitoboy
|raw|LT94JE Starmind's rating: 1848 &rarr; <strong>1826</strong><br />(-22 for losing)
|raw|bramitoboy's rating: 1821 &rarr; <strong>1843</strong><br />(+22 for winning)
|l|☆LT94JE Starmind
