|j|☆SuperEpicAmpharos
|j|☆cold.exe
|player|p1|SuperEpicAmpharos|winona|1430
|player|p2|cold.exe|red|1389
|teamsize|p1|6
|teamsize|p2|6
|gametype|singles
|gen|8
|tier|[Gen 8] OU
|rated|
|clearpoke
|poke|p1|Pincurchin, F|
|poke|p1|Zeraora|
|poke|p1|Kommo-o, F|
|poke|p1|Clefable, M|
|poke|p1|Tangrowth, F|
|poke|p1|Cinderace, M|
|poke|p2|Scizor, M|
|poke|p2|Alakazam, F|
|poke|p2|Chansey, F|
|poke|p2|Urshifu, M|
|poke|p2|Mandibuzz, F|
|poke|p2|Cinderace, F|
|rule|Sleep Clause Mod: Limit one foe put to sleep
|rule|Species Clause: Limit one of each Pokémon
|rule|OHKO Clause: OHKO moves are banned
|rule|Evasion Moves Clause: Evasion moves are banned
|rule|Endless Battle Clause: Forcing endless battles is banned
|rule|HP Percentage Mod: HP is shown in percentages
|rule|Dynamax Clause: You cannot dynamax
|teampreview
|c|☆SuperEpicAmpharos|hf
|c|☆SuperEpicAmpharos|!dt urshifu
|raw|<div class="message"><ul class="utilichart"><li class="result"><span class="col numcol">OU</span> <span class="col iconcol"><psicon pokemon="urshifu"/></span> <span class="col pokemonnamecol" style="white-space:nowrap"><a href="https://dex.pokemonshowdown.com/pokemon/urshifu" target="_blank">Urshifu</a></span> <span class="col typecol"><img src="https://play.pokemonshowdown.com/sprites/types/Fighting.png" alt="Fighting" height="14" width="32"><img src="https://play.pokemonshowdown.com/sprites/types/Dark.png" alt="Dark" height="14" width="32"></span> <span style="float:left;min-height:26px"><span class="col abilitycol">Unseen Fist</span><span class="col abilitycol"></span></span><span style="float:left;min-height:26px"><span class="col statcol"><em>HP</em><br />100</span> <span class="col statcol"><em>Atk</em><br />130</span> <span class="col statcol"><em>Def</em><br />100</span> <span class="col statcol"><em>SpA</em><br />63</span> <span class="col statcol"><em>SpD</em><br />60</span> <span class="col statcol"><em>Spe</em><br />97</span> <span class="col bstcol"><em>BST<br />550</em></span> </span></li><li style="clear:both"></li></ul></div>
|raw|<font size="1"><font color="#686868">Dex#:</font> 892&nbsp;|&ThickSpace;<font color="#686868">Gen:</font> 8&nbsp;|&ThickSpace;<font color="#686868">Height:</font> 1.9 m&nbsp;|&ThickSpace;<font color="#686868">Weight:</font> 105 kg <em>(100 BP)</em>&nbsp;|&ThickSpace;<font color="#686868">Dex Colour:</font> Gray&nbsp;|&ThickSpace;<font color="#686868">Egg Group(s):</font> Undiscovered&nbsp;|&ThickSpace;<font color="#686868">Does Not Evolve</font></font>

|c|☆SuperEpicAmpharos|I see
|c|☆SuperEpicAmpharos|does it fully break through protect?
|inactive|Battle timer is ON: inactive players will automatically lose when time's up. (requested by cold.exe)
|c|☆SuperEpicAmpharos|or is it partial damage
|
|start
|switch|p1a: Pincurchin|Pincurchin, F|100/100
|switch|p2a: Scizor|Scizor, M|100/100
|-fieldstart|move: Electric Terrain|[from] ability: Electric Surge|[of] p1a: Pincurchin
|turn|1
|c|☆cold.exe|Yes it fully does
|c|☆SuperEpicAmpharos|o shit
|c|☆SuperEpicAmpharos|that's kinda broken
|c|☆cold.exe|But it's kinda slow tho
|inactive|cold.exe has 120 seconds left.
|c|☆cold.exe|Cinderace easily beats it
|c|☆SuperEpicAmpharos|yeah 97 isn't incredibly fast
|
|move|p2a: Scizor|U-turn|p1a: Pincurchin
|-damage|p1a: Pincurchin|35/100
|
|switch|p2a: Urshifu|Urshifu, M|100/100|[from]move: U-turn
|move|p1a: Pincurchin|Rising Voltage|p2a: Urshifu
|-damage|p2a: Urshifu|0 fnt
|faint|p2a: Urshifu
|
|upkeep
|
|switch|p2a: Scizor|Scizor, M|100/100
|turn|2
|
|switch|p1a: Kommo-o|Kommo-o, F|100/100
|move|p2a: Scizor|U-turn|p1a: Kommo-o
|-resisted|p1a: Kommo-o
|-damage|p1a: Kommo-o|84/100
|inactive|cold.exe has 120 seconds left.
|
|switch|p2a: Alakazam|Alakazam, F|100/100|[from]move: U-turn
|
|-heal|p1a: Kommo-o|90/100|[from] item: Leftovers
|upkeep
|turn|3
|
|switch|p1a: Tangrowth|Tangrowth, F|100/100
|move|p2a: Alakazam|Psychic|p1a: Tangrowth
|-damage|p1a: Tangrowth|71/100
|
|upkeep
|turn|4
|
|move|p2a: Alakazam|Focus Blast|p1a: Tangrowth
|-crit|p1a: Tangrowth
|-damage|p1a: Tangrowth|29/100
|move|p1a: Tangrowth|Knock Off|p2a: Alakazam
|-supereffective|p2a: Alakazam
|-enditem|p2a: Alakazam|Focus Sash
|-damage|p2a: Alakazam|1/100
|
|upkeep
|turn|5
|
|switch|p1a: Clefable|Clefable, M|100/100
|move|p2a: Alakazam|Focus Blast|p1a: Clefable
|-resisted|p1a: Clefable
|-damage|p1a: Clefable|87/100
|
|-heal|p1a: Clefable|93/100|[from] item: Leftovers
|-fieldend|move: Electric Terrain
|upkeep
|turn|6
|
|move|p2a: Alakazam|Psychic|p1a: Clefable
|-damage|p1a: Clefable|61/100
|-unboost|p1a: Clefable|spd|1
|move|p1a: Clefable|Moonblast|p2a: Alakazam
|-damage|p2a: Alakazam|0 fnt
|faint|p2a: Alakazam
|
|-heal|p1a: Clefable|68/100|[from] item: Leftovers
|upkeep
|
|switch|p2a: Cinderace|Cinderace, F|100/100
|turn|7
|
|move|p1a: Clefable|Protect|p1a: Clefable
|-singleturn|p1a: Clefable|Protect
|move|p2a: Cinderace|Pyro Ball|p1a: Clefable
|-activate|p1a: Clefable|move: Protect
|
|-heal|p1a: Clefable|74/100|[from] item: Leftovers
|upkeep
|turn|8
|
|switch|p1a: Kommo-o|Kommo-o, F|90/100
|move|p2a: Cinderace|Pyro Ball|p1a: Kommo-o
|-immune|p1a: Kommo-o|[from] ability: Bulletproof
|
|-heal|p1a: Kommo-o|96/100|[from] item: Leftovers
|upkeep
|turn|9
|
|move|p2a: Cinderace|Zen Headbutt|p1a: Kommo-o
|-supereffective|p1a: Kommo-o
|-damage|p1a: Kommo-o|58/100
|move|p1a: Kommo-o|Stealth Rock|p2a: Cinderace
|-sidestart|p2: cold.exe|move: Stealth Rock
|
|-heal|p1a: Kommo-o|64/100|[from] item: Leftovers
|upkeep
|turn|10
|
|switch|p1a: Tangrowth|Tangrowth, F|62/100
|move|p2a: Cinderace|Zen Headbutt|p1a: Tangrowth
|-damage|p1a: Tangrowth|43/100
|
|upkeep
|turn|11
|
|switch|p1a: Kommo-o|Kommo-o, F|64/100
|move|p2a: Cinderace|Pyro Ball|p1a: Kommo-o
|-immune|p1a: Kommo-o|[from] ability: Bulletproof
|
|-heal|p1a: Kommo-o|71/100|[from] item: Leftovers
|upkeep
|turn|12
|
|move|p2a: Cinderace|Zen Headbutt|p1a: Kommo-o
|-supereffective|p1a: Kommo-o
|-damage|p1a: Kommo-o|34/100
|move|p1a: Kommo-o|Iron Defense|p1a: Kommo-o
|-boost|p1a: Kommo-o|def|2
|
|-heal|p1a: Kommo-o|40/100|[from] item: Leftovers
|upkeep
|turn|13
|
|switch|p2a: Mandibuzz|Mandibuzz, F|100/100
|-damage|p2a: Mandibuzz|75/100|[from] Stealth Rock
|move|p1a: Kommo-o|Earthquake|p2a: Mandibuzz
|-immune|p2a: Mandibuzz
|
|-heal|p1a: Kommo-o|46/100|[from] item: Leftovers
|upkeep
|turn|14
|
|move|p1a: Kommo-o|Body Press|p2a: Mandibuzz
|-damage|p2a: Mandibuzz|25/100
|-damage|p1a: Kommo-o|30/100|[from] item: Rocky Helmet|[of] p2a: Mandibuzz
|move|p2a: Mandibuzz|Defog|p1a: Kommo-o
|-unboost|p1a: Kommo-o|evasion|1
|-sideend|p2: cold.exe|Stealth Rock|[from] move: Defog|[of] p2a: Mandibuzz
|
|-heal|p1a: Kommo-o|36/100|[from] item: Leftovers
|upkeep
|turn|15
|
|move|p1a: Kommo-o|Body Press|p2a: Mandibuzz
|-damage|p2a: Mandibuzz|0 fnt
|-damage|p1a: Kommo-o|19/100|[from] item: Rocky Helmet|[of] p2a: Mandibuzz
|faint|p2a: Mandibuzz
|
|-heal|p1a: Kommo-o|25/100|[from] item: Leftovers
|upkeep
|
|switch|p2a: Cinderace|Cinderace, F|100/100
|turn|16
|
|move|p2a: Cinderace|Zen Headbutt|p1a: Kommo-o
|-supereffective|p1a: Kommo-o
|-damage|p1a: Kommo-o|8/100
|move|p1a: Kommo-o|Body Press|p2a: Cinderace
|-damage|p2a: Cinderace|0 fnt
|faint|p2a: Cinderace
|
|-heal|p1a: Kommo-o|15/100|[from] item: Leftovers
|upkeep
|-message|cold.exe forfeited.
|
|win|SuperEpicAmpharos
|l|☆cold.exe
|raw|SuperEpicAmpharos's rating: 1415 &rarr; <strong>1432</strong><br />(+17 for winning)
|raw|cold.exe's rating: 1368 &rarr; <strong>1351</strong><br />(-17 for losing)
