|html|<div class="broadcast-blue"><strong>[Gen 8] OU is currently suspecting Melmetal! For information on how to participate check out the <a href="https://www.smogon.com/forums/threads/np-ss-ou-suspect-process-round-12-monster-mash.3709234/">suspect thread</a>.</strong></div>
|j|☆Aim on mai wei
|j|☆Amstan️
|t:|1666098922
|gametype|singles
|player|p1|Aim on mai wei|1|1747
|player|p2|Amstan️|nate|1710
|teamsize|p1|6
|teamsize|p2|6
|gen|8
|tier|[Gen 8] OU
|rated|
|rule|Sleep Clause Mod: Limit one foe put to sleep
|rule|Species Clause: Limit one of each Pokémon
|rule|OHKO Clause: OHKO moves are banned
|rule|Evasion Items Clause: Evasion items are banned
|rule|Evasion Moves Clause: Evasion moves are banned
|rule|Endless Battle Clause: Forcing endless battles is banned
|rule|HP Percentage Mod: HP is shown in percentages
|rule|Dynamax Clause: You cannot dynamax
|clearpoke
|poke|p1|Ditto|
|poke|p1|Blissey, F|
|poke|p1|Corviknight, F|
|poke|p1|Dragonite, F|
|poke|p1|Quagsire, M|
|poke|p1|Conkeldurr, F|
|poke|p2|Skarmory, M|
|poke|p2|Volcarona, M|
|poke|p2|Regieleki|
|poke|p2|Kartana|
|poke|p2|Weavile, M|
|poke|p2|Dragapult, M|
|teampreview
|inactive|Battle timer is ON: inactive players will automatically lose when time's up. (requested by Amstan️)
|
|t:|1666098934
|start
|switch|p1a: Dragonite|Dragonite, F|100/100
|switch|p2a: Raptor|Skarmory, M, shiny|100/100
|turn|1
|
|t:|1666098938
|move|p2a: Raptor|Stealth Rock|p1a: Dragonite
|-sidestart|p1: Aim on mai wei|move: Stealth Rock
|move|p1a: Dragonite|Fire Blast|p2a: Raptor
|-supereffective|p2a: Raptor
|-damage|p2a: Raptor|8/100
|-status|p2a: Raptor|brn
|
|-damage|p2a: Raptor|2/100 brn|[from] brn
|upkeep
|turn|2
|j| Ebullient Days
|-enditem|p2a: Raptor|Custap Berry|[eat]
|-activate|p2a: Raptor|item: Custap Berry|[consumed]
|
|t:|1666098948
|move|p2a: Raptor|Taunt|p1a: Dragonite
|-start|p1a: Dragonite|move: Taunt
|move|p1a: Dragonite|Ice Beam|p2a: Raptor
|-damage|p2a: Raptor|0 fnt
|faint|p2a: Raptor
|
|upkeep
|
|t:|1666098957
|switch|p2a: Bandit|Weavile, M|100/100
|-ability|p2a: Bandit|Pressure
|turn|3
|
|t:|1666098968
|switch|p1a: Ditto|Ditto|100/100
|-damage|p1a: Ditto|88/100|[from] Stealth Rock
|-transform|p1a: Ditto|p2a: Bandit|[from] ability: Imposter
|-ability|p1a: Ditto|Pressure
|move|p2a: Bandit|Swords Dance|p2a: Bandit
|-boost|p2a: Bandit|atk|2
|
|upkeep
|turn|4
|j| PurpleJWK
|
|t:|1666098979
|move|p1a: Ditto|Knock Off|p2a: Bandit
|-resisted|p2a: Bandit
|-damage|p2a: Bandit|52/100
|-enditem|p2a: Bandit|Life Orb|[from] move: Knock Off|[of] p1a: Ditto
|move|p2a: Bandit|Triple Axel|p1a: Ditto
|-resisted|p1a: Ditto
|-damage|p1a: Ditto|69/100
|-hitcount|p1a: Ditto|1
|
|upkeep
|turn|5
|
|t:|1666098987
|move|p1a: Ditto|Knock Off|p2a: Bandit
|-resisted|p2a: Bandit
|-damage|p2a: Bandit|22/100
|move|p2a: Bandit|Knock Off|p1a: Ditto
|-resisted|p1a: Ditto
|-damage|p1a: Ditto|0 fnt
|-enditem|p1a: Ditto|Choice Scarf|[from] move: Knock Off|[of] p2a: Bandit
|faint|p1a: Ditto
|
|upkeep
|
|t:|1666098994
|switch|p1a: Conkeldurr|Conkeldurr, F|100/100
|-damage|p1a: Conkeldurr|95/100|[from] Stealth Rock
|turn|6
|
|t:|1666098998
|switch|p2a: Amaterasu|Volcarona, M|100/100
|move|p1a: Conkeldurr|Mach Punch|p2a: Amaterasu
|-resisted|p2a: Amaterasu
|-damage|p2a: Amaterasu|85/100
|
|-heal|p2a: Amaterasu|91/100|[from] item: Leftovers
|-status|p1a: Conkeldurr|brn|[from] item: Flame Orb
|upkeep
|turn|7
|
|t:|1666099009
|switch|p2a: Leviathan|Dragapult, M, shiny|100/100
|move|p1a: Conkeldurr|Facade|p2a: Leviathan
|-immune|p2a: Leviathan
|
|-damage|p1a: Conkeldurr|89/100 brn|[from] brn
|upkeep
|turn|8
|
|t:|1666099015
|move|p2a: Leviathan|Dragon Darts|p1a: Conkeldurr
|-damage|p1a: Conkeldurr|54/100 brn
|-anim|p2a: Leviathan|Dragon Darts|p1a: Conkeldurr
|-damage|p1a: Conkeldurr|17/100 brn
|-damage|p2a: Leviathan|91/100|[from] item: Life Orb
|move|p1a: Conkeldurr|Knock Off|p2a: Leviathan
|-supereffective|p2a: Leviathan
|-crit|p2a: Leviathan
|-damage|p2a: Leviathan|0 fnt
|-enditem|p2a: Leviathan|Life Orb|[from] move: Knock Off|[of] p1a: Conkeldurr
|faint|p2a: Leviathan
|
|-damage|p1a: Conkeldurr|11/100 brn|[from] brn
|upkeep
|
|t:|1666099020
|switch|p2a: Amaterasu|Volcarona, M|91/100
|turn|9
|
|t:|1666099027
|switch|p1a: Blissey|Blissey, F|100/100
|move|p2a: Amaterasu|Flamethrower|p1a: Blissey
|-damage|p1a: Blissey|81/100
|
|-heal|p2a: Amaterasu|97/100|[from] item: Leftovers
|upkeep
|turn|10
|
|t:|1666099034
|move|p2a: Amaterasu|Substitute|p2a: Amaterasu
|-start|p2a: Amaterasu|Substitute
|-damage|p2a: Amaterasu|72/100
|move|p1a: Blissey|Seismic Toss|p2a: Amaterasu
|-end|p2a: Amaterasu|Substitute
|
|-heal|p2a: Amaterasu|78/100|[from] item: Leftovers
|upkeep
|turn|11
|
|t:|1666099038
|move|p2a: Amaterasu|Quiver Dance|p2a: Amaterasu
|-boost|p2a: Amaterasu|spa|1
|-boost|p2a: Amaterasu|spd|1
|-boost|p2a: Amaterasu|spe|1
|move|p1a: Blissey|Seismic Toss|p2a: Amaterasu
|-damage|p2a: Amaterasu|49/100
|
|-heal|p2a: Amaterasu|56/100|[from] item: Leftovers
|upkeep
|turn|12
|
|t:|1666099045
|move|p2a: Amaterasu|Quiver Dance|p2a: Amaterasu
|-boost|p2a: Amaterasu|spa|1
|-boost|p2a: Amaterasu|spd|1
|-boost|p2a: Amaterasu|spe|1
|move|p1a: Blissey|Seismic Toss|p2a: Amaterasu
|-damage|p2a: Amaterasu|27/100
|
|-heal|p2a: Amaterasu|33/100|[from] item: Leftovers
|upkeep
|turn|13
|j| Quagshi
|
|t:|1666099052
|move|p2a: Amaterasu|Substitute|p2a: Amaterasu
|-start|p2a: Amaterasu|Substitute
|-damage|p2a: Amaterasu|8/100
|move|p1a: Blissey|Seismic Toss|p2a: Amaterasu
|-end|p2a: Amaterasu|Substitute
|
|-heal|p2a: Amaterasu|14/100|[from] item: Leftovers
|upkeep
|turn|14
|
|t:|1666099058
|move|p2a: Amaterasu|Bug Buzz|p1a: Blissey
|-damage|p1a: Blissey|22/100
|-unboost|p1a: Blissey|spd|1
|move|p1a: Blissey|Soft-Boiled|p1a: Blissey
|-heal|p1a: Blissey|72/100
|
|-heal|p2a: Amaterasu|20/100|[from] item: Leftovers
|upkeep
|turn|15
|
|t:|1666099076
|move|p2a: Amaterasu|Bug Buzz|p1a: Blissey
|-damage|p1a: Blissey|0 fnt
|faint|p1a: Blissey
|
|-heal|p2a: Amaterasu|26/100|[from] item: Leftovers
|upkeep
|
|t:|1666099091
|switch|p1a: Dragonite|Dragonite, F|100/100
|turn|16
|j| DaiDaiwo♫
|
|t:|1666099096
|move|p2a: Amaterasu|Bug Buzz|p1a: Dragonite
|-resisted|p1a: Dragonite
|-damage|p1a: Dragonite|67/100
|-unboost|p1a: Dragonite|spd|1
|move|p1a: Dragonite|Earthquake|p2a: Amaterasu
|-damage|p2a: Amaterasu|0 fnt
|faint|p2a: Amaterasu
|
|upkeep
|
|t:|1666099100
|switch|p2a: Bandit|Weavile, M|22/100
|-ability|p2a: Bandit|Pressure
|turn|17
|
|t:|1666099108
|switch|p1a: Corviknight|Corviknight, F|100/100
|-damage|p1a: Corviknight|88/100|[from] Stealth Rock
|-ability|p1a: Corviknight|Pressure
|move|p2a: Bandit|Triple Axel|p1a: Corviknight
|-damage|p1a: Corviknight|81/100
|-hitcount|p1a: Corviknight|1
|
|upkeep
|turn|18
|
|t:|1666099118
|switch|p2a: Deathstroke|Kartana, shiny|100/100
|move|p1a: Corviknight|U-turn|p2a: Deathstroke
|-damage|p2a: Deathstroke|88/100
|
|t:|1666099125
|switch|p1a: Dragonite|Dragonite, F|67/100|[from]move: U-turn
|
|upkeep
|turn|19
|
|t:|1666099136
|switch|p2a: Transistor|Regieleki, shiny|100/100
|move|p1a: Dragonite|Fire Blast|p2a: Transistor
|-crit|p2a: Transistor
|-damage|p2a: Transistor|24/100
|
|upkeep
|turn|20
|
|t:|1666099158
|move|p2a: Transistor|Volt Switch|p1a: Dragonite
|-damage|p1a: Dragonite|21/100
|
|t:|1666099161
|switch|p2a: Deathstroke|Kartana, shiny|88/100|[from]move: Volt Switch
|move|p1a: Dragonite|Roost|p1a: Dragonite
|-heal|p1a: Dragonite|71/100
|-singleturn|p1a: Dragonite|move: Roost
|
|upkeep
|turn|21
|
|t:|1666099166
|move|p2a: Deathstroke|Smart Strike|p1a: Dragonite
|-damage|p1a: Dragonite|49/100
|move|p1a: Dragonite|Roost|p1a: Dragonite
|-heal|p1a: Dragonite|99/100
|-singleturn|p1a: Dragonite|move: Roost
|
|upkeep
|turn|22
|
|t:|1666099170
|move|p2a: Deathstroke|Knock Off|p1a: Dragonite
|-crit|p1a: Dragonite
|-damage|p1a: Dragonite|65/100
|-enditem|p1a: Dragonite|Heavy-Duty Boots|[from] move: Knock Off|[of] p2a: Deathstroke
|move|p1a: Dragonite|Fire Blast|p2a: Deathstroke
|-supereffective|p2a: Deathstroke
|-damage|p2a: Deathstroke|0 fnt
|faint|p2a: Deathstroke
|
|upkeep
|
|t:|1666099172
|switch|p2a: Bandit|Weavile, M|22/100
|-ability|p2a: Bandit|Pressure
|turn|23
|
|t:|1666099178
|move|p2a: Bandit|Triple Axel|p1a: Dragonite
|-supereffective|p1a: Dragonite
|-damage|p1a: Dragonite|34/100
|-supereffective|p1a: Dragonite
|-damage|p1a: Dragonite|0 fnt
|faint|p1a: Dragonite
|-hitcount|p1: Dragonite|2
|
|upkeep
|
|t:|1666099184
|switch|p1a: Corviknight|Corviknight, F|81/100
|-damage|p1a: Corviknight|68/100|[from] Stealth Rock
|-ability|p1a: Corviknight|Pressure
|turn|24
|
|t:|1666099188
|switch|p2a: Transistor|Regieleki, shiny|24/100
|move|p1a: Corviknight|Body Press|p2a: Transistor
|-damage|p2a: Transistor|0 fnt
|faint|p2a: Transistor
|
|upkeep
|
|t:|1666099189
|switch|p2a: Bandit|Weavile, M|22/100
|-ability|p2a: Bandit|Pressure
|turn|25
|
|t:|1666099192
|move|p2a: Bandit|Triple Axel|p1a: Corviknight
|-damage|p1a: Corviknight|61/100
|-damage|p1a: Corviknight|46/100
|-damage|p1a: Corviknight|25/100
|-hitcount|p1a: Corviknight|3
|move|p1a: Corviknight|Body Press|p2a: Bandit
|-supereffective|p2a: Bandit
|-damage|p2a: Bandit|0 fnt
|faint|p2a: Bandit
|
|win|Aim on mai wei
|raw|Aim on mai wei's rating: 1747 &rarr; <strong>1765</strong><br />(+18 for winning)
|raw|Amstan️'s rating: 1710 &rarr; <strong>1692</strong><br />(-18 for losing)
|c|☆Amstan️|Gg
|c|☆Aim on mai wei|gg
|l|☆Amstan️
