|j|☆corumba
|j|☆comp233
|t:|1667170151
|gametype|singles
|player|p1|corumba|schoolkid-gen4|1668
|player|p2|comp233|rosa|1699
|teamsize|p1|6
|teamsize|p2|6
|gen|8
|tier|[Gen 8] OU
|rated|
|rule|Sleep Clause Mod: Limit one foe put to sleep
|rule|Species Clause: Limit one of each Pokémon
|rule|OHKO Clause: OHKO moves are banned
|rule|Evasion Items Clause: Evasion items are banned
|rule|Evasion Moves Clause: Evasion moves are banned
|rule|Endless Battle Clause: Forcing endless battles is banned
|rule|HP Percentage Mod: HP is shown in percentages
|rule|Dynamax Clause: You cannot dynamax
|clearpoke
|poke|p1|Landorus-Therian, M|
|poke|p1|Rotom-Wash|
|poke|p1|Latios, M|
|poke|p1|Melmetal|
|poke|p1|Heatran, F|
|poke|p1|Dragapult, F|
|poke|p2|Dragapult, M|
|poke|p2|Melmetal|
|poke|p2|Zapdos-Galar|
|poke|p2|Blaziken, F|
|poke|p2|Victini|
|poke|p2|Landorus-Therian, M|
|teampreview
|
|t:|1667170197
|start
|switch|p1a: Latios|Latios, M|100/100
|switch|p2a: Landorus|Landorus-Therian, M|100/100
|-ability|p2a: Landorus|Intimidate|boost
|-unboost|p1a: Latios|atk|1
|turn|1
|
|t:|1667170220
|move|p1a: Latios|Ice Beam|p2a: Landorus
|-supereffective|p2a: Landorus
|-enditem|p2a: Landorus|Focus Sash
|-damage|p2a: Landorus|1/100
|-status|p2a: Landorus|frz
|-curestatus|p2a: Landorus|frz|[msg]
|move|p2a: Landorus|Stealth Rock|p1a: Latios
|-sidestart|p1: corumba|move: Stealth Rock
|
|upkeep
|turn|2
|j| Kyurem
|j| KappaHalo
|
|t:|1667170236
|switch|p2a: Melmetal|Melmetal, shiny|100/100
|move|p1a: Latios|Ice Beam|p2a: Melmetal
|-resisted|p2a: Melmetal
|-damage|p2a: Melmetal|86/100
|
|upkeep
|turn|3
|j| Jongruenwald
|
|t:|1667170249
|switch|p1a: Rotom|Rotom-Wash|100/100
|-damage|p1a: Rotom|88/100|[from] Stealth Rock
|switch|p2a: Zapdos|Zapdos-Galar|100/100
|
|-heal|p1a: Rotom|94/100|[from] item: Leftovers
|upkeep
|turn|4
|
|t:|1667170259
|move|p2a: Zapdos|U-turn|p1a: Rotom
|-damage|p1a: Rotom|66/100
|
|t:|1667170262
|switch|p2a: Dragapult|Dragapult, M, shiny|100/100|[from]move: U-turn
|move|p1a: Rotom|Volt Switch|p2a: Dragapult
|-resisted|p2a: Dragapult
|-damage|p2a: Dragapult|85/100
|
|t:|1667170269
|switch|p1a: Melmetal|Melmetal|100/100|[from]move: Volt Switch
|-damage|p1a: Melmetal|94/100|[from] Stealth Rock
|
|-heal|p1a: Melmetal|100/100|[from] item: Leftovers
|upkeep
|turn|5
|j| txxl
|
|t:|1667170286
|move|p2a: Dragapult|U-turn|p1a: Melmetal
|-resisted|p1a: Melmetal
|-damage|p1a: Melmetal|96/100
|
|t:|1667170302
|switch|p2a: Victini|Victini|100/100|[from]move: U-turn
|move|p1a: Melmetal|Double Iron Bash|p2a: Victini
|-resisted|p2a: Victini
|-damage|p2a: Victini|84/100
|-resisted|p2a: Victini
|-damage|p2a: Victini|68/100
|-hitcount|p2a: Victini|2
|
|-heal|p1a: Melmetal|100/100|[from] item: Leftovers
|upkeep
|turn|6
|
|t:|1667170318
|switch|p1a: Heatran|Heatran, F|100/100
|-damage|p1a: Heatran|88/100|[from] Stealth Rock
|move|p2a: Victini|Glaciate|p1a: Heatran
|-resisted|p1a: Heatran
|-damage|p1a: Heatran|85/100
|-unboost|p1a: Heatran|spe|1
|
|-heal|p1a: Heatran|91/100|[from] item: Leftovers
|upkeep
|turn|7
|j| SpainLover155
|l| SpainLover155
|
|t:|1667170336
|move|p2a: Victini|U-turn|p1a: Heatran
|-resisted|p1a: Heatran
|-damage|p1a: Heatran|88/100
|
|t:|1667170339
|switch|p2a: Zapdos|Zapdos-Galar|100/100|[from]move: U-turn
|move|p1a: Heatran|Lava Plume|p2a: Zapdos
|-damage|p2a: Zapdos|59/100
|
|-heal|p1a: Heatran|94/100|[from] item: Leftovers
|upkeep
|turn|8
|
|t:|1667170351
|switch|p1a: Dragapult|Dragapult, F|100/100
|-damage|p1a: Dragapult|88/100|[from] Stealth Rock
|move|p2a: Zapdos|Close Combat|p1a: Dragapult
|-immune|p1a: Dragapult
|
|upkeep
|turn|9
|
|t:|1667170359
|switch|p2a: Landorus|Landorus-Therian, M|1/100
|-ability|p2a: Landorus|Intimidate|boost
|-fail|p1a: Dragapult|unboost|[from] ability: Clear Body|[of] p1a: Dragapult
|move|p1a: Dragapult|U-turn|p2a: Landorus
|-resisted|p2a: Landorus
|-damage|p2a: Landorus|0 fnt
|faint|p2a: Landorus
|
|t:|1667170378
|switch|p1a: Latios|Latios, M|100/100|[from]move: U-turn
|-damage|p1a: Latios|88/100|[from] Stealth Rock
|
|-heal|p1a: Latios|94/100|[from] item: Leftovers
|upkeep
|
|t:|1667170387
|switch|p2a: Dragapult|Dragapult, M, shiny|85/100
|turn|10
|
|t:|1667170397
|switch|p1a: Melmetal|Melmetal|100/100
|-damage|p1a: Melmetal|94/100|[from] Stealth Rock
|move|p2a: Dragapult|Draco Meteor|p1a: Melmetal
|-resisted|p1a: Melmetal
|-damage|p1a: Melmetal|70/100
|-unboost|p2a: Dragapult|spa|2
|
|-heal|p1a: Melmetal|76/100|[from] item: Leftovers
|upkeep
|turn|11
|
|t:|1667170409
|switch|p2a: Victini|Victini|68/100
|move|p1a: Melmetal|Double Iron Bash|p2a: Victini
|-resisted|p2a: Victini
|-damage|p2a: Victini|50/100
|-resisted|p2a: Victini
|-damage|p2a: Victini|34/100
|-hitcount|p2a: Victini|2
|
|-heal|p1a: Melmetal|82/100|[from] item: Leftovers
|upkeep
|turn|12
|
|t:|1667170424
|move|p1a: Melmetal|Protect|p1a: Melmetal
|-singleturn|p1a: Melmetal|Protect
|move|p2a: Victini|V-create|p1a: Melmetal
|-activate|p1a: Melmetal|move: Protect
|
|-heal|p1a: Melmetal|88/100|[from] item: Leftovers
|upkeep
|turn|13
|
|t:|1667170433
|switch|p1a: Heatran|Heatran, F|94/100
|-damage|p1a: Heatran|82/100|[from] Stealth Rock
|move|p2a: Victini|U-turn|p1a: Heatran
|-resisted|p1a: Heatran
|-damage|p1a: Heatran|78/100
|
|t:|1667170442
|switch|p2a: Blaziken|Blaziken, F, shiny|100/100|[from]move: U-turn
|
|-heal|p1a: Heatran|84/100|[from] item: Leftovers
|upkeep
|turn|14
|
|t:|1667170453
|switch|p1a: Landorus|Landorus-Therian, M|100/100
|-damage|p1a: Landorus|88/100|[from] Stealth Rock
|-ability|p1a: Landorus|Intimidate|boost
|-unboost|p2a: Blaziken|atk|1
|move|p2a: Blaziken|Knock Off|p1a: Landorus
|-damage|p1a: Landorus|55/100
|-enditem|p1a: Landorus|Soft Sand|[from] move: Knock Off|[of] p2a: Blaziken
|-damage|p2a: Blaziken|91/100|[from] item: Life Orb
|
|-ability|p2a: Blaziken|Speed Boost|boost
|-boost|p2a: Blaziken|spe|1
|upkeep
|turn|15
|
|t:|1667170465
|switch|p2a: Zapdos|Zapdos-Galar|59/100
|move|p1a: Landorus|Earthquake|p2a: Zapdos
|-immune|p2a: Zapdos
|
|upkeep
|turn|16
|
|t:|1667170476
|move|p2a: Zapdos|Close Combat|p1a: Landorus
|-resisted|p1a: Landorus
|-damage|p1a: Landorus|3/100
|-unboost|p2a: Zapdos|def|1
|-unboost|p2a: Zapdos|spd|1
|move|p1a: Landorus|U-turn|p2a: Zapdos
|-resisted|p2a: Zapdos
|-damage|p2a: Zapdos|47/100
|
|t:|1667170496
|switch|p1a: Dragapult|Dragapult, F|88/100|[from]move: U-turn
|-damage|p1a: Dragapult|76/100|[from] Stealth Rock
|
|upkeep
|turn|17
|
|t:|1667170508
|switch|p2a: Victini|Victini|34/100
|move|p1a: Dragapult|Dragon Darts|p2a: Victini
|-damage|p2a: Victini|0 fnt
|faint|p2a: Victini
|
|upkeep
|
|t:|1667170515
|switch|p2a: Dragapult|Dragapult, M, shiny|85/100
|turn|18
|
|t:|1667170522
|switch|p1a: Melmetal|Melmetal|88/100
|-damage|p1a: Melmetal|82/100|[from] Stealth Rock
|move|p2a: Dragapult|Shadow Ball|p1a: Melmetal
|-damage|p1a: Melmetal|55/100
|
|-heal|p1a: Melmetal|61/100|[from] item: Leftovers
|upkeep
|turn|19
|
|t:|1667170531
|switch|p2a: Melmetal|Melmetal, shiny|86/100
|move|p1a: Melmetal|Double Iron Bash|p2a: Melmetal
|-resisted|p2a: Melmetal
|-damage|p2a: Melmetal|76/100
|-resisted|p2a: Melmetal
|-damage|p2a: Melmetal|65/100
|-hitcount|p2a: Melmetal|2
|
|-heal|p1a: Melmetal|67/100|[from] item: Leftovers
|upkeep
|turn|20
|
|t:|1667170544
|move|p1a: Melmetal|Protect|p1a: Melmetal
|-singleturn|p1a: Melmetal|Protect
|move|p2a: Melmetal|Double Iron Bash|p1a: Melmetal
|-activate|p1a: Melmetal|move: Protect
|
|-heal|p1a: Melmetal|73/100|[from] item: Leftovers
|upkeep
|turn|21
|
|t:|1667170551
|switch|p1a: Rotom|Rotom-Wash|66/100
|-damage|p1a: Rotom|54/100|[from] Stealth Rock
|move|p2a: Melmetal|Earthquake|p1a: Rotom
|-immune|p1a: Rotom|[from] ability: Levitate
|
|-heal|p1a: Rotom|60/100|[from] item: Leftovers
|upkeep
|turn|22
|
|t:|1667170559
|switch|p2a: Dragapult|Dragapult, M, shiny|85/100
|move|p1a: Rotom|Defog|p2a: Dragapult
|-fail|p2a: Dragapult|unboost|[from] ability: Clear Body|[of] p2a: Dragapult
|-sideend|p1: corumba|Stealth Rock|[from] move: Defog|[of] p1a: Rotom
|
|-heal|p1a: Rotom|66/100|[from] item: Leftovers
|upkeep
|turn|23
|
|t:|1667170582
|switch|p1a: Melmetal|Melmetal|73/100
|move|p2a: Dragapult|Shadow Ball|p1a: Melmetal
|-damage|p1a: Melmetal|43/100
|
|-heal|p1a: Melmetal|50/100|[from] item: Leftovers
|upkeep
|turn|24
|
|t:|1667170589
|switch|p2a: Melmetal|Melmetal, shiny|65/100
|move|p1a: Melmetal|Double Iron Bash|p2a: Melmetal
|-resisted|p2a: Melmetal
|-damage|p2a: Melmetal|57/100
|-resisted|p2a: Melmetal
|-damage|p2a: Melmetal|46/100
|-hitcount|p2a: Melmetal|2
|
|-heal|p1a: Melmetal|56/100|[from] item: Leftovers
|upkeep
|turn|25
|
|t:|1667170600
|move|p1a: Melmetal|Protect|p1a: Melmetal
|-singleturn|p1a: Melmetal|Protect
|move|p2a: Melmetal|Thunder Punch|p1a: Melmetal
|-activate|p1a: Melmetal|move: Protect
|
|-heal|p1a: Melmetal|62/100|[from] item: Leftovers
|upkeep
|turn|26
|
|t:|1667170609
|switch|p1a: Landorus|Landorus-Therian, M|3/100
|-ability|p1a: Landorus|Intimidate|boost
|-unboost|p2a: Melmetal|atk|1
|move|p2a: Melmetal|Double Iron Bash|p1a: Landorus
|-damage|p1a: Landorus|0 fnt
|faint|p1a: Landorus
|-hitcount|p1: Landorus|1
|
|upkeep
|
|t:|1667170635
|switch|p1a: Melmetal|Melmetal|62/100
|turn|27
|l| Jongruenwald
|
|t:|1667170640
|move|p2a: Melmetal|Earthquake|p1a: Melmetal
|-supereffective|p1a: Melmetal
|-damage|p1a: Melmetal|34/100
|move|p1a: Melmetal|Superpower|p2a: Melmetal
|-supereffective|p2a: Melmetal
|-damage|p2a: Melmetal|4/100
|-unboost|p1a: Melmetal|atk|1
|-unboost|p1a: Melmetal|def|1
|
|-heal|p1a: Melmetal|40/100|[from] item: Leftovers
|upkeep
|turn|28
|j| Shotintheheart
|
|t:|1667170650
|move|p1a: Melmetal|Protect|p1a: Melmetal
|-singleturn|p1a: Melmetal|Protect
|move|p2a: Melmetal|Thunder Punch|p1a: Melmetal
|-activate|p1a: Melmetal|move: Protect
|
|-heal|p1a: Melmetal|46/100|[from] item: Leftovers
|upkeep
|turn|29
|
|t:|1667170657
|switch|p1a: Rotom|Rotom-Wash|66/100
|move|p2a: Melmetal|Thunder Punch|p1a: Rotom
|-damage|p1a: Rotom|44/100
|
|-heal|p1a: Rotom|50/100|[from] item: Leftovers
|upkeep
|turn|30
|
|t:|1667170664
|move|p1a: Rotom|Volt Switch|p2a: Melmetal
|-damage|p2a: Melmetal|0 fnt
|faint|p2a: Melmetal
|
|t:|1667170668
|switch|p1a: Dragapult|Dragapult, F|76/100|[from]move: Volt Switch
|
|upkeep
|
|t:|1667170672
|switch|p2a: Dragapult|Dragapult, M, shiny|85/100
|turn|31
|
|t:|1667170689
|switch|p1a: Melmetal|Melmetal|46/100
|move|p2a: Dragapult|Draco Meteor|p1a: Melmetal
|-resisted|p1a: Melmetal
|-damage|p1a: Melmetal|25/100
|-unboost|p2a: Dragapult|spa|2
|
|-heal|p1a: Melmetal|31/100|[from] item: Leftovers
|upkeep
|turn|32
|
|t:|1667170720
|switch|p2a: Zapdos|Zapdos-Galar|47/100
|move|p1a: Melmetal|Double Iron Bash|p2a: Zapdos
|-damage|p2a: Zapdos|5/100
|-damage|p2a: Zapdos|0 fnt
|faint|p2a: Zapdos
|-hitcount|p2: Zapdos|2
|
|-heal|p1a: Melmetal|37/100|[from] item: Leftovers
|upkeep
|
|t:|1667170727
|switch|p2a: Blaziken|Blaziken, F, shiny|91/100
|turn|33
|
|t:|1667170734
|move|p2a: Blaziken|Close Combat|p1a: Melmetal
|-supereffective|p1a: Melmetal
|-damage|p1a: Melmetal|0 fnt
|-unboost|p2a: Blaziken|def|1
|-unboost|p2a: Blaziken|spd|1
|faint|p1a: Melmetal
|-damage|p2a: Blaziken|81/100|[from] item: Life Orb
|
|-ability|p2a: Blaziken|Speed Boost|boost
|-boost|p2a: Blaziken|spe|1
|upkeep
|j| HarukaMint
|l| HarukaMint
|
|t:|1667170749
|switch|p1a: Dragapult|Dragapult, F|76/100
|turn|34
|
|t:|1667170752
|move|p2a: Blaziken|Knock Off|p1a: Dragapult
|-supereffective|p1a: Dragapult
|-damage|p1a: Dragapult|0 fnt
|-enditem|p1a: Dragapult|Choice Band|[from] move: Knock Off|[of] p2a: Blaziken
|faint|p1a: Dragapult
|-damage|p2a: Blaziken|71/100|[from] item: Life Orb
|
|-ability|p2a: Blaziken|Speed Boost|boost
|-boost|p2a: Blaziken|spe|1
|upkeep
|
|t:|1667170759
|switch|p1a: Latios|Latios, M|94/100
|turn|35
|
|t:|1667170762
|move|p2a: Blaziken|Knock Off|p1a: Latios
|-supereffective|p1a: Latios
|-damage|p1a: Latios|0 fnt
|-enditem|p1a: Latios|Leftovers|[from] move: Knock Off|[of] p2a: Blaziken
|faint|p1a: Latios
|-damage|p2a: Blaziken|61/100|[from] item: Life Orb
|
|-ability|p2a: Blaziken|Speed Boost|boost
|-boost|p2a: Blaziken|spe|1
|upkeep
|
|t:|1667170766
|switch|p1a: Rotom|Rotom-Wash|50/100
|turn|36
|
|t:|1667170771
|move|p2a: Blaziken|Close Combat|p1a: Rotom
|-damage|p1a: Rotom|0 fnt
|-unboost|p2a: Blaziken|def|1
|-unboost|p2a: Blaziken|spd|1
|faint|p1a: Rotom
|-damage|p2a: Blaziken|51/100|[from] item: Life Orb
|
|-ability|p2a: Blaziken|Speed Boost|boost
|-boost|p2a: Blaziken|spe|1
|upkeep
|
|t:|1667170775
|switch|p1a: Heatran|Heatran, F|84/100
|turn|37
|c|☆comp233|gg
|c|☆corumba|gg
|
|t:|1667170783
|move|p2a: Blaziken|Close Combat|p1a: Heatran
|-supereffective|p1a: Heatran
|-damage|p1a: Heatran|0 fnt
|-unboost|p2a: Blaziken|def|1
|-unboost|p2a: Blaziken|spd|1
|faint|p1a: Heatran
|-damage|p2a: Blaziken|41/100|[from] item: Life Orb
|
|win|comp233
|raw|corumba's rating: 1668 &rarr; <strong>1650</strong><br />(-18 for losing)
|raw|comp233's rating: 1699 &rarr; <strong>1717</strong><br />(+18 for winning)
|l|☆corumba
||Ladder isn't responding, score probably updated but might not have (Request timeout).
