|j|☆Steez Ibanez
|j|☆Sombra Diurna
|t:|1643768599
|gametype|singles
|player|p1|Steez Ibanez|lance-gen3|1848
|player|p2|Sombra Diurna|blue|1744
|teamsize|p1|6
|teamsize|p2|6
|gen|8
|tier|[Gen 8] OU
|rated|
|rule|Sleep Clause Mod: Limit one foe put to sleep
|rule|Species Clause: Limit one of each Pokémon
|rule|OHKO Clause: OHKO moves are banned
|rule|Evasion Moves Clause: Evasion moves are banned
|rule|Endless Battle Clause: Forcing endless battles is banned
|rule|HP Percentage Mod: HP is shown in percentages
|rule|Dynamax Clause: You cannot dynamax
|clearpoke
|poke|p1|Garchomp, M|
|poke|p1|Mandibuzz, F|
|poke|p1|Ferrothorn, M|
|poke|p1|Nihilego|
|poke|p1|Zapdos|
|poke|p1|Urshifu-*, M|
|poke|p2|Marowak-Alola, M|
|poke|p2|Slowbro, M|
|poke|p2|Hatterene, F|
|poke|p2|Garchomp, M|
|poke|p2|Ferrothorn, M|
|poke|p2|Drampa, M|
|teampreview
|inactive|Battle timer is ON: inactive players will automatically lose when time's up. (requested by Sombra Diurna)
|j| JoleneFreezu
|j| Haunted_Mouse
|
|t:|1643768627
|start
|switch|p1a: Suton|Urshifu-Rapid-Strike, M|100/100
|switch|p2a: Sharko|Garchomp, M|100/100
|turn|1
|
|t:|1643768636
|switch|p2a: Sonso|Slowbro, M|100/100
|move|p1a: Suton|Surging Strikes|p2a: Sonso
|-resisted|p2a: Sonso
|-crit|p2a: Sonso
|-damage|p2a: Sonso|95/100
|-resisted|p2a: Sonso
|-crit|p2a: Sonso
|-damage|p2a: Sonso|89/100
|-resisted|p2a: Sonso
|-crit|p2a: Sonso
|-damage|p2a: Sonso|83/100
|-hitcount|p2a: Sonso|3
|
|upkeep
|turn|2
|
|t:|1643768646
|move|p1a: Suton|Taunt|p2a: Sonso
|-start|p2a: Sonso|move: Taunt
|move|p2a: Sonso|Scald|p1a: Suton
|-resisted|p1a: Suton
|-damage|p1a: Suton|79/100
|
|upkeep
|turn|3
|
|t:|1643768653
|move|p1a: Suton|Thunder Punch|p2a: Sonso
|-supereffective|p2a: Sonso
|-damage|p2a: Sonso|55/100
|move|p2a: Sonso|Scald|p1a: Suton
|-resisted|p1a: Suton
|-crit|p1a: Suton
|-damage|p1a: Suton|45/100
|-status|p1a: Suton|brn
|
|-damage|p1a: Suton|39/100 brn|[from] brn
|upkeep
|turn|4
|
|t:|1643768662
|switch|p1a: Bolt|Zapdos|100/100
|switch|p2a: Sharko|Garchomp, M|100/100
|
|upkeep
|turn|5
|
|t:|1643768668
|move|p2a: Sharko|Swords Dance|p2a: Sharko
|-boost|p2a: Sharko|atk|2
|move|p1a: Bolt|Toxic|p2a: Sharko
|-status|p2a: Sharko|tox
|
|-damage|p2a: Sharko|94/100 tox|[from] psn
|upkeep
|turn|6
|
|t:|1643768674
|switch|p1a: Suton|Urshifu-Rapid-Strike, M|39/100 brn
|move|p2a: Sharko|Swords Dance|p2a: Sharko
|-boost|p2a: Sharko|atk|2
|
|-heal|p2a: Sharko|100/100 tox|[from] item: Leftovers
|-damage|p2a: Sharko|88/100 tox|[from] psn
|-damage|p1a: Suton|33/100 brn|[from] brn
|upkeep
|turn|7
|
|t:|1643768683
|move|p2a: Sharko|Scale Shot|p1a: Suton
|-damage|p1a: Suton|0 fnt
|faint|p1a: Suton
|-hitcount|p1: Suton|1
|-unboost|p2a: Sharko|def|1
|-boost|p2a: Sharko|spe|1
|
|-heal|p2a: Sharko|94/100 tox|[from] item: Leftovers
|-damage|p2a: Sharko|76/100 tox|[from] psn
|upkeep
|
|t:|1643768690
|switch|p1a: Abomination|Ferrothorn, M|100/100
|turn|8
|
|t:|1643768693
|move|p2a: Sharko|Earthquake|p1a: Abomination
|-damage|p1a: Abomination|15/100
|move|p1a: Abomination|Gyro Ball|p2a: Sharko
|-damage|p2a: Sharko|0 fnt
|-damage|p1a: Abomination|2/100|[from] ability: Rough Skin|[of] p2a: Sharko
|faint|p2a: Sharko
|
|upkeep
|
|t:|1643768711
|switch|p2a: Billy B.|Marowak-Alola, M, shiny|100/100
|turn|9
|
|t:|1643768717
|switch|p1a: Yzma|Mandibuzz, F|100/100
|move|p2a: Billy B.|Substitute|p2a: Billy B.
|-start|p2a: Billy B.|Substitute
|-damage|p2a: Billy B.|76/100
|
|upkeep
|turn|10
|
|t:|1643768723
|move|p1a: Yzma|Foul Play|p2a: Billy B.
|-supereffective|p2a: Billy B.
|-end|p2a: Billy B.|Substitute
|move|p2a: Billy B.|Flare Blitz|p1a: Yzma
|-damage|p1a: Yzma|31/100
|
|upkeep
|turn|11
|j| Flamax
|
|t:|1643768736
|switch|p2a: Falkor|Drampa, M|100/100
|move|p1a: Yzma|Roost|p1a: Yzma
|-heal|p1a: Yzma|82/100
|-singleturn|p1a: Yzma|move: Roost
|
|upkeep
|turn|12
|
|t:|1643768745
|move|p1a: Yzma|Toxic|p2a: Falkor
|-status|p2a: Falkor|tox
|move|p2a: Falkor|Hyper Voice|p1a: Yzma
|-damage|p1a: Yzma|37/100
|-damage|p2a: Falkor|91/100 tox|[from] item: Life Orb
|
|-damage|p2a: Falkor|85/100 tox|[from] psn
|upkeep
|turn|13
|
|t:|1643768753
|move|p1a: Yzma|Roost|p1a: Yzma
|-heal|p1a: Yzma|87/100
|-singleturn|p1a: Yzma|move: Roost
|move|p2a: Falkor|Focus Blast|p1a: Yzma
|-supereffective|p1a: Yzma
|-damage|p1a: Yzma|0 fnt
|faint|p1a: Yzma
|-damage|p2a: Falkor|75/100 tox|[from] item: Life Orb
|
|-damage|p2a: Falkor|63/100 tox|[from] psn
|upkeep
|
|t:|1643768762
|switch|p1a: King Jelly|Nihilego|100/100
|turn|14
|
|t:|1643768766
|switch|p2a: Thorns|Ferrothorn, M|100/100
|move|p1a: King Jelly|Stealth Rock|p2a: Thorns
|-sidestart|p2: Sombra Diurna|move: Stealth Rock
|
|upkeep
|turn|15
|
|t:|1643768771
|switch|p1a: Abomination|Ferrothorn, M|2/100
|move|p2a: Thorns|Stealth Rock|p1a: Abomination
|-sidestart|p1: Steez Ibanez|move: Stealth Rock
|
|upkeep
|turn|16
|
|t:|1643768777
|move|p2a: Thorns|Gyro Ball|p1a: Abomination
|-resisted|p1a: Abomination
|-damage|p1a: Abomination|0 fnt
|-damage|p2a: Thorns|88/100|[from] ability: Iron Barbs|[of] p1a: Abomination
|-damage|p2a: Thorns|72/100|[from] item: Rocky Helmet|[of] p1a: Abomination
|faint|p1a: Abomination
|
|upkeep
|
|t:|1643768780
|switch|p1a: Bolt|Zapdos|100/100
|turn|17
|
|t:|1643768793
|switch|p2a: Gorra|Hatterene, F, shiny|100/100
|-damage|p2a: Gorra|88/100|[from] Stealth Rock
|move|p1a: Bolt|Heat Wave|p2a: Gorra
|-damage|p2a: Gorra|69/100
|
|upkeep
|turn|18
|
|t:|1643768800
|move|p1a: Bolt|Discharge|p2a: Gorra
|-damage|p2a: Gorra|43/100
|-status|p2a: Gorra|par
|move|p2a: Gorra|Trick Room|p2a: Gorra
|-fieldstart|move: Trick Room|[of] p2a: Gorra
|
|upkeep
|turn|19
|
|t:|1643768806
|switch|p1a: King Jelly|Nihilego|100/100
|-damage|p1a: King Jelly|88/100|[from] Stealth Rock
|move|p2a: Gorra|Healing Wish|p2a: Gorra
|faint|p2a: Gorra
|
|upkeep
|
|t:|1643768819
|switch|p2a: Billy B.|Marowak-Alola, M, shiny|76/100
|-heal|p2a: Billy B.|100/100|[from] move: Healing Wish
|-damage|p2a: Billy B.|76/100|[from] Stealth Rock
|turn|20
|
|t:|1643768826
|move|p2a: Billy B.|Poltergeist|p1a: King Jelly
|-activate|p1a: King Jelly|move: Poltergeist|Power Herb
|-damage|p1a: King Jelly|0 fnt
|faint|p1a: King Jelly
|
|upkeep
|
|t:|1643768829
|switch|p1a: Samehada|Garchomp, M|100/100
|-damage|p1a: Samehada|94/100|[from] Stealth Rock
|turn|21
|
|t:|1643768833
|move|p2a: Billy B.|Poltergeist|p1a: Samehada
|-activate|p1a: Samehada|move: Poltergeist|Leftovers
|-damage|p1a: Samehada|0 fnt
|faint|p1a: Samehada
|
|upkeep
|
|t:|1643768839
|switch|p1a: Bolt|Zapdos|100/100
|turn|22
|
|t:|1643768842
|move|p2a: Billy B.|Flare Blitz|p1a: Bolt
|-damage|p1a: Bolt|33/100
|-status|p1a: Bolt|brn
|move|p1a: Bolt|Toxic|p2a: Billy B.|[miss]
|-miss|p1a: Bolt|p2a: Billy B.
|
|-damage|p1a: Bolt|27/100 brn|[from] brn
|-fieldend|move: Trick Room
|upkeep
|turn|23
|-message|Steez Ibanez forfeited.
|
|win|Sombra Diurna
|raw|Steez Ibanez's rating: 1848 &rarr; <strong>1822</strong><br />(-26 for losing)
|raw|Sombra Diurna's rating: 1744 &rarr; <strong>1770</strong><br />(+26 for winning)
|l|☆Steez Ibanez
