|j|☆gaenisalbino
|j|‽minimax_ai
|t:|1667653240
|gametype|singles
|player|p1|gaenisalbino|101|1639
|player|p2|minimax_ai|169|1611
|teamsize|p1|6
|teamsize|p2|6
|gen|8
|tier|[Gen 8] OU
|rated|
|rule|Sleep Clause Mod: Limit one foe put to sleep
|rule|Species Clause: Limit one of each Pokémon
|rule|OHKO Clause: OHKO moves are banned
|rule|Evasion Items Clause: Evasion items are banned
|rule|Evasion Moves Clause: Evasion moves are banned
|rule|Endless Battle Clause: Forcing endless battles is banned
|rule|HP Percentage Mod: HP is shown in percentages
|rule|Dynamax Clause: You cannot dynamax
|clearpoke
|poke|p1|Kartana|
|poke|p1|Tyranitar, F|
|poke|p1|Landorus-Therian, M|
|poke|p1|Buzzwole|
|poke|p1|Slowking-Galar, F|
|poke|p1|Rotom-Wash|
|poke|p2|Rotom-Wash|
|poke|p2|Weavile, M|
|poke|p2|Landorus-Therian, M|
|poke|p2|Heatran, M|
|poke|p2|Tangrowth, M|
|poke|p2|Melmetal|
|teampreview
|inactive|Battle timer is ON: inactive players will automatically lose when time's up. (requested by minimax_ai)
|
|t:|1667653256
|start
|switch|p1a: Buzzwole|Buzzwole|100/100
|switch|p2a: Landorus|Landorus-Therian, M|100/100
|-ability|p2a: Landorus|Intimidate|boost
|-unboost|p1a: Buzzwole|atk|1
|turn|1
|
|t:|1667653258
|switch|p2a: Rotom|Rotom-Wash|100/100
|move|p1a: Buzzwole|Ice Punch|p2a: Rotom
|-resisted|p2a: Rotom
|-damage|p2a: Rotom|85/100
|
|-heal|p2a: Rotom|92/100|[from] item: Leftovers
|upkeep
|turn|2
|
|t:|1667653263
|switch|p1a: Slowking|Slowking-Galar, F|100/100
|move|p2a: Rotom|Hydro Pump|p1a: Slowking
|-damage|p1a: Slowking|82/100
|
|-heal|p2a: Rotom|98/100|[from] item: Leftovers
|upkeep
|turn|3
|
|t:|1667653267
|move|p2a: Rotom|Nasty Plot|p2a: Rotom
|-boost|p2a: Rotom|spa|2
|move|p1a: Slowking|Future Sight|p2a: Rotom
|-start|p1a: Slowking|move: Future Sight
|
|-heal|p2a: Rotom|100/100|[from] item: Leftovers
|upkeep
|turn|4
|
|t:|1667653269
|move|p2a: Rotom|Thunderbolt|p1a: Slowking
|-damage|p1a: Slowking|51/100
|move|p1a: Slowking|Sludge Bomb|p2a: Rotom
|-damage|p2a: Rotom|64/100
|-status|p2a: Rotom|psn
|
|-heal|p2a: Rotom|70/100 psn|[from] item: Leftovers
|-damage|p2a: Rotom|57/100 psn|[from] psn
|upkeep
|turn|5
|
|t:|1667653274
|switch|p2a: Weavile|Weavile, M|100/100
|-ability|p2a: Weavile|Pressure
|move|p1a: Slowking|Sludge Bomb|p2a: Weavile
|-damage|p2a: Weavile|51/100
|-status|p2a: Weavile|psn
|
|-end|p2a: Weavile|move: Future Sight
|-immune|p2a: Weavile
|-damage|p2a: Weavile|39/100 psn|[from] psn
|upkeep
|turn|6
|inactive|gaenisalbino has 120 seconds left.
|
|t:|1667653307
|switch|p2a: Heatran|Heatran, M|100/100
|-item|p2a: Heatran|Air Balloon
|switch|p1a: Rotom|Rotom-Wash|100/100
|
|upkeep
|turn|7
|
|t:|1667653309
|move|p2a: Heatran|Stealth Rock|p1a: Rotom
|-sidestart|p1: gaenisalbino|move: Stealth Rock
|move|p1a: Rotom|Hydro Pump|p2a: Heatran
|-supereffective|p2a: Heatran
|-crit|p2a: Heatran
|-damage|p2a: Heatran|0 fnt
|-enditem|p2a: Heatran|Air Balloon
|faint|p2a: Heatran
|
|upkeep
|
|t:|1667653309
|switch|p2a: Tangrowth|Tangrowth, M|100/100
|turn|8
|
|t:|1667653318
|move|p1a: Rotom|Volt Switch|p2a: Tangrowth
|-resisted|p2a: Tangrowth
|-damage|p2a: Tangrowth|82/100
|
|t:|1667653323
|switch|p1a: Slowking|Slowking-Galar, F|84/100|[from]move: Volt Switch
|-damage|p1a: Slowking|72/100|[from] Stealth Rock
|move|p2a: Tangrowth|Sleep Powder|p1a: Slowking
|-status|p1a: Slowking|slp|[from] move: Sleep Powder
|
|upkeep
|turn|9
|
|t:|1667653335
|move|p2a: Tangrowth|Knock Off|p1a: Slowking
|-supereffective|p1a: Slowking
|-damage|p1a: Slowking|24/100 slp
|-enditem|p1a: Slowking|Assault Vest|[from] move: Knock Off|[of] p2a: Tangrowth
|cant|p1a: Slowking|slp
|
|upkeep
|turn|10
|
|t:|1667653345
|switch|p1a: Buzzwole|Buzzwole|100/100
|-damage|p1a: Buzzwole|88/100|[from] Stealth Rock
|move|p2a: Tangrowth|Knock Off|p1a: Buzzwole
|-resisted|p1a: Buzzwole
|-damage|p1a: Buzzwole|80/100
|-enditem|p1a: Buzzwole|Choice Band|[from] move: Knock Off|[of] p2a: Tangrowth
|
|upkeep
|turn|11
|
|t:|1667653352
|move|p1a: Buzzwole|Leech Life|p2a: Tangrowth
|-supereffective|p2a: Tangrowth
|-damage|p2a: Tangrowth|39/100
|-heal|p1a: Buzzwole|100/100|[from] drain|[of] p2a: Tangrowth
|-damage|p1a: Buzzwole|84/100|[from] item: Rocky Helmet|[of] p2a: Tangrowth
|move|p2a: Tangrowth|Giga Drain|p1a: Buzzwole
|-resisted|p1a: Buzzwole
|-crit|p1a: Buzzwole
|-damage|p1a: Buzzwole|48/100
|-heal|p2a: Tangrowth|55/100|[from] drain|[of] p1a: Buzzwole
|
|upkeep
|turn|12
|
|t:|1667653359
|move|p1a: Buzzwole|Leech Life|p2a: Tangrowth
|-supereffective|p2a: Tangrowth
|-crit|p2a: Tangrowth
|-damage|p2a: Tangrowth|0 fnt
|-heal|p1a: Buzzwole|79/100|[from] drain|[of] p2a: Tangrowth
|-damage|p1a: Buzzwole|62/100|[from] item: Rocky Helmet|[of] p2a: Tangrowth
|faint|p2a: Tangrowth
|-ability|p1a: Buzzwole|Beast Boost|boost
|-boost|p1a: Buzzwole|atk|1
|
|upkeep
|
|t:|1667653359
|switch|p2a: Rotom|Rotom-Wash|57/100 psn
|turn|13
|
|t:|1667653365
|switch|p1a: Kartana|Kartana|100/100
|-damage|p1a: Kartana|94/100|[from] Stealth Rock
|move|p2a: Rotom|Hydro Pump|p1a: Kartana
|-resisted|p1a: Kartana
|-damage|p1a: Kartana|29/100
|
|-heal|p2a: Rotom|64/100 psn|[from] item: Leftovers
|-damage|p2a: Rotom|51/100 psn|[from] psn
|upkeep
|turn|14
|
|t:|1667653371
|switch|p2a: Landorus|Landorus-Therian, M|100/100
|-ability|p2a: Landorus|Intimidate|boost
|-unboost|p1a: Kartana|atk|1
|move|p1a: Kartana|Knock Off|p2a: Landorus
|-damage|p2a: Landorus|60/100
|-enditem|p2a: Landorus|Leftovers|[from] move: Knock Off|[of] p1a: Kartana
|
|upkeep
|turn|15
|
|t:|1667653376
|switch|p1a: Landorus|Landorus-Therian, M|100/100
|-damage|p1a: Landorus|88/100|[from] Stealth Rock
|-ability|p1a: Landorus|Intimidate|boost
|-unboost|p2a: Landorus|atk|1
|move|p2a: Landorus|U-turn|p1a: Landorus
|-resisted|p1a: Landorus
|-damage|p1a: Landorus|81/100
|
|t:|1667653376
|switch|p2a: Weavile|Weavile, M|39/100 psn|[from]move: U-turn
|-ability|p2a: Weavile|Pressure
|
|-heal|p1a: Landorus|87/100|[from] item: Leftovers
|-damage|p2a: Weavile|26/100 psn|[from] psn
|upkeep
|turn|16
|
|t:|1667653381
|switch|p1a: Rotom|Rotom-Wash|100/100
|-damage|p1a: Rotom|88/100|[from] Stealth Rock
|move|p2a: Weavile|Triple Axel|p1a: Rotom
|-resisted|p1a: Rotom
|-damage|p1a: Rotom|82/100
|-resisted|p1a: Rotom
|-damage|p1a: Rotom|71/100
|-resisted|p1a: Rotom
|-damage|p1a: Rotom|53/100
|-hitcount|p1a: Rotom|3
|
|-heal|p1a: Rotom|59/100|[from] item: Leftovers
|-damage|p2a: Weavile|14/100 psn|[from] psn
|upkeep
|turn|17
|
|t:|1667653397
|move|p2a: Weavile|Triple Axel|p1a: Rotom
|-resisted|p1a: Rotom
|-damage|p1a: Rotom|53/100
|-resisted|p1a: Rotom
|-damage|p1a: Rotom|42/100
|-resisted|p1a: Rotom
|-damage|p1a: Rotom|25/100
|-hitcount|p1a: Rotom|3
|move|p1a: Rotom|Hydro Pump|p2a: Weavile
|-damage|p2a: Weavile|0 fnt
|faint|p2a: Weavile
|
|-heal|p1a: Rotom|31/100|[from] item: Leftovers
|upkeep
|
|t:|1667653397
|switch|p2a: Rotom|Rotom-Wash|51/100 psn
|turn|18
|
|t:|1667653404
|switch|p1a: Slowking|Slowking-Galar, F|57/100 slp
|-damage|p1a: Slowking|45/100 slp|[from] Stealth Rock
|move|p2a: Rotom|Nasty Plot|p2a: Rotom
|-boost|p2a: Rotom|spa|2
|
|-heal|p2a: Rotom|57/100 psn|[from] item: Leftovers
|-damage|p2a: Rotom|45/100 psn|[from] psn
|upkeep
|turn|19
|
|t:|1667653408
|move|p2a: Rotom|Hydro Pump|p1a: Slowking|[miss]
|-miss|p2a: Rotom|p1a: Slowking
|-curestatus|p1a: Slowking|slp|[msg]
|move|p1a: Slowking|Sludge Bomb|p2a: Rotom
|-damage|p2a: Rotom|5/100 psn
|
|-heal|p2a: Rotom|12/100 psn|[from] item: Leftovers
|-damage|p2a: Rotom|0 fnt|[from] psn
|faint|p2a: Rotom
|upkeep
|
|t:|1667653408
|switch|p2a: Melmetal|Melmetal|100/100
|turn|20
|
|t:|1667653411
|move|p2a: Melmetal|Double Iron Bash|p1a: Slowking
|-damage|p1a: Slowking|5/100
|-damage|p1a: Slowking|0 fnt
|faint|p1a: Slowking
|-hitcount|p1: Slowking|2
|
|upkeep
|
|t:|1667653413
|switch|p1a: Rotom|Rotom-Wash|31/100
|-damage|p1a: Rotom|19/100|[from] Stealth Rock
|turn|21
|
|t:|1667653415
|move|p1a: Rotom|Pain Split|p2a: Melmetal
|-sethp|p2a: Melmetal|57/100|[from] move: Pain Split|[silent]
|-sethp|p1a: Rotom|82/100|[from] move: Pain Split
|move|p2a: Melmetal|Thunder Punch|p1a: Rotom
|-damage|p1a: Rotom|57/100
|
|-heal|p1a: Rotom|63/100|[from] item: Leftovers
|upkeep
|turn|22
|
|t:|1667653419
|move|p1a: Rotom|Hydro Pump|p2a: Melmetal|[miss]
|-miss|p1a: Rotom|p2a: Melmetal
|move|p2a: Melmetal|Double Iron Bash|p1a: Rotom
|-resisted|p1a: Rotom
|-damage|p1a: Rotom|55/100
|-resisted|p1a: Rotom
|-damage|p1a: Rotom|48/100
|-hitcount|p1a: Rotom|2
|
|-heal|p1a: Rotom|54/100|[from] item: Leftovers
|upkeep
|turn|23
|
|t:|1667653424
|move|p1a: Rotom|Hydro Pump|p2a: Melmetal
|-damage|p2a: Melmetal|35/100
|move|p2a: Melmetal|Double Iron Bash|p1a: Rotom
|-resisted|p1a: Rotom
|-damage|p1a: Rotom|46/100
|-resisted|p1a: Rotom
|-damage|p1a: Rotom|39/100
|-hitcount|p1a: Rotom|2
|
|-heal|p1a: Rotom|45/100|[from] item: Leftovers
|upkeep
|turn|24
|
|t:|1667653431
|move|p1a: Rotom|Hydro Pump|p2a: Melmetal
|-damage|p2a: Melmetal|13/100
|move|p2a: Melmetal|Ice Punch|p1a: Rotom
|-resisted|p1a: Rotom
|-damage|p1a: Rotom|32/100
|
|-heal|p1a: Rotom|39/100|[from] item: Leftovers
|upkeep
|turn|25
|
|t:|1667653435
|move|p1a: Rotom|Hydro Pump|p2a: Melmetal|[miss]
|-miss|p1a: Rotom|p2a: Melmetal
|move|p2a: Melmetal|Thunder Punch|p1a: Rotom
|-damage|p1a: Rotom|14/100
|
|-heal|p1a: Rotom|20/100|[from] item: Leftovers
|upkeep
|turn|26
|
|t:|1667653437
|move|p1a: Rotom|Hydro Pump|p2a: Melmetal
|-damage|p2a: Melmetal|0 fnt
|faint|p2a: Melmetal
|
|-heal|p1a: Rotom|26/100|[from] item: Leftovers
|upkeep
|
|t:|1667653437
|switch|p2a: Landorus|Landorus-Therian, M|60/100
|-ability|p2a: Landorus|Intimidate|boost
|-unboost|p1a: Rotom|atk|1
|turn|27
|
|t:|1667653439
|move|p2a: Landorus|Toxic|p1a: Rotom
|-status|p1a: Rotom|tox
|move|p1a: Rotom|Defog|p2a: Landorus
|-unboost|p2a: Landorus|evasion|1
|-sideend|p1: gaenisalbino|Stealth Rock|[from] move: Defog|[of] p1a: Rotom
|
|-heal|p1a: Rotom|33/100 tox|[from] item: Leftovers
|-damage|p1a: Rotom|26/100 tox|[from] psn
|upkeep
|turn|28
|
|t:|1667653439
|move|p2a: Landorus|U-turn|p1a: Rotom
|-damage|p1a: Rotom|10/100 tox
|move|p1a: Rotom|Defog|p2a: Landorus
|-unboost|p2a: Landorus|evasion|1
|
|-heal|p1a: Rotom|16/100 tox|[from] item: Leftovers
|-damage|p1a: Rotom|3/100 tox|[from] psn
|upkeep
|turn|29
|
|t:|1667653442
|move|p2a: Landorus|U-turn|p1a: Rotom
|-damage|p1a: Rotom|0 fnt
|faint|p1a: Rotom
|
|upkeep
|
|t:|1667653446
|switch|p1a: Tyranitar|Tyranitar, F, shiny|100/100
|-weather|Sandstorm|[from] ability: Sand Stream|[of] p1a: Tyranitar
|turn|30
|
|t:|1667653448
|move|p1a: Tyranitar|Crunch|p2a: Landorus
|-damage|p2a: Landorus|0 fnt
|faint|p2a: Landorus
|
|win|gaenisalbino
|raw|gaenisalbino's rating: 1639 &rarr; <strong>1657</strong><br />(+18 for winning)
|raw|minimax_ai's rating: 1611 &rarr; <strong>1593</strong><br />(-18 for losing)
