|j|☆wind current
|j|☆BigWes95
|inactive|Battle timer is ON: inactive players will automatically lose when time's up.
|t:|1667519785
|gametype|singles
|player|p1|wind current|lyra|
|player|p2|BigWes95|101|
|teamsize|p1|6
|teamsize|p2|6
|gen|8
|tier|[Gen 8] OU
|rated|Tournament battle
|rule|Sleep Clause Mod: Limit one foe put to sleep
|rule|Species Clause: Limit one of each Pokémon
|rule|OHKO Clause: OHKO moves are banned
|rule|Evasion Items Clause: Evasion items are banned
|rule|Evasion Moves Clause: Evasion moves are banned
|rule|Endless Battle Clause: Forcing endless battles is banned
|rule|HP Percentage Mod: HP is shown in percentages
|rule|Dynamax Clause: You cannot dynamax
|clearpoke
|poke|p1|Dragapult, F|
|poke|p1|Melmetal|
|poke|p1|Rillaboom, F|
|poke|p1|Dragonite, F|
|poke|p1|Mamoswine, F|
|poke|p1|Volcarona, M|
|poke|p2|Landorus-Therian, M|
|poke|p2|Zapdos|
|poke|p2|Tapu Lele|
|poke|p2|Dragapult, F|
|poke|p2|Kartana|
|poke|p2|Melmetal|
|teampreview
|inactive|BigWes95 also wants the timer to be on.
|j|%Vittorioso ✿
|j| GoatNoir
|c| GoatNoir|Big Wes
|
|t:|1667519796
|start
|switch|p1a: Mamoswine|Mamoswine, F|100/100
|switch|p2a: Tapu Lele|Tapu Lele|100/100
|-fieldstart|move: Psychic Terrain|[from] ability: Psychic Surge|[of] p2a: Tapu Lele
|turn|1
|c| GoatNoir|I wanna see You
|c| GoatNoir|in Finals
|
|t:|1667519800
|move|p2a: Tapu Lele|Psyshock|p1a: Mamoswine
|-enditem|p1a: Mamoswine|Focus Sash
|-damage|p1a: Mamoswine|1/100
|move|p1a: Mamoswine|Stealth Rock|p2a: Tapu Lele
|-sidestart|p2: BigWes95|move: Stealth Rock
|
|upkeep
|turn|2
|j| PkmnMasterEclipse
|j| Zombini62
|c| GoatNoir|winning this shit
|c|☆wind current|he has to get past me first
|c| GoatNoir|thatll be simple
|
|t:|1667519826
|switch|p2a: Zapdos|Zapdos|100/100
|move|p1a: Mamoswine|Earthquake|p2a: Zapdos
|-immune|p2a: Zapdos
|
|upkeep
|turn|3
|c|☆wind current|fuck
|c|☆wind current|why didnt i ice shard
|c| GoatNoir|u play against wes
|c| GoatNoir|u cant ice shard
|
|t:|1667519842
|move|p1a: Mamoswine|Ice Shard|p2a: Zapdos
|-hint|Psychic Terrain doesn't affect Pokémon immune to Ground.
|-supereffective|p2a: Zapdos
|-damage|p2a: Zapdos|60/100
|move|p2a: Zapdos|Heat Wave|p1a: Mamoswine
|-supereffective|p1a: Mamoswine
|-damage|p1a: Mamoswine|0 fnt
|faint|p1a: Mamoswine
|
|upkeep
|inactive|wind current has 120 seconds left.
|c| GoatNoir|zap walls ur entire team
|j| Steez Ibanez
|c|☆wind current|i mean the zapdos on the switch
|c| GoatNoir|gg
|
|t:|1667519867
|switch|p1a: Dragapult|Dragapult, F|100/100
|turn|4
|
|t:|1667519870
|switch|p2a: Landorus|Landorus-Therian, M|100/100
|-damage|p2a: Landorus|88/100|[from] Stealth Rock
|-ability|p2a: Landorus|Intimidate|boost
|-unboost|p1a: Dragapult|atk|1
|move|p1a: Dragapult|Shadow Ball|p2a: Landorus
|-damage|p2a: Landorus|50/100
|-unboost|p2a: Landorus|spd|1
|
|-heal|p2a: Landorus|56/100|[from] item: Leftovers
|upkeep
|turn|5
|
|t:|1667519875
|switch|p2a: Melmetal|Melmetal|100/100
|-damage|p2a: Melmetal|94/100|[from] Stealth Rock
|move|p1a: Dragapult|Shadow Ball|p2a: Melmetal
|-crit|p2a: Melmetal
|-damage|p2a: Melmetal|25/100
|
|-fieldend|move: Psychic Terrain
|upkeep
|turn|6
|c|☆BigWes95|Yup
|c|☆BigWes95|The drop into crit
|c|%Vittorioso ✿|love me some pult
|c| GoatNoir|ye lol
|
|t:|1667519888
|move|p1a: Dragapult|Shadow Ball|p2a: Melmetal
|-damage|p2a: Melmetal|0 fnt
|faint|p2a: Melmetal
|
|upkeep
|c| GoatNoir|wes kill it
|
|t:|1667519894
|switch|p2a: Landorus|Landorus-Therian, M|56/100
|-damage|p2a: Landorus|43/100|[from] Stealth Rock
|-ability|p2a: Landorus|Intimidate|boost
|-unboost|p1a: Dragapult|atk|1
|turn|7
|
|t:|1667519918
|switch|p1a: Rillaboom|Rillaboom, F|100/100
|-fieldstart|move: Grassy Terrain|[from] ability: Grassy Surge|[of] p1a: Rillaboom
|move|p2a: Landorus|Knock Off|p1a: Rillaboom
|-damage|p1a: Rillaboom|65/100
|-enditem|p1a: Rillaboom|Life Orb|[from] move: Knock Off|[of] p2a: Landorus
|
|-heal|p1a: Rillaboom|71/100|[from] Grassy Terrain
|-heal|p2a: Landorus|49/100|[from] item: Leftovers
|upkeep
|turn|8
|
|t:|1667519929
|move|p1a: Rillaboom|Knock Off|p2a: Landorus
|-crit|p2a: Landorus
|-damage|p2a: Landorus|0 fnt
|-enditem|p2a: Landorus|Leftovers|[from] move: Knock Off|[of] p1a: Rillaboom
|faint|p2a: Landorus
|
|-heal|p1a: Rillaboom|77/100|[from] Grassy Terrain
|upkeep
|c|☆BigWes95|Lol seriously
|c| GoatNoir|u win this wes
|
|t:|1667519945
|switch|p2a: Tapu Lele|Tapu Lele|100/100
|-damage|p2a: Tapu Lele|88/100|[from] Stealth Rock
|-fieldstart|move: Psychic Terrain|[from] ability: Psychic Surge|[of] p2a: Tapu Lele
|turn|9
|
|t:|1667519956
|move|p2a: Tapu Lele|Psyshock|p1a: Rillaboom
|-damage|p1a: Rillaboom|0 fnt
|faint|p1a: Rillaboom
|
|upkeep
|
|t:|1667519959
|switch|p1a: Dragapult|Dragapult, F|100/100
|turn|10
|c| GoatNoir|lol
|c| GoatNoir|he stayed
|c| GoatNoir|u got him
|c| GoatNoir|now
|
|t:|1667519968
|switch|p2a: Dragapult|Dragapult, F|100/100
|-damage|p2a: Dragapult|88/100|[from] Stealth Rock
|move|p1a: Dragapult|Shadow Ball|p2a: Dragapult
|-supereffective|p2a: Dragapult
|-damage|p2a: Dragapult|0 fnt
|faint|p2a: Dragapult
|
|upkeep
|
|t:|1667519971
|switch|p2a: Kartana|Kartana|100/100
|-damage|p2a: Kartana|94/100|[from] Stealth Rock
|turn|11
|c| GoatNoir|perfect play
|c|☆BigWes95|I dont think I win tbh
|c| GoatNoir|u win easy
|
|t:|1667519986
|switch|p2a: Zapdos|Zapdos|60/100
|switch|p1a: Melmetal|Melmetal|100/100
|
|upkeep
|turn|12
|
|t:|1667519996
|switch|p1a: Dragapult|Dragapult, F|100/100
|move|p2a: Zapdos|Roost|p2a: Zapdos
|-heal|p2a: Zapdos|100/100
|-singleturn|p2a: Zapdos|move: Roost
|
|upkeep
|turn|13
|
|t:|1667520000
|move|p1a: Dragapult|Shadow Ball|p2a: Zapdos
|-damage|p2a: Zapdos|47/100
|move|p2a: Zapdos|Hurricane|p1a: Dragapult|[miss]
|-miss|p2a: Zapdos|p1a: Dragapult
|
|-fieldend|move: Psychic Terrain
|upkeep
|turn|14
|c| GoatNoir|yes
|c| GoatNoir|zap does it
|c| GoatNoir|nooooooo
|c|☆BigWes95|Nope
|c|☆BigWes95|Not with this rng
|
|t:|1667520016
|move|p1a: Dragapult|Shadow Ball|p2a: Zapdos
|-damage|p2a: Zapdos|0 fnt
|faint|p2a: Zapdos
|
|upkeep
|c|☆BigWes95|For sure I lose
|c|☆BigWes95|Cant win with all this shit lol
|
|t:|1667520034
|switch|p2a: Kartana|Kartana|94/100
|-damage|p2a: Kartana|88/100|[from] Stealth Rock
|turn|15
|
|t:|1667520040
|switch|p1a: Melmetal|Melmetal|100/100
|move|p2a: Kartana|Knock Off|p1a: Melmetal
|-damage|p1a: Melmetal|75/100
|-enditem|p1a: Melmetal|Assault Vest|[from] move: Knock Off|[of] p2a: Kartana
|
|upkeep
|turn|16
|j| Zendaya bath water
|
|t:|1667520045
|switch|p2a: Tapu Lele|Tapu Lele|88/100
|-damage|p2a: Tapu Lele|76/100|[from] Stealth Rock
|-fieldstart|move: Psychic Terrain|[from] ability: Psychic Surge|[of] p2a: Tapu Lele
|move|p1a: Melmetal|Double Iron Bash|p2a: Tapu Lele
|-supereffective|p2a: Tapu Lele
|-damage|p2a: Tapu Lele|0 fnt
|faint|p2a: Tapu Lele
|-hitcount|p2: Tapu Lele|1
|
|upkeep
|c|☆wind current|gg
|c|☆BigWes95|Not really
|c|☆BigWes95|But gratz on the w
|-message|BigWes95 forfeited.
|
|win|wind current
|n|☆wind current|windcurrent
|n|☆BigWes95|bigwes95
|n| Vittorioso ✿|vittorioso
|n| GoatNoir|goatnoir
|n| PkmnMasterEclipse|pkmnmastereclipse
|n| Zombini62|zombini62
|n| Steez Ibanez|steezibanez
|n| Zendaya bath water|zendayabathwater
|c| GoatNoir|Wes
|l|☆BigWes95
|l| Steez Ibanez
|l| Vittorioso ✿
