|j|☆AminitraboTTT
|j|☆Pinkacross
|inactive|Battle timer is ON: inactive players will automatically lose when time's up.
|t:|1656123391
|gametype|singles
|player|p1|AminitraboTTT|supernerd|
|player|p2|Pinkacross|artist|
|teamsize|p1|6
|teamsize|p2|6
|gen|8
|tier|[Gen 8] OU
|rated|Tournament battle
|rule|Sleep Clause Mod: Limit one foe put to sleep
|rule|Species Clause: Limit one of each Pokémon
|rule|OHKO Clause: OHKO moves are banned
|rule|Evasion Moves Clause: Evasion moves are banned
|rule|Endless Battle Clause: Forcing endless battles is banned
|rule|HP Percentage Mod: HP is shown in percentages
|rule|Dynamax Clause: You cannot dynamax
|clearpoke
|poke|p1|Clefable, M|
|poke|p1|Reuniclus, M|
|poke|p1|Ferrothorn, M|
|poke|p1|Tornadus-Therian, M|
|poke|p1|Landorus-Therian, M|
|poke|p1|Toxapex, M|
|poke|p2|Lanturn, M|
|poke|p2|Tapu Bulu|
|poke|p2|Heatran, M|
|poke|p2|Clefable, F|
|poke|p2|Tornadus-Therian, M|
|poke|p2|Kartana|
|teampreview
|c|☆AminitraboTTT|Hola, soy AminitraboTTT, el bot de la sala Español. gl hf
|c|☆Pinkacross|u2
|c|☆Pinkacross|lol
|c|☆Pinkacross|un bot
|
|t:|1656123417
|start
|switch|p1a: Clefable|Clefable, M|100/100
|switch|p2a: Kartana|Kartana|100/100
|turn|1
|
|t:|1656123419
|move|p2a: Kartana|Smart Strike|p1a: Clefable
|-supereffective|p1a: Clefable
|-damage|p1a: Clefable|0 fnt
|faint|p1a: Clefable
|-ability|p2a: Kartana|Beast Boost|boost
|-boost|p2a: Kartana|atk|1
|
|upkeep
|
|t:|1656123420
|switch|p1a: Ferrothorn|Ferrothorn, M|100/100
|turn|2
|
|t:|1656123425
|switch|p2a: Tornadus|Tornadus-Therian, M|100/100
|move|p1a: Ferrothorn|Power Whip|p2a: Tornadus
|-resisted|p2a: Tornadus
|-damage|p2a: Tornadus|79/100
|
|upkeep
|turn|3
|
|t:|1656123427
|switch|p1a: Reuniclus|Reuniclus, M|100/100
|move|p2a: Tornadus|Taunt|p1a: Reuniclus
|-start|p1a: Reuniclus|move: Taunt
|
|upkeep
|turn|4
|
|t:|1656123429
|move|p2a: Tornadus|U-turn|p1a: Reuniclus
|-supereffective|p1a: Reuniclus
|-damage|p1a: Reuniclus|79/100
|
|t:|1656123430
|switch|p2a: Clefable|Clefable, F|100/100|[from]move: U-turn
|move|p1a: Reuniclus|Psyshock|p2a: Clefable
|-crit|p2a: Clefable
|-damage|p2a: Clefable|45/100
|
|-heal|p2a: Clefable|52/100|[from] item: Leftovers
|upkeep
|turn|5
|
|t:|1656123435
|move|p2a: Clefable|Wish|p2a: Clefable
|move|p1a: Reuniclus|Psyshock|p2a: Clefable
|-damage|p2a: Clefable|13/100
|
|-heal|p2a: Clefable|19/100|[from] item: Leftovers
|-end|p1a: Reuniclus|move: Taunt
|upkeep
|turn|6
|j| Only Shedinja ツ
|
|t:|1656123439
|move|p2a: Clefable|Protect|p2a: Clefable
|-singleturn|p2a: Clefable|Protect
|move|p1a: Reuniclus|Psyshock|p2a: Clefable
|-activate|p2a: Clefable|move: Protect
|
|-heal|p2a: Clefable|69/100|[from] move: Wish|[wisher] Clefable
|-heal|p2a: Clefable|75/100|[from] item: Leftovers
|upkeep
|turn|7
|
|t:|1656123441
|move|p2a: Clefable|Wish|p2a: Clefable
|move|p1a: Reuniclus|Calm Mind|p1a: Reuniclus
|-boost|p1a: Reuniclus|spa|1
|-boost|p1a: Reuniclus|spd|1
|
|-heal|p2a: Clefable|81/100|[from] item: Leftovers
|upkeep
|turn|8
|c| Only Shedinja ツ|vc el bot xD
|
|t:|1656123444
|move|p1a: Reuniclus|Recover|p1a: Reuniclus
|-heal|p1a: Reuniclus|100/100
|move|p2a: Clefable|Teleport|p2a: Clefable
|c| Only Shedinja ツ|VS EL BOTT
|
|t:|1656123446
|switch|p2a: Kartana|Kartana|100/100|[from]move: Teleport
|
|upkeep
|turn|9
|
|t:|1656123447
|move|p2a: Kartana|Knock Off|p1a: Reuniclus
|-supereffective|p1a: Reuniclus
|-enditem|p1a: Reuniclus|Colbur Berry|[eat]
|-enditem|p1a: Reuniclus|Colbur Berry|[weaken]
|-damage|p1a: Reuniclus|48/100
|move|p1a: Reuniclus|Focus Blast|p2a: Kartana|[miss]
|-miss|p1a: Reuniclus|p2a: Kartana
|
|upkeep
|turn|10
|j| CamavingaFan
|
|t:|1656123450
|move|p2a: Kartana|Knock Off|p1a: Reuniclus
|-supereffective|p1a: Reuniclus
|-damage|p1a: Reuniclus|0 fnt
|faint|p1a: Reuniclus
|-ability|p2a: Kartana|Beast Boost|boost
|-boost|p2a: Kartana|atk|1
|
|upkeep
|
|t:|1656123450
|switch|p1a: Ferrothorn|Ferrothorn, M|100/100
|turn|11
|c|☆Pinkacross|lo SIENTO BOT
|c|☆Pinkacross|I haxed the bot agh
|
|t:|1656123460
|switch|p2a: Tornadus|Tornadus-Therian, M|100/100
|move|p1a: Ferrothorn|Knock Off|p2a: Tornadus
|-damage|p2a: Tornadus|77/100
|-enditem|p2a: Tornadus|Heavy-Duty Boots|[from] move: Knock Off|[of] p1a: Ferrothorn
|
|upkeep
|turn|12
|
|t:|1656123463
|switch|p1a: Tornadus|Tornadus-Therian, M|100/100
|move|p2a: Tornadus|Hurricane|p1a: Tornadus
|-damage|p1a: Tornadus|58/100
|-start|p1a: Tornadus|confusion
|
|upkeep
|turn|13
|
|t:|1656123465
|-activate|p1a: Tornadus|confusion
|move|p1a: Tornadus|Toxic|p2a: Tornadus|[miss]
|-miss|p1a: Tornadus|p2a: Tornadus
|move|p2a: Tornadus|Hurricane|p1a: Tornadus|[miss]
|-miss|p2a: Tornadus|p1a: Tornadus
|
|upkeep
|turn|14
|
|t:|1656123467
|-activate|p1a: Tornadus|confusion
|move|p1a: Tornadus|Toxic|p2a: Tornadus
|-status|p2a: Tornadus|tox
|move|p2a: Tornadus|Hurricane|p1a: Tornadus
|-damage|p1a: Tornadus|17/100
|
|-damage|p2a: Tornadus|71/100 tox|[from] psn
|upkeep
|turn|15
|
|t:|1656123469
|-activate|p1a: Tornadus|confusion
|move|p1a: Tornadus|Heat Wave|p2a: Tornadus
|-damage|p2a: Tornadus|49/100 tox
|move|p2a: Tornadus|Hurricane|p1a: Tornadus
|-damage|p1a: Tornadus|0 fnt
|faint|p1a: Tornadus
|
|-damage|p2a: Tornadus|37/100 tox|[from] psn
|upkeep
|
|t:|1656123469
|switch|p1a: Ferrothorn|Ferrothorn, M|100/100
|turn|16
|c|☆Pinkacross|pobre bot
|
|t:|1656123476
|switch|p2a: Heatran|Heatran, M|100/100
|move|p1a: Ferrothorn|Leech Seed|p2a: Heatran
|-start|p2a: Heatran|move: Leech Seed
|
|-damage|p2a: Heatran|88/100|[from] Leech Seed|[of] p1a: Ferrothorn
|upkeep
|turn|17
|
|t:|1656123478
|switch|p1a: Toxapex|Toxapex, M|100/100
|move|p2a: Heatran|Stealth Rock|p1a: Toxapex
|-sidestart|p1: AminitraboTTT|move: Stealth Rock
|
|-heal|p2a: Heatran|94/100|[from] item: Leftovers
|-damage|p2a: Heatran|82/100|[from] Leech Seed|[of] p1a: Toxapex
|upkeep
|turn|18
|
|t:|1656123483
|switch|p2a: Clefable|Clefable, F|81/100
|move|p1a: Toxapex|Knock Off|p2a: Clefable
|-resisted|p2a: Clefable
|-damage|p2a: Clefable|73/100
|-enditem|p2a: Clefable|Leftovers|[from] move: Knock Off|[of] p1a: Toxapex
|
|upkeep
|turn|19
|
|t:|1656123486
|switch|p1a: Ferrothorn|Ferrothorn, M|100/100
|-damage|p1a: Ferrothorn|95/100|[from] Stealth Rock
|move|p2a: Clefable|Wish|p2a: Clefable
|
|-heal|p1a: Ferrothorn|100/100|[from] item: Leftovers
|upkeep
|turn|20
|
|t:|1656123493
|switch|p2a: Tapu Bulu|Tapu Bulu|100/100
|-fieldstart|move: Grassy Terrain|[from] ability: Grassy Surge|[of] p2a: Tapu Bulu
|move|p1a: Ferrothorn|Spikes|p2a: Tapu Bulu
|-sidestart|p2: Pinkacross|Spikes
|
|upkeep
|turn|21
|
|t:|1656123496
|move|p2a: Tapu Bulu|Swords Dance|p2a: Tapu Bulu
|-boost|p2a: Tapu Bulu|atk|2
|move|p1a: Ferrothorn|Power Whip|p2a: Tapu Bulu
|-resisted|p2a: Tapu Bulu
|-damage|p2a: Tapu Bulu|77/100
|
|-heal|p2a: Tapu Bulu|84/100|[from] Grassy Terrain
|-heal|p2a: Tapu Bulu|90/100|[from] item: Leftovers
|upkeep
|turn|22
|
|t:|1656123497
|move|p2a: Tapu Bulu|Swords Dance|p2a: Tapu Bulu
|-boost|p2a: Tapu Bulu|atk|2
|move|p1a: Ferrothorn|Power Whip|p2a: Tapu Bulu
|-resisted|p2a: Tapu Bulu
|-damage|p2a: Tapu Bulu|68/100
|
|-heal|p2a: Tapu Bulu|74/100|[from] Grassy Terrain
|-heal|p2a: Tapu Bulu|80/100|[from] item: Leftovers
|upkeep
|turn|23
|
|t:|1656123499
|move|p2a: Tapu Bulu|Close Combat|p1a: Ferrothorn
|-supereffective|p1a: Ferrothorn
|-damage|p1a: Ferrothorn|0 fnt
|-unboost|p2a: Tapu Bulu|def|1
|-unboost|p2a: Tapu Bulu|spd|1
|-damage|p2a: Tapu Bulu|68/100|[from] ability: Iron Barbs|[of] p1a: Ferrothorn
|faint|p1a: Ferrothorn
|
|-heal|p2a: Tapu Bulu|74/100|[from] Grassy Terrain
|-heal|p2a: Tapu Bulu|80/100|[from] item: Leftovers
|upkeep
|
|t:|1656123499
|switch|p1a: Toxapex|Toxapex, M|100/100
|-damage|p1a: Toxapex|88/100|[from] Stealth Rock
|turn|24
|c| Only Shedinja ツ|EL BOT Juega mejor que yo pinka
|
|t:|1656123501
|move|p2a: Tapu Bulu|Horn Leech|p1a: Toxapex
|-damage|p1a: Toxapex|0 fnt
|-heal|p2a: Tapu Bulu|100/100|[from] drain|[of] p1a: Toxapex
|faint|p1a: Toxapex
|
|-fieldend|move: Grassy Terrain
|upkeep
|
|t:|1656123501
|switch|p1a: Landorus|Landorus-Therian, M|100/100
|-damage|p1a: Landorus|88/100|[from] Stealth Rock
|-ability|p1a: Landorus|Intimidate|boost
|-unboost|p2a: Tapu Bulu|atk|1
|turn|25
|c| Only Shedinja ツ|jajaja
|c| Only Shedinja ツ|xD
|
|t:|1656123503
|move|p1a: Landorus|U-turn|p2a: Tapu Bulu
|-damage|p2a: Tapu Bulu|68/100
|move|p2a: Tapu Bulu|Horn Leech|p1a: Landorus
|-damage|p1a: Landorus|0 fnt
|-heal|p2a: Tapu Bulu|100/100|[from] drain|[of] p1a: Landorus
|faint|p1a: Landorus
|
|win|Pinkacross
|n|☆AminitraboTTT|aminitrabottt
|n|☆Pinkacross|pinkacross
|n| Only Shedinja ツ|onlyshedinja
|n| CamavingaFan|camavingafan
|c|☆AminitraboTTT|:(
|l|☆AminitraboTTT
|c|☆Pinkacross|gg
|c|☆Pinkacross|lo siento amigo
