|j|☆minimax_ai
|j|☆Geenobe
|t:|1662498432
|gametype|singles
|player|p1|minimax_ai|lusamine-nihilego|1474
|player|p2|Geenobe|fisherman-gen4|1451
|teamsize|p1|6
|teamsize|p2|6
|gen|8
|tier|[Gen 8] OU
|rated|
|rule|Sleep Clause Mod: Limit one foe put to sleep
|rule|Species Clause: Limit one of each Pokémon
|rule|OHKO Clause: OHKO moves are banned
|rule|Evasion Items Clause: Evasion items are banned
|rule|Evasion Moves Clause: Evasion moves are banned
|rule|Endless Battle Clause: Forcing endless battles is banned
|rule|HP Percentage Mod: HP is shown in percentages
|rule|Dynamax Clause: You cannot dynamax
|clearpoke
|poke|p1|Rotom-Wash|
|poke|p1|Weavile, M|
|poke|p1|Landorus-Therian, M|
|poke|p1|Heatran, M|
|poke|p1|Tangrowth, M|
|poke|p1|Melmetal|
|poke|p2|Ferrothorn, F|
|poke|p2|Zapdos|
|poke|p2|Heatran, M|
|poke|p2|Landorus-Therian, M|
|poke|p2|Tornadus-Therian, M|
|poke|p2|Slowking-Galar, M|
|teampreview
|c|☆minimax_ai|hf
|inactive|Battle timer is ON: inactive players will automatically lose when time's up. (requested by minimax_ai)
|c|☆Geenobe|u2
|
|t:|1662498450
|start
|switch|p1a: Heatran|Heatran, M|100/100
|switch|p2a: Heatran|Heatran, M|100/100
|-item|p1a: Heatran|Air Balloon
|turn|1
|
|t:|1662498465
|switch|p2a: Zapdos|Zapdos|100/100
|move|p1a: Heatran|Earth Power|p2a: Zapdos
|-immune|p2a: Zapdos
|
|upkeep
|turn|2
|
|t:|1662498471
|switch|p1a: landorustherian|Landorus-Therian, M|100/100
|-ability|p1a: landorustherian|Intimidate|boost
|-unboost|p2a: Zapdos|atk|1
|move|p2a: Zapdos|Volt Switch|p1a: landorustherian
|-immune|p1a: landorustherian
|
|upkeep
|turn|3
|
|t:|1662498478
|move|p2a: Zapdos|Hurricane|p1a: landorustherian
|-damage|p1a: landorustherian|68/100
|-start|p1a: landorustherian|confusion
|-activate|p1a: landorustherian|confusion
|-damage|p1a: landorustherian|56/100|[from] confusion
|
|-heal|p1a: landorustherian|62/100|[from] item: Leftovers
|upkeep
|turn|4
|
|t:|1662498496
|switch|p2a: Ferrothorn|Ferrothorn, F|100/100
|-end|p1a: landorustherian|confusion
|move|p1a: landorustherian|Toxic|p2a: Ferrothorn
|-immune|p2a: Ferrothorn
|
|-heal|p1a: landorustherian|68/100|[from] item: Leftovers
|upkeep
|turn|5
|
|t:|1662498508
|move|p1a: landorustherian|Earthquake|p2a: Ferrothorn
|-damage|p2a: Ferrothorn|71/100
|move|p2a: Ferrothorn|Body Press|p1a: landorustherian
|-resisted|p1a: landorustherian
|-damage|p1a: landorustherian|54/100
|
|-heal|p1a: landorustherian|60/100|[from] item: Leftovers
|-heal|p2a: Ferrothorn|77/100|[from] item: Leftovers
|upkeep
|turn|6
|
|t:|1662498513
|move|p1a: landorustherian|Earthquake|p2a: Ferrothorn
|-damage|p2a: Ferrothorn|51/100
|move|p2a: Ferrothorn|Leech Seed|p1a: landorustherian
|-start|p1a: landorustherian|move: Leech Seed
|
|-heal|p1a: landorustherian|66/100|[from] item: Leftovers
|-heal|p2a: Ferrothorn|58/100|[from] item: Leftovers
|-damage|p1a: landorustherian|54/100|[from] Leech Seed|[of] p2a: Ferrothorn
|-heal|p2a: Ferrothorn|71/100|[silent]
|upkeep
|turn|7
|
|t:|1662498521
|move|p1a: landorustherian|U-turn|p2a: Ferrothorn
|-damage|p2a: Ferrothorn|57/100
|-damage|p1a: landorustherian|41/100|[from] ability: Iron Barbs|[of] p2a: Ferrothorn
|
|t:|1662498522
|switch|p1a: Tangrowth|Tangrowth, M|100/100|[from]move: U-turn
|move|p2a: Ferrothorn|Iron Defense|p2a: Ferrothorn
|-boost|p2a: Ferrothorn|def|2
|
|-heal|p2a: Ferrothorn|63/100|[from] item: Leftovers
|upkeep
|turn|8
|
|t:|1662498536
|move|p1a: Tangrowth|Focus Blast|p2a: Ferrothorn|[miss]
|-miss|p1a: Tangrowth|p2a: Ferrothorn
|move|p2a: Ferrothorn|Body Press|p1a: Tangrowth
|-damage|p1a: Tangrowth|66/100
|-damage|p2a: Ferrothorn|47/100|[from] item: Rocky Helmet|[of] p1a: Tangrowth
|
|-heal|p2a: Ferrothorn|53/100|[from] item: Leftovers
|upkeep
|turn|9
|
|t:|1662498558
|switch|p2a: Landorus|Landorus-Therian, M|100/100
|-ability|p2a: Landorus|Intimidate|boost
|-unboost|p1a: Tangrowth|atk|1
|move|p1a: Tangrowth|Focus Blast|p2a: Landorus
|-resisted|p2a: Landorus
|-damage|p2a: Landorus|81/100
|
|upkeep
|turn|10
|
|t:|1662498564
|switch|p1a: landorustherian|Landorus-Therian, M|41/100
|-ability|p1a: landorustherian|Intimidate|boost
|-unboost|p2a: Landorus|atk|1
|move|p2a: Landorus|U-turn|p1a: landorustherian
|-resisted|p1a: landorustherian
|-damage|p1a: landorustherian|33/100
|
|t:|1662498572
|switch|p2a: Tornadus|Tornadus-Therian, M|100/100|[from]move: U-turn
|
|-heal|p1a: landorustherian|39/100|[from] item: Leftovers
|upkeep
|turn|11
|
|t:|1662498581
|switch|p1a: Heatran|Heatran, M|100/100
|-item|p1a: Heatran|Air Balloon
|move|p2a: Tornadus|Hurricane|p1a: Heatran|[miss]
|-miss|p2a: Tornadus|p1a: Heatran
|
|upkeep
|turn|12
|
|t:|1662498586
|move|p2a: Tornadus|U-turn|p1a: Heatran
|-resisted|p1a: Heatran
|-damage|p1a: Heatran|96/100
|-enditem|p1a: Heatran|Air Balloon
|
|t:|1662498594
|switch|p2a: Heatran|Heatran, M|100/100|[from]move: U-turn
|move|p1a: Heatran|Stealth Rock|p2a: Heatran
|-sidestart|p2: Geenobe|move: Stealth Rock
|
|upkeep
|turn|13
|inactive|Geenobe has 120 seconds left.
|
|t:|1662498625
|switch|p1a: rotomwash|Rotom-Wash|100/100
|switch|p2a: Zapdos|Zapdos|100/100
|
|upkeep
|turn|14
|inactive|Geenobe has 120 seconds left.
|
|t:|1662498638
|move|p1a: rotomwash|Nasty Plot|p1a: rotomwash
|-boost|p1a: rotomwash|spa|2
|move|p2a: Zapdos|Volt Switch|p1a: rotomwash
|-damage|p1a: rotomwash|72/100
|inactive|Geenobe has 120 seconds left.
|
|t:|1662498668
|switch|p2a: Slowking|Slowking-Galar, M|100/100|[from]move: Volt Switch
|-damage|p2a: Slowking|88/100|[from] Stealth Rock
|
|-heal|p1a: rotomwash|78/100|[from] item: Leftovers
|upkeep
|turn|15
|
|t:|1662498675
|move|p1a: rotomwash|Nasty Plot|p1a: rotomwash
|-boost|p1a: rotomwash|spa|2
|move|p2a: Slowking|Sludge Bomb|p1a: rotomwash
|-damage|p1a: rotomwash|40/100
|
|-heal|p1a: rotomwash|46/100|[from] item: Leftovers
|upkeep
|turn|16
|
|t:|1662498680
|move|p1a: rotomwash|Hydro Pump|p2a: Slowking
|-damage|p2a: Slowking|31/100
|move|p2a: Slowking|Sludge Bomb|p1a: rotomwash
|-damage|p1a: rotomwash|8/100
|
|-heal|p1a: rotomwash|14/100|[from] item: Leftovers
|upkeep
|turn|17
|
|t:|1662498696
|move|p1a: rotomwash|Hydro Pump|p2a: Slowking
|-damage|p2a: Slowking|0 fnt
|faint|p2a: Slowking
|
|-heal|p1a: rotomwash|20/100|[from] item: Leftovers
|upkeep
|
|t:|1662498699
|switch|p2a: Landorus|Landorus-Therian, M|81/100
|-damage|p2a: Landorus|69/100|[from] Stealth Rock
|-ability|p2a: Landorus|Intimidate|boost
|-unboost|p1a: rotomwash|atk|1
|turn|18
|
|t:|1662498703
|switch|p1a: landorustherian|Landorus-Therian, M|39/100
|-ability|p1a: landorustherian|Intimidate|boost
|-unboost|p2a: Landorus|atk|1
|move|p2a: Landorus|Knock Off|p1a: landorustherian
|-damage|p1a: landorustherian|18/100
|-enditem|p1a: landorustherian|Leftovers|[from] move: Knock Off|[of] p2a: Landorus
|
|upkeep
|turn|19
|inactive|Geenobe has 120 seconds left.
|
|t:|1662498718
|switch|p2a: Ferrothorn|Ferrothorn, F|53/100
|-damage|p2a: Ferrothorn|47/100|[from] Stealth Rock
|switch|p1a: Melmetal|Melmetal|100/100
|
|-heal|p2a: Ferrothorn|53/100|[from] item: Leftovers
|upkeep
|turn|20
|inactive|Geenobe has 120 seconds left.
|
|t:|1662498740
|switch|p1a: Tangrowth|Tangrowth, M|99/100
|move|p2a: Ferrothorn|Iron Defense|p2a: Ferrothorn
|-boost|p2a: Ferrothorn|def|2
|
|-heal|p2a: Ferrothorn|59/100|[from] item: Leftovers
|upkeep
|turn|21
|
|t:|1662498744
|switch|p2a: Tornadus|Tornadus-Therian, M|100/100
|move|p1a: Tangrowth|Focus Blast|p2a: Tornadus
|-resisted|p2a: Tornadus
|-damage|p2a: Tornadus|84/100
|-unboost|p2a: Tornadus|spd|1
|
|upkeep
|turn|22
|inactive|Geenobe has 120 seconds left.
|
|t:|1662498752
|switch|p1a: Melmetal|Melmetal|100/100
|move|p2a: Tornadus|Defog|p1a: Melmetal
|-unboost|p1a: Melmetal|evasion|1
|-sideend|p2: Geenobe|Stealth Rock|[from] move: Defog|[of] p2a: Tornadus
|
|upkeep
|turn|23
|inactive|Geenobe has 120 seconds left.
|
|t:|1662498770
|move|p2a: Tornadus|U-turn|p1a: Melmetal
|-resisted|p1a: Melmetal
|-damage|p1a: Melmetal|96/100
|
|t:|1662498779
|switch|p2a: Heatran|Heatran, M|100/100|[from]move: U-turn
|move|p1a: Melmetal|Ice Punch|p2a: Heatran
|-resisted|p2a: Heatran
|-damage|p2a: Heatran|93/100
|
|-heal|p2a: Heatran|99/100|[from] item: Leftovers
|upkeep
|turn|24
|inactive|Geenobe has 120 seconds left.
|
|t:|1662498789
|move|p2a: Heatran|Stealth Rock|p1a: Melmetal
|-sidestart|p1: minimax_ai|move: Stealth Rock
|move|p1a: Melmetal|Earthquake|p2a: Heatran
|-supereffective|p2a: Heatran
|-damage|p2a: Heatran|0 fnt
|faint|p2a: Heatran
|
|upkeep
|inactive|Geenobe has 120 seconds left.
|
|t:|1662498796
|switch|p2a: Landorus|Landorus-Therian, M|69/100
|-ability|p2a: Landorus|Intimidate|boost
|-unboost|p1a: Melmetal|atk|1
|turn|25
|
|t:|1662498802
|switch|p1a: Tangrowth|Tangrowth, M|100/100
|-damage|p1a: Tangrowth|88/100|[from] Stealth Rock
|move|p2a: Landorus|U-turn|p1a: Tangrowth
|-supereffective|p1a: Tangrowth
|-damage|p1a: Tangrowth|58/100
|-damage|p2a: Landorus|52/100|[from] item: Rocky Helmet|[of] p1a: Tangrowth
|inactive|Geenobe has 120 seconds left.
|
|t:|1662498818
|switch|p2a: Zapdos|Zapdos|100/100|[from]move: U-turn
|
|upkeep
|turn|26
|inactive|Geenobe has 120 seconds left.
|
|t:|1662498830
|switch|p1a: Melmetal|Melmetal|96/100
|-damage|p1a: Melmetal|90/100|[from] Stealth Rock
|move|p2a: Zapdos|Hurricane|p1a: Melmetal
|-resisted|p1a: Melmetal
|-damage|p1a: Melmetal|77/100
|-start|p1a: Melmetal|confusion
|
|upkeep
|turn|27
|inactive|Geenobe has 120 seconds left.
|
|t:|1662498838
|move|p2a: Zapdos|Heat Wave|p1a: Melmetal
|-supereffective|p1a: Melmetal
|-damage|p1a: Melmetal|51/100
|-activate|p1a: Melmetal|confusion
|-damage|p1a: Melmetal|43/100|[from] confusion
|
|upkeep
|turn|28
|
|t:|1662498847
|move|p2a: Zapdos|Heat Wave|p1a: Melmetal
|-supereffective|p1a: Melmetal
|-damage|p1a: Melmetal|13/100
|-end|p1a: Melmetal|confusion
|move|p1a: Melmetal|Ice Punch|p2a: Zapdos
|-supereffective|p2a: Zapdos
|-damage|p2a: Zapdos|43/100
|-status|p2a: Zapdos|frz
|-status|p1a: Melmetal|par|[from] ability: Static|[of] p2a: Zapdos
|
|upkeep
|turn|29
|
|t:|1662498858
|cant|p2a: Zapdos|frz
|cant|p1a: Melmetal|par
|
|upkeep
|turn|30
|
|t:|1662498865
|cant|p2a: Zapdos|frz
|move|p1a: Melmetal|Ice Punch|p2a: Zapdos
|-supereffective|p2a: Zapdos
|-damage|p2a: Zapdos|0 fnt
|faint|p2a: Zapdos
|
|upkeep
|inactive|Geenobe has 120 seconds left.
|
|t:|1662498888
|switch|p2a: Ferrothorn|Ferrothorn, F|59/100
|turn|31
|
|t:|1662498890
|switch|p1a: Tangrowth|Tangrowth, M|91/100
|-damage|p1a: Tangrowth|79/100|[from] Stealth Rock
|move|p2a: Ferrothorn|Body Press|p1a: Tangrowth
|-damage|p1a: Tangrowth|62/100
|-damage|p2a: Ferrothorn|43/100|[from] item: Rocky Helmet|[of] p1a: Tangrowth
|
|-heal|p2a: Ferrothorn|49/100|[from] item: Leftovers
|upkeep
|turn|32
|
|t:|1662498898
|switch|p2a: Tornadus|Tornadus-Therian, M|100/100
|move|p1a: Tangrowth|Focus Blast|p2a: Tornadus
|-resisted|p2a: Tornadus
|-damage|p2a: Tornadus|86/100
|
|upkeep
|turn|33
|
|t:|1662498917
|switch|p1a: Melmetal|Melmetal|13/100 par
|-damage|p1a: Melmetal|7/100 par|[from] Stealth Rock
|move|p2a: Tornadus|U-turn|p1a: Melmetal
|-resisted|p1a: Melmetal
|-damage|p1a: Melmetal|3/100 par
|inactive|Geenobe has 120 seconds left.
|
|t:|1662498928
|switch|p2a: Landorus|Landorus-Therian, M|52/100|[from]move: U-turn
|-ability|p2a: Landorus|Intimidate|boost
|-unboost|p1a: Melmetal|atk|1
|
|upkeep
|turn|34
|
|t:|1662498931
|move|p2a: Landorus|U-turn|p1a: Melmetal
|-resisted|p1a: Melmetal
|-damage|p1a: Melmetal|0 fnt
|faint|p1a: Melmetal
|
|t:|1662498938
|switch|p2a: Tornadus|Tornadus-Therian, M|100/100|[from]move: U-turn
|
|upkeep
|
|t:|1662498938
|switch|p1a: Heatran|Heatran, M|96/100
|-damage|p1a: Heatran|84/100|[from] Stealth Rock
|turn|35
|
|t:|1662498951
|move|p2a: Tornadus|U-turn|p1a: Heatran
|-resisted|p1a: Heatran
|-damage|p1a: Heatran|80/100
|
|t:|1662498954
|switch|p2a: Landorus|Landorus-Therian, M|52/100|[from]move: U-turn
|-ability|p2a: Landorus|Intimidate|boost
|-unboost|p1a: Heatran|atk|1
|move|p1a: Heatran|Eruption|p2a: Landorus
|-damage|p2a: Landorus|0 fnt
|faint|p2a: Landorus
|
|upkeep
|
|t:|1662498957
|switch|p2a: Ferrothorn|Ferrothorn, F|49/100
|turn|36
|
|t:|1662498960
|move|p1a: Heatran|Eruption|p2a: Ferrothorn
|-supereffective|p2a: Ferrothorn
|-damage|p2a: Ferrothorn|0 fnt
|faint|p2a: Ferrothorn
|
|upkeep
|
|t:|1662498962
|switch|p2a: Tornadus|Tornadus-Therian, M|100/100
|turn|37
|c|☆Geenobe|gg
|
|t:|1662498966
|move|p2a: Tornadus|Hurricane|p1a: Heatran
|-resisted|p1a: Heatran
|-damage|p1a: Heatran|59/100
|move|p1a: Heatran|Eruption|p2a: Tornadus
|-damage|p2a: Tornadus|56/100
|
|upkeep
|turn|38
|
|t:|1662498969
|move|p2a: Tornadus|Hurricane|p1a: Heatran
|-resisted|p1a: Heatran
|-damage|p1a: Heatran|39/100
|move|p1a: Heatran|Magma Storm|p2a: Tornadus|[miss]
|-miss|p1a: Heatran|p2a: Tornadus
|
|upkeep
|turn|39
|
|t:|1662498972
|move|p2a: Tornadus|Hurricane|p1a: Heatran
|-resisted|p1a: Heatran
|-damage|p1a: Heatran|18/100
|-start|p1a: Heatran|confusion
|-activate|p1a: Heatran|confusion
|-damage|p1a: Heatran|12/100|[from] confusion
|
|upkeep
|turn|40
|
|t:|1662498979
|switch|p1a: Weavile|Weavile, M|100/100
|-damage|p1a: Weavile|76/100|[from] Stealth Rock
|-ability|p1a: Weavile|Pressure
|move|p2a: Tornadus|Knock Off|p1a: Weavile
|-resisted|p1a: Weavile
|-damage|p1a: Weavile|58/100
|-enditem|p1a: Weavile|Choice Band|[from] move: Knock Off|[of] p2a: Tornadus
|
|upkeep
|turn|41
|
|t:|1662498982
|move|p1a: Weavile|Triple Axel|p2a: Tornadus
|-supereffective|p2a: Tornadus
|-damage|p2a: Tornadus|35/100
|-hitcount|p2a: Tornadus|1
|move|p2a: Tornadus|Hurricane|p1a: Weavile|[miss]
|-miss|p2a: Tornadus|p1a: Weavile
|
|upkeep
|turn|42
|c|☆Geenobe|jesus
|
|t:|1662498991
|move|p1a: Weavile|Triple Axel|p2a: Tornadus
|-supereffective|p2a: Tornadus
|-damage|p2a: Tornadus|13/100
|-supereffective|p2a: Tornadus
|-damage|p2a: Tornadus|0 fnt
|faint|p2a: Tornadus
|-hitcount|p2: Tornadus|2
|
|win|minimax_ai
|raw|minimax_ai's rating: 1474 &rarr; <strong>1493</strong><br />(+19 for winning)
|raw|Geenobe's rating: 1451 &rarr; <strong>1432</strong><br />(-19 for losing)
|c|☆minimax_ai|gg
