|j|☆lemonstre1
|j|☆Stellar Flares
|inactive|Battle timer is ON: inactive players will automatically lose when time's up.
|t:|1643707083
|gametype|singles
|player|p1|lemonstre1|gambler|
|player|p2|Stellar Flares|palmer|
|teamsize|p1|6
|teamsize|p2|6
|gen|8
|tier|[Gen 8] OU
|rated|Tournament battle
|rule|Sleep Clause Mod: Limit one foe put to sleep
|rule|Species Clause: Limit one of each Pokémon
|rule|OHKO Clause: OHKO moves are banned
|rule|Evasion Moves Clause: Evasion moves are banned
|rule|Endless Battle Clause: Forcing endless battles is banned
|rule|HP Percentage Mod: HP is shown in percentages
|rule|Dynamax Clause: You cannot dynamax
|clearpoke
|poke|p1|Volcarona, F|
|poke|p1|Magnezone|
|poke|p1|Seismitoad, F|
|poke|p1|Dragapult, F|
|poke|p1|Grimmsnarl, M|
|poke|p1|Golisopod, F|
|poke|p2|Mew|
|poke|p2|Suicune|
|poke|p2|Volcarona, F|
|poke|p2|Klefki, M|
|poke|p2|Ninetales-Alola, M|
|poke|p2|Magikarp, M|
|teampreview
|j| fruityiscool423
|j| Cra2k
|c| fruityiscool423|karp lol
|c|☆lemonstre1|magikarp?
|c|☆lemonstre1|gl
|
|t:|1643707107
|start
|switch|p1a: Seb le bricoleur|Magnezone|100/100
|switch|p2a: Ninetales|Ninetales-Alola, M|100/100
|-weather|Hail|[from] ability: Snow Warning|[of] p2a: Ninetales
|turn|1
|
|t:|1643707112
|move|p2a: Ninetales|Aurora Veil|p2a: Ninetales
|-sidestart|p2: Stellar Flares|move: Aurora Veil
|move|p1a: Seb le bricoleur|Flash Cannon|p2a: Ninetales
|-supereffective|p2a: Ninetales
|-damage|p2a: Ninetales|35/100
|
|-weather|Hail|[upkeep]
|-damage|p1a: Seb le bricoleur|94/100|[from] Hail
|-heal|p1a: Seb le bricoleur|100/100|[from] item: Leftovers
|upkeep
|turn|2
|
|t:|1643707124
|switch|p2a: F E A R me|Magikarp, M|100/100
|move|p1a: Seb le bricoleur|Volt Switch|p2a: F E A R me
|-supereffective|p2a: F E A R me
|-damage|p2a: F E A R me|0 fnt
|faint|p2a: F E A R me
|j| Mincera31
|c|☆lemonstre1|NO!!!! not him:(
|c|☆Stellar Flares|He actually served its purpose
|inactive|lemonstre1 has 120 seconds left.
|
|t:|1643707167
|switch|p1a: Dimitrilecoiffeur|Grimmsnarl, M|100/100|[from]move: Volt Switch
|
|-weather|Hail|[upkeep]
|-damage|p1a: Dimitrilecoiffeur|94/100|[from] Hail
|upkeep
|j| Paradise Pickaxe
|
|t:|1643707196
|switch|p2a: Ninetales|Ninetales-Alola, M|35/100
|turn|3
|inactive|lemonstre1 has 120 seconds left.
|
|t:|1643707202
|switch|p1a: Seb le bricoleur|Magnezone|100/100
|move|p2a: Ninetales|Toxic|p1a: Seb le bricoleur|[miss]
|-miss|p2a: Ninetales|p1a: Seb le bricoleur
|
|-weather|Hail|[upkeep]
|-damage|p1a: Seb le bricoleur|94/100|[from] Hail
|-heal|p1a: Seb le bricoleur|100/100|[from] item: Leftovers
|upkeep
|turn|4
|
|t:|1643707216
|switch|p2a: Mew|Mew|100/100
|move|p1a: Seb le bricoleur|Volt Switch|p2a: Mew
|-damage|p2a: Mew|88/100
|
|t:|1643707222
|switch|p1a: Henrylel’artilleur|Dragapult, F|100/100|[from]move: Volt Switch
|
|-weather|Hail|[upkeep]
|-damage|p1a: Henrylel’artilleur|95/100|[from] Hail
|-damage|p2a: Mew|81/100|[from] Hail
|-heal|p2a: Mew|88/100|[from] item: Leftovers
|upkeep
|turn|5
|
|t:|1643707240
|switch|p2a: Suicune|Suicune|100/100
|-ability|p2a: Suicune|Pressure
|move|p1a: Henrylel’artilleur|Phantom Force||[still]
|-prepare|p1a: Henrylel’artilleur|Phantom Force
|
|-weather|none
|upkeep
|turn|6
|
|t:|1643707254
|move|p1a: Henrylel’artilleur|Phantom Force|p2a: Suicune|[from]lockedmove
|-damage|p2a: Suicune|66/100
|move|p2a: Suicune|Scald|p1a: Henrylel’artilleur
|-resisted|p1a: Henrylel’artilleur
|-damage|p1a: Henrylel’artilleur|77/100
|
|-heal|p2a: Suicune|72/100|[from] item: Leftovers
|upkeep
|turn|7
|
|t:|1643707267
|switch|p1a: Michel le plombier|Seismitoad, F|100/100
|move|p2a: Suicune|Protect||[still]
|-fail|p2a: Suicune
|
|-heal|p2a: Suicune|78/100|[from] item: Leftovers
|upkeep
|turn|8
|
|t:|1643707274
|move|p2a: Suicune|Substitute|p2a: Suicune
|-start|p2a: Suicune|Substitute
|-damage|p2a: Suicune|53/100
|move|p1a: Michel le plombier|Toxic||[still]
|-fail|p1a: Michel le plombier
|
|-heal|p2a: Suicune|59/100|[from] item: Leftovers
|-sideend|p2: Stellar Flares|move: Aurora Veil
|upkeep
|turn|9
|
|t:|1643707276
|move|p2a: Suicune|Calm Mind|p2a: Suicune
|-boost|p2a: Suicune|spa|1
|-boost|p2a: Suicune|spd|1
|move|p1a: Michel le plombier|Knock Off|p2a: Suicune
|-activate|p2a: Suicune|move: Substitute|[damage]
|
|-heal|p2a: Suicune|65/100|[from] item: Leftovers
|upkeep
|turn|10
|n| tiltin hard|fruityiscool423
|
|t:|1643707279
|move|p2a: Suicune|Calm Mind|p2a: Suicune
|-boost|p2a: Suicune|spa|1
|-boost|p2a: Suicune|spd|1
|move|p1a: Michel le plombier|Knock Off|p2a: Suicune
|-end|p2a: Suicune|Substitute
|
|-heal|p2a: Suicune|72/100|[from] item: Leftovers
|upkeep
|turn|11
|
|t:|1643707282
|switch|p1a: Dimitrilecoiffeur|Grimmsnarl, M|94/100
|move|p2a: Suicune|Protect||[still]
|-fail|p2a: Suicune
|
|-heal|p2a: Suicune|78/100|[from] item: Leftovers
|upkeep
|turn|12
|
|t:|1643707286
|move|p1a: Dimitrilecoiffeur|Trick|p2a: Suicune
|-activate|p1a: Dimitrilecoiffeur|move: Trick|[of] p2a: Suicune
|-item|p2a: Suicune|Choice Scarf|[from] move: Trick
|-item|p1a: Dimitrilecoiffeur|Leftovers|[from] move: Trick
|move|p2a: Suicune|Scald|p1a: Dimitrilecoiffeur
|-damage|p1a: Dimitrilecoiffeur|44/100
|
|-heal|p1a: Dimitrilecoiffeur|50/100|[from] item: Leftovers
|upkeep
|turn|13
|
|t:|1643707293
|switch|p2a: Ninetales|Ninetales-Alola, M|35/100
|-weather|Hail|[from] ability: Snow Warning|[of] p2a: Ninetales
|move|p1a: Dimitrilecoiffeur|Thunder Wave|p2a: Ninetales
|-status|p2a: Ninetales|par
|
|-weather|Hail|[upkeep]
|-damage|p1a: Dimitrilecoiffeur|44/100|[from] Hail
|-heal|p1a: Dimitrilecoiffeur|50/100|[from] item: Leftovers
|upkeep
|turn|14
|
|t:|1643707300
|move|p1a: Dimitrilecoiffeur|Play Rough|p2a: Ninetales
|-damage|p2a: Ninetales|0 fnt
|faint|p2a: Ninetales
|
|-weather|Hail|[upkeep]
|-damage|p1a: Dimitrilecoiffeur|44/100|[from] Hail
|-heal|p1a: Dimitrilecoiffeur|50/100|[from] item: Leftovers
|upkeep
|j| Mimikyu VG7
|
|t:|1643707310
|switch|p2a: Volcarona|Volcarona, F|100/100
|turn|15
|
|t:|1643707315
|move|p1a: Dimitrilecoiffeur|Thunder Wave|p2a: Volcarona
|-status|p2a: Volcarona|par
|move|p2a: Volcarona|Quiver Dance|p2a: Volcarona
|-boost|p2a: Volcarona|spa|1
|-boost|p2a: Volcarona|spd|1
|-boost|p2a: Volcarona|spe|1
|
|-weather|Hail|[upkeep]
|-damage|p1a: Dimitrilecoiffeur|44/100|[from] Hail
|-damage|p2a: Volcarona|94/100 par|[from] Hail
|-heal|p1a: Dimitrilecoiffeur|50/100|[from] item: Leftovers
|upkeep
|turn|16
|
|t:|1643707318
|move|p1a: Dimitrilecoiffeur|Light Screen|p1a: Dimitrilecoiffeur
|-sidestart|p1: lemonstre1|move: Light Screen
|move|p2a: Volcarona|Quiver Dance|p2a: Volcarona
|-boost|p2a: Volcarona|spa|1
|-boost|p2a: Volcarona|spd|1
|-boost|p2a: Volcarona|spe|1
|
|-weather|Hail|[upkeep]
|-damage|p2a: Volcarona|88/100 par|[from] Hail
|-damage|p1a: Dimitrilecoiffeur|44/100|[from] Hail
|-heal|p1a: Dimitrilecoiffeur|50/100|[from] item: Leftovers
|upkeep
|turn|17
|
|t:|1643707321
|move|p2a: Volcarona|Quiver Dance|p2a: Volcarona
|-boost|p2a: Volcarona|spa|1
|-boost|p2a: Volcarona|spd|1
|-boost|p2a: Volcarona|spe|1
|move|p1a: Dimitrilecoiffeur|Play Rough|p2a: Volcarona
|-resisted|p2a: Volcarona
|-damage|p2a: Volcarona|70/100 par
|
|-weather|none
|-heal|p1a: Dimitrilecoiffeur|56/100|[from] item: Leftovers
|upkeep
|turn|18
|
|t:|1643707325
|move|p2a: Volcarona|Quiver Dance|p2a: Volcarona
|-boost|p2a: Volcarona|spa|1
|-boost|p2a: Volcarona|spd|1
|-boost|p2a: Volcarona|spe|1
|move|p1a: Dimitrilecoiffeur|Play Rough|p2a: Volcarona
|-resisted|p2a: Volcarona
|-damage|p2a: Volcarona|51/100 par
|
|-heal|p1a: Dimitrilecoiffeur|62/100|[from] item: Leftovers
|upkeep
|turn|19
|
|t:|1643707330
|move|p2a: Volcarona|Quiver Dance|p2a: Volcarona
|-boost|p2a: Volcarona|spa|1
|-boost|p2a: Volcarona|spd|1
|-boost|p2a: Volcarona|spe|1
|move|p1a: Dimitrilecoiffeur|Play Rough|p2a: Volcarona
|-resisted|p2a: Volcarona
|-damage|p2a: Volcarona|33/100 par
|
|-heal|p1a: Dimitrilecoiffeur|69/100|[from] item: Leftovers
|upkeep
|turn|20
|
|t:|1643707334
|cant|p2a: Volcarona|par
|move|p1a: Dimitrilecoiffeur|Play Rough|p2a: Volcarona
|-resisted|p2a: Volcarona
|-damage|p2a: Volcarona|13/100 par
|
|-heal|p1a: Dimitrilecoiffeur|75/100|[from] item: Leftovers
|-sideend|p1: lemonstre1|move: Light Screen
|upkeep
|turn|21
|
|t:|1643707339
|cant|p2a: Volcarona|par
|move|p1a: Dimitrilecoiffeur|Play Rough|p2a: Volcarona
|-resisted|p2a: Volcarona
|-damage|p2a: Volcarona|0 fnt
|faint|p2a: Volcarona
|
|-heal|p1a: Dimitrilecoiffeur|81/100|[from] item: Leftovers
|upkeep
|
|t:|1643707345
|switch|p2a: Klefki|Klefki, M|100/100
|turn|22
|
|t:|1643707349
|switch|p1a: Seb le bricoleur|Magnezone|100/100
|move|p2a: Klefki|Calm Mind|p2a: Klefki
|-boost|p2a: Klefki|spa|1
|-boost|p2a: Klefki|spd|1
|
|upkeep
|turn|23
|c|☆Stellar Flares|Damn you played so well on those paras
|
|t:|1643707358
|move|p2a: Klefki|Calm Mind|p2a: Klefki
|-boost|p2a: Klefki|spa|1
|-boost|p2a: Klefki|spd|1
|move|p1a: Seb le bricoleur|Substitute|p1a: Seb le bricoleur
|-start|p1a: Seb le bricoleur|Substitute
|-damage|p1a: Seb le bricoleur|76/100
|
|-heal|p1a: Seb le bricoleur|82/100|[from] item: Leftovers
|upkeep
|turn|24
|
|t:|1643707366
|move|p2a: Klefki|Calm Mind|p2a: Klefki
|-boost|p2a: Klefki|spa|1
|-boost|p2a: Klefki|spd|1
|move|p1a: Seb le bricoleur|Flash Cannon|p2a: Klefki
|-damage|p2a: Klefki|84/100
|-unboost|p2a: Klefki|spd|1
|
|-heal|p2a: Klefki|90/100|[from] item: Leftovers
|-heal|p1a: Seb le bricoleur|88/100|[from] item: Leftovers
|upkeep
|turn|25
|
|t:|1643707369
|move|p2a: Klefki|Calm Mind|p2a: Klefki
|-boost|p2a: Klefki|spa|1
|-boost|p2a: Klefki|spd|1
|move|p1a: Seb le bricoleur|Flash Cannon|p2a: Klefki
|-damage|p2a: Klefki|73/100
|
|-heal|p2a: Klefki|79/100|[from] item: Leftovers
|-heal|p1a: Seb le bricoleur|94/100|[from] item: Leftovers
|upkeep
|turn|26
|
|t:|1643707370
|move|p2a: Klefki|Calm Mind|p2a: Klefki
|-boost|p2a: Klefki|spa|1
|-boost|p2a: Klefki|spd|1
|move|p1a: Seb le bricoleur|Flash Cannon|p2a: Klefki
|-damage|p2a: Klefki|65/100
|
|-heal|p2a: Klefki|71/100|[from] item: Leftovers
|-heal|p1a: Seb le bricoleur|99/100|[from] item: Leftovers
|upkeep
|turn|27
|
|t:|1643707385
|move|p2a: Klefki|Calm Mind|p2a: Klefki
|-boost|p2a: Klefki|spa|1
|-boost|p2a: Klefki|spd|1
|move|p1a: Seb le bricoleur|Flash Cannon|p2a: Klefki
|-damage|p2a: Klefki|58/100
|
|-heal|p2a: Klefki|64/100|[from] item: Leftovers
|-heal|p1a: Seb le bricoleur|100/100|[from] item: Leftovers
|upkeep
|turn|28
|
|t:|1643707393
|move|p2a: Klefki|Draining Kiss|p1a: Seb le bricoleur
|-resisted|p1a: Seb le bricoleur
|-activate|p1a: Seb le bricoleur|move: Substitute|[damage]
|-heal|p2a: Klefki|83/100|[from] drain|[of] p1a: Seb le bricoleur
|move|p1a: Seb le bricoleur|Flash Cannon|p2a: Klefki
|-damage|p2a: Klefki|71/100
|
|-heal|p2a: Klefki|77/100|[from] item: Leftovers
|upkeep
|turn|29
|
|t:|1643707397
|move|p2a: Klefki|Draining Kiss|p1a: Seb le bricoleur
|-resisted|p1a: Seb le bricoleur
|-end|p1a: Seb le bricoleur|Substitute
|-heal|p2a: Klefki|78/100|[from] drain|[of] p1a: Seb le bricoleur
|move|p1a: Seb le bricoleur|Substitute|p1a: Seb le bricoleur
|-start|p1a: Seb le bricoleur|Substitute
|-damage|p1a: Seb le bricoleur|76/100
|
|-heal|p2a: Klefki|84/100|[from] item: Leftovers
|-heal|p1a: Seb le bricoleur|82/100|[from] item: Leftovers
|upkeep
|turn|30
|
|t:|1643707401
|move|p2a: Klefki|Draining Kiss|p1a: Seb le bricoleur
|-resisted|p1a: Seb le bricoleur
|-end|p1a: Seb le bricoleur|Substitute
|-heal|p2a: Klefki|100/100|[from] drain|[of] p1a: Seb le bricoleur
|move|p1a: Seb le bricoleur|Flash Cannon|p2a: Klefki
|-damage|p2a: Klefki|89/100
|
|-heal|p2a: Klefki|95/100|[from] item: Leftovers
|-heal|p1a: Seb le bricoleur|88/100|[from] item: Leftovers
|upkeep
|turn|31
|
|t:|1643707409
|move|p2a: Klefki|Calm Mind|p2a: Klefki
|-boost|p2a: Klefki|spa|0
|-boost|p2a: Klefki|spd|1
|move|p1a: Seb le bricoleur|Volt Switch|p2a: Klefki
|-damage|p2a: Klefki|85/100
|
|t:|1643707438
|switch|p1a: Dimitrilecoiffeur|Grimmsnarl, M|81/100|[from]move: Volt Switch
|
|-heal|p2a: Klefki|91/100|[from] item: Leftovers
|-heal|p1a: Dimitrilecoiffeur|87/100|[from] item: Leftovers
|upkeep
|turn|32
|
|t:|1643707443
|move|p1a: Dimitrilecoiffeur|Thunder Wave|p2a: Klefki
|-status|p2a: Klefki|par
|move|p2a: Klefki|Draining Kiss|p1a: Dimitrilecoiffeur
|-supereffective|p1a: Dimitrilecoiffeur
|-damage|p1a: Dimitrilecoiffeur|0 fnt
|-heal|p2a: Klefki|100/100 par|[from] drain|[of] p1a: Dimitrilecoiffeur
|faint|p1a: Dimitrilecoiffeur
|
|upkeep
|
|t:|1643707447
|switch|p1a: Roger le chasseur|Volcarona, F|100/100
|turn|33
|
|t:|1643707449
|move|p1a: Roger le chasseur|Quiver Dance|p1a: Roger le chasseur
|-boost|p1a: Roger le chasseur|spa|1
|-boost|p1a: Roger le chasseur|spd|1
|-boost|p1a: Roger le chasseur|spe|1
|move|p2a: Klefki|Stored Power|p1a: Roger le chasseur
|-damage|p1a: Roger le chasseur|0 fnt
|faint|p1a: Roger le chasseur
|
|upkeep
|n| fruityiscool423|tiltinhard
|l|fruityiscool423
|
|t:|1643707463
|switch|p1a: Henrylel’artilleur|Dragapult, F|77/100
|turn|34
|
|t:|1643707471
|move|p1a: Henrylel’artilleur|Phantom Force||[still]
|-prepare|p1a: Henrylel’artilleur|Phantom Force
|move|p2a: Klefki|Draining Kiss|p1a: Henrylel’artilleur|[miss]
|-miss|p2a: Klefki|p1a: Henrylel’artilleur
|
|upkeep
|turn|35
|
|t:|1643707473
|move|p1a: Henrylel’artilleur|Phantom Force|p2a: Klefki|[from]lockedmove
|-damage|p2a: Klefki|62/100 par
|cant|p2a: Klefki|par
|
|-heal|p2a: Klefki|68/100 par|[from] item: Leftovers
|upkeep
|turn|36
|
|t:|1643707475
|move|p1a: Henrylel’artilleur|Phantom Force||[still]
|-prepare|p1a: Henrylel’artilleur|Phantom Force
|move|p2a: Klefki|Draining Kiss|p1a: Henrylel’artilleur|[miss]
|-miss|p2a: Klefki|p1a: Henrylel’artilleur
|
|-heal|p2a: Klefki|74/100 par|[from] item: Leftovers
|upkeep
|turn|37
|
|t:|1643707477
|move|p1a: Henrylel’artilleur|Phantom Force|p2a: Klefki|[from]lockedmove
|-damage|p2a: Klefki|34/100 par
|move|p2a: Klefki|Draining Kiss|p1a: Henrylel’artilleur
|-supereffective|p1a: Henrylel’artilleur
|-damage|p1a: Henrylel’artilleur|0 fnt
|-heal|p2a: Klefki|91/100 par|[from] drain|[of] p1a: Henrylel’artilleur
|faint|p1a: Henrylel’artilleur
|
|-heal|p2a: Klefki|97/100 par|[from] item: Leftovers
|upkeep
|
|t:|1643707484
|switch|p1a: Carglasse|Golisopod, F|100/100
|turn|38
|
|t:|1643707489
|move|p1a: Carglasse|Liquidation|p2a: Klefki
|-damage|p2a: Klefki|39/100 par
|-damage|p1a: Carglasse|91/100|[from] item: Life Orb
|move|p2a: Klefki|Draining Kiss|p1a: Carglasse
|-damage|p1a: Carglasse|22/100
|-heal|p2a: Klefki|96/100 par|[from] drain|[of] p1a: Carglasse
|-activate|p1a: Carglasse|ability: Emergency Exit
|
|t:|1643707495
|switch|p1a: Seb le bricoleur|Magnezone|88/100
|
|-heal|p1a: Seb le bricoleur|94/100|[from] item: Leftovers
|-heal|p2a: Klefki|100/100 par|[from] item: Leftovers
|upkeep
|turn|39
|
|t:|1643707500
|move|p1a: Seb le bricoleur|Volt Switch|p2a: Klefki
|-damage|p2a: Klefki|92/100 par
|j| galaxyxxivory
|
|t:|1643707510
|switch|p1a: Michel le plombier|Seismitoad, F|100/100|[from]move: Volt Switch
|move|p2a: Klefki|Draining Kiss|p1a: Michel le plombier
|-damage|p1a: Michel le plombier|35/100
|-heal|p2a: Klefki|100/100 par|[from] drain|[of] p1a: Michel le plombier
|
|-heal|p1a: Michel le plombier|41/100|[from] item: Leftovers
|upkeep
|turn|40
|
|t:|1643707516
|move|p1a: Michel le plombier|Knock Off|p2a: Klefki
|-resisted|p2a: Klefki
|-damage|p2a: Klefki|90/100 par
|-enditem|p2a: Klefki|Leftovers|[from] move: Knock Off|[of] p1a: Michel le plombier
|move|p2a: Klefki|Draining Kiss|p1a: Michel le plombier
|-damage|p1a: Michel le plombier|0 fnt
|-heal|p2a: Klefki|100/100 par|[from] drain|[of] p1a: Michel le plombier
|faint|p1a: Michel le plombier
|
|upkeep
|
|t:|1643707519
|switch|p1a: Carglasse|Golisopod, F|22/100
|turn|41
|
|t:|1643707522
|move|p1a: Carglasse|Liquidation|p2a: Klefki
|-damage|p2a: Klefki|44/100 par
|-damage|p1a: Carglasse|12/100|[from] item: Life Orb
|move|p2a: Klefki|Stored Power|p1a: Carglasse
|-damage|p1a: Carglasse|0 fnt
|faint|p1a: Carglasse
|
|upkeep
|
|t:|1643707525
|switch|p1a: Seb le bricoleur|Magnezone|94/100
|turn|42
|c|☆lemonstre1|gg
|l| Mimikyu VG7
|
|t:|1643707530
|move|p1a: Seb le bricoleur|Substitute|p1a: Seb le bricoleur
|-start|p1a: Seb le bricoleur|Substitute
|-damage|p1a: Seb le bricoleur|69/100
|move|p2a: Klefki|Stored Power|p1a: Seb le bricoleur
|-resisted|p1a: Seb le bricoleur
|-end|p1a: Seb le bricoleur|Substitute
|
|-heal|p1a: Seb le bricoleur|75/100|[from] item: Leftovers
|upkeep
|turn|43
|
|t:|1643707531
|move|p1a: Seb le bricoleur|Flash Cannon|p2a: Klefki
|-damage|p2a: Klefki|34/100 par
|-unboost|p2a: Klefki|spd|1
|move|p2a: Klefki|Draining Kiss|p1a: Seb le bricoleur
|-resisted|p1a: Seb le bricoleur
|-damage|p1a: Seb le bricoleur|52/100
|-heal|p2a: Klefki|53/100 par|[from] drain|[of] p1a: Seb le bricoleur
|
|-heal|p1a: Seb le bricoleur|58/100|[from] item: Leftovers
|upkeep
|turn|44
|
|t:|1643707533
|move|p1a: Seb le bricoleur|Flash Cannon|p2a: Klefki
|-damage|p2a: Klefki|40/100 par
|move|p2a: Klefki|Stored Power|p1a: Seb le bricoleur
|-resisted|p1a: Seb le bricoleur
|-damage|p1a: Seb le bricoleur|0 fnt
|faint|p1a: Seb le bricoleur
|
|win|Stellar Flares
|n|☆lemonstre1|lemonstre1
|n|☆Stellar Flares|stellarflares
|n| Cra2k|cra2k
|n| Mincera31|mincera31
|n| Paradise Pickaxe|paradisepickaxe
|n| galaxyxxivory|galaxyxxivory
