|j|☆Sww-Suwa
|j|☆okitsegg
|inactive|Battle timer is ON: inactive players will automatically lose when time's up.
|t:|1660788262
|gametype|singles
|player|p1|Sww-Suwa|dawn-masters|
|player|p2|okitsegg|2|
|teamsize|p1|6
|teamsize|p2|6
|gen|8
|tier|[Gen 8] OU
|rated|Tournament battle
|rule|Sleep Clause Mod: Limit one foe put to sleep
|rule|Species Clause: Limit one of each Pokémon
|rule|OHKO Clause: OHKO moves are banned
|rule|Evasion Items Clause: Evasion items are banned
|rule|Evasion Moves Clause: Evasion moves are banned
|rule|Endless Battle Clause: Forcing endless battles is banned
|rule|HP Percentage Mod: HP is shown in percentages
|rule|Dynamax Clause: You cannot dynamax
|clearpoke
|poke|p1|Porygon2|
|poke|p1|Machamp, F|
|poke|p1|Tyranitar, F|
|poke|p1|Gyarados, F|
|poke|p1|Nidoking, M|
|poke|p1|Slowbro, M|
|poke|p2|Chansey, F|
|poke|p2|Slowbro, M|
|poke|p2|Dragonite, M|
|poke|p2|Zapdos|
|poke|p2|Blissey, F|
|poke|p2|Heracross, M|
|teampreview
|j|@Mimikyu Stardust
|c|☆okitsegg|rip
|c|☆Sww-Suwa|wtf is that
|c|☆Sww-Suwa|why did you bring stall
|j| Pikablu007
|c|☆okitsegg|i wanted to fight meore weather
|j| berunkasuteruuuu
|j| cogonahorse
|c| berunkasuteruuuu|the CROSS
|inactive|Sww-Suwa has 120 seconds left.
|inactive|okitsegg has 120 seconds left.
|l| Pikablu007
|c| berunkasuteruuuu|ur abt to be crucified
|
|t:|1660788296
|start
|switch|p1a: Tyranitar|Tyranitar, F|100/100
|switch|p2a: Heracross|Heracross, M|100/100
|-weather|Sandstorm|[from] ability: Sand Stream|[of] p1a: Tyranitar
|turn|1
|c| cogonahorse|no lax in finals
|c| cogonahorse|whack
|
|t:|1660788312
|switch|p1a: Slowbro|Slowbro, M|100/100
|move|p2a: Heracross|Megahorn|p1a: Slowbro
|-supereffective|p1a: Slowbro
|-damage|p1a: Slowbro|18/100
|-enditem|p1a: Slowbro|Eject Button
|c|☆Sww-Suwa|dq?
|c|☆okitsegg|crucified
|c|☆okitsegg|?
|c|☆Sww-Suwa|!learn heracross, megahorn, gen2
|c| Sww-Suwa|/raw <div class="infobox">In Gen 2, Heracross <span class="message-learn-canlearn">can</span> learn Megahorn from:<ul class="message-learn-list"><li>anywhere (move is level-up/tutor/TM/HM in Gen 2)</ul></div>
|c|☆Sww-Suwa|o
|
|t:|1660788340
|switch|p1a: Nidoking|Nidoking, M, shiny|100/100
|
|-weather|Sandstorm|[upkeep]
|-damage|p2a: Heracross|95/100|[from] Sandstorm
|-status|p2a: Heracross|brn|[from] item: Flame Orb
|upkeep
|turn|2
|c|☆okitsegg|speedtie time
|
|t:|1660788350
|switch|p2a: Chansey|Chansey, F|100/100
|move|p1a: Nidoking|Flamethrower|p2a: Chansey
|-damage|p2a: Chansey|89/100
|
|-weather|Sandstorm|[upkeep]
|-damage|p2a: Chansey|83/100|[from] Sandstorm
|upkeep
|turn|3
|j| 1234bst❀
|c| berunkasuteruuuu|what a nice chansey that is
|
|t:|1660788357
|switch|p1a: Machamp|Machamp, F|100/100
|move|p2a: Chansey|Seismic Toss|p1a: Machamp
|-damage|p1a: Machamp|69/100
|
|-weather|Sandstorm|[upkeep]
|-damage|p1a: Machamp|63/100|[from] Sandstorm
|-damage|p2a: Chansey|76/100|[from] Sandstorm
|upkeep
|turn|4
|
|t:|1660788361
|switch|p1a: Tyranitar|Tyranitar, F|100/100
|switch|p2a: Slowbro|Slowbro, M|100/100
|
|-weather|Sandstorm|[upkeep]
|-damage|p2a: Slowbro|94/100|[from] Sandstorm
|-heal|p2a: Slowbro|100/100|[from] item: Leftovers
|upkeep
|turn|5
|c|☆okitsegg|:(
|
|t:|1660788370
|move|p1a: Tyranitar|Crunch|p2a: Slowbro
|-supereffective|p2a: Slowbro
|-damage|p2a: Slowbro|16/100
|move|p2a: Slowbro|Thunder Wave|p1a: Tyranitar
|-status|p1a: Tyranitar|par
|
|-weather|none
|-heal|p2a: Slowbro|22/100|[from] item: Leftovers
|upkeep
|turn|6
|
|t:|1660788377
|switch|p2a: Heracross|Heracross, M|95/100 brn
|move|p1a: Tyranitar|Crunch|p2a: Heracross
|-resisted|p2a: Heracross
|-damage|p2a: Heracross|47/100 brn
|
|-damage|p2a: Heracross|41/100 brn|[from] brn
|upkeep
|turn|7
|
|t:|1660788384
|switch|p1a: Gyarados|Gyarados, F, shiny|100/100
|move|p2a: Heracross|Megahorn|p1a: Gyarados
|-resisted|p1a: Gyarados
|-damage|p1a: Gyarados|36/100
|
|-damage|p2a: Heracross|35/100 brn|[from] brn
|upkeep
|turn|8
|
|t:|1660788396
|switch|p2a: Zapdos|Zapdos|100/100
|move|p1a: Gyarados|Outrage|p2a: Zapdos
|-damage|p2a: Zapdos|45/100
|
|-heal|p2a: Zapdos|52/100|[from] item: Leftovers
|upkeep
|turn|9
|
|t:|1660788401
|move|p1a: Gyarados|Outrage|p2a: Zapdos|[from]lockedmove
|-damage|p2a: Zapdos|0 fnt
|faint|p2a: Zapdos
|-ability|p1a: Gyarados|Moxie|boost
|-boost|p1a: Gyarados|atk|1
|-start|p1a: Gyarados|confusion|[fatigue]
|
|upkeep
|c|☆okitsegg|hold up
|
|t:|1660788408
|switch|p2a: Slowbro|Slowbro, M|56/100
|turn|10
|
|t:|1660788414
|switch|p1a: Porygon2|Porygon2, shiny|100/100
|-ability|p1a: Porygon2|Download|boost
|-boost|p1a: Porygon2|spa|1
|move|p2a: Slowbro|Thunder Wave|p1a: Porygon2|[miss]
|-miss|p2a: Slowbro|p1a: Porygon2
|
|-heal|p2a: Slowbro|62/100|[from] item: Leftovers
|upkeep
|turn|11
|
|t:|1660788420
|switch|p2a: Blissey|Blissey, F|100/100
|move|p1a: Porygon2|Thunderbolt|p2a: Blissey
|-damage|p2a: Blissey|89/100
|
|-heal|p2a: Blissey|95/100|[from] item: Leftovers
|upkeep
|turn|12
|
|t:|1660788424
|move|p2a: Blissey|Teleport|p2a: Blissey
|
|t:|1660788429
|switch|p2a: Heracross|Heracross, M|35/100 brn|[from]move: Teleport
|move|p1a: Porygon2|Teleport|p1a: Porygon2
|
|t:|1660788439
|switch|p1a: Gyarados|Gyarados, F, shiny|36/100|[from]move: Teleport
|
|-damage|p2a: Heracross|29/100 brn|[from] brn
|upkeep
|turn|13
|
|t:|1660788453
|switch|p1a: Porygon2|Porygon2, shiny|100/100
|-ability|p1a: Porygon2|Download|boost
|-boost|p1a: Porygon2|atk|1
|switch|p2a: Slowbro|Slowbro, M|95/100
|
|-heal|p2a: Slowbro|100/100|[from] item: Leftovers
|upkeep
|turn|14
|
|t:|1660788461
|move|p1a: Porygon2|Thunderbolt|p2a: Slowbro
|-supereffective|p2a: Slowbro
|-damage|p2a: Slowbro|59/100
|move|p2a: Slowbro|Thunder Wave|p1a: Porygon2
|-status|p1a: Porygon2|par
|
|-heal|p2a: Slowbro|65/100|[from] item: Leftovers
|upkeep
|turn|15
|
|t:|1660788468
|switch|p2a: Dragonite|Dragonite, M|100/100
|move|p1a: Porygon2|Teleport|p1a: Porygon2
|
|t:|1660788473
|switch|p1a: Nidoking|Nidoking, M, shiny|100/100|[from]move: Teleport
|
|upkeep
|turn|16
|
|t:|1660788479
|switch|p2a: Blissey|Blissey, F|95/100
|move|p1a: Nidoking|Ice Beam|p2a: Blissey
|-damage|p2a: Blissey|80/100
|
|-heal|p2a: Blissey|86/100|[from] item: Leftovers
|upkeep
|turn|17
|
|t:|1660788487
|switch|p1a: Tyranitar|Tyranitar, F|100/100 par
|-weather|Sandstorm|[from] ability: Sand Stream|[of] p1a: Tyranitar
|move|p2a: Blissey|Teleport|p2a: Blissey
|
|t:|1660788492
|switch|p2a: Heracross|Heracross, M|29/100 brn|[from]move: Teleport
|
|-weather|Sandstorm|[upkeep]
|-damage|p2a: Heracross|23/100 brn|[from] Sandstorm
|-damage|p2a: Heracross|17/100 brn|[from] brn
|upkeep
|turn|18
|
|t:|1660788500
|switch|p1a: Nidoking|Nidoking, M, shiny|100/100
|move|p2a: Heracross|Megahorn|p1a: Nidoking
|-resisted|p1a: Nidoking
|-damage|p1a: Nidoking|30/100
|
|-weather|Sandstorm|[upkeep]
|-damage|p2a: Heracross|11/100 brn|[from] Sandstorm
|-damage|p2a: Heracross|5/100 brn|[from] brn
|upkeep
|turn|19
|
|t:|1660788511
|switch|p1a: Slowbro|Slowbro, M|51/100
|switch|p2a: Blissey|Blissey, F|86/100
|
|-weather|Sandstorm|[upkeep]
|-damage|p2a: Blissey|80/100|[from] Sandstorm
|-damage|p1a: Slowbro|45/100|[from] Sandstorm
|-heal|p2a: Blissey|86/100|[from] item: Leftovers
|upkeep
|turn|20
|
|t:|1660788519
|move|p2a: Blissey|Teleport|p2a: Blissey
|
|t:|1660788524
|switch|p2a: Heracross|Heracross, M|5/100 brn|[from]move: Teleport
|move|p1a: Slowbro|Teleport|p1a: Slowbro
|
|t:|1660788531
|switch|p1a: Tyranitar|Tyranitar, F|100/100 par|[from]move: Teleport
|
|-weather|Sandstorm|[upkeep]
|-damage|p2a: Heracross|0 fnt|[from] Sandstorm
|faint|p2a: Heracross
|upkeep
|
|t:|1660788534
|switch|p2a: Dragonite|Dragonite, M|100/100
|turn|21
|
|t:|1660788541
|move|p2a: Dragonite|Earthquake|p1a: Tyranitar
|-supereffective|p1a: Tyranitar
|-crit|p1a: Tyranitar
|-damage|p1a: Tyranitar|0 fnt
|faint|p1a: Tyranitar
|
|-weather|none
|upkeep
|c|☆Sww-Suwa|nkjnsicsucjawoicawniawnca
|c|☆okitsegg|hold up
|c|☆Sww-Suwa|man
|j|%h moment
|
|t:|1660788558
|switch|p1a: Nidoking|Nidoking, M, shiny|30/100
|turn|22
|c|☆okitsegg|thats dnite's 4th crit
|
|t:|1660788564
|switch|p1a: Machamp|Machamp, F|63/100
|switch|p2a: Blissey|Blissey, F|86/100
|
|-heal|p2a: Blissey|92/100|[from] item: Leftovers
|upkeep
|turn|23
|c|%h moment|scope lens dnite
|c|%h moment|i respect it
|
|t:|1660788568
|switch|p2a: Slowbro|Slowbro, M|98/100
|move|p1a: Machamp|Dynamic Punch|p2a: Slowbro
|-resisted|p2a: Slowbro
|-damage|p2a: Slowbro|75/100
|-start|p2a: Slowbro|confusion
|
|-heal|p2a: Slowbro|81/100|[from] item: Leftovers
|upkeep
|turn|24
|l| berunkasuteruuuu
|
|t:|1660788577
|move|p1a: Machamp|Dynamic Punch|p2a: Slowbro
|-resisted|p2a: Slowbro
|-damage|p2a: Slowbro|57/100
|-activate|p2a: Slowbro|confusion
|move|p2a: Slowbro|Teleport|p2a: Slowbro
|j| berunkasuteruuuu
|
|t:|1660788582
|switch|p2a: Dragonite|Dragonite, M|100/100|[from]move: Teleport
|
|upkeep
|turn|25
|
|t:|1660788586
|switch|p2a: Slowbro|Slowbro, M|90/100
|switch|p1a: Porygon2|Porygon2, shiny|100/100 par
|-ability|p1a: Porygon2|Download|boost
|-boost|p1a: Porygon2|spa|1
|
|-heal|p2a: Slowbro|96/100|[from] item: Leftovers
|upkeep
|turn|26
|l|@Mimikyu Stardust
|
|t:|1660788593
|switch|p2a: Blissey|Blissey, F|92/100
|move|p1a: Porygon2|Tri Attack|p2a: Blissey
|-damage|p2a: Blissey|77/100
|
|-heal|p2a: Blissey|83/100|[from] item: Leftovers
|upkeep
|turn|27
|j|@Mimikyu Stardust
|l|%h moment
|
|t:|1660788602
|move|p2a: Blissey|Ice Beam|p1a: Porygon2
|-damage|p1a: Porygon2|93/100 par
|move|p1a: Porygon2|Teleport|p1a: Porygon2
|l|@Mimikyu Stardust
|
|t:|1660788606
|switch|p1a: Machamp|Machamp, F|63/100|[from]move: Teleport
|
|-heal|p2a: Blissey|90/100|[from] item: Leftovers
|upkeep
|turn|28
|
|t:|1660788611
|switch|p2a: Slowbro|Slowbro, M|100/100
|move|p1a: Machamp|Thunder Punch|p2a: Slowbro
|-supereffective|p2a: Slowbro
|-damage|p2a: Slowbro|54/100
|
|-heal|p2a: Slowbro|60/100|[from] item: Leftovers
|upkeep
|turn|29
|
|t:|1660788618
|move|p1a: Machamp|Thunder Punch|p2a: Slowbro
|-supereffective|p2a: Slowbro
|-damage|p2a: Slowbro|6/100
|move|p2a: Slowbro|Surf|p1a: Machamp
|-damage|p1a: Machamp|24/100
|
|-heal|p2a: Slowbro|12/100|[from] item: Leftovers
|upkeep
|turn|30
|
|t:|1660788625
|switch|p1a: Porygon2|Porygon2, shiny|93/100 par
|-ability|p1a: Porygon2|Download|boost
|-boost|p1a: Porygon2|spa|1
|switch|p2a: Dragonite|Dragonite, M|100/100
|
|upkeep
|turn|31
|
|t:|1660788629
|switch|p2a: Blissey|Blissey, F|90/100
|cant|p1a: Porygon2|par
|
|-heal|p2a: Blissey|96/100|[from] item: Leftovers
|upkeep
|turn|32
|
|t:|1660788636
|switch|p2a: Slowbro|Slowbro, M|45/100
|move|p1a: Porygon2|Teleport|p1a: Porygon2
|
|t:|1660788639
|switch|p1a: Machamp|Machamp, F|24/100|[from]move: Teleport
|
|-heal|p2a: Slowbro|52/100|[from] item: Leftovers
|upkeep
|turn|33
|j|%htcl (>◡<)
|
|t:|1660788645
|switch|p2a: Dragonite|Dragonite, M|100/100
|move|p1a: Machamp|Thunder Punch|p2a: Dragonite
|-damage|p2a: Dragonite|77/100
|
|upkeep
|turn|34
|
|t:|1660788660
|switch|p1a: Slowbro|Slowbro, M|78/100
|move|p2a: Dragonite|Thunder Punch|p1a: Slowbro
|-supereffective|p1a: Slowbro
|-damage|p1a: Slowbro|32/100
|
|upkeep
|turn|35
|
|t:|1660788666
|switch|p1a: Nidoking|Nidoking, M, shiny|30/100
|move|p2a: Dragonite|Thunder Punch|p1a: Nidoking
|-immune|p1a: Nidoking
|
|upkeep
|turn|36
|
|t:|1660788670
|switch|p1a: Machamp|Machamp, F|24/100
|switch|p2a: Blissey|Blissey, F|96/100
|
|-heal|p2a: Blissey|100/100|[from] item: Leftovers
|upkeep
|turn|37
|c|☆okitsegg|i shouda brought less blissey
|
|t:|1660788684
|switch|p2a: Slowbro|Slowbro, M|85/100
|move|p1a: Machamp|Dynamic Punch|p2a: Slowbro
|-resisted|p2a: Slowbro
|-damage|p2a: Slowbro|60/100
|-start|p2a: Slowbro|confusion
|
|-heal|p2a: Slowbro|66/100|[from] item: Leftovers
|upkeep
|turn|38
|
|t:|1660788693
|switch|p1a: Porygon2|Porygon2, shiny|93/100 par
|-ability|p1a: Porygon2|Download|boost
|-boost|p1a: Porygon2|spa|1
|-activate|p2a: Slowbro|confusion
|-damage|p2a: Slowbro|63/100|[from] confusion
|
|-heal|p2a: Slowbro|69/100|[from] item: Leftovers
|upkeep
|turn|39
|
|t:|1660788696
|switch|p2a: Blissey|Blissey, F|100/100
|move|p1a: Porygon2|Teleport|p1a: Porygon2
|
|t:|1660788700
|switch|p1a: Machamp|Machamp, F|24/100|[from]move: Teleport
|
|upkeep
|turn|40
|
|t:|1660788705
|switch|p2a: Slowbro|Slowbro, M|100/100
|move|p1a: Machamp|Thunder Punch|p2a: Slowbro
|-supereffective|p2a: Slowbro
|-damage|p2a: Slowbro|46/100
|
|-heal|p2a: Slowbro|52/100|[from] item: Leftovers
|upkeep
|turn|41
|
|t:|1660788710
|switch|p2a: Dragonite|Dragonite, M|77/100
|move|p1a: Machamp|Thunder Punch|p2a: Dragonite
|-crit|p2a: Dragonite
|-damage|p2a: Dragonite|5/100
|
|upkeep
|turn|42
|c|☆okitsegg|oh
|
|t:|1660788727
|switch|p1a: Slowbro|Slowbro, M|66/100
|move|p2a: Dragonite|Earthquake|p1a: Slowbro
|-damage|p1a: Slowbro|35/100
|
|upkeep
|turn|43
|
|t:|1660788731
|switch|p2a: Blissey|Blissey, F|100/100
|switch|p1a: Gyarados|Gyarados, F, shiny|36/100
|
|upkeep
|turn|44
|
|t:|1660788734
|switch|p1a: Porygon2|Porygon2, shiny|93/100 par
|-ability|p1a: Porygon2|Download|boost
|-boost|p1a: Porygon2|atk|1
|move|p2a: Blissey|Thunder Wave|p1a: Porygon2
|-fail|p1a: Porygon2|par
|
|upkeep
|turn|45
|
|t:|1660788737
|move|p2a: Blissey|Teleport|p2a: Blissey
|l| 1234bst❀
|
|t:|1660788740
|switch|p2a: Chansey|Chansey, F|76/100|[from]move: Teleport
|move|p1a: Porygon2|Teleport|p1a: Porygon2
|
|t:|1660788744
|switch|p1a: Machamp|Machamp, F|24/100|[from]move: Teleport
|
|upkeep
|turn|46
|
|t:|1660788748
|switch|p2a: Slowbro|Slowbro, M|85/100
|move|p1a: Machamp|Thunder Punch|p2a: Slowbro
|-supereffective|p2a: Slowbro
|-damage|p2a: Slowbro|30/100
|
|-heal|p2a: Slowbro|36/100|[from] item: Leftovers
|upkeep
|turn|47
|
|t:|1660788753
|switch|p2a: Chansey|Chansey, F|76/100
|move|p1a: Machamp|Thunder Punch|p2a: Chansey
|-damage|p2a: Chansey|47/100
|
|upkeep
|turn|48
|
|t:|1660788762
|switch|p1a: Slowbro|Slowbro, M|68/100
|switch|p2a: Slowbro|Slowbro, M|70/100
|
|-heal|p2a: Slowbro|76/100|[from] item: Leftovers
|upkeep
|turn|49
|
|t:|1660788766
|move|p2a: Slowbro|Teleport|p2a: Slowbro
|
|t:|1660788769
|switch|p2a: Dragonite|Dragonite, M|5/100|[from]move: Teleport
|move|p1a: Slowbro|Teleport|p1a: Slowbro
|
|t:|1660788773
|switch|p1a: Gyarados|Gyarados, F, shiny|36/100|[from]move: Teleport
|
|upkeep
|turn|50
|
|t:|1660788777
|switch|p1a: Porygon2|Porygon2, shiny|93/100 par
|-ability|p1a: Porygon2|Download|boost
|-boost|p1a: Porygon2|atk|1
|move|p2a: Dragonite|Extreme Speed|p1a: Porygon2
|-damage|p1a: Porygon2|67/100 par
|
|upkeep
|turn|51
|j| a014646094
|
|t:|1660788783
|switch|p2a: Chansey|Chansey, F|47/100
|move|p1a: Porygon2|Recover|p1a: Porygon2
|-heal|p1a: Porygon2|100/100 par
|
|upkeep
|turn|52
|
|t:|1660788795
|move|p2a: Chansey|Soft-Boiled|p2a: Chansey
|-heal|p2a: Chansey|97/100
|move|p1a: Porygon2|Teleport|p1a: Porygon2
|
|t:|1660788798
|switch|p1a: Machamp|Machamp, F|24/100|[from]move: Teleport
|
|upkeep
|turn|53
|
|t:|1660788802
|move|p1a: Machamp|Thunder Punch|p2a: Chansey
|-damage|p2a: Chansey|69/100
|move|p2a: Chansey|Seismic Toss|p1a: Machamp
|-damage|p1a: Machamp|0 fnt
|faint|p1a: Machamp
|
|upkeep
|c|☆okitsegg|gottem
|c|☆Sww-Suwa|:C
|c|☆Sww-Suwa|gg
|-message|Sww-Suwa forfeited.
|
|win|okitsegg
|n|☆Sww-Suwa|swwsuwa
|n|☆okitsegg|okitsegg
|n| cogonahorse|cogonahorse
|n| berunkasuteruuuu|berunkasuteruuuu
|n| htcl (>◡<)|htcl
|n| a014646094|a014646094
|l|☆Sww-Suwa
|l|☆okitsegg
