|j|☆DJ CRIB DEF
|j|☆im tofa
|t:|1631640585
|gametype|singles
|player|p1|DJ CRIB DEF|cynthia|1621
|player|p2|im tofa|ethan|1651
|teamsize|p1|6
|teamsize|p2|6
|gen|8
|tier|[Gen 8] OU
|rated|
|rule|Sleep Clause Mod: Limit one foe put to sleep
|rule|Species Clause: Limit one of each Pokémon
|rule|OHKO Clause: OHKO moves are banned
|rule|Evasion Moves Clause: Evasion moves are banned
|rule|Endless Battle Clause: Forcing endless battles is banned
|rule|HP Percentage Mod: HP is shown in percentages
|rule|Dynamax Clause: You cannot dynamax
|clearpoke
|poke|p1|Sharpedo, M|
|poke|p1|Garchomp, M|
|poke|p1|Tapu Fini|
|poke|p1|Corviknight, F|
|poke|p1|Landorus-Therian, M|
|poke|p1|Dragapult, M|
|poke|p2|Tyranitar, M|
|poke|p2|Ferrothorn, F|
|poke|p2|Excadrill, F|
|poke|p2|Buzzwole|
|poke|p2|Mew|
|poke|p2|Magnezone|
|teampreview
|inactive|Battle timer is ON: inactive players will automatically lose when time's up. (requested by im tofa)
|j| Sakin_66
|inactive|im tofa has 120 seconds left.
|
|t:|1631640622
|start
|switch|p1a: Kamikaze|Dragapult, M, shiny|100/100
|switch|p2a: Ferrothorn|Ferrothorn, F|100/100
|turn|1
|
|t:|1631640626
|switch|p2a: Tyranitar|Tyranitar, M|100/100
|-weather|Sandstorm|[from] ability: Sand Stream|[of] p2a: Tyranitar
|move|p1a: Kamikaze|Flamethrower|p2a: Tyranitar
|-resisted|p2a: Tyranitar
|-damage|p2a: Tyranitar|92/100
|
|-weather|Sandstorm|[upkeep]
|-damage|p1a: Kamikaze|95/100|[from] Sandstorm
|-heal|p2a: Tyranitar|99/100|[from] item: Leftovers
|upkeep
|turn|2
|
|t:|1631640632
|switch|p1a: Jafar|Landorus-Therian, M, shiny|100/100
|-ability|p1a: Jafar|Intimidate|boost
|-unboost|p2a: Tyranitar|atk|1
|move|p2a: Tyranitar|Stealth Rock|p1a: Jafar
|-sidestart|p1: DJ CRIB DEF|move: Stealth Rock
|
|-weather|Sandstorm|[upkeep]
|-heal|p2a: Tyranitar|100/100|[from] item: Leftovers
|upkeep
|turn|3
|
|t:|1631640641
|switch|p2a: Buzzwole|Buzzwole|100/100
|move|p1a: Jafar|Stealth Rock|p2a: Buzzwole
|-sidestart|p2: im tofa|move: Stealth Rock
|
|-weather|Sandstorm|[upkeep]
|-damage|p2a: Buzzwole|94/100|[from] Sandstorm
|upkeep
|turn|4
|
|t:|1631640651
|switch|p1a: Aquafina|Tapu Fini, shiny|100/100
|-damage|p1a: Aquafina|88/100|[from] Stealth Rock
|-fieldstart|move: Misty Terrain|[from] ability: Misty Surge|[of] p1a: Aquafina
|move|p2a: Buzzwole|Close Combat|p1a: Aquafina
|-resisted|p1a: Aquafina
|-damage|p1a: Aquafina|57/100
|-unboost|p2a: Buzzwole|def|1
|-unboost|p2a: Buzzwole|spd|1
|
|-weather|Sandstorm|[upkeep]
|-damage|p1a: Aquafina|51/100|[from] Sandstorm
|-damage|p2a: Buzzwole|88/100|[from] Sandstorm
|upkeep
|turn|5
|
|t:|1631640658
|switch|p2a: Ferrothorn|Ferrothorn, F|100/100
|-damage|p2a: Ferrothorn|94/100|[from] Stealth Rock
|move|p1a: Aquafina|Trick|p2a: Ferrothorn
|-activate|p1a: Aquafina|move: Trick|[of] p2a: Ferrothorn
|-item|p2a: Ferrothorn|Choice Scarf|[from] move: Trick
|-item|p1a: Aquafina|Leftovers|[from] move: Trick
|
|-weather|none
|-heal|p1a: Aquafina|57/100|[from] item: Leftovers
|upkeep
|turn|6
|
|t:|1631640664
|move|p1a: Aquafina|Taunt|p2a: Ferrothorn
|-start|p2a: Ferrothorn|move: Taunt
|move|p2a: Ferrothorn|Power Whip|p1a: Aquafina
|-supereffective|p1a: Aquafina
|-damage|p1a: Aquafina|0 fnt
|faint|p1a: Aquafina
|
|upkeep
|
|t:|1631640690
|switch|p1a: Kamikaze|Dragapult, M, shiny|95/100
|-damage|p1a: Kamikaze|82/100|[from] Stealth Rock
|turn|7
|
|t:|1631640699
|switch|p2a: Tyranitar|Tyranitar, M|100/100
|-damage|p2a: Tyranitar|88/100|[from] Stealth Rock
|-weather|Sandstorm|[from] ability: Sand Stream|[of] p2a: Tyranitar
|move|p1a: Kamikaze|U-turn|p2a: Tyranitar
|-supereffective|p2a: Tyranitar
|-damage|p2a: Tyranitar|62/100
|
|t:|1631640704
|switch|p1a: Kilimanjaro|Garchomp, M, shiny|100/100|[from]move: U-turn
|-damage|p1a: Kilimanjaro|94/100|[from] Stealth Rock
|
|-weather|Sandstorm|[upkeep]
|-heal|p1a: Kilimanjaro|100/100|[from] item: Leftovers
|-heal|p2a: Tyranitar|69/100|[from] item: Leftovers
|upkeep
|turn|8
|
|t:|1631640711
|switch|p2a: Buzzwole|Buzzwole|88/100
|-damage|p2a: Buzzwole|76/100|[from] Stealth Rock
|move|p1a: Kilimanjaro|Earthquake|p2a: Buzzwole
|-resisted|p2a: Buzzwole
|-damage|p2a: Buzzwole|60/100
|
|-weather|Sandstorm|[upkeep]
|-damage|p2a: Buzzwole|54/100|[from] Sandstorm
|-fieldend|Misty Terrain
|upkeep
|turn|9
|
|t:|1631640715
|move|p1a: Kilimanjaro|Fire Fang|p2a: Buzzwole
|-supereffective|p2a: Buzzwole
|-damage|p2a: Buzzwole|27/100
|-status|p2a: Buzzwole|brn
|-damage|p1a: Kilimanjaro|84/100|[from] item: Rocky Helmet|[of] p2a: Buzzwole
|move|p2a: Buzzwole|Roost|p2a: Buzzwole
|-heal|p2a: Buzzwole|77/100 brn
|-singleturn|p2a: Buzzwole|move: Roost
|
|-weather|Sandstorm|[upkeep]
|-damage|p2a: Buzzwole|71/100 brn|[from] Sandstorm
|-heal|p1a: Kilimanjaro|90/100|[from] item: Leftovers
|-damage|p2a: Buzzwole|65/100 brn|[from] brn
|upkeep
|turn|10
|
|t:|1631640731
|move|p1a: Kilimanjaro|Swords Dance|p1a: Kilimanjaro
|-boost|p1a: Kilimanjaro|atk|2
|move|p2a: Buzzwole|Ice Punch|p1a: Kilimanjaro
|-supereffective|p1a: Kilimanjaro
|-damage|p1a: Kilimanjaro|38/100
|-damage|p2a: Buzzwole|53/100 brn|[from] ability: Rough Skin|[of] p1a: Kilimanjaro
|
|-weather|Sandstorm|[upkeep]
|-damage|p2a: Buzzwole|46/100 brn|[from] Sandstorm
|-heal|p1a: Kilimanjaro|44/100|[from] item: Leftovers
|-damage|p2a: Buzzwole|40/100 brn|[from] brn
|upkeep
|turn|11
|
|t:|1631640741
|move|p1a: Kilimanjaro|Scale Shot|p2a: Buzzwole
|-damage|p2a: Buzzwole|23/100 brn
|-crit|p2a: Buzzwole
|-damage|p2a: Buzzwole|0 fnt
|faint|p2a: Buzzwole
|-hitcount|p2: Buzzwole|2
|-unboost|p1a: Kilimanjaro|def|1
|-boost|p1a: Kilimanjaro|spe|1
|
|-weather|none
|-heal|p1a: Kilimanjaro|50/100|[from] item: Leftovers
|upkeep
|
|t:|1631640754
|switch|p2a: Mew|Mew|100/100
|-damage|p2a: Mew|88/100|[from] Stealth Rock
|turn|12
|inactive|DJ CRIB DEF has 120 seconds left.
|
|t:|1631640789
|move|p1a: Kilimanjaro|Earthquake|p2a: Mew
|-damage|p2a: Mew|0 fnt
|faint|p2a: Mew
|
|-heal|p1a: Kilimanjaro|57/100|[from] item: Leftovers
|upkeep
|
|t:|1631640796
|switch|p2a: Tyranitar|Tyranitar, M|69/100
|-damage|p2a: Tyranitar|56/100|[from] Stealth Rock
|-weather|Sandstorm|[from] ability: Sand Stream|[of] p2a: Tyranitar
|turn|13
|l| Sakin_66
|inactive|DJ CRIB DEF has 120 seconds left.
|
|t:|1631640815
|move|p1a: Kilimanjaro|Scale Shot|p2a: Tyranitar
|-damage|p2a: Tyranitar|37/100
|-damage|p2a: Tyranitar|17/100
|-hitcount|p2a: Tyranitar|2
|-unboost|p1a: Kilimanjaro|def|1
|-boost|p1a: Kilimanjaro|spe|1
|move|p2a: Tyranitar|Crunch|p1a: Kilimanjaro
|-damage|p1a: Kilimanjaro|0 fnt
|-damage|p2a: Tyranitar|5/100|[from] ability: Rough Skin|[of] p1a: Kilimanjaro
|faint|p1a: Kilimanjaro
|
|-weather|Sandstorm|[upkeep]
|-heal|p2a: Tyranitar|11/100|[from] item: Leftovers
|upkeep
|j| Sakin_66
|j| 2DpkmN
|l| 2DpkmN
|inactive|DJ CRIB DEF has 90 seconds left.
|inactive|DJ CRIB DEF has 60 seconds left.
|
|t:|1631640896
|switch|p1a: Etmopterus|Sharpedo, M, shiny|100/100
|-damage|p1a: Etmopterus|88/100|[from] Stealth Rock
|turn|14
|
|t:|1631640908
|move|p1a: Etmopterus|Crunch|p2a: Tyranitar
|-resisted|p2a: Tyranitar
|-damage|p2a: Tyranitar|0 fnt
|faint|p2a: Tyranitar
|
|-weather|Sandstorm|[upkeep]
|-damage|p1a: Etmopterus|82/100|[from] Sandstorm
|-ability|p1a: Etmopterus|Speed Boost|boost
|-boost|p1a: Etmopterus|spe|1
|upkeep
|
|t:|1631640928
|switch|p2a: Ferrothorn|Ferrothorn, F|94/100
|-damage|p2a: Ferrothorn|88/100|[from] Stealth Rock
|turn|15
|
|t:|1631640935
|switch|p1a: Akechi|Corviknight, F, shiny|100/100
|-damage|p1a: Akechi|88/100|[from] Stealth Rock
|-ability|p1a: Akechi|Pressure
|move|p2a: Ferrothorn|Power Whip|p1a: Akechi
|-resisted|p1a: Akechi
|-crit|p1a: Akechi
|-damage|p1a: Akechi|78/100
|-damage|p2a: Ferrothorn|72/100|[from] item: Rocky Helmet|[of] p1a: Akechi
|
|-weather|Sandstorm|[upkeep]
|upkeep
|turn|16
|
|t:|1631640939
|move|p1a: Akechi|Body Press|p2a: Ferrothorn
|-supereffective|p2a: Ferrothorn
|-crit|p2a: Ferrothorn
|-damage|p2a: Ferrothorn|23/100
|-damage|p1a: Akechi|65/100|[from] ability: Iron Barbs|[of] p2a: Ferrothorn
|move|p2a: Ferrothorn|Power Whip|p1a: Akechi
|-resisted|p1a: Akechi
|-crit|p1a: Akechi
|-damage|p1a: Akechi|56/100
|-damage|p2a: Ferrothorn|6/100|[from] item: Rocky Helmet|[of] p1a: Akechi
|
|-weather|Sandstorm|[upkeep]
|upkeep
|turn|17
|
|t:|1631640945
|move|p1a: Akechi|Roost|p1a: Akechi
|-heal|p1a: Akechi|100/100
|-singleturn|p1a: Akechi|move: Roost
|move|p2a: Ferrothorn|Power Whip|p1a: Akechi
|-resisted|p1a: Akechi
|-damage|p1a: Akechi|88/100
|-damage|p2a: Ferrothorn|0 fnt|[from] item: Rocky Helmet|[of] p1a: Akechi
|faint|p2a: Ferrothorn
|
|-weather|none
|upkeep
|
|t:|1631640947
|switch|p2a: Magnezone|Magnezone|100/100
|-damage|p2a: Magnezone|94/100|[from] Stealth Rock
|turn|18
|l| Sakin_66
|
|t:|1631640954
|move|p2a: Magnezone|Thunderbolt|p1a: Akechi
|-supereffective|p1a: Akechi
|-damage|p1a: Akechi|0 fnt
|faint|p1a: Akechi
|
|upkeep
|j| Sakin_66
|
|t:|1631640963
|switch|p1a: Etmopterus|Sharpedo, M, shiny|82/100
|-damage|p1a: Etmopterus|70/100|[from] Stealth Rock
|turn|19
|
|t:|1631640972
|move|p1a: Etmopterus|Close Combat|p2a: Magnezone
|-supereffective|p2a: Magnezone
|-damage|p2a: Magnezone|0 fnt
|-unboost|p1a: Etmopterus|def|1
|-unboost|p1a: Etmopterus|spd|1
|faint|p2a: Magnezone
|
|-ability|p1a: Etmopterus|Speed Boost|boost
|-boost|p1a: Etmopterus|spe|1
|upkeep
|
|t:|1631640975
|switch|p2a: Excadrill|Excadrill, F|100/100
|-damage|p2a: Excadrill|98/100|[from] Stealth Rock
|turn|20
|j| mapaloma
|
|t:|1631640987
|move|p1a: Etmopterus|Close Combat|p2a: Excadrill
|-supereffective|p2a: Excadrill
|-damage|p2a: Excadrill|0 fnt
|-unboost|p1a: Etmopterus|def|1
|-unboost|p1a: Etmopterus|spd|1
|faint|p2a: Excadrill
|
|win|DJ CRIB DEF
|raw|DJ CRIB DEF's rating: 1620 &rarr; <strong>1642</strong><br />(+22 for winning)
|raw|im tofa's rating: 1651 &rarr; <strong>1629</strong><br />(-22 for losing)
|c|☆im tofa|gg
|c|☆DJ CRIB DEF|gg
|l|☆DJ CRIB DEF
