|j|☆toon arctozolt
|j|☆coral ❤ fan
|t:|1663210492
|gametype|singles
|player|p1|toon arctozolt|youngster-gen4dp|1637
|player|p2|coral ❤ fan|elaine|1512
|teamsize|p1|6
|teamsize|p2|6
|gen|8
|tier|[Gen 8] OU
|rated|
|rule|Sleep Clause Mod: Limit one foe put to sleep
|rule|Species Clause: Limit one of each Pokémon
|rule|OHKO Clause: OHKO moves are banned
|rule|Evasion Items Clause: Evasion items are banned
|rule|Evasion Moves Clause: Evasion moves are banned
|rule|Endless Battle Clause: Forcing endless battles is banned
|rule|HP Percentage Mod: HP is shown in percentages
|rule|Dynamax Clause: You cannot dynamax
|clearpoke
|poke|p1|Zapdos|
|poke|p1|Pelipper, F|
|poke|p1|Ferrothorn, F|
|poke|p1|Barraskewda, F|
|poke|p1|Urshifu-*, F|
|poke|p1|Seismitoad, F|
|poke|p2|Umbreon, F|
|poke|p2|Toxapex, M|
|poke|p2|Melmetal|
|poke|p2|Rillaboom, M|
|poke|p2|Landorus-Therian, M|
|poke|p2|Hatterene, F|
|teampreview
|inactive|Battle timer is ON: inactive players will automatically lose when time's up. (requested by toon arctozolt)
|j| wuilan jie
|
|t:|1663210519
|start
|switch|p1a: Pelipper|Pelipper, F|100/100
|switch|p2a: Melmetal|Melmetal|100/100
|-weather|RainDance|[from] ability: Drizzle|[of] p1a: Pelipper
|turn|1
|
|t:|1663210530
|switch|p1a: Weatherman|Seismitoad, F, shiny|100/100
|move|p2a: Melmetal|Superpower|p1a: Weatherman
|-damage|p1a: Weatherman|41/100
|-unboost|p2a: Melmetal|atk|1
|-unboost|p2a: Melmetal|def|1
|
|-weather|RainDance|[upkeep]
|upkeep
|turn|2
|
|t:|1663210555
|switch|p1a: Urshifu|Urshifu-Rapid-Strike, F|100/100
|switch|p2a: Umbreon|Umbreon, F|100/100
|
|-weather|RainDance|[upkeep]
|upkeep
|turn|3
|
|t:|1663210563
|switch|p2a: Toxapex|Toxapex, M|100/100
|move|p1a: Urshifu|Thunder Punch|p2a: Toxapex
|-supereffective|p2a: Toxapex
|-damage|p2a: Toxapex|44/100
|-damage|p1a: Urshifu|84/100|[from] item: Rocky Helmet|[of] p2a: Toxapex
|
|-weather|RainDance|[upkeep]
|upkeep
|turn|4
|
|t:|1663210573
|switch|p1a: Weatherman|Seismitoad, F, shiny|41/100
|switch|p2a: Landorus|Landorus-Therian, M|100/100
|-ability|p2a: Landorus|Intimidate|boost
|-unboost|p1a: Weatherman|atk|1
|
|-weather|RainDance|[upkeep]
|upkeep
|turn|5
|
|t:|1663210581
|switch|p2a: Umbreon|Umbreon, F|100/100
|move|p1a: Weatherman|Weather Ball|p2a: Umbreon
|-damage|p2a: Umbreon|54/100
|-damage|p1a: Weatherman|31/100|[from] item: Life Orb
|
|-weather|RainDance|[upkeep]
|-heal|p2a: Umbreon|60/100|[from] item: Leftovers
|upkeep
|turn|6
|
|t:|1663210595
|move|p1a: Weatherman|Weather Ball|p2a: Umbreon
|-damage|p2a: Umbreon|18/100
|-damage|p1a: Weatherman|21/100|[from] item: Life Orb
|move|p2a: Umbreon|Wish|p2a: Umbreon
|
|-weather|RainDance|[upkeep]
|-heal|p2a: Umbreon|24/100|[from] item: Leftovers
|upkeep
|turn|7
|
|t:|1663210607
|move|p2a: Umbreon|Protect|p2a: Umbreon
|-singleturn|p2a: Umbreon|Protect
|move|p1a: Weatherman|Weather Ball|p2a: Umbreon
|-activate|p2a: Umbreon|move: Protect
|
|-weather|RainDance|[upkeep]
|-heal|p2a: Umbreon|74/100|[from] move: Wish|[wisher] Umbreon
|-heal|p2a: Umbreon|80/100|[from] item: Leftovers
|upkeep
|turn|8
|
|t:|1663210609
|-singleturn|p1a: Weatherman|move: Focus Punch
|move|p2a: Umbreon|Wish|p2a: Umbreon
|move|p1a: Weatherman|Focus Punch|p2a: Umbreon
|-supereffective|p2a: Umbreon
|-damage|p2a: Umbreon|33/100
|-damage|p1a: Weatherman|11/100|[from] item: Life Orb
|
|-weather|none
|-heal|p2a: Umbreon|39/100|[from] item: Leftovers
|upkeep
|turn|9
|
|t:|1663210622
|switch|p1a: Pelipper|Pelipper, F|100/100
|-weather|RainDance|[from] ability: Drizzle|[of] p1a: Pelipper
|move|p2a: Umbreon|Protect||[still]
|-fail|p2a: Umbreon
|
|-weather|RainDance|[upkeep]
|-heal|p2a: Umbreon|89/100|[from] move: Wish|[wisher] Umbreon
|-heal|p2a: Umbreon|95/100|[from] item: Leftovers
|upkeep
|turn|10
|
|t:|1663210639
|switch|p2a: Toxapex|Toxapex, M|77/100
|move|p1a: Pelipper|Scald|p2a: Toxapex
|-resisted|p2a: Toxapex
|-damage|p2a: Toxapex|65/100
|-status|p2a: Toxapex|brn
|
|-weather|RainDance|[upkeep]
|-damage|p2a: Toxapex|59/100 brn|[from] brn
|upkeep
|turn|11
|
|t:|1663210648
|switch|p1a: Zapdos|Zapdos|100/100
|move|p2a: Toxapex|Toxic Spikes|p1a: Zapdos
|-sidestart|p1: toon arctozolt|move: Toxic Spikes
|
|-weather|RainDance|[upkeep]
|-damage|p2a: Toxapex|53/100 brn|[from] brn
|upkeep
|turn|12
|
|t:|1663210665
|switch|p2a: Umbreon|Umbreon, F|95/100
|move|p1a: Zapdos|Hurricane|p2a: Umbreon
|-damage|p2a: Umbreon|63/100
|-start|p2a: Umbreon|confusion
|
|-weather|RainDance|[upkeep]
|-heal|p2a: Umbreon|69/100|[from] item: Leftovers
|upkeep
|turn|13
|
|t:|1663210674
|move|p1a: Zapdos|Thunder|p2a: Umbreon
|-damage|p2a: Umbreon|36/100
|-activate|p2a: Umbreon|confusion
|move|p2a: Umbreon|Wish|p2a: Umbreon
|
|-weather|RainDance|[upkeep]
|-heal|p2a: Umbreon|42/100|[from] item: Leftovers
|upkeep
|turn|14
|
|t:|1663210682
|-end|p2a: Umbreon|confusion
|move|p2a: Umbreon|Protect|p2a: Umbreon
|-singleturn|p2a: Umbreon|Protect
|move|p1a: Zapdos|Thunder|p2a: Umbreon
|-activate|p2a: Umbreon|move: Protect
|
|-weather|RainDance|[upkeep]
|-heal|p2a: Umbreon|92/100|[from] move: Wish|[wisher] Umbreon
|-heal|p2a: Umbreon|98/100|[from] item: Leftovers
|upkeep
|turn|15
|
|t:|1663210691
|switch|p1a: Ferrothorn|Ferrothorn, F|100/100
|move|p2a: Umbreon|Wish|p2a: Umbreon
|
|-weather|RainDance|[upkeep]
|-heal|p2a: Umbreon|100/100|[from] item: Leftovers
|upkeep
|turn|16
|
|t:|1663210700
|switch|p2a: Hatterene|Hatterene, F|100/100
|move|p1a: Ferrothorn|Knock Off|p2a: Hatterene
|-damage|p2a: Hatterene|76/100
|-enditem|p2a: Hatterene|Life Orb|[from] move: Knock Off|[of] p1a: Ferrothorn
|
|-weather|none
|-heal|p2a: Hatterene|100/100|[from] move: Wish|[wisher] Umbreon
|upkeep
|turn|17
|
|t:|1663210712
|switch|p1a: Pelipper|Pelipper, F|100/100
|-weather|RainDance|[from] ability: Drizzle|[of] p1a: Pelipper
|move|p2a: Hatterene|Psyshock|p1a: Pelipper
|-damage|p1a: Pelipper|65/100
|
|-weather|RainDance|[upkeep]
|upkeep
|turn|18
|
|t:|1663210731
|move|p1a: Pelipper|Defog|p2a: Hatterene
|move|p2a: Hatterene|Defog|p1a: Pelipper|[from]ability: Magic Bounce
|-unboost|p1a: Pelipper|evasion|1
|-sideend|p1: toon arctozolt|Toxic Spikes|[from] move: Defog|[of] p2a: Hatterene
|move|p2a: Hatterene|Trick Room|p2a: Hatterene
|-fieldstart|move: Trick Room|[of] p2a: Hatterene
|
|-weather|RainDance|[upkeep]
|upkeep
|turn|19
|
|t:|1663210748
|switch|p1a: Ferrothorn|Ferrothorn, F|100/100
|move|p2a: Hatterene|Psyshock|p1a: Ferrothorn
|-resisted|p1a: Ferrothorn
|-damage|p1a: Ferrothorn|85/100
|
|-weather|RainDance|[upkeep]
|-heal|p1a: Ferrothorn|91/100|[from] item: Leftovers
|upkeep
|turn|20
|inactive|toon arctozolt has 120 seconds left.
|
|t:|1663210770
|move|p1a: Ferrothorn|Gyro Ball|p2a: Hatterene
|-supereffective|p2a: Hatterene
|-damage|p2a: Hatterene|49/100
|move|p2a: Hatterene|Mystical Fire|p1a: Ferrothorn
|-supereffective|p1a: Ferrothorn
|-damage|p1a: Ferrothorn|53/100
|-unboost|p1a: Ferrothorn|spa|1
|
|-weather|RainDance|[upkeep]
|-heal|p1a: Ferrothorn|59/100|[from] item: Leftovers
|upkeep
|turn|21
|inactive|toon arctozolt has 120 seconds left.
|
|t:|1663210785
|switch|p2a: Toxapex|Toxapex, M|86/100 brn
|move|p1a: Ferrothorn|Stealth Rock|p2a: Toxapex
|-sidestart|p2: coral ❤ fan|move: Stealth Rock
|
|-weather|RainDance|[upkeep]
|-heal|p1a: Ferrothorn|65/100|[from] item: Leftovers
|-damage|p2a: Toxapex|80/100 brn|[from] brn
|upkeep
|turn|22
|
|t:|1663210794
|move|p1a: Ferrothorn|Knock Off|p2a: Toxapex
|-damage|p2a: Toxapex|64/100 brn
|-damage|p1a: Ferrothorn|49/100|[from] item: Rocky Helmet|[of] p2a: Toxapex
|-enditem|p2a: Toxapex|Rocky Helmet|[from] move: Knock Off|[of] p1a: Ferrothorn
|move|p2a: Toxapex|Toxic Spikes|p1a: Ferrothorn
|-sidestart|p1: toon arctozolt|move: Toxic Spikes
|
|-weather|RainDance|[upkeep]
|-heal|p1a: Ferrothorn|55/100|[from] item: Leftovers
|-damage|p2a: Toxapex|58/100 brn|[from] brn
|-fieldend|move: Trick Room
|upkeep
|turn|23
|inactive|toon arctozolt has 120 seconds left.
|
|t:|1663210810
|move|p2a: Toxapex|Toxic Spikes|p1a: Ferrothorn
|-sidestart|p1: toon arctozolt|move: Toxic Spikes
|move|p1a: Ferrothorn|Leech Seed|p2a: Toxapex
|-start|p2a: Toxapex|move: Leech Seed
|
|-weather|RainDance|[upkeep]
|-heal|p1a: Ferrothorn|61/100|[from] item: Leftovers
|-damage|p2a: Toxapex|46/100 brn|[from] Leech Seed|[of] p1a: Ferrothorn
|-heal|p1a: Ferrothorn|72/100|[silent]
|-damage|p2a: Toxapex|40/100 brn|[from] brn
|upkeep
|turn|24
|
|t:|1663210830
|move|p2a: Toxapex|Recover|p2a: Toxapex
|-heal|p2a: Toxapex|90/100 brn
|move|p1a: Ferrothorn|Knock Off|p2a: Toxapex
|-damage|p2a: Toxapex|80/100 brn
|
|-weather|none
|-heal|p1a: Ferrothorn|78/100|[from] item: Leftovers
|-damage|p2a: Toxapex|68/100 brn|[from] Leech Seed|[of] p1a: Ferrothorn
|-heal|p1a: Ferrothorn|89/100|[silent]
|-damage|p2a: Toxapex|62/100 brn|[from] brn
|upkeep
|turn|25
|inactive|coral ❤ fan has 120 seconds left.
|
|t:|1663210857
|switch|p2a: Landorus|Landorus-Therian, M|100/100
|-damage|p2a: Landorus|88/100|[from] Stealth Rock
|-ability|p2a: Landorus|Intimidate|boost
|-unboost|p1a: Ferrothorn|atk|1
|move|p1a: Ferrothorn|Knock Off|p2a: Landorus
|-damage|p2a: Landorus|74/100
|-enditem|p2a: Landorus|Leftovers|[from] move: Knock Off|[of] p1a: Ferrothorn
|
|-heal|p1a: Ferrothorn|95/100|[from] item: Leftovers
|upkeep
|turn|26
|
|t:|1663210866
|switch|p1a: Pelipper|Pelipper, F|65/100
|-weather|RainDance|[from] ability: Drizzle|[of] p1a: Pelipper
|move|p2a: Landorus|Knock Off|p1a: Pelipper
|-damage|p1a: Pelipper|43/100
|-enditem|p1a: Pelipper|Damp Rock|[from] move: Knock Off|[of] p2a: Landorus
|
|-weather|RainDance|[upkeep]
|upkeep
|turn|27
|
|t:|1663210875
|switch|p2a: Toxapex|Toxapex, M|95/100 brn
|-damage|p2a: Toxapex|83/100 brn|[from] Stealth Rock
|move|p1a: Pelipper|Roost|p1a: Pelipper
|-heal|p1a: Pelipper|93/100
|-singleturn|p1a: Pelipper|move: Roost
|
|-weather|RainDance|[upkeep]
|-damage|p2a: Toxapex|77/100 brn|[from] brn
|upkeep
|turn|28
|
|t:|1663210893
|move|p1a: Pelipper|U-turn|p2a: Toxapex
|-resisted|p2a: Toxapex
|-damage|p2a: Toxapex|74/100 brn
|
|t:|1663210895
|switch|p1a: Zapdos|Zapdos|100/100|[from]move: U-turn
|move|p2a: Toxapex|Toxic Spikes||[still]
|-fail|p2a: Toxapex
|
|-weather|RainDance|[upkeep]
|-damage|p2a: Toxapex|68/100 brn|[from] brn
|upkeep
|turn|29
|
|t:|1663210906
|switch|p2a: Umbreon|Umbreon, F|100/100
|-damage|p2a: Umbreon|88/100|[from] Stealth Rock
|move|p1a: Zapdos|Hurricane|p2a: Umbreon
|-damage|p2a: Umbreon|58/100
|
|-weather|RainDance|[upkeep]
|-heal|p2a: Umbreon|64/100|[from] item: Leftovers
|upkeep
|turn|30
|
|t:|1663210910
|move|p1a: Zapdos|Thunder|p2a: Umbreon
|-damage|p2a: Umbreon|33/100
|move|p2a: Umbreon|Wish|p2a: Umbreon
|
|-weather|RainDance|[upkeep]
|-heal|p2a: Umbreon|39/100|[from] item: Leftovers
|upkeep
|turn|31
|
|t:|1663210923
|switch|p1a: Pelipper|Pelipper, F|93/100
|move|p2a: Umbreon|Protect||[still]
|-fail|p2a: Umbreon
|
|-weather|RainDance|[upkeep]
|-heal|p2a: Umbreon|89/100|[from] move: Wish|[wisher] Umbreon
|-heal|p2a: Umbreon|95/100|[from] item: Leftovers
|upkeep
|turn|32
|
|t:|1663210933
|move|p2a: Umbreon|Wish|p2a: Umbreon
|move|p1a: Pelipper|Defog|p2a: Umbreon
|-unboost|p2a: Umbreon|evasion|1
|-sideend|p2: coral ❤ fan|Stealth Rock|[from] move: Defog|[of] p1a: Pelipper
|-sideend|p1: toon arctozolt|Toxic Spikes|[from] move: Defog|[of] p1a: Pelipper
|
|-weather|RainDance|[upkeep]
|-heal|p2a: Umbreon|100/100|[from] item: Leftovers
|upkeep
|turn|33
|
|t:|1663210939
|switch|p2a: Hatterene|Hatterene, F|49/100
|move|p1a: Pelipper|U-turn|p2a: Hatterene
|-damage|p2a: Hatterene|38/100
|
|t:|1663210956
|switch|p1a: Urshifu|Urshifu-Rapid-Strike, F|84/100|[from]move: U-turn
|
|-weather|none
|-heal|p2a: Hatterene|100/100|[from] move: Wish|[wisher] Umbreon
|upkeep
|turn|34
|
|t:|1663210980
|switch|p2a: Toxapex|Toxapex, M|100/100 brn
|move|p1a: Urshifu|Surging Strikes|p2a: Toxapex
|-resisted|p2a: Toxapex
|-crit|p2a: Toxapex
|-damage|p2a: Toxapex|89/100 brn
|-resisted|p2a: Toxapex
|-crit|p2a: Toxapex
|-damage|p2a: Toxapex|77/100 brn
|-resisted|p2a: Toxapex
|-crit|p2a: Toxapex
|-damage|p2a: Toxapex|66/100 brn
|-hitcount|p2a: Toxapex|3
|
|-damage|p2a: Toxapex|60/100 brn|[from] brn
|upkeep
|turn|35
|
|t:|1663210998
|move|p1a: Urshifu|Surging Strikes|p2a: Toxapex
|-resisted|p2a: Toxapex
|-crit|p2a: Toxapex
|-damage|p2a: Toxapex|49/100 brn
|-resisted|p2a: Toxapex
|-crit|p2a: Toxapex
|-damage|p2a: Toxapex|37/100 brn
|-resisted|p2a: Toxapex
|-crit|p2a: Toxapex
|-damage|p2a: Toxapex|25/100 brn
|-hitcount|p2a: Toxapex|3
|move|p2a: Toxapex|Toxic Spikes|p1a: Urshifu
|-sidestart|p1: toon arctozolt|move: Toxic Spikes
|
|-damage|p2a: Toxapex|19/100 brn|[from] brn
|upkeep
|turn|36
|inactive|toon arctozolt has 120 seconds left.
|
|t:|1663211015
|switch|p2a: Rillaboom|Rillaboom, M|100/100
|-fieldstart|move: Grassy Terrain|[from] ability: Grassy Surge|[of] p2a: Rillaboom
|move|p1a: Urshifu|Surging Strikes|p2a: Rillaboom
|-resisted|p2a: Rillaboom
|-crit|p2a: Rillaboom
|-damage|p2a: Rillaboom|86/100
|-resisted|p2a: Rillaboom
|-crit|p2a: Rillaboom
|-damage|p2a: Rillaboom|70/100
|-resisted|p2a: Rillaboom
|-crit|p2a: Rillaboom
|-damage|p2a: Rillaboom|56/100
|-hitcount|p2a: Rillaboom|3
|
|-heal|p1a: Urshifu|90/100|[from] Grassy Terrain
|-heal|p2a: Rillaboom|62/100|[from] Grassy Terrain
|-heal|p2a: Rillaboom|68/100|[from] item: Leftovers
|upkeep
|turn|37
|inactive|toon arctozolt has 120 seconds left.
|
|t:|1663211032
|switch|p1a: Zapdos|Zapdos|100/100
|switch|p2a: Landorus|Landorus-Therian, M|74/100
|-ability|p2a: Landorus|Intimidate|boost
|-unboost|p1a: Zapdos|atk|1
|
|upkeep
|turn|38
|inactive|toon arctozolt has 120 seconds left.
|
|t:|1663211043
|switch|p1a: Pelipper|Pelipper, F|93/100
|-weather|RainDance|[from] ability: Drizzle|[of] p1a: Pelipper
|move|p2a: Landorus|Toxic|p1a: Pelipper
|-status|p1a: Pelipper|tox
|
|-weather|RainDance|[upkeep]
|-damage|p1a: Pelipper|87/100 tox|[from] psn
|upkeep
|turn|39
|inactive|toon arctozolt has 120 seconds left.
|
|t:|1663211057
|switch|p2a: Toxapex|Toxapex, M|53/100 brn
|move|p1a: Pelipper|U-turn|p2a: Toxapex
|-resisted|p2a: Toxapex
|-damage|p2a: Toxapex|49/100 brn
|
|t:|1663211070
|switch|p1a: Urshifu|Urshifu-Rapid-Strike, F|90/100|[from]move: U-turn
|-status|p1a: Urshifu|psn
|
|-weather|RainDance|[upkeep]
|-heal|p1a: Urshifu|96/100 psn|[from] Grassy Terrain
|-heal|p2a: Toxapex|55/100 brn|[from] Grassy Terrain
|-damage|p1a: Urshifu|84/100 psn|[from] psn
|-damage|p2a: Toxapex|49/100 brn|[from] brn
|upkeep
|turn|40
|
|t:|1663211085
|switch|p2a: Hatterene|Hatterene, F|100/100
|move|p1a: Urshifu|Surging Strikes|p2a: Hatterene
|-crit|p2a: Hatterene
|-damage|p2a: Hatterene|48/100
|-crit|p2a: Hatterene
|-damage|p2a: Hatterene|0 fnt
|faint|p2a: Hatterene
|-hitcount|p2: Hatterene|2
|
|-weather|RainDance|[upkeep]
|-heal|p1a: Urshifu|90/100 psn|[from] Grassy Terrain
|-damage|p1a: Urshifu|78/100 psn|[from] psn
|-fieldend|move: Grassy Terrain
|upkeep
|
|t:|1663211088
|switch|p2a: Toxapex|Toxapex, M|83/100 brn
|turn|41
|
|t:|1663211095
|switch|p1a: Ferrothorn|Ferrothorn, F|95/100
|move|p2a: Toxapex|Knock Off|p1a: Ferrothorn
|-damage|p1a: Ferrothorn|90/100
|-damage|p2a: Toxapex|70/100 brn|[from] ability: Iron Barbs|[of] p1a: Ferrothorn
|-enditem|p1a: Ferrothorn|Leftovers|[from] move: Knock Off|[of] p2a: Toxapex
|
|-weather|RainDance|[upkeep]
|-damage|p2a: Toxapex|65/100 brn|[from] brn
|upkeep
|turn|42
|
|t:|1663211108
|switch|p2a: Umbreon|Umbreon, F|100/100
|move|p1a: Ferrothorn|Stealth Rock|p2a: Umbreon
|-sidestart|p2: coral ❤ fan|move: Stealth Rock
|
|-weather|none
|upkeep
|turn|43
|
|t:|1663211114
|move|p2a: Umbreon|Wish|p2a: Umbreon
|move|p1a: Ferrothorn|Knock Off|p2a: Umbreon
|-resisted|p2a: Umbreon
|-damage|p2a: Umbreon|93/100
|-enditem|p2a: Umbreon|Leftovers|[from] move: Knock Off|[of] p1a: Ferrothorn
|
|upkeep
|turn|44
|
|t:|1663211122
|switch|p2a: Rillaboom|Rillaboom, M|68/100
|-damage|p2a: Rillaboom|56/100|[from] Stealth Rock
|-fieldstart|move: Grassy Terrain|[from] ability: Grassy Surge|[of] p2a: Rillaboom
|move|p1a: Ferrothorn|Knock Off|p2a: Rillaboom
|-damage|p2a: Rillaboom|34/100
|-enditem|p2a: Rillaboom|Leftovers|[from] move: Knock Off|[of] p1a: Ferrothorn
|
|-heal|p2a: Rillaboom|84/100|[from] move: Wish|[wisher] Umbreon
|-heal|p2a: Rillaboom|90/100|[from] Grassy Terrain
|-heal|p1a: Ferrothorn|96/100|[from] Grassy Terrain
|upkeep
|turn|45
|
|t:|1663211136
|switch|p1a: Zapdos|Zapdos|100/100
|move|p2a: Rillaboom|Swords Dance|p2a: Rillaboom
|-boost|p2a: Rillaboom|atk|2
|
|-heal|p2a: Rillaboom|96/100|[from] Grassy Terrain
|upkeep
|turn|46
|
|t:|1663211148
|switch|p2a: Umbreon|Umbreon, F|93/100
|-damage|p2a: Umbreon|80/100|[from] Stealth Rock
|move|p1a: Zapdos|Hurricane|p2a: Umbreon|[miss]
|-miss|p1a: Zapdos|p2a: Umbreon
|
|-heal|p2a: Umbreon|86/100|[from] Grassy Terrain
|upkeep
|turn|47
|
|t:|1663211159
|switch|p1a: Pelipper|Pelipper, F|87/100 tox
|-weather|RainDance|[from] ability: Drizzle|[of] p1a: Pelipper
|move|p2a: Umbreon|Wish|p2a: Umbreon
|
|-weather|RainDance|[upkeep]
|-heal|p2a: Umbreon|92/100|[from] Grassy Terrain
|-damage|p1a: Pelipper|81/100 tox|[from] psn
|upkeep
|turn|48
|
|t:|1663211174
|switch|p2a: Rillaboom|Rillaboom, M|96/100
|-damage|p2a: Rillaboom|84/100|[from] Stealth Rock
|move|p1a: Pelipper|U-turn|p2a: Rillaboom
|-supereffective|p2a: Rillaboom
|-damage|p2a: Rillaboom|66/100
|
|t:|1663211185
|switch|p1a: Urshifu|Urshifu-Rapid-Strike, F|78/100 psn|[from]move: U-turn
|
|-weather|RainDance|[upkeep]
|-heal|p2a: Rillaboom|100/100|[from] move: Wish|[wisher] Umbreon
|-heal|p1a: Urshifu|84/100 psn|[from] Grassy Terrain
|-damage|p1a: Urshifu|72/100 psn|[from] psn
|-fieldend|move: Grassy Terrain
|upkeep
|turn|49
|inactive|toon arctozolt has 120 seconds left.
|
|t:|1663211211
|switch|p1a: Zapdos|Zapdos|100/100
|switch|p2a: Toxapex|Toxapex, M|98/100 brn
|-damage|p2a: Toxapex|86/100 brn|[from] Stealth Rock
|
|-weather|RainDance|[upkeep]
|-damage|p2a: Toxapex|80/100 brn|[from] brn
|upkeep
|turn|50
|
|t:|1663211220
|switch|p2a: Umbreon|Umbreon, F|92/100
|-damage|p2a: Umbreon|80/100|[from] Stealth Rock
|move|p1a: Zapdos|Thunder|p2a: Umbreon
|-damage|p2a: Umbreon|50/100
|-status|p2a: Umbreon|par
|-activate|p2a: Umbreon|ability: Synchronize
|-immune|p1a: Zapdos
|
|-weather|RainDance|[upkeep]
|upkeep
|turn|51
|
|t:|1663211233
|switch|p2a: Landorus|Landorus-Therian, M|74/100
|-damage|p2a: Landorus|61/100|[from] Stealth Rock
|-ability|p2a: Landorus|Intimidate|boost
|-unboost|p1a: Zapdos|atk|1
|move|p1a: Zapdos|Hurricane|p2a: Landorus
|-damage|p2a: Landorus|14/100
|
|-weather|none
|upkeep
|turn|52
|
|t:|1663211241
|move|p1a: Zapdos|Weather Ball|p2a: Landorus
|-damage|p2a: Landorus|1/100
|move|p2a: Landorus|Stealth Rock|p1a: Zapdos
|-sidestart|p1: toon arctozolt|move: Stealth Rock
|
|upkeep
|turn|53
|
|t:|1663211256
|move|p1a: Zapdos|Weather Ball|p2a: Landorus
|-damage|p2a: Landorus|0 fnt
|faint|p2a: Landorus
|
|upkeep
|
|t:|1663211267
|switch|p2a: Melmetal|Melmetal|100/100
|-damage|p2a: Melmetal|94/100|[from] Stealth Rock
|turn|54
|
|t:|1663211280
|switch|p1a: Weatherman|Seismitoad, F, shiny|11/100
|-status|p1a: Weatherman|psn
|-damage|p1a: Weatherman|5/100 psn|[from] Stealth Rock
|move|p2a: Melmetal|Superpower|p1a: Weatherman
|-damage|p1a: Weatherman|0 fnt
|-unboost|p2a: Melmetal|atk|1
|-unboost|p2a: Melmetal|def|1
|faint|p1a: Weatherman
|
|-heal|p2a: Melmetal|100/100|[from] item: Leftovers
|upkeep
|
|t:|1663211297
|switch|p1a: Urshifu|Urshifu-Rapid-Strike, F|72/100 psn
|-damage|p1a: Urshifu|66/100 psn|[from] Stealth Rock
|turn|55
|
|t:|1663211304
|switch|p2a: Toxapex|Toxapex, M|100/100 brn
|-damage|p2a: Toxapex|88/100 brn|[from] Stealth Rock
|move|p1a: Urshifu|Thunder Punch|p2a: Toxapex
|-supereffective|p2a: Toxapex
|-damage|p2a: Toxapex|23/100 brn
|
|-damage|p1a: Urshifu|53/100 psn|[from] psn
|-damage|p2a: Toxapex|17/100 brn|[from] brn
|upkeep
|turn|56
|
|t:|1663211322
|switch|p1a: Zapdos|Zapdos|100/100
|switch|p2a: Umbreon|Umbreon, F|50/100 par
|-damage|p2a: Umbreon|38/100 par|[from] Stealth Rock
|
|upkeep
|turn|57
|
|t:|1663211336
|move|p1a: Zapdos|Hurricane|p2a: Umbreon|[miss]
|-miss|p1a: Zapdos|p2a: Umbreon
|cant|p2a: Umbreon|par
|
|upkeep
|turn|58
|inactive|toon arctozolt has 120 seconds left.
|
|t:|1663211353
|move|p1a: Zapdos|Hurricane|p2a: Umbreon
|-damage|p2a: Umbreon|7/100 par
|cant|p2a: Umbreon|par
|
|upkeep
|turn|59
|
|t:|1663211360
|move|p1a: Zapdos|Weather Ball|p2a: Umbreon
|-damage|p2a: Umbreon|0 fnt
|faint|p2a: Umbreon
|
|upkeep
|
|t:|1663211362
|switch|p2a: Melmetal|Melmetal|100/100
|-damage|p2a: Melmetal|94/100|[from] Stealth Rock
|turn|60
|
|t:|1663211378
|switch|p1a: Pelipper|Pelipper, F|81/100 tox
|-damage|p1a: Pelipper|56/100 tox|[from] Stealth Rock
|-weather|RainDance|[from] ability: Drizzle|[of] p1a: Pelipper
|move|p2a: Melmetal|Thunder Punch|p1a: Pelipper
|-supereffective|p1a: Pelipper
|-damage|p1a: Pelipper|0 fnt
|faint|p1a: Pelipper
|
|-weather|RainDance|[upkeep]
|-heal|p2a: Melmetal|100/100|[from] item: Leftovers
|upkeep
|
|t:|1663211382
|switch|p1a: Urshifu|Urshifu-Rapid-Strike, F|53/100 psn
|-damage|p1a: Urshifu|47/100 psn|[from] Stealth Rock
|turn|61
|
|t:|1663211387
|switch|p2a: Toxapex|Toxapex, M|50/100 brn
|-damage|p2a: Toxapex|38/100 brn|[from] Stealth Rock
|move|p1a: Urshifu|Close Combat|p2a: Toxapex
|-resisted|p2a: Toxapex
|-crit|p2a: Toxapex
|-damage|p2a: Toxapex|0 fnt
|-unboost|p1a: Urshifu|def|1
|-unboost|p1a: Urshifu|spd|1
|faint|p2a: Toxapex
|
|-weather|RainDance|[upkeep]
|-damage|p1a: Urshifu|35/100 psn|[from] psn
|upkeep
|
|t:|1663211390
|switch|p2a: Rillaboom|Rillaboom, M|100/100
|-damage|p2a: Rillaboom|88/100|[from] Stealth Rock
|-fieldstart|move: Grassy Terrain|[from] ability: Grassy Surge|[of] p2a: Rillaboom
|turn|62
|
|t:|1663211399
|move|p1a: Urshifu|Close Combat|p2a: Rillaboom
|-damage|p2a: Rillaboom|0 fnt
|-unboost|p1a: Urshifu|def|1
|-unboost|p1a: Urshifu|spd|1
|faint|p2a: Rillaboom
|
|-weather|RainDance|[upkeep]
|-heal|p1a: Urshifu|41/100 psn|[from] Grassy Terrain
|-damage|p1a: Urshifu|29/100 psn|[from] psn
|upkeep
|-message|coral ❤ fan forfeited.
|
|win|toon arctozolt
|raw|toon arctozolt's rating: 1637 &rarr; <strong>1650</strong><br />(+13 for winning)
|raw|coral ❤ fan's rating: 1512 &rarr; <strong>1499</strong><br />(-13 for losing)
|l|☆coral ❤ fan
|c|☆toon arctozolt|gg
|l| wuilan jie
||Ladder isn't responding, score probably updated but might not have (Request timeout).
