|j|☆8balljacketguy
|j|☆Inb4haxorus
|t:|1636791705
|gametype|singles
|player|p1|8balljacketguy|red|1392
|player|p2|Inb4haxorus|1|1483
|teamsize|p1|6
|teamsize|p2|6
|gen|8
|tier|[Gen 8] OU
|rated|
|rule|Sleep Clause Mod: Limit one foe put to sleep
|rule|Species Clause: Limit one of each Pokémon
|rule|OHKO Clause: OHKO moves are banned
|rule|Evasion Moves Clause: Evasion moves are banned
|rule|Endless Battle Clause: Forcing endless battles is banned
|rule|HP Percentage Mod: HP is shown in percentages
|rule|Dynamax Clause: You cannot dynamax
|clearpoke
|poke|p1|Durant, F|
|poke|p1|Tapu Fini|
|poke|p1|Mew|
|poke|p1|Volcarona, M|
|poke|p1|Hippowdon, F|
|poke|p1|Mandibuzz, F|
|poke|p2|Rillaboom, M|
|poke|p2|Latios, M|
|poke|p2|Lycanroc-Dusk, F|
|poke|p2|Corviknight, M|
|poke|p2|Keldeo-Resolute|
|poke|p2|Landorus-Therian, M|
|teampreview
|inactive|Battle timer is ON: inactive players will automatically lose when time's up. (requested by 8balljacketguy)
|
|t:|1636791716
|start
|switch|p1a: Hippowdon|Hippowdon, F|100/100
|switch|p2a: Keldeo|Keldeo-Resolute|100/100
|-weather|Sandstorm|[from] ability: Sand Stream|[of] p1a: Hippowdon
|turn|1
|
|t:|1636791723
|switch|p1a: Tapu Fini|Tapu Fini|100/100
|-fieldstart|move: Misty Terrain|[from] ability: Misty Surge|[of] p1a: Tapu Fini
|move|p2a: Keldeo|Scald|p1a: Tapu Fini
|-resisted|p1a: Tapu Fini
|-crit|p1a: Tapu Fini
|-damage|p1a: Tapu Fini|65/100
|
|-weather|Sandstorm|[upkeep]
|-damage|p2a: Keldeo|94/100|[from] Sandstorm
|-damage|p1a: Tapu Fini|59/100|[from] Sandstorm
|-heal|p1a: Tapu Fini|65/100|[from] item: Leftovers
|upkeep
|turn|2
|
|t:|1636791727
|switch|p2a: Corviknight|Corviknight, M|100/100
|-ability|p2a: Corviknight|Pressure
|move|p1a: Tapu Fini|Calm Mind|p1a: Tapu Fini
|-boost|p1a: Tapu Fini|spa|1
|-boost|p1a: Tapu Fini|spd|1
|
|-weather|Sandstorm|[upkeep]
|-damage|p1a: Tapu Fini|59/100|[from] Sandstorm
|-heal|p1a: Tapu Fini|65/100|[from] item: Leftovers
|upkeep
|turn|3
|
|t:|1636791730
|move|p1a: Tapu Fini|Calm Mind|p1a: Tapu Fini
|-boost|p1a: Tapu Fini|spa|1
|-boost|p1a: Tapu Fini|spd|1
|move|p2a: Corviknight|U-turn|p1a: Tapu Fini
|-resisted|p1a: Tapu Fini
|-damage|p1a: Tapu Fini|60/100
|
|t:|1636791732
|switch|p2a: Rillaboom|Rillaboom, M|100/100|[from]move: U-turn
|-fieldstart|move: Grassy Terrain|[from] ability: Grassy Surge|[of] p2a: Rillaboom
|
|-weather|Sandstorm|[upkeep]
|-damage|p2a: Rillaboom|94/100|[from] Sandstorm
|-damage|p1a: Tapu Fini|53/100|[from] Sandstorm
|-heal|p2a: Rillaboom|100/100|[from] Grassy Terrain
|-heal|p1a: Tapu Fini|60/100|[from] Grassy Terrain
|-heal|p1a: Tapu Fini|66/100|[from] item: Leftovers
|upkeep
|turn|4
|
|t:|1636791739
|switch|p1a: Volcarona|Volcarona, M|100/100
|move|p2a: Rillaboom|Grassy Glide|p1a: Volcarona
|-resisted|p1a: Volcarona
|-crit|p1a: Volcarona
|-damage|p1a: Volcarona|79/100
|-status|p2a: Rillaboom|brn|[from] ability: Flame Body|[of] p1a: Volcarona
|
|-weather|Sandstorm|[upkeep]
|-damage|p2a: Rillaboom|94/100 brn|[from] Sandstorm
|-damage|p1a: Volcarona|73/100|[from] Sandstorm
|-heal|p2a: Rillaboom|100/100 brn|[from] Grassy Terrain
|-heal|p1a: Volcarona|79/100|[from] Grassy Terrain
|-damage|p2a: Rillaboom|94/100 brn|[from] brn
|upkeep
|turn|5
|
|t:|1636791744
|move|p2a: Rillaboom|Knock Off|p1a: Volcarona
|-damage|p1a: Volcarona|63/100
|-enditem|p1a: Volcarona|Heavy-Duty Boots|[from] move: Knock Off|[of] p2a: Rillaboom
|move|p1a: Volcarona|Quiver Dance|p1a: Volcarona
|-boost|p1a: Volcarona|spa|1
|-boost|p1a: Volcarona|spd|1
|-boost|p1a: Volcarona|spe|1
|
|-weather|none
|-heal|p1a: Volcarona|69/100|[from] Grassy Terrain
|-heal|p2a: Rillaboom|100/100 brn|[from] Grassy Terrain
|-damage|p2a: Rillaboom|94/100 brn|[from] brn
|upkeep
|turn|6
|
|t:|1636791751
|switch|p2a: Lycanroc|Lycanroc-Dusk, F|100/100
|move|p1a: Volcarona|Flamethrower|p2a: Lycanroc
|-resisted|p2a: Lycanroc
|-damage|p2a: Lycanroc|46/100
|
|-heal|p1a: Volcarona|75/100|[from] Grassy Terrain
|-heal|p2a: Lycanroc|52/100|[from] Grassy Terrain
|upkeep
|turn|7
|
|t:|1636791755
|switch|p1a: Hippowdon|Hippowdon, F|100/100
|-weather|Sandstorm|[from] ability: Sand Stream|[of] p1a: Hippowdon
|switch|p2a: Landorus|Landorus-Therian, M|100/100
|-ability|p2a: Landorus|Intimidate|boost
|-unboost|p1a: Hippowdon|atk|1
|
|-weather|Sandstorm|[upkeep]
|-fieldend|move: Grassy Terrain
|upkeep
|turn|8
|
|t:|1636791757
|move|p2a: Landorus|Stealth Rock|p1a: Hippowdon
|-sidestart|p1: 8balljacketguy|move: Stealth Rock
|move|p1a: Hippowdon|Toxic|p2a: Landorus
|-status|p2a: Landorus|tox
|
|-weather|Sandstorm|[upkeep]
|-damage|p2a: Landorus|95/100 tox|[from] psn
|upkeep
|turn|9
|
|t:|1636791759
|move|p2a: Landorus|Toxic|p1a: Hippowdon
|-status|p1a: Hippowdon|tox
|move|p1a: Hippowdon|Stealth Rock|p2a: Landorus
|-sidestart|p2: Inb4haxorus|move: Stealth Rock
|
|-weather|Sandstorm|[upkeep]
|-damage|p2a: Landorus|83/100 tox|[from] psn
|-damage|p1a: Hippowdon|94/100 tox|[from] psn
|upkeep
|turn|10
|
|t:|1636791763
|switch|p1a: Shawty|Mandibuzz, F|100/100
|move|p2a: Landorus|U-turn|p1a: Shawty
|-damage|p1a: Shawty|85/100
|
|t:|1636791770
|switch|p2a: Keldeo|Keldeo-Resolute|94/100|[from]move: U-turn
|-damage|p2a: Keldeo|88/100|[from] Stealth Rock
|
|-weather|Sandstorm|[upkeep]
|-damage|p2a: Keldeo|82/100|[from] Sandstorm
|upkeep
|turn|11
|
|t:|1636791777
|switch|p1a: Tapu Fini|Tapu Fini|66/100
|-damage|p1a: Tapu Fini|53/100|[from] Stealth Rock
|-fieldstart|move: Misty Terrain|[from] ability: Misty Surge|[of] p1a: Tapu Fini
|move|p2a: Keldeo|Scald|p1a: Tapu Fini
|-resisted|p1a: Tapu Fini
|-damage|p1a: Tapu Fini|31/100
|
|-weather|none
|-heal|p1a: Tapu Fini|37/100|[from] item: Leftovers
|upkeep
|turn|12
|
|t:|1636791790
|switch|p2a: Rillaboom|Rillaboom, M|94/100 brn
|-damage|p2a: Rillaboom|82/100 brn|[from] Stealth Rock
|-fieldstart|move: Grassy Terrain|[from] ability: Grassy Surge|[of] p2a: Rillaboom
|switch|p1a: Shawty|Mandibuzz, F|85/100
|
|-heal|p2a: Rillaboom|88/100 brn|[from] Grassy Terrain
|-damage|p2a: Rillaboom|82/100 brn|[from] brn
|upkeep
|turn|13
|
|t:|1636791793
|move|p2a: Rillaboom|Knock Off|p1a: Shawty
|-resisted|p1a: Shawty
|-damage|p1a: Shawty|81/100
|-enditem|p1a: Shawty|Heavy-Duty Boots|[from] move: Knock Off|[of] p2a: Rillaboom
|move|p1a: Shawty|Foul Play|p2a: Rillaboom
|-damage|p2a: Rillaboom|32/100 brn
|
|-heal|p2a: Rillaboom|39/100 brn|[from] Grassy Terrain
|-damage|p2a: Rillaboom|32/100 brn|[from] brn
|upkeep
|turn|14
|
|t:|1636791801
|switch|p2a: Corviknight|Corviknight, M|100/100
|-damage|p2a: Corviknight|88/100|[from] Stealth Rock
|-ability|p2a: Corviknight|Pressure
|move|p1a: Shawty|Defog|p2a: Corviknight
|-unboost|p2a: Corviknight|evasion|1
|-sideend|p2: Inb4haxorus|Stealth Rock|[from] move: Defog|[of] p1a: Shawty
|-sideend|p1: 8balljacketguy|Stealth Rock|[from] move: Defog|[of] p1a: Shawty
|-fieldend|move: Grassy Terrain
|
|-heal|p2a: Corviknight|94/100|[from] item: Leftovers
|upkeep
|turn|15
|
|t:|1636791811
|switch|p1a: Volcarona|Volcarona, M|75/100
|move|p2a: Corviknight|U-turn|p1a: Volcarona
|-resisted|p1a: Volcarona
|-damage|p1a: Volcarona|68/100
|
|t:|1636791817
|switch|p2a: Keldeo|Keldeo-Resolute|82/100|[from]move: U-turn
|
|upkeep
|turn|16
|
|t:|1636791819
|switch|p1a: Tapu Fini|Tapu Fini|37/100
|-fieldstart|move: Misty Terrain|[from] ability: Misty Surge|[of] p1a: Tapu Fini
|move|p2a: Keldeo|Scald|p1a: Tapu Fini
|-resisted|p1a: Tapu Fini
|-damage|p1a: Tapu Fini|12/100
|
|-heal|p1a: Tapu Fini|18/100|[from] item: Leftovers
|upkeep
|turn|17
|
|t:|1636791826
|move|p2a: Keldeo|Scald|p1a: Tapu Fini
|-resisted|p1a: Tapu Fini
|-damage|p1a: Tapu Fini|0 fnt
|faint|p1a: Tapu Fini
|
|upkeep
|
|t:|1636791841
|switch|p1a: Mew|Mew|100/100
|turn|18
|
|t:|1636791845
|move|p2a: Keldeo|Scald|p1a: Mew
|-damage|p1a: Mew|51/100
|move|p1a: Mew|Cosmic Power|p1a: Mew
|-boost|p1a: Mew|def|1
|-boost|p1a: Mew|spd|1
|
|-heal|p1a: Mew|57/100|[from] item: Leftovers
|upkeep
|turn|19
|
|t:|1636791853
|move|p2a: Keldeo|Scald|p1a: Mew
|-damage|p1a: Mew|25/100
|move|p1a: Mew|Roost|p1a: Mew
|-heal|p1a: Mew|75/100
|-singleturn|p1a: Mew|move: Roost
|
|-heal|p1a: Mew|81/100|[from] item: Leftovers
|upkeep
|turn|20
|
|t:|1636791857
|switch|p2a: Lycanroc|Lycanroc-Dusk, F|52/100
|move|p1a: Mew|Cosmic Power|p1a: Mew
|-boost|p1a: Mew|def|1
|-boost|p1a: Mew|spd|1
|
|-heal|p1a: Mew|87/100|[from] item: Leftovers
|-fieldend|Misty Terrain
|upkeep
|turn|21
|
|t:|1636791859
|move|p2a: Lycanroc|Swords Dance|p2a: Lycanroc
|-boost|p2a: Lycanroc|atk|2
|move|p1a: Mew|Cosmic Power|p1a: Mew
|-boost|p1a: Mew|def|1
|-boost|p1a: Mew|spd|1
|
|-heal|p1a: Mew|93/100|[from] item: Leftovers
|upkeep
|turn|22
|
|t:|1636791862
|move|p2a: Lycanroc|Stone Edge|p1a: Mew
|-crit|p1a: Mew
|-damage|p1a: Mew|0 fnt
|faint|p1a: Mew
|-damage|p2a: Lycanroc|42/100|[from] item: Life Orb
|
|upkeep
|
|t:|1636791870
|switch|p1a: Hippowdon|Hippowdon, F|94/100 tox
|-weather|Sandstorm|[from] ability: Sand Stream|[of] p1a: Hippowdon
|turn|23
|c|☆Inb4haxorus|;)
|
|t:|1636791883
|switch|p2a: Corviknight|Corviknight, M|94/100
|-ability|p2a: Corviknight|Pressure
|move|p1a: Hippowdon|Stealth Rock|p2a: Corviknight
|-sidestart|p2: Inb4haxorus|move: Stealth Rock
|
|-weather|Sandstorm|[upkeep]
|-heal|p2a: Corviknight|99/100|[from] item: Leftovers
|-heal|p1a: Hippowdon|100/100 tox|[from] item: Leftovers
|-damage|p1a: Hippowdon|94/100 tox|[from] psn
|upkeep
|turn|24
|c|☆8balljacketguy|Hahhahaa yeah dude ywahh okay im high rigjt now so if i wasnt id be mad
|c|☆8balljacketguy|Okayyy
|c|☆8balljacketguy|Id slap u
|c|☆8balljacketguy|I woildi would come to house
|c|☆8balljacketguy|And slap
|c|☆8balljacketguy|Uuu
|c|☆8balljacketguy|Olayy
|c|☆8balljacketguy|Okay
|c|☆8balljacketguy|But im high
|c|☆Inb4haxorus|I’m stoned out my mind too lmaooo
|inactive|8balljacketguy has 120 seconds left.
|c|☆8balljacketguy|Im highhh brother
|c|☆8balljacketguy|So im chillin
|c|☆8balljacketguy|Okayy
|c|☆8balljacketguy|Haha
|c|☆Inb4haxorus|so I don’t care lmaooo
|c|☆8balljacketguy|Nicee.
|c|☆8balljacketguy|Ni ee
|c|☆8balljacketguy|Nice
|c|☆Inb4haxorus|doubt it
|
|t:|1636791929
|switch|p1a: Volcarona|Volcarona, M|68/100
|move|p2a: Corviknight|U-turn|p1a: Volcarona
|-resisted|p1a: Volcarona
|-damage|p1a: Volcarona|61/100
|
|t:|1636791935
|switch|p2a: Keldeo|Keldeo-Resolute|82/100|[from]move: U-turn
|-damage|p2a: Keldeo|76/100|[from] Stealth Rock
|
|-weather|Sandstorm|[upkeep]
|-damage|p2a: Keldeo|70/100|[from] Sandstorm
|-damage|p1a: Volcarona|55/100|[from] Sandstorm
|upkeep
|turn|25
|c|☆Inb4haxorus|Waters hot
|
|t:|1636791953
|move|p2a: Keldeo|Scald|p1a: Volcarona
|-supereffective|p1a: Volcarona
|-damage|p1a: Volcarona|0 fnt
|faint|p1a: Volcarona
|
|-weather|Sandstorm|[upkeep]
|-damage|p2a: Keldeo|63/100|[from] Sandstorm
|upkeep
|c|☆8balljacketguy|Yeah come to ny
|c|☆8balljacketguy|Ill show u how hot it can get
|
|t:|1636791963
|switch|p1a: Kevin Durant|Durant, F, shiny|100/100
|turn|26
|n|!Inb4haxorus|inb4haxorus
|
|t:|1636791985
|switch|p2a: Corviknight|Corviknight, M|99/100
|-damage|p2a: Corviknight|88/100|[from] Stealth Rock
|-ability|p2a: Corviknight|Pressure
|move|p1a: Kevin Durant|Superpower|p2a: Corviknight
|-damage|p2a: Corviknight|40/100
|-unboost|p1a: Kevin Durant|atk|1
|-unboost|p1a: Kevin Durant|def|1
|-damage|p1a: Kevin Durant|91/100|[from] item: Life Orb
|
|-weather|Sandstorm|[upkeep]
|-heal|p2a: Corviknight|46/100|[from] item: Leftovers
|upkeep
|turn|27
|
|t:|1636791995
|move|p1a: Kevin Durant|Superpower|p2a: Corviknight
|-damage|p2a: Corviknight|14/100
|-unboost|p1a: Kevin Durant|atk|1
|-unboost|p1a: Kevin Durant|def|1
|-damage|p1a: Kevin Durant|81/100|[from] item: Life Orb
|move|p2a: Corviknight|U-turn|p1a: Kevin Durant
|-resisted|p1a: Kevin Durant
|-damage|p1a: Kevin Durant|64/100
|
|t:|1636791999
|switch|p2a: Latios|Latios, M|100/100|[from]move: U-turn
|-damage|p2a: Latios|88/100|[from] Stealth Rock
|
|-weather|none
|upkeep
|turn|28
|
|t:|1636792007
|switch|p1a: Hippowdon|Hippowdon, F|94/100 tox
|-weather|Sandstorm|[from] ability: Sand Stream|[of] p1a: Hippowdon
|move|p2a: Latios|Mystical Fire|p1a: Hippowdon
|-damage|p1a: Hippowdon|72/100 tox
|-unboost|p1a: Hippowdon|spa|1
|-damage|p2a: Latios|78/100|[from] item: Life Orb
|
|-weather|Sandstorm|[upkeep]
|-damage|p2a: Latios|72/100|[from] Sandstorm
|-heal|p1a: Hippowdon|78/100 tox|[from] item: Leftovers
|-damage|p1a: Hippowdon|72/100 tox|[from] psn
|upkeep
|turn|29
|
|t:|1636792019
|switch|p1a: Shawty|Mandibuzz, F|81/100
|move|p2a: Latios|Draco Meteor|p1a: Shawty
|-damage|p1a: Shawty|11/100
|-unboost|p2a: Latios|spa|2
|-damage|p2a: Latios|62/100|[from] item: Life Orb
|
|-weather|Sandstorm|[upkeep]
|-damage|p2a: Latios|56/100|[from] Sandstorm
|upkeep
|turn|30
|
|t:|1636792026
|switch|p1a: Kevin Durant|Durant, F, shiny|64/100
|move|p2a: Latios|Draco Meteor|p1a: Kevin Durant
|-resisted|p1a: Kevin Durant
|-damage|p1a: Kevin Durant|16/100
|-unboost|p2a: Latios|spa|2
|-damage|p2a: Latios|46/100|[from] item: Life Orb
|
|-weather|Sandstorm|[upkeep]
|-damage|p2a: Latios|40/100|[from] Sandstorm
|upkeep
|turn|31
|
|t:|1636792034
|switch|p2a: Landorus|Landorus-Therian, M|83/100 tox
|-damage|p2a: Landorus|70/100 tox|[from] Stealth Rock
|-ability|p2a: Landorus|Intimidate|boost
|-unboost|p1a: Kevin Durant|atk|1
|move|p1a: Kevin Durant|First Impression|p2a: Landorus
|-resisted|p2a: Landorus
|-damage|p2a: Landorus|39/100 tox
|-damage|p1a: Kevin Durant|0 fnt|[from] item: Rocky Helmet|[of] p2a: Landorus
|faint|p1a: Kevin Durant
|
|-weather|Sandstorm|[upkeep]
|-damage|p2a: Landorus|33/100 tox|[from] psn
|upkeep
|
|t:|1636792035
|switch|p1a: Hippowdon|Hippowdon, F|72/100 tox
|turn|32
|
|t:|1636792042
|move|p2a: Landorus|Stealth Rock|p1a: Hippowdon
|-sidestart|p1: 8balljacketguy|move: Stealth Rock
|move|p1a: Hippowdon|Stealth Rock||[still]
|-fail|p1a: Hippowdon
|
|-weather|none
|-heal|p1a: Hippowdon|78/100 tox|[from] item: Leftovers
|-damage|p2a: Landorus|21/100 tox|[from] psn
|-damage|p1a: Hippowdon|72/100 tox|[from] psn
|upkeep
|turn|33
|
|t:|1636792046
|move|p2a: Landorus|Earthquake|p1a: Hippowdon
|-damage|p1a: Hippowdon|35/100 tox
|move|p1a: Hippowdon|Stealth Rock||[still]
|-fail|p1a: Hippowdon
|
|-heal|p1a: Hippowdon|41/100 tox|[from] item: Leftovers
|-damage|p2a: Landorus|3/100 tox|[from] psn
|-damage|p1a: Hippowdon|29/100 tox|[from] psn
|upkeep
|turn|34
|
|t:|1636792048
|move|p2a: Landorus|U-turn|p1a: Hippowdon
|-damage|p1a: Hippowdon|10/100 tox
|
|t:|1636792051
|switch|p2a: Corviknight|Corviknight, M|14/100|[from]move: U-turn
|-damage|p2a: Corviknight|2/100|[from] Stealth Rock
|-ability|p2a: Corviknight|Pressure
|move|p1a: Hippowdon|Earthquake|p2a: Corviknight
|-immune|p2a: Corviknight
|
|-heal|p2a: Corviknight|8/100|[from] item: Leftovers
|-heal|p1a: Hippowdon|16/100 tox|[from] item: Leftovers
|-damage|p1a: Hippowdon|0 fnt|[from] psn
|faint|p1a: Hippowdon
|upkeep
|
|t:|1636792052
|switch|p1a: Shawty|Mandibuzz, F|11/100
|-damage|p1a: Shawty|0 fnt|[from] Stealth Rock
|faint|p1a: Shawty
|
|win|Inb4haxorus
|raw|8balljacketguy's rating: 1392 &rarr; <strong>1377</strong><br />(-15 for losing)
|raw|Inb4haxorus's rating: 1483 &rarr; <strong>1498</strong><br />(+15 for winning)
