|j|☆noudle soop
|j|‽hypervortexreturns
|t:|1656216923
|gametype|singles
|player|p1|noudle soop|roxie|1650
|player|p2|hypervortexreturns|1|1937
|teamsize|p1|6
|teamsize|p2|6
|gen|8
|tier|[Gen 8] OU
|rated|
|rule|Sleep Clause Mod: Limit one foe put to sleep
|rule|Species Clause: Limit one of each Pokémon
|rule|OHKO Clause: OHKO moves are banned
|rule|Evasion Moves Clause: Evasion moves are banned
|rule|Endless Battle Clause: Forcing endless battles is banned
|rule|HP Percentage Mod: HP is shown in percentages
|rule|Dynamax Clause: You cannot dynamax
|clearpoke
|poke|p1|Regieleki|
|poke|p1|Volcanion|
|poke|p1|Kartana|
|poke|p1|Mew|
|poke|p1|Bisharp, F|
|poke|p1|Dragonite, F|
|poke|p2|Hydreigon, F|
|poke|p2|Excadrill, M|
|poke|p2|Azumarill, F|
|poke|p2|Corviknight, M|
|poke|p2|Zapdos|
|poke|p2|Tangrowth, M|
|teampreview
|inactive|Battle timer is ON: inactive players will automatically lose when time's up. (requested by noudle soop)
|
|t:|1656216936
|start
|switch|p1a: Bisharp|Bisharp, F|100/100
|switch|p2a: Hydreigon|Hydreigon, F|100/100
|turn|1
|
|t:|1656216946
|move|p2a: Hydreigon|Earth Power|p1a: Bisharp
|-supereffective|p1a: Bisharp
|-damage|p1a: Bisharp|14/100
|move|p1a: Bisharp|Stealth Rock|p2a: Hydreigon
|-sidestart|p2: hypervortexreturns|move: Stealth Rock
|
|upkeep
|turn|2
|
|t:|1656216955
|move|p2a: Hydreigon|Dark Pulse|p1a: Bisharp
|-resisted|p1a: Bisharp
|-damage|p1a: Bisharp|0 fnt
|faint|p1a: Bisharp
|
|upkeep
|
|t:|1656216958
|switch|p1a: Kartana|Kartana|100/100
|turn|3
|
|t:|1656216967
|switch|p1a: Volcanion|Volcanion|100/100
|switch|p2a: Tangrowth|Tangrowth, M|100/100
|-damage|p2a: Tangrowth|88/100|[from] Stealth Rock
|
|upkeep
|turn|4
|
|t:|1656216978
|switch|p2a: Hydreigon|Hydreigon, F|100/100
|-damage|p2a: Hydreigon|88/100|[from] Stealth Rock
|move|p1a: Volcanion|Flamethrower|p2a: Hydreigon
|-resisted|p2a: Hydreigon
|-damage|p2a: Hydreigon|62/100
|
|-heal|p2a: Hydreigon|69/100|[from] item: Leftovers
|upkeep
|turn|5
|
|t:|1656216988
|move|p2a: Hydreigon|Dark Pulse|p1a: Volcanion
|-damage|p1a: Volcanion|57/100
|move|p1a: Volcanion|Toxic|p2a: Hydreigon
|-status|p2a: Hydreigon|tox
|
|-heal|p2a: Hydreigon|75/100 tox|[from] item: Leftovers
|-damage|p2a: Hydreigon|69/100 tox|[from] psn
|upkeep
|turn|6
|
|t:|1656217000
|switch|p1a: Dragonite|Dragonite, F|100/100
|move|p2a: Hydreigon|Earth Power|p1a: Dragonite
|-immune|p1a: Dragonite
|
|-heal|p2a: Hydreigon|75/100 tox|[from] item: Leftovers
|-damage|p2a: Hydreigon|62/100 tox|[from] psn
|upkeep
|turn|7
|
|t:|1656217014
|switch|p2a: Corviknight|Corviknight, M|100/100
|-damage|p2a: Corviknight|88/100|[from] Stealth Rock
|-ability|p2a: Corviknight|Pressure
|switch|p1a: Volcanion|Volcanion|57/100
|
|-heal|p2a: Corviknight|94/100|[from] item: Leftovers
|upkeep
|turn|8
|
|t:|1656217027
|switch|p2a: Hydreigon|Hydreigon, F|62/100 tox
|-damage|p2a: Hydreigon|50/100 tox|[from] Stealth Rock
|move|p1a: Volcanion|Flamethrower|p2a: Hydreigon
|-resisted|p2a: Hydreigon
|-damage|p2a: Hydreigon|24/100 tox
|
|-heal|p2a: Hydreigon|30/100 tox|[from] item: Leftovers
|-damage|p2a: Hydreigon|24/100 tox|[from] psn
|upkeep
|turn|9
|
|t:|1656217038
|switch|p1a: Dragonite|Dragonite, F|100/100
|move|p2a: Hydreigon|Roost|p2a: Hydreigon
|-heal|p2a: Hydreigon|74/100 tox
|-singleturn|p2a: Hydreigon|move: Roost
|
|-heal|p2a: Hydreigon|80/100 tox|[from] item: Leftovers
|-damage|p2a: Hydreigon|67/100 tox|[from] psn
|upkeep
|turn|10
|j| Rosaism
|
|t:|1656217048
|switch|p2a: Corviknight|Corviknight, M|94/100
|-damage|p2a: Corviknight|82/100|[from] Stealth Rock
|-ability|p2a: Corviknight|Pressure
|move|p1a: Dragonite|Dragon Dance|p1a: Dragonite
|-boost|p1a: Dragonite|atk|1
|-boost|p1a: Dragonite|spe|1
|
|-heal|p2a: Corviknight|88/100|[from] item: Leftovers
|upkeep
|turn|11
|
|t:|1656217059
|move|p1a: Dragonite|Dragon Dance|p1a: Dragonite
|-boost|p1a: Dragonite|atk|1
|-boost|p1a: Dragonite|spe|1
|move|p2a: Corviknight|Bulk Up|p2a: Corviknight
|-boost|p2a: Corviknight|atk|1
|-boost|p2a: Corviknight|def|1
|
|-heal|p2a: Corviknight|94/100|[from] item: Leftovers
|upkeep
|turn|12
|
|t:|1656217067
|move|p1a: Dragonite|Dragon Dance|p1a: Dragonite
|-boost|p1a: Dragonite|atk|1
|-boost|p1a: Dragonite|spe|1
|move|p2a: Corviknight|Brave Bird|p1a: Dragonite
|-damage|p1a: Dragonite|75/100
|-damage|p2a: Corviknight|86/100|[from] Recoil
|
|-heal|p2a: Corviknight|92/100|[from] item: Leftovers
|upkeep
|turn|13
|j| CB Bhris Breezy
|
|t:|1656217078
|switch|p1a: Regieleki|Regieleki|100/100
|move|p2a: Corviknight|Bulk Up|p2a: Corviknight
|-boost|p2a: Corviknight|atk|1
|-boost|p2a: Corviknight|def|1
|
|-heal|p2a: Corviknight|99/100|[from] item: Leftovers
|upkeep
|turn|14
|
|t:|1656217091
|switch|p1a: Volcanion|Volcanion|57/100
|switch|p2a: Excadrill|Excadrill, M|100/100
|-damage|p2a: Excadrill|97/100|[from] Stealth Rock
|
|-heal|p2a: Excadrill|100/100|[from] item: Leftovers
|upkeep
|turn|15
|
|t:|1656217102
|switch|p1a: Dragonite|Dragonite, F|75/100
|move|p2a: Excadrill|Earthquake|p1a: Dragonite
|-immune|p1a: Dragonite
|
|upkeep
|turn|16
|inactive|hypervortexreturns has 120 seconds left.
|
|t:|1656217144
|switch|p2a: Corviknight|Corviknight, M|99/100
|-damage|p2a: Corviknight|86/100|[from] Stealth Rock
|-ability|p2a: Corviknight|Pressure
|move|p1a: Dragonite|Earthquake|p2a: Corviknight
|-immune|p2a: Corviknight
|
|-heal|p2a: Corviknight|92/100|[from] item: Leftovers
|upkeep
|turn|17
|
|t:|1656217156
|switch|p1a: Volcanion|Volcanion|57/100
|move|p2a: Corviknight|Brave Bird|p1a: Volcanion
|-damage|p1a: Volcanion|21/100
|-damage|p2a: Corviknight|84/100|[from] Recoil
|
|-heal|p2a: Corviknight|90/100|[from] item: Leftovers
|upkeep
|turn|18
|
|t:|1656217167
|switch|p2a: Hydreigon|Hydreigon, F|67/100 tox
|-damage|p2a: Hydreigon|55/100 tox|[from] Stealth Rock
|move|p1a: Volcanion|Steam Eruption|p2a: Hydreigon
|-resisted|p2a: Hydreigon
|-damage|p2a: Hydreigon|26/100 tox
|
|-heal|p2a: Hydreigon|33/100 tox|[from] item: Leftovers
|-damage|p2a: Hydreigon|26/100 tox|[from] psn
|upkeep
|turn|19
|
|t:|1656217178
|move|p2a: Hydreigon|Roost|p2a: Hydreigon
|-heal|p2a: Hydreigon|76/100 tox
|-singleturn|p2a: Hydreigon|move: Roost
|move|p1a: Volcanion|Steam Eruption|p2a: Hydreigon
|-resisted|p2a: Hydreigon
|-damage|p2a: Hydreigon|46/100 tox
|
|-heal|p2a: Hydreigon|53/100 tox|[from] item: Leftovers
|-damage|p2a: Hydreigon|40/100 tox|[from] psn
|upkeep
|turn|20
|
|t:|1656217194
|switch|p1a: Dragonite|Dragonite, F|75/100
|move|p2a: Hydreigon|Roost|p2a: Hydreigon
|-heal|p2a: Hydreigon|90/100 tox
|-singleturn|p2a: Hydreigon|move: Roost
|
|-heal|p2a: Hydreigon|96/100 tox|[from] item: Leftovers
|-damage|p2a: Hydreigon|78/100 tox|[from] psn
|upkeep
|turn|21
|
|t:|1656217209
|switch|p2a: Corviknight|Corviknight, M|90/100
|-damage|p2a: Corviknight|77/100|[from] Stealth Rock
|-ability|p2a: Corviknight|Pressure
|switch|p1a: Kartana|Kartana|100/100
|
|-heal|p2a: Corviknight|84/100|[from] item: Leftovers
|upkeep
|turn|22
|
|t:|1656217219
|switch|p2a: Tangrowth|Tangrowth, M|100/100
|-damage|p2a: Tangrowth|88/100|[from] Stealth Rock
|move|p1a: Kartana|Knock Off|p2a: Tangrowth
|-damage|p2a: Tangrowth|70/100
|-damage|p1a: Kartana|84/100|[from] item: Rocky Helmet|[of] p2a: Tangrowth
|-enditem|p2a: Tangrowth|Rocky Helmet|[from] move: Knock Off|[of] p1a: Kartana
|
|upkeep
|turn|23
|inactive|hypervortexreturns has 120 seconds left.
|
|t:|1656217230
|switch|p1a: Dragonite|Dragonite, F|75/100
|move|p2a: Tangrowth|Knock Off|p1a: Dragonite
|-damage|p1a: Dragonite|57/100
|-enditem|p1a: Dragonite|Heavy-Duty Boots|[from] move: Knock Off|[of] p2a: Tangrowth
|
|upkeep
|turn|24
|inactive|hypervortexreturns has 120 seconds left.
|
|t:|1656217238
|switch|p2a: Corviknight|Corviknight, M|84/100
|-damage|p2a: Corviknight|71/100|[from] Stealth Rock
|-ability|p2a: Corviknight|Pressure
|move|p1a: Dragonite|Roost|p1a: Dragonite
|-heal|p1a: Dragonite|100/100
|-singleturn|p1a: Dragonite|move: Roost
|
|-heal|p2a: Corviknight|77/100|[from] item: Leftovers
|upkeep
|turn|25
|inactive|hypervortexreturns has 120 seconds left.
|
|t:|1656217249
|switch|p1a: Regieleki|Regieleki|100/100
|move|p2a: Corviknight|Brave Bird|p1a: Regieleki
|-resisted|p1a: Regieleki
|-damage|p1a: Regieleki|68/100
|-damage|p2a: Corviknight|69/100|[from] Recoil
|
|-heal|p2a: Corviknight|75/100|[from] item: Leftovers
|upkeep
|turn|26
|inactive|hypervortexreturns has 120 seconds left.
|
|t:|1656217262
|switch|p1a: Mew|Mew|100/100
|switch|p2a: Excadrill|Excadrill, M|100/100
|-damage|p2a: Excadrill|97/100|[from] Stealth Rock
|
|-heal|p2a: Excadrill|100/100|[from] item: Leftovers
|upkeep
|turn|27
|inactive|hypervortexreturns has 120 seconds left.
|
|t:|1656217274
|switch|p2a: Zapdos|Zapdos|100/100
|move|p1a: Mew|Dragon Dance|p1a: Mew
|-boost|p1a: Mew|atk|1
|-boost|p1a: Mew|spe|1
|
|upkeep
|turn|28
|
|t:|1656217282
|move|p1a: Mew|Psychic Fangs|p2a: Zapdos
|-damage|p2a: Zapdos|46/100
|-status|p1a: Mew|par|[from] ability: Static|[of] p2a: Zapdos
|-activate|p1a: Mew|ability: Synchronize
|-immune|p2a: Zapdos
|move|p2a: Zapdos|Discharge|p1a: Mew
|-damage|p1a: Mew|64/100 par
|
|upkeep
|turn|29
|j| wtmzjqf
|inactive|hypervortexreturns has 120 seconds left.
|
|t:|1656217298
|move|p2a: Zapdos|Hurricane|p1a: Mew|[miss]
|-miss|p2a: Zapdos|p1a: Mew
|move|p1a: Mew|Gunk Shot|p2a: Zapdos
|-damage|p2a: Zapdos|0 fnt
|faint|p2a: Zapdos
|
|upkeep
|inactive|hypervortexreturns has 120 seconds left.
|c|☆noudle soop|was this just over
|
|t:|1656217315
|switch|p2a: Hydreigon|Hydreigon, F|78/100 tox
|-damage|p2a: Hydreigon|65/100 tox|[from] Stealth Rock
|turn|30
|c|☆noudle soop|without para
|j| simplegent
|j| Archwarden
|
|t:|1656217326
|switch|p1a: Dragonite|Dragonite, F|100/100
|move|p2a: Hydreigon|Dark Pulse|p1a: Dragonite
|-damage|p1a: Dragonite|86/100
|
|-heal|p2a: Hydreigon|71/100 tox|[from] item: Leftovers
|-damage|p2a: Hydreigon|65/100 tox|[from] psn
|upkeep
|turn|31
|inactive|hypervortexreturns has 120 seconds left.
|
|t:|1656217337
|switch|p2a: Corviknight|Corviknight, M|75/100
|-damage|p2a: Corviknight|63/100|[from] Stealth Rock
|-ability|p2a: Corviknight|Pressure
|move|p1a: Dragonite|Ice Punch|p2a: Corviknight
|-damage|p2a: Corviknight|42/100
|
|-heal|p2a: Corviknight|49/100|[from] item: Leftovers
|upkeep
|turn|32
|inactive|hypervortexreturns has 120 seconds left.
|
|t:|1656217348
|switch|p1a: Volcanion|Volcanion|21/100
|move|p2a: Corviknight|Roost|p2a: Corviknight
|-heal|p2a: Corviknight|99/100
|-singleturn|p2a: Corviknight|move: Roost
|
|-heal|p2a: Corviknight|100/100|[from] item: Leftovers
|upkeep
|turn|33
|inactive|hypervortexreturns has 120 seconds left.
|
|t:|1656217370
|switch|p2a: Hydreigon|Hydreigon, F|65/100 tox
|-damage|p2a: Hydreigon|53/100 tox|[from] Stealth Rock
|move|p1a: Volcanion|Flamethrower|p2a: Hydreigon
|-resisted|p2a: Hydreigon
|-damage|p2a: Hydreigon|30/100 tox
|
|-heal|p2a: Hydreigon|36/100 tox|[from] item: Leftovers
|-damage|p2a: Hydreigon|30/100 tox|[from] psn
|upkeep
|turn|34
|j| PSaddict123
|
|t:|1656217381
|move|p2a: Hydreigon|Roost|p2a: Hydreigon
|-heal|p2a: Hydreigon|80/100 tox
|-singleturn|p2a: Hydreigon|move: Roost
|move|p1a: Volcanion|Steam Eruption|p2a: Hydreigon
|-resisted|p2a: Hydreigon
|-damage|p2a: Hydreigon|52/100 tox
|
|-heal|p2a: Hydreigon|58/100 tox|[from] item: Leftovers
|-damage|p2a: Hydreigon|46/100 tox|[from] psn
|upkeep
|turn|35
|
|t:|1656217393
|move|p2a: Hydreigon|Roost|p2a: Hydreigon
|-heal|p2a: Hydreigon|96/100 tox
|-singleturn|p2a: Hydreigon|move: Roost
|move|p1a: Volcanion|Flamethrower|p2a: Hydreigon
|-resisted|p2a: Hydreigon
|-damage|p2a: Hydreigon|70/100 tox
|
|-heal|p2a: Hydreigon|76/100 tox|[from] item: Leftovers
|-damage|p2a: Hydreigon|57/100 tox|[from] psn
|upkeep
|turn|36
|
|t:|1656217404
|switch|p2a: Azumarill|Azumarill, F|100/100
|-damage|p2a: Azumarill|88/100|[from] Stealth Rock
|switch|p1a: Dragonite|Dragonite, F|86/100
|
|upkeep
|turn|37
|
|t:|1656217412
|switch|p1a: Kartana|Kartana|84/100
|move|p2a: Azumarill|Play Rough|p1a: Kartana
|-resisted|p1a: Kartana
|-damage|p1a: Kartana|61/100
|
|upkeep
|turn|38
|j| Metronome Sellout
|inactive|hypervortexreturns has 120 seconds left.
|
|t:|1656217423
|switch|p1a: Volcanion|Volcanion|21/100
|switch|p2a: Tangrowth|Tangrowth, M|100/100
|-damage|p2a: Tangrowth|88/100|[from] Stealth Rock
|
|upkeep
|turn|39
|inactive|hypervortexreturns has 120 seconds left.
|
|t:|1656217433
|switch|p2a: Hydreigon|Hydreigon, F|57/100 tox
|-damage|p2a: Hydreigon|45/100 tox|[from] Stealth Rock
|move|p1a: Volcanion|Flamethrower|p2a: Hydreigon
|-resisted|p2a: Hydreigon
|-damage|p2a: Hydreigon|19/100 tox
|
|-heal|p2a: Hydreigon|25/100 tox|[from] item: Leftovers
|-damage|p2a: Hydreigon|19/100 tox|[from] psn
|upkeep
|turn|40
|inactive|hypervortexreturns has 120 seconds left.
|
|t:|1656217448
|move|p2a: Hydreigon|Roost|p2a: Hydreigon
|-heal|p2a: Hydreigon|69/100 tox
|-singleturn|p2a: Hydreigon|move: Roost
|move|p1a: Volcanion|Flamethrower|p2a: Hydreigon
|-resisted|p2a: Hydreigon
|-damage|p2a: Hydreigon|44/100 tox
|
|-heal|p2a: Hydreigon|50/100 tox|[from] item: Leftovers
|-damage|p2a: Hydreigon|37/100 tox|[from] psn
|upkeep
|turn|41
|
|t:|1656217457
|move|p2a: Hydreigon|Roost|p2a: Hydreigon
|-heal|p2a: Hydreigon|87/100 tox
|-singleturn|p2a: Hydreigon|move: Roost
|move|p1a: Volcanion|Flamethrower|p2a: Hydreigon
|-resisted|p2a: Hydreigon
|-damage|p2a: Hydreigon|64/100 tox
|
|-heal|p2a: Hydreigon|70/100 tox|[from] item: Leftovers
|-damage|p2a: Hydreigon|52/100 tox|[from] psn
|upkeep
|turn|42
|inactive|hypervortexreturns has 120 seconds left.
|
|t:|1656217473
|switch|p1a: Dragonite|Dragonite, F|86/100
|move|p2a: Hydreigon|Dark Pulse|p1a: Dragonite
|-damage|p1a: Dragonite|58/100
|
|-heal|p2a: Hydreigon|58/100 tox|[from] item: Leftovers
|-damage|p2a: Hydreigon|33/100 tox|[from] psn
|upkeep
|turn|43
|inactive|hypervortexreturns has 120 seconds left.
|
|t:|1656217484
|switch|p2a: Azumarill|Azumarill, F|88/100
|-damage|p2a: Azumarill|76/100|[from] Stealth Rock
|move|p1a: Dragonite|Ice Punch|p2a: Azumarill
|-resisted|p2a: Azumarill
|-damage|p2a: Azumarill|60/100
|
|upkeep
|turn|44
|j| BlueAlmond
|
|t:|1656217493
|move|p1a: Dragonite|Roost|p1a: Dragonite
|-heal|p1a: Dragonite|100/100
|-singleturn|p1a: Dragonite|move: Roost
|move|p2a: Azumarill|Play Rough|p1a: Dragonite
|-supereffective|p1a: Dragonite
|-damage|p1a: Dragonite|49/100
|
|upkeep
|turn|45
|
|t:|1656217503
|switch|p1a: Kartana|Kartana|61/100
|move|p2a: Azumarill|Knock Off|p1a: Kartana
|-damage|p1a: Kartana|28/100
|-enditem|p1a: Kartana|Muscle Band|[from] move: Knock Off|[of] p2a: Azumarill
|
|upkeep
|turn|46
|j| Shoaple
|inactive|hypervortexreturns has 120 seconds left.
|
|t:|1656217519
|switch|p2a: Tangrowth|Tangrowth, M|100/100
|-damage|p2a: Tangrowth|88/100|[from] Stealth Rock
|move|p1a: Kartana|Leaf Blade|p2a: Tangrowth
|-resisted|p2a: Tangrowth
|-damage|p2a: Tangrowth|76/100
|
|upkeep
|turn|47
|j| Trexton
|l| Trexton
|j| Chicken_VIP
|inactive|hypervortexreturns has 120 seconds left.
|
|t:|1656217530
|switch|p1a: Dragonite|Dragonite, F|49/100
|move|p2a: Tangrowth|Knock Off|p1a: Dragonite
|-damage|p1a: Dragonite|37/100
|
|upkeep
|turn|48
|l| Chicken_VIP
|
|t:|1656217539
|move|p1a: Dragonite|Roost|p1a: Dragonite
|-heal|p1a: Dragonite|87/100
|-singleturn|p1a: Dragonite|move: Roost
|move|p2a: Tangrowth|Sleep Powder|p1a: Dragonite|[miss]
|-miss|p2a: Tangrowth|p1a: Dragonite
|
|upkeep
|turn|49
|j| Chicken_VIP
|j| Calatorie Singur
|
|t:|1656217548
|switch|p1a: Mew|Mew|64/100 par
|move|p2a: Tangrowth|Sleep Powder||[still]
|-fail|p2a: Tangrowth
|
|upkeep
|turn|50
|inactive|hypervortexreturns has 120 seconds left.
|
|t:|1656217570
|switch|p1a: Volcanion|Volcanion|21/100
|switch|p2a: Corviknight|Corviknight, M|100/100
|-damage|p2a: Corviknight|88/100|[from] Stealth Rock
|-ability|p2a: Corviknight|Pressure
|
|-heal|p2a: Corviknight|94/100|[from] item: Leftovers
|upkeep
|turn|51
|inactive|hypervortexreturns has 120 seconds left.
|
|t:|1656217591
|switch|p2a: Azumarill|Azumarill, F|60/100
|-damage|p2a: Azumarill|47/100|[from] Stealth Rock
|-enditem|p2a: Azumarill|Sitrus Berry|[eat]
|-heal|p2a: Azumarill|72/100|[from] item: Sitrus Berry
|move|p1a: Volcanion|Flamethrower|p2a: Azumarill
|-resisted|p2a: Azumarill
|-damage|p2a: Azumarill|41/100
|
|upkeep
|turn|52
|
|t:|1656217609
|switch|p1a: Mew|Mew|64/100 par
|move|p2a: Azumarill|Knock Off|p1a: Mew
|-supereffective|p1a: Mew
|-damage|p1a: Mew|0 fnt
|-enditem|p1a: Mew|Expert Belt|[from] move: Knock Off|[of] p2a: Azumarill
|faint|p1a: Mew
|
|upkeep
|
|t:|1656217614
|switch|p1a: Kartana|Kartana|28/100
|turn|53
|
|t:|1656217621
|switch|p1a: Volcanion|Volcanion|21/100
|switch|p2a: Tangrowth|Tangrowth, M|100/100
|-damage|p2a: Tangrowth|88/100|[from] Stealth Rock
|
|upkeep
|turn|54
|inactive|hypervortexreturns has 120 seconds left.
|
|t:|1656217638
|switch|p2a: Hydreigon|Hydreigon, F|33/100 tox
|-damage|p2a: Hydreigon|20/100 tox|[from] Stealth Rock
|move|p1a: Volcanion|Flamethrower|p2a: Hydreigon
|-resisted|p2a: Hydreigon
|-damage|p2a: Hydreigon|0 fnt
|faint|p2a: Hydreigon
|
|upkeep
|j| xiao123
|
|t:|1656217649
|switch|p2a: Azumarill|Azumarill, F|41/100
|-damage|p2a: Azumarill|29/100|[from] Stealth Rock
|turn|55
|l| xiao123
|j| Manchester1997!
|
|t:|1656217657
|move|p1a: Volcanion|Earth Power|p2a: Azumarill
|-damage|p2a: Azumarill|0 fnt
|faint|p2a: Azumarill
|
|upkeep
|
|t:|1656217666
|switch|p2a: Excadrill|Excadrill, M|100/100
|-damage|p2a: Excadrill|97/100|[from] Stealth Rock
|turn|56
|
|t:|1656217688
|switch|p1a: Dragonite|Dragonite, F|87/100
|move|p2a: Excadrill|Earthquake|p1a: Dragonite
|-immune|p1a: Dragonite
|
|-heal|p2a: Excadrill|100/100|[from] item: Leftovers
|upkeep
|turn|57
|
|t:|1656217707
|switch|p2a: Corviknight|Corviknight, M|94/100
|-damage|p2a: Corviknight|82/100|[from] Stealth Rock
|-ability|p2a: Corviknight|Pressure
|switch|p1a: Volcanion|Volcanion|21/100
|
|-heal|p2a: Corviknight|88/100|[from] item: Leftovers
|upkeep
|turn|58
|
|t:|1656217722
|move|p1a: Volcanion|Flamethrower|p2a: Corviknight
|-supereffective|p2a: Corviknight
|-damage|p2a: Corviknight|18/100
|move|p2a: Corviknight|Brave Bird|p1a: Volcanion
|-damage|p1a: Volcanion|0 fnt
|faint|p1a: Volcanion
|-damage|p2a: Corviknight|13/100|[from] Recoil
|
|-heal|p2a: Corviknight|19/100|[from] item: Leftovers
|upkeep
|
|t:|1656217729
|switch|p1a: Regieleki|Regieleki|68/100
|turn|59
|
|t:|1656217739
|switch|p2a: Excadrill|Excadrill, M|100/100
|-damage|p2a: Excadrill|97/100|[from] Stealth Rock
|move|p1a: Regieleki|Volt Switch|p2a: Excadrill
|-immune|p2a: Excadrill
|
|-heal|p2a: Excadrill|100/100|[from] item: Leftovers
|upkeep
|turn|60
|
|t:|1656217754
|switch|p1a: Kartana|Kartana|28/100
|move|p2a: Excadrill|Stealth Rock|p1a: Kartana
|-sidestart|p1: noudle soop|move: Stealth Rock
|
|upkeep
|turn|61
|
|t:|1656217766
|switch|p1a: Regieleki|Regieleki|68/100
|switch|p2a: Tangrowth|Tangrowth, M|100/100
|-damage|p2a: Tangrowth|88/100|[from] Stealth Rock
|
|upkeep
|turn|62
|
|t:|1656217775
|switch|p2a: Excadrill|Excadrill, M|100/100
|-damage|p2a: Excadrill|97/100|[from] Stealth Rock
|move|p1a: Regieleki|Rapid Spin|p2a: Excadrill
|-resisted|p2a: Excadrill
|-damage|p2a: Excadrill|90/100
|-boost|p1a: Regieleki|spe|1
|-sideend|p1: noudle soop|Stealth Rock|[from] move: Rapid Spin|[of] p1a: Regieleki
|
|-heal|p2a: Excadrill|96/100|[from] item: Leftovers
|upkeep
|turn|63
|inactive|hypervortexreturns has 120 seconds left.
|
|t:|1656217792
|switch|p1a: Kartana|Kartana|28/100
|move|p2a: Excadrill|Stealth Rock|p1a: Kartana
|-sidestart|p1: noudle soop|move: Stealth Rock
|
|-heal|p2a: Excadrill|100/100|[from] item: Leftovers
|upkeep
|turn|64
|inactive|hypervortexreturns has 120 seconds left.
|
|t:|1656217800
|switch|p1a: Regieleki|Regieleki|68/100
|switch|p2a: Tangrowth|Tangrowth, M|100/100
|-damage|p2a: Tangrowth|88/100|[from] Stealth Rock
|
|upkeep
|turn|65
|
|t:|1656217809
|switch|p2a: Excadrill|Excadrill, M|100/100
|-damage|p2a: Excadrill|97/100|[from] Stealth Rock
|move|p1a: Regieleki|Rapid Spin|p2a: Excadrill
|-resisted|p2a: Excadrill
|-crit|p2a: Excadrill
|-damage|p2a: Excadrill|86/100
|-boost|p1a: Regieleki|spe|1
|-sideend|p1: noudle soop|Stealth Rock|[from] move: Rapid Spin|[of] p1a: Regieleki
|
|-heal|p2a: Excadrill|92/100|[from] item: Leftovers
|upkeep
|turn|66
|
|t:|1656217822
|switch|p1a: Dragonite|Dragonite, F|87/100
|move|p2a: Excadrill|Stealth Rock|p1a: Dragonite
|-sidestart|p1: noudle soop|move: Stealth Rock
|
|-heal|p2a: Excadrill|98/100|[from] item: Leftovers
|upkeep
|turn|67
|
|t:|1656217835
|switch|p2a: Tangrowth|Tangrowth, M|100/100
|-damage|p2a: Tangrowth|88/100|[from] Stealth Rock
|move|p1a: Dragonite|Earthquake|p2a: Tangrowth
|-resisted|p2a: Tangrowth
|-damage|p2a: Tangrowth|80/100
|
|upkeep
|turn|68
|
|t:|1656217847
|move|p1a: Dragonite|Dragon Dance|p1a: Dragonite
|-boost|p1a: Dragonite|atk|1
|-boost|p1a: Dragonite|spe|1
|move|p2a: Tangrowth|Sleep Powder|p1a: Dragonite
|-status|p1a: Dragonite|slp|[from] move: Sleep Powder
|
|upkeep
|turn|69
|j| Batataplays
|
|t:|1656217855
|switch|p2a: Corviknight|Corviknight, M|19/100
|-damage|p2a: Corviknight|7/100|[from] Stealth Rock
|-ability|p2a: Corviknight|Pressure
|cant|p1a: Dragonite|slp
|
|-heal|p2a: Corviknight|13/100|[from] item: Leftovers
|upkeep
|turn|70
|
|t:|1656217863
|-curestatus|p1a: Dragonite|slp|[msg]
|move|p1a: Dragonite|Ice Punch|p2a: Corviknight
|-damage|p2a: Corviknight|0 fnt
|faint|p2a: Corviknight
|
|upkeep
|
|t:|1656217870
|switch|p2a: Tangrowth|Tangrowth, M|100/100
|-damage|p2a: Tangrowth|88/100|[from] Stealth Rock
|turn|71
|
|t:|1656217875
|move|p1a: Dragonite|Ice Punch|p2a: Tangrowth
|-supereffective|p2a: Tangrowth
|-damage|p2a: Tangrowth|47/100
|move|p2a: Tangrowth|Sleep Powder|p1a: Dragonite|[miss]
|-miss|p2a: Tangrowth|p1a: Dragonite
|
|upkeep
|turn|72
|
|t:|1656217882
|move|p1a: Dragonite|Ice Punch|p2a: Tangrowth
|-supereffective|p2a: Tangrowth
|-damage|p2a: Tangrowth|10/100
|move|p2a: Tangrowth|Sleep Powder|p1a: Dragonite
|-status|p1a: Dragonite|slp|[from] move: Sleep Powder
|
|upkeep
|turn|73
|l| Shoaple
|
|t:|1656217888
|switch|p2a: Excadrill|Excadrill, M|98/100
|-damage|p2a: Excadrill|95/100|[from] Stealth Rock
|cant|p1a: Dragonite|slp
|
|-heal|p2a: Excadrill|100/100|[from] item: Leftovers
|upkeep
|turn|74
|
|t:|1656217905
|-curestatus|p1a: Dragonite|slp|[msg]
|move|p1a: Dragonite|Earthquake|p2a: Excadrill
|-supereffective|p2a: Excadrill
|-damage|p2a: Excadrill|0 fnt
|faint|p2a: Excadrill
|
|upkeep
|c|☆noudle soop|i made the same doubles
|-message|hypervortexreturns forfeited.
|
|win|noudle soop
|raw|noudle soop's rating: 1650 &rarr; <strong>1684</strong><br />(+34 for winning)
|raw|hypervortexreturns's rating: 1937 &rarr; <strong>1903</strong><br />(-34 for losing)
|c|☆noudle soop|10 times in a row
|l|‽hypervortexreturns
|c|☆noudle soop|just
|c|☆noudle soop|play the right way
|c|☆noudle soop|lmfao
|l| Rosaism
