|j|☆minimax_ai
|j|☆Forwards
|t:|1662192025
|gametype|singles
|player|p1|minimax_ai|102|1366
|player|p2|Forwards|rollerskater|1419
|teamsize|p1|6
|teamsize|p2|6
|gen|8
|tier|[Gen 8] OU
|rated|
|rule|Sleep Clause Mod: Limit one foe put to sleep
|rule|Species Clause: Limit one of each Pokémon
|rule|OHKO Clause: OHKO moves are banned
|rule|Evasion Items Clause: Evasion items are banned
|rule|Evasion Moves Clause: Evasion moves are banned
|rule|Endless Battle Clause: Forcing endless battles is banned
|rule|HP Percentage Mod: HP is shown in percentages
|rule|Dynamax Clause: You cannot dynamax
|clearpoke
|poke|p1|Rotom-Wash|
|poke|p1|Weavile, F|
|poke|p1|Landorus-Therian, M|
|poke|p1|Heatran, M|
|poke|p1|Tangrowth, F|
|poke|p1|Melmetal|
|poke|p2|Tapu Koko|
|poke|p2|Hawlucha, M|
|poke|p2|Registeel|
|poke|p2|Volcarona, F|
|poke|p2|Moltres-Galar|
|poke|p2|Landorus-Therian, M|
|teampreview
|c|☆minimax_ai|hf
|inactive|Battle timer is ON: inactive players will automatically lose when time's up. (requested by minimax_ai)
|c|☆Forwards|gl
|
|t:|1662192039
|start
|switch|p1a: landorustherian|Landorus-Therian, M|100/100
|switch|p2a: Landorus|Landorus-Therian, M|100/100
|-ability|p2a: Landorus|Intimidate|boost
|-unboost|p1a: landorustherian|atk|1
|-ability|p1a: landorustherian|Intimidate|boost
|-unboost|p2a: Landorus|atk|1
|turn|1
|
|t:|1662192041
|move|p2a: Landorus|Stealth Rock|p1a: landorustherian
|-sidestart|p1: minimax_ai|move: Stealth Rock
|move|p1a: landorustherian|Toxic|p2a: Landorus
|-status|p2a: Landorus|tox
|
|-damage|p2a: Landorus|95/100 tox|[from] psn
|upkeep
|turn|2
|
|t:|1662192045
|move|p2a: Landorus|Swords Dance|p2a: Landorus
|-boost|p2a: Landorus|atk|2
|move|p1a: landorustherian|Defog|p2a: Landorus
|-unboost|p2a: Landorus|evasion|1
|-sideend|p1: minimax_ai|Stealth Rock|[from] move: Defog|[of] p1a: landorustherian
|
|-damage|p2a: Landorus|83/100 tox|[from] psn
|upkeep
|turn|3
|
|t:|1662192048
|switch|p1a: Heatran|Heatran, M|100/100
|-item|p1a: Heatran|Air Balloon
|move|p2a: Landorus|Stealth Rock|p1a: Heatran
|-sidestart|p1: minimax_ai|move: Stealth Rock
|
|-damage|p2a: Landorus|65/100 tox|[from] psn
|upkeep
|turn|4
|
|t:|1662192053
|move|p2a: Landorus|Explosion|p1a: Heatran
|-resisted|p1a: Heatran
|-damage|p1a: Heatran|32/100
|-enditem|p1a: Heatran|Air Balloon
|faint|p2a: Landorus
|move|p1a: Heatran|Eruption|p2: Landorus|[notarget]
|-fail|p1a: Heatran
|
|upkeep
|
|t:|1662192055
|switch|p2a: Tapu Koko|Tapu Koko|100/100
|-fieldstart|move: Electric Terrain|[from] ability: Electric Surge|[of] p2a: Tapu Koko
|turn|5
|
|t:|1662192060
|switch|p1a: landorustherian|Landorus-Therian, M|100/100
|-damage|p1a: landorustherian|88/100|[from] Stealth Rock
|-ability|p1a: landorustherian|Intimidate|boost
|-unboost|p2a: Tapu Koko|atk|1
|move|p2a: Tapu Koko|Taunt|p1a: landorustherian
|-start|p1a: landorustherian|move: Taunt
|
|-heal|p1a: landorustherian|94/100|[from] item: Leftovers
|upkeep
|turn|6
|
|t:|1662192063
|switch|p1a: rotomwash|Rotom-Wash|100/100
|-damage|p1a: rotomwash|88/100|[from] Stealth Rock
|move|p2a: Tapu Koko|Light Screen|p2a: Tapu Koko
|-sidestart|p2: Forwards|move: Light Screen
|
|-heal|p1a: rotomwash|94/100|[from] item: Leftovers
|upkeep
|turn|7
|
|t:|1662192066
|move|p2a: Tapu Koko|Taunt|p1a: rotomwash
|-start|p1a: rotomwash|move: Taunt
|cant|p1a: rotomwash|move: Taunt|Nasty Plot
|
|-heal|p1a: rotomwash|100/100|[from] item: Leftovers
|upkeep
|turn|8
|
|t:|1662192068
|move|p2a: Tapu Koko|Reflect|p2a: Tapu Koko
|-sidestart|p2: Forwards|Reflect
|move|p1a: rotomwash|Hydro Pump|p2a: Tapu Koko
|-damage|p2a: Tapu Koko|76/100
|
|upkeep
|turn|9
|
|t:|1662192069
|move|p2a: Tapu Koko|U-turn|p1a: rotomwash
|-damage|p1a: rotomwash|88/100
|
|t:|1662192074
|switch|p2a: Moltres|Moltres-Galar|100/100|[from]move: U-turn
|move|p1a: rotomwash|Hydro Pump|p2a: Moltres|[miss]
|-miss|p1a: rotomwash|p2a: Moltres
|
|-heal|p1a: rotomwash|95/100|[from] item: Leftovers
|-end|p1a: rotomwash|move: Taunt
|-fieldend|move: Electric Terrain
|upkeep
|turn|10
|
|t:|1662192079
|switch|p1a: landorustherian|Landorus-Therian, M|94/100
|-damage|p1a: landorustherian|82/100|[from] Stealth Rock
|-ability|p1a: landorustherian|Intimidate|boost
|-unboost|p2a: Moltres|atk|1
|move|p2a: Moltres|Agility|p2a: Moltres
|-boost|p2a: Moltres|spe|2
|
|-heal|p1a: landorustherian|88/100|[from] item: Leftovers
|upkeep
|turn|11
|
|t:|1662192081
|move|p2a: Moltres|Nasty Plot|p2a: Moltres
|-boost|p2a: Moltres|spa|2
|move|p1a: landorustherian|Defog|p2a: Moltres
|-unboost|p2a: Moltres|evasion|1
|-sideend|p2: Forwards|Reflect
|-sideend|p2: Forwards|move: Light Screen
|-sideend|p1: minimax_ai|Stealth Rock|[from] move: Defog|[of] p1a: landorustherian
|
|-heal|p1a: landorustherian|94/100|[from] item: Leftovers
|upkeep
|turn|12
|
|t:|1662192083
|switch|p1a: Melmetal|Melmetal|100/100
|move|p2a: Moltres|Fiery Wrath|p1a: Melmetal
|-damage|p1a: Melmetal|57/100
|
|upkeep
|turn|13
|
|t:|1662192087
|move|p2a: Moltres|Fiery Wrath|p1a: Melmetal
|-damage|p1a: Melmetal|11/100
|move|p1a: Melmetal|Ice Punch|p2a: Moltres
|-supereffective|p2a: Moltres
|-damage|p2a: Moltres|27/100
|-enditem|p2a: Moltres|Weakness Policy
|-boost|p2a: Moltres|atk|2|[from] item: Weakness Policy
|-boost|p2a: Moltres|spa|2|[from] item: Weakness Policy
|-ability|p2a: Moltres|Berserk|boost
|-boost|p2a: Moltres|spa|1
|
|upkeep
|turn|14
|
|t:|1662192092
|move|p2a: Moltres|Fiery Wrath|p1a: Melmetal
|-damage|p1a: Melmetal|0 fnt
|faint|p1a: Melmetal
|
|upkeep
|
|t:|1662192092
|switch|p1a: Weavile|Weavile, F|100/100
|-ability|p1a: Weavile|Pressure
|turn|15
|
|t:|1662192097
|move|p1a: Weavile|Ice Shard|p2a: Moltres
|-supereffective|p2a: Moltres
|-crit|p2a: Moltres
|-damage|p2a: Moltres|0 fnt
|faint|p2a: Moltres
|
|upkeep
|
|t:|1662192101
|switch|p2a: Tapu Koko|Tapu Koko|76/100
|-fieldstart|move: Electric Terrain|[from] ability: Electric Surge|[of] p2a: Tapu Koko
|turn|16
|
|t:|1662192103
|switch|p1a: rotomwash|Rotom-Wash|95/100
|move|p2a: Tapu Koko|Reflect|p2a: Tapu Koko
|-sidestart|p2: Forwards|Reflect
|
|-heal|p1a: rotomwash|100/100|[from] item: Leftovers
|upkeep
|turn|17
|
|t:|1662192106
|move|p2a: Tapu Koko|Taunt|p1a: rotomwash
|-start|p1a: rotomwash|move: Taunt
|cant|p1a: rotomwash|move: Taunt|Nasty Plot
|
|upkeep
|turn|18
|
|t:|1662192108
|move|p2a: Tapu Koko|Light Screen|p2a: Tapu Koko
|-sidestart|p2: Forwards|move: Light Screen
|move|p1a: rotomwash|Hydro Pump|p2a: Tapu Koko
|-damage|p2a: Tapu Koko|48/100
|
|upkeep
|turn|19
|
|t:|1662192110
|switch|p1a: landorustherian|Landorus-Therian, M|94/100
|-ability|p1a: landorustherian|Intimidate|boost
|-unboost|p2a: Tapu Koko|atk|1
|move|p2a: Tapu Koko|U-turn|p1a: landorustherian
|-resisted|p1a: landorustherian
|-damage|p1a: landorustherian|88/100
|
|t:|1662192114
|switch|p2a: Hawlucha|Hawlucha, M, shiny|100/100|[from]move: U-turn
|-enditem|p2a: Hawlucha|Electric Seed
|-boost|p2a: Hawlucha|def|1|[from] item: Electric Seed
|
|-heal|p1a: landorustherian|94/100|[from] item: Leftovers
|upkeep
|turn|20
|
|t:|1662192116
|move|p2a: Hawlucha|Taunt|p1a: landorustherian
|-start|p1a: landorustherian|move: Taunt
|cant|p1a: landorustherian|move: Taunt|Toxic
|
|-heal|p1a: landorustherian|100/100|[from] item: Leftovers
|-fieldend|move: Electric Terrain
|upkeep
|turn|21
|
|t:|1662192119
|move|p2a: Hawlucha|Swords Dance|p2a: Hawlucha
|-boost|p2a: Hawlucha|atk|2
|move|p1a: landorustherian|U-turn|p2a: Hawlucha
|-resisted|p2a: Hawlucha
|-crit|p2a: Hawlucha
|-damage|p2a: Hawlucha|89/100
|
|t:|1662192119
|switch|p1a: Weavile|Weavile, F|100/100|[from]move: U-turn
|-ability|p1a: Weavile|Pressure
|
|upkeep
|turn|22
|
|t:|1662192123
|switch|p1a: landorustherian|Landorus-Therian, M|100/100
|-ability|p1a: landorustherian|Intimidate|boost
|-unboost|p2a: Hawlucha|atk|1
|move|p2a: Hawlucha|Acrobatics|p1a: landorustherian
|-damage|p1a: landorustherian|30/100
|
|-heal|p1a: landorustherian|36/100|[from] item: Leftovers
|upkeep
|turn|23
|
|t:|1662192126
|move|p2a: Hawlucha|Acrobatics|p1a: landorustherian
|-damage|p1a: landorustherian|0 fnt
|faint|p1a: landorustherian
|
|-sideend|p2: Forwards|Reflect
|upkeep
|
|t:|1662192126
|switch|p1a: rotomwash|Rotom-Wash|100/100
|turn|24
|
|t:|1662192128
|move|p2a: Hawlucha|Close Combat|p1a: rotomwash
|-damage|p1a: rotomwash|19/100
|-unboost|p2a: Hawlucha|def|1
|-unboost|p2a: Hawlucha|spd|1
|move|p1a: rotomwash|Thunderbolt|p2a: Hawlucha
|-supereffective|p2a: Hawlucha
|-damage|p2a: Hawlucha|16/100
|
|-heal|p1a: rotomwash|25/100|[from] item: Leftovers
|upkeep
|turn|25
|
|t:|1662192131
|move|p2a: Hawlucha|Acrobatics|p1a: rotomwash
|-resisted|p1a: rotomwash
|-damage|p1a: rotomwash|0 fnt
|faint|p1a: rotomwash
|
|-sideend|p2: Forwards|move: Light Screen
|upkeep
|
|t:|1662192131
|switch|p1a: Weavile|Weavile, F|100/100
|-ability|p1a: Weavile|Pressure
|turn|26
|
|t:|1662192134
|move|p1a: Weavile|Ice Shard|p2a: Hawlucha
|-supereffective|p2a: Hawlucha
|-damage|p2a: Hawlucha|0 fnt
|faint|p2a: Hawlucha
|
|upkeep
|
|t:|1662192136
|switch|p2a: Tapu Koko|Tapu Koko|48/100
|-fieldstart|move: Electric Terrain|[from] ability: Electric Surge|[of] p2a: Tapu Koko
|turn|27
|
|t:|1662192138
|switch|p1a: Tangrowth|Tangrowth, F|100/100
|move|p2a: Tapu Koko|Reflect|p2a: Tapu Koko
|-sidestart|p2: Forwards|Reflect
|
|upkeep
|turn|28
|
|t:|1662192140
|move|p2a: Tapu Koko|Taunt|p1a: Tangrowth
|-start|p1a: Tangrowth|move: Taunt
|move|p1a: Tangrowth|Knock Off|p2a: Tapu Koko
|-resisted|p2a: Tapu Koko
|-damage|p2a: Tapu Koko|41/100
|-enditem|p2a: Tapu Koko|Light Clay|[from] move: Knock Off|[of] p1a: Tangrowth
|
|upkeep
|turn|29
|
|t:|1662192141
|move|p2a: Tapu Koko|Light Screen|p2a: Tapu Koko
|-sidestart|p2: Forwards|move: Light Screen
|move|p1a: Tangrowth|Knock Off|p2a: Tapu Koko
|-resisted|p2a: Tapu Koko
|-damage|p2a: Tapu Koko|37/100
|
|upkeep
|turn|30
|
|t:|1662192144
|move|p2a: Tapu Koko|U-turn|p1a: Tangrowth
|-supereffective|p1a: Tangrowth
|-damage|p1a: Tangrowth|80/100
|-damage|p2a: Tapu Koko|21/100|[from] item: Rocky Helmet|[of] p1a: Tangrowth
|
|t:|1662192146
|switch|p2a: Volcarona|Volcarona, F, shiny|100/100|[from]move: U-turn
|move|p1a: Tangrowth|Knock Off|p2a: Volcarona
|-damage|p2a: Volcarona|84/100
|-enditem|p2a: Volcarona|Heavy-Duty Boots|[from] move: Knock Off|[of] p1a: Tangrowth
|
|-end|p1a: Tangrowth|move: Taunt
|upkeep
|turn|31
|
|t:|1662192150
|switch|p1a: Heatran|Heatran, M|32/100
|move|p2a: Volcarona|Quiver Dance|p2a: Volcarona
|-boost|p2a: Volcarona|spa|1
|-boost|p2a: Volcarona|spd|1
|-boost|p2a: Volcarona|spe|1
|
|-fieldend|move: Electric Terrain
|upkeep
|turn|32
|
|t:|1662192152
|move|p2a: Volcarona|Quiver Dance|p2a: Volcarona
|-boost|p2a: Volcarona|spa|1
|-boost|p2a: Volcarona|spd|1
|-boost|p2a: Volcarona|spe|1
|move|p1a: Heatran|Magma Storm|p2a: Volcarona
|-damage|p2a: Volcarona|70/100
|-activate|p2a: Volcarona|move: Magma Storm|[of] p1a: Heatran
|
|-damage|p2a: Volcarona|58/100|[from] move: Magma Storm|[partiallytrapped]
|upkeep
|turn|33
|
|t:|1662192160
|move|p2a: Volcarona|Psychic|p1a: Heatran
|-resisted|p1a: Heatran
|-damage|p1a: Heatran|0 fnt
|faint|p1a: Heatran
|
|-end|p2a: Volcarona|Magma Storm|[partiallytrapped]|[silent]
|-sideend|p2: Forwards|move: Light Screen
|upkeep
|
|t:|1662192160
|switch|p1a: Weavile|Weavile, F|100/100
|-ability|p1a: Weavile|Pressure
|turn|34
|
|t:|1662192163
|move|p1a: Weavile|Ice Shard|p2a: Volcarona
|-resisted|p2a: Volcarona
|-damage|p2a: Volcarona|47/100
|move|p2a: Volcarona|Flamethrower|p1a: Weavile
|-supereffective|p1a: Weavile
|-damage|p1a: Weavile|0 fnt
|faint|p1a: Weavile
|
|-sideend|p2: Forwards|Reflect
|upkeep
|
|t:|1662192163
|switch|p1a: Tangrowth|Tangrowth, F|100/100
|turn|35
|
|t:|1662192165
|move|p2a: Volcarona|Bug Buzz|p1a: Tangrowth
|-supereffective|p1a: Tangrowth
|-damage|p1a: Tangrowth|0 fnt
|faint|p1a: Tangrowth
|
|win|Forwards
|raw|minimax_ai's rating: 1366 &rarr; <strong>1349</strong><br />(-17 for losing)
|raw|Forwards's rating: 1419 &rarr; <strong>1436</strong><br />(+17 for winning)
|c|☆minimax_ai|gg
