|j|☆you have homework
|j|☆8balljacketguy
|t:|1654923623
|gametype|singles
|player|p1|you have homework|169|1616
|player|p2|8balljacketguy|red|1636
|teamsize|p1|6
|teamsize|p2|6
|gen|8
|tier|[Gen 8] OU
|rated|
|rule|Sleep Clause Mod: Limit one foe put to sleep
|rule|Species Clause: Limit one of each Pokémon
|rule|OHKO Clause: OHKO moves are banned
|rule|Evasion Moves Clause: Evasion moves are banned
|rule|Endless Battle Clause: Forcing endless battles is banned
|rule|HP Percentage Mod: HP is shown in percentages
|rule|Dynamax Clause: You cannot dynamax
|clearpoke
|poke|p1|Vaporeon, F|
|poke|p1|Mamoswine, F|
|poke|p1|Garchomp, M|
|poke|p1|Mandibuzz, F|
|poke|p1|Moltres|
|poke|p1|Slowking-Galar, F|
|poke|p2|Mew|
|poke|p2|Ninetales-Alola, M|
|poke|p2|Kommo-o, M|
|poke|p2|Polteageist|
|poke|p2|Slowbro-Galar, M|
|poke|p2|Zapdos-Galar|
|teampreview
|inactive|Battle timer is ON: inactive players will automatically lose when time's up. (requested by 8balljacketguy)
|
|t:|1654923629
|start
|switch|p1a: Mamoswine|Mamoswine, F|100/100
|switch|p2a: Mew|Mew|100/100
|turn|1
|
|t:|1654923634
|move|p2a: Mew|Stealth Rock|p1a: Mamoswine
|-sidestart|p1: you have homework|move: Stealth Rock
|move|p1a: Mamoswine|Knock Off|p2a: Mew
|-supereffective|p2a: Mew
|-enditem|p2a: Mew|Colbur Berry|[eat]
|-enditem|p2a: Mew|Colbur Berry|[weaken]
|-damage|p2a: Mew|57/100
|
|upkeep
|turn|2
|
|t:|1654923642
|move|p2a: Mew|Spikes|p1a: Mamoswine
|-sidestart|p1: you have homework|Spikes
|move|p1a: Mamoswine|Knock Off|p2a: Mew
|-supereffective|p2a: Mew
|-damage|p2a: Mew|0 fnt
|faint|p2a: Mew
|
|upkeep
|
|t:|1654923646
|switch|p2a: Ninetales|Ninetales-Alola, M|100/100
|-weather|Hail|[from] ability: Snow Warning|[of] p2a: Ninetales
|turn|3
|
|t:|1654923650
|move|p2a: Ninetales|Aurora Veil|p2a: Ninetales
|-sidestart|p2: 8balljacketguy|move: Aurora Veil
|move|p1a: Mamoswine|Knock Off|p2a: Ninetales
|-resisted|p2a: Ninetales
|-damage|p2a: Ninetales|85/100
|-enditem|p2a: Ninetales|Light Clay|[from] move: Knock Off|[of] p1a: Mamoswine
|
|-weather|Hail|[upkeep]
|upkeep
|turn|4
|
|t:|1654923657
|switch|p1a: Slowking|Slowking-Galar, F|100/100
|-damage|p1a: Slowking|88/100|[from] Stealth Rock
|-damage|p1a: Slowking|76/100|[from] Spikes
|move|p2a: Ninetales|Freeze-Dry|p1a: Slowking
|-damage|p1a: Slowking|65/100
|
|-weather|Hail|[upkeep]
|-damage|p1a: Slowking|59/100|[from] Hail
|upkeep
|turn|5
|
|t:|1654923666
|switch|p2a: Slowbro|Slowbro-Galar, M|100/100
|move|p1a: Slowking|Future Sight|p2a: Slowbro
|-start|p1a: Slowking|move: Future Sight
|
|-weather|Hail|[upkeep]
|-damage|p2a: Slowbro|94/100|[from] Hail
|-damage|p1a: Slowking|53/100|[from] Hail
|upkeep
|turn|6
|
|t:|1654923673
|switch|p1a: Mandibuzz|Mandibuzz, F|100/100
|move|p2a: Slowbro|Belly Drum|p2a: Slowbro
|-damage|p2a: Slowbro|45/100
|-setboost|p2a: Slowbro|atk|6|[from] move: Belly Drum
|
|-weather|Hail|[upkeep]
|-damage|p2a: Slowbro|38/100|[from] Hail
|upkeep
|turn|7
|-activate|p2a: Slowbro|ability: Quick Draw
|
|t:|1654923681
|move|p2a: Slowbro|Drain Punch|p1a: Mandibuzz
|-damage|p1a: Mandibuzz|45/100
|-heal|p2a: Slowbro|70/100|[from] drain|[of] p1a: Mandibuzz
|move|p1a: Mandibuzz|Foul Play|p2a: Slowbro
|-supereffective|p2a: Slowbro
|-damage|p2a: Slowbro|0 fnt
|faint|p2a: Slowbro
|
|-weather|none
|-hint|Future Sight did not hit because the target is fainted.
|upkeep
|
|t:|1654923686
|switch|p2a: Ninetales|Ninetales-Alola, M|85/100
|-weather|Hail|[from] ability: Snow Warning|[of] p2a: Ninetales
|turn|8
|
|t:|1654923698
|switch|p1a: Slowking|Slowking-Galar, F|86/100
|-damage|p1a: Slowking|74/100|[from] Stealth Rock
|-damage|p1a: Slowking|61/100|[from] Spikes
|move|p2a: Ninetales|Freeze-Dry|p1a: Slowking
|-damage|p1a: Slowking|51/100
|
|-weather|Hail|[upkeep]
|-damage|p1a: Slowking|45/100|[from] Hail
|upkeep
|turn|9
|
|t:|1654923707
|move|p2a: Ninetales|Freeze-Dry|p1a: Slowking
|-damage|p1a: Slowking|33/100
|move|p1a: Slowking|Future Sight|p2a: Ninetales
|-start|p1a: Slowking|move: Future Sight
|
|-weather|Hail|[upkeep]
|-damage|p1a: Slowking|27/100|[from] Hail
|upkeep
|turn|10
|
|t:|1654923716
|switch|p1a: Vaporeon|Vaporeon, F|100/100
|-damage|p1a: Vaporeon|88/100|[from] Stealth Rock
|-damage|p1a: Vaporeon|75/100|[from] Spikes
|move|p2a: Ninetales|Freeze-Dry|p1a: Vaporeon
|-supereffective|p1a: Vaporeon
|-damage|p1a: Vaporeon|52/100
|-status|p1a: Vaporeon|frz
|
|-weather|Hail|[upkeep]
|-damage|p1a: Vaporeon|46/100 frz|[from] Hail
|-heal|p1a: Vaporeon|52/100 frz|[from] item: Leftovers
|-sideend|p2: 8balljacketguy|move: Aurora Veil
|upkeep
|turn|11
|j| CB Bhris Breezy
|
|t:|1654923729
|move|p2a: Ninetales|Aurora Veil|p2a: Ninetales
|-sidestart|p2: 8balljacketguy|move: Aurora Veil
|-curestatus|p1a: Vaporeon|frz|[msg]
|move|p1a: Vaporeon|Wish|p1a: Vaporeon
|
|-weather|Hail|[upkeep]
|-damage|p1a: Vaporeon|46/100|[from] Hail
|-end|p2a: Ninetales|move: Future Sight
|-damage|p2a: Ninetales|55/100
|-heal|p1a: Vaporeon|52/100|[from] item: Leftovers
|upkeep
|turn|12
|
|t:|1654923741
|switch|p1a: Mandibuzz|Mandibuzz, F|45/100
|move|p2a: Ninetales|Safeguard|p2a: Ninetales
|-sidestart|p2: 8balljacketguy|Safeguard
|
|-weather|none
|-heal|p1a: Mandibuzz|99/100|[from] move: Wish|[wisher] Vaporeon
|upkeep
|turn|13
|
|t:|1654923747
|move|p2a: Ninetales|Freeze-Dry|p1a: Mandibuzz
|-supereffective|p1a: Mandibuzz
|-damage|p1a: Mandibuzz|67/100
|move|p1a: Mandibuzz|Defog|p2a: Ninetales
|-unboost|p2a: Ninetales|evasion|1
|-sideend|p2: 8balljacketguy|move: Aurora Veil
|-sideend|p2: 8balljacketguy|Safeguard
|-sideend|p1: you have homework|Spikes|[from] move: Defog|[of] p1a: Mandibuzz
|-sideend|p1: you have homework|Stealth Rock|[from] move: Defog|[of] p1a: Mandibuzz
|
|upkeep
|turn|14
|
|t:|1654923758
|switch|p1a: Slowking|Slowking-Galar, F|60/100
|move|p2a: Ninetales|Encore||[still]
|-fail|p2a: Ninetales
|
|upkeep
|turn|15
|
|t:|1654923766
|move|p2a: Ninetales|Safeguard|p2a: Ninetales
|-sidestart|p2: 8balljacketguy|Safeguard
|move|p1a: Slowking|Future Sight|p2a: Ninetales
|-start|p1a: Slowking|move: Future Sight
|
|upkeep
|turn|16
|
|t:|1654923772
|switch|p2a: Zapdos|Zapdos-Galar|100/100
|switch|p1a: Vaporeon|Vaporeon, F|52/100
|
|-heal|p1a: Vaporeon|58/100|[from] item: Leftovers
|upkeep
|turn|17
|
|t:|1654923779
|move|p1a: Vaporeon|Protect|p1a: Vaporeon
|-singleturn|p1a: Vaporeon|Protect
|move|p2a: Zapdos|U-turn|p1a: Vaporeon
|-activate|p1a: Vaporeon|move: Protect
|
|-end|p2a: Zapdos|move: Future Sight
|-supereffective|p2a: Zapdos
|-damage|p2a: Zapdos|0 fnt
|faint|p2a: Zapdos
|-heal|p1a: Vaporeon|64/100|[from] item: Leftovers
|upkeep
|
|t:|1654923782
|switch|p2a: Ninetales|Ninetales-Alola, M|55/100
|-weather|Hail|[from] ability: Snow Warning|[of] p2a: Ninetales
|turn|18
|
|t:|1654923791
|switch|p1a: Slowking|Slowking-Galar, F|94/100
|move|p2a: Ninetales|Freeze-Dry|p1a: Slowking
|-damage|p1a: Slowking|82/100
|
|-weather|Hail|[upkeep]
|-damage|p1a: Slowking|76/100|[from] Hail
|upkeep
|turn|19
|
|t:|1654923799
|move|p2a: Ninetales|Aurora Veil|p2a: Ninetales
|-sidestart|p2: 8balljacketguy|move: Aurora Veil
|move|p1a: Slowking|Future Sight|p2a: Ninetales
|-start|p1a: Slowking|move: Future Sight
|
|-weather|Hail|[upkeep]
|-damage|p1a: Slowking|70/100|[from] Hail
|-sideend|p2: 8balljacketguy|Safeguard
|upkeep
|turn|20
|
|t:|1654923805
|switch|p1a: Vaporeon|Vaporeon, F|64/100
|move|p2a: Ninetales|Freeze-Dry|p1a: Vaporeon
|-supereffective|p1a: Vaporeon
|-damage|p1a: Vaporeon|42/100
|
|-weather|Hail|[upkeep]
|-damage|p1a: Vaporeon|36/100|[from] Hail
|-heal|p1a: Vaporeon|42/100|[from] item: Leftovers
|upkeep
|turn|21
|
|t:|1654923814
|move|p2a: Ninetales|Freeze-Dry|p1a: Vaporeon
|-supereffective|p1a: Vaporeon
|-damage|p1a: Vaporeon|19/100
|move|p1a: Vaporeon|Wish|p1a: Vaporeon
|
|-weather|Hail|[upkeep]
|-damage|p1a: Vaporeon|13/100|[from] Hail
|-end|p2a: Ninetales|move: Future Sight
|-damage|p2a: Ninetales|26/100
|-heal|p1a: Vaporeon|19/100|[from] item: Leftovers
|upkeep
|turn|22
|
|t:|1654923824
|switch|p2a: Polteageist|Polteageist|100/100
|move|p1a: Vaporeon|Protect||[still]
|-fail|p1a: Vaporeon
|
|-weather|none
|-heal|p1a: Vaporeon|69/100|[from] move: Wish|[wisher] Vaporeon
|-heal|p1a: Vaporeon|75/100|[from] item: Leftovers
|upkeep
|turn|23
|
|t:|1654923833
|switch|p1a: Mamoswine|Mamoswine, F|100/100
|move|p2a: Polteageist|Shell Smash|p2a: Polteageist
|-unboost|p2a: Polteageist|def|1
|-unboost|p2a: Polteageist|spd|1
|-boost|p2a: Polteageist|atk|2
|-boost|p2a: Polteageist|spa|2
|-boost|p2a: Polteageist|spe|2
|-enditem|p2a: Polteageist|White Herb
|-clearnegativeboost|p2a: Polteageist|[silent]
|
|-sideend|p2: 8balljacketguy|move: Aurora Veil
|upkeep
|turn|24
|
|t:|1654923842
|move|p2a: Polteageist|Strength Sap|p1a: Mamoswine
|-unboost|p1a: Mamoswine|atk|1
|move|p1a: Mamoswine|Knock Off|p2a: Polteageist
|-supereffective|p2a: Polteageist
|-crit|p2a: Polteageist
|-damage|p2a: Polteageist|0 fnt
|faint|p2a: Polteageist
|
|upkeep
|
|t:|1654923846
|switch|p2a: Kommo-o|Kommo-o, M|100/100
|turn|25
|
|t:|1654923855
|switch|p1a: Garchomp|Garchomp, M|100/100
|move|p2a: Kommo-o|Belly Drum|p2a: Kommo-o
|-damage|p2a: Kommo-o|50/100
|-setboost|p2a: Kommo-o|atk|6|[from] move: Belly Drum
|-enditem|p2a: Kommo-o|Sitrus Berry|[eat]
|-heal|p2a: Kommo-o|75/100|[from] item: Sitrus Berry
|
|upkeep
|turn|26
|
|t:|1654923863
|move|p1a: Garchomp|Dragon Claw|p2a: Kommo-o
|-supereffective|p2a: Kommo-o
|-damage|p2a: Kommo-o|0 fnt
|faint|p2a: Kommo-o
|
|upkeep
|-message|8balljacketguy forfeited.
|
|win|you have homework
|raw|you have homework's rating: 1616 &rarr; <strong>1637</strong><br />(+21 for winning)
|raw|8balljacketguy's rating: 1636 &rarr; <strong>1615</strong><br />(-21 for losing)
|l|☆8balljacketguy
|l|☆you have homework
|c| CB Bhris Breezy|damn not the 6-0
