|j|☆yung_iznamakin
|j|☆NairFlipkick
|t:|1648669440
|gametype|singles
|player|p1|yung_iznamakin|brendan-gen3|1490
|player|p2|NairFlipkick|battlegirl-gen4|1539
|teamsize|p1|6
|teamsize|p2|6
|gen|8
|tier|[Gen 8] OU
|rated|
|rule|Sleep Clause Mod: Limit one foe put to sleep
|rule|Species Clause: Limit one of each Pokémon
|rule|OHKO Clause: OHKO moves are banned
|rule|Evasion Moves Clause: Evasion moves are banned
|rule|Endless Battle Clause: Forcing endless battles is banned
|rule|HP Percentage Mod: HP is shown in percentages
|rule|Dynamax Clause: You cannot dynamax
|clearpoke
|poke|p1|Kommo-o, F|
|poke|p1|Corviknight, M|
|poke|p1|Slowking-Galar, M|
|poke|p1|Tapu Koko|
|poke|p1|Landorus-Therian, M|
|poke|p1|Weavile, M|
|poke|p2|Jirachi|
|poke|p2|Tyranitar, F|
|poke|p2|Tornadus-Therian, M|
|poke|p2|Terrakion|
|poke|p2|Slowbro, F|
|poke|p2|Rotom-Heat|
|teampreview
|inactive|Battle timer is ON: inactive players will automatically lose when time's up. (requested by yung_iznamakin)
|
|t:|1648669469
|start
|switch|p1a: Kommo-o|Kommo-o, F|100/100
|switch|p2a: Tyranitar|Tyranitar, F|100/100
|-weather|Sandstorm|[from] ability: Sand Stream|[of] p2a: Tyranitar
|turn|1
|
|t:|1648669479
|switch|p2a: Slowbro|Slowbro, F|100/100
|move|p1a: Kommo-o|Body Press|p2a: Slowbro
|-resisted|p2a: Slowbro
|-damage|p2a: Slowbro|89/100
|-damage|p1a: Kommo-o|84/100|[from] item: Rocky Helmet|[of] p2a: Slowbro
|
|-weather|Sandstorm|[upkeep]
|-damage|p1a: Kommo-o|78/100|[from] Sandstorm
|-damage|p2a: Slowbro|83/100|[from] Sandstorm
|-heal|p1a: Kommo-o|84/100|[from] item: Leftovers
|upkeep
|turn|2
|
|t:|1648669494
|move|p1a: Kommo-o|Toxic|p2a: Slowbro
|-status|p2a: Slowbro|tox
|move|p2a: Slowbro|Teleport|p2a: Slowbro
|
|t:|1648669503
|switch|p2a: Tornadus|Tornadus-Therian, M|100/100|[from]move: Teleport
|
|-weather|Sandstorm|[upkeep]
|-damage|p2a: Tornadus|94/100|[from] Sandstorm
|-damage|p1a: Kommo-o|78/100|[from] Sandstorm
|-heal|p1a: Kommo-o|84/100|[from] item: Leftovers
|upkeep
|turn|3
|
|t:|1648669509
|move|p1a: Kommo-o|Protect|p1a: Kommo-o
|-singleturn|p1a: Kommo-o|Protect
|move|p2a: Tornadus|Hurricane|p1a: Kommo-o
|-activate|p1a: Kommo-o|move: Protect
|
|-weather|Sandstorm|[upkeep]
|-damage|p2a: Tornadus|88/100|[from] Sandstorm
|-damage|p1a: Kommo-o|78/100|[from] Sandstorm
|-heal|p1a: Kommo-o|84/100|[from] item: Leftovers
|upkeep
|turn|4
|
|t:|1648669518
|switch|p1a: Slowking|Slowking-Galar, M|100/100
|move|p2a: Tornadus|Knock Off|p1a: Slowking
|-supereffective|p1a: Slowking
|-damage|p1a: Slowking|60/100
|-enditem|p1a: Slowking|Assault Vest|[from] move: Knock Off|[of] p2a: Tornadus
|
|-weather|Sandstorm|[upkeep]
|-damage|p2a: Tornadus|82/100|[from] Sandstorm
|-damage|p1a: Slowking|54/100|[from] Sandstorm
|upkeep
|turn|5
|
|t:|1648669526
|move|p2a: Tornadus|U-turn|p1a: Slowking
|-damage|p1a: Slowking|38/100
|
|t:|1648669528
|switch|p2a: Tyranitar|Tyranitar, F|100/100|[from]move: U-turn
|move|p1a: Slowking|Future Sight|p2a: Tyranitar
|-start|p1a: Slowking|move: Future Sight
|
|-weather|none
|upkeep
|turn|6
|
|t:|1648669537
|switch|p1a: Kommo-o|Kommo-o, F|84/100
|move|p2a: Tyranitar|Stone Edge|p1a: Kommo-o|[miss]
|-miss|p2a: Tyranitar|p1a: Kommo-o
|
|-heal|p1a: Kommo-o|90/100|[from] item: Leftovers
|upkeep
|turn|7
|
|t:|1648669544
|switch|p2a: Slowbro|Slowbro, F|100/100 tox
|move|p1a: Kommo-o|Body Press|p2a: Slowbro
|-resisted|p2a: Slowbro
|-damage|p2a: Slowbro|90/100 tox
|-damage|p1a: Kommo-o|73/100|[from] item: Rocky Helmet|[of] p2a: Slowbro
|
|-end|p2a: Slowbro|move: Future Sight
|-resisted|p2a: Slowbro
|-damage|p2a: Slowbro|62/100 tox
|-heal|p1a: Kommo-o|80/100|[from] item: Leftovers
|-damage|p2a: Slowbro|56/100 tox|[from] psn
|upkeep
|turn|8
|
|t:|1648669556
|move|p1a: Kommo-o|Stealth Rock|p2a: Slowbro
|-sidestart|p2: NairFlipkick|move: Stealth Rock
|move|p2a: Slowbro|Teleport|p2a: Slowbro
|
|t:|1648669558
|switch|p2a: Tornadus|Tornadus-Therian, M|100/100|[from]move: Teleport
|
|-heal|p1a: Kommo-o|86/100|[from] item: Leftovers
|upkeep
|turn|9
|
|t:|1648669563
|move|p2a: Tornadus|Hurricane|p1a: Kommo-o
|-supereffective|p1a: Kommo-o
|-damage|p1a: Kommo-o|24/100
|move|p1a: Kommo-o|Toxic|p2a: Tornadus
|-status|p2a: Tornadus|tox
|
|-heal|p1a: Kommo-o|30/100|[from] item: Leftovers
|-damage|p2a: Tornadus|94/100 tox|[from] psn
|upkeep
|turn|10
|
|t:|1648669587
|move|p1a: Kommo-o|Protect|p1a: Kommo-o
|-singleturn|p1a: Kommo-o|Protect
|move|p2a: Tornadus|Hurricane|p1a: Kommo-o
|-activate|p1a: Kommo-o|move: Protect
|
|-heal|p1a: Kommo-o|37/100|[from] item: Leftovers
|-damage|p2a: Tornadus|82/100 tox|[from] psn
|upkeep
|turn|11
|
|t:|1648669595
|switch|p1a: Tapu Koko|Tapu Koko|100/100
|-fieldstart|move: Electric Terrain|[from] ability: Electric Surge|[of] p1a: Tapu Koko
|move|p2a: Tornadus|U-turn|p1a: Tapu Koko
|-resisted|p1a: Tapu Koko
|-damage|p1a: Tapu Koko|90/100
|
|t:|1648669601
|switch|p2a: Jirachi|Jirachi|100/100|[from]move: U-turn
|-damage|p2a: Jirachi|94/100|[from] Stealth Rock
|
|-heal|p2a: Jirachi|100/100|[from] item: Leftovers
|upkeep
|turn|12
|
|t:|1648669607
|move|p1a: Tapu Koko|U-turn|p2a: Jirachi
|-damage|p2a: Jirachi|87/100
|
|t:|1648669610
|switch|p1a: Corviknight|Corviknight, M|100/100|[from]move: U-turn
|-ability|p1a: Corviknight|Pressure
|move|p2a: Jirachi|Stealth Rock|p1a: Corviknight
|-sidestart|p1: yung_iznamakin|move: Stealth Rock
|
|-heal|p2a: Jirachi|94/100|[from] item: Leftovers
|upkeep
|turn|13
|
|t:|1648669617
|move|p2a: Jirachi|U-turn|p1a: Corviknight
|-resisted|p1a: Corviknight
|-damage|p1a: Corviknight|98/100
|-damage|p2a: Jirachi|77/100|[from] item: Rocky Helmet|[of] p1a: Corviknight
|
|t:|1648669628
|switch|p2a: Slowbro|Slowbro, F|89/100 tox|[from]move: U-turn
|-damage|p2a: Slowbro|77/100 tox|[from] Stealth Rock
|move|p1a: Corviknight|U-turn|p2a: Slowbro
|-supereffective|p2a: Slowbro
|-damage|p2a: Slowbro|58/100 tox
|-damage|p1a: Corviknight|81/100|[from] item: Rocky Helmet|[of] p2a: Slowbro
|
|t:|1648669636
|switch|p1a: Tapu Koko|Tapu Koko|90/100|[from]move: U-turn
|
|-damage|p2a: Slowbro|52/100 tox|[from] psn
|upkeep
|turn|14
|
|t:|1648669641
|switch|p2a: Jirachi|Jirachi|77/100
|-damage|p2a: Jirachi|71/100|[from] Stealth Rock
|move|p1a: Tapu Koko|Thunderbolt|p2a: Jirachi
|-damage|p2a: Jirachi|42/100
|
|-heal|p2a: Jirachi|48/100|[from] item: Leftovers
|upkeep
|turn|15
|
|t:|1648669648
|move|p1a: Tapu Koko|Thunderbolt|p2a: Jirachi
|-damage|p2a: Jirachi|14/100
|move|p2a: Jirachi|U-turn|p1a: Tapu Koko
|-resisted|p1a: Tapu Koko
|-damage|p1a: Tapu Koko|79/100
|
|t:|1648669654
|switch|p2a: Tyranitar|Tyranitar, F|100/100|[from]move: U-turn
|-damage|p2a: Tyranitar|88/100|[from] Stealth Rock
|-weather|Sandstorm|[from] ability: Sand Stream|[of] p2a: Tyranitar
|
|-weather|Sandstorm|[upkeep]
|-damage|p1a: Tapu Koko|73/100|[from] Sandstorm
|-fieldend|move: Electric Terrain
|upkeep
|turn|16
|
|t:|1648669671
|move|p1a: Tapu Koko|U-turn|p2a: Tyranitar
|-supereffective|p2a: Tyranitar
|-damage|p2a: Tyranitar|57/100
|
|t:|1648669675
|switch|p1a: Kommo-o|Kommo-o, F|37/100|[from]move: U-turn
|-damage|p1a: Kommo-o|30/100|[from] Stealth Rock
|move|p2a: Tyranitar|Stone Edge|p1a: Kommo-o|[miss]
|-miss|p2a: Tyranitar|p1a: Kommo-o
|
|-weather|Sandstorm|[upkeep]
|-damage|p1a: Kommo-o|24/100|[from] Sandstorm
|-heal|p1a: Kommo-o|30/100|[from] item: Leftovers
|upkeep
|turn|17
|
|t:|1648669684
|switch|p2a: Tornadus|Tornadus-Therian, M|100/100 tox
|move|p1a: Kommo-o|Toxic|p2a: Tornadus
|-fail|p2a: Tornadus|tox
|
|-weather|Sandstorm|[upkeep]
|-damage|p2a: Tornadus|94/100 tox|[from] Sandstorm
|-damage|p1a: Kommo-o|24/100|[from] Sandstorm
|-heal|p1a: Kommo-o|30/100|[from] item: Leftovers
|-damage|p2a: Tornadus|88/100 tox|[from] psn
|upkeep
|turn|18
|
|t:|1648669712
|move|p1a: Kommo-o|Protect|p1a: Kommo-o
|-singleturn|p1a: Kommo-o|Protect
|move|p2a: Tornadus|Hurricane|p1a: Kommo-o
|-activate|p1a: Kommo-o|move: Protect
|
|-weather|Sandstorm|[upkeep]
|-damage|p2a: Tornadus|82/100 tox|[from] Sandstorm
|-damage|p1a: Kommo-o|24/100|[from] Sandstorm
|-heal|p1a: Kommo-o|30/100|[from] item: Leftovers
|-damage|p2a: Tornadus|70/100 tox|[from] psn
|upkeep
|turn|19
|
|t:|1648669723
|switch|p1a: Slowking|Slowking-Galar, M|71/100
|-damage|p1a: Slowking|59/100|[from] Stealth Rock
|move|p2a: Tornadus|Knock Off|p1a: Slowking
|-supereffective|p1a: Slowking
|-damage|p1a: Slowking|30/100
|
|-weather|none
|-damage|p2a: Tornadus|52/100 tox|[from] psn
|upkeep
|turn|20
|
|t:|1648669732
|switch|p1a: Landorus|Landorus-Therian, M|100/100
|-damage|p1a: Landorus|88/100|[from] Stealth Rock
|-ability|p1a: Landorus|Intimidate|boost
|-unboost|p2a: Tornadus|atk|1
|move|p2a: Tornadus|Defog|p1a: Landorus
|-unboost|p1a: Landorus|evasion|1
|-sideend|p1: yung_iznamakin|Stealth Rock|[from] move: Defog|[of] p2a: Tornadus
|-sideend|p2: NairFlipkick|Stealth Rock|[from] move: Defog|[of] p2a: Tornadus
|
|-damage|p2a: Tornadus|28/100 tox|[from] psn
|upkeep
|turn|21
|
|t:|1648669741
|switch|p2a: Slowbro|Slowbro, F|86/100 tox
|move|p1a: Landorus|Substitute|p1a: Landorus
|-start|p1a: Landorus|Substitute
|-damage|p1a: Landorus|64/100
|
|-damage|p2a: Slowbro|79/100 tox|[from] psn
|upkeep
|turn|22
|
|t:|1648669747
|move|p1a: Landorus|Swords Dance|p1a: Landorus
|-boost|p1a: Landorus|atk|2
|move|p2a: Slowbro|Future Sight|p1a: Landorus
|-start|p2a: Slowbro|move: Future Sight
|
|-damage|p2a: Slowbro|67/100 tox|[from] psn
|upkeep
|turn|23
|
|t:|1648669753
|move|p1a: Landorus|Earthquake|p2a: Slowbro
|-damage|p2a: Slowbro|0 fnt
|faint|p2a: Slowbro
|
|upkeep
|
|t:|1648669761
|switch|p2a: Tornadus|Tornadus-Therian, M|61/100 tox
|turn|24
|
|t:|1648669766
|move|p2a: Tornadus|Hurricane|p1a: Landorus
|-end|p1a: Landorus|Substitute
|move|p1a: Landorus|Smack Down|p2a: Tornadus
|-supereffective|p2a: Tornadus
|-damage|p2a: Tornadus|0 fnt
|faint|p2a: Tornadus
|
|-end|p1a: Landorus|move: Future Sight
|-damage|p1a: Landorus|10/100
|upkeep
|
|t:|1648669783
|switch|p2a: Terrakion|Terrakion|100/100
|turn|25
|
|t:|1648669798
|move|p2a: Terrakion|Stone Edge|p1a: Landorus
|-damage|p1a: Landorus|0 fnt
|faint|p1a: Landorus
|-damage|p2a: Terrakion|91/100|[from] item: Life Orb
|
|upkeep
|inactive|yung_iznamakin has 120 seconds left.
|
|t:|1648669831
|switch|p1a: Kommo-o|Kommo-o, F|30/100
|turn|26
|
|t:|1648669851
|move|p2a: Terrakion|Close Combat|p1a: Kommo-o
|-damage|p1a: Kommo-o|0 fnt
|-unboost|p2a: Terrakion|def|1
|-unboost|p2a: Terrakion|spd|1
|faint|p1a: Kommo-o
|-damage|p2a: Terrakion|81/100|[from] item: Life Orb
|
|upkeep
|inactive|yung_iznamakin has 120 seconds left.
|
|t:|1648669866
|switch|p1a: Weavile|Weavile, M|100/100
|-ability|p1a: Weavile|Pressure
|turn|27
|
|t:|1648669878
|switch|p1a: Corviknight|Corviknight, M|81/100
|-ability|p1a: Corviknight|Pressure
|switch|p2a: Jirachi|Jirachi|14/100
|
|-heal|p2a: Jirachi|21/100|[from] item: Leftovers
|upkeep
|turn|28
|
|t:|1648669886
|move|p2a: Jirachi|Stealth Rock|p1a: Corviknight
|-sidestart|p1: yung_iznamakin|move: Stealth Rock
|move|p1a: Corviknight|U-turn|p2a: Jirachi
|-damage|p2a: Jirachi|8/100
|
|t:|1648669889
|switch|p1a: Tapu Koko|Tapu Koko|73/100|[from]move: U-turn
|-fieldstart|move: Electric Terrain|[from] ability: Electric Surge|[of] p1a: Tapu Koko
|
|-heal|p2a: Jirachi|14/100|[from] item: Leftovers
|upkeep
|turn|29
|
|t:|1648669900
|move|p1a: Tapu Koko|Thunderbolt|p2a: Jirachi
|-damage|p2a: Jirachi|0 fnt
|faint|p2a: Jirachi
|
|upkeep
|
|t:|1648669903
|switch|p2a: Tyranitar|Tyranitar, F|57/100
|-weather|Sandstorm|[from] ability: Sand Stream|[of] p2a: Tyranitar
|turn|30
|
|t:|1648669910
|move|p1a: Tapu Koko|U-turn|p2a: Tyranitar
|-supereffective|p2a: Tyranitar
|-damage|p2a: Tyranitar|28/100
|
|t:|1648669912
|switch|p1a: Corviknight|Corviknight, M|81/100|[from]move: U-turn
|-damage|p1a: Corviknight|69/100|[from] Stealth Rock
|-ability|p1a: Corviknight|Pressure
|move|p2a: Tyranitar|Stone Edge|p1a: Corviknight
|-damage|p1a: Corviknight|11/100
|
|-weather|Sandstorm|[upkeep]
|upkeep
|turn|31
|
|t:|1648669921
|move|p2a: Tyranitar|Stone Edge|p1a: Corviknight
|-damage|p1a: Corviknight|0 fnt
|faint|p1a: Corviknight
|
|-weather|Sandstorm|[upkeep]
|upkeep
|
|t:|1648669925
|switch|p1a: Tapu Koko|Tapu Koko|73/100
|turn|32
|inactive|yung_iznamakin has 120 seconds left.
|inactive|NairFlipkick has 120 seconds left.
|inactive|yung_iznamakin has 90 seconds left.
|
|t:|1648669991
|switch|p2a: Rotom|Rotom-Heat|100/100
|move|p1a: Tapu Koko|U-turn|p2a: Rotom
|-resisted|p2a: Rotom
|-damage|p2a: Rotom|90/100
|inactive|yung_iznamakin has 60 seconds left.
|
|t:|1648670050
|switch|p1a: Slowking|Slowking-Galar, M|63/100|[from]move: U-turn
|-damage|p1a: Slowking|51/100|[from] Stealth Rock
|
|-weather|Sandstorm|[upkeep]
|-damage|p2a: Rotom|83/100|[from] Sandstorm
|-damage|p1a: Slowking|45/100|[from] Sandstorm
|-fieldend|move: Electric Terrain
|upkeep
|turn|33
|
|t:|1648670057
|move|p2a: Rotom|Volt Switch|p1a: Slowking
|-damage|p1a: Slowking|25/100
|
|t:|1648670060
|switch|p2a: Tyranitar|Tyranitar, F|28/100|[from]move: Volt Switch
|move|p1a: Slowking|Sludge Bomb|p2a: Tyranitar
|-resisted|p2a: Tyranitar
|-damage|p2a: Tyranitar|15/100
|-status|p2a: Tyranitar|psn
|
|-weather|Sandstorm|[upkeep]
|-damage|p1a: Slowking|19/100|[from] Sandstorm
|-damage|p2a: Tyranitar|2/100 psn|[from] psn
|upkeep
|turn|34
|
|t:|1648670072
|switch|p1a: Tapu Koko|Tapu Koko|73/100
|-fieldstart|move: Electric Terrain|[from] ability: Electric Surge|[of] p1a: Tapu Koko
|move|p2a: Tyranitar|Earthquake|p1a: Tapu Koko
|-supereffective|p1a: Tapu Koko
|-damage|p1a: Tapu Koko|0 fnt
|faint|p1a: Tapu Koko
|
|-weather|none
|-damage|p2a: Tyranitar|0 fnt|[from] psn
|faint|p2a: Tyranitar
|upkeep
|inactive|NairFlipkick has 120 seconds left.
|
|t:|1648670103
|switch|p1a: Weavile|Weavile, M|100/100
|switch|p2a: Terrakion|Terrakion|81/100
|-damage|p1a: Weavile|76/100|[from] Stealth Rock
|-ability|p1a: Weavile|Pressure
|turn|35
|inactive|NairFlipkick has 120 seconds left.
|
|t:|1648670119
|switch|p2a: Rotom|Rotom-Heat|83/100
|move|p1a: Weavile|Low Kick|p2a: Rotom
|-damage|p2a: Rotom|71/100
|-damage|p1a: Weavile|66/100|[from] item: Life Orb
|
|upkeep
|turn|36
|inactive|NairFlipkick has 120 seconds left.
|inactive|NairFlipkick has 90 seconds left.
|
|t:|1648670159
|switch|p1a: Slowking|Slowking-Galar, M|52/100
|-damage|p1a: Slowking|40/100|[from] Stealth Rock
|move|p2a: Rotom|Overheat|p1a: Slowking
|-damage|p1a: Slowking|4/100
|-unboost|p2a: Rotom|spa|2
|
|upkeep
|turn|37
|
|t:|1648670168
|move|p2a: Rotom|Overheat|p1a: Slowking
|-damage|p1a: Slowking|0 fnt
|-unboost|p2a: Rotom|spa|2
|faint|p1a: Slowking
|
|upkeep
|
|t:|1648670174
|switch|p1a: Weavile|Weavile, M|66/100
|-damage|p1a: Weavile|41/100|[from] Stealth Rock
|-ability|p1a: Weavile|Pressure
|turn|38
|inactive|yung_iznamakin has 60 seconds left.
|
|t:|1648670192
|move|p2a: Rotom|Overheat|p1a: Weavile
|-supereffective|p1a: Weavile
|-damage|p1a: Weavile|0 fnt
|-unboost|p2a: Rotom|spa|2
|faint|p1a: Weavile
|
|win|NairFlipkick
|raw|yung_iznamakin's rating: 1490 &rarr; <strong>1473</strong><br />(-17 for losing)
|raw|NairFlipkick's rating: 1539 &rarr; <strong>1556</strong><br />(+17 for winning)
|l|☆yung_iznamakin
||Ladder isn't responding, score probably updated but might not have (Request timeout).
