|j|☆ArcanineSquad
|j|☆maxx77
|t:|1608046820
|player|p1|ArcanineSquad|cynthia-gen4|1532
|player|p2|maxx77|265|1444
|teamsize|p1|6
|teamsize|p2|6
|gametype|singles
|gen|8
|tier|[Gen 8] OU
|rated|
|clearpoke
|poke|p1|Clefable, M|
|poke|p1|Cinderace, M|
|poke|p1|Slowking, F|
|poke|p1|Landorus-Therian, M|
|poke|p1|Magearna|
|poke|p1|Hydreigon, F|
|poke|p2|Melmetal|
|poke|p2|Slowking-Galar, F|
|poke|p2|Kyurem|
|poke|p2|Rillaboom, M|
|poke|p2|Hydreigon, M|
|poke|p2|Clefable, F|
|rule|Sleep Clause Mod: Limit one foe put to sleep
|rule|Species Clause: Limit one of each Pokémon
|rule|OHKO Clause: OHKO moves are banned
|rule|Evasion Moves Clause: Evasion moves are banned
|rule|Endless Battle Clause: Forcing endless battles is banned
|rule|HP Percentage Mod: HP is shown in percentages
|rule|Dynamax Clause: You cannot dynamax
|teampreview
|inactive|Battle timer is ON: inactive players will automatically lose when time's up. (requested by ArcanineSquad)
|
|t:|1608046836
|start
|switch|p1a: Magearna|Magearna|100/100
|switch|p2a: Kyurem|Kyurem|100/100
|-ability|p2a: Kyurem|Pressure
|turn|1
|
|t:|1608046850
|switch|p2a: Slowking|Slowking-Galar, F|100/100
|move|p1a: Magearna|Flash Cannon|p2a: Slowking
|-damage|p2a: Slowking|67/100
|
|upkeep
|turn|2
|
|t:|1608046865
|move|p1a: Magearna|Flash Cannon|p2a: Slowking
|-damage|p2a: Slowking|35/100
|move|p2a: Slowking|Future Sight|p1a: Magearna
|-start|p2a: Slowking|move: Future Sight
|
|upkeep
|turn|3
|c|☆maxx77|specs as fuck
|
|t:|1608046876
|switch|p2a: Melmetal|Melmetal|100/100
|move|p1a: Magearna|Flash Cannon|p2a: Melmetal
|-resisted|p2a: Melmetal
|-damage|p2a: Melmetal|63/100
|-unboost|p2a: Melmetal|spd|1
|
|upkeep
|turn|4
|
|t:|1608046889
|switch|p2a: Slowking|Slowking-Galar, F|68/100
|move|p1a: Magearna|Flash Cannon|p2a: Slowking
|-damage|p2a: Slowking|34/100
|
|-end|p1a: Magearna|move: Future Sight
|-resisted|p1a: Magearna
|-damage|p1a: Magearna|77/100
|upkeep
|turn|5
|
|t:|1608046898
|switch|p2a: Melmetal|Melmetal|63/100
|move|p1a: Magearna|Flash Cannon|p2a: Melmetal
|-resisted|p2a: Melmetal
|-damage|p2a: Melmetal|26/100
|
|upkeep
|turn|6
|
|t:|1608046906
|move|p1a: Magearna|Flash Cannon|p2a: Melmetal
|-resisted|p2a: Melmetal
|-damage|p2a: Melmetal|0 fnt
|faint|p2a: Melmetal
|-ability|p1a: Magearna|Soul-Heart|boost
|-boost|p1a: Magearna|spa|1
|
|upkeep
|
|t:|1608046918
|switch|p2a: Slowking|Slowking-Galar, F|67/100
|turn|7
|
|t:|1608046922
|move|p1a: Magearna|Flash Cannon|p2a: Slowking
|-damage|p2a: Slowking|22/100
|move|p2a: Slowking|Fire Blast|p1a: Magearna
|-supereffective|p1a: Magearna
|-damage|p1a: Magearna|15/100
|
|upkeep
|turn|8
|
|t:|1608046929
|move|p1a: Magearna|Flash Cannon|p2a: Slowking
|-damage|p2a: Slowking|0 fnt
|faint|p2a: Slowking
|-ability|p1a: Magearna|Soul-Heart|boost
|-boost|p1a: Magearna|spa|1
|
|upkeep
|
|t:|1608046947
|switch|p2a: Rillaboom|Rillaboom, M|100/100
|-fieldstart|move: Grassy Terrain|[from] ability: Grassy Surge|[of] p2a: Rillaboom
|turn|9
|
|t:|1608046954
|move|p2a: Rillaboom|Wood Hammer|p1a: Magearna
|-resisted|p1a: Magearna
|-damage|p1a: Magearna|0 fnt
|-damage|p2a: Rillaboom|96/100|[from] Recoil
|faint|p1a: Magearna
|
|-heal|p2a: Rillaboom|100/100|[from] Grassy Terrain
|upkeep
|
|t:|1608046960
|switch|p1a: Cinderace|Cinderace, M|100/100
|turn|10
|
|t:|1608046965
|switch|p2a: Clefable|Clefable, F|100/100
|move|p1a: Cinderace|Gunk Shot|p2a: Clefable
|-start|p1a: Cinderace|typechange|Poison|[from] ability: Libero
|-supereffective|p2a: Clefable
|-damage|p2a: Clefable|2/100
|
|-heal|p2a: Clefable|8/100|[from] item: Leftovers
|-heal|p2a: Clefable|14/100|[from] Grassy Terrain
|upkeep
|turn|11
|
|t:|1608046978
|move|p1a: Cinderace|Pyro Ball|p2a: Clefable
|-start|p1a: Cinderace|typechange|Fire|[from] ability: Libero
|-damage|p2a: Clefable|0 fnt
|faint|p2a: Clefable
|
|upkeep
|
|t:|1608046989
|switch|p2a: Hydreigon|Hydreigon, M|100/100
|turn|12
|
|t:|1608046995
|switch|p1a: Clefable|Clefable, M|100/100
|move|p2a: Hydreigon|Nasty Plot|p2a: Hydreigon
|-boost|p2a: Hydreigon|spa|2
|
|upkeep
|turn|13
|
|t:|1608047002
|move|p2a: Hydreigon|Earth Power|p1a: Clefable
|-damage|p1a: Clefable|45/100
|move|p1a: Clefable|Moonblast|p2a: Hydreigon
|-supereffective|p2a: Hydreigon
|-damage|p2a: Hydreigon|11/100
|
|-heal|p2a: Hydreigon|17/100|[from] item: Leftovers
|-heal|p1a: Clefable|51/100|[from] Grassy Terrain
|-fieldend|move: Grassy Terrain
|upkeep
|turn|14
|
|t:|1608047015
|move|p2a: Hydreigon|Dark Pulse|p1a: Clefable
|-resisted|p1a: Clefable
|-damage|p1a: Clefable|15/100
|move|p1a: Clefable|Moonblast|p2a: Hydreigon
|-supereffective|p2a: Hydreigon
|-damage|p2a: Hydreigon|0 fnt
|faint|p2a: Hydreigon
|
|upkeep
|
|t:|1608047030
|switch|p2a: Kyurem|Kyurem|100/100
|-ability|p2a: Kyurem|Pressure
|turn|15
|
|t:|1608047034
|move|p2a: Kyurem|Earth Power|p1a: Clefable
|-damage|p1a: Clefable|0 fnt
|faint|p1a: Clefable
|
|upkeep
|
|t:|1608047044
|switch|p1a: Slowking|Slowking, F|100/100
|turn|16
|
|t:|1608047049
|switch|p2a: Rillaboom|Rillaboom, M|100/100
|-fieldstart|move: Grassy Terrain|[from] ability: Grassy Surge|[of] p2a: Rillaboom
|move|p1a: Slowking|Teleport|p1a: Slowking
|
|t:|1608047053
|switch|p1a: Cinderace|Cinderace, M|100/100|[from]move: Teleport
|
|upkeep
|turn|17
|
|t:|1608047061
|move|p2a: Rillaboom|Grassy Glide|p1a: Cinderace
|-resisted|p1a: Cinderace
|-damage|p1a: Cinderace|42/100
|move|p1a: Cinderace|Pyro Ball|p2a: Rillaboom
|-supereffective|p2a: Rillaboom
|-damage|p2a: Rillaboom|0 fnt
|faint|p2a: Rillaboom
|
|-heal|p1a: Cinderace|48/100|[from] Grassy Terrain
|upkeep
|
|t:|1608047070
|switch|p2a: Kyurem|Kyurem|100/100
|-ability|p2a: Kyurem|Pressure
|turn|18
|
|t:|1608047079
|move|p2a: Kyurem|Freeze-Dry|p1a: Cinderace
|-resisted|p1a: Cinderace
|-damage|p1a: Cinderace|23/100
|move|p1a: Cinderace|High Jump Kick|p2a: Kyurem|[miss]
|-start|p1a: Cinderace|typechange|Fighting|[from] ability: Libero
|-miss|p1a: Cinderace|p2a: Kyurem
|-damage|p1a: Cinderace|0 fnt|[from] highjumpkick
|faint|p1a: Cinderace
|
|upkeep
|
|t:|1608047088
|switch|p1a: Landorus|Landorus-Therian, M|100/100
|-ability|p1a: Landorus|Intimidate|boost
|-unboost|p2a: Kyurem|atk|1
|turn|19
|
|t:|1608047092
|move|p2a: Kyurem|Freeze-Dry|p1a: Landorus
|-supereffective|p1a: Landorus
|-damage|p1a: Landorus|0 fnt
|faint|p1a: Landorus
|
|upkeep
|c|☆ArcanineSquad|Wo2
|c|☆ArcanineSquad|*wow
|c|☆ArcanineSquad|Bg
|c|☆maxx77|yep
|c|☆ArcanineSquad|That miss bruh
|
|t:|1608047114
|switch|p1a: Slowking|Slowking, F|100/100
|turn|20
|c|☆maxx77|greedy fam
|
|t:|1608047119
|move|p2a: Kyurem|Freeze-Dry|p1a: Slowking
|-supereffective|p1a: Slowking
|-damage|p1a: Slowking|50/100
|move|p1a: Slowking|Slack Off|p1a: Slowking
|-heal|p1a: Slowking|99/100
|
|-heal|p1a: Slowking|100/100|[from] Grassy Terrain
|-fieldend|move: Grassy Terrain
|upkeep
|turn|21
|
|t:|1608047128
|move|p2a: Kyurem|Freeze-Dry|p1a: Slowking
|-supereffective|p1a: Slowking
|-damage|p1a: Slowking|50/100
|move|p1a: Slowking|Slack Off|p1a: Slowking
|-heal|p1a: Slowking|99/100
|
|upkeep
|turn|22
|c|☆maxx77|Ill get a freeze or out pp stall you
|
|t:|1608047147
|move|p2a: Kyurem|Freeze-Dry|p1a: Slowking
|-supereffective|p1a: Slowking
|-damage|p1a: Slowking|49/100
|move|p1a: Slowking|Future Sight|p2a: Kyurem
|-start|p1a: Slowking|move: Future Sight
|
|upkeep
|turn|23
|c|☆ArcanineSquad|Ik
|
|t:|1608047156
|switch|p1a: Hydreigon|Hydreigon, F|100/100
|move|p2a: Kyurem|Freeze-Dry|p1a: Hydreigon
|-supereffective|p1a: Hydreigon
|-damage|p1a: Hydreigon|23/100
|
|-heal|p1a: Hydreigon|29/100|[from] item: Leftovers
|upkeep
|turn|24
|
|t:|1608047169
|move|p2a: Kyurem|Freeze-Dry|p1a: Hydreigon
|-supereffective|p1a: Hydreigon
|-damage|p1a: Hydreigon|0 fnt
|faint|p1a: Hydreigon
|
|-end|p2a: Kyurem|move: Future Sight
|-damage|p2a: Kyurem|58/100
|upkeep
|
|t:|1608047172
|switch|p1a: Slowking|Slowking, F|83/100
|turn|25
|-message|ArcanineSquad forfeited.
|
|win|maxx77
|l|☆ArcanineSquad
||Ladder (probably) updated, but score could not be retrieved (Request timeout).
