|raw|<div class="broadcast-blue"><strong>This battle is required to be public due to a player having a name starting with 'lt94je'.</div>
|j|☆LT94JE 33321
|j|☆bramitoboy
|t:|1661516573
|gametype|singles
|player|p1|LT94JE 33321|az|1914
|player|p2|bramitoboy|1|1927
|teamsize|p1|6
|teamsize|p2|6
|gen|8
|tier|[Gen 8] OU
|rated|
|rule|Sleep Clause Mod: Limit one foe put to sleep
|rule|Species Clause: Limit one of each Pokémon
|rule|OHKO Clause: OHKO moves are banned
|rule|Evasion Items Clause: Evasion items are banned
|rule|Evasion Moves Clause: Evasion moves are banned
|rule|Endless Battle Clause: Forcing endless battles is banned
|rule|HP Percentage Mod: HP is shown in percentages
|rule|Dynamax Clause: You cannot dynamax
|clearpoke
|poke|p1|Kartana|
|poke|p1|Tapu Lele|
|poke|p1|Blissey, F|
|poke|p1|Landorus-Therian, M|
|poke|p1|Toxapex, F|
|poke|p1|Zapdos|
|poke|p2|Zarude-Dada|
|poke|p2|Keldeo-Resolute|
|poke|p2|Tapu Lele|
|poke|p2|Tapu Koko|
|poke|p2|Heatran, F|
|poke|p2|Landorus-Therian, M|
|teampreview
|
|t:|1661516586
|start
|switch|p1a: Toxapex|Toxapex, F|100/100
|switch|p2a: Keldeo|Keldeo-Resolute|100/100
|turn|1
|
|t:|1661516590
|switch|p1a: Zapdos|Zapdos|100/100
|move|p2a: Keldeo|Substitute|p2a: Keldeo
|-start|p2a: Keldeo|Substitute
|-damage|p2a: Keldeo|75/100
|
|-heal|p2a: Keldeo|82/100|[from] item: Leftovers
|upkeep
|turn|2
|
|t:|1661516593
|move|p2a: Keldeo|Scald|p1a: Zapdos
|-damage|p1a: Zapdos|60/100
|move|p1a: Zapdos|Volt Switch|p2a: Keldeo
|-supereffective|p2a: Keldeo
|-end|p2a: Keldeo|Substitute
|j| FFRamza
|
|t:|1661516596
|switch|p1a: Tapu Lele|Tapu Lele|100/100|[from]move: Volt Switch
|-fieldstart|move: Psychic Terrain|[from] ability: Psychic Surge|[of] p1a: Tapu Lele
|
|-heal|p2a: Keldeo|88/100|[from] item: Leftovers
|upkeep
|turn|3
|j| hippo kek
|
|t:|1661516600
|switch|p2a: Heatran|Heatran, F|100/100
|-item|p2a: Heatran|Air Balloon
|move|p1a: Tapu Lele|Moonblast|p2a: Heatran
|-resisted|p2a: Heatran
|-damage|p2a: Heatran|84/100
|-unboost|p2a: Heatran|spa|1
|-enditem|p2a: Heatran|Air Balloon
|
|upkeep
|turn|4
|
|t:|1661516612
|switch|p1a: Blissey|Blissey, F|100/100
|switch|p2a: Keldeo|Keldeo-Resolute|88/100
|
|-heal|p2a: Keldeo|94/100|[from] item: Leftovers
|upkeep
|turn|5
|
|t:|1661516618
|move|p2a: Keldeo|Substitute|p2a: Keldeo
|-start|p2a: Keldeo|Substitute
|-damage|p2a: Keldeo|69/100
|move|p1a: Blissey|Seismic Toss|p2a: Keldeo
|-end|p2a: Keldeo|Substitute
|
|-heal|p2a: Keldeo|75/100|[from] item: Leftovers
|upkeep
|turn|6
|
|t:|1661516622
|switch|p1a: Tapu Lele|Tapu Lele|100/100
|move|p2a: Keldeo|Secret Sword|p1a: Tapu Lele
|-resisted|p1a: Tapu Lele
|-damage|p1a: Tapu Lele|82/100
|
|-heal|p2a: Keldeo|81/100|[from] item: Leftovers
|-fieldend|move: Psychic Terrain
|upkeep
|turn|7
|
|t:|1661516628
|switch|p2a: Tapu Lele|Tapu Lele|100/100
|-fieldstart|move: Psychic Terrain|[from] ability: Psychic Surge|[of] p2a: Tapu Lele
|move|p1a: Tapu Lele|Moonblast|p2a: Tapu Lele
|-damage|p2a: Tapu Lele|43/100
|-unboost|p2a: Tapu Lele|spa|1
|
|upkeep
|turn|8
|
|t:|1661516637
|switch|p2a: Heatran|Heatran, F|84/100
|move|p1a: Tapu Lele|Moonblast|p2a: Heatran
|-resisted|p2a: Heatran
|-damage|p2a: Heatran|69/100
|
|upkeep
|turn|9
|
|t:|1661516641
|switch|p1a: Blissey|Blissey, F|100/100
|move|p2a: Heatran|Stealth Rock|p1a: Blissey
|-sidestart|p1: LT94JE 33321|move: Stealth Rock
|
|upkeep
|turn|10
|
|t:|1661516644
|move|p2a: Heatran|Taunt|p1a: Blissey
|-start|p1a: Blissey|move: Taunt
|cant|p1a: Blissey|move: Taunt|Stealth Rock
|
|upkeep
|turn|11
|
|t:|1661516649
|switch|p2a: Landorus|Landorus-Therian, M|100/100
|-ability|p2a: Landorus|Intimidate|boost
|-unboost|p1a: Blissey|atk|1
|move|p1a: Blissey|Seismic Toss|p2a: Landorus
|-damage|p2a: Landorus|74/100
|-damage|p1a: Blissey|84/100|[from] item: Rocky Helmet|[of] p2a: Landorus
|
|-fieldend|move: Psychic Terrain
|upkeep
|turn|12
|
|t:|1661516654
|move|p2a: Landorus|Swords Dance|p2a: Landorus
|-boost|p2a: Landorus|atk|2
|move|p1a: Blissey|Seismic Toss|p2a: Landorus
|-damage|p2a: Landorus|48/100
|-damage|p1a: Blissey|67/100|[from] item: Rocky Helmet|[of] p2a: Landorus
|
|-end|p1a: Blissey|move: Taunt
|upkeep
|turn|13
|
|t:|1661516658
|switch|p1a: Zapdos|Zapdos|60/100
|move|p2a: Landorus|Knock Off|p1a: Zapdos
|-damage|p1a: Zapdos|13/100
|-enditem|p1a: Zapdos|Heavy-Duty Boots|[from] move: Knock Off|[of] p2a: Landorus
|
|upkeep
|turn|14
|
|t:|1661516664
|move|p1a: Zapdos|Defog|p2a: Landorus
|-unboost|p2a: Landorus|evasion|1
|-sideend|p1: LT94JE 33321|Stealth Rock|[from] move: Defog|[of] p1a: Zapdos
|move|p2a: Landorus|Earthquake|p1a: Zapdos
|-immune|p1a: Zapdos
|
|upkeep
|turn|15
|
|t:|1661516670
|move|p1a: Zapdos|Roost|p1a: Zapdos
|-heal|p1a: Zapdos|63/100
|-singleturn|p1a: Zapdos|move: Roost
|move|p2a: Landorus|Knock Off|p1a: Zapdos
|-damage|p1a: Zapdos|28/100
|
|upkeep
|turn|16
|
|t:|1661516677
|move|p1a: Zapdos|Heat Wave|p2a: Landorus
|-damage|p2a: Landorus|21/100
|move|p2a: Landorus|Knock Off|p1a: Zapdos
|-damage|p1a: Zapdos|0 fnt
|-status|p2a: Landorus|par|[from] ability: Static|[of] p1a: Zapdos
|faint|p1a: Zapdos
|
|upkeep
|
|t:|1661516683
|switch|p1a: Tapu Lele|Tapu Lele|82/100
|-fieldstart|move: Psychic Terrain|[from] ability: Psychic Surge|[of] p1a: Tapu Lele
|turn|17
|
|t:|1661516689
|switch|p2a: Heatran|Heatran, F|69/100
|move|p1a: Tapu Lele|Moonblast|p2a: Heatran
|-resisted|p2a: Heatran
|-damage|p2a: Heatran|54/100
|-unboost|p2a: Heatran|spa|1
|
|upkeep
|turn|18
|c|☆bramitoboy|why do you never do overpredicts?
|
|t:|1661516706
|switch|p1a: Blissey|Blissey, F|67/100
|move|p2a: Heatran|Stealth Rock|p1a: Blissey
|-sidestart|p1: LT94JE 33321|move: Stealth Rock
|
|upkeep
|turn|19
|
|t:|1661516710
|move|p2a: Heatran|Taunt|p1a: Blissey
|-start|p1a: Blissey|move: Taunt
|move|p1a: Blissey|Seismic Toss|p2a: Heatran
|-damage|p2a: Heatran|28/100
|
|upkeep
|turn|20
|
|t:|1661516722
|switch|p2a: Keldeo|Keldeo-Resolute|81/100
|move|p1a: Blissey|Seismic Toss|p2a: Keldeo
|-damage|p2a: Keldeo|50/100
|
|-heal|p2a: Keldeo|57/100|[from] item: Leftovers
|upkeep
|turn|21
|
|t:|1661516726
|move|p2a: Keldeo|Secret Sword|p1a: Blissey
|-supereffective|p1a: Blissey
|-damage|p1a: Blissey|0 fnt
|faint|p1a: Blissey
|
|-heal|p2a: Keldeo|63/100|[from] item: Leftovers
|-fieldend|move: Psychic Terrain
|upkeep
|
|t:|1661516729
|switch|p1a: Tapu Lele|Tapu Lele|82/100
|-damage|p1a: Tapu Lele|70/100|[from] Stealth Rock
|-fieldstart|move: Psychic Terrain|[from] ability: Psychic Surge|[of] p1a: Tapu Lele
|turn|22
|
|t:|1661516735
|switch|p2a: Landorus|Landorus-Therian, M|21/100 par
|-ability|p2a: Landorus|Intimidate|boost
|-unboost|p1a: Tapu Lele|atk|1
|move|p1a: Tapu Lele|Moonblast|p2a: Landorus
|-damage|p2a: Landorus|0 fnt
|faint|p2a: Landorus
|
|upkeep
|j| Aegi$la$h
|
|t:|1661516742
|switch|p2a: Heatran|Heatran, F|28/100
|turn|23
|
|t:|1661516747
|switch|p1a: Landorus|Landorus-Therian, M|100/100
|-damage|p1a: Landorus|88/100|[from] Stealth Rock
|-ability|p1a: Landorus|Intimidate|boost
|-unboost|p2a: Heatran|atk|1
|move|p2a: Heatran|Magma Storm|p1a: Landorus
|-damage|p1a: Landorus|32/100
|-activate|p1a: Landorus|move: Magma Storm|[of] p2a: Heatran
|
|-heal|p1a: Landorus|38/100|[from] item: Leftovers
|-damage|p1a: Landorus|26/100|[from] move: Magma Storm|[partiallytrapped]
|upkeep
|turn|24
|
|t:|1661516761
|switch|p2a: Zarude|Zarude-Dada|100/100
|move|p1a: Landorus|Earthquake|p2a: Zarude
|-resisted|p2a: Zarude
|-damage|p2a: Zarude|78/100
|
|-heal|p1a: Landorus|32/100|[from] item: Leftovers
|-end|p1a: Landorus|Magma Storm|[partiallytrapped]|[silent]
|upkeep
|turn|25
|j| LT94 J'ecrabouille
|
|t:|1661516768
|switch|p1a: Kartana|Kartana|100/100
|-damage|p1a: Kartana|94/100|[from] Stealth Rock
|move|p2a: Zarude|Darkest Lariat|p1a: Kartana
|-crit|p1a: Kartana
|-damage|p1a: Kartana|4/100
|-damage|p2a: Zarude|68/100|[from] item: Life Orb
|
|upkeep
|turn|26
|j| wish kisser
|
|t:|1661516800
|switch|p2a: Tapu Lele|Tapu Lele|43/100
|move|p1a: Kartana|Leaf Blade|p2a: Tapu Lele
|-crit|p2a: Tapu Lele
|-damage|p2a: Tapu Lele|0 fnt
|faint|p2a: Tapu Lele
|-ability|p1a: Kartana|Beast Boost|boost
|-boost|p1a: Kartana|atk|1
|
|-fieldend|move: Psychic Terrain
|upkeep
|
|t:|1661516804
|switch|p2a: Tapu Koko|Tapu Koko|100/100
|-fieldstart|move: Electric Terrain|[from] ability: Electric Surge|[of] p2a: Tapu Koko
|turn|27
|
|t:|1661516809
|move|p2a: Tapu Koko|Dazzling Gleam|p1a: Kartana
|-resisted|p1a: Kartana
|-damage|p1a: Kartana|0 fnt
|faint|p1a: Kartana
|
|upkeep
|-message|LT94JE 33321 forfeited.
|
|win|bramitoboy
|raw|LT94JE 33321's rating: 1914 &rarr; <strong>1895</strong><br />(-19 for losing)
|raw|bramitoboy's rating: 1927 &rarr; <strong>1946</strong><br />(+19 for winning)
|l|☆LT94JE 33321
|l|☆bramitoboy
|l| FFRamza
|l| hippo kek
||Ladder isn't responding, score probably updated but might not have (Request timeout).
|l| Aegi$la$h
|j| Gwaaarn
