|j|☆LemonLobsters
|j|☆quixana
|t:|1665189965
|gametype|singles
|player|p1|LemonLobsters|1|1720
|player|p2|quixana|ethan-pokeathlon|1747
|teamsize|p1|6
|teamsize|p2|6
|gen|8
|tier|[Gen 8] OU
|rated|
|rule|Sleep Clause Mod: Limit one foe put to sleep
|rule|Species Clause: Limit one of each Pokémon
|rule|OHKO Clause: OHKO moves are banned
|rule|Evasion Items Clause: Evasion items are banned
|rule|Evasion Moves Clause: Evasion moves are banned
|rule|Endless Battle Clause: Forcing endless battles is banned
|rule|HP Percentage Mod: HP is shown in percentages
|rule|Dynamax Clause: You cannot dynamax
|clearpoke
|poke|p1|Pelipper, M|
|poke|p1|Seismitoad, M|
|poke|p1|Zapdos|
|poke|p1|Ferrothorn, F|
|poke|p1|Barraskewda, M|
|poke|p1|Crawdaunt, M|
|poke|p2|Heatran, M|
|poke|p2|Weavile, F|
|poke|p2|Buzzwole|
|poke|p2|Tapu Lele|
|poke|p2|Seismitoad, M|
|poke|p2|Corviknight, M|
|teampreview
|inactive|Battle timer is ON: inactive players will automatically lose when time's up. (requested by LemonLobsters)
|inactive|LemonLobsters has 120 seconds left.
|
|t:|1665190000
|start
|switch|p1a: Ferrothorn|Ferrothorn, F|100/100
|switch|p2a: Heatran|Heatran, M|100/100
|turn|1
|inactive|quixana has 120 seconds left.
|
|t:|1665190057
|move|p2a: Heatran|Magma Storm|p1a: Ferrothorn
|-supereffective|p1a: Ferrothorn
|-damage|p1a: Ferrothorn|0 fnt
|faint|p1a: Ferrothorn
|
|upkeep
|j| Kwaga
|
|t:|1665190084
|switch|p1a: Barraskewda|Barraskewda, M|100/100
|turn|2
|
|t:|1665190088
|switch|p2a: Sanji|Corviknight, M|100/100
|-ability|p2a: Sanji|Pressure
|move|p1a: Barraskewda|Crunch|p2a: Sanji
|-damage|p2a: Sanji|74/100
|-damage|p1a: Barraskewda|84/100|[from] item: Rocky Helmet|[of] p2a: Sanji
|
|upkeep
|turn|3
|
|t:|1665190093
|switch|p1a: Let's in the rain|Pelipper, M|100/100
|-weather|RainDance|[from] ability: Drizzle|[of] p1a: Let's in the rain
|move|p2a: Sanji|U-turn|p1a: Let's in the rain
|-resisted|p1a: Let's in the rain
|-damage|p1a: Let's in the rain|94/100
|inactive|quixana has 120 seconds left.
|
|t:|1665190104
|switch|p2a: Robin|Tapu Lele|100/100|[from]move: U-turn
|-fieldstart|move: Psychic Terrain|[from] ability: Psychic Surge|[of] p2a: Robin
|
|-weather|RainDance|[upkeep]
|upkeep
|turn|4
|inactive|LemonLobsters has 120 seconds left.
|
|t:|1665190140
|move|p2a: Robin|Moonblast|p1a: Let's in the rain
|-damage|p1a: Let's in the rain|49/100
|-unboost|p1a: Let's in the rain|spa|1
|move|p1a: Let's in the rain|U-turn|p2a: Robin
|-damage|p2a: Robin|86/100
|
|t:|1665190143
|switch|p1a: Seismitoad|Seismitoad, M|100/100|[from]move: U-turn
|
|-weather|RainDance|[upkeep]
|upkeep
|turn|5
|inactive|quixana has 120 seconds left.
|j| H3roGam3r8
|l| H3roGam3r8
|
|t:|1665190184
|switch|p2a: Heatran|Heatran, M|100/100
|move|p1a: Seismitoad|Earth Power|p2a: Heatran
|-supereffective|p2a: Heatran
|-damage|p2a: Heatran|0 fnt
|faint|p2a: Heatran
|-damage|p1a: Seismitoad|91/100|[from] item: Life Orb
|
|-weather|RainDance|[upkeep]
|upkeep
|inactive|quixana has 90 seconds left.
|
|t:|1665190200
|switch|p2a: Franky|Seismitoad, M|100/100
|turn|6
|
|t:|1665190203
|switch|p2a: Sanji|Corviknight, M|74/100
|-ability|p2a: Sanji|Pressure
|move|p1a: Seismitoad|Earth Power|p2a: Sanji
|-immune|p2a: Sanji
|
|-weather|RainDance|[upkeep]
|upkeep
|turn|7
|
|t:|1665190209
|switch|p2a: Franky|Seismitoad, M|100/100
|move|p1a: Seismitoad|Earth Power|p2a: Franky
|-damage|p2a: Franky|65/100
|-damage|p1a: Seismitoad|81/100|[from] item: Life Orb
|
|-weather|RainDance|[upkeep]
|-heal|p2a: Franky|71/100|[from] item: Leftovers
|-fieldend|move: Psychic Terrain
|upkeep
|turn|8
|
|t:|1665190217
|move|p1a: Seismitoad|Earth Power|p2a: Franky
|-damage|p2a: Franky|37/100
|-damage|p1a: Seismitoad|71/100|[from] item: Life Orb
|move|p2a: Franky|Stealth Rock|p1a: Seismitoad
|-sidestart|p1: LemonLobsters|move: Stealth Rock
|
|-weather|RainDance|[upkeep]
|-heal|p2a: Franky|43/100|[from] item: Leftovers
|upkeep
|turn|9
|
|t:|1665190232
|switch|p2a: Sanji|Corviknight, M|74/100
|-ability|p2a: Sanji|Pressure
|move|p1a: Seismitoad|Weather Ball|p2a: Sanji
|-damage|p2a: Sanji|2/100
|-damage|p1a: Seismitoad|61/100|[from] item: Life Orb
|
|-weather|RainDance|[upkeep]
|upkeep
|turn|10
|
|t:|1665190236
|move|p1a: Seismitoad|Icy Wind|p2a: Sanji
|-damage|p2a: Sanji|0 fnt
|faint|p2a: Sanji
|-damage|p1a: Seismitoad|51/100|[from] item: Life Orb
|
|-weather|none
|upkeep
|inactive|quixana has 120 seconds left.
|
|t:|1665190246
|switch|p2a: Zoro|Weavile, F|100/100
|-ability|p2a: Zoro|Pressure
|turn|11
|
|t:|1665190272
|switch|p1a: Let's in the rain|Pelipper, M|49/100
|-damage|p1a: Let's in the rain|24/100|[from] Stealth Rock
|-weather|RainDance|[from] ability: Drizzle|[of] p1a: Let's in the rain
|move|p2a: Zoro|Knock Off|p1a: Let's in the rain
|-damage|p1a: Let's in the rain|0 fnt
|-enditem|p1a: Let's in the rain|Damp Rock|[from] move: Knock Off|[of] p2a: Zoro
|faint|p1a: Let's in the rain
|
|-weather|RainDance|[upkeep]
|upkeep
|
|t:|1665190273
|switch|p1a: Barraskewda|Barraskewda, M|84/100
|-damage|p1a: Barraskewda|72/100|[from] Stealth Rock
|turn|12
|inactive|quixana has 120 seconds left.
|
|t:|1665190302
|switch|p2a: Usopp|Buzzwole|100/100
|move|p1a: Barraskewda|Liquidation|p2a: Usopp
|-damage|p2a: Usopp|18/100
|
|-weather|RainDance|[upkeep]
|upkeep
|turn|13
|
|t:|1665190306
|switch|p1a: Zapdos|Zapdos|100/100
|switch|p2a: Franky|Seismitoad, M|43/100
|
|-weather|RainDance|[upkeep]
|-heal|p2a: Franky|50/100|[from] item: Leftovers
|upkeep
|turn|14
|
|t:|1665190312
|switch|p2a: Zoro|Weavile, F|100/100
|-ability|p2a: Zoro|Pressure
|move|p1a: Zapdos|Hurricane|p2a: Zoro
|-damage|p2a: Zoro|19/100
|
|-weather|RainDance|[upkeep]
|upkeep
|turn|15
|
|t:|1665190322
|move|p2a: Zoro|Knock Off|p1a: Zapdos
|-damage|p1a: Zapdos|41/100
|-status|p2a: Zoro|par|[from] ability: Static|[of] p1a: Zapdos
|-enditem|p1a: Zapdos|Heavy-Duty Boots|[from] move: Knock Off|[of] p2a: Zoro
|move|p1a: Zapdos|Hurricane|p2a: Zoro
|-damage|p2a: Zoro|0 fnt
|faint|p2a: Zoro
|
|-weather|RainDance|[upkeep]
|upkeep
|
|t:|1665190325
|switch|p2a: Robin|Tapu Lele|86/100
|-fieldstart|move: Psychic Terrain|[from] ability: Psychic Surge|[of] p2a: Robin
|turn|16
|
|t:|1665190330
|move|p2a: Robin|Moonblast|p1a: Zapdos
|-damage|p1a: Zapdos|0 fnt
|faint|p1a: Zapdos
|
|-weather|RainDance|[upkeep]
|upkeep
|
|t:|1665190333
|switch|p1a: Barraskewda|Barraskewda, M|72/100
|-damage|p1a: Barraskewda|60/100|[from] Stealth Rock
|turn|17
|j| risen33
|
|t:|1665190356
|switch|p2a: Usopp|Buzzwole|18/100
|move|p1a: Barraskewda|Liquidation|p2a: Usopp
|-damage|p2a: Usopp|0 fnt
|faint|p2a: Usopp
|
|-weather|RainDance|[upkeep]
|upkeep
|
|t:|1665190359
|switch|p2a: Franky|Seismitoad, M|50/100
|turn|18
|j| Loijman
|
|t:|1665190369
|switch|p1a: Crawdaunt|Crawdaunt, M|100/100
|-damage|p1a: Crawdaunt|88/100|[from] Stealth Rock
|move|p2a: Franky|Earthquake|p1a: Crawdaunt
|-damage|p1a: Crawdaunt|43/100
|
|-weather|none
|-heal|p2a: Franky|56/100|[from] item: Leftovers
|upkeep
|turn|19
|
|t:|1665190373
|move|p1a: Crawdaunt|Knock Off|p2a: Franky
|-damage|p2a: Franky|0 fnt
|-enditem|p2a: Franky|Leftovers|[from] move: Knock Off|[of] p1a: Crawdaunt
|faint|p2a: Franky
|-damage|p1a: Crawdaunt|33/100|[from] item: Life Orb
|
|upkeep
|
|t:|1665190376
|switch|p2a: Robin|Tapu Lele|86/100
|turn|20
|
|t:|1665190381
|switch|p1a: Seismitoad|Seismitoad, M|51/100
|-damage|p1a: Seismitoad|45/100|[from] Stealth Rock
|move|p2a: Robin|Moonblast|p1a: Seismitoad
|-damage|p1a: Seismitoad|0 fnt
|faint|p1a: Seismitoad
|
|-fieldend|move: Psychic Terrain
|upkeep
|
|t:|1665190382
|switch|p1a: Crawdaunt|Crawdaunt, M|33/100
|-damage|p1a: Crawdaunt|21/100|[from] Stealth Rock
|turn|21
|
|t:|1665190384
|move|p1a: Crawdaunt|Aqua Jet|p2a: Robin
|-damage|p2a: Robin|24/100
|-damage|p1a: Crawdaunt|11/100|[from] item: Life Orb
|move|p2a: Robin|Moonblast|p1a: Crawdaunt
|-supereffective|p1a: Crawdaunt
|-damage|p1a: Crawdaunt|0 fnt
|faint|p1a: Crawdaunt
|
|upkeep
|
|t:|1665190387
|switch|p1a: Barraskewda|Barraskewda, M|60/100
|-damage|p1a: Barraskewda|48/100|[from] Stealth Rock
|turn|22
|
|t:|1665190390
|move|p2a: Robin|Moonblast|p1a: Barraskewda
|-damage|p1a: Barraskewda|0 fnt
|faint|p1a: Barraskewda
|
|win|quixana
|raw|LemonLobsters's rating: 1742 &rarr; <strong>1722</strong><br />(-20 for losing)
|raw|quixana's rating: 1747 &rarr; <strong>1767</strong><br />(+20 for winning)
|l|☆LemonLobsters
||Ladder isn't responding, score probably updated but might not have (Request timeout).
