|j|☆Psi Warrior075
|j|☆ldailey19
|t:|1637274210
|gametype|singles
|player|p1|Psi Warrior075|lusamine-nihilego|1485
|player|p2|ldailey19|lance|1437
|teamsize|p1|6
|teamsize|p2|6
|gen|8
|tier|[Gen 8] OU
|rated|
|rule|Sleep Clause Mod: Limit one foe put to sleep
|rule|Species Clause: Limit one of each Pokémon
|rule|OHKO Clause: OHKO moves are banned
|rule|Evasion Moves Clause: Evasion moves are banned
|rule|Endless Battle Clause: Forcing endless battles is banned
|rule|HP Percentage Mod: HP is shown in percentages
|rule|Dynamax Clause: You cannot dynamax
|clearpoke
|poke|p1|Zapdos-Galar|
|poke|p1|Ferrothorn, F|
|poke|p1|Tapu Fini|
|poke|p1|Volcarona, M|
|poke|p1|Dragapult, M|
|poke|p1|Landorus-Therian, M|
|poke|p2|Garchomp, M|
|poke|p2|Magnezone|
|poke|p2|Weavile, M|
|poke|p2|Urshifu-*, F|
|poke|p2|Heatran, M|
|poke|p2|Landorus-Therian, M|
|teampreview
|inactive|Battle timer is ON: inactive players will automatically lose when time's up. (requested by ldailey19)
|
|t:|1637274226
|start
|switch|p1a: Tapu Fini|Tapu Fini|100/100
|switch|p2a: Landorus|Landorus-Therian, M|100/100
|-fieldstart|move: Misty Terrain|[from] ability: Misty Surge|[of] p1a: Tapu Fini
|-ability|p2a: Landorus|Intimidate|boost
|-unboost|p1a: Tapu Fini|atk|1
|turn|1
|
|t:|1637274235
|switch|p2a: Magnezone|Magnezone|100/100
|move|p1a: Tapu Fini|Scald|p2a: Magnezone
|-damage|p2a: Magnezone|80/100
|
|upkeep
|turn|2
|
|t:|1637274242
|switch|p1a: Landorus|Landorus-Therian, M|100/100
|-ability|p1a: Landorus|Intimidate|boost
|-unboost|p2a: Magnezone|atk|1
|move|p2a: Magnezone|Flash Cannon|p1a: Landorus
|-damage|p1a: Landorus|34/100
|
|-heal|p1a: Landorus|40/100|[from] item: Leftovers
|upkeep
|turn|3
|
|t:|1637274251
|switch|p1a: Ferrothorn|Ferrothorn, F|100/100
|switch|p2a: Landorus|Landorus-Therian, M|100/100
|-ability|p2a: Landorus|Intimidate|boost
|-unboost|p1a: Ferrothorn|atk|1
|
|upkeep
|turn|4
|
|t:|1637274259
|move|p2a: Landorus|Stealth Rock|p1a: Ferrothorn
|-sidestart|p1: Psi Warrior075|move: Stealth Rock
|move|p1a: Ferrothorn|Leech Seed|p2a: Landorus
|-start|p2a: Landorus|move: Leech Seed
|
|-damage|p2a: Landorus|88/100|[from] Leech Seed|[of] p1a: Ferrothorn
|upkeep
|turn|5
|
|t:|1637274267
|move|p2a: Landorus|Knock Off|p1a: Ferrothorn
|-damage|p1a: Ferrothorn|79/100
|-damage|p2a: Landorus|76/100|[from] ability: Iron Barbs|[of] p1a: Ferrothorn
|-enditem|p1a: Ferrothorn|Leftovers|[from] move: Knock Off|[of] p2a: Landorus
|move|p1a: Ferrothorn|Knock Off|p2a: Landorus
|-damage|p2a: Landorus|66/100
|-damage|p1a: Ferrothorn|62/100|[from] item: Rocky Helmet|[of] p2a: Landorus
|-enditem|p2a: Landorus|Rocky Helmet|[from] move: Knock Off|[of] p1a: Ferrothorn
|
|-damage|p2a: Landorus|54/100|[from] Leech Seed|[of] p1a: Ferrothorn
|-heal|p1a: Ferrothorn|76/100|[silent]
|-fieldend|Misty Terrain
|upkeep
|turn|6
|
|t:|1637274286
|switch|p2a: Garchomp|Garchomp, M|100/100
|move|p1a: Ferrothorn|Spikes|p2a: Garchomp
|-sidestart|p2: ldailey19|Spikes
|
|upkeep
|turn|7
|
|t:|1637274294
|switch|p1a: Tapu Fini|Tapu Fini|100/100
|-damage|p1a: Tapu Fini|88/100|[from] Stealth Rock
|-fieldstart|move: Misty Terrain|[from] ability: Misty Surge|[of] p1a: Tapu Fini
|move|p2a: Garchomp|Fire Fang|p1a: Tapu Fini
|-resisted|p1a: Tapu Fini
|-damage|p1a: Tapu Fini|78/100
|
|-heal|p1a: Tapu Fini|84/100|[from] item: Leftovers
|upkeep
|turn|8
|
|t:|1637274309
|switch|p2a: Magnezone|Magnezone|80/100
|-damage|p2a: Magnezone|68/100|[from] Spikes
|move|p1a: Tapu Fini|Scald|p2a: Magnezone
|-damage|p2a: Magnezone|48/100
|
|-heal|p1a: Tapu Fini|90/100|[from] item: Leftovers
|upkeep
|turn|9
|
|t:|1637274320
|switch|p1a: Ferrothorn|Ferrothorn, F|76/100
|-damage|p1a: Ferrothorn|70/100|[from] Stealth Rock
|move|p2a: Magnezone|Flash Cannon|p1a: Ferrothorn
|-resisted|p1a: Ferrothorn
|-damage|p1a: Ferrothorn|49/100
|
|upkeep
|turn|10
|
|t:|1637274332
|move|p2a: Magnezone|Volt Switch|p1a: Ferrothorn
|-resisted|p1a: Ferrothorn
|-damage|p1a: Ferrothorn|34/100
|
|t:|1637274347
|switch|p2a: Landorus|Landorus-Therian, M|54/100|[from]move: Volt Switch
|-ability|p2a: Landorus|Intimidate|boost
|-unboost|p1a: Ferrothorn|atk|1
|move|p1a: Ferrothorn|Leech Seed|p2a: Landorus|[miss]
|-miss|p1a: Ferrothorn|p2a: Landorus
|
|upkeep
|turn|11
|
|t:|1637274356
|move|p2a: Landorus|Earthquake|p1a: Ferrothorn
|-damage|p1a: Ferrothorn|0 fnt
|faint|p1a: Ferrothorn
|
|-fieldend|Misty Terrain
|upkeep
|inactive|Psi Warrior075 has 120 seconds left.
|
|t:|1637274389
|switch|p1a: Zapdos|Zapdos-Galar|100/100
|-damage|p1a: Zapdos|88/100|[from] Stealth Rock
|turn|12
|
|t:|1637274397
|move|p1a: Zapdos|Brave Bird|p2a: Landorus
|-damage|p2a: Landorus|0 fnt
|faint|p2a: Landorus
|-damage|p1a: Zapdos|67/100|[from] Recoil
|
|upkeep
|
|t:|1637274409
|switch|p2a: Weavile|Weavile, M|100/100
|-damage|p2a: Weavile|88/100|[from] Spikes
|-ability|p2a: Weavile|Pressure
|turn|13
|
|t:|1637274432
|switch|p1a: Tapu Fini|Tapu Fini|90/100
|-damage|p1a: Tapu Fini|78/100|[from] Stealth Rock
|-fieldstart|move: Misty Terrain|[from] ability: Misty Surge|[of] p1a: Tapu Fini
|move|p2a: Weavile|Triple Axel|p1a: Tapu Fini
|-resisted|p1a: Tapu Fini
|-damage|p1a: Tapu Fini|71/100
|-resisted|p1a: Tapu Fini
|-damage|p1a: Tapu Fini|58/100
|-resisted|p1a: Tapu Fini
|-damage|p1a: Tapu Fini|40/100
|-hitcount|p1a: Tapu Fini|3
|
|-heal|p1a: Tapu Fini|46/100|[from] item: Leftovers
|upkeep
|turn|14
|inactive|ldailey19 has 120 seconds left.
|
|t:|1637274453
|switch|p2a: Magnezone|Magnezone|48/100
|-damage|p2a: Magnezone|36/100|[from] Spikes
|move|p1a: Tapu Fini|Moonblast|p2a: Magnezone
|-resisted|p2a: Magnezone
|-damage|p2a: Magnezone|24/100
|
|-heal|p1a: Tapu Fini|52/100|[from] item: Leftovers
|upkeep
|turn|15
|
|t:|1637274462
|move|p1a: Tapu Fini|Moonblast|p2a: Magnezone
|-resisted|p2a: Magnezone
|-damage|p2a: Magnezone|12/100
|move|p2a: Magnezone|Flash Cannon|p1a: Tapu Fini
|-damage|p1a: Tapu Fini|14/100
|
|-heal|p1a: Tapu Fini|21/100|[from] item: Leftovers
|upkeep
|turn|16
|
|t:|1637274469
|move|p1a: Tapu Fini|Scald|p2a: Magnezone
|-damage|p2a: Magnezone|0 fnt
|faint|p2a: Magnezone
|
|-heal|p1a: Tapu Fini|27/100|[from] item: Leftovers
|upkeep
|inactive|ldailey19 has 120 seconds left.
|
|t:|1637274493
|switch|p2a: Urshifu|Urshifu-Rapid-Strike, F|100/100
|-damage|p2a: Urshifu|88/100|[from] Spikes
|turn|17
|
|t:|1637274499
|switch|p1a: Dragapult|Dragapult, M|100/100
|-damage|p1a: Dragapult|88/100|[from] Stealth Rock
|move|p2a: Urshifu|Thunder Punch|p1a: Dragapult
|-resisted|p1a: Dragapult
|-damage|p1a: Dragapult|69/100
|
|-fieldend|Misty Terrain
|upkeep
|turn|18
|inactive|ldailey19 has 120 seconds left.
|
|t:|1637274518
|switch|p2a: Heatran|Heatran, M|100/100
|-damage|p2a: Heatran|88/100|[from] Spikes
|move|p1a: Dragapult|Hydro Pump|p2a: Heatran
|-supereffective|p2a: Heatran
|-damage|p2a: Heatran|21/100
|
|-heal|p2a: Heatran|27/100|[from] item: Leftovers
|upkeep
|turn|19
|
|t:|1637274529
|move|p1a: Dragapult|Hydro Pump|p2a: Heatran|[miss]
|-miss|p1a: Dragapult|p2a: Heatran
|move|p2a: Heatran|Toxic|p1a: Dragapult
|-status|p1a: Dragapult|tox
|
|-heal|p2a: Heatran|33/100|[from] item: Leftovers
|-damage|p1a: Dragapult|63/100 tox|[from] psn
|upkeep
|turn|20
|
|t:|1637274537
|switch|p1a: Tapu Fini|Tapu Fini|27/100
|-damage|p1a: Tapu Fini|14/100|[from] Stealth Rock
|-fieldstart|move: Misty Terrain|[from] ability: Misty Surge|[of] p1a: Tapu Fini
|move|p2a: Heatran|Protect||[still]
|-fail|p2a: Heatran
|
|-heal|p2a: Heatran|39/100|[from] item: Leftovers
|-heal|p1a: Tapu Fini|21/100|[from] item: Leftovers
|upkeep
|turn|21
|
|t:|1637274547
|move|p2a: Heatran|Earth Power|p1a: Tapu Fini
|-damage|p1a: Tapu Fini|5/100
|move|p1a: Tapu Fini|Scald|p2a: Heatran
|-supereffective|p2a: Heatran
|-damage|p2a: Heatran|0 fnt
|faint|p2a: Heatran
|
|-heal|p1a: Tapu Fini|11/100|[from] item: Leftovers
|upkeep
|inactive|ldailey19 has 120 seconds left.
|
|t:|1637274577
|switch|p2a: Urshifu|Urshifu-Rapid-Strike, F|88/100
|-damage|p2a: Urshifu|76/100|[from] Spikes
|turn|22
|
|t:|1637274581
|move|p2a: Urshifu|Surging Strikes|p1a: Tapu Fini
|-resisted|p1a: Tapu Fini
|-crit|p1a: Tapu Fini
|-damage|p1a: Tapu Fini|2/100
|-resisted|p1a: Tapu Fini
|-crit|p1a: Tapu Fini
|-damage|p1a: Tapu Fini|0 fnt
|faint|p1a: Tapu Fini
|-hitcount|p1: Tapu Fini|2
|
|upkeep
|inactive|Psi Warrior075 has 120 seconds left.
|
|t:|1637274638
|switch|p1a: Zapdos|Zapdos-Galar|67/100
|-damage|p1a: Zapdos|55/100|[from] Stealth Rock
|turn|23
|inactive|ldailey19 has 120 seconds left.
|
|t:|1637274669
|move|p2a: Urshifu|Aqua Jet|p1a: Zapdos
|-damage|p1a: Zapdos|30/100
|move|p1a: Zapdos|Close Combat|p2a: Urshifu
|-damage|p2a: Urshifu|0 fnt
|-unboost|p1a: Zapdos|def|1
|-unboost|p1a: Zapdos|spd|1
|faint|p2a: Urshifu
|
|upkeep
|
|t:|1637274678
|switch|p2a: Weavile|Weavile, M|88/100
|-damage|p2a: Weavile|76/100|[from] Spikes
|-ability|p2a: Weavile|Pressure
|turn|24
|
|t:|1637274694
|move|p2a: Weavile|Knock Off|p1a: Zapdos
|-resisted|p1a: Zapdos
|-damage|p1a: Zapdos|0 fnt
|-enditem|p1a: Zapdos|Choice Band|[from] move: Knock Off|[of] p2a: Weavile
|faint|p1a: Zapdos
|
|-fieldend|Misty Terrain
|upkeep
|
|t:|1637274707
|switch|p1a: Landorus|Landorus-Therian, M|40/100
|-damage|p1a: Landorus|28/100|[from] Stealth Rock
|-ability|p1a: Landorus|Intimidate|boost
|-unboost|p2a: Weavile|atk|1
|turn|25
|
|t:|1637274714
|move|p2a: Weavile|Knock Off|p1a: Landorus
|-damage|p1a: Landorus|0 fnt
|-enditem|p1a: Landorus|Leftovers|[from] move: Knock Off|[of] p2a: Weavile
|faint|p1a: Landorus
|
|upkeep
|
|t:|1637274724
|switch|p1a: Volcarona|Volcarona, M|100/100
|turn|26
|inactive|ldailey19 has 120 seconds left.
|
|t:|1637274729
|switch|p2a: Garchomp|Garchomp, M|100/100
|-damage|p2a: Garchomp|88/100|[from] Spikes
|move|p1a: Volcarona|Quiver Dance|p1a: Volcarona
|-boost|p1a: Volcarona|spa|1
|-boost|p1a: Volcarona|spd|1
|-boost|p1a: Volcarona|spe|1
|
|upkeep
|turn|27
|inactive|ldailey19 has 120 seconds left.
|
|t:|1637274742
|move|p1a: Volcarona|Psychic|p2a: Garchomp
|-damage|p2a: Garchomp|45/100
|move|p2a: Garchomp|Outrage|p1a: Volcarona
|-damage|p1a: Volcarona|40/100
|
|upkeep
|turn|28
|
|t:|1637274749
|move|p1a: Volcarona|Roost|p1a: Volcarona
|-heal|p1a: Volcarona|90/100
|-singleturn|p1a: Volcarona|move: Roost
|move|p2a: Garchomp|Outrage|p1a: Volcarona|[from]lockedmove
|-damage|p1a: Volcarona|28/100
|-start|p2a: Garchomp|confusion|[fatigue]
|
|upkeep
|turn|29
|
|t:|1637274769
|move|p1a: Volcarona|Roost|p1a: Volcarona
|-heal|p1a: Volcarona|78/100
|-singleturn|p1a: Volcarona|move: Roost
|-activate|p2a: Garchomp|confusion
|-damage|p2a: Garchomp|32/100|[from] confusion
|
|upkeep
|turn|30
|
|t:|1637274775
|move|p1a: Volcarona|Psychic|p2a: Garchomp
|-damage|p2a: Garchomp|0 fnt
|faint|p2a: Garchomp
|
|upkeep
|
|t:|1637274781
|switch|p2a: Weavile|Weavile, M|76/100
|-damage|p2a: Weavile|63/100|[from] Spikes
|-ability|p2a: Weavile|Pressure
|turn|31
|
|t:|1637274790
|move|p1a: Volcarona|Fiery Dance|p2a: Weavile
|-supereffective|p2a: Weavile
|-damage|p2a: Weavile|0 fnt
|-boost|p1a: Volcarona|spa|1
|faint|p2a: Weavile
|
|win|Psi Warrior075
|raw|Psi Warrior075's rating: 1485 &rarr; <strong>1502</strong><br />(+17 for winning)
|raw|ldailey19's rating: 1437 &rarr; <strong>1420</strong><br />(-17 for losing)
|l|☆ldailey19
||Ladder isn't responding, score probably updated but might not have (Request timeout).
