|raw|<div class="broadcast-blue"><strong>This battle is required to be public due to a player having a name starting with 'lt92pf'.</div>
|j|☆Lt92pf nagi
|j|‽kinetic chain
|t:|1660165186
|gametype|singles
|player|p1|Lt92pf nagi|preschooler-gen6|1822
|player|p2|kinetic chain|giovanni-gen1|1879
|teamsize|p1|6
|teamsize|p2|6
|gen|8
|tier|[Gen 8] OU
|rated|
|rule|Sleep Clause Mod: Limit one foe put to sleep
|rule|Species Clause: Limit one of each Pokémon
|rule|OHKO Clause: OHKO moves are banned
|rule|Evasion Items Clause: Evasion items are banned
|rule|Evasion Moves Clause: Evasion moves are banned
|rule|Endless Battle Clause: Forcing endless battles is banned
|rule|HP Percentage Mod: HP is shown in percentages
|rule|Dynamax Clause: You cannot dynamax
|clearpoke
|poke|p1|Buzzwole|
|poke|p1|Excadrill, M|
|poke|p1|Ferrothorn, F|
|poke|p1|Slowbro, F|
|poke|p1|Tyranitar, M|
|poke|p1|Tornadus-Therian, M|
|poke|p2|Dragapult, F|
|poke|p2|Kartana|
|poke|p2|Heatran, M|
|poke|p2|Landorus-Therian, M|
|poke|p2|Zapdos|
|poke|p2|Ferrothorn, F|
|teampreview
|j| ehrenwerter Enkel
|inactive|Battle timer is ON: inactive players will automatically lose when time's up. (requested by kinetic chain)
|j| manxas
|
|t:|1660165210
|start
|switch|p1a: Tornadus|Tornadus-Therian, M|100/100
|switch|p2a: Landorus|Landorus-Therian, M|100/100
|-ability|p2a: Landorus|Intimidate|boost
|-unboost|p1a: Tornadus|atk|1
|turn|1
|
|t:|1660165216
|move|p1a: Tornadus|Toxic|p2a: Landorus
|-status|p2a: Landorus|tox
|move|p2a: Landorus|Toxic|p1a: Tornadus
|-status|p1a: Tornadus|tox
|
|-damage|p1a: Tornadus|94/100 tox|[from] psn
|-damage|p2a: Landorus|94/100 tox|[from] psn
|upkeep
|turn|2
|l| manxas
|
|t:|1660165223
|move|p1a: Tornadus|Knock Off|p2a: Landorus
|-damage|p2a: Landorus|81/100 tox
|-enditem|p2a: Landorus|Leftovers|[from] move: Knock Off|[of] p1a: Tornadus
|move|p2a: Landorus|U-turn|p1a: Tornadus
|-resisted|p1a: Tornadus
|-damage|p1a: Tornadus|81/100 tox
|j| LettuceDMenace
|j|@ironwater
|
|t:|1660165229
|switch|p2a: Zapdos|Zapdos|100/100|[from]move: U-turn
|
|-damage|p1a: Tornadus|69/100 tox|[from] psn
|upkeep
|turn|3
|
|t:|1660165240
|move|p1a: Tornadus|U-turn|p2a: Zapdos
|-resisted|p2a: Zapdos
|-damage|p2a: Zapdos|95/100
|j| LT92PF Po
|j| LT92PF pop smoke
|
|t:|1660165250
|switch|p1a: Tyranitar|Tyranitar, M|100/100|[from]move: U-turn
|-weather|Sandstorm|[from] ability: Sand Stream|[of] p1a: Tyranitar
|move|p2a: Zapdos|Volt Switch|p1a: Tyranitar
|-damage|p1a: Tyranitar|76/100
|j| Helplp
|
|t:|1660165264
|switch|p2a: Kartana|Kartana|100/100|[from]move: Volt Switch
|
|-weather|Sandstorm|[upkeep]
|upkeep
|turn|4
|j| lt92pf ruby
|j| Skyrio
|
|t:|1660165270
|switch|p2a: Zapdos|Zapdos|95/100
|move|p1a: Tyranitar|Stone Edge|p2a: Zapdos
|-supereffective|p2a: Zapdos
|-damage|p2a: Zapdos|0 fnt
|faint|p2a: Zapdos
|
|-weather|Sandstorm|[upkeep]
|upkeep
|j|+Tuthur
|j| Menacce17
|j| Boulicrok
|j|+Baleblaze ◢ ◤
|j| LT92PF Ayk
|
|t:|1660165285
|switch|p2a: Ferrothorn|Ferrothorn, F|100/100
|turn|5
|l| LT92PF Ayk
|j| lt92pf shinra
|inactive|Lt92pf nagi has 120 seconds left.
|
|t:|1660165338
|switch|p1a: Ferrothorn|Ferrothorn, F|100/100
|move|p2a: Ferrothorn|Stealth Rock|p1a: Ferrothorn
|-sidestart|p1: Lt92pf nagi|move: Stealth Rock
|
|-weather|Sandstorm|[upkeep]
|upkeep
|turn|6
|
|t:|1660165346
|switch|p2a: Heatran|Heatran, M|100/100
|move|p1a: Ferrothorn|Stealth Rock|p2a: Heatran
|-sidestart|p2: kinetic chain|move: Stealth Rock
|
|-weather|Sandstorm|[upkeep]
|upkeep
|turn|7
|
|t:|1660165352
|switch|p1a: Slowbro|Slowbro, F|100/100
|move|p2a: Heatran|Magma Storm|p1a: Slowbro
|-resisted|p1a: Slowbro
|-damage|p1a: Slowbro|82/100
|-activate|p1a: Slowbro|move: Magma Storm|[of] p2a: Heatran
|
|-weather|none
|-damage|p1a: Slowbro|70/100|[from] move: Magma Storm|[partiallytrapped]
|upkeep
|turn|8
|
|t:|1660165366
|move|p2a: Heatran|Taunt|p1a: Slowbro
|-start|p1a: Slowbro|move: Taunt
|cant|p1a: Slowbro|move: Taunt|Teleport
|
|-damage|p1a: Slowbro|57/100|[from] move: Magma Storm|[partiallytrapped]
|upkeep
|turn|9
|j| adkjfiafdb
|
|t:|1660165371
|move|p2a: Heatran|Earth Power|p1a: Slowbro
|-damage|p1a: Slowbro|33/100
|-unboost|p1a: Slowbro|spd|1
|move|p1a: Slowbro|Scald|p2a: Heatran
|-supereffective|p2a: Heatran
|-damage|p2a: Heatran|65/100
|
|-heal|p2a: Heatran|71/100|[from] item: Leftovers
|-damage|p1a: Slowbro|21/100|[from] move: Magma Storm|[partiallytrapped]
|upkeep
|turn|10
|
|t:|1660165381
|move|p2a: Heatran|Earth Power|p1a: Slowbro
|-damage|p1a: Slowbro|0 fnt
|faint|p1a: Slowbro
|
|-heal|p2a: Heatran|77/100|[from] item: Leftovers
|upkeep
|
|t:|1660165382
|switch|p1a: Tyranitar|Tyranitar, M|76/100
|-damage|p1a: Tyranitar|64/100|[from] Stealth Rock
|-weather|Sandstorm|[from] ability: Sand Stream|[of] p1a: Tyranitar
|turn|11
|l| Menacce17
|
|t:|1660165391
|switch|p2a: Landorus|Landorus-Therian, M|81/100 tox
|-damage|p2a: Landorus|68/100 tox|[from] Stealth Rock
|-ability|p2a: Landorus|Intimidate|boost
|-unboost|p1a: Tyranitar|atk|1
|move|p1a: Tyranitar|Crunch|p2a: Landorus
|-damage|p2a: Landorus|25/100 tox
|
|-weather|Sandstorm|[upkeep]
|-damage|p2a: Landorus|19/100 tox|[from] psn
|upkeep
|turn|12
|
|t:|1660165402
|switch|p1a: Buzzwole|Buzzwole|100/100
|-damage|p1a: Buzzwole|88/100|[from] Stealth Rock
|move|p2a: Landorus|U-turn|p1a: Buzzwole
|-resisted|p1a: Buzzwole
|-damage|p1a: Buzzwole|82/100
|-damage|p2a: Landorus|2/100 tox|[from] item: Rocky Helmet|[of] p1a: Buzzwole
|l| LettuceDMenace
|
|t:|1660165411
|switch|p2a: Dragapult|Dragapult, F|100/100|[from]move: U-turn
|
|-weather|Sandstorm|[upkeep]
|-damage|p2a: Dragapult|95/100|[from] Sandstorm
|-damage|p1a: Buzzwole|76/100|[from] Sandstorm
|upkeep
|turn|13
|inactive|Lt92pf nagi has 120 seconds left.
|n|+tjay|lt92pfpopsmoke
|
|t:|1660165456
|switch|p1a: Ferrothorn|Ferrothorn, F|100/100
|-damage|p1a: Ferrothorn|95/100|[from] Stealth Rock
|move|p2a: Dragapult|Will-O-Wisp|p1a: Ferrothorn
|-status|p1a: Ferrothorn|brn
|
|-weather|Sandstorm|[upkeep]
|-damage|p2a: Dragapult|89/100|[from] Sandstorm
|-heal|p1a: Ferrothorn|100/100 brn|[from] item: Leftovers
|-damage|p1a: Ferrothorn|95/100 brn|[from] brn
|upkeep
|turn|14
|n| LT92PF pop smoke|tjay
|j| Arcadian Fields
|
|t:|1660165474
|switch|p2a: Ferrothorn|Ferrothorn, F|100/100
|-damage|p2a: Ferrothorn|95/100|[from] Stealth Rock
|move|p1a: Ferrothorn|Leech Seed|p2a: Ferrothorn
|-immune|p2a: Ferrothorn
|
|-weather|Sandstorm|[upkeep]
|-heal|p2a: Ferrothorn|100/100|[from] item: Leftovers
|-heal|p1a: Ferrothorn|100/100 brn|[from] item: Leftovers
|-damage|p1a: Ferrothorn|95/100 brn|[from] brn
|upkeep
|turn|15
|
|t:|1660165487
|switch|p1a: Tornadus|Tornadus-Therian, M|100/100 tox
|move|p2a: Ferrothorn|Knock Off|p1a: Tornadus
|-damage|p1a: Tornadus|76/100 tox
|-enditem|p1a: Tornadus|Heavy-Duty Boots|[from] move: Knock Off|[of] p2a: Ferrothorn
|
|-weather|none
|-damage|p1a: Tornadus|70/100 tox|[from] psn
|upkeep
|turn|16
|
|t:|1660165503
|move|p1a: Tornadus|Knock Off|p2a: Ferrothorn
|-damage|p2a: Ferrothorn|88/100
|-damage|p1a: Tornadus|58/100 tox|[from] ability: Iron Barbs|[of] p2a: Ferrothorn
|-enditem|p2a: Ferrothorn|Leftovers|[from] move: Knock Off|[of] p1a: Tornadus
|move|p2a: Ferrothorn|Leech Seed|p1a: Tornadus
|-start|p1a: Tornadus|move: Leech Seed
|
|-damage|p1a: Tornadus|45/100 tox|[from] Leech Seed|[of] p2a: Ferrothorn
|-heal|p2a: Ferrothorn|100/100|[silent]
|-damage|p1a: Tornadus|33/100 tox|[from] psn
|upkeep
|turn|17
|j| nigreslabeowner
|
|t:|1660165515
|move|p1a: Tornadus|U-turn|p2a: Ferrothorn
|-damage|p2a: Ferrothorn|92/100
|-damage|p1a: Tornadus|21/100 tox|[from] ability: Iron Barbs|[of] p2a: Ferrothorn
|l| LT92PF pop smoke
|
|t:|1660165517
|switch|p1a: Buzzwole|Buzzwole|76/100|[from]move: U-turn
|-damage|p1a: Buzzwole|64/100|[from] Stealth Rock
|move|p2a: Ferrothorn|Leech Seed|p1a: Buzzwole
|-start|p1a: Buzzwole|move: Leech Seed
|
|-damage|p1a: Buzzwole|51/100|[from] Leech Seed|[of] p2a: Ferrothorn
|-heal|p2a: Ferrothorn|100/100|[silent]
|upkeep
|turn|18
|
|t:|1660165527
|switch|p2a: Dragapult|Dragapult, F|89/100
|move|p1a: Buzzwole|Roost|p1a: Buzzwole
|-heal|p1a: Buzzwole|100/100
|-singleturn|p1a: Buzzwole|move: Roost
|
|-damage|p1a: Buzzwole|88/100|[from] Leech Seed|[of] p2a: Dragapult
|-heal|p2a: Dragapult|100/100|[silent]
|upkeep
|turn|19
|
|t:|1660165545
|switch|p1a: Tornadus|Tornadus-Therian, M|54/100 tox
|-damage|p1a: Tornadus|29/100 tox|[from] Stealth Rock
|move|p2a: Dragapult|Hex|p1a: Tornadus
|-damage|p1a: Tornadus|0 fnt
|faint|p1a: Tornadus
|
|upkeep
|
|t:|1660165546
|switch|p1a: Tyranitar|Tyranitar, M|64/100
|-damage|p1a: Tyranitar|51/100|[from] Stealth Rock
|-weather|Sandstorm|[from] ability: Sand Stream|[of] p1a: Tyranitar
|turn|20
|l| LT92PF Po
|
|t:|1660165561
|switch|p2a: Landorus|Landorus-Therian, M|2/100 tox
|-damage|p2a: Landorus|0 fnt|[from] Stealth Rock
|faint|p2a: Landorus
|move|p1a: Tyranitar|Crunch|p2: Landorus|[notarget]
|-fail|p1a: Tyranitar
|
|-weather|Sandstorm|[upkeep]
|upkeep
|
|t:|1660165574
|switch|p2a: Kartana|Kartana|100/100
|-damage|p2a: Kartana|94/100|[from] Stealth Rock
|turn|21
|
|t:|1660165589
|switch|p1a: Buzzwole|Buzzwole|88/100
|-damage|p1a: Buzzwole|76/100|[from] Stealth Rock
|move|p2a: Kartana|Smart Strike|p1a: Buzzwole
|-damage|p1a: Buzzwole|37/100
|-damage|p2a: Kartana|78/100|[from] item: Rocky Helmet|[of] p1a: Buzzwole
|
|-weather|Sandstorm|[upkeep]
|-damage|p1a: Buzzwole|31/100|[from] Sandstorm
|upkeep
|turn|22
|
|t:|1660165602
|move|p2a: Kartana|Smart Strike|p1a: Buzzwole
|-damage|p1a: Buzzwole|0 fnt
|-damage|p2a: Kartana|61/100|[from] item: Rocky Helmet|[of] p1a: Buzzwole
|faint|p1a: Buzzwole
|-ability|p2a: Kartana|Beast Boost|boost
|-boost|p2a: Kartana|atk|1
|
|-weather|Sandstorm|[upkeep]
|upkeep
|
|t:|1660165603
|switch|p1a: Ferrothorn|Ferrothorn, F|95/100 brn
|-damage|p1a: Ferrothorn|89/100 brn|[from] Stealth Rock
|turn|23
|
|t:|1660165615
|switch|p2a: Heatran|Heatran, M|77/100
|-damage|p2a: Heatran|65/100|[from] Stealth Rock
|move|p1a: Ferrothorn|Leech Seed|p2a: Heatran
|-start|p2a: Heatran|move: Leech Seed
|
|-weather|Sandstorm|[upkeep]
|-heal|p2a: Heatran|71/100|[from] item: Leftovers
|-heal|p1a: Ferrothorn|95/100 brn|[from] item: Leftovers
|-damage|p2a: Heatran|58/100|[from] Leech Seed|[of] p1a: Ferrothorn
|-heal|p1a: Ferrothorn|100/100 brn|[silent]
|-damage|p1a: Ferrothorn|95/100 brn|[from] brn
|upkeep
|turn|24
|
|t:|1660165627
|switch|p2a: Kartana|Kartana|61/100
|-damage|p2a: Kartana|55/100|[from] Stealth Rock
|move|p1a: Ferrothorn|Body Press|p2a: Kartana
|-supereffective|p2a: Kartana
|-damage|p2a: Kartana|21/100
|
|-weather|none
|-heal|p1a: Ferrothorn|100/100 brn|[from] item: Leftovers
|-damage|p1a: Ferrothorn|95/100 brn|[from] brn
|upkeep
|turn|25
|
|t:|1660165636
|switch|p2a: Heatran|Heatran, M|58/100
|-damage|p2a: Heatran|46/100|[from] Stealth Rock
|move|p1a: Ferrothorn|Body Press|p2a: Heatran
|-supereffective|p2a: Heatran
|-damage|p2a: Heatran|21/100
|
|-heal|p2a: Heatran|28/100|[from] item: Leftovers
|-heal|p1a: Ferrothorn|100/100 brn|[from] item: Leftovers
|-damage|p1a: Ferrothorn|95/100 brn|[from] brn
|upkeep
|turn|26
|l| Boulicrok
|
|t:|1660165646
|move|p2a: Heatran|Magma Storm|p1a: Ferrothorn
|-supereffective|p1a: Ferrothorn
|-damage|p1a: Ferrothorn|0 fnt
|faint|p1a: Ferrothorn
|
|-heal|p2a: Heatran|34/100|[from] item: Leftovers
|upkeep
|
|t:|1660165648
|switch|p1a: Tyranitar|Tyranitar, M|51/100
|-damage|p1a: Tyranitar|39/100|[from] Stealth Rock
|-weather|Sandstorm|[from] ability: Sand Stream|[of] p1a: Tyranitar
|turn|27
|
|t:|1660165662
|move|p1a: Tyranitar|Crunch|p2a: Heatran
|-damage|p2a: Heatran|0 fnt
|faint|p2a: Heatran
|
|-weather|Sandstorm|[upkeep]
|upkeep
|
|t:|1660165667
|switch|p2a: Kartana|Kartana|21/100
|-damage|p2a: Kartana|15/100|[from] Stealth Rock
|turn|28
|
|t:|1660165671
|move|p2a: Kartana|Sacred Sword|p1a: Tyranitar
|-supereffective|p1a: Tyranitar
|-damage|p1a: Tyranitar|0 fnt
|faint|p1a: Tyranitar
|-ability|p2a: Kartana|Beast Boost|boost
|-boost|p2a: Kartana|atk|1
|
|-weather|Sandstorm|[upkeep]
|upkeep
|
|t:|1660165672
|switch|p1a: Excadrill|Excadrill, M|100/100
|-damage|p1a: Excadrill|97/100|[from] Stealth Rock
|turn|29
|
|t:|1660165684
|move|p1a: Excadrill|Earthquake|p2a: Kartana
|-damage|p2a: Kartana|0 fnt
|faint|p2a: Kartana
|
|-weather|Sandstorm|[upkeep]
|-heal|p1a: Excadrill|100/100|[from] item: Leftovers
|upkeep
|
|t:|1660165685
|switch|p2a: Ferrothorn|Ferrothorn, F|100/100
|-damage|p2a: Ferrothorn|95/100|[from] Stealth Rock
|turn|30
|
|t:|1660165691
|move|p1a: Excadrill|Swords Dance|p1a: Excadrill
|-boost|p1a: Excadrill|atk|2
|move|p2a: Ferrothorn|Body Press|p1a: Excadrill
|-supereffective|p1a: Excadrill
|-damage|p1a: Excadrill|15/100
|
|-weather|Sandstorm|[upkeep]
|-heal|p1a: Excadrill|21/100|[from] item: Leftovers
|upkeep
|turn|31
|
|t:|1660165698
|move|p1a: Excadrill|Earthquake|p2a: Ferrothorn
|-damage|p2a: Ferrothorn|37/100
|move|p2a: Ferrothorn|Body Press|p1a: Excadrill
|-supereffective|p1a: Excadrill
|-damage|p1a: Excadrill|0 fnt
|faint|p1a: Excadrill
|
|win|kinetic chain
|raw|Lt92pf nagi's rating: 1822 &rarr; <strong>1805</strong><br />(-17 for losing)
|raw|kinetic chain's rating: 1879 &rarr; <strong>1896</strong><br />(+17 for winning)
|l|☆Lt92pf nagi
|l| nigreslabeowner
|l| lt92pf shinra
|l|‽kinetic chain
|l| Arcadian Fields
|l| lt92pf ruby
|l|+Tuthur
