|html|<div class="broadcast-blue"><strong>[Gen 8] OU is currently suspecting Zamazenta-Crowned! For information on how to participate check out the <a href="https://www.smogon.com/forums/threads/np-ss-ou-suspect-process-round-10-royals.3681787/">suspect thread</a>.</strong></div>
|j|☆knexhawk
|j|☆friedfreak
|t:|1618463702
|gametype|singles
|player|p1|knexhawk|benga|1805
|player|p2|friedfreak|170|1819
|teamsize|p1|6
|teamsize|p2|6
|gen|8
|tier|[Gen 8] OU
|rated|
|clearpoke
|poke|p1|Zamazenta-Crowned|
|poke|p1|Toxapex, M|
|poke|p1|Skarmory, F|
|poke|p1|Quagsire, F|
|poke|p1|Dragonite, M|
|poke|p1|Blissey, F|
|poke|p2|Tapu Lele|
|poke|p2|Corviknight, F|
|poke|p2|Zeraora|
|poke|p2|Ferrothorn, M|
|poke|p2|Garchomp, M|
|poke|p2|Slowbro, M|
|rule|Sleep Clause Mod: Limit one foe put to sleep
|rule|Species Clause: Limit one of each Pokémon
|rule|OHKO Clause: OHKO moves are banned
|rule|Evasion Moves Clause: Evasion moves are banned
|rule|Endless Battle Clause: Forcing endless battles is banned
|rule|HP Percentage Mod: HP is shown in percentages
|rule|Dynamax Clause: You cannot dynamax
|teampreview
|j| angrrry
|
|t:|1618463727
|start
|switch|p1a: green bird|Skarmory, F, shiny|100/100
|switch|p2a: Slowbro|Slowbro, M|100/100
|turn|1
|
|t:|1618463739
|move|p1a: green bird|Spikes|p2a: Slowbro
|-sidestart|p2: friedfreak|Spikes
|move|p2a: Slowbro|Scald|p1a: green bird
|-damage|p1a: green bird|64/100
|
|-heal|p1a: green bird|70/100|[from] item: Leftovers
|upkeep
|turn|2
|j| rawbtesting2
|
|t:|1618463747
|switch|p1a: pink shit|Blissey, F|100/100
|move|p2a: Slowbro|Scald|p1a: pink shit
|-damage|p1a: pink shit|90/100
|
|upkeep
|turn|3
|j| Yojimbroski
|
|t:|1618463752
|move|p1a: pink shit|Stealth Rock|p2a: Slowbro
|-sidestart|p2: friedfreak|move: Stealth Rock
|move|p2a: Slowbro|Future Sight|p1a: pink shit
|-start|p2a: Slowbro|move: Future Sight
|
|upkeep
|turn|4
|
|t:|1618463756
|switch|p1a: knock off|Zamazenta-Crowned|100/100
|-ability|p1a: knock off|Dauntless Shield|boost
|-boost|p1a: knock off|def|1
|move|p2a: Slowbro|Teleport|p2a: Slowbro
|l| rawbtesting2
|
|t:|1618463767
|switch|p2a: Corviknight|Corviknight, F|100/100|[from]move: Teleport
|-damage|p2a: Corviknight|88/100|[from] Stealth Rock
|-ability|p2a: Corviknight|Pressure
|
|-heal|p2a: Corviknight|94/100|[from] item: Leftovers
|upkeep
|turn|5
|j| MagicToyota
|j| Kyerndo
|
|t:|1618463780
|switch|p1a: green bird|Skarmory, F, shiny|70/100
|move|p2a: Corviknight|Defog|p1a: green bird
|-unboost|p1a: green bird|evasion|1
|-sideend|p2: friedfreak|Spikes|[from] move: Defog|[of] p2a: Corviknight
|-sideend|p2: friedfreak|Stealth Rock|[from] move: Defog|[of] p2a: Corviknight
|
|-end|p1a: green bird|move: Future Sight
|-resisted|p1a: green bird
|-damage|p1a: green bird|40/100
|-heal|p1a: green bird|46/100|[from] item: Leftovers
|-heal|p2a: Corviknight|100/100|[from] item: Leftovers
|upkeep
|turn|6
|
|t:|1618463787
|move|p1a: green bird|Roost|p1a: green bird
|-heal|p1a: green bird|96/100
|-singleturn|p1a: green bird|move: Roost
|move|p2a: Corviknight|U-turn|p1a: green bird
|-resisted|p1a: green bird
|-damage|p1a: green bird|92/100
|
|t:|1618463814
|switch|p2a: Slowbro|Slowbro, M|100/100|[from]move: U-turn
|
|-heal|p1a: green bird|98/100|[from] item: Leftovers
|upkeep
|turn|7
|
|t:|1618463818
|switch|p1a: pink ass|Toxapex, M, shiny|100/100
|move|p2a: Slowbro|Scald|p1a: pink ass
|-resisted|p1a: pink ass
|-damage|p1a: pink ass|90/100
|
|upkeep
|turn|8
|
|t:|1618463825
|move|p1a: pink ass|Knock Off|p2a: Slowbro
|-supereffective|p2a: Slowbro
|-damage|p2a: Slowbro|83/100
|-damage|p1a: pink ass|73/100|[from] item: Rocky Helmet|[of] p2a: Slowbro
|-enditem|p2a: Slowbro|Rocky Helmet|[from] move: Knock Off|[of] p1a: pink ass
|move|p2a: Slowbro|Future Sight|p1a: pink ass
|-start|p2a: Slowbro|move: Future Sight
|
|upkeep
|turn|9
|
|t:|1618463836
|switch|p1a: knock off|Zamazenta-Crowned|100/100
|-ability|p1a: knock off|Dauntless Shield|boost
|-boost|p1a: knock off|def|1
|move|p2a: Slowbro|Teleport|p2a: Slowbro
|
|t:|1618463842
|switch|p2a: Garchomp|Garchomp, M|100/100|[from]move: Teleport
|
|upkeep
|turn|10
|
|t:|1618463851
|switch|p1a: green bird|Skarmory, F, shiny|98/100
|move|p2a: Garchomp|Stealth Rock|p1a: green bird
|-sidestart|p1: knexhawk|move: Stealth Rock
|
|-end|p1a: green bird|move: Future Sight
|-resisted|p1a: green bird
|-damage|p1a: green bird|67/100
|-heal|p1a: green bird|73/100|[from] item: Leftovers
|upkeep
|turn|11
|
|t:|1618463856
|move|p2a: Garchomp|Swords Dance|p2a: Garchomp
|-boost|p2a: Garchomp|atk|2
|move|p1a: green bird|Spikes|p2a: Garchomp
|-sidestart|p2: friedfreak|Spikes
|
|-heal|p1a: green bird|79/100|[from] item: Leftovers
|upkeep
|turn|12
|
|t:|1618463860
|switch|p1a: pink fuck|Quagsire, F, shiny|100/100
|-damage|p1a: pink fuck|94/100|[from] Stealth Rock
|move|p2a: Garchomp|Swords Dance|p2a: Garchomp
|-boost|p2a: Garchomp|atk|2
|
|-heal|p1a: pink fuck|100/100|[from] item: Leftovers
|upkeep
|turn|13
|
|t:|1618463885
|switch|p2a: Ferrothorn|Ferrothorn, M|100/100
|-damage|p2a: Ferrothorn|88/100|[from] Spikes
|move|p1a: pink fuck|Scald|p2a: Ferrothorn
|-resisted|p2a: Ferrothorn
|-damage|p2a: Ferrothorn|81/100
|
|-heal|p2a: Ferrothorn|87/100|[from] item: Leftovers
|upkeep
|turn|14
|
|t:|1618463892
|switch|p1a: pink ass|Toxapex, M, shiny|100/100
|-damage|p1a: pink ass|88/100|[from] Stealth Rock
|move|p2a: Ferrothorn|Knock Off|p1a: pink ass
|-damage|p1a: pink ass|74/100
|-damage|p2a: Ferrothorn|70/100|[from] item: Rocky Helmet|[of] p1a: pink ass
|-enditem|p1a: pink ass|Rocky Helmet|[from] move: Knock Off|[of] p2a: Ferrothorn
|
|-heal|p2a: Ferrothorn|76/100|[from] item: Leftovers
|upkeep
|turn|15
|
|t:|1618463898
|move|p1a: pink ass|Knock Off|p2a: Ferrothorn
|-damage|p2a: Ferrothorn|67/100
|-damage|p1a: pink ass|62/100|[from] ability: Iron Barbs|[of] p2a: Ferrothorn
|-enditem|p2a: Ferrothorn|Leftovers|[from] move: Knock Off|[of] p1a: pink ass
|move|p2a: Ferrothorn|Spikes|p1a: pink ass
|-sidestart|p1: knexhawk|Spikes
|
|upkeep
|turn|16
|
|t:|1618463902
|move|p1a: pink ass|Scald|p2a: Ferrothorn
|-resisted|p2a: Ferrothorn
|-damage|p2a: Ferrothorn|59/100
|move|p2a: Ferrothorn|Leech Seed|p1a: pink ass
|-start|p1a: pink ass|move: Leech Seed
|
|-damage|p1a: pink ass|49/100|[from] Leech Seed|[of] p2a: Ferrothorn
|-heal|p2a: Ferrothorn|70/100|[silent]
|upkeep
|turn|17
|j| Sahiye
|
|t:|1618463914
|switch|p1a: green bird|Skarmory, F, shiny|79/100
|-damage|p1a: green bird|67/100|[from] Stealth Rock
|move|p2a: Ferrothorn|Knock Off|p1a: green bird
|-damage|p1a: green bird|55/100
|-enditem|p1a: green bird|Leftovers|[from] move: Knock Off|[of] p2a: Ferrothorn
|
|upkeep
|turn|18
|
|t:|1618463921
|move|p1a: green bird|Spikes|p2a: Ferrothorn
|-sidestart|p2: friedfreak|Spikes
|move|p2a: Ferrothorn|Leech Seed|p1a: green bird|[miss]
|-miss|p2a: Ferrothorn|p1a: green bird
|
|upkeep
|turn|19
|
|t:|1618463924
|move|p1a: green bird|Spikes|p2a: Ferrothorn
|-sidestart|p2: friedfreak|Spikes
|move|p2a: Ferrothorn|Leech Seed|p1a: green bird
|-start|p1a: green bird|move: Leech Seed
|
|-damage|p1a: green bird|42/100|[from] Leech Seed|[of] p2a: Ferrothorn
|-heal|p2a: Ferrothorn|82/100|[silent]
|upkeep
|turn|20
|
|t:|1618463928
|move|p1a: green bird|Roost|p1a: green bird
|-heal|p1a: green bird|92/100
|-singleturn|p1a: green bird|move: Roost
|move|p2a: Ferrothorn|Body Press|p1a: green bird
|-supereffective|p1a: green bird
|-damage|p1a: green bird|55/100
|
|-damage|p1a: green bird|42/100|[from] Leech Seed|[of] p2a: Ferrothorn
|-heal|p2a: Ferrothorn|93/100|[silent]
|upkeep
|turn|21
|
|t:|1618463938
|move|p1a: green bird|Roost|p1a: green bird
|-heal|p1a: green bird|92/100
|-singleturn|p1a: green bird|move: Roost
|move|p2a: Ferrothorn|Body Press|p1a: green bird
|-supereffective|p1a: green bird
|-damage|p1a: green bird|58/100
|
|-damage|p1a: green bird|46/100|[from] Leech Seed|[of] p2a: Ferrothorn
|-heal|p2a: Ferrothorn|100/100|[silent]
|upkeep
|turn|22
|inactive|Battle timer is ON: inactive players will automatically lose when time's up. (requested by friedfreak)
|
|t:|1618463956
|switch|p1a: pink ass|Toxapex, M, shiny|82/100
|-damage|p1a: pink ass|70/100|[from] Stealth Rock
|-damage|p1a: pink ass|57/100|[from] Spikes
|move|p2a: Ferrothorn|Body Press|p1a: pink ass
|-resisted|p1a: pink ass
|-damage|p1a: pink ass|49/100
|
|upkeep
|turn|23
|
|t:|1618463968
|switch|p2a: Slowbro|Slowbro, M|100/100
|-damage|p2a: Slowbro|76/100|[from] Spikes
|move|p1a: pink ass|Recover|p1a: pink ass
|-heal|p1a: pink ass|99/100
|
|upkeep
|turn|24
|inactive|friedfreak has 120 seconds left.
|
|t:|1618464003
|switch|p1a: pink shit|Blissey, F|90/100
|move|p2a: Slowbro|Future Sight|p1a: pink shit
|-start|p2a: Slowbro|move: Future Sight
|
|upkeep
|turn|25
|inactive|friedfreak has 120 seconds left.
|
|t:|1618464014
|move|p1a: pink shit|Stealth Rock|p2a: Slowbro
|-sidestart|p2: friedfreak|move: Stealth Rock
|move|p2a: Slowbro|Teleport|p2a: Slowbro
|inactive|friedfreak has 120 seconds left.
|
|t:|1618464027
|switch|p2a: Garchomp|Garchomp, M|100/100|[from]move: Teleport
|-damage|p2a: Garchomp|94/100|[from] Stealth Rock
|-damage|p2a: Garchomp|69/100|[from] Spikes
|
|upkeep
|turn|26
|inactive|friedfreak has 120 seconds left.
|
|t:|1618464046
|move|p2a: Garchomp|Earthquake|p1a: pink shit
|-damage|p1a: pink shit|43/100
|move|p1a: pink shit|Soft-Boiled|p1a: pink shit
|-heal|p1a: pink shit|93/100
|
|-end|p1a: pink shit|move: Future Sight
|-crit|p1a: pink shit
|-damage|p1a: pink shit|69/100
|upkeep
|turn|27
|
|t:|1618464059
|switch|p1a: green shit|Dragonite, M, shiny|100/100
|move|p2a: Garchomp|Swords Dance|p2a: Garchomp
|-boost|p2a: Garchomp|atk|2
|
|upkeep
|turn|28
|
|t:|1618464065
|move|p2a: Garchomp|Stone Edge|p1a: green shit
|-supereffective|p1a: green shit
|-damage|p1a: green shit|31/100
|move|p1a: green shit|Defog|p2a: Garchomp
|-unboost|p2a: Garchomp|evasion|1
|-sideend|p2: friedfreak|Spikes|[from] move: Defog|[of] p1a: green shit
|-sideend|p2: friedfreak|Stealth Rock|[from] move: Defog|[of] p1a: green shit
|-sideend|p1: knexhawk|Spikes|[from] move: Defog|[of] p1a: green shit
|-sideend|p1: knexhawk|Stealth Rock|[from] move: Defog|[of] p1a: green shit
|
|upkeep
|turn|29
|inactive|friedfreak has 120 seconds left.
|
|t:|1618464081
|switch|p1a: pink fuck|Quagsire, F, shiny|100/100
|move|p2a: Garchomp|Stealth Rock|p1a: pink fuck
|-sidestart|p1: knexhawk|move: Stealth Rock
|
|upkeep
|turn|30
|
|t:|1618464090
|switch|p2a: Slowbro|Slowbro, M|100/100
|move|p1a: pink fuck|Scald|p2a: Slowbro
|-resisted|p2a: Slowbro
|-damage|p2a: Slowbro|91/100
|
|upkeep
|turn|31
|inactive|friedfreak has 120 seconds left.
|
|t:|1618464096
|move|p1a: pink fuck|Toxic|p2a: Slowbro
|-status|p2a: Slowbro|tox
|move|p2a: Slowbro|Teleport|p2a: Slowbro
|inactive|friedfreak has 120 seconds left.
|
|t:|1618464102
|switch|p2a: Tapu Lele|Tapu Lele|100/100|[from]move: Teleport
|-fieldstart|move: Psychic Terrain|[from] ability: Psychic Surge|[of] p2a: Tapu Lele
|
|upkeep
|turn|32
|
|t:|1618464106
|switch|p1a: knock off|Zamazenta-Crowned|100/100
|-damage|p1a: knock off|97/100|[from] Stealth Rock
|-ability|p1a: knock off|Dauntless Shield|boost
|-boost|p1a: knock off|def|1
|move|p2a: Tapu Lele|Psychic|p1a: knock off
|-damage|p1a: knock off|46/100
|-unboost|p1a: knock off|spd|1
|
|upkeep
|turn|33
|
|t:|1618464125
|switch|p2a: Slowbro|Slowbro, M|100/100 tox
|move|p1a: knock off|Rest|p1a: knock off
|-status|p1a: knock off|slp|[from] move: Rest
|-heal|p1a: knock off|100/100 slp|[silent]
|
|-damage|p2a: Slowbro|94/100 tox|[from] psn
|upkeep
|turn|34
|
|t:|1618464135
|cant|p1a: knock off|slp
|move|p1a: knock off|Sleep Talk|p1a: knock off
|move|p1a: knock off|Behemoth Bash|p2a: Slowbro|[from]move: Sleep Talk
|-resisted|p2a: Slowbro
|-damage|p2a: Slowbro|83/100 tox
|move|p2a: Slowbro|Teleport|p2a: Slowbro
|inactive|friedfreak has 120 seconds left.
|inactive|friedfreak has 90 seconds left.
|
|t:|1618464179
|switch|p2a: Corviknight|Corviknight, F|100/100|[from]move: Teleport
|-ability|p2a: Corviknight|Pressure
|
|upkeep
|turn|35
|
|t:|1618464186
|switch|p1a: green bird|Skarmory, F, shiny|46/100
|-damage|p1a: green bird|34/100|[from] Stealth Rock
|move|p2a: Corviknight|U-turn|p1a: green bird
|-resisted|p1a: green bird
|-damage|p1a: green bird|32/100
|
|t:|1618464194
|switch|p2a: Zeraora|Zeraora|100/100|[from]move: U-turn
|
|-fieldend|move: Psychic Terrain
|upkeep
|turn|36
|
|t:|1618464210
|switch|p2a: Tapu Lele|Tapu Lele|100/100
|-fieldstart|move: Psychic Terrain|[from] ability: Psychic Surge|[of] p2a: Tapu Lele
|switch|p1a: pink fuck|Quagsire, F, shiny|100/100
|-damage|p1a: pink fuck|94/100|[from] Stealth Rock
|
|-heal|p1a: pink fuck|100/100|[from] item: Leftovers
|upkeep
|turn|37
|
|t:|1618464216
|switch|p1a: pink shit|Blissey, F|69/100
|move|p2a: Tapu Lele|Psychic|p1a: pink shit
|-damage|p1a: pink shit|37/100
|
|upkeep
|turn|38
|
|t:|1618464221
|move|p2a: Tapu Lele|Psychic|p1a: pink shit
|-damage|p1a: pink shit|5/100
|move|p1a: pink shit|Soft-Boiled|p1a: pink shit
|-heal|p1a: pink shit|55/100
|
|upkeep
|turn|39
|
|t:|1618464232
|switch|p2a: Ferrothorn|Ferrothorn, M|100/100
|move|p1a: pink shit|Soft-Boiled|p1a: pink shit
|-heal|p1a: pink shit|100/100
|
|upkeep
|turn|40
|
|t:|1618464249
|switch|p1a: pink ass|Toxapex, M, shiny|100/100
|-damage|p1a: pink ass|88/100|[from] Stealth Rock
|move|p2a: Ferrothorn|Spikes|p1a: pink ass
|-sidestart|p1: knexhawk|Spikes
|
|-fieldend|move: Psychic Terrain
|upkeep
|turn|41
|
|t:|1618464268
|switch|p2a: Slowbro|Slowbro, M|100/100 tox
|move|p1a: pink ass|Scald|p2a: Slowbro
|-resisted|p2a: Slowbro
|-damage|p2a: Slowbro|91/100 tox
|
|-damage|p2a: Slowbro|85/100 tox|[from] psn
|upkeep
|turn|42
|
|t:|1618464272
|switch|p1a: green shit|Dragonite, M, shiny|31/100
|move|p2a: Slowbro|Teleport|p2a: Slowbro
|l| Sahiye
|
|t:|1618464283
|switch|p2a: Tapu Lele|Tapu Lele|100/100|[from]move: Teleport
|-fieldstart|move: Psychic Terrain|[from] ability: Psychic Surge|[of] p2a: Tapu Lele
|
|upkeep
|turn|43
|
|t:|1618464287
|switch|p1a: knock off|Zamazenta-Crowned|100/100 slp
|-damage|p1a: knock off|97/100 slp|[from] Stealth Rock
|-damage|p1a: knock off|85/100 slp|[from] Spikes
|-ability|p1a: knock off|Dauntless Shield|boost
|-boost|p1a: knock off|def|1
|move|p2a: Tapu Lele|Psyshock|p1a: knock off
|-damage|p1a: knock off|51/100 slp
|
|upkeep
|turn|44
|
|t:|1618464302
|switch|p2a: Zeraora|Zeraora|100/100
|cant|p1a: knock off|slp
|move|p1a: knock off|Sleep Talk|p1a: knock off
|move|p1a: knock off|Behemoth Bash|p2a: Zeraora|[from]move: Sleep Talk
|-resisted|p2a: Zeraora
|-damage|p2a: Zeraora|71/100
|
|-heal|p2a: Zeraora|77/100|[from] item: Leftovers
|upkeep
|turn|45
|
|t:|1618464312
|move|p2a: Zeraora|Bulk Up|p2a: Zeraora
|-boost|p2a: Zeraora|atk|1
|-boost|p2a: Zeraora|def|1
|-curestatus|p1a: knock off|slp|[msg]
|move|p1a: knock off|Rest|p1a: knock off
|-status|p1a: knock off|slp|[from] move: Rest
|-heal|p1a: knock off|100/100 slp|[silent]
|
|-heal|p2a: Zeraora|83/100|[from] item: Leftovers
|upkeep
|turn|46
|inactive|friedfreak has 120 seconds left.
|
|t:|1618464317
|switch|p1a: pink fuck|Quagsire, F, shiny|100/100
|-damage|p1a: pink fuck|88/100|[from] Spikes
|-damage|p1a: pink fuck|82/100|[from] Stealth Rock
|move|p2a: Zeraora|Knock Off|p1a: pink fuck
|-damage|p1a: pink fuck|62/100
|-enditem|p1a: pink fuck|Leftovers|[from] move: Knock Off|[of] p2a: Zeraora
|
|-heal|p2a: Zeraora|89/100|[from] item: Leftovers
|-fieldend|move: Psychic Terrain
|upkeep
|turn|47
|inactive|friedfreak has 120 seconds left.
|
|t:|1618464338
|switch|p2a: Slowbro|Slowbro, M|100/100 tox
|move|p1a: pink fuck|Recover|p1a: pink fuck
|-heal|p1a: pink fuck|100/100
|
|-damage|p2a: Slowbro|94/100 tox|[from] psn
|upkeep
|turn|48
|
|t:|1618464343
|switch|p1a: green shit|Dragonite, M, shiny|31/100
|move|p2a: Slowbro|Future Sight|p1a: green shit
|-start|p2a: Slowbro|move: Future Sight
|
|-damage|p2a: Slowbro|82/100 tox|[from] psn
|upkeep
|turn|49
|inactive|friedfreak has 120 seconds left.
|
|t:|1618464352
|move|p1a: green shit|Defog|p2a: Slowbro
|-unboost|p2a: Slowbro|evasion|1
|-sideend|p1: knexhawk|Spikes|[from] move: Defog|[of] p1a: green shit
|-sideend|p1: knexhawk|Stealth Rock|[from] move: Defog|[of] p1a: green shit
|move|p2a: Slowbro|Teleport|p2a: Slowbro
|inactive|friedfreak has 120 seconds left.
|j| rawbtesting2
|l| rawbtesting2
|
|t:|1618464387
|switch|p2a: Garchomp|Garchomp, M|69/100|[from]move: Teleport
|
|upkeep
|turn|50
|
|t:|1618464399
|switch|p1a: pink shit|Blissey, F|100/100
|move|p2a: Garchomp|Stone Edge|p1a: pink shit
|-damage|p1a: pink shit|72/100
|
|-end|p1a: pink shit|move: Future Sight
|-damage|p1a: pink shit|56/100
|upkeep
|turn|51
|
|t:|1618464407
|switch|p1a: green bird|Skarmory, F, shiny|32/100
|move|p2a: Garchomp|Stealth Rock|p1a: green bird
|-sidestart|p1: knexhawk|move: Stealth Rock
|
|upkeep
|turn|52
|inactive|friedfreak has 90 seconds left.
|inactive|friedfreak has 60 seconds left.
|
|t:|1618464461
|switch|p2a: Ferrothorn|Ferrothorn, M|100/100
|move|p1a: green bird|Roost|p1a: green bird
|-heal|p1a: green bird|82/100
|-singleturn|p1a: green bird|move: Roost
|
|upkeep
|turn|53
|j| 0ZorcNecropHades
|inactive|friedfreak has 60 seconds left.
|
|t:|1618464475
|move|p1a: green bird|Body Press|p2a: Ferrothorn
|-supereffective|p2a: Ferrothorn
|-damage|p2a: Ferrothorn|59/100
|-damage|p1a: green bird|69/100|[from] ability: Iron Barbs|[of] p2a: Ferrothorn
|move|p2a: Ferrothorn|Spikes|p1a: green bird
|-sidestart|p1: knexhawk|Spikes
|
|upkeep
|turn|54
|c| 0ZorcNecropHades|ou 1800 ladder
|inactive|friedfreak has 60 seconds left.
|c|☆knexhawk|this is the meta
|
|t:|1618464497
|move|p1a: green bird|Body Press|p2a: Ferrothorn
|-supereffective|p2a: Ferrothorn
|-damage|p2a: Ferrothorn|22/100
|-damage|p1a: green bird|57/100|[from] ability: Iron Barbs|[of] p2a: Ferrothorn
|move|p2a: Ferrothorn|Leech Seed|p1a: green bird
|-start|p1a: green bird|move: Leech Seed
|
|-damage|p1a: green bird|45/100|[from] Leech Seed|[of] p2a: Ferrothorn
|-heal|p2a: Ferrothorn|34/100|[silent]
|upkeep
|turn|55
|c|☆knexhawk|zamazenta is a great potential addition to the tier!
|
|t:|1618464520
|switch|p2a: Tapu Lele|Tapu Lele|100/100
|-fieldstart|move: Psychic Terrain|[from] ability: Psychic Surge|[of] p2a: Tapu Lele
|move|p1a: green bird|Roost|p1a: green bird
|-heal|p1a: green bird|95/100
|-singleturn|p1a: green bird|move: Roost
|
|-damage|p1a: green bird|83/100|[from] Leech Seed|[of] p2a: Tapu Lele
|upkeep
|turn|56
|
|t:|1618464528
|switch|p1a: knock off|Zamazenta-Crowned|100/100 slp
|-damage|p1a: knock off|88/100 slp|[from] Spikes
|-damage|p1a: knock off|85/100 slp|[from] Stealth Rock
|-ability|p1a: knock off|Dauntless Shield|boost
|-boost|p1a: knock off|def|1
|move|p2a: Tapu Lele|Psychic|p1a: knock off
|-damage|p1a: knock off|33/100 slp
|
|upkeep
|turn|57
|
|t:|1618464551
|cant|p1a: knock off|slp
|move|p1a: knock off|Sleep Talk|p1a: knock off
|move|p1a: knock off|Behemoth Bash|p2a: Tapu Lele|[from]move: Sleep Talk
|-supereffective|p2a: Tapu Lele
|-damage|p2a: Tapu Lele|0 fnt
|faint|p2a: Tapu Lele
|
|upkeep
|c|☆knexhawk|aw yeah
|inactive|friedfreak has 30 seconds left.
|inactive|friedfreak has 20 seconds left.
|inactive|friedfreak has 15 seconds left.
|
|t:|1618464578
|switch|p2a: Garchomp|Garchomp, M|69/100
|turn|58
|inactive|friedfreak has 25 seconds left this turn.
|inactive|friedfreak has 20 seconds left.
|inactive|friedfreak has 15 seconds left.
|
|t:|1618464597
|switch|p1a: green bird|Skarmory, F, shiny|83/100
|-damage|p1a: green bird|70/100|[from] Stealth Rock
|move|p2a: Garchomp|Swords Dance|p2a: Garchomp
|-boost|p2a: Garchomp|atk|2
|
|upkeep
|turn|59
|inactive|friedfreak has 25 seconds left this turn.
|inactive|friedfreak has 20 seconds left.
|
|t:|1618464606
|move|p2a: Garchomp|Stone Edge|p1a: green bird
|-damage|p1a: green bird|30/100
|move|p1a: green bird|Roost|p1a: green bird
|-heal|p1a: green bird|80/100
|-singleturn|p1a: green bird|move: Roost
|
|-fieldend|move: Psychic Terrain
|upkeep
|turn|60
|inactive|friedfreak has 30 seconds left this turn.
|
|t:|1618464613
|move|p2a: Garchomp|Swords Dance|p2a: Garchomp
|-boost|p2a: Garchomp|atk|2
|move|p1a: green bird|Whirlwind|p2a: Garchomp
|drag|p2a: Corviknight|Corviknight, F|100/100
|-ability|p2a: Corviknight|Pressure
|
|upkeep
|turn|61
|inactive|friedfreak has 30 seconds left.
|
|t:|1618464618
|move|p1a: green bird|Spikes|p2a: Corviknight
|-sidestart|p2: friedfreak|Spikes
|move|p2a: Corviknight|U-turn|p1a: green bird
|-resisted|p1a: green bird
|-damage|p1a: green bird|78/100
|inactive|friedfreak has 30 seconds left.
|
|t:|1618464624
|switch|p2a: Slowbro|Slowbro, M|100/100 tox|[from]move: U-turn
|-damage|p2a: Slowbro|88/100 tox|[from] Spikes
|
|-damage|p2a: Slowbro|82/100 tox|[from] psn
|upkeep
|turn|62
|c| Kyerndo|I love whirlwind skarm
|
|t:|1618464652
|switch|p1a: green shit|Dragonite, M, shiny|31/100
|move|p2a: Slowbro|Future Sight|p1a: green shit
|-start|p2a: Slowbro|move: Future Sight
|
|-damage|p2a: Slowbro|70/100 tox|[from] psn
|upkeep
|turn|63
|
|t:|1618464665
|switch|p2a: Zeraora|Zeraora|89/100
|-damage|p2a: Zeraora|77/100|[from] Spikes
|move|p1a: green shit|Defog|p2a: Zeraora
|-unboost|p2a: Zeraora|evasion|1
|-sideend|p2: friedfreak|Spikes|[from] move: Defog|[of] p1a: green shit
|-sideend|p1: knexhawk|Spikes|[from] move: Defog|[of] p1a: green shit
|-sideend|p1: knexhawk|Stealth Rock|[from] move: Defog|[of] p1a: green shit
|
|-heal|p2a: Zeraora|83/100|[from] item: Leftovers
|upkeep
|turn|64
|inactive|friedfreak has 30 seconds left.
|
|t:|1618464682
|switch|p1a: pink shit|Blissey, F|56/100
|move|p2a: Zeraora|Close Combat|p1a: pink shit
|-supereffective|p1a: pink shit
|-damage|p1a: pink shit|0 fnt
|-unboost|p2a: Zeraora|def|1
|-unboost|p2a: Zeraora|spd|1
|faint|p1a: pink shit
|
|-hint|Future Sight did not hit because the target is fainted.
|-heal|p2a: Zeraora|89/100|[from] item: Leftovers
|upkeep
|c| 0ZorcNecropHades|?
|
|t:|1618464691
|switch|p1a: pink fuck|Quagsire, F, shiny|100/100
|turn|65
|
|t:|1618464697
|switch|p2a: Ferrothorn|Ferrothorn, M|34/100
|move|p1a: pink fuck|Earthquake|p2a: Ferrothorn
|-damage|p2a: Ferrothorn|15/100
|
|upkeep
|turn|66
|
|t:|1618464703
|switch|p2a: Slowbro|Slowbro, M|100/100 tox
|move|p1a: pink fuck|Earthquake|p2a: Slowbro
|-damage|p2a: Slowbro|82/100 tox
|
|-damage|p2a: Slowbro|76/100 tox|[from] psn
|upkeep
|turn|67
|c|☆knexhawk|i dont need blissey
|
|t:|1618464709
|switch|p1a: green shit|Dragonite, M, shiny|31/100
|move|p2a: Slowbro|Scald|p1a: green shit
|-resisted|p1a: green shit
|-damage|p1a: green shit|23/100
|
|-damage|p2a: Slowbro|64/100 tox|[from] psn
|upkeep
|turn|68
|c| 0ZorcNecropHades|ah
|inactive|friedfreak has 60 seconds left.
|c|☆knexhawk|its a sack
|
|t:|1618464717
|move|p1a: green shit|Roost|p1a: green shit
|-heal|p1a: green shit|73/100
|-singleturn|p1a: green shit|move: Roost
|move|p2a: Slowbro|Future Sight|p1a: green shit
|-start|p2a: Slowbro|move: Future Sight
|
|-damage|p2a: Slowbro|45/100 tox|[from] psn
|upkeep
|turn|69
|c|☆knexhawk|it walls nothing
|inactive|friedfreak has 60 seconds left.
|c|☆knexhawk|except like slowbro ig but i dont need to worry about scald spam
|
|t:|1618464741
|switch|p2a: Zeraora|Zeraora|89/100
|move|p1a: green shit|Roost|p1a: green shit
|-heal|p1a: green shit|100/100
|-singleturn|p1a: green shit|move: Roost
|
|-heal|p2a: Zeraora|95/100|[from] item: Leftovers
|upkeep
|turn|70
|c| 0ZorcNecropHades|maybe for wish support
|
|t:|1618464745
|move|p2a: Zeraora|Knock Off|p1a: green shit
|-damage|p1a: green shit|88/100
|-enditem|p1a: green shit|Heavy-Duty Boots|[from] move: Knock Off|[of] p2a: Zeraora
|move|p1a: green shit|Earthquake|p2a: Zeraora
|-supereffective|p2a: Zeraora
|-damage|p2a: Zeraora|10/100
|
|-end|p1a: green shit|move: Future Sight
|-damage|p1a: green shit|59/100
|-heal|p2a: Zeraora|16/100|[from] item: Leftovers
|upkeep
|turn|71
|c|☆knexhawk|doesnt have wish
|c| 0ZorcNecropHades|could be helpful
|inactive|friedfreak has 60 seconds left.
|c|☆knexhawk|i guess i could set rocks
|
|t:|1618464770
|move|p2a: Zeraora|Plasma Fists|p1a: green shit
|-damage|p1a: green shit|14/100
|-fieldactivate|move: Ion Deluge
|move|p1a: green shit|Roost|p1a: green shit
|-heal|p1a: green shit|64/100
|-singleturn|p1a: green shit|move: Roost
|
|-heal|p2a: Zeraora|22/100|[from] item: Leftovers
|upkeep
|turn|72
|
|t:|1618464796
|switch|p1a: pink fuck|Quagsire, F, shiny|100/100
|move|p2a: Zeraora|Plasma Fists|p1a: pink fuck
|-immune|p1a: pink fuck
|
|-heal|p2a: Zeraora|28/100|[from] item: Leftovers
|upkeep
|turn|73
|inactive|friedfreak has 60 seconds left.
|
|t:|1618464804
|switch|p2a: Slowbro|Slowbro, M|79/100 tox
|move|p1a: pink fuck|Earthquake|p2a: Slowbro
|-damage|p2a: Slowbro|61/100 tox
|
|-damage|p2a: Slowbro|55/100 tox|[from] psn
|upkeep
|turn|74
|inactive|friedfreak has 60 seconds left.
|
|t:|1618464817
|switch|p1a: green shit|Dragonite, M, shiny|64/100
|move|p2a: Slowbro|Scald|p1a: green shit
|-resisted|p1a: green shit
|-damage|p1a: green shit|55/100
|
|-damage|p2a: Slowbro|43/100 tox|[from] psn
|upkeep
|turn|75
|inactive|friedfreak has 60 seconds left.
|
|t:|1618464843
|move|p1a: green shit|Roost|p1a: green shit
|-heal|p1a: green shit|100/100
|-singleturn|p1a: green shit|move: Roost
|move|p2a: Slowbro|Scald|p1a: green shit
|-resisted|p1a: green shit
|-damage|p1a: green shit|96/100
|
|-damage|p2a: Slowbro|24/100 tox|[from] psn
|upkeep
|turn|76
|
|t:|1618464854
|switch|p1a: green bird|Skarmory, F, shiny|78/100
|switch|p2a: Corviknight|Corviknight, F|100/100
|-ability|p2a: Corviknight|Pressure
|
|upkeep
|turn|77
|
|t:|1618464860
|move|p1a: green bird|Spikes|p2a: Corviknight
|-sidestart|p2: friedfreak|Spikes
|move|p2a: Corviknight|U-turn|p1a: green bird
|-resisted|p1a: green bird
|-damage|p1a: green bird|76/100
|
|t:|1618464864
|switch|p2a: Slowbro|Slowbro, M|58/100 tox|[from]move: U-turn
|-damage|p2a: Slowbro|45/100 tox|[from] Spikes
|
|-damage|p2a: Slowbro|39/100 tox|[from] psn
|upkeep
|turn|78
|
|t:|1618464876
|move|p1a: green bird|Spikes|p2a: Slowbro
|-sidestart|p2: friedfreak|Spikes
|move|p2a: Slowbro|Slack Off|p2a: Slowbro
|-heal|p2a: Slowbro|89/100 tox
|
|-damage|p2a: Slowbro|77/100 tox|[from] psn
|upkeep
|turn|79
|j| Nbdjfkdd
|inactive|friedfreak has 90 seconds left.
|
|t:|1618464883
|move|p2a: Slowbro|Scald|p1a: green bird
|-crit|p1a: green bird
|-damage|p1a: green bird|19/100
|move|p1a: green bird|Whirlwind|p2a: Slowbro
|drag|p2a: Garchomp|Garchomp, M|69/100
|-damage|p2a: Garchomp|53/100|[from] Spikes
|
|upkeep
|turn|80
|c|☆knexhawk|aw fuck
|inactive|friedfreak has 90 seconds left.
|c| 0ZorcNecropHades|bruh
|
|t:|1618464897
|switch|p1a: pink fuck|Quagsire, F, shiny|100/100
|move|p2a: Garchomp|Stone Edge|p1a: pink fuck
|-resisted|p1a: pink fuck
|-damage|p1a: pink fuck|88/100
|
|upkeep
|turn|81
|
|t:|1618464906
|switch|p2a: Corviknight|Corviknight, F|100/100
|-ability|p2a: Corviknight|Pressure
|switch|p1a: green bird|Skarmory, F, shiny|19/100
|
|upkeep
|turn|82
|
|t:|1618464912
|move|p1a: green bird|Roost|p1a: green bird
|-heal|p1a: green bird|69/100
|-singleturn|p1a: green bird|move: Roost
|move|p2a: Corviknight|Defog|p1a: green bird
|-unboost|p1a: green bird|evasion|1
|-sideend|p2: friedfreak|Spikes|[from] move: Defog|[of] p2a: Corviknight
|
|upkeep
|turn|83
|inactive|friedfreak has 90 seconds left.
|inactive|knexhawk has 120 seconds left.
|
|t:|1618464948
|move|p1a: green bird|Spikes|p2a: Corviknight
|-sidestart|p2: friedfreak|Spikes
|move|p2a: Corviknight|Iron Head|p1a: green bird
|-resisted|p1a: green bird
|-damage|p1a: green bird|62/100
|
|upkeep
|turn|84
|inactive|knexhawk has 120 seconds left.
|
|t:|1618464957
|move|p1a: green bird|Body Press|p2a: Corviknight
|-damage|p2a: Corviknight|73/100
|move|p2a: Corviknight|Defog|p1a: green bird
|-unboost|p1a: green bird|evasion|1
|-sideend|p2: friedfreak|Spikes|[from] move: Defog|[of] p2a: Corviknight
|
|-heal|p2a: Corviknight|79/100|[from] item: Leftovers
|upkeep
|turn|85
|
|t:|1618464963
|move|p1a: green bird|Spikes|p2a: Corviknight
|-sidestart|p2: friedfreak|Spikes
|move|p2a: Corviknight|Iron Head|p1a: green bird
|-resisted|p1a: green bird
|-damage|p1a: green bird|56/100
|
|-heal|p2a: Corviknight|85/100|[from] item: Leftovers
|upkeep
|turn|86
|
|t:|1618464968
|move|p1a: green bird|Roost|p1a: green bird
|-heal|p1a: green bird|100/100
|-singleturn|p1a: green bird|move: Roost
|move|p2a: Corviknight|Defog|p1a: green bird
|-unboost|p1a: green bird|evasion|1
|-sideend|p2: friedfreak|Spikes|[from] move: Defog|[of] p2a: Corviknight
|
|-heal|p2a: Corviknight|92/100|[from] item: Leftovers
|upkeep
|turn|87
|
|t:|1618464977
|switch|p1a: pink ass|Toxapex, M, shiny|100/100
|move|p2a: Corviknight|Iron Head|p1a: pink ass
|-resisted|p1a: pink ass
|-damage|p1a: pink ass|93/100
|
|-heal|p2a: Corviknight|98/100|[from] item: Leftovers
|upkeep
|turn|88
|
|t:|1618464987
|move|p2a: Corviknight|U-turn|p1a: pink ass
|-resisted|p1a: pink ass
|-damage|p1a: pink ass|89/100
|
|t:|1618464991
|switch|p2a: Slowbro|Slowbro, M|100/100 tox|[from]move: U-turn
|move|p1a: pink ass|Knock Off|p2a: Slowbro
|-supereffective|p2a: Slowbro
|-damage|p2a: Slowbro|88/100 tox
|
|-damage|p2a: Slowbro|82/100 tox|[from] psn
|upkeep
|turn|89
|
|t:|1618465002
|switch|p1a: green shit|Dragonite, M, shiny|96/100
|move|p2a: Slowbro|Scald|p1a: green shit
|-resisted|p1a: green shit
|-damage|p1a: green shit|87/100
|-status|p1a: green shit|brn
|
|-damage|p1a: green shit|81/100 brn|[from] brn
|-damage|p2a: Slowbro|70/100 tox|[from] psn
|upkeep
|turn|90
|
|t:|1618465011
|move|p1a: green shit|Heal Bell|p1a: green shit
|-activate|p1a: green shit|move: Heal Bell
|-curestatus|p1a: green shit|brn|[msg]
|-curestatus|p1: knock off|slp|[msg]
|move|p2a: Slowbro|Future Sight|p1a: green shit
|-start|p2a: Slowbro|move: Future Sight
|
|-damage|p2a: Slowbro|51/100 tox|[from] psn
|upkeep
|turn|91
|inactive|knexhawk has 120 seconds left.
|
|t:|1618465043
|move|p1a: green shit|Earthquake|p2a: Slowbro
|-damage|p2a: Slowbro|33/100 tox
|move|p2a: Slowbro|Teleport|p2a: Slowbro
|
|t:|1618465048
|switch|p2a: Garchomp|Garchomp, M|53/100|[from]move: Teleport
|
|upkeep
|turn|92
|
|t:|1618465063
|switch|p1a: green bird|Skarmory, F, shiny|100/100
|move|p2a: Garchomp|Stealth Rock|p1a: green bird
|-sidestart|p1: knexhawk|move: Stealth Rock
|
|-end|p1a: green bird|move: Future Sight
|-resisted|p1a: green bird
|-damage|p1a: green bird|71/100
|upkeep
|turn|93
|inactive|knexhawk has 120 seconds left.
|inactive|friedfreak has 90 seconds left.
|inactive|friedfreak has 60 seconds left.
|
|t:|1618465109
|switch|p2a: Zeraora|Zeraora|28/100
|move|p1a: green bird|Spikes|p2a: Zeraora
|-sidestart|p2: friedfreak|Spikes
|
|-heal|p2a: Zeraora|34/100|[from] item: Leftovers
|upkeep
|turn|94
|inactive|friedfreak has 60 seconds left.
|
|t:|1618465120
|switch|p1a: pink fuck|Quagsire, F, shiny|88/100
|-damage|p1a: pink fuck|82/100|[from] Stealth Rock
|move|p2a: Zeraora|Plasma Fists|p1a: pink fuck
|-immune|p1a: pink fuck
|
|-heal|p2a: Zeraora|40/100|[from] item: Leftovers
|upkeep
|turn|95
|
|t:|1618465141
|switch|p2a: Slowbro|Slowbro, M|67/100 tox
|-damage|p2a: Slowbro|54/100 tox|[from] Spikes
|switch|p1a: knock off|Zamazenta-Crowned|33/100
|-damage|p1a: knock off|30/100|[from] Stealth Rock
|-ability|p1a: knock off|Dauntless Shield|boost
|-boost|p1a: knock off|def|1
|
|-damage|p2a: Slowbro|48/100 tox|[from] psn
|upkeep
|turn|96
|
|t:|1618465153
|move|p1a: knock off|Rest|p1a: knock off
|-status|p1a: knock off|slp|[from] move: Rest
|-heal|p1a: knock off|100/100 slp|[silent]
|move|p2a: Slowbro|Future Sight|p1a: knock off
|-start|p2a: Slowbro|move: Future Sight
|
|-damage|p2a: Slowbro|36/100 tox|[from] psn
|upkeep
|turn|97
|inactive|knexhawk has 90 seconds left.
|inactive|friedfreak has 30 seconds left.
|j| TurtleDoggo1
|inactive|friedfreak has 20 seconds left.
|inactive|knexhawk has 60 seconds left.
|j| kid-kun
|inactive|knexhawk has 30 seconds left.
|inactive|knexhawk has 20 seconds left.
|inactive|knexhawk has 15 seconds left.
|inactive|knexhawk has 10 seconds left.
|inactive|knexhawk has 5 seconds left.
|-message|knexhawk lost due to inactivity.
|
|win|friedfreak
|raw|knexhawk's rating: 1805 &rarr; <strong>1786</strong><br />(-19 for losing)
|raw|friedfreak's rating: 1819 &rarr; <strong>1838</strong><br />(+19 for winning)
|l| MagicToyota
|l|☆friedfreak
