|j|☆TheMysteriousOneV
|j|☆Valentine
|t:|1615245648
|player|p1|TheMysteriousOneV|shadowtriad|1586
|player|p2|Valentine|acetrainer|1630
|teamsize|p1|6
|teamsize|p2|6
|gametype|singles
|gen|8
|tier|[Gen 8] OU
|rated|
|clearpoke
|poke|p1|Swampert, F|
|poke|p1|Kyurem|
|poke|p1|Garchomp, M|
|poke|p1|Zapdos|
|poke|p1|Melmetal|
|poke|p1|Weavile, M|
|poke|p2|Tapu Koko|
|poke|p2|Tangrowth, M|
|poke|p2|Heatran, M|
|poke|p2|Toxapex, M|
|poke|p2|Landorus-Therian, M|
|poke|p2|Dragapult, M|
|rule|Sleep Clause Mod: Limit one foe put to sleep
|rule|Species Clause: Limit one of each Pokémon
|rule|OHKO Clause: OHKO moves are banned
|rule|Evasion Moves Clause: Evasion moves are banned
|rule|Endless Battle Clause: Forcing endless battles is banned
|rule|HP Percentage Mod: HP is shown in percentages
|rule|Dynamax Clause: You cannot dynamax
|teampreview
|
|t:|1615245675
|start
|switch|p1a: Bon Jovi|Swampert, F|100/100
|switch|p2a: Landorus|Landorus-Therian, M|100/100
|-ability|p2a: Landorus|Intimidate|boost
|-unboost|p1a: Bon Jovi|atk|1
|turn|1
|
|t:|1615245680
|move|p2a: Landorus|Stealth Rock|p1a: Bon Jovi
|-sidestart|p1: TheMysteriousOneV|move: Stealth Rock
|move|p1a: Bon Jovi|Ice Beam|p2a: Landorus
|-supereffective|p2a: Landorus
|-damage|p2a: Landorus|29/100
|
|upkeep
|turn|2
|
|t:|1615245686
|move|p2a: Landorus|Toxic|p1a: Bon Jovi
|-status|p1a: Bon Jovi|tox
|move|p1a: Bon Jovi|Flip Turn|p2a: Landorus
|-supereffective|p2a: Landorus
|-damage|p2a: Landorus|8/100
|-damage|p1a: Bon Jovi|84/100 tox|[from] item: Rocky Helmet|[of] p2a: Landorus
|
|t:|1615245695
|switch|p1a: Godsmack|Kyurem|100/100|[from]move: Flip Turn
|-damage|p1a: Godsmack|76/100|[from] Stealth Rock
|-ability|p1a: Godsmack|Pressure
|
|-heal|p1a: Godsmack|82/100|[from] item: Leftovers
|upkeep
|turn|3
|
|t:|1615245699
|move|p1a: Godsmack|Substitute|p1a: Godsmack
|-start|p1a: Godsmack|Substitute
|-damage|p1a: Godsmack|57/100
|move|p2a: Landorus|Earthquake|p1a: Godsmack
|-end|p1a: Godsmack|Substitute
|
|-heal|p1a: Godsmack|63/100|[from] item: Leftovers
|upkeep
|turn|4
|
|t:|1615245702
|move|p1a: Godsmack|Ice Beam|p2a: Landorus
|-supereffective|p2a: Landorus
|-damage|p2a: Landorus|0 fnt
|faint|p2a: Landorus
|
|-heal|p1a: Godsmack|69/100|[from] item: Leftovers
|upkeep
|
|t:|1615245706
|switch|p2a: Tapu Koko|Tapu Koko|100/100
|-fieldstart|move: Electric Terrain|[from] ability: Electric Surge|[of] p2a: Tapu Koko
|turn|5
|
|t:|1615245709
|switch|p1a: Black Sabbath|Melmetal|100/100
|-damage|p1a: Black Sabbath|94/100|[from] Stealth Rock
|move|p2a: Tapu Koko|U-turn|p1a: Black Sabbath
|-resisted|p1a: Black Sabbath
|-damage|p1a: Black Sabbath|90/100
|
|t:|1615245718
|switch|p2a: Heatran|Heatran, M|100/100|[from]move: U-turn
|
|upkeep
|turn|6
|
|t:|1615245723
|move|p2a: Heatran|Magma Storm|p1a: Black Sabbath
|-supereffective|p1a: Black Sabbath
|-damage|p1a: Black Sabbath|49/100
|-activate|p1a: Black Sabbath|move: Magma Storm|[of] p2a: Heatran
|move|p1a: Black Sabbath|Earthquake|p2a: Heatran
|-supereffective|p2a: Heatran
|-crit|p2a: Heatran
|-damage|p2a: Heatran|0 fnt
|faint|p2a: Heatran
|
|-end|p1a: Black Sabbath|Magma Storm|[partiallytrapped]|[silent]
|upkeep
|
|t:|1615245741
|switch|p2a: Toxapex|Toxapex, M|100/100
|turn|7
|
|t:|1615245743
|move|p1a: Black Sabbath|Thunder Punch|p2a: Toxapex
|-supereffective|p2a: Toxapex
|-damage|p2a: Toxapex|40/100
|move|p2a: Toxapex|Scald|p1a: Black Sabbath
|-damage|p1a: Black Sabbath|40/100
|-status|p1a: Black Sabbath|brn
|
|-damage|p1a: Black Sabbath|34/100 brn|[from] brn
|upkeep
|turn|8
|
|t:|1615245749
|switch|p2a: Tangrowth|Tangrowth, M|100/100
|move|p1a: Black Sabbath|Thunder Punch|p2a: Tangrowth
|-resisted|p2a: Tangrowth
|-damage|p2a: Tangrowth|95/100
|-damage|p1a: Black Sabbath|18/100 brn|[from] item: Rocky Helmet|[of] p2a: Tangrowth
|
|-damage|p1a: Black Sabbath|12/100 brn|[from] brn
|upkeep
|turn|9
|
|t:|1615245753
|switch|p1a: Thunderstruck|Zapdos|100/100
|move|p2a: Tangrowth|Knock Off|p1a: Thunderstruck
|-damage|p1a: Thunderstruck|82/100
|-enditem|p1a: Thunderstruck|Heavy-Duty Boots|[from] move: Knock Off|[of] p2a: Tangrowth
|
|-fieldend|move: Electric Terrain
|upkeep
|turn|10
|
|t:|1615245757
|move|p1a: Thunderstruck|Defog|p2a: Tangrowth
|-unboost|p2a: Tangrowth|evasion|1
|-sideend|p1: TheMysteriousOneV|Stealth Rock|[from] move: Defog|[of] p1a: Thunderstruck
|move|p2a: Tangrowth|Toxic|p1a: Thunderstruck
|-status|p1a: Thunderstruck|tox
|
|-damage|p1a: Thunderstruck|76/100 tox|[from] psn
|upkeep
|turn|11
|
|t:|1615245766
|move|p1a: Thunderstruck|Heat Wave|p2a: Tangrowth
|-supereffective|p2a: Tangrowth
|-damage|p2a: Tangrowth|22/100
|move|p2a: Tangrowth|Toxic|p1a: Thunderstruck
|-fail|p1a: Thunderstruck|tox
|
|-damage|p1a: Thunderstruck|64/100 tox|[from] psn
|upkeep
|turn|12
|
|t:|1615245774
|switch|p2a: Tapu Koko|Tapu Koko|100/100
|-fieldstart|move: Electric Terrain|[from] ability: Electric Surge|[of] p2a: Tapu Koko
|move|p1a: Thunderstruck|Heat Wave|p2a: Tapu Koko
|-damage|p2a: Tapu Koko|61/100
|
|-damage|p1a: Thunderstruck|46/100 tox|[from] psn
|upkeep
|turn|13
|
|t:|1615245784
|move|p2a: Tapu Koko|Dazzling Gleam|p1a: Thunderstruck
|-damage|p1a: Thunderstruck|14/100 tox
|move|p1a: Thunderstruck|Roost|p1a: Thunderstruck
|-heal|p1a: Thunderstruck|64/100 tox
|-singleturn|p1a: Thunderstruck|move: Roost
|
|-damage|p1a: Thunderstruck|40/100 tox|[from] psn
|upkeep
|turn|14
|
|t:|1615245789
|switch|p1a: Bon Jovi|Swampert, F|84/100 tox
|move|p2a: Tapu Koko|Roost|p2a: Tapu Koko
|-heal|p2a: Tapu Koko|100/100
|-singleturn|p2a: Tapu Koko|move: Roost
|
|-heal|p1a: Bon Jovi|90/100 tox|[from] item: Leftovers
|-damage|p1a: Bon Jovi|84/100 tox|[from] psn
|upkeep
|turn|15
|
|t:|1615245791
|move|p2a: Tapu Koko|U-turn|p1a: Bon Jovi
|-damage|p1a: Bon Jovi|68/100 tox
|
|t:|1615245795
|switch|p2a: Toxapex|Toxapex, M|74/100|[from]move: U-turn
|move|p1a: Bon Jovi|Earthquake|p2a: Toxapex
|-supereffective|p2a: Toxapex
|-damage|p2a: Toxapex|18/100
|
|-heal|p1a: Bon Jovi|74/100 tox|[from] item: Leftovers
|-damage|p1a: Bon Jovi|62/100 tox|[from] psn
|upkeep
|turn|16
|
|t:|1615245800
|switch|p2a: Tangrowth|Tangrowth, M|55/100
|move|p1a: Bon Jovi|Flip Turn|p2a: Tangrowth
|-resisted|p2a: Tangrowth
|-damage|p2a: Tangrowth|50/100
|-damage|p1a: Bon Jovi|45/100 tox|[from] item: Rocky Helmet|[of] p2a: Tangrowth
|
|t:|1615245805
|switch|p1a: Megadeth|Garchomp, M, shiny|100/100|[from]move: Flip Turn
|
|-fieldend|move: Electric Terrain
|upkeep
|turn|17
|
|t:|1615245814
|move|p1a: Megadeth|Fire Blast|p2a: Tangrowth
|-supereffective|p2a: Tangrowth
|-damage|p2a: Tangrowth|0 fnt
|-damage|p1a: Megadeth|91/100|[from] item: Life Orb
|faint|p2a: Tangrowth
|
|upkeep
|
|t:|1615245817
|switch|p2a: Tapu Koko|Tapu Koko|100/100
|-fieldstart|move: Electric Terrain|[from] ability: Electric Surge|[of] p2a: Tapu Koko
|turn|18
|
|t:|1615245823
|move|p2a: Tapu Koko|Dazzling Gleam|p1a: Megadeth
|-supereffective|p1a: Megadeth
|-damage|p1a: Megadeth|15/100
|move|p1a: Megadeth|Earthquake|p2a: Tapu Koko
|-supereffective|p2a: Tapu Koko
|-damage|p2a: Tapu Koko|0 fnt
|-damage|p1a: Megadeth|5/100|[from] item: Life Orb
|faint|p2a: Tapu Koko
|
|upkeep
|
|t:|1615245829
|switch|p2a: Dragapult|Dragapult, M|100/100
|turn|19
|
|t:|1615245836
|move|p2a: Dragapult|Shadow Ball|p1a: Megadeth
|-damage|p1a: Megadeth|0 fnt
|faint|p1a: Megadeth
|
|upkeep
|
|t:|1615245843
|switch|p1a: Limp Bizkit|Weavile, M|100/100
|-ability|p1a: Limp Bizkit|Pressure
|turn|20
|
|t:|1615245847
|switch|p2a: Toxapex|Toxapex, M|52/100
|move|p1a: Limp Bizkit|Knock Off|p2a: Toxapex
|-damage|p2a: Toxapex|0 fnt
|-enditem|p2a: Toxapex|Shed Shell|[from] move: Knock Off|[of] p1a: Limp Bizkit
|faint|p2a: Toxapex
|
|upkeep
|
|t:|1615245850
|switch|p2a: Dragapult|Dragapult, M|100/100
|turn|21
|
|t:|1615245855
|switch|p1a: Thunderstruck|Zapdos|40/100 tox
|move|p2a: Dragapult|Flamethrower|p1a: Thunderstruck
|-crit|p1a: Thunderstruck
|-damage|p1a: Thunderstruck|0 fnt
|faint|p1a: Thunderstruck
|
|upkeep
|
|t:|1615245860
|switch|p1a: Godsmack|Kyurem|69/100
|-ability|p1a: Godsmack|Pressure
|turn|22
|
|t:|1615245866
|move|p2a: Dragapult|Flamethrower|p1a: Godsmack
|-damage|p1a: Godsmack|31/100
|move|p1a: Godsmack|Ice Beam|p2a: Dragapult
|-supereffective|p2a: Dragapult
|-damage|p2a: Dragapult|0 fnt
|faint|p2a: Dragapult
|
|win|TheMysteriousOneV
|raw|TheMysteriousOneV's rating: 1586 &rarr; <strong>1609</strong><br />(+23 for winning)
|raw|Valentine's rating: 1634 &rarr; <strong>1616</strong><br />(-18 for losing)
|c|☆TheMysteriousOneV|gg
|c|☆Valentine|i fkd that up
|c|☆Valentine|gg
