|j|☆Q114
|j|☆lidazhap
|player|p1|Q114|102|1712
|player|p2|lidazhap|giovanni|1561
|teamsize|p1|6
|teamsize|p2|6
|gametype|singles
|gen|8
|tier|[Gen 8] OU
|rated|
|clearpoke
|poke|p1|Toxapex, F|
|poke|p1|Ferrothorn, F|
|poke|p1|Seismitoad, M|
|poke|p1|Tyranitar, F|
|poke|p1|Clefable, F|
|poke|p1|Corviknight, M|
|poke|p2|Kommo-o, M|
|poke|p2|Kyurem|
|poke|p2|Toxapex, M|
|poke|p2|Corviknight, F|
|poke|p2|Clefable, M|
|poke|p2|Mew|
|rule|Sleep Clause Mod: Limit one foe put to sleep
|rule|Species Clause: Limit one of each Pokémon
|rule|OHKO Clause: OHKO moves are banned
|rule|Evasion Moves Clause: Evasion moves are banned
|rule|Endless Battle Clause: Forcing endless battles is banned
|rule|HP Percentage Mod: HP is shown in percentages
|rule|Dynamax Clause: You cannot dynamax
|teampreview
|
|start
|switch|p1a: Seismitoad|Seismitoad, M|100/100
|switch|p2a: Mew|Mew|100/100
|turn|1
|
|move|p2a: Mew|Block|p1a: Seismitoad
|-activate|p1a: Seismitoad|trapped
|move|p1a: Seismitoad|Knock Off|p2a: Mew
|-supereffective|p2a: Mew
|-damage|p2a: Mew|61/100
|-enditem|p2a: Mew|Leftovers|[from] move: Knock Off|[of] p1a: Seismitoad
|
|upkeep
|turn|2
|
|move|p2a: Mew|Imprison|p2a: Mew
|-start|p2a: Mew|move: Imprison
|move|p1a: Seismitoad|Toxic|p2a: Mew
|-status|p2a: Mew|tox
|-activate|p2a: Mew|ability: Synchronize
|-status|p1a: Seismitoad|tox
|
|-damage|p2a: Mew|55/100 tox|[from] psn
|-damage|p1a: Seismitoad|94/100 tox|[from] psn
|upkeep
|turn|3
|
|move|p2a: Mew|Transform|p1a: Seismitoad
|-transform|p2a: Mew|p1a: Seismitoad
|-endability|p2a: Mew|Synchronize|[from] move: Transform
|cant|p1a: Seismitoad|move: Imprison|Knock Off
|
|-heal|p1a: Seismitoad|100/100 tox|[from] item: Leftovers
|-damage|p1a: Seismitoad|88/100 tox|[from] psn
|-damage|p2a: Mew|43/100 tox|[from] psn
|upkeep
|turn|4
|
|-activate|p1a: Seismitoad|move: Struggle
|move|p1a: Seismitoad|Struggle|p2a: Mew
|-damage|p2a: Mew|35/100 tox
|-damage|p1a: Seismitoad|63/100 tox|[from] recoil
|move|p2a: Mew|Knock Off|p1a: Seismitoad
|-damage|p1a: Seismitoad|48/100 tox
|-enditem|p1a: Seismitoad|Leftovers|[from] move: Knock Off|[of] p2a: Mew
|
|-damage|p1a: Seismitoad|30/100 tox|[from] psn
|-damage|p2a: Mew|16/100 tox|[from] psn
|upkeep
|turn|5
|
|switch|p2a: Clefable|Clefable, M|100/100
|-activate|p1a: Seismitoad|move: Struggle
|move|p1a: Seismitoad|Struggle|p2a: Clefable
|-damage|p2a: Clefable|89/100
|-damage|p1a: Seismitoad|5/100 tox|[from] recoil
|
|-heal|p2a: Clefable|95/100|[from] item: Leftovers
|-damage|p1a: Seismitoad|0 fnt|[from] psn
|faint|p1a: Seismitoad
|upkeep
|
|switch|p1a: Toxapex|Toxapex, F|100/100
|turn|6
|
|move|p2a: Clefable|Wish|p2a: Clefable
|move|p1a: Toxapex|Knock Off|p2a: Clefable
|-resisted|p2a: Clefable
|-damage|p2a: Clefable|87/100
|-enditem|p2a: Clefable|Leftovers|[from] move: Knock Off|[of] p1a: Toxapex
|
|upkeep
|turn|7
|
|move|p1a: Toxapex|Poison Jab|p2a: Clefable
|-supereffective|p2a: Clefable
|-damage|p2a: Clefable|45/100
|-status|p2a: Clefable|psn
|move|p2a: Clefable|Teleport|p2a: Clefable
|
|switch|p2a: Mew|Mew|16/100 tox|[from]move: Teleport
|
|-heal|p2a: Mew|65/100 tox|[from] move: Wish|[wisher] Clefable
|-damage|p2a: Mew|59/100 tox|[from] psn
|upkeep
|turn|8
|j| HeavenStar
|
|switch|p2a: Corviknight|Corviknight, F|100/100
|-ability|p2a: Corviknight|Pressure
|switch|p1a: Tyranitar|Tyranitar, F|100/100
|-weather|Sandstorm|[from] ability: Sand Stream|[of] p1a: Tyranitar
|
|-weather|Sandstorm|[upkeep]
|upkeep
|turn|9
|
|switch|p1a: Toxapex|Toxapex, F|100/100
|move|p2a: Corviknight|Body Press|p1a: Toxapex
|-resisted|p1a: Toxapex
|-damage|p1a: Toxapex|92/100
|
|-weather|Sandstorm|[upkeep]
|-damage|p1a: Toxapex|86/100|[from] Sandstorm
|-heal|p1a: Toxapex|92/100|[from] item: Black Sludge
|upkeep
|turn|10
|
|switch|p2a: Toxapex|Toxapex, M|100/100
|move|p1a: Toxapex|Scald|p2a: Toxapex
|-resisted|p2a: Toxapex
|-damage|p2a: Toxapex|94/100
|
|-weather|Sandstorm|[upkeep]
|-damage|p2a: Toxapex|88/100|[from] Sandstorm
|-damage|p1a: Toxapex|86/100|[from] Sandstorm
|-heal|p2a: Toxapex|94/100|[from] item: Black Sludge
|-heal|p1a: Toxapex|92/100|[from] item: Black Sludge
|upkeep
|turn|11
|
|move|p2a: Toxapex|Scald|p1a: Toxapex
|-resisted|p1a: Toxapex
|-damage|p1a: Toxapex|85/100
|move|p1a: Toxapex|Knock Off|p2a: Toxapex
|-damage|p2a: Toxapex|85/100
|-enditem|p2a: Toxapex|Black Sludge|[from] move: Knock Off|[of] p1a: Toxapex
|
|-weather|Sandstorm|[upkeep]
|-damage|p2a: Toxapex|79/100|[from] Sandstorm
|-damage|p1a: Toxapex|79/100|[from] Sandstorm
|-heal|p1a: Toxapex|85/100|[from] item: Black Sludge
|upkeep
|turn|12
|
|move|p2a: Toxapex|Scald|p1a: Toxapex
|-resisted|p1a: Toxapex
|-damage|p1a: Toxapex|78/100
|move|p1a: Toxapex|Scald|p2a: Toxapex
|-resisted|p2a: Toxapex
|-damage|p2a: Toxapex|73/100
|
|-weather|none
|-heal|p1a: Toxapex|84/100|[from] item: Black Sludge
|upkeep
|turn|13
|
|move|p2a: Toxapex|Scald|p1a: Toxapex
|-resisted|p1a: Toxapex
|-damage|p1a: Toxapex|77/100
|-status|p1a: Toxapex|brn
|move|p1a: Toxapex|Scald|p2a: Toxapex
|-resisted|p2a: Toxapex
|-damage|p2a: Toxapex|66/100
|
|-heal|p1a: Toxapex|83/100 brn|[from] item: Black Sludge
|-damage|p1a: Toxapex|77/100 brn|[from] brn
|upkeep
|turn|14
|
|switch|p2a: Mew|Mew|59/100 tox
|move|p1a: Toxapex|Scald|p2a: Mew
|-damage|p2a: Mew|47/100 tox
|
|-heal|p1a: Toxapex|83/100 brn|[from] item: Black Sludge
|-damage|p2a: Mew|41/100 tox|[from] psn
|-damage|p1a: Toxapex|77/100 brn|[from] brn
|upkeep
|turn|15
|
|switch|p1a: Tyranitar|Tyranitar, F|100/100
|-weather|Sandstorm|[from] ability: Sand Stream|[of] p1a: Tyranitar
|move|p2a: Mew|Spikes|p1a: Tyranitar
|-sidestart|p1: Q114|Spikes
|
|-weather|Sandstorm|[upkeep]
|-damage|p2a: Mew|34/100 tox|[from] Sandstorm
|-damage|p2a: Mew|22/100 tox|[from] psn
|upkeep
|turn|16
|
|switch|p2a: Corviknight|Corviknight, F|100/100
|-ability|p2a: Corviknight|Pressure
|switch|p1a: Corviknight|Corviknight, M|100/100
|-ability|p1a: Corviknight|Pressure
|
|-weather|Sandstorm|[upkeep]
|upkeep
|turn|17
|
|move|p1a: Corviknight|Defog|p2a: Corviknight
|-unboost|p2a: Corviknight|evasion|1
|-sideend|p1: Q114|Spikes|[from] move: Defog|[of] p1a: Corviknight
|move|p2a: Corviknight|Iron Defense|p2a: Corviknight
|-boost|p2a: Corviknight|def|2
|
|-weather|Sandstorm|[upkeep]
|upkeep
|turn|18
|
|move|p1a: Corviknight|Bulk Up|p1a: Corviknight
|-boost|p1a: Corviknight|atk|1
|-boost|p1a: Corviknight|def|1
|move|p2a: Corviknight|Iron Defense|p2a: Corviknight
|-boost|p2a: Corviknight|def|2
|
|-weather|Sandstorm|[upkeep]
|upkeep
|turn|19
|
|move|p1a: Corviknight|Bulk Up|p1a: Corviknight
|-boost|p1a: Corviknight|atk|1
|-boost|p1a: Corviknight|def|1
|move|p2a: Corviknight|Iron Defense|p2a: Corviknight
|-boost|p2a: Corviknight|def|2
|
|-weather|none
|upkeep
|turn|20
|
|move|p1a: Corviknight|Bulk Up|p1a: Corviknight
|-boost|p1a: Corviknight|atk|1
|-boost|p1a: Corviknight|def|1
|move|p2a: Corviknight|Body Press|p1a: Corviknight
|-damage|p1a: Corviknight|74/100
|-damage|p2a: Corviknight|84/100|[from] item: Rocky Helmet|[of] p1a: Corviknight
|
|-heal|p2a: Corviknight|90/100|[from] item: Leftovers
|upkeep
|turn|21
|
|move|p1a: Corviknight|Bulk Up|p1a: Corviknight
|-boost|p1a: Corviknight|atk|1
|-boost|p1a: Corviknight|def|1
|move|p2a: Corviknight|Body Press|p1a: Corviknight
|-damage|p1a: Corviknight|52/100
|-damage|p2a: Corviknight|74/100|[from] item: Rocky Helmet|[of] p1a: Corviknight
|
|-heal|p2a: Corviknight|80/100|[from] item: Leftovers
|upkeep
|turn|22
|
|move|p1a: Corviknight|Roost|p1a: Corviknight
|-heal|p1a: Corviknight|100/100
|-singleturn|p1a: Corviknight|move: Roost
|move|p2a: Corviknight|Body Press|p1a: Corviknight
|-supereffective|p1a: Corviknight
|-damage|p1a: Corviknight|56/100
|-damage|p2a: Corviknight|63/100|[from] item: Rocky Helmet|[of] p1a: Corviknight
|
|-heal|p2a: Corviknight|70/100|[from] item: Leftovers
|upkeep
|turn|23
|
|move|p1a: Corviknight|Bulk Up|p1a: Corviknight
|-boost|p1a: Corviknight|atk|1
|-boost|p1a: Corviknight|def|1
|move|p2a: Corviknight|Body Press|p1a: Corviknight
|-damage|p1a: Corviknight|37/100
|-damage|p2a: Corviknight|53/100|[from] item: Rocky Helmet|[of] p1a: Corviknight
|
|-heal|p2a: Corviknight|59/100|[from] item: Leftovers
|upkeep
|turn|24
|
|move|p1a: Corviknight|Bulk Up|p1a: Corviknight
|-boost|p1a: Corviknight|atk|1
|-boost|p1a: Corviknight|def|1
|move|p2a: Corviknight|Roost|p2a: Corviknight
|-heal|p2a: Corviknight|100/100
|-singleturn|p2a: Corviknight|move: Roost
|
|upkeep
|turn|25
|
|move|p1a: Corviknight|Roost|p1a: Corviknight
|-heal|p1a: Corviknight|87/100
|-singleturn|p1a: Corviknight|move: Roost
|move|p2a: Corviknight|Body Press|p1a: Corviknight
|-supereffective|p1a: Corviknight
|-damage|p1a: Corviknight|56/100
|-damage|p2a: Corviknight|84/100|[from] item: Rocky Helmet|[of] p1a: Corviknight
|
|-heal|p2a: Corviknight|90/100|[from] item: Leftovers
|upkeep
|turn|26
|
|move|p1a: Corviknight|Roost|p1a: Corviknight
|-heal|p1a: Corviknight|100/100
|-singleturn|p1a: Corviknight|move: Roost
|move|p2a: Corviknight|Body Press|p1a: Corviknight
|-supereffective|p1a: Corviknight
|-damage|p1a: Corviknight|68/100
|-damage|p2a: Corviknight|74/100|[from] item: Rocky Helmet|[of] p1a: Corviknight
|
|-heal|p2a: Corviknight|80/100|[from] item: Leftovers
|upkeep
|turn|27
|
|move|p1a: Corviknight|Body Press|p2a: Corviknight
|-damage|p2a: Corviknight|64/100
|move|p2a: Corviknight|Body Press|p1a: Corviknight
|-damage|p1a: Corviknight|51/100
|-damage|p2a: Corviknight|48/100|[from] item: Rocky Helmet|[of] p1a: Corviknight
|
|-heal|p2a: Corviknight|54/100|[from] item: Leftovers
|upkeep
|turn|28
|
|move|p1a: Corviknight|Roost|p1a: Corviknight
|-heal|p1a: Corviknight|100/100
|-singleturn|p1a: Corviknight|move: Roost
|move|p2a: Corviknight|Roost|p2a: Corviknight
|-heal|p2a: Corviknight|100/100
|-singleturn|p2a: Corviknight|move: Roost
|
|upkeep
|turn|29
|
|switch|p2a: Toxapex|Toxapex, M|99/100
|move|p1a: Corviknight|Body Press|p2a: Toxapex
|-resisted|p2a: Toxapex
|-damage|p2a: Toxapex|67/100
|
|upkeep
|turn|30
|
|switch|p1a: Toxapex|Toxapex, F|100/100 brn
|move|p2a: Toxapex|Scald|p1a: Toxapex
|-resisted|p1a: Toxapex
|-damage|p1a: Toxapex|94/100 brn
|
|-heal|p1a: Toxapex|99/100 brn|[from] item: Black Sludge
|-damage|p1a: Toxapex|94/100 brn|[from] brn
|upkeep
|turn|31
|
|switch|p2a: Kyurem|Kyurem|100/100
|-ability|p2a: Kyurem|Pressure
|move|p1a: Toxapex|Scald|p2a: Kyurem
|-resisted|p2a: Kyurem
|-damage|p2a: Kyurem|93/100
|
|-heal|p1a: Toxapex|99/100 brn|[from] item: Black Sludge
|-damage|p1a: Toxapex|94/100 brn|[from] brn
|upkeep
|turn|32
|
|switch|p1a: Ferrothorn|Ferrothorn, F|100/100
|move|p2a: Kyurem|Freeze-Dry|p1a: Ferrothorn
|-damage|p1a: Ferrothorn|68/100
|
|-heal|p1a: Ferrothorn|74/100|[from] item: Leftovers
|upkeep
|turn|33
|
|switch|p2a: Clefable|Clefable, M|45/100 psn
|move|p1a: Ferrothorn|Leech Seed|p2a: Clefable
|-start|p2a: Clefable|move: Leech Seed
|
|-heal|p1a: Ferrothorn|80/100|[from] item: Leftovers
|upkeep
|turn|34
|
|move|p2a: Clefable|Wish|p2a: Clefable
|move|p1a: Ferrothorn|Spikes|p2a: Clefable
|-sidestart|p2: lidazhap|Spikes
|
|-heal|p1a: Ferrothorn|86/100|[from] item: Leftovers
|upkeep
|turn|35
|
|switch|p2a: Mew|Mew|22/100 tox
|-damage|p2a: Mew|10/100 tox|[from] Spikes
|move|p1a: Ferrothorn|Spikes|p2a: Mew
|-sidestart|p2: lidazhap|Spikes
|
|-heal|p2a: Mew|59/100 tox|[from] move: Wish|[wisher] Clefable
|-heal|p1a: Ferrothorn|92/100|[from] item: Leftovers
|-damage|p2a: Mew|52/100 tox|[from] psn
|upkeep
|turn|36
|
|switch|p2a: Corviknight|Corviknight, F|100/100
|-ability|p2a: Corviknight|Pressure
|move|p1a: Ferrothorn|Spikes|p2a: Corviknight
|-sidestart|p2: lidazhap|Spikes
|
|-heal|p1a: Ferrothorn|98/100|[from] item: Leftovers
|upkeep
|turn|37
|
|move|p2a: Corviknight|Defog|p1a: Ferrothorn
|-unboost|p1a: Ferrothorn|evasion|1
|-sideend|p2: lidazhap|Spikes|[from] move: Defog|[of] p2a: Corviknight
|move|p1a: Ferrothorn|Knock Off|p2a: Corviknight
|-damage|p2a: Corviknight|88/100
|-enditem|p2a: Corviknight|Leftovers|[from] move: Knock Off|[of] p1a: Ferrothorn
|
|-heal|p1a: Ferrothorn|100/100|[from] item: Leftovers
|upkeep
|turn|38
|
|switch|p2a: Clefable|Clefable, M|45/100 psn
|switch|p1a: Toxapex|Toxapex, F|100/100 brn
|
|-damage|p1a: Toxapex|95/100 brn|[from] brn
|upkeep
|turn|39
|
|move|p2a: Clefable|Wish|p2a: Clefable
|move|p1a: Toxapex|Poison Jab|p2a: Clefable
|-supereffective|p2a: Clefable
|-damage|p2a: Clefable|24/100 psn
|
|-heal|p1a: Toxapex|100/100 brn|[from] item: Black Sludge
|-damage|p1a: Toxapex|95/100 brn|[from] brn
|upkeep
|turn|40
|
|switch|p1a: Ferrothorn|Ferrothorn, F|100/100
|move|p2a: Clefable|Protect||[still]
|-fail|p2a: Clefable
|
|-heal|p2a: Clefable|74/100 psn|[from] move: Wish|[wisher] Clefable
|upkeep
|turn|41
|
|move|p2a: Clefable|Wish|p2a: Clefable
|move|p1a: Ferrothorn|Spikes|p2a: Clefable
|-sidestart|p2: lidazhap|Spikes
|
|upkeep
|turn|42
|
|switch|p2a: Mew|Mew|52/100 tox
|-damage|p2a: Mew|40/100 tox|[from] Spikes
|move|p1a: Ferrothorn|Spikes|p2a: Mew
|-sidestart|p2: lidazhap|Spikes
|
|-heal|p2a: Mew|89/100 tox|[from] move: Wish|[wisher] Clefable
|-damage|p2a: Mew|83/100 tox|[from] psn
|upkeep
|turn|43
|
|switch|p2a: Corviknight|Corviknight, F|88/100
|-ability|p2a: Corviknight|Pressure
|move|p1a: Ferrothorn|Spikes|p2a: Corviknight
|-sidestart|p2: lidazhap|Spikes
|
|upkeep
|turn|44
|
|switch|p1a: Corviknight|Corviknight, M|100/100
|-ability|p1a: Corviknight|Pressure
|move|p2a: Corviknight|Defog|p1a: Corviknight
|-unboost|p1a: Corviknight|evasion|1
|-sideend|p2: lidazhap|Spikes|[from] move: Defog|[of] p2a: Corviknight
|
|upkeep
|turn|45
|
|switch|p1a: Ferrothorn|Ferrothorn, F|100/100
|switch|p2a: Toxapex|Toxapex, M|99/100
|
|upkeep
|turn|46
|
|move|p2a: Toxapex|Scald|p1a: Ferrothorn
|-resisted|p1a: Ferrothorn
|-damage|p1a: Ferrothorn|95/100
|-status|p1a: Ferrothorn|brn
|move|p1a: Ferrothorn|Spikes|p2a: Toxapex
|-sidestart|p2: lidazhap|Spikes
|
|-heal|p1a: Ferrothorn|100/100 brn|[from] item: Leftovers
|-damage|p1a: Ferrothorn|95/100 brn|[from] brn
|upkeep
|turn|47
|
|switch|p2a: Clefable|Clefable, M|74/100 psn
|switch|p1a: Clefable|Clefable, F|100/100
|
|upkeep
|turn|48
|
|move|p1a: Clefable|Aromatherapy|p1a: Clefable
|-activate|p1a: Clefable|move: Aromatherapy
|-curestatus|p1: Toxapex|brn|[msg]
|-curestatus|p1: Ferrothorn|brn|[msg]
|move|p2a: Clefable|Wish|p2a: Clefable
|
|upkeep
|turn|49
|
|switch|p1a: Toxapex|Toxapex, F|100/100
|move|p2a: Clefable|Moonblast|p1a: Toxapex
|-resisted|p1a: Toxapex
|-damage|p1a: Toxapex|88/100
|
|-heal|p2a: Clefable|100/100 psn|[from] move: Wish|[wisher] Clefable
|-heal|p1a: Toxapex|94/100|[from] item: Black Sludge
|upkeep
|turn|50
|
|move|p1a: Toxapex|Poison Jab|p2a: Clefable
|-supereffective|p2a: Clefable
|-damage|p2a: Clefable|59/100 psn
|move|p2a: Clefable|Teleport|p2a: Clefable
|
|switch|p2a: Mew|Mew|83/100 tox|[from]move: Teleport
|-damage|p2a: Mew|70/100 tox|[from] Spikes
|
|-heal|p1a: Toxapex|99/100|[from] item: Black Sludge
|-damage|p2a: Mew|64/100 tox|[from] psn
|upkeep
|turn|51
|
|move|p2a: Mew|Block|p1a: Toxapex
|-activate|p1a: Toxapex|trapped
|move|p1a: Toxapex|Knock Off|p2a: Mew
|-supereffective|p2a: Mew
|-damage|p2a: Mew|46/100 tox
|
|-heal|p1a: Toxapex|100/100|[from] item: Black Sludge
|-damage|p2a: Mew|34/100 tox|[from] psn
|upkeep
|turn|52
|
|move|p2a: Mew|Imprison|p2a: Mew
|-start|p2a: Mew|move: Imprison
|move|p1a: Toxapex|Knock Off|p2a: Mew
|-supereffective|p2a: Mew
|-damage|p2a: Mew|17/100 tox
|
|-damage|p2a: Mew|0 fnt|[from] psn
|faint|p2a: Mew
|upkeep
|
|switch|p2a: Kyurem|Kyurem|93/100
|-damage|p2a: Kyurem|81/100|[from] Spikes
|-ability|p2a: Kyurem|Pressure
|turn|53
|
|switch|p1a: Tyranitar|Tyranitar, F|100/100
|-weather|Sandstorm|[from] ability: Sand Stream|[of] p1a: Tyranitar
|move|p2a: Kyurem|Freeze-Dry|p1a: Tyranitar
|-damage|p1a: Tyranitar|86/100
|
|-weather|Sandstorm|[upkeep]
|-damage|p2a: Kyurem|74/100|[from] Sandstorm
|upkeep
|turn|54
|
|switch|p2a: Kommo-o|Kommo-o, M|100/100
|-damage|p2a: Kommo-o|88/100|[from] Spikes
|switch|p1a: Toxapex|Toxapex, F|100/100
|
|-weather|Sandstorm|[upkeep]
|-damage|p2a: Kommo-o|82/100|[from] Sandstorm
|-damage|p1a: Toxapex|95/100|[from] Sandstorm
|-heal|p2a: Kommo-o|88/100|[from] item: Leftovers
|-heal|p1a: Toxapex|100/100|[from] item: Black Sludge
|upkeep
|turn|55
|
|move|p2a: Kommo-o|Stealth Rock|p1a: Toxapex
|-sidestart|p1: Q114|move: Stealth Rock
|move|p1a: Toxapex|Scald|p2a: Kommo-o
|-resisted|p2a: Kommo-o
|-damage|p2a: Kommo-o|80/100
|
|-weather|Sandstorm|[upkeep]
|-damage|p2a: Kommo-o|74/100|[from] Sandstorm
|-damage|p1a: Toxapex|95/100|[from] Sandstorm
|-heal|p2a: Kommo-o|80/100|[from] item: Leftovers
|-heal|p1a: Toxapex|100/100|[from] item: Black Sludge
|upkeep
|turn|56
|
|switch|p2a: Clefable|Clefable, M|59/100 psn
|move|p1a: Toxapex|Scald|p2a: Clefable
|-damage|p2a: Clefable|47/100 psn
|
|-weather|Sandstorm|[upkeep]
|-damage|p1a: Toxapex|95/100|[from] Sandstorm
|-heal|p1a: Toxapex|100/100|[from] item: Black Sludge
|upkeep
|turn|57
|
|move|p2a: Clefable|Wish|p2a: Clefable
|move|p1a: Toxapex|Poison Jab|p2a: Clefable
|-supereffective|p2a: Clefable
|-damage|p2a: Clefable|3/100 psn
|
|-weather|none
|upkeep
|turn|58
|
|move|p2a: Clefable|Protect|p2a: Clefable
|-singleturn|p2a: Clefable|Protect
|move|p1a: Toxapex|Poison Jab|p2a: Clefable
|-activate|p2a: Clefable|move: Protect
|
|-heal|p2a: Clefable|53/100 psn|[from] move: Wish|[wisher] Clefable
|upkeep
|turn|59
|
|switch|p2a: Toxapex|Toxapex, M|100/100
|-damage|p2a: Toxapex|88/100|[from] Spikes
|move|p1a: Toxapex|Poison Jab|p2a: Toxapex
|-resisted|p2a: Toxapex
|-damage|p2a: Toxapex|82/100
|
|upkeep
|turn|60
|
|move|p2a: Toxapex|Scald|p1a: Toxapex
|-resisted|p1a: Toxapex
|-damage|p1a: Toxapex|94/100
|-status|p1a: Toxapex|brn
|move|p1a: Toxapex|Scald|p2a: Toxapex
|-resisted|p2a: Toxapex
|-damage|p2a: Toxapex|75/100
|
|-heal|p1a: Toxapex|99/100 brn|[from] item: Black Sludge
|-damage|p1a: Toxapex|94/100 brn|[from] brn
|upkeep
|turn|61
|
|switch|p2a: Clefable|Clefable, M|53/100 psn
|move|p1a: Toxapex|Scald|p2a: Clefable
|-damage|p2a: Clefable|41/100 psn
|
|-heal|p1a: Toxapex|99/100 brn|[from] item: Black Sludge
|-damage|p1a: Toxapex|94/100 brn|[from] brn
|upkeep
|turn|62
|
|move|p2a: Clefable|Wish|p2a: Clefable
|move|p1a: Toxapex|Poison Jab|p2a: Clefable
|-supereffective|p2a: Clefable
|-damage|p2a: Clefable|21/100 psn
|
|-heal|p1a: Toxapex|99/100 brn|[from] item: Black Sludge
|-damage|p1a: Toxapex|94/100 brn|[from] brn
|upkeep
|turn|63
|
|switch|p1a: Ferrothorn|Ferrothorn, F|95/100
|-damage|p1a: Ferrothorn|89/100|[from] Stealth Rock
|move|p2a: Clefable|Moonblast|p1a: Ferrothorn
|-resisted|p1a: Ferrothorn
|-damage|p1a: Ferrothorn|79/100
|
|-heal|p2a: Clefable|71/100 psn|[from] move: Wish|[wisher] Clefable
|-heal|p1a: Ferrothorn|85/100|[from] item: Leftovers
|upkeep
|turn|64
|
|move|p2a: Clefable|Wish|p2a: Clefable
|move|p1a: Ferrothorn|Spikes|p2a: Clefable
|-sidestart|p2: lidazhap|Spikes
|
|-heal|p1a: Ferrothorn|91/100|[from] item: Leftovers
|upkeep
|turn|65
|
|move|p2a: Clefable|Moonblast|p1a: Ferrothorn
|-resisted|p1a: Ferrothorn
|-crit|p1a: Ferrothorn
|-damage|p1a: Ferrothorn|75/100
|move|p1a: Ferrothorn|Spikes|p2a: Clefable
|-sidestart|p2: lidazhap|Spikes
|
|-heal|p2a: Clefable|100/100 psn|[from] move: Wish|[wisher] Clefable
|-heal|p1a: Ferrothorn|81/100|[from] item: Leftovers
|upkeep
|turn|66
|
|switch|p2a: Corviknight|Corviknight, F|88/100
|-ability|p2a: Corviknight|Pressure
|move|p1a: Ferrothorn|Knock Off|p2a: Corviknight
|-damage|p2a: Corviknight|79/100
|
|-heal|p1a: Ferrothorn|87/100|[from] item: Leftovers
|upkeep
|turn|67
|
|move|p2a: Corviknight|Defog|p1a: Ferrothorn
|-unboost|p1a: Ferrothorn|evasion|1
|-sideend|p1: Q114|Stealth Rock|[from] move: Defog|[of] p2a: Corviknight
|-sideend|p2: lidazhap|Spikes|[from] move: Defog|[of] p2a: Corviknight
|move|p1a: Ferrothorn|Leech Seed|p2a: Corviknight
|-start|p2a: Corviknight|move: Leech Seed
|
|-heal|p1a: Ferrothorn|93/100|[from] item: Leftovers
|-damage|p2a: Corviknight|67/100|[from] Leech Seed|[of] p1a: Ferrothorn
|-heal|p1a: Ferrothorn|100/100|[silent]
|upkeep
|turn|68
|
|switch|p2a: Kommo-o|Kommo-o, M|80/100
|move|p1a: Ferrothorn|Spikes|p2a: Kommo-o
|-sidestart|p2: lidazhap|Spikes
|
|-heal|p2a: Kommo-o|86/100|[from] item: Leftovers
|upkeep
|turn|69
|
|switch|p2a: Corviknight|Corviknight, F|67/100
|-ability|p2a: Corviknight|Pressure
|switch|p1a: Toxapex|Toxapex, F|100/100 brn
|
|-damage|p1a: Toxapex|95/100 brn|[from] brn
|upkeep
|turn|70
|
|switch|p2a: Clefable|Clefable, M|100/100 psn
|move|p1a: Toxapex|Scald|p2a: Clefable
|-damage|p2a: Clefable|90/100 psn
|
|-heal|p1a: Toxapex|100/100 brn|[from] item: Black Sludge
|-damage|p1a: Toxapex|95/100 brn|[from] brn
|upkeep
|turn|71
|
|switch|p2a: Toxapex|Toxapex, M|100/100
|-damage|p2a: Toxapex|88/100|[from] Spikes
|switch|p1a: Clefable|Clefable, F|100/100
|
|upkeep
|turn|72
|
|switch|p1a: Toxapex|Toxapex, F|100/100 brn
|switch|p2a: Clefable|Clefable, M|90/100 psn
|
|-damage|p1a: Toxapex|95/100 brn|[from] brn
|upkeep
|turn|73
|
|switch|p2a: Toxapex|Toxapex, M|100/100
|-damage|p2a: Toxapex|88/100|[from] Spikes
|switch|p1a: Clefable|Clefable, F|100/100
|
|upkeep
|turn|74
|
|switch|p1a: Toxapex|Toxapex, F|100/100 brn
|move|p2a: Toxapex|Scald|p1a: Toxapex
|-resisted|p1a: Toxapex
|-damage|p1a: Toxapex|93/100 brn
|
|-heal|p1a: Toxapex|99/100 brn|[from] item: Black Sludge
|-damage|p1a: Toxapex|93/100 brn|[from] brn
|upkeep
|turn|75
|
|switch|p2a: Corviknight|Corviknight, F|67/100
|-ability|p2a: Corviknight|Pressure
|switch|p1a: Clefable|Clefable, F|100/100
|
|upkeep
|turn|76
|
|move|p2a: Corviknight|Defog|p1a: Clefable
|-unboost|p1a: Clefable|evasion|1
|-sideend|p2: lidazhap|Spikes|[from] move: Defog|[of] p2a: Corviknight
|move|p1a: Clefable|Aromatherapy|p1a: Clefable
|-activate|p1a: Clefable|move: Aromatherapy
|-curestatus|p1: Toxapex|brn|[msg]
|
|upkeep
|turn|77
|c|☆lidazhap|t
|l|☆lidazhap
|player|p2|
|inactive|Battle timer is ON: inactive players will automatically lose when time's up. (requested by Q114)
|inactive|lidazhap has 30 seconds to reconnect!
|inactive|lidazhap has 20 seconds to reconnect!
|inactive|lidazhap has 15 seconds to reconnect!
|inactive|lidazhap has 10 seconds to reconnect!
|inactive|lidazhap has 5 seconds to reconnect!
|j|☆lidazhap
|inactive|lidazhap reconnected and has 95 seconds left.
|player|p2|lidazhap|giovanni
|inactive|lidazhap has 90 seconds left.
|
|switch|p1a: Toxapex|Toxapex, F|100/100
|move|p2a: Corviknight|Roost|p2a: Corviknight
|-heal|p2a: Corviknight|100/100
|-singleturn|p2a: Corviknight|move: Roost
|
|upkeep
|turn|78
|inactive|Q114 has 120 seconds left.
|
|switch|p2a: Toxapex|Toxapex, M|100/100
|move|p1a: Toxapex|Scald|p2a: Toxapex
|-resisted|p2a: Toxapex
|-damage|p2a: Toxapex|94/100
|-status|p2a: Toxapex|brn
|
|-damage|p2a: Toxapex|88/100 brn|[from] brn
|upkeep
|turn|79
|inactive|Q114 has 120 seconds left.
|
|switch|p1a: Ferrothorn|Ferrothorn, F|100/100
|move|p2a: Toxapex|Scald|p1a: Ferrothorn
|-resisted|p1a: Ferrothorn
|-damage|p1a: Ferrothorn|95/100
|
|-heal|p1a: Ferrothorn|100/100|[from] item: Leftovers
|-damage|p2a: Toxapex|81/100 brn|[from] brn
|upkeep
|turn|80
|
|move|p1a: Ferrothorn|Protect|p1a: Ferrothorn
|-singleturn|p1a: Ferrothorn|Protect
|move|p2a: Toxapex|Scald|p1a: Ferrothorn
|-activate|p1a: Ferrothorn|move: Protect
|
|-damage|p2a: Toxapex|75/100 brn|[from] brn
|upkeep
|turn|81
|
|switch|p2a: Corviknight|Corviknight, F|100/100
|-ability|p2a: Corviknight|Pressure
|switch|p1a: Corviknight|Corviknight, M|100/100
|-ability|p1a: Corviknight|Pressure
|
|upkeep
|turn|82
|
|switch|p1a: Ferrothorn|Ferrothorn, F|100/100
|switch|p2a: Kommo-o|Kommo-o, M|86/100
|
|-heal|p2a: Kommo-o|93/100|[from] item: Leftovers
|upkeep
|turn|83
|
|move|p2a: Kommo-o|Stealth Rock|p1a: Ferrothorn
|-sidestart|p1: Q114|move: Stealth Rock
|move|p1a: Ferrothorn|Knock Off|p2a: Kommo-o
|-resisted|p2a: Kommo-o
|-damage|p2a: Kommo-o|86/100
|-enditem|p2a: Kommo-o|Leftovers|[from] move: Knock Off|[of] p1a: Ferrothorn
|
|upkeep
|turn|84
|
|switch|p2a: Toxapex|Toxapex, M|100/100 brn
|switch|p1a: Toxapex|Toxapex, F|100/100
|-damage|p1a: Toxapex|88/100|[from] Stealth Rock
|
|-heal|p1a: Toxapex|94/100|[from] item: Black Sludge
|-damage|p2a: Toxapex|94/100 brn|[from] brn
|upkeep
|turn|85
|
|switch|p2a: Clefable|Clefable, M|90/100 psn
|switch|p1a: Corviknight|Corviknight, M|100/100
|-damage|p1a: Corviknight|88/100|[from] Stealth Rock
|-ability|p1a: Corviknight|Pressure
|
|upkeep
|turn|86
|
|switch|p2a: Kyurem|Kyurem|74/100
|-ability|p2a: Kyurem|Pressure
|move|p1a: Corviknight|Defog|p2a: Kyurem
|-unboost|p2a: Kyurem|evasion|1
|-sideend|p1: Q114|Stealth Rock|[from] move: Defog|[of] p1a: Corviknight
|
|upkeep
|turn|87
|
|switch|p1a: Ferrothorn|Ferrothorn, F|100/100
|move|p2a: Kyurem|Ice Beam|p1a: Ferrothorn
|-damage|p1a: Ferrothorn|55/100
|
|-heal|p1a: Ferrothorn|61/100|[from] item: Leftovers
|upkeep
|turn|88
|
|move|p1a: Ferrothorn|Protect|p1a: Ferrothorn
|-singleturn|p1a: Ferrothorn|Protect
|move|p2a: Kyurem|Ice Beam|p1a: Ferrothorn
|-activate|p1a: Ferrothorn|move: Protect
|
|-heal|p1a: Ferrothorn|67/100|[from] item: Leftovers
|upkeep
|turn|89
|
|switch|p2a: Clefable|Clefable, M|90/100 psn
|switch|p1a: Tyranitar|Tyranitar, F|86/100
|-weather|Sandstorm|[from] ability: Sand Stream|[of] p1a: Tyranitar
|
|-weather|Sandstorm|[upkeep]
|upkeep
|turn|90
|
|switch|p1a: Ferrothorn|Ferrothorn, F|67/100
|move|p2a: Clefable|Protect||[still]
|-fail|p2a: Clefable
|
|-weather|Sandstorm|[upkeep]
|-heal|p1a: Ferrothorn|73/100|[from] item: Leftovers
|upkeep
|turn|91
|
|switch|p2a: Toxapex|Toxapex, M|100/100 brn
|move|p1a: Ferrothorn|Spikes|p2a: Toxapex
|-sidestart|p2: lidazhap|Spikes
|
|-weather|Sandstorm|[upkeep]
|-damage|p2a: Toxapex|94/100 brn|[from] Sandstorm
|-heal|p1a: Ferrothorn|79/100|[from] item: Leftovers
|-damage|p2a: Toxapex|88/100 brn|[from] brn
|upkeep
|turn|92
|
|switch|p2a: Corviknight|Corviknight, F|100/100
|-ability|p2a: Corviknight|Pressure
|move|p1a: Ferrothorn|Protect||[still]
|-fail|p1a: Ferrothorn
|
|-weather|Sandstorm|[upkeep]
|-heal|p1a: Ferrothorn|85/100|[from] item: Leftovers
|upkeep
|turn|93
|
|switch|p2a: Clefable|Clefable, M|90/100 psn
|switch|p1a: Corviknight|Corviknight, M|88/100
|-ability|p1a: Corviknight|Pressure
|
|-weather|none
|upkeep
|turn|94
|
|switch|p1a: Ferrothorn|Ferrothorn, F|85/100
|switch|p2a: Toxapex|Toxapex, M|100/100 brn
|-damage|p2a: Toxapex|88/100 brn|[from] Spikes
|
|-heal|p1a: Ferrothorn|91/100|[from] item: Leftovers
|-damage|p2a: Toxapex|82/100 brn|[from] brn
|upkeep
|turn|95
|
|switch|p1a: Corviknight|Corviknight, M|88/100
|-ability|p1a: Corviknight|Pressure
|move|p2a: Toxapex|Scald|p1a: Corviknight
|-damage|p1a: Corviknight|72/100
|-status|p1a: Corviknight|brn
|
|-damage|p1a: Corviknight|66/100 brn|[from] brn
|-damage|p2a: Toxapex|75/100 brn|[from] brn
|upkeep
|turn|96
|
|switch|p2a: Clefable|Clefable, M|90/100 psn
|move|p1a: Corviknight|Roost|p1a: Corviknight
|-heal|p1a: Corviknight|100/100 brn
|-singleturn|p1a: Corviknight|move: Roost
|
|-damage|p1a: Corviknight|94/100 brn|[from] brn
|upkeep
|turn|97
|
|switch|p1a: Ferrothorn|Ferrothorn, F|91/100
|switch|p2a: Toxapex|Toxapex, M|100/100 brn
|-damage|p2a: Toxapex|88/100 brn|[from] Spikes
|
|-heal|p1a: Ferrothorn|97/100|[from] item: Leftovers
|-damage|p2a: Toxapex|82/100 brn|[from] brn
|upkeep
|turn|98
|
|move|p1a: Ferrothorn|Protect|p1a: Ferrothorn
|-singleturn|p1a: Ferrothorn|Protect
|move|p2a: Toxapex|Haze|p2a: Toxapex
|-clearallboost
|
|-heal|p1a: Ferrothorn|100/100|[from] item: Leftovers
|-damage|p2a: Toxapex|75/100 brn|[from] brn
|upkeep
|turn|99
|
|switch|p2a: Corviknight|Corviknight, F|100/100
|-ability|p2a: Corviknight|Pressure
|switch|p1a: Corviknight|Corviknight, M|94/100 brn
|-ability|p1a: Corviknight|Pressure
|
|-damage|p1a: Corviknight|88/100 brn|[from] brn
|upkeep
|turn|100
|
|switch|p2a: Toxapex|Toxapex, M|100/100 brn
|-damage|p2a: Toxapex|88/100 brn|[from] Spikes
|move|p1a: Corviknight|Bulk Up|p1a: Corviknight
|-boost|p1a: Corviknight|atk|1
|-boost|p1a: Corviknight|def|1
|
|-damage|p1a: Corviknight|82/100 brn|[from] brn
|-damage|p2a: Toxapex|82/100 brn|[from] brn
|upkeep
|turn|101
|
|switch|p1a: Toxapex|Toxapex, F|100/100
|move|p2a: Toxapex|Haze|p2a: Toxapex
|-clearallboost
|
|-damage|p2a: Toxapex|75/100 brn|[from] brn
|upkeep
|turn|102
|
|switch|p1a: Ferrothorn|Ferrothorn, F|100/100
|move|p2a: Toxapex|Scald|p1a: Ferrothorn
|-resisted|p1a: Ferrothorn
|-damage|p1a: Ferrothorn|95/100
|
|-heal|p1a: Ferrothorn|100/100|[from] item: Leftovers
|-damage|p2a: Toxapex|69/100 brn|[from] brn
|upkeep
|turn|103
|
|switch|p2a: Corviknight|Corviknight, F|100/100
|-ability|p2a: Corviknight|Pressure
|switch|p1a: Corviknight|Corviknight, M|82/100 brn
|-ability|p1a: Corviknight|Pressure
|
|-damage|p1a: Corviknight|76/100 brn|[from] brn
|upkeep
|turn|104
|
|switch|p1a: Toxapex|Toxapex, F|100/100
|switch|p2a: Toxapex|Toxapex, M|100/100 brn
|-damage|p2a: Toxapex|88/100 brn|[from] Spikes
|
|-damage|p2a: Toxapex|82/100 brn|[from] brn
|upkeep
|turn|105
|
|switch|p2a: Corviknight|Corviknight, F|100/100
|-ability|p2a: Corviknight|Pressure
|switch|p1a: Ferrothorn|Ferrothorn, F|100/100
|
|upkeep
|turn|106
|
|switch|p1a: Toxapex|Toxapex, F|100/100
|move|p2a: Corviknight|Defog|p1a: Toxapex
|-unboost|p1a: Toxapex|evasion|1
|-sideend|p2: lidazhap|Spikes|[from] move: Defog|[of] p2a: Corviknight
|
|upkeep
|turn|107
|
|switch|p2a: Toxapex|Toxapex, M|100/100 brn
|switch|p1a: Ferrothorn|Ferrothorn, F|100/100
|
|-damage|p2a: Toxapex|94/100 brn|[from] brn
|upkeep
|turn|108
|
|switch|p2a: Corviknight|Corviknight, F|100/100
|-ability|p2a: Corviknight|Pressure
|move|p1a: Ferrothorn|Spikes|p2a: Corviknight
|-sidestart|p2: lidazhap|Spikes
|
|upkeep
|turn|109
|
|switch|p2a: Clefable|Clefable, M|90/100 psn
|switch|p1a: Corviknight|Corviknight, M|76/100 brn
|-ability|p1a: Corviknight|Pressure
|
|-damage|p1a: Corviknight|70/100 brn|[from] brn
|upkeep
|turn|110
|
|switch|p1a: Clefable|Clefable, F|100/100
|switch|p2a: Corviknight|Corviknight, F|100/100
|-ability|p2a: Corviknight|Pressure
|
|upkeep
|turn|111
|
|switch|p2a: Toxapex|Toxapex, M|100/100 brn
|-damage|p2a: Toxapex|88/100 brn|[from] Spikes
|switch|p1a: Corviknight|Corviknight, M|70/100 brn
|-ability|p1a: Corviknight|Pressure
|
|-damage|p1a: Corviknight|64/100 brn|[from] brn
|-damage|p2a: Toxapex|82/100 brn|[from] brn
|upkeep
|turn|112
|
|switch|p1a: Clefable|Clefable, F|100/100
|switch|p2a: Corviknight|Corviknight, F|100/100
|-ability|p2a: Corviknight|Pressure
|
|upkeep
|turn|113
|
|switch|p2a: Clefable|Clefable, M|90/100 psn
|switch|p1a: Corviknight|Corviknight, M|64/100 brn
|-ability|p1a: Corviknight|Pressure
|
|-damage|p1a: Corviknight|58/100 brn|[from] brn
|upkeep
|turn|114
|
|switch|p2a: Toxapex|Toxapex, M|100/100 brn
|-damage|p2a: Toxapex|88/100 brn|[from] Spikes
|move|p1a: Corviknight|Roost|p1a: Corviknight
|-heal|p1a: Corviknight|100/100 brn
|-singleturn|p1a: Corviknight|move: Roost
|
|-damage|p1a: Corviknight|94/100 brn|[from] brn
|-damage|p2a: Toxapex|82/100 brn|[from] brn
|upkeep
|turn|115
|
|switch|p1a: Toxapex|Toxapex, F|100/100
|switch|p2a: Kommo-o|Kommo-o, M|86/100
|-damage|p2a: Kommo-o|74/100|[from] Spikes
|
|upkeep
|turn|116
|
|move|p2a: Kommo-o|Stealth Rock|p1a: Toxapex
|-sidestart|p1: Q114|move: Stealth Rock
|move|p1a: Toxapex|Poison Jab|p2a: Kommo-o
|-damage|p2a: Kommo-o|62/100
|
|upkeep
|turn|117
|
|switch|p2a: Toxapex|Toxapex, M|100/100 brn
|-damage|p2a: Toxapex|88/100 brn|[from] Spikes
|switch|p1a: Corviknight|Corviknight, M|94/100 brn
|-damage|p1a: Corviknight|82/100 brn|[from] Stealth Rock
|-ability|p1a: Corviknight|Pressure
|
|-damage|p1a: Corviknight|76/100 brn|[from] brn
|-damage|p2a: Toxapex|82/100 brn|[from] brn
|upkeep
|turn|118
|
|switch|p2a: Corviknight|Corviknight, F|100/100
|-ability|p2a: Corviknight|Pressure
|move|p1a: Corviknight|Defog|p2a: Corviknight
|-unboost|p2a: Corviknight|evasion|1
|-sideend|p2: lidazhap|Spikes|[from] move: Defog|[of] p1a: Corviknight
|-sideend|p1: Q114|Stealth Rock|[from] move: Defog|[of] p1a: Corviknight
|
|-damage|p1a: Corviknight|70/100 brn|[from] brn
|upkeep
|turn|119
|
|switch|p1a: Clefable|Clefable, F|100/100
|switch|p2a: Kyurem|Kyurem|74/100
|-ability|p2a: Kyurem|Pressure
|
|upkeep
|turn|120
|
|switch|p2a: Toxapex|Toxapex, M|100/100 brn
|move|p1a: Clefable|Protect||[still]
|-fail|p1a: Clefable
|
|-damage|p2a: Toxapex|94/100 brn|[from] brn
|upkeep
|turn|121
|
|switch|p2a: Clefable|Clefable, M|90/100 psn
|move|p1a: Clefable|Aromatherapy|p1a: Clefable
|-activate|p1a: Clefable|move: Aromatherapy
|-curestatus|p1: Corviknight|brn|[msg]
|
|upkeep
|turn|122
|
|switch|p2a: Kommo-o|Kommo-o, M|62/100
|switch|p1a: Toxapex|Toxapex, F|100/100
|
|upkeep
|turn|123
|
|switch|p2a: Toxapex|Toxapex, M|100/100 brn
|move|p1a: Toxapex|Poison Jab|p2a: Toxapex
|-resisted|p2a: Toxapex
|-damage|p2a: Toxapex|95/100 brn
|
|-damage|p2a: Toxapex|89/100 brn|[from] brn
|upkeep
|turn|124
|
|move|p2a: Toxapex|Scald|p1a: Toxapex
|-resisted|p1a: Toxapex
|-damage|p1a: Toxapex|94/100
|move|p1a: Toxapex|Toxic Spikes|p2a: Toxapex
|-sidestart|p2: lidazhap|move: Toxic Spikes
|
|-heal|p1a: Toxapex|99/100|[from] item: Black Sludge
|-damage|p2a: Toxapex|83/100 brn|[from] brn
|upkeep
|turn|125
|
|switch|p2a: Clefable|Clefable, M|90/100 psn
|switch|p1a: Corviknight|Corviknight, M|70/100
|-ability|p1a: Corviknight|Pressure
|
|upkeep
|turn|126
|
|switch|p1a: Ferrothorn|Ferrothorn, F|100/100
|switch|p2a: Corviknight|Corviknight, F|100/100
|-ability|p2a: Corviknight|Pressure
|
|upkeep
|turn|127
|
|switch|p2a: Toxapex|Toxapex, M|100/100 brn
|-sideend|p2: lidazhap|move: Toxic Spikes|[of] p2a: Toxapex
|switch|p1a: Clefable|Clefable, F|100/100
|
|-damage|p2a: Toxapex|94/100 brn|[from] brn
|upkeep
|turn|128
|
|switch|p1a: Toxapex|Toxapex, F|100/100
|switch|p2a: Kommo-o|Kommo-o, M|62/100
|
|upkeep
|turn|129
|
|switch|p2a: Corviknight|Corviknight, F|100/100
|-ability|p2a: Corviknight|Pressure
|move|p1a: Toxapex|Poison Jab|p2a: Corviknight
|-immune|p2a: Corviknight
|
|upkeep
|turn|130
|
|switch|p2a: Toxapex|Toxapex, M|100/100 brn
|move|p1a: Toxapex|Toxic Spikes|p2a: Toxapex
|-sidestart|p2: lidazhap|move: Toxic Spikes
|
|-damage|p2a: Toxapex|94/100 brn|[from] brn
|upkeep
|turn|131
|
|switch|p2a: Corviknight|Corviknight, F|100/100
|-ability|p2a: Corviknight|Pressure
|switch|p1a: Corviknight|Corviknight, M|70/100
|-ability|p1a: Corviknight|Pressure
|
|upkeep
|turn|132
|
|switch|p1a: Toxapex|Toxapex, F|100/100
|switch|p2a: Toxapex|Toxapex, M|100/100 brn
|-sideend|p2: lidazhap|move: Toxic Spikes|[of] p2a: Toxapex
|
|-damage|p2a: Toxapex|94/100 brn|[from] brn
|upkeep
|turn|133
|
|switch|p2a: Kyurem|Kyurem|74/100
|-ability|p2a: Kyurem|Pressure
|switch|p1a: Corviknight|Corviknight, M|70/100
|-ability|p1a: Corviknight|Pressure
|
|upkeep
|turn|134
|
|switch|p1a: Tyranitar|Tyranitar, F|86/100
|-weather|Sandstorm|[from] ability: Sand Stream|[of] p1a: Tyranitar
|move|p2a: Kyurem|Ice Beam|p1a: Tyranitar
|-damage|p1a: Tyranitar|67/100
|
|-weather|Sandstorm|[upkeep]
|-damage|p2a: Kyurem|68/100|[from] Sandstorm
|upkeep
|turn|135
|
|switch|p2a: Corviknight|Corviknight, F|100/100
|-ability|p2a: Corviknight|Pressure
|switch|p1a: Toxapex|Toxapex, F|100/100
|
|-weather|Sandstorm|[upkeep]
|-damage|p1a: Toxapex|95/100|[from] Sandstorm
|-heal|p1a: Toxapex|100/100|[from] item: Black Sludge
|upkeep
|turn|136
|
|switch|p2a: Clefable|Clefable, M|90/100 psn
|move|p1a: Toxapex|Toxic Spikes|p2a: Clefable
|-sidestart|p2: lidazhap|move: Toxic Spikes
|
|-weather|Sandstorm|[upkeep]
|-damage|p1a: Toxapex|95/100|[from] Sandstorm
|-heal|p1a: Toxapex|100/100|[from] item: Black Sludge
|upkeep
|turn|137
|
|switch|p2a: Toxapex|Toxapex, M|100/100 brn
|-sideend|p2: lidazhap|move: Toxic Spikes|[of] p2a: Toxapex
|move|p1a: Toxapex|Poison Jab|p2a: Toxapex
|-resisted|p2a: Toxapex
|-damage|p2a: Toxapex|95/100 brn
|
|-weather|Sandstorm|[upkeep]
|-damage|p2a: Toxapex|88/100 brn|[from] Sandstorm
|-damage|p1a: Toxapex|95/100|[from] Sandstorm
|-heal|p1a: Toxapex|100/100|[from] item: Black Sludge
|-damage|p2a: Toxapex|82/100 brn|[from] brn
|upkeep
|turn|138
|
|switch|p2a: Corviknight|Corviknight, F|100/100
|-ability|p2a: Corviknight|Pressure
|move|p1a: Toxapex|Toxic Spikes|p2a: Corviknight
|-sidestart|p2: lidazhap|move: Toxic Spikes
|
|-weather|none
|upkeep
|turn|139
|
|switch|p2a: Toxapex|Toxapex, M|100/100 brn
|-sideend|p2: lidazhap|move: Toxic Spikes|[of] p2a: Toxapex
|move|p1a: Toxapex|Toxic Spikes|p2a: Toxapex
|-sidestart|p2: lidazhap|move: Toxic Spikes
|
|-damage|p2a: Toxapex|94/100 brn|[from] brn
|upkeep
|turn|140
|
|switch|p2a: Corviknight|Corviknight, F|100/100
|-ability|p2a: Corviknight|Pressure
|move|p1a: Toxapex|Poison Jab|p2a: Corviknight
|-immune|p2a: Corviknight
|
|upkeep
|turn|141
|
|switch|p2a: Toxapex|Toxapex, M|100/100 brn
|-sideend|p2: lidazhap|move: Toxic Spikes|[of] p2a: Toxapex
|move|p1a: Toxapex|Toxic Spikes|p2a: Toxapex
|-sidestart|p2: lidazhap|move: Toxic Spikes
|
|-damage|p2a: Toxapex|94/100 brn|[from] brn
|upkeep
|turn|142
|
|switch|p2a: Clefable|Clefable, M|90/100 psn
|move|p1a: Toxapex|Scald|p2a: Clefable
|-damage|p2a: Clefable|79/100 psn
|
|upkeep
|turn|143
|
|switch|p2a: Corviknight|Corviknight, F|100/100
|-ability|p2a: Corviknight|Pressure
|move|p1a: Toxapex|Toxic Spikes|p2a: Corviknight
|-sidestart|p2: lidazhap|move: Toxic Spikes
|
|upkeep
|turn|144
|
|switch|p2a: Toxapex|Toxapex, M|100/100 brn
|-sideend|p2: lidazhap|move: Toxic Spikes|[of] p2a: Toxapex
|move|p1a: Toxapex|Toxic Spikes|p2a: Toxapex
|-sidestart|p2: lidazhap|move: Toxic Spikes
|
|-damage|p2a: Toxapex|94/100 brn|[from] brn
|upkeep
|turn|145
|
|move|p2a: Toxapex|Haze|p2a: Toxapex
|-clearallboost
|move|p1a: Toxapex|Scald|p2a: Toxapex
|-resisted|p2a: Toxapex
|-damage|p2a: Toxapex|88/100 brn
|
|-damage|p2a: Toxapex|82/100 brn|[from] brn
|upkeep
|turn|146
|
|switch|p2a: Corviknight|Corviknight, F|100/100
|-ability|p2a: Corviknight|Pressure
|move|p1a: Toxapex|Scald|p2a: Corviknight
|-damage|p2a: Corviknight|83/100
|
|upkeep
|turn|147
|
|switch|p2a: Clefable|Clefable, M|79/100 psn
|move|p1a: Toxapex|Toxic Spikes|p2a: Clefable
|-sidestart|p2: lidazhap|move: Toxic Spikes
|
|upkeep
|turn|148
|
|switch|p2a: Toxapex|Toxapex, M|100/100 brn
|-sideend|p2: lidazhap|move: Toxic Spikes|[of] p2a: Toxapex
|move|p1a: Toxapex|Poison Jab|p2a: Toxapex
|-resisted|p2a: Toxapex
|-damage|p2a: Toxapex|95/100 brn
|
|-damage|p2a: Toxapex|88/100 brn|[from] brn
|upkeep
|turn|149
|
|move|p2a: Toxapex|Scald|p1a: Toxapex
|-resisted|p1a: Toxapex
|-damage|p1a: Toxapex|94/100
|move|p1a: Toxapex|Scald|p2a: Toxapex
|-resisted|p2a: Toxapex
|-damage|p2a: Toxapex|81/100 brn
|
|-heal|p1a: Toxapex|99/100|[from] item: Black Sludge
|-damage|p2a: Toxapex|75/100 brn|[from] brn
|upkeep
|turn|150
|
|switch|p2a: Clefable|Clefable, M|79/100 psn
|move|p1a: Toxapex|Toxic Spikes|p2a: Clefable
|-sidestart|p2: lidazhap|move: Toxic Spikes
|
|-heal|p1a: Toxapex|100/100|[from] item: Black Sludge
|upkeep
|turn|151
|
|switch|p2a: Corviknight|Corviknight, F|83/100
|-ability|p2a: Corviknight|Pressure
|move|p1a: Toxapex|Scald|p2a: Corviknight
|-damage|p2a: Corviknight|67/100
|
|upkeep
|turn|152
|
|switch|p2a: Toxapex|Toxapex, M|100/100 brn
|-sideend|p2: lidazhap|move: Toxic Spikes|[of] p2a: Toxapex
|move|p1a: Toxapex|Toxic Spikes|p2a: Toxapex
|-sidestart|p2: lidazhap|move: Toxic Spikes
|
|-damage|p2a: Toxapex|94/100 brn|[from] brn
|upkeep
|turn|153
|
|move|p2a: Toxapex|Scald|p1a: Toxapex
|-resisted|p1a: Toxapex
|-damage|p1a: Toxapex|94/100
|move|p1a: Toxapex|Poison Jab|p2a: Toxapex
|-resisted|p2a: Toxapex
|-damage|p2a: Toxapex|89/100 brn
|
|-heal|p1a: Toxapex|99/100|[from] item: Black Sludge
|-damage|p2a: Toxapex|83/100 brn|[from] brn
|upkeep
|turn|154
|
|switch|p2a: Corviknight|Corviknight, F|67/100
|-ability|p2a: Corviknight|Pressure
|move|p1a: Toxapex|Scald|p2a: Corviknight
|-damage|p2a: Corviknight|51/100
|
|-heal|p1a: Toxapex|100/100|[from] item: Black Sludge
|upkeep
|turn|155
|
|move|p2a: Corviknight|Roost|p2a: Corviknight
|-heal|p2a: Corviknight|100/100
|-singleturn|p2a: Corviknight|move: Roost
|move|p1a: Toxapex|Scald|p2a: Corviknight
|-damage|p2a: Corviknight|85/100
|-status|p2a: Corviknight|brn
|
|-damage|p2a: Corviknight|78/100 brn|[from] brn
|upkeep
|turn|156
|
|switch|p2a: Toxapex|Toxapex, M|100/100 brn
|-sideend|p2: lidazhap|move: Toxic Spikes|[of] p2a: Toxapex
|switch|p1a: Ferrothorn|Ferrothorn, F|100/100
|
|-damage|p2a: Toxapex|94/100 brn|[from] brn
|upkeep
|turn|157
|
|switch|p1a: Toxapex|Toxapex, F|100/100
|move|p2a: Toxapex|Scald|p1a: Toxapex
|-resisted|p1a: Toxapex
|-damage|p1a: Toxapex|93/100
|
|-heal|p1a: Toxapex|99/100|[from] item: Black Sludge
|-damage|p2a: Toxapex|88/100 brn|[from] brn
|upkeep
|turn|158
|
|switch|p2a: Corviknight|Corviknight, F|78/100 brn
|-ability|p2a: Corviknight|Pressure
|switch|p1a: Corviknight|Corviknight, M|70/100
|-ability|p1a: Corviknight|Pressure
|
|-damage|p2a: Corviknight|72/100 brn|[from] brn
|upkeep
|turn|159
|
|switch|p2a: Toxapex|Toxapex, M|100/100 brn
|move|p1a: Corviknight|Roost|p1a: Corviknight
|-heal|p1a: Corviknight|100/100
|-singleturn|p1a: Corviknight|move: Roost
|
|-damage|p2a: Toxapex|94/100 brn|[from] brn
|upkeep
|turn|160
|
|switch|p1a: Toxapex|Toxapex, F|100/100
|switch|p2a: Kommo-o|Kommo-o, M|62/100
|
|upkeep
|turn|161
|
|switch|p2a: Corviknight|Corviknight, F|72/100 brn
|-ability|p2a: Corviknight|Pressure
|move|p1a: Toxapex|Poison Jab|p2a: Corviknight
|-immune|p2a: Corviknight
|
|-damage|p2a: Corviknight|66/100 brn|[from] brn
|upkeep
|turn|162
|
|switch|p2a: Toxapex|Toxapex, M|100/100 brn
|switch|p1a: Corviknight|Corviknight, M|100/100
|-ability|p1a: Corviknight|Pressure
|
|-damage|p2a: Toxapex|94/100 brn|[from] brn
|upkeep
|turn|163
|
|switch|p1a: Toxapex|Toxapex, F|100/100
|switch|p2a: Kommo-o|Kommo-o, M|62/100
|
|upkeep
|turn|164
|
|switch|p2a: Corviknight|Corviknight, F|66/100 brn
|-ability|p2a: Corviknight|Pressure
|switch|p1a: Corviknight|Corviknight, M|100/100
|-ability|p1a: Corviknight|Pressure
|
|-damage|p2a: Corviknight|60/100 brn|[from] brn
|upkeep
|turn|165
|
|switch|p1a: Toxapex|Toxapex, F|100/100
|switch|p2a: Toxapex|Toxapex, M|100/100 brn
|
|-damage|p2a: Toxapex|94/100 brn|[from] brn
|upkeep
|turn|166
|
|switch|p2a: Clefable|Clefable, M|79/100 psn
|switch|p1a: Clefable|Clefable, F|100/100
|
|upkeep
|turn|167
|
|switch|p1a: Toxapex|Toxapex, F|100/100
|switch|p2a: Corviknight|Corviknight, F|60/100 brn
|-ability|p2a: Corviknight|Pressure
|
|-damage|p2a: Corviknight|53/100 brn|[from] brn
|upkeep
|turn|168
|
|switch|p2a: Kommo-o|Kommo-o, M|62/100
|move|p1a: Toxapex|Knock Off|p2a: Kommo-o
|-resisted|p2a: Kommo-o
|-damage|p2a: Kommo-o|59/100
|
|upkeep
|turn|169
|
|switch|p2a: Corviknight|Corviknight, F|53/100 brn
|-ability|p2a: Corviknight|Pressure
|move|p1a: Toxapex|Toxic Spikes|p2a: Corviknight
|-sidestart|p2: lidazhap|move: Toxic Spikes
|
|-damage|p2a: Corviknight|47/100 brn|[from] brn
|upkeep
|turn|170
|
|move|p2a: Corviknight|Roost|p2a: Corviknight
|-heal|p2a: Corviknight|97/100 brn
|-singleturn|p2a: Corviknight|move: Roost
|move|p1a: Toxapex|Knock Off|p2a: Corviknight
|-damage|p2a: Corviknight|91/100 brn
|
|-damage|p2a: Corviknight|85/100 brn|[from] brn
|upkeep
|turn|171
|
|switch|p2a: Toxapex|Toxapex, M|100/100 brn
|-sideend|p2: lidazhap|move: Toxic Spikes|[of] p2a: Toxapex
|switch|p1a: Corviknight|Corviknight, M|100/100
|-ability|p1a: Corviknight|Pressure
|
|-damage|p2a: Toxapex|94/100 brn|[from] brn
|upkeep
|turn|172
|
|switch|p1a: Toxapex|Toxapex, F|100/100
|switch|p2a: Kommo-o|Kommo-o, M|59/100
|
|upkeep
|turn|173
|
|switch|p2a: Corviknight|Corviknight, F|85/100 brn
|-ability|p2a: Corviknight|Pressure
|switch|p1a: Corviknight|Corviknight, M|100/100
|-ability|p1a: Corviknight|Pressure
|
|-damage|p2a: Corviknight|79/100 brn|[from] brn
|upkeep
|turn|174
|
|switch|p1a: Toxapex|Toxapex, F|100/100
|switch|p2a: Kyurem|Kyurem|68/100
|-ability|p2a: Kyurem|Pressure
|
|upkeep
|turn|175
|
|switch|p1a: Ferrothorn|Ferrothorn, F|100/100
|move|p2a: Kyurem|Freeze-Dry|p1a: Ferrothorn
|-damage|p1a: Ferrothorn|66/100
|
|-heal|p1a: Ferrothorn|72/100|[from] item: Leftovers
|upkeep
|turn|176
|
|switch|p2a: Kommo-o|Kommo-o, M|59/100
|move|p1a: Ferrothorn|Leech Seed|p2a: Kommo-o
|-start|p2a: Kommo-o|move: Leech Seed
|
|-heal|p1a: Ferrothorn|78/100|[from] item: Leftovers
|-damage|p2a: Kommo-o|47/100|[from] Leech Seed|[of] p1a: Ferrothorn
|-heal|p1a: Ferrothorn|91/100|[silent]
|upkeep
|turn|177
|
|switch|p2a: Corviknight|Corviknight, F|79/100 brn
|-ability|p2a: Corviknight|Pressure
|move|p1a: Ferrothorn|Spikes|p2a: Corviknight
|-sidestart|p2: lidazhap|Spikes
|
|-heal|p1a: Ferrothorn|97/100|[from] item: Leftovers
|-damage|p2a: Corviknight|72/100 brn|[from] brn
|upkeep
|turn|178
|
|switch|p2a: Toxapex|Toxapex, M|100/100 brn
|-damage|p2a: Toxapex|88/100 brn|[from] Spikes
|switch|p1a: Corviknight|Corviknight, M|100/100
|-ability|p1a: Corviknight|Pressure
|
|-damage|p2a: Toxapex|82/100 brn|[from] brn
|upkeep
|turn|179
|
|switch|p1a: Toxapex|Toxapex, F|100/100
|switch|p2a: Clefable|Clefable, M|79/100 psn
|
|upkeep
|turn|180
|
|switch|p2a: Corviknight|Corviknight, F|72/100 brn
|-ability|p2a: Corviknight|Pressure
|switch|p1a: Ferrothorn|Ferrothorn, F|97/100
|
|-heal|p1a: Ferrothorn|100/100|[from] item: Leftovers
|-damage|p2a: Corviknight|66/100 brn|[from] brn
|upkeep
|turn|181
|
|switch|p2a: Toxapex|Toxapex, M|100/100 brn
|-damage|p2a: Toxapex|88/100 brn|[from] Spikes
|switch|p1a: Corviknight|Corviknight, M|100/100
|-ability|p1a: Corviknight|Pressure
|
|-damage|p2a: Toxapex|82/100 brn|[from] brn
|upkeep
|turn|182
|
|switch|p1a: Toxapex|Toxapex, F|100/100
|switch|p2a: Corviknight|Corviknight, F|66/100 brn
|-ability|p2a: Corviknight|Pressure
|
|-damage|p2a: Corviknight|60/100 brn|[from] brn
|upkeep
|turn|183
|
|switch|p1a: Corviknight|Corviknight, M|100/100
|-ability|p1a: Corviknight|Pressure
|move|p2a: Corviknight|Defog|p1a: Corviknight
|-unboost|p1a: Corviknight|evasion|1
|-sideend|p2: lidazhap|Spikes|[from] move: Defog|[of] p2a: Corviknight
|
|-damage|p2a: Corviknight|54/100 brn|[from] brn
|upkeep
|turn|184
|
|switch|p1a: Ferrothorn|Ferrothorn, F|100/100
|move|p2a: Corviknight|Roost|p2a: Corviknight
|-heal|p2a: Corviknight|100/100 brn
|-singleturn|p2a: Corviknight|move: Roost
|
|-damage|p2a: Corviknight|94/100 brn|[from] brn
|upkeep
|turn|185
|
|switch|p2a: Clefable|Clefable, M|79/100 psn
|switch|p1a: Toxapex|Toxapex, F|100/100
|
|upkeep
|turn|186
|
|switch|p1a: Ferrothorn|Ferrothorn, F|100/100
|move|p2a: Clefable|Wish|p2a: Clefable
|
|upkeep
|turn|187
|
|switch|p1a: Toxapex|Toxapex, F|100/100
|move|p2a: Clefable|Teleport|p2a: Clefable
|
|switch|p2a: Kommo-o|Kommo-o, M|47/100|[from]move: Teleport
|
|-heal|p2a: Kommo-o|100/100|[from] move: Wish|[wisher] Clefable
|upkeep
|turn|188
|
|move|p2a: Kommo-o|Stealth Rock|p1a: Toxapex
|-sidestart|p1: Q114|move: Stealth Rock
|move|p1a: Toxapex|Poison Jab|p2a: Kommo-o
|-damage|p2a: Kommo-o|89/100
|
|upkeep
|turn|189
|
|switch|p2a: Corviknight|Corviknight, F|94/100 brn
|-ability|p2a: Corviknight|Pressure
|move|p1a: Toxapex|Toxic Spikes|p2a: Corviknight
|-sidestart|p2: lidazhap|move: Toxic Spikes
|
|-damage|p2a: Corviknight|88/100 brn|[from] brn
|upkeep
|turn|190
|
|switch|p2a: Toxapex|Toxapex, M|100/100 brn
|-sideend|p2: lidazhap|move: Toxic Spikes|[of] p2a: Toxapex
|switch|p1a: Corviknight|Corviknight, M|100/100
|-damage|p1a: Corviknight|88/100|[from] Stealth Rock
|-ability|p1a: Corviknight|Pressure
|
|-damage|p2a: Toxapex|94/100 brn|[from] brn
|upkeep
|turn|191
|
|switch|p2a: Corviknight|Corviknight, F|88/100 brn
|-ability|p2a: Corviknight|Pressure
|move|p1a: Corviknight|Defog|p2a: Corviknight
|-unboost|p2a: Corviknight|evasion|1
|-sideend|p1: Q114|Stealth Rock|[from] move: Defog|[of] p1a: Corviknight
|
|-damage|p2a: Corviknight|82/100 brn|[from] brn
|upkeep
|turn|192
|
|switch|p1a: Toxapex|Toxapex, F|100/100
|switch|p2a: Kommo-o|Kommo-o, M|89/100
|
|upkeep
|turn|193
|
|switch|p2a: Toxapex|Toxapex, M|100/100 brn
|move|p1a: Toxapex|Poison Jab|p2a: Toxapex
|-resisted|p2a: Toxapex
|-damage|p2a: Toxapex|95/100 brn
|
|-damage|p2a: Toxapex|89/100 brn|[from] brn
|upkeep
|turn|194
|
|switch|p2a: Corviknight|Corviknight, F|82/100 brn
|-ability|p2a: Corviknight|Pressure
|switch|p1a: Ferrothorn|Ferrothorn, F|100/100
|
|-damage|p2a: Corviknight|75/100 brn|[from] brn
|upkeep
|turn|195
|inactive|lidazhap has 120 seconds left.
|
|switch|p2a: Clefable|Clefable, M|79/100 psn
|move|p1a: Ferrothorn|Spikes|p2a: Clefable
|-sidestart|p2: lidazhap|Spikes
|
|upkeep
|turn|196
|inactive|lidazhap has 120 seconds left.
|
|switch|p2a: Toxapex|Toxapex, M|100/100 brn
|-damage|p2a: Toxapex|88/100 brn|[from] Spikes
|switch|p1a: Toxapex|Toxapex, F|100/100
|
|-damage|p2a: Toxapex|82/100 brn|[from] brn
|upkeep
|turn|197
|j| BigConns
|
|switch|p2a: Clefable|Clefable, M|79/100 psn
|switch|p1a: Corviknight|Corviknight, M|88/100
|-ability|p1a: Corviknight|Pressure
|
|upkeep
|turn|198
|
|switch|p1a: Toxapex|Toxapex, F|100/100
|switch|p2a: Kommo-o|Kommo-o, M|89/100
|-damage|p2a: Kommo-o|77/100|[from] Spikes
|
|upkeep
|turn|199
|inactive|lidazhap has 120 seconds left.
|
|switch|p2a: Corviknight|Corviknight, F|75/100 brn
|-ability|p2a: Corviknight|Pressure
|move|p1a: Toxapex|Poison Jab|p2a: Corviknight
|-immune|p2a: Corviknight
|
|-damage|p2a: Corviknight|69/100 brn|[from] brn
|upkeep
|turn|200
|inactive|lidazhap has 120 seconds left.
|
|switch|p2a: Toxapex|Toxapex, M|100/100 brn
|-damage|p2a: Toxapex|88/100 brn|[from] Spikes
|switch|p1a: Corviknight|Corviknight, M|88/100
|-ability|p1a: Corviknight|Pressure
|
|-damage|p2a: Toxapex|82/100 brn|[from] brn
|upkeep
|turn|201
|
|switch|p1a: Toxapex|Toxapex, F|100/100
|move|p2a: Toxapex|Scald|p1a: Toxapex
|-resisted|p1a: Toxapex
|-damage|p1a: Toxapex|94/100
|
|-heal|p1a: Toxapex|99/100|[from] item: Black Sludge
|-damage|p2a: Toxapex|75/100 brn|[from] brn
|upkeep
|turn|202
|
|switch|p1a: Corviknight|Corviknight, M|88/100
|-ability|p1a: Corviknight|Pressure
|move|p2a: Toxapex|Scald|p1a: Corviknight
|-crit|p1a: Corviknight
|-damage|p1a: Corviknight|62/100
|
|-damage|p2a: Toxapex|69/100 brn|[from] brn
|upkeep
|turn|203
|inactive|lidazhap has 120 seconds left.
|
|switch|p2a: Clefable|Clefable, M|79/100 psn
|move|p1a: Corviknight|Roost|p1a: Corviknight
|-heal|p1a: Corviknight|100/100
|-singleturn|p1a: Corviknight|move: Roost
|
|upkeep
|turn|204
|inactive|lidazhap has 120 seconds left.
|
|switch|p1a: Toxapex|Toxapex, F|100/100
|switch|p2a: Toxapex|Toxapex, M|100/100 brn
|-damage|p2a: Toxapex|88/100 brn|[from] Spikes
|
|-damage|p2a: Toxapex|82/100 brn|[from] brn
|upkeep
|turn|205
|
|switch|p2a: Kommo-o|Kommo-o, M|77/100
|-damage|p2a: Kommo-o|64/100|[from] Spikes
|switch|p1a: Corviknight|Corviknight, M|100/100
|-ability|p1a: Corviknight|Pressure
|
|upkeep
|turn|206
|
|move|p2a: Kommo-o|Stealth Rock|p1a: Corviknight
|-sidestart|p1: Q114|move: Stealth Rock
|move|p1a: Corviknight|Body Press|p2a: Kommo-o
|-damage|p2a: Kommo-o|49/100
|
|upkeep
|turn|207
|
|switch|p2a: Clefable|Clefable, M|79/100 psn
|switch|p1a: Toxapex|Toxapex, F|100/100
|-damage|p1a: Toxapex|88/100|[from] Stealth Rock
|
|-heal|p1a: Toxapex|94/100|[from] item: Black Sludge
|upkeep
|turn|208
|
|switch|p2a: Toxapex|Toxapex, M|100/100 brn
|-damage|p2a: Toxapex|88/100 brn|[from] Spikes
|move|p1a: Toxapex|Poison Jab|p2a: Toxapex
|-resisted|p2a: Toxapex
|-damage|p2a: Toxapex|82/100 brn
|
|-heal|p1a: Toxapex|99/100|[from] item: Black Sludge
|-damage|p2a: Toxapex|76/100 brn|[from] brn
|upkeep
|turn|209
|
|switch|p1a: Ferrothorn|Ferrothorn, F|100/100
|-damage|p1a: Ferrothorn|95/100|[from] Stealth Rock
|move|p2a: Toxapex|Scald|p1a: Ferrothorn
|-resisted|p1a: Ferrothorn
|-damage|p1a: Ferrothorn|89/100
|
|-heal|p1a: Ferrothorn|95/100|[from] item: Leftovers
|-damage|p2a: Toxapex|70/100 brn|[from] brn
|upkeep
|turn|210
|
|switch|p2a: Clefable|Clefable, M|79/100 psn
|switch|p1a: Toxapex|Toxapex, F|100/100
|-damage|p1a: Toxapex|88/100|[from] Stealth Rock
|
|-heal|p1a: Toxapex|94/100|[from] item: Black Sludge
|upkeep
|turn|211
|
|switch|p2a: Toxapex|Toxapex, M|100/100 brn
|-damage|p2a: Toxapex|88/100 brn|[from] Spikes
|switch|p1a: Ferrothorn|Ferrothorn, F|95/100
|-damage|p1a: Ferrothorn|89/100|[from] Stealth Rock
|
|-heal|p1a: Ferrothorn|95/100|[from] item: Leftovers
|-damage|p2a: Toxapex|82/100 brn|[from] brn
|upkeep
|turn|212
|
|switch|p2a: Clefable|Clefable, M|79/100 psn
|switch|p1a: Toxapex|Toxapex, F|100/100
|-damage|p1a: Toxapex|88/100|[from] Stealth Rock
|
|-heal|p1a: Toxapex|94/100|[from] item: Black Sludge
|upkeep
|turn|213
|
|switch|p2a: Corviknight|Corviknight, F|69/100 brn
|-ability|p2a: Corviknight|Pressure
|switch|p1a: Ferrothorn|Ferrothorn, F|95/100
|-damage|p1a: Ferrothorn|89/100|[from] Stealth Rock
|
|-heal|p1a: Ferrothorn|95/100|[from] item: Leftovers
|-damage|p2a: Corviknight|63/100 brn|[from] brn
|upkeep
|turn|214
|
|switch|p2a: Toxapex|Toxapex, M|100/100 brn
|-damage|p2a: Toxapex|88/100 brn|[from] Spikes
|switch|p1a: Toxapex|Toxapex, F|100/100
|-damage|p1a: Toxapex|88/100|[from] Stealth Rock
|
|-heal|p1a: Toxapex|94/100|[from] item: Black Sludge
|-damage|p2a: Toxapex|82/100 brn|[from] brn
|upkeep
|turn|215
|
|switch|p1a: Ferrothorn|Ferrothorn, F|95/100
|-damage|p1a: Ferrothorn|89/100|[from] Stealth Rock
|move|p2a: Toxapex|Scald|p1a: Ferrothorn
|-resisted|p1a: Ferrothorn
|-damage|p1a: Ferrothorn|84/100
|
|-heal|p1a: Ferrothorn|90/100|[from] item: Leftovers
|-damage|p2a: Toxapex|75/100 brn|[from] brn
|upkeep
|turn|216
|
|switch|p2a: Corviknight|Corviknight, F|63/100 brn
|-ability|p2a: Corviknight|Pressure
|switch|p1a: Toxapex|Toxapex, F|100/100
|-damage|p1a: Toxapex|88/100|[from] Stealth Rock
|
|-heal|p1a: Toxapex|94/100|[from] item: Black Sludge
|-damage|p2a: Corviknight|57/100 brn|[from] brn
|upkeep
|turn|217
|
|switch|p2a: Clefable|Clefable, M|79/100 psn
|switch|p1a: Ferrothorn|Ferrothorn, F|90/100
|-damage|p1a: Ferrothorn|84/100|[from] Stealth Rock
|
|-heal|p1a: Ferrothorn|90/100|[from] item: Leftovers
|upkeep
|turn|218
|
|switch|p2a: Toxapex|Toxapex, M|100/100 brn
|-damage|p2a: Toxapex|88/100 brn|[from] Spikes
|switch|p1a: Toxapex|Toxapex, F|100/100
|-damage|p1a: Toxapex|88/100|[from] Stealth Rock
|
|-heal|p1a: Toxapex|94/100|[from] item: Black Sludge
|-damage|p2a: Toxapex|82/100 brn|[from] brn
|upkeep
|turn|219
|
|switch|p1a: Ferrothorn|Ferrothorn, F|90/100
|-damage|p1a: Ferrothorn|84/100|[from] Stealth Rock
|move|p2a: Toxapex|Scald|p1a: Ferrothorn
|-resisted|p1a: Ferrothorn
|-damage|p1a: Ferrothorn|79/100
|
|-heal|p1a: Ferrothorn|85/100|[from] item: Leftovers
|-damage|p2a: Toxapex|75/100 brn|[from] brn
|upkeep
|turn|220
|
|switch|p1a: Toxapex|Toxapex, F|100/100
|-damage|p1a: Toxapex|88/100|[from] Stealth Rock
|move|p2a: Toxapex|Scald|p1a: Toxapex
|-resisted|p1a: Toxapex
|-damage|p1a: Toxapex|81/100
|
|-heal|p1a: Toxapex|87/100|[from] item: Black Sludge
|-damage|p2a: Toxapex|69/100 brn|[from] brn
|upkeep
|turn|221
|
|switch|p1a: Ferrothorn|Ferrothorn, F|85/100
|-damage|p1a: Ferrothorn|79/100|[from] Stealth Rock
|move|p2a: Toxapex|Scald|p1a: Ferrothorn
|-resisted|p1a: Ferrothorn
|-damage|p1a: Ferrothorn|73/100
|
|-heal|p1a: Ferrothorn|79/100|[from] item: Leftovers
|-damage|p2a: Toxapex|63/100 brn|[from] brn
|upkeep
|turn|222
|
|switch|p2a: Clefable|Clefable, M|79/100 psn
|switch|p1a: Toxapex|Toxapex, F|100/100
|-damage|p1a: Toxapex|88/100|[from] Stealth Rock
|
|-heal|p1a: Toxapex|94/100|[from] item: Black Sludge
|upkeep
|turn|223
|
|switch|p2a: Toxapex|Toxapex, M|96/100 brn
|-damage|p2a: Toxapex|84/100 brn|[from] Spikes
|switch|p1a: Ferrothorn|Ferrothorn, F|79/100
|-damage|p1a: Ferrothorn|73/100|[from] Stealth Rock
|
|-heal|p1a: Ferrothorn|79/100|[from] item: Leftovers
|-damage|p2a: Toxapex|77/100 brn|[from] brn
|upkeep
|turn|224
|
|switch|p2a: Clefable|Clefable, M|79/100 psn
|switch|p1a: Toxapex|Toxapex, F|100/100
|-damage|p1a: Toxapex|88/100|[from] Stealth Rock
|
|-heal|p1a: Toxapex|94/100|[from] item: Black Sludge
|upkeep
|turn|225
|
|switch|p2a: Toxapex|Toxapex, M|100/100 brn
|-damage|p2a: Toxapex|88/100 brn|[from] Spikes
|switch|p1a: Ferrothorn|Ferrothorn, F|79/100
|-damage|p1a: Ferrothorn|73/100|[from] Stealth Rock
|
|-heal|p1a: Ferrothorn|79/100|[from] item: Leftovers
|-damage|p2a: Toxapex|82/100 brn|[from] brn
|upkeep
|turn|226
|
|switch|p2a: Clefable|Clefable, M|79/100 psn
|switch|p1a: Clefable|Clefable, F|100/100
|-damage|p1a: Clefable|88/100|[from] Stealth Rock
|
|-heal|p1a: Clefable|94/100|[from] item: Leftovers
|upkeep
|turn|227
|
|switch|p2a: Toxapex|Toxapex, M|100/100 brn
|-damage|p2a: Toxapex|88/100 brn|[from] Spikes
|move|p1a: Clefable|Wish|p1a: Clefable
|
|-heal|p1a: Clefable|99/100|[from] item: Leftovers
|-damage|p2a: Toxapex|82/100 brn|[from] brn
|upkeep
|turn|228
|inactive|lidazhap has 90 seconds left.
|
|switch|p1a: Tyranitar|Tyranitar, F|67/100
|-damage|p1a: Tyranitar|55/100|[from] Stealth Rock
|-weather|Sandstorm|[from] ability: Sand Stream|[of] p1a: Tyranitar
|switch|p2a: Clefable|Clefable, M|79/100 psn
|
|-weather|Sandstorm|[upkeep]
|-heal|p1a: Tyranitar|100/100|[from] move: Wish|[wisher] Clefable
|upkeep
|turn|229
|
|move|p2a: Clefable|Wish|p2a: Clefable
|move|p1a: Tyranitar|Seismic Toss|p2a: Clefable
|-damage|p2a: Clefable|54/100 psn
|
|-weather|Sandstorm|[upkeep]
|upkeep
|turn|230
|
|switch|p1a: Toxapex|Toxapex, F|100/100
|-damage|p1a: Toxapex|88/100|[from] Stealth Rock
|move|p2a: Clefable|Moonblast|p1a: Toxapex
|-resisted|p1a: Toxapex
|-damage|p1a: Toxapex|76/100
|
|-weather|Sandstorm|[upkeep]
|-damage|p1a: Toxapex|70/100|[from] Sandstorm
|-heal|p2a: Clefable|100/100 psn|[from] move: Wish|[wisher] Clefable
|-heal|p1a: Toxapex|76/100|[from] item: Black Sludge
|upkeep
|turn|231
|
|switch|p2a: Toxapex|Toxapex, M|100/100 brn
|-damage|p2a: Toxapex|88/100 brn|[from] Spikes
|switch|p1a: Ferrothorn|Ferrothorn, F|79/100
|-damage|p1a: Ferrothorn|73/100|[from] Stealth Rock
|
|-weather|Sandstorm|[upkeep]
|-damage|p2a: Toxapex|82/100 brn|[from] Sandstorm
|-heal|p1a: Ferrothorn|79/100|[from] item: Leftovers
|-damage|p2a: Toxapex|75/100 brn|[from] brn
|upkeep
|turn|232
|
|switch|p2a: Clefable|Clefable, M|100/100 psn
|switch|p1a: Toxapex|Toxapex, F|100/100
|-damage|p1a: Toxapex|88/100|[from] Stealth Rock
|
|-weather|none
|-heal|p1a: Toxapex|94/100|[from] item: Black Sludge
|upkeep
|turn|233
|
|switch|p2a: Toxapex|Toxapex, M|100/100 brn
|-damage|p2a: Toxapex|88/100 brn|[from] Spikes
|switch|p1a: Ferrothorn|Ferrothorn, F|79/100
|-damage|p1a: Ferrothorn|73/100|[from] Stealth Rock
|
|-heal|p1a: Ferrothorn|79/100|[from] item: Leftovers
|-damage|p2a: Toxapex|82/100 brn|[from] brn
|upkeep
|turn|234
|
|switch|p2a: Clefable|Clefable, M|100/100 psn
|switch|p1a: Toxapex|Toxapex, F|100/100
|-damage|p1a: Toxapex|88/100|[from] Stealth Rock
|
|-heal|p1a: Toxapex|94/100|[from] item: Black Sludge
|upkeep
|turn|235
|
|switch|p1a: Ferrothorn|Ferrothorn, F|79/100
|-damage|p1a: Ferrothorn|73/100|[from] Stealth Rock
|move|p2a: Clefable|Wish|p2a: Clefable
|
|-heal|p1a: Ferrothorn|79/100|[from] item: Leftovers
|upkeep
|turn|236
|
|switch|p2a: Kommo-o|Kommo-o, M|49/100
|-damage|p2a: Kommo-o|36/100|[from] Spikes
|move|p1a: Ferrothorn|Spikes|p2a: Kommo-o
|-sidestart|p2: lidazhap|Spikes
|
|-heal|p2a: Kommo-o|92/100|[from] move: Wish|[wisher] Clefable
|-heal|p1a: Ferrothorn|85/100|[from] item: Leftovers
|upkeep
|turn|237
|inactive|Q114 has 120 seconds left.
|
|move|p1a: Ferrothorn|Protect|p1a: Ferrothorn
|-singleturn|p1a: Ferrothorn|Protect
|move|p2a: Kommo-o|Body Press|p1a: Ferrothorn
|-activate|p1a: Ferrothorn|move: Protect
|
|-heal|p1a: Ferrothorn|91/100|[from] item: Leftovers
|upkeep
|turn|238
|inactive|Q114 has 120 seconds left.
|
|switch|p2a: Clefable|Clefable, M|100/100 psn
|switch|p1a: Toxapex|Toxapex, F|100/100
|-damage|p1a: Toxapex|88/100|[from] Stealth Rock
|
|-heal|p1a: Toxapex|94/100|[from] item: Black Sludge
|upkeep
|turn|239
|
|switch|p2a: Toxapex|Toxapex, M|100/100 brn
|-damage|p2a: Toxapex|84/100 brn|[from] Spikes
|switch|p1a: Ferrothorn|Ferrothorn, F|91/100
|-damage|p1a: Ferrothorn|85/100|[from] Stealth Rock
|
|-heal|p1a: Ferrothorn|91/100|[from] item: Leftovers
|-damage|p2a: Toxapex|78/100 brn|[from] brn
|upkeep
|turn|240
|
|switch|p2a: Clefable|Clefable, M|100/100 psn
|switch|p1a: Toxapex|Toxapex, F|100/100
|-damage|p1a: Toxapex|88/100|[from] Stealth Rock
|
|-heal|p1a: Toxapex|94/100|[from] item: Black Sludge
|upkeep
|turn|241
|
|switch|p2a: Toxapex|Toxapex, M|100/100 brn
|-damage|p2a: Toxapex|84/100 brn|[from] Spikes
|switch|p1a: Ferrothorn|Ferrothorn, F|91/100
|-damage|p1a: Ferrothorn|85/100|[from] Stealth Rock
|
|-heal|p1a: Ferrothorn|91/100|[from] item: Leftovers
|-damage|p2a: Toxapex|78/100 brn|[from] brn
|upkeep
|turn|242
|
|switch|p2a: Corviknight|Corviknight, F|57/100 brn
|-ability|p2a: Corviknight|Pressure
|switch|p1a: Toxapex|Toxapex, F|100/100
|-damage|p1a: Toxapex|88/100|[from] Stealth Rock
|
|-heal|p1a: Toxapex|94/100|[from] item: Black Sludge
|-damage|p2a: Corviknight|50/100 brn|[from] brn
|upkeep
|turn|243
|
|move|p2a: Corviknight|Roost|p2a: Corviknight
|-heal|p2a: Corviknight|100/100 brn
|-singleturn|p2a: Corviknight|move: Roost
|move|p1a: Toxapex|Scald|p2a: Corviknight
|-damage|p2a: Corviknight|83/100 brn
|
|-heal|p1a: Toxapex|99/100|[from] item: Black Sludge
|-damage|p2a: Corviknight|77/100 brn|[from] brn
|upkeep
|turn|244
|
|move|p2a: Corviknight|Defog|p1a: Toxapex
|-unboost|p1a: Toxapex|evasion|1
|-sideend|p1: Q114|Stealth Rock|[from] move: Defog|[of] p2a: Corviknight
|-sideend|p2: lidazhap|Spikes|[from] move: Defog|[of] p2a: Corviknight
|move|p1a: Toxapex|Knock Off|p2a: Corviknight
|-damage|p2a: Corviknight|70/100 brn
|
|-heal|p1a: Toxapex|100/100|[from] item: Black Sludge
|-damage|p2a: Corviknight|64/100 brn|[from] brn
|upkeep
|turn|245
|inactive|Q114 has 120 seconds left.
|inactive|lidazhap has 60 seconds left.
|
|switch|p2a: Clefable|Clefable, M|100/100 psn
|move|p1a: Toxapex|Toxic Spikes|p2a: Clefable
|-sidestart|p2: lidazhap|move: Toxic Spikes
|
|upkeep
|turn|246
|
|switch|p2a: Toxapex|Toxapex, M|100/100 brn
|-sideend|p2: lidazhap|move: Toxic Spikes|[of] p2a: Toxapex
|move|p1a: Toxapex|Toxic Spikes|p2a: Toxapex
|-sidestart|p2: lidazhap|move: Toxic Spikes
|
|-damage|p2a: Toxapex|94/100 brn|[from] brn
|upkeep
|turn|247
|inactive|lidazhap has 60 seconds left.
|
|switch|p2a: Corviknight|Corviknight, F|64/100 brn
|-ability|p2a: Corviknight|Pressure
|move|p1a: Toxapex|Poison Jab|p2a: Corviknight
|-immune|p2a: Corviknight
|
|-damage|p2a: Corviknight|58/100 brn|[from] brn
|upkeep
|turn|248
|
|switch|p2a: Toxapex|Toxapex, M|100/100 brn
|-sideend|p2: lidazhap|move: Toxic Spikes|[of] p2a: Toxapex
|switch|p1a: Ferrothorn|Ferrothorn, F|91/100
|
|-heal|p1a: Ferrothorn|97/100|[from] item: Leftovers
|-damage|p2a: Toxapex|94/100 brn|[from] brn
|upkeep
|turn|249
|
|switch|p2a: Kommo-o|Kommo-o, M|92/100
|move|p1a: Ferrothorn|Knock Off|p2a: Kommo-o
|-resisted|p2a: Kommo-o
|-damage|p2a: Kommo-o|88/100
|
|-heal|p1a: Ferrothorn|100/100|[from] item: Leftovers
|upkeep
|turn|250
|
|switch|p2a: Clefable|Clefable, M|100/100 psn
|switch|p1a: Corviknight|Corviknight, M|100/100
|-ability|p1a: Corviknight|Pressure
|
|upkeep
|turn|251
|inactive|lidazhap has 60 seconds left.
|
|switch|p1a: Toxapex|Toxapex, F|100/100
|switch|p2a: Toxapex|Toxapex, M|100/100 brn
|
|-damage|p2a: Toxapex|94/100 brn|[from] brn
|upkeep
|turn|252
|inactive|lidazhap has 60 seconds left.
|
|switch|p2a: Clefable|Clefable, M|100/100 psn
|switch|p1a: Corviknight|Corviknight, M|100/100
|-ability|p1a: Corviknight|Pressure
|
|upkeep
|turn|253
|
|switch|p1a: Clefable|Clefable, F|99/100
|switch|p2a: Toxapex|Toxapex, M|100/100 brn
|
|-heal|p1a: Clefable|100/100|[from] item: Leftovers
|-damage|p2a: Toxapex|94/100 brn|[from] brn
|upkeep
|turn|254
|
|switch|p2a: Clefable|Clefable, M|100/100 psn
|move|p1a: Clefable|Moonblast|p2a: Clefable
|-damage|p2a: Clefable|80/100 psn
|-unboost|p2a: Clefable|spa|1
|
|upkeep
|turn|255
|
|switch|p1a: Toxapex|Toxapex, F|100/100
|switch|p2a: Toxapex|Toxapex, M|100/100 brn
|
|-damage|p2a: Toxapex|94/100 brn|[from] brn
|upkeep
|turn|256
|
|switch|p2a: Kommo-o|Kommo-o, M|88/100
|switch|p1a: Clefable|Clefable, F|100/100
|
|upkeep
|turn|257
|
|switch|p2a: Toxapex|Toxapex, M|100/100 brn
|switch|p1a: Toxapex|Toxapex, F|100/100
|
|-damage|p2a: Toxapex|94/100 brn|[from] brn
|upkeep
|turn|258
|
|switch|p2a: Clefable|Clefable, M|80/100 psn
|switch|p1a: Ferrothorn|Ferrothorn, F|100/100
|
|upkeep
|turn|259
|
|switch|p2a: Kommo-o|Kommo-o, M|88/100
|switch|p1a: Toxapex|Toxapex, F|100/100
|
|upkeep
|turn|260
|
|switch|p2a: Toxapex|Toxapex, M|100/100 brn
|move|p1a: Toxapex|Poison Jab|p2a: Toxapex
|-resisted|p2a: Toxapex
|-damage|p2a: Toxapex|95/100 brn
|
|-damage|p2a: Toxapex|88/100 brn|[from] brn
|upkeep
|turn|261
|
|switch|p2a: Kommo-o|Kommo-o, M|88/100
|move|p1a: Toxapex|Poison Jab|p2a: Kommo-o
|-damage|p2a: Kommo-o|76/100
|
|upkeep
|turn|262
|
|switch|p2a: Toxapex|Toxapex, M|100/100 brn
|move|p1a: Toxapex|Toxic Spikes|p2a: Toxapex
|-sidestart|p2: lidazhap|move: Toxic Spikes
|
|-damage|p2a: Toxapex|94/100 brn|[from] brn
|upkeep
|turn|263
|
|switch|p2a: Clefable|Clefable, M|80/100 psn
|move|p1a: Toxapex|Knock Off|p2a: Clefable
|-resisted|p2a: Clefable
|-damage|p2a: Clefable|73/100 psn
|
|upkeep
|turn|264
|
|switch|p2a: Toxapex|Toxapex, M|100/100 brn
|-sideend|p2: lidazhap|move: Toxic Spikes|[of] p2a: Toxapex
|move|p1a: Toxapex|Toxic Spikes|p2a: Toxapex
|-sidestart|p2: lidazhap|move: Toxic Spikes
|
|-damage|p2a: Toxapex|94/100 brn|[from] brn
|upkeep
|turn|265
|
|switch|p2a: Corviknight|Corviknight, F|58/100 brn
|-ability|p2a: Corviknight|Pressure
|switch|p1a: Ferrothorn|Ferrothorn, F|100/100
|
|-damage|p2a: Corviknight|52/100 brn|[from] brn
|upkeep
|turn|266
|
|move|p2a: Corviknight|Body Press|p1a: Ferrothorn
|-supereffective|p1a: Ferrothorn
|-damage|p1a: Ferrothorn|79/100
|-damage|p2a: Corviknight|39/100 brn|[from] ability: Iron Barbs|[of] p1a: Ferrothorn
|move|p1a: Ferrothorn|Spikes|p2a: Corviknight
|-sidestart|p2: lidazhap|Spikes
|
|-heal|p1a: Ferrothorn|85/100|[from] item: Leftovers
|-damage|p2a: Corviknight|33/100 brn|[from] brn
|upkeep
|turn|267
|
|move|p2a: Corviknight|Roost|p2a: Corviknight
|-heal|p2a: Corviknight|83/100 brn
|-singleturn|p2a: Corviknight|move: Roost
|move|p1a: Ferrothorn|Leech Seed|p2a: Corviknight
|-start|p2a: Corviknight|move: Leech Seed
|
|-heal|p1a: Ferrothorn|91/100|[from] item: Leftovers
|-damage|p2a: Corviknight|70/100 brn|[from] Leech Seed|[of] p1a: Ferrothorn
|-heal|p1a: Ferrothorn|100/100|[silent]
|-damage|p2a: Corviknight|64/100 brn|[from] brn
|upkeep
|turn|268
|
|switch|p2a: Toxapex|Toxapex, M|100/100 brn
|-sideend|p2: lidazhap|move: Toxic Spikes|[of] p2a: Toxapex
|-damage|p2a: Toxapex|88/100 brn|[from] Spikes
|move|p1a: Ferrothorn|Protect||[still]
|-fail|p1a: Ferrothorn
|
|-damage|p2a: Toxapex|82/100 brn|[from] brn
|upkeep
|turn|269
|
|switch|p2a: Clefable|Clefable, M|73/100 psn
|switch|p1a: Toxapex|Toxapex, F|100/100
|
|upkeep
|turn|270
|
|switch|p2a: Toxapex|Toxapex, M|100/100 brn
|-damage|p2a: Toxapex|88/100 brn|[from] Spikes
|move|p1a: Toxapex|Toxic Spikes|p2a: Toxapex
|-sidestart|p2: lidazhap|move: Toxic Spikes
|
|-damage|p2a: Toxapex|82/100 brn|[from] brn
|upkeep
|turn|271
|
|switch|p2a: Clefable|Clefable, M|73/100 psn
|move|p1a: Toxapex|Knock Off|p2a: Clefable
|-resisted|p2a: Clefable
|-damage|p2a: Clefable|68/100 psn
|
|upkeep
|turn|272
|
|switch|p2a: Toxapex|Toxapex, M|100/100 brn
|-sideend|p2: lidazhap|move: Toxic Spikes|[of] p2a: Toxapex
|-damage|p2a: Toxapex|88/100 brn|[from] Spikes
|switch|p1a: Tyranitar|Tyranitar, F|100/100
|-weather|Sandstorm|[from] ability: Sand Stream|[of] p1a: Tyranitar
|
|-weather|Sandstorm|[upkeep]
|-damage|p2a: Toxapex|82/100 brn|[from] Sandstorm
|-damage|p2a: Toxapex|75/100 brn|[from] brn
|upkeep
|turn|273
|
|move|p2a: Toxapex|Baneful Bunker|p2a: Toxapex
|-singleturn|p2a: Toxapex|move: Protect
|move|p1a: Tyranitar|Seismic Toss|p2a: Toxapex
|-activate|p2a: Toxapex|move: Protect
|-status|p1a: Tyranitar|psn
|
|-weather|Sandstorm|[upkeep]
|-damage|p2a: Toxapex|69/100 brn|[from] Sandstorm
|-damage|p1a: Tyranitar|88/100 psn|[from] psn
|-damage|p2a: Toxapex|63/100 brn|[from] brn
|upkeep
|turn|274
|
|move|p1a: Tyranitar|Seismic Toss|p2a: Toxapex
|-damage|p2a: Toxapex|30/100 brn
|move|p2a: Toxapex|Recover|p2a: Toxapex
|-heal|p2a: Toxapex|80/100 brn
|
|-weather|Sandstorm|[upkeep]
|-damage|p2a: Toxapex|74/100 brn|[from] Sandstorm
|-damage|p1a: Tyranitar|76/100 psn|[from] psn
|-damage|p2a: Toxapex|68/100 brn|[from] brn
|upkeep
|turn|275
|
|switch|p1a: Toxapex|Toxapex, F|100/100
|switch|p2a: Clefable|Clefable, M|68/100 psn
|
|-weather|Sandstorm|[upkeep]
|-damage|p1a: Toxapex|95/100|[from] Sandstorm
|-heal|p1a: Toxapex|100/100|[from] item: Black Sludge
|upkeep
|turn|276
|
|switch|p2a: Toxapex|Toxapex, M|100/100 brn
|-damage|p2a: Toxapex|88/100 brn|[from] Spikes
|switch|p1a: Clefable|Clefable, F|100/100
|
|-weather|none
|-damage|p2a: Toxapex|82/100 brn|[from] brn
|upkeep
|turn|277
|inactive|Q114 has 90 seconds left.
|
|switch|p2a: Corviknight|Corviknight, F|64/100 brn
|-ability|p2a: Corviknight|Pressure
|move|p1a: Clefable|Aromatherapy|p1a: Clefable
|-activate|p1a: Clefable|move: Aromatherapy
|-curestatus|p1: Tyranitar|psn|[msg]
|
|-damage|p2a: Corviknight|58/100 brn|[from] brn
|upkeep
|turn|278
|
|switch|p2a: Kommo-o|Kommo-o, M|76/100
|-damage|p2a: Kommo-o|64/100|[from] Spikes
|move|p1a: Clefable|Protect||[still]
|-fail|p1a: Clefable
|
|upkeep
|turn|279
|
|switch|p2a: Corviknight|Corviknight, F|58/100 brn
|-ability|p2a: Corviknight|Pressure
|switch|p1a: Toxapex|Toxapex, F|100/100
|
|-damage|p2a: Corviknight|52/100 brn|[from] brn
|upkeep
|turn|280
|
|switch|p1a: Corviknight|Corviknight, M|100/100
|-ability|p1a: Corviknight|Pressure
|move|p2a: Corviknight|Defog|p1a: Corviknight
|-unboost|p1a: Corviknight|evasion|1
|-sideend|p2: lidazhap|Spikes|[from] move: Defog|[of] p2a: Corviknight
|
|-damage|p2a: Corviknight|45/100 brn|[from] brn
|upkeep
|turn|281
|inactive|lidazhap has 30 seconds left.
|
|switch|p1a: Ferrothorn|Ferrothorn, F|100/100
|switch|p2a: Kommo-o|Kommo-o, M|64/100
|
|upkeep
|turn|282
|
|switch|p1a: Corviknight|Corviknight, M|100/100
|-ability|p1a: Corviknight|Pressure
|move|p2a: Kommo-o|Stealth Rock|p1a: Corviknight
|-sidestart|p1: Q114|move: Stealth Rock
|
|upkeep
|turn|283
|
|switch|p2a: Corviknight|Corviknight, F|45/100 brn
|-ability|p2a: Corviknight|Pressure
|move|p1a: Corviknight|Defog|p2a: Corviknight
|-unboost|p2a: Corviknight|evasion|1
|-sideend|p1: Q114|Stealth Rock|[from] move: Defog|[of] p1a: Corviknight
|
|-damage|p2a: Corviknight|39/100 brn|[from] brn
|upkeep
|turn|284
|
|switch|p1a: Toxapex|Toxapex, F|100/100
|move|p2a: Corviknight|Roost|p2a: Corviknight
|-heal|p2a: Corviknight|89/100 brn
|-singleturn|p2a: Corviknight|move: Roost
|
|-damage|p2a: Corviknight|83/100 brn|[from] brn
|upkeep
|turn|285
|
|switch|p2a: Toxapex|Toxapex, M|100/100 brn
|move|p1a: Toxapex|Toxic Spikes|p2a: Toxapex
|-sidestart|p2: lidazhap|move: Toxic Spikes
|
|-damage|p2a: Toxapex|94/100 brn|[from] brn
|upkeep
|turn|286
|
|switch|p2a: Clefable|Clefable, M|68/100 psn
|move|p1a: Toxapex|Poison Jab|p2a: Clefable
|-supereffective|p2a: Clefable
|-crit|p2a: Clefable
|-damage|p2a: Clefable|0 fnt
|faint|p2a: Clefable
|
|upkeep
|c|☆lidazhap|lollll
|
|switch|p2a: Toxapex|Toxapex, M|100/100 brn
|-sideend|p2: lidazhap|move: Toxic Spikes|[of] p2a: Toxapex
|turn|287
|inactive|Q114 has 90 seconds left.
|inactive|lidazhap has 30 seconds left.
|-message|lidazhap forfeited.
|
|win|Q114
|l|☆lidazhap
|raw|Q114's rating: 1707 &rarr; <strong>1719</strong><br />(+12 for winning)
|raw|lidazhap's rating: 1561 &rarr; <strong>1549</strong><br />(-12 for losing)
