|j|☆Nestohr
|j|☆Sghiaunz
|t:|1651418686
|gametype|singles
|player|p1|Nestohr|2|1331
|player|p2|Sghiaunz|2|1382
|teamsize|p1|6
|teamsize|p2|6
|gen|8
|tier|[Gen 8] OU
|rated|
|rule|Sleep Clause Mod: Limit one foe put to sleep
|rule|Species Clause: Limit one of each Pokémon
|rule|OHKO Clause: OHKO moves are banned
|rule|Evasion Moves Clause: Evasion moves are banned
|rule|Endless Battle Clause: Forcing endless battles is banned
|rule|HP Percentage Mod: HP is shown in percentages
|rule|Dynamax Clause: You cannot dynamax
|clearpoke
|poke|p1|Buzzwole|
|poke|p1|Tyranitar, F|
|poke|p1|Heatran, M|
|poke|p1|Garchomp, M|
|poke|p1|Corviknight, F|
|poke|p1|Latias, F|
|poke|p2|Rotom-Wash|
|poke|p2|Weavile, M|
|poke|p2|Landorus-Therian, M|
|poke|p2|Heatran, F|
|poke|p2|Tangrowth, F|
|poke|p2|Melmetal|
|teampreview
|j| bearfruits200
|inactive|Battle timer is ON: inactive players will automatically lose when time's up. (requested by Sghiaunz)
|l| bearfruits200
|
|t:|1651418716
|start
|switch|p1a: Heatran|Heatran, M|100/100
|switch|p2a: Landorus|Landorus-Therian, M|100/100
|-ability|p2a: Landorus|Intimidate|boost
|-unboost|p1a: Heatran|atk|1
|turn|1
|
|t:|1651418725
|switch|p1a: Corviknight|Corviknight, F|100/100
|-ability|p1a: Corviknight|Pressure
|move|p2a: Landorus|U-turn|p1a: Corviknight
|-resisted|p1a: Corviknight
|-damage|p1a: Corviknight|97/100
|
|t:|1651418730
|switch|p2a: Heatran|Heatran, F|100/100|[from]move: U-turn
|-item|p2a: Heatran|Air Balloon
|
|-heal|p1a: Corviknight|100/100|[from] item: Leftovers
|upkeep
|turn|2
|
|t:|1651418738
|switch|p1a: Tyranitar|Tyranitar, F|100/100
|-weather|Sandstorm|[from] ability: Sand Stream|[of] p1a: Tyranitar
|move|p2a: Heatran|Stealth Rock|p1a: Tyranitar
|-sidestart|p1: Nestohr|move: Stealth Rock
|
|-weather|Sandstorm|[upkeep]
|upkeep
|turn|3
|
|t:|1651418744
|move|p2a: Heatran|Earth Power|p1a: Tyranitar
|-supereffective|p1a: Tyranitar
|-damage|p1a: Tyranitar|75/100
|move|p1a: Tyranitar|Rock Blast|p2a: Heatran
|-damage|p2a: Heatran|87/100
|-enditem|p2a: Heatran|Air Balloon
|-damage|p2a: Heatran|72/100
|-hitcount|p2a: Heatran|2
|
|-weather|Sandstorm|[upkeep]
|upkeep
|turn|4
|
|t:|1651418755
|switch|p2a: Landorus|Landorus-Therian, M|100/100
|-ability|p2a: Landorus|Intimidate|boost
|-unboost|p1a: Tyranitar|atk|1
|move|p1a: Tyranitar|Superpower|p2a: Landorus
|-resisted|p2a: Landorus
|-damage|p2a: Landorus|87/100
|-unboost|p1a: Tyranitar|atk|1
|-unboost|p1a: Tyranitar|def|1
|
|-weather|Sandstorm|[upkeep]
|-heal|p2a: Landorus|93/100|[from] item: Leftovers
|upkeep
|turn|5
|
|t:|1651418763
|switch|p1a: Buzzwole|Buzzwole|100/100
|-damage|p1a: Buzzwole|88/100|[from] Stealth Rock
|move|p2a: Landorus|Toxic|p1a: Buzzwole
|-status|p1a: Buzzwole|tox
|
|-weather|Sandstorm|[upkeep]
|-damage|p1a: Buzzwole|82/100 tox|[from] Sandstorm
|-heal|p2a: Landorus|99/100|[from] item: Leftovers
|-damage|p1a: Buzzwole|76/100 tox|[from] psn
|upkeep
|turn|6
|
|t:|1651418777
|switch|p2a: Heatran|Heatran, F|72/100
|move|p1a: Buzzwole|Toxic|p2a: Heatran
|-immune|p2a: Heatran
|
|-weather|none
|-damage|p1a: Buzzwole|63/100 tox|[from] psn
|upkeep
|turn|7
|
|t:|1651418786
|switch|p1a: Tyranitar|Tyranitar, F|75/100
|-damage|p1a: Tyranitar|63/100|[from] Stealth Rock
|-weather|Sandstorm|[from] ability: Sand Stream|[of] p1a: Tyranitar
|move|p2a: Heatran|Magma Storm|p1a: Tyranitar
|-resisted|p1a: Tyranitar
|-damage|p1a: Tyranitar|52/100
|-activate|p1a: Tyranitar|move: Magma Storm|[of] p2a: Heatran
|
|-weather|Sandstorm|[upkeep]
|-damage|p1a: Tyranitar|40/100|[from] move: Magma Storm|[partiallytrapped]
|upkeep
|turn|8
|
|t:|1651418791
|move|p2a: Heatran|Earth Power|p1a: Tyranitar
|-supereffective|p1a: Tyranitar
|-damage|p1a: Tyranitar|15/100
|-unboost|p1a: Tyranitar|spd|1
|move|p1a: Tyranitar|Ice Punch|p2a: Heatran
|-resisted|p2a: Heatran
|-damage|p2a: Heatran|65/100
|
|-weather|Sandstorm|[upkeep]
|-damage|p1a: Tyranitar|2/100|[from] move: Magma Storm|[partiallytrapped]
|upkeep
|turn|9
|
|t:|1651418797
|move|p2a: Heatran|Earth Power|p1a: Tyranitar
|-supereffective|p1a: Tyranitar
|-damage|p1a: Tyranitar|0 fnt
|faint|p1a: Tyranitar
|
|-weather|Sandstorm|[upkeep]
|upkeep
|
|t:|1651418801
|switch|p1a: Heatran|Heatran, M|100/100
|-damage|p1a: Heatran|88/100|[from] Stealth Rock
|turn|10
|
|t:|1651418805
|move|p2a: Heatran|Earth Power|p1a: Heatran
|-supereffective|p1a: Heatran
|-damage|p1a: Heatran|4/100
|move|p1a: Heatran|Stealth Rock|p2a: Heatran
|-sidestart|p2: Sghiaunz|move: Stealth Rock
|
|-weather|Sandstorm|[upkeep]
|-heal|p1a: Heatran|10/100|[from] item: Leftovers
|upkeep
|turn|11
|
|t:|1651418810
|move|p2a: Heatran|Earth Power|p1a: Heatran
|-supereffective|p1a: Heatran
|-damage|p1a: Heatran|0 fnt
|faint|p1a: Heatran
|
|-weather|none
|upkeep
|
|t:|1651418813
|switch|p1a: Garchomp|Garchomp, M|100/100
|-damage|p1a: Garchomp|94/100|[from] Stealth Rock
|turn|12
|
|t:|1651418817
|switch|p2a: Landorus|Landorus-Therian, M|99/100
|-damage|p2a: Landorus|86/100|[from] Stealth Rock
|-ability|p2a: Landorus|Intimidate|boost
|-unboost|p1a: Garchomp|atk|1
|move|p1a: Garchomp|Scale Shot|p2a: Landorus
|-damage|p2a: Landorus|77/100
|-damage|p2a: Landorus|67/100
|-damage|p2a: Landorus|59/100
|-damage|p2a: Landorus|51/100
|-hitcount|p2a: Landorus|4
|-unboost|p1a: Garchomp|def|1
|-boost|p1a: Garchomp|spe|1
|
|-heal|p1a: Garchomp|100/100|[from] item: Leftovers
|-heal|p2a: Landorus|57/100|[from] item: Leftovers
|upkeep
|turn|13
|
|t:|1651418822
|move|p1a: Garchomp|Swords Dance|p1a: Garchomp
|-boost|p1a: Garchomp|atk|2
|move|p2a: Landorus|Defog|p1a: Garchomp
|-unboost|p1a: Garchomp|evasion|1
|-sideend|p1: Nestohr|Stealth Rock|[from] move: Defog|[of] p2a: Landorus
|-sideend|p2: Sghiaunz|Stealth Rock|[from] move: Defog|[of] p2a: Landorus
|
|-heal|p2a: Landorus|63/100|[from] item: Leftovers
|upkeep
|turn|14
|
|t:|1651418826
|move|p1a: Garchomp|Fire Fang|p2a: Landorus
|-damage|p2a: Landorus|30/100
|move|p2a: Landorus|Earthquake|p1a: Garchomp
|-damage|p1a: Garchomp|27/100
|
|-heal|p1a: Garchomp|33/100|[from] item: Leftovers
|-heal|p2a: Landorus|36/100|[from] item: Leftovers
|upkeep
|turn|15
|-message|Nestohr forfeited.
|
|win|Sghiaunz
|raw|Nestohr's rating: 1331 &rarr; <strong>1314</strong><br />(-17 for losing)
|raw|Sghiaunz's rating: 1382 &rarr; <strong>1399</strong><br />(+17 for winning)
|l|☆Nestohr
