|j|☆hqstest
|j|☆Shim-0N
|t:|1649089467
|gametype|singles
|player|p1|hqstest|cynthia|1435
|player|p2|Shim-0N|preschooler|1446
|teamsize|p1|6
|teamsize|p2|6
|gen|8
|tier|[Gen 8] OU
|rated|
|rule|Sleep Clause Mod: Limit one foe put to sleep
|rule|Species Clause: Limit one of each Pokémon
|rule|OHKO Clause: OHKO moves are banned
|rule|Evasion Moves Clause: Evasion moves are banned
|rule|Endless Battle Clause: Forcing endless battles is banned
|rule|HP Percentage Mod: HP is shown in percentages
|rule|Dynamax Clause: You cannot dynamax
|clearpoke
|poke|p1|Ninetales-Alola, F|
|poke|p1|Kartana|
|poke|p1|Tapu Lele|
|poke|p1|Landorus-Therian, M|
|poke|p1|Moltres-Galar|
|poke|p1|Urshifu-*, M|
|poke|p2|Pelipper, F|
|poke|p2|Barraskewda, M|
|poke|p2|Urshifu-*, M|
|poke|p2|Thundurus-Therian, M|
|poke|p2|Ferrothorn, M|
|poke|p2|Zapdos-Galar|
|teampreview
|inactive|Battle timer is ON: inactive players will automatically lose when time's up. (requested by Shim-0N)
|
|t:|1649089487
|start
|switch|p1a: Tapu Lele|Tapu Lele|100/100
|switch|p2a: Pelipper|Pelipper, F|100/100
|-fieldstart|move: Psychic Terrain|[from] ability: Psychic Surge|[of] p1a: Tapu Lele
|-weather|RainDance|[from] ability: Drizzle|[of] p2a: Pelipper
|turn|1
|
|t:|1649089508
|switch|p2a: Ferrothorn|Ferrothorn, M|100/100
|move|p1a: Tapu Lele|Psychic|p2a: Ferrothorn
|-resisted|p2a: Ferrothorn
|-damage|p2a: Ferrothorn|60/100
|-unboost|p2a: Ferrothorn|spd|1
|
|-weather|RainDance|[upkeep]
|-heal|p2a: Ferrothorn|66/100|[from] item: Leftovers
|upkeep
|turn|2
|inactive|Shim-0N has 120 seconds left.
|
|t:|1649089538
|move|p1a: Tapu Lele|Psychic|p2a: Ferrothorn
|-resisted|p2a: Ferrothorn
|-damage|p2a: Ferrothorn|6/100
|move|p2a: Ferrothorn|Stealth Rock|p1a: Tapu Lele
|-sidestart|p1: hqstest|move: Stealth Rock
|
|-weather|RainDance|[upkeep]
|-heal|p2a: Ferrothorn|12/100|[from] item: Leftovers
|upkeep
|turn|3
|
|t:|1649089547
|switch|p1a: Ninetales|Ninetales-Alola, F|100/100
|-damage|p1a: Ninetales|76/100|[from] Stealth Rock
|-weather|Hail|[from] ability: Snow Warning|[of] p1a: Ninetales
|move|p2a: Ferrothorn|Spikes|p1a: Ninetales
|-sidestart|p1: hqstest|Spikes
|
|-weather|Hail|[upkeep]
|-damage|p2a: Ferrothorn|6/100|[from] Hail
|-heal|p2a: Ferrothorn|12/100|[from] item: Leftovers
|upkeep
|turn|4
|inactive|Shim-0N has 120 seconds left.
|
|t:|1649089562
|move|p1a: Ninetales|Aurora Veil|p1a: Ninetales
|-sidestart|p1: hqstest|move: Aurora Veil
|move|p2a: Ferrothorn|Leech Seed|p1a: Ninetales
|-start|p1a: Ninetales|move: Leech Seed
|
|-weather|Hail|[upkeep]
|-damage|p2a: Ferrothorn|6/100|[from] Hail
|-heal|p2a: Ferrothorn|12/100|[from] item: Leftovers
|-damage|p1a: Ninetales|63/100|[from] Leech Seed|[of] p2a: Ferrothorn
|-heal|p2a: Ferrothorn|24/100|[silent]
|upkeep
|turn|5
|
|t:|1649089576
|switch|p1a: Kartana|Kartana|100/100
|-damage|p1a: Kartana|94/100|[from] Stealth Rock
|-damage|p1a: Kartana|82/100|[from] Spikes
|move|p2a: Ferrothorn|Spikes|p1a: Kartana
|-sidestart|p1: hqstest|Spikes
|
|-weather|Hail|[upkeep]
|-damage|p1a: Kartana|76/100|[from] Hail
|-damage|p2a: Ferrothorn|18/100|[from] Hail
|-heal|p2a: Ferrothorn|24/100|[from] item: Leftovers
|-fieldend|move: Psychic Terrain
|upkeep
|turn|6
|inactive|Shim-0N has 120 seconds left.
|
|t:|1649089588
|move|p1a: Kartana|Swords Dance|p1a: Kartana
|-boost|p1a: Kartana|atk|2
|move|p2a: Ferrothorn|Knock Off|p1a: Kartana
|-damage|p1a: Kartana|64/100
|-enditem|p1a: Kartana|Adrenaline Orb|[from] move: Knock Off|[of] p2a: Ferrothorn
|
|-weather|Hail|[upkeep]
|-damage|p1a: Kartana|58/100|[from] Hail
|-damage|p2a: Ferrothorn|18/100|[from] Hail
|-heal|p2a: Ferrothorn|24/100|[from] item: Leftovers
|upkeep
|turn|7
|inactive|Shim-0N has 120 seconds left.
|
|t:|1649089599
|move|p1a: Kartana|Knock Off|p2a: Ferrothorn
|-damage|p2a: Ferrothorn|0 fnt
|-damage|p1a: Kartana|45/100|[from] ability: Iron Barbs|[of] p2a: Ferrothorn
|-enditem|p2a: Ferrothorn|Leftovers|[from] move: Knock Off|[of] p1a: Kartana
|faint|p2a: Ferrothorn
|-ability|p1a: Kartana|Beast Boost|boost
|-boost|p1a: Kartana|atk|1
|
|-weather|none
|upkeep
|
|t:|1649089613
|switch|p2a: Pelipper|Pelipper, F|100/100
|-weather|RainDance|[from] ability: Drizzle|[of] p2a: Pelipper
|turn|8
|
|t:|1649089618
|move|p1a: Kartana|Leaf Blade|p2a: Pelipper
|-damage|p2a: Pelipper|0 fnt
|faint|p2a: Pelipper
|-ability|p1a: Kartana|Beast Boost|boost
|-boost|p1a: Kartana|atk|1
|
|-weather|RainDance|[upkeep]
|upkeep
|
|t:|1649089627
|switch|p2a: Zapdos|Zapdos-Galar|100/100
|turn|9
|
|t:|1649089631
|move|p2a: Zapdos|Brave Bird|p1a: Kartana
|-damage|p1a: Kartana|9/100
|-damage|p2a: Zapdos|91/100|[from] Recoil
|move|p1a: Kartana|Leaf Blade|p2a: Zapdos
|-resisted|p2a: Zapdos
|-damage|p2a: Zapdos|0 fnt
|faint|p2a: Zapdos
|-ability|p1a: Kartana|Beast Boost|boost
|-boost|p1a: Kartana|atk|1
|
|-weather|RainDance|[upkeep]
|upkeep
|inactive|Shim-0N has 120 seconds left.
|
|t:|1649089642
|switch|p2a: Barraskewda|Barraskewda, M|100/100
|turn|10
|
|t:|1649089654
|move|p2a: Barraskewda|Flip Turn|p1a: Kartana
|-resisted|p1a: Kartana
|-damage|p1a: Kartana|0 fnt
|faint|p1a: Kartana
|
|t:|1649089659
|switch|p2a: Thundurus|Thundurus-Therian, M|100/100|[from]move: Flip Turn
|
|-weather|RainDance|[upkeep]
|upkeep
|
|t:|1649089662
|switch|p1a: Ninetales|Ninetales-Alola, F|63/100
|-damage|p1a: Ninetales|47/100|[from] Spikes
|-damage|p1a: Ninetales|22/100|[from] Stealth Rock
|-weather|Hail|[from] ability: Snow Warning|[of] p1a: Ninetales
|turn|11
|
|t:|1649089671
|move|p1a: Ninetales|Freeze-Dry|p2a: Thundurus
|-supereffective|p2a: Thundurus
|-damage|p2a: Thundurus|48/100
|move|p2a: Thundurus|Rain Dance|p2a: Thundurus
|-weather|RainDance
|
|-weather|RainDance|[upkeep]
|-sideend|p1: hqstest|move: Aurora Veil
|upkeep
|turn|12
|
|t:|1649089679
|move|p1a: Ninetales|Freeze-Dry|p2a: Thundurus
|-supereffective|p2a: Thundurus
|-damage|p2a: Thundurus|0 fnt
|faint|p2a: Thundurus
|
|-weather|RainDance|[upkeep]
|upkeep
|
|t:|1649089687
|switch|p2a: Barraskewda|Barraskewda, M|100/100
|turn|13
|
|t:|1649089691
|move|p2a: Barraskewda|Flip Turn|p1a: Ninetales
|-damage|p1a: Ninetales|0 fnt
|faint|p1a: Ninetales
|
|t:|1649089696
|switch|p2a: Urshifu|Urshifu-Rapid-Strike, M|100/100|[from]move: Flip Turn
|
|-weather|RainDance|[upkeep]
|upkeep
|
|t:|1649089717
|switch|p1a: Urshifu|Urshifu-Rapid-Strike, M|100/100
|-damage|p1a: Urshifu|94/100|[from] Stealth Rock
|-damage|p1a: Urshifu|78/100|[from] Spikes
|turn|14
|
|t:|1649089727
|move|p1a: Urshifu|Surging Strikes|p2a: Urshifu
|-resisted|p2a: Urshifu
|-crit|p2a: Urshifu
|-damage|p2a: Urshifu|86/100
|-resisted|p2a: Urshifu
|-crit|p2a: Urshifu
|-damage|p2a: Urshifu|71/100
|-resisted|p2a: Urshifu
|-crit|p2a: Urshifu
|-damage|p2a: Urshifu|57/100
|-hitcount|p2a: Urshifu|3
|move|p2a: Urshifu|Surging Strikes|p1a: Urshifu
|-resisted|p1a: Urshifu
|-crit|p1a: Urshifu
|-damage|p1a: Urshifu|62/100
|-resisted|p1a: Urshifu
|-crit|p1a: Urshifu
|-damage|p1a: Urshifu|47/100
|-resisted|p1a: Urshifu
|-crit|p1a: Urshifu
|-damage|p1a: Urshifu|34/100
|-hitcount|p1a: Urshifu|3
|
|-weather|RainDance|[upkeep]
|upkeep
|turn|15
|
|t:|1649089747
|move|p1a: Urshifu|Surging Strikes|p2a: Urshifu
|-resisted|p2a: Urshifu
|-crit|p2a: Urshifu
|-damage|p2a: Urshifu|41/100
|-resisted|p2a: Urshifu
|-crit|p2a: Urshifu
|-damage|p2a: Urshifu|26/100
|-resisted|p2a: Urshifu
|-crit|p2a: Urshifu
|-damage|p2a: Urshifu|12/100
|-hitcount|p2a: Urshifu|3
|move|p2a: Urshifu|Surging Strikes|p1a: Urshifu
|-resisted|p1a: Urshifu
|-crit|p1a: Urshifu
|-damage|p1a: Urshifu|20/100
|-resisted|p1a: Urshifu
|-crit|p1a: Urshifu
|-damage|p1a: Urshifu|4/100
|-resisted|p1a: Urshifu
|-crit|p1a: Urshifu
|-damage|p1a: Urshifu|0 fnt
|faint|p1a: Urshifu
|-hitcount|p1: Urshifu|3
|
|-weather|none
|upkeep
|
|t:|1649089764
|switch|p1a: Landorus|Landorus-Therian, M|100/100
|-damage|p1a: Landorus|88/100|[from] Stealth Rock
|-ability|p1a: Landorus|Intimidate|boost
|-unboost|p2a: Urshifu|atk|1
|turn|16
|
|t:|1649089770
|move|p1a: Landorus|Earthquake|p2a: Urshifu
|-damage|p2a: Urshifu|0 fnt
|faint|p2a: Urshifu
|
|upkeep
|
|t:|1649089775
|switch|p2a: Barraskewda|Barraskewda, M|100/100
|turn|17
|
|t:|1649089779
|move|p1a: Landorus|Earthquake|p2a: Barraskewda
|-damage|p2a: Barraskewda|0 fnt
|faint|p2a: Barraskewda
|
|win|hqstest
|raw|hqstest's rating: 1435 &rarr; <strong>1456</strong><br />(+21 for winning)
|raw|Shim-0N's rating: 1446 &rarr; <strong>1425</strong><br />(-21 for losing)
|l|☆Shim-0N
