|j|☆le suavecito
|j|☆Archerdagoat
|t:|1629213884
|gametype|singles
|player|p1|le suavecito|swimmerf-gen4|1543
|player|p2|Archerdagoat|hoopster|1673
|teamsize|p1|6
|teamsize|p2|6
|gen|8
|tier|[Gen 8] OU
|rated|
|rule|Sleep Clause Mod: Limit one foe put to sleep
|rule|Species Clause: Limit one of each Pokémon
|rule|OHKO Clause: OHKO moves are banned
|rule|Evasion Moves Clause: Evasion moves are banned
|rule|Endless Battle Clause: Forcing endless battles is banned
|rule|HP Percentage Mod: HP is shown in percentages
|rule|Dynamax Clause: You cannot dynamax
|clearpoke
|poke|p1|Melmetal|
|poke|p1|Weavile, M|
|poke|p1|Urshifu-*, F|
|poke|p1|Conkeldurr, F|
|poke|p1|Landorus-Therian, M|
|poke|p1|Toxapex, F|
|poke|p2|Dracozolt|
|poke|p2|Urshifu-*, M|
|poke|p2|Hippowdon, F|
|poke|p2|Clefable, M|
|poke|p2|Melmetal|
|poke|p2|Zapdos|
|teampreview
|inactive|Battle timer is ON: inactive players will automatically lose when time's up. (requested by Archerdagoat)
|
|t:|1629213899
|start
|switch|p1a: Urshifu|Urshifu-Rapid-Strike, F|100/100
|switch|p2a: Urshifu|Urshifu-Rapid-Strike, M|100/100
|turn|1
|
|t:|1629213910
|switch|p1a: Toxapex|Toxapex, F|100/100
|switch|p2a: Zapdos|Zapdos|100/100
|
|upkeep
|turn|2
|
|t:|1629213913
|move|p2a: Zapdos|Thunderbolt|p1a: Toxapex
|-supereffective|p1a: Toxapex
|-damage|p1a: Toxapex|40/100
|move|p1a: Toxapex|Poison Jab|p2a: Zapdos
|-damage|p2a: Zapdos|88/100
|-status|p2a: Zapdos|psn
|
|-heal|p2a: Zapdos|94/100 psn|[from] item: Leftovers
|-damage|p2a: Zapdos|81/100 psn|[from] psn
|upkeep
|turn|3
|j| Nie verlassen
|
|t:|1629213924
|switch|p2a: Urshifu|Urshifu-Rapid-Strike, M|100/100
|switch|p1a: Melmetal|Melmetal|100/100
|
|upkeep
|turn|4
|
|t:|1629213930
|switch|p1a: Toxapex|Toxapex, F|74/100
|move|p2a: Urshifu|Surging Strikes|p1a: Toxapex
|-resisted|p1a: Toxapex
|-crit|p1a: Toxapex
|-damage|p1a: Toxapex|64/100
|-damage|p2a: Urshifu|84/100|[from] item: Rocky Helmet|[of] p1a: Toxapex
|-resisted|p1a: Toxapex
|-crit|p1a: Toxapex
|-damage|p1a: Toxapex|56/100
|-damage|p2a: Urshifu|68/100|[from] item: Rocky Helmet|[of] p1a: Toxapex
|-resisted|p1a: Toxapex
|-crit|p1a: Toxapex
|-damage|p1a: Toxapex|47/100
|-damage|p2a: Urshifu|51/100|[from] item: Rocky Helmet|[of] p1a: Toxapex
|-hitcount|p1a: Toxapex|3
|
|upkeep
|turn|5
|j| SRZ3
|j| OsamaMiWater
|
|t:|1629213943
|switch|p2a: Hippowdon|Hippowdon, F|100/100
|-weather|Sandstorm|[from] ability: Sand Stream|[of] p2a: Hippowdon
|switch|p1a: Landorus|Landorus-Therian, M|100/100
|-ability|p1a: Landorus|Intimidate|boost
|-unboost|p2a: Hippowdon|atk|1
|
|-weather|Sandstorm|[upkeep]
|upkeep
|turn|6
|
|t:|1629213954
|move|p1a: Landorus|U-turn|p2a: Hippowdon
|-damage|p2a: Hippowdon|90/100
|
|t:|1629213957
|switch|p1a: Urshifu|Urshifu-Rapid-Strike, F|100/100|[from]move: U-turn
|move|p2a: Hippowdon|Toxic|p1a: Urshifu
|-status|p1a: Urshifu|tox
|
|-weather|Sandstorm|[upkeep]
|-damage|p1a: Urshifu|94/100 tox|[from] Sandstorm
|-damage|p1a: Urshifu|88/100 tox|[from] psn
|upkeep
|turn|7
|
|t:|1629213969
|switch|p2a: Melmetal|Melmetal|100/100
|move|p1a: Urshifu|Surging Strikes|p2a: Melmetal
|-crit|p2a: Melmetal
|-damage|p2a: Melmetal|85/100
|-crit|p2a: Melmetal
|-damage|p2a: Melmetal|67/100
|-crit|p2a: Melmetal
|-damage|p2a: Melmetal|51/100
|-hitcount|p2a: Melmetal|3
|
|-weather|Sandstorm|[upkeep]
|-damage|p1a: Urshifu|82/100 tox|[from] Sandstorm
|-damage|p1a: Urshifu|70/100 tox|[from] psn
|upkeep
|turn|8
|
|t:|1629213979
|move|p1a: Urshifu|Surging Strikes|p2a: Melmetal
|-crit|p2a: Melmetal
|-damage|p2a: Melmetal|35/100
|-crit|p2a: Melmetal
|-damage|p2a: Melmetal|18/100
|-crit|p2a: Melmetal
|-damage|p2a: Melmetal|3/100
|-hitcount|p2a: Melmetal|3
|move|p2a: Melmetal|Ice Punch|p1a: Urshifu
|-resisted|p1a: Urshifu
|-damage|p1a: Urshifu|43/100 tox
|
|-weather|Sandstorm|[upkeep]
|-damage|p1a: Urshifu|37/100 tox|[from] Sandstorm
|-damage|p1a: Urshifu|18/100 tox|[from] psn
|upkeep
|turn|9
|
|t:|1629213984
|move|p1a: Urshifu|Surging Strikes|p2a: Melmetal
|-crit|p2a: Melmetal
|-damage|p2a: Melmetal|0 fnt
|faint|p2a: Melmetal
|-hitcount|p2: Melmetal|1
|
|-weather|Sandstorm|[upkeep]
|-damage|p1a: Urshifu|12/100 tox|[from] Sandstorm
|-damage|p1a: Urshifu|0 fnt|[from] psn
|faint|p1a: Urshifu
|upkeep
|
|t:|1629213989
|switch|p1a: Landorus|Landorus-Therian, M|100/100
|switch|p2a: Urshifu|Urshifu-Rapid-Strike, M|51/100
|-ability|p1a: Landorus|Intimidate|boost
|-unboost|p2a: Urshifu|atk|1
|turn|10
|
|t:|1629213994
|move|p2a: Urshifu|Surging Strikes|p1a: Landorus
|-supereffective|p1a: Landorus
|-crit|p1a: Landorus
|-damage|p1a: Landorus|45/100
|-supereffective|p1a: Landorus
|-crit|p1a: Landorus
|-damage|p1a: Landorus|0 fnt
|faint|p1a: Landorus
|-hitcount|p1: Landorus|2
|
|-weather|Sandstorm|[upkeep]
|-damage|p2a: Urshifu|45/100|[from] Sandstorm
|upkeep
|
|t:|1629214010
|switch|p1a: Toxapex|Toxapex, F|80/100
|turn|11
|
|t:|1629214022
|switch|p2a: Zapdos|Zapdos|81/100 psn
|switch|p1a: Conkeldurr|Conkeldurr, F|100/100
|
|-weather|Sandstorm|[upkeep]
|-damage|p2a: Zapdos|75/100 psn|[from] Sandstorm
|-damage|p1a: Conkeldurr|94/100|[from] Sandstorm
|-heal|p2a: Zapdos|81/100 psn|[from] item: Leftovers
|-damage|p2a: Zapdos|69/100 psn|[from] psn
|-status|p1a: Conkeldurr|brn|[from] item: Flame Orb
|upkeep
|turn|12
|
|t:|1629214026
|move|p2a: Zapdos|Thunderbolt|p1a: Conkeldurr
|-damage|p1a: Conkeldurr|46/100 brn
|move|p1a: Conkeldurr|Facade|p2a: Zapdos
|-damage|p2a: Zapdos|8/100 psn
|
|-weather|none
|-heal|p2a: Zapdos|14/100 psn|[from] item: Leftovers
|-damage|p2a: Zapdos|2/100 psn|[from] psn
|-damage|p1a: Conkeldurr|39/100 brn|[from] brn
|upkeep
|turn|13
|
|t:|1629214029
|move|p1a: Conkeldurr|Mach Punch|p2a: Zapdos
|-resisted|p2a: Zapdos
|-damage|p2a: Zapdos|0 fnt
|faint|p2a: Zapdos
|
|-damage|p1a: Conkeldurr|33/100 brn|[from] brn
|upkeep
|
|t:|1629214033
|switch|p2a: Hippowdon|Hippowdon, F|90/100
|-weather|Sandstorm|[from] ability: Sand Stream|[of] p2a: Hippowdon
|turn|14
|
|t:|1629214041
|switch|p2a: Urshifu|Urshifu-Rapid-Strike, M|45/100
|move|p1a: Conkeldurr|Drain Punch|p2a: Urshifu
|-damage|p2a: Urshifu|0 fnt
|-heal|p1a: Conkeldurr|55/100 brn|[from] drain|[of] p2a: Urshifu
|faint|p2a: Urshifu
|
|-weather|Sandstorm|[upkeep]
|-damage|p1a: Conkeldurr|48/100 brn|[from] Sandstorm
|-damage|p1a: Conkeldurr|42/100 brn|[from] brn
|upkeep
|
|t:|1629214043
|switch|p2a: Dracozolt|Dracozolt|100/100
|turn|15
|
|t:|1629214047
|move|p1a: Conkeldurr|Mach Punch|p2a: Dracozolt
|-damage|p2a: Dracozolt|59/100
|move|p2a: Dracozolt|Bolt Beak|p1a: Conkeldurr
|-damage|p1a: Conkeldurr|0 fnt
|faint|p1a: Conkeldurr
|-damage|p2a: Dracozolt|49/100|[from] item: Life Orb
|
|-weather|Sandstorm|[upkeep]
|upkeep
|
|t:|1629214058
|switch|p1a: Melmetal|Melmetal|100/100
|turn|16
|
|t:|1629214062
|switch|p1a: Toxapex|Toxapex, F|100/100
|move|p2a: Dracozolt|Bolt Beak|p1a: Toxapex
|-supereffective|p1a: Toxapex
|-damage|p1a: Toxapex|0 fnt
|-damage|p2a: Dracozolt|33/100|[from] item: Rocky Helmet|[of] p1a: Toxapex
|faint|p1a: Toxapex
|-damage|p2a: Dracozolt|23/100|[from] item: Life Orb
|
|-weather|Sandstorm|[upkeep]
|upkeep
|
|t:|1629214066
|switch|p1a: Weavile|Weavile, M|100/100
|-ability|p1a: Weavile|Pressure
|turn|17
|
|t:|1629214086
|move|p1a: Weavile|Ice Shard|p2a: Dracozolt
|-supereffective|p2a: Dracozolt
|-damage|p2a: Dracozolt|0 fnt
|faint|p2a: Dracozolt
|
|-weather|Sandstorm|[upkeep]
|-damage|p1a: Weavile|94/100|[from] Sandstorm
|upkeep
|
|t:|1629214088
|switch|p2a: Clefable|Clefable, M|100/100
|turn|18
|
|t:|1629214092
|switch|p1a: Melmetal|Melmetal|100/100
|move|p2a: Clefable|Wish|p2a: Clefable
|
|-weather|Sandstorm|[upkeep]
|-damage|p2a: Clefable|94/100|[from] Sandstorm
|-heal|p2a: Clefable|100/100|[from] item: Leftovers
|upkeep
|turn|19
|
|t:|1629214096
|switch|p2a: Hippowdon|Hippowdon, F|90/100
|move|p1a: Melmetal|Double Iron Bash|p2a: Hippowdon
|-damage|p2a: Hippowdon|65/100
|-damage|p2a: Hippowdon|42/100
|-hitcount|p2a: Hippowdon|2
|
|-weather|Sandstorm|[upkeep]
|-heal|p2a: Hippowdon|89/100|[from] move: Wish|[wisher] Clefable
|upkeep
|turn|20
|
|t:|1629214102
|move|p1a: Melmetal|Double Iron Bash|p2a: Hippowdon
|-damage|p2a: Hippowdon|67/100
|-damage|p2a: Hippowdon|42/100
|-hitcount|p2a: Hippowdon|2
|cant|p2a: Hippowdon|flinch
|
|-weather|Sandstorm|[upkeep]
|upkeep
|turn|21
|
|t:|1629214112
|move|p1a: Melmetal|Double Iron Bash|p2a: Hippowdon
|-damage|p2a: Hippowdon|18/100
|-damage|p2a: Hippowdon|0 fnt
|faint|p2a: Hippowdon
|-hitcount|p2: Hippowdon|2
|
|-weather|none
|upkeep
|c|☆le suavecito|gg!
|-message|Archerdagoat forfeited.
|
|win|le suavecito
|l|☆Archerdagoat
|raw|le suavecito's rating: 1543 &rarr; <strong>1570</strong><br />(+27 for winning)
|raw|Archerdagoat's rating: 1674 &rarr; <strong>1647</strong><br />(-27 for losing)
|l| SRZ3
||Ladder isn't responding, score probably updated but might not have (Request timeout).
