|html|<div class="broadcast-blue"><strong>[Gen 8] OU is currently suspecting Melmetal! For information on how to participate check out the <a href="https://www.smogon.com/forums/threads/np-ss-ou-suspect-process-round-12-monster-mash.3709234/">suspect thread</a>.</strong></div>
|j|☆will-i-am2
|j|☆why addicted
|t:|1665953106
|gametype|singles
|player|p1|will-i-am2|266|1923
|player|p2|why addicted|101|1930
|teamsize|p1|6
|teamsize|p2|6
|gen|8
|tier|[Gen 8] OU
|rated|
|rule|Sleep Clause Mod: Limit one foe put to sleep
|rule|Species Clause: Limit one of each Pokémon
|rule|OHKO Clause: OHKO moves are banned
|rule|Evasion Items Clause: Evasion items are banned
|rule|Evasion Moves Clause: Evasion moves are banned
|rule|Endless Battle Clause: Forcing endless battles is banned
|rule|HP Percentage Mod: HP is shown in percentages
|rule|Dynamax Clause: You cannot dynamax
|clearpoke
|poke|p1|Registeel|
|poke|p1|Hydreigon, M|
|poke|p1|Slowbro, F|
|poke|p1|Mandibuzz, F|
|poke|p1|Mamoswine, F|
|poke|p1|Mimikyu, F|
|poke|p2|Landorus-Therian, M|
|poke|p2|Heatran, M|
|poke|p2|Ferrothorn, F|
|poke|p2|Dragapult, F|
|poke|p2|Tapu Lele|
|poke|p2|Urshifu-*, F|
|teampreview
|l|☆will-i-am2
|player|p1|
|j| cfvtuykgbujohb
|j|☆will-i-am2
|player|p1|will-i-am2|266
|inactive|Battle timer is ON: inactive players will automatically lose when time's up. (requested by will-i-am2)
|
|t:|1665953127
|start
|switch|p1a: Slowbro|Slowbro, F|100/100
|switch|p2a: Urshifu|Urshifu-Rapid-Strike, F|100/100
|turn|1
|
|t:|1665953132
|move|p2a: Urshifu|U-turn|p1a: Slowbro
|-supereffective|p1a: Slowbro
|-damage|p1a: Slowbro|58/100
|
|t:|1665953135
|switch|p2a: Heatran|Heatran, M|100/100|[from]move: U-turn
|move|p1a: Slowbro|Scald|p2a: Heatran
|-supereffective|p2a: Heatran
|-damage|p2a: Heatran|54/100
|
|-heal|p2a: Heatran|60/100|[from] item: Leftovers
|-heal|p1a: Slowbro|64/100|[from] item: Leftovers
|upkeep
|turn|2
|j| ty-tyui↻
|
|t:|1665953142
|move|p2a: Heatran|Toxic|p1a: Slowbro
|-status|p1a: Slowbro|tox
|move|p1a: Slowbro|Scald|p2a: Heatran
|-supereffective|p2a: Heatran
|-damage|p2a: Heatran|10/100
|
|-heal|p2a: Heatran|17/100|[from] item: Leftovers
|-heal|p1a: Slowbro|70/100 tox|[from] item: Leftovers
|-damage|p1a: Slowbro|64/100 tox|[from] psn
|upkeep
|turn|3
|
|t:|1665953147
|move|p2a: Heatran|Protect|p2a: Heatran
|-singleturn|p2a: Heatran|Protect
|move|p1a: Slowbro|Scald|p2a: Heatran
|-activate|p2a: Heatran|move: Protect
|
|-heal|p2a: Heatran|23/100|[from] item: Leftovers
|-heal|p1a: Slowbro|70/100 tox|[from] item: Leftovers
|-damage|p1a: Slowbro|58/100 tox|[from] psn
|upkeep
|turn|4
|
|t:|1665953156
|switch|p2a: Tapu Lele|Tapu Lele|100/100
|-fieldstart|move: Psychic Terrain|[from] ability: Psychic Surge|[of] p2a: Tapu Lele
|move|p1a: Slowbro|Scald|p2a: Tapu Lele
|-damage|p2a: Tapu Lele|62/100
|-status|p2a: Tapu Lele|brn
|
|-heal|p1a: Slowbro|64/100 tox|[from] item: Leftovers
|-damage|p1a: Slowbro|46/100 tox|[from] psn
|-damage|p2a: Tapu Lele|56/100 brn|[from] brn
|upkeep
|turn|5
|
|t:|1665953165
|switch|p2a: Heatran|Heatran, M|23/100
|switch|p1a: Registeel|Registeel|100/100
|
|-heal|p2a: Heatran|29/100|[from] item: Leftovers
|upkeep
|turn|6
|
|t:|1665953172
|switch|p1a: Hydreigon|Hydreigon, M|100/100
|move|p2a: Heatran|Magma Storm|p1a: Hydreigon|[miss]
|-miss|p2a: Heatran|p1a: Hydreigon
|
|-heal|p2a: Heatran|35/100|[from] item: Leftovers
|upkeep
|turn|7
|
|t:|1665953176
|switch|p2a: Landorus|Landorus-Therian, M|100/100
|-ability|p2a: Landorus|Intimidate|boost
|-unboost|p1a: Hydreigon|atk|1
|move|p1a: Hydreigon|Nasty Plot|p1a: Hydreigon
|-boost|p1a: Hydreigon|spa|2
|
|upkeep
|turn|8
|
|t:|1665953178
|move|p1a: Hydreigon|Draco Meteor|p2a: Landorus
|-damage|p2a: Landorus|0 fnt
|-unboost|p1a: Hydreigon|spa|2
|faint|p2a: Landorus
|
|-fieldend|move: Psychic Terrain
|upkeep
|
|t:|1665953181
|switch|p2a: Dragapult|Dragapult, F|100/100
|turn|9
|
|t:|1665953187
|switch|p1a: Registeel|Registeel|100/100
|move|p2a: Dragapult|U-turn|p1a: Registeel
|-resisted|p1a: Registeel
|-damage|p1a: Registeel|96/100
|
|t:|1665953192
|switch|p2a: Ferrothorn|Ferrothorn, F|100/100|[from]move: U-turn
|
|-heal|p1a: Registeel|100/100|[from] item: Leftovers
|upkeep
|turn|10
|
|t:|1665953195
|move|p1a: Registeel|Stealth Rock|p2a: Ferrothorn
|-sidestart|p2: why addicted|move: Stealth Rock
|move|p2a: Ferrothorn|Stealth Rock|p1a: Registeel
|-sidestart|p1: will-i-am2|move: Stealth Rock
|
|upkeep
|turn|11
|
|t:|1665953199
|move|p1a: Registeel|Thunder Wave|p2a: Ferrothorn|[miss]
|-miss|p1a: Registeel|p2a: Ferrothorn
|move|p2a: Ferrothorn|Leech Seed|p1a: Registeel
|-start|p1a: Registeel|move: Leech Seed
|
|-damage|p1a: Registeel|88/100|[from] Leech Seed|[of] p2a: Ferrothorn
|upkeep
|turn|12
|
|t:|1665953204
|switch|p1a: Slowbro|Slowbro, F|79/100 tox
|-damage|p1a: Slowbro|66/100 tox|[from] Stealth Rock
|switch|p2a: Heatran|Heatran, M|35/100
|-damage|p2a: Heatran|23/100|[from] Stealth Rock
|
|-heal|p2a: Heatran|29/100|[from] item: Leftovers
|-heal|p1a: Slowbro|73/100 tox|[from] item: Leftovers
|-damage|p1a: Slowbro|66/100 tox|[from] psn
|upkeep
|turn|13
|
|t:|1665953209
|move|p2a: Heatran|Protect|p2a: Heatran
|-singleturn|p2a: Heatran|Protect
|move|p1a: Slowbro|Scald|p2a: Heatran
|-activate|p2a: Heatran|move: Protect
|
|-heal|p2a: Heatran|35/100|[from] item: Leftovers
|-heal|p1a: Slowbro|73/100 tox|[from] item: Leftovers
|-damage|p1a: Slowbro|60/100 tox|[from] psn
|upkeep
|turn|14
|
|t:|1665953213
|switch|p2a: Ferrothorn|Ferrothorn, F|100/100
|-damage|p2a: Ferrothorn|94/100|[from] Stealth Rock
|move|p1a: Slowbro|Scald|p2a: Ferrothorn
|-resisted|p2a: Ferrothorn
|-damage|p2a: Ferrothorn|77/100
|-status|p2a: Ferrothorn|brn
|
|-heal|p1a: Slowbro|66/100 tox|[from] item: Leftovers
|-damage|p1a: Slowbro|48/100 tox|[from] psn
|-damage|p2a: Ferrothorn|71/100 brn|[from] brn
|upkeep
|turn|15
|
|t:|1665953216
|move|p1a: Slowbro|Fire Blast|p2a: Ferrothorn
|-supereffective|p2a: Ferrothorn
|-damage|p2a: Ferrothorn|0 fnt
|faint|p2a: Ferrothorn
|
|-heal|p1a: Slowbro|54/100 tox|[from] item: Leftovers
|-damage|p1a: Slowbro|30/100 tox|[from] psn
|upkeep
|
|t:|1665953221
|switch|p2a: Dragapult|Dragapult, F|100/100
|-damage|p2a: Dragapult|88/100|[from] Stealth Rock
|turn|16
|c|☆why addicted|Gg
|-message|why addicted forfeited.
|
|win|will-i-am2
|raw|will-i-am2's rating: 1923 &rarr; <strong>1943</strong><br />(+20 for winning)
|raw|why addicted's rating: 1930 &rarr; <strong>1910</strong><br />(-20 for losing)
|c|☆will-i-am2|gg
|l|☆why addicted
|j| maxtheknife
