|raw|<div class="broadcast-blue"><strong>This battle is required to be public due to a player having a name prefixed by 'LT71LX'.</div>
|j|☆LT71LX John W
|j|☆LT71LX ABR
|t:|1597362722
|player|p1|LT71LX John W|cyclistf-gen4|2143
|player|p2|LT71LX ABR|hilbert-dueldisk|2110
|teamsize|p1|6
|teamsize|p2|6
|gametype|singles
|gen|8
|tier|[Gen 8] OU
|rated|
|clearpoke
|poke|p1|Jirachi|
|poke|p1|Clefable, F|
|poke|p1|Ditto|
|poke|p1|Toxapex, M|
|poke|p1|Corviknight, F|
|poke|p1|Blissey, F|
|poke|p2|Alakazam, M|
|poke|p2|Ferrothorn, M|
|poke|p2|Hippowdon, M|
|poke|p2|Toxapex, M|
|poke|p2|Clefable, F|
|poke|p2|Indeedee, M|
|rule|Sleep Clause Mod: Limit one foe put to sleep
|rule|Species Clause: Limit one of each Pokémon
|rule|OHKO Clause: OHKO moves are banned
|rule|Evasion Moves Clause: Evasion moves are banned
|rule|Endless Battle Clause: Forcing endless battles is banned
|rule|HP Percentage Mod: HP is shown in percentages
|rule|Dynamax Clause: You cannot dynamax
|teampreview
|c|☆LT71LX ABR|hf
|j| Kiichikos
|j| relous
|j| LT71LX Luthier
|j| LT71LX Ant
|j| ez
|j| lt71lx cuzzie
|j| Boulicrok
|j|+mj
|j| OUTU Hide And Seek
|j| lt71lx bfl
|j| lt71lx ACII
|j| Destro16
|j| ArcticBreezeX
|j| zoemassenti
|j| mad goonery
|j| jerderh
|j| cleann
|j| Dididjdkdid
|j| RNN YasuKe
|c|☆LT71LX John W|u2
|j| hrnnggghg
|j| utah jasmine fo
|j| Mannat
|j| hipster garbage
|j| Mihowk
|j| mi verdad
|j| WildWave ☾★
|j| Disorient
|j| mofuke
|j| unforgiven lies
|j| Peachy Sweet
|j|+TDK
|j| 64 squares
|j| Boigunn
|j| LT71LX INSULT
|j| LT71LX WD
|j| Mionda
|j| Highways
|j| avarice
|j| Treyvion
|j| Spl4sh
|j| horadobos
|j| Akalli
|j| Kory2600
|j| LT71LX R
|j| Tuononda
|j| Instagram Models
|j|+ShinyAzelf
|j| Mob Burly
|j| stableprince569
|j| LT71LX Gura
|j|+Cdumas
|l| Boigunn
|j| Mysterious M
|j| LT71LX VTFroakies
|j| Mara Sattei
|j| King l5
|j| LT71LX vso
|j| TheOnlyGhads
|j| curopins
|j| Devil Patchy
|j| lt71lx tace
|j| ShadowPork
|j| Calem∞DPU
|j| TM
|j| TuanNguyen
|j| goat christmas
|j| large owl
|j| Black_Knight777
|j| wyn
|j| SpecificOcean69
|j| HYDREIGON SPECS
|j| Nalorium
|j| LT71LX Sam
|j| Twixtry
|j| PepeDuce
|j|+Vrin
|j| Sieeeffmon
|j| 6... Qxf2#
|j| Javoon
|j| Nacho Varga
|j| high or dead
|j| storm zone
|j| outu23
|j| lt71lx xImRaptor
|j| lt71lx vaboh
|l| hrnnggghg
|l|dididjdkdid
|j| lt71lx juuls
|j| lt71lx panamaxis
|j| syrup77
|j| Livio ElTito
|j| LT71LX IV
|j| LT71LXMegavictinii
|j|+rozes
|l| lt71lx juuls
|j| Bowlii
|j| Caloominum
|j| bufferedreader
|j| Iarimm
|j| Waylaid
|j| Justamente
|j| Padox
|j| Luirromen
|j| Chans3y
|j| lt71lx kingpin
|j|+Ticken
|j| Stamatis
|l| Luirromen
|j| FnH
|l| LT71LX R
|j| Atilla8
|j| LT71LX Newal
|
|t:|1597362782
|start
|switch|p1a: Jirachi|Jirachi|100/100
|switch|p2a: Indeedee|Indeedee, M|100/100
|-fieldstart|move: Psychic Terrain|[from] ability: Psychic Surge|[of] p2a: Indeedee
|turn|1
|j| Louna
|j| LT71LX Gama
|j|+Vileman
|j| prosecut0r
|
|t:|1597362787
|switch|p2a: Hippowdon|Hippowdon, M|100/100
|-weather|Sandstorm|[from] ability: Sand Stream|[of] p2a: Hippowdon
|move|p1a: Jirachi|Thunder|p2a: Hippowdon
|-immune|p2a: Hippowdon
|
|-weather|Sandstorm|[upkeep]
|upkeep
|turn|2
|j| outu why
|j| LT71LX EG Jhonx
|j| Sinead's Hairline
|j|+ebeast
|j| Briitt
|j| Pidgey Gordito
|j|+Analytic
|j|&Aeonic
|j|+Chaitanya
|
|t:|1597362794
|switch|p1a: Corviknight|Corviknight, F|100/100
|-ability|p1a: Corviknight|Pressure
|move|p2a: Hippowdon|Stealth Rock|p1a: Corviknight
|-sidestart|p1: LT71LX John W|move: Stealth Rock
|
|-weather|Sandstorm|[upkeep]
|upkeep
|turn|3
|j| studying in tab
|
|t:|1597362796
|switch|p2a: Ferrothorn|Ferrothorn, M|100/100
|move|p1a: Corviknight|Defog|p2a: Ferrothorn
|-unboost|p2a: Ferrothorn|evasion|1
|-sideend|p1: LT71LX John W|Stealth Rock|[from] move: Defog|[of] p1a: Corviknight
|-fieldend|move: Psychic Terrain
|
|-weather|Sandstorm|[upkeep]
|upkeep
|turn|4
|j| Sley044
|j| Luirromen
|j| Seydou01
|l| Luirromen
|j| GOATDON
|j| LT71LX Sks
|
|t:|1597362807
|move|p1a: Corviknight|Body Press|p2a: Ferrothorn
|-supereffective|p2a: Ferrothorn
|-damage|p2a: Ferrothorn|70/100
|-damage|p1a: Corviknight|88/100|[from] ability: Iron Barbs|[of] p2a: Ferrothorn
|-damage|p1a: Corviknight|71/100|[from] item: Rocky Helmet|[of] p2a: Ferrothorn
|move|p2a: Ferrothorn|Spikes|p1a: Corviknight
|-sidestart|p1: LT71LX John W|Spikes
|
|-weather|Sandstorm|[upkeep]
|upkeep
|turn|5
|j| cteaming
|j| Noios
|n| Akalli|akalli
|j| Lt71lx gray
|j| lt71lx croo
|
|t:|1597362814
|move|p1a: Corviknight|Roost|p1a: Corviknight
|-heal|p1a: Corviknight|100/100
|-singleturn|p1a: Corviknight|move: Roost
|move|p2a: Ferrothorn|Leech Seed|p1a: Corviknight
|-start|p1a: Corviknight|move: Leech Seed
|
|-weather|none
|-damage|p1a: Corviknight|88/100|[from] Leech Seed|[of] p2a: Ferrothorn
|-heal|p2a: Ferrothorn|85/100|[silent]
|upkeep
|turn|6
|l| LT71LX vso
|j| whyad
|l| ShadowPork
|
|t:|1597362819
|switch|p1a: Clefable|Clefable, F|100/100
|move|p2a: Ferrothorn|Knock Off|p1a: Clefable
|-resisted|p1a: Clefable
|-damage|p1a: Clefable|93/100
|-enditem|p1a: Clefable|Leftovers|[from] move: Knock Off|[of] p2a: Ferrothorn
|
|upkeep
|turn|7
|j| yuzmv
|j| pizza
|l| Treyvion
|j| QuilavaBest
|j| sugarhigh
|j| LT71LX SW
|j|+McMeghan
|j| RBV0
|j| Glizzy Goat Ves
|j| jtaquille
|j| Bloub
|
|t:|1597362843
|switch|p2a: Hippowdon|Hippowdon, M|100/100
|-weather|Sandstorm|[from] ability: Sand Stream|[of] p2a: Hippowdon
|move|p1a: Clefable|Knock Off|p2a: Hippowdon
|-damage|p2a: Hippowdon|90/100
|-enditem|p2a: Hippowdon|Heavy-Duty Boots|[from] move: Knock Off|[of] p1a: Clefable
|
|-weather|Sandstorm|[upkeep]
|upkeep
|turn|8
|j| telemarked
|l| QuilavaBest
|j| LiarFairy≧◡≦
|j| LT71LX bebo
|
|t:|1597362850
|switch|p1a: Corviknight|Corviknight, F|88/100
|-ability|p1a: Corviknight|Pressure
|move|p2a: Hippowdon|Stealth Rock|p1a: Corviknight
|-sidestart|p1: LT71LX John W|move: Stealth Rock
|
|-weather|Sandstorm|[upkeep]
|upkeep
|turn|9
|
|t:|1597362854
|switch|p2a: Ferrothorn|Ferrothorn, M|85/100
|move|p1a: Corviknight|Defog|p2a: Ferrothorn
|-unboost|p2a: Ferrothorn|evasion|1
|-sideend|p1: LT71LX John W|Spikes|[from] move: Defog|[of] p1a: Corviknight
|-sideend|p1: LT71LX John W|Stealth Rock|[from] move: Defog|[of] p1a: Corviknight
|
|-weather|Sandstorm|[upkeep]
|upkeep
|turn|10
|
|t:|1597362857
|switch|p1a: Clefable|Clefable, F|93/100
|move|p2a: Ferrothorn|Leech Seed|p1a: Clefable
|-start|p1a: Clefable|move: Leech Seed
|
|-weather|Sandstorm|[upkeep]
|upkeep
|turn|11
|j| Cena11
|l| LT71LX Luthier
|
|t:|1597362863
|switch|p2a: Hippowdon|Hippowdon, M|90/100
|move|p1a: Clefable|Stealth Rock|p2a: Hippowdon
|-sidestart|p2: LT71LX ABR|move: Stealth Rock
|
|-weather|none
|upkeep
|turn|12
|j| LT71LX ZIIM
|j| hprr67
|j| Bieber Justin
|
|t:|1597362870
|switch|p1a: Toxapex|Toxapex, M|100/100
|move|p2a: Hippowdon|Stealth Rock|p1a: Toxapex
|-sidestart|p1: LT71LX John W|move: Stealth Rock
|
|upkeep
|turn|13
|l| prosecut0r
|
|t:|1597362874
|switch|p2a: Clefable|Clefable, F|100/100
|move|p1a: Toxapex|Knock Off|p2a: Clefable
|-resisted|p2a: Clefable
|-damage|p2a: Clefable|93/100
|-enditem|p2a: Clefable|Leftovers|[from] move: Knock Off|[of] p1a: Toxapex
|
|upkeep
|turn|14
|j| Skyrio
|j| anyoldcardtable
|c| Chans3y|140 people bruh
|j| LT71LX JOKERDOG
|
|t:|1597362883
|switch|p1a: Jirachi|Jirachi|100/100
|-damage|p1a: Jirachi|94/100|[from] Stealth Rock
|move|p2a: Clefable|Teleport|p2a: Clefable
|j| Century Express
|j| try123tryasd
|l|+Chaitanya
|j| Freeroamer
|l| avarice
|j| LT71LX Luthier
|l| Stamatis
|j| Bernardl'airemite
|inactive|Battle timer is ON: inactive players will automatically lose when time's up. (requested by LT71LX John W)
|l| Mannat
|j| avarice
|j| LT71LX Zest
|
|t:|1597362899
|switch|p2a: Ferrothorn|Ferrothorn, M|85/100|[from]move: Teleport
|-damage|p2a: Ferrothorn|78/100|[from] Stealth Rock
|
|-heal|p1a: Jirachi|100/100|[from] item: Leftovers
|upkeep
|turn|15
|j| Free Swimming
|j| plays rancias
|j| htcl
|j| anon54
|j| Ceelio
|
|t:|1597362911
|switch|p1a: Corviknight|Corviknight, F|88/100
|-damage|p1a: Corviknight|75/100|[from] Stealth Rock
|-ability|p1a: Corviknight|Pressure
|move|p2a: Ferrothorn|Knock Off|p1a: Corviknight
|-damage|p1a: Corviknight|64/100
|-enditem|p1a: Corviknight|Shed Shell|[from] move: Knock Off|[of] p2a: Ferrothorn
|
|upkeep
|turn|16
|l| Bernardl'airemite
|j| QuilavaBest
|
|t:|1597362915
|move|p1a: Corviknight|Roost|p1a: Corviknight
|-heal|p1a: Corviknight|100/100
|-singleturn|p1a: Corviknight|move: Roost
|move|p2a: Ferrothorn|Leech Seed|p1a: Corviknight
|-start|p1a: Corviknight|move: Leech Seed
|
|-damage|p1a: Corviknight|88/100|[from] Leech Seed|[of] p2a: Ferrothorn
|-heal|p2a: Ferrothorn|93/100|[silent]
|upkeep
|turn|17
|j| Lightchanseyy
|j| chanel
|
|t:|1597362919
|switch|p1a: Clefable|Clefable, F|93/100
|move|p2a: Ferrothorn|Spikes|p1a: Clefable
|-sidestart|p1: LT71LX John W|Spikes
|
|upkeep
|turn|18
|l| Lightchanseyy
|j| Jeremy D Goat
|l| bufferedreader
|
|t:|1597362932
|switch|p2a: Toxapex|Toxapex, M|100/100
|move|p1a: Clefable|Moonblast|p2a: Toxapex
|-resisted|p2a: Toxapex
|-damage|p2a: Toxapex|90/100
|
|upkeep
|turn|19
|n| INSULT|lt71lxinsult
|j| ayevon
|
|t:|1597362939
|switch|p2a: Clefable|Clefable, F|93/100
|move|p1a: Clefable|Knock Off|p2a: Clefable
|-resisted|p2a: Clefable
|-damage|p2a: Clefable|87/100
|
|upkeep
|turn|20
|l| utah jasmine fo
|
|t:|1597362944
|switch|p1a: Corviknight|Corviknight, F|88/100
|-damage|p1a: Corviknight|75/100|[from] Stealth Rock
|-ability|p1a: Corviknight|Pressure
|move|p2a: Clefable|Teleport|p2a: Clefable
|
|t:|1597362947
|switch|p2a: Indeedee|Indeedee, M|100/100|[from]move: Teleport
|-damage|p2a: Indeedee|88/100|[from] Stealth Rock
|-fieldstart|move: Psychic Terrain|[from] ability: Psychic Surge|[of] p2a: Indeedee
|
|upkeep
|turn|21
|j| 3d
|l| LT71LX SW
|j|+Hootie
|
|t:|1597362958
|move|p2a: Indeedee|Psyshock|p1a: Corviknight
|-resisted|p1a: Corviknight
|-damage|p1a: Corviknight|56/100
|move|p1a: Corviknight|U-turn|p2a: Indeedee
|-supereffective|p2a: Indeedee
|-damage|p2a: Indeedee|30/100
|
|t:|1597362960
|switch|p1a: Jirachi|Jirachi|100/100|[from]move: U-turn
|-damage|p1a: Jirachi|94/100|[from] Stealth Rock
|-damage|p1a: Jirachi|82/100|[from] Spikes
|
|-heal|p1a: Jirachi|88/100|[from] item: Leftovers
|upkeep
|turn|22
|
|t:|1597362965
|switch|p2a: Hippowdon|Hippowdon, M|90/100
|-damage|p2a: Hippowdon|83/100|[from] Stealth Rock
|-weather|Sandstorm|[from] ability: Sand Stream|[of] p2a: Hippowdon
|move|p1a: Jirachi|Fire Punch|p2a: Hippowdon
|-damage|p2a: Hippowdon|69/100
|
|-weather|Sandstorm|[upkeep]
|-heal|p1a: Jirachi|94/100|[from] item: Leftovers
|upkeep
|turn|23
|l| Calem∞DPU
|n| xZesty㋛|lt71lxzest
|l| Javoon
|j| CDNThe3rd
|l| Instagram Models
|
|t:|1597362981
|move|p1a: Jirachi|Iron Head|p2a: Hippowdon
|-damage|p2a: Hippowdon|45/100
|cant|p2a: Hippowdon|flinch
|
|-weather|Sandstorm|[upkeep]
|-heal|p1a: Jirachi|100/100|[from] item: Leftovers
|upkeep
|turn|24
|
|t:|1597362984
|move|p1a: Jirachi|Iron Head|p2a: Hippowdon
|-damage|p2a: Hippowdon|24/100
|move|p2a: Hippowdon|Slack Off|p2a: Hippowdon
|-heal|p2a: Hippowdon|74/100
|
|-weather|Sandstorm|[upkeep]
|-fieldend|move: Psychic Terrain
|upkeep
|turn|25
|
|t:|1597362987
|move|p1a: Jirachi|Iron Head|p2a: Hippowdon
|-damage|p2a: Hippowdon|51/100
|move|p2a: Hippowdon|Slack Off|p2a: Hippowdon
|-heal|p2a: Hippowdon|100/100
|
|-weather|Sandstorm|[upkeep]
|upkeep
|turn|26
|
|t:|1597362992
|switch|p1a: Corviknight|Corviknight, F|56/100
|-damage|p1a: Corviknight|43/100|[from] Stealth Rock
|-ability|p1a: Corviknight|Pressure
|switch|p2a: Toxapex|Toxapex, M|100/100
|
|-weather|none
|upkeep
|turn|27
|c| stableprince569|this isnt adv bro
|
|t:|1597362995
|move|p1a: Corviknight|Roost|p1a: Corviknight
|-heal|p1a: Corviknight|93/100
|-singleturn|p1a: Corviknight|move: Roost
|move|p2a: Toxapex|Scald|p1a: Corviknight
|-damage|p1a: Corviknight|78/100
|
|upkeep
|turn|28
|j| olt fasting
|j| LT71LX Enrique
|l| LT71LX ZIIM
|j| bz2twz
|l| Mihowk
|
|t:|1597363014
|move|p1a: Corviknight|Defog|p2a: Toxapex
|-unboost|p2a: Toxapex|evasion|1
|-sideend|p2: LT71LX ABR|Stealth Rock|[from] move: Defog|[of] p1a: Corviknight
|-sideend|p1: LT71LX John W|Spikes|[from] move: Defog|[of] p1a: Corviknight
|-sideend|p1: LT71LX John W|Stealth Rock|[from] move: Defog|[of] p1a: Corviknight
|move|p2a: Toxapex|Scald|p1a: Corviknight
|-damage|p1a: Corviknight|61/100
|
|upkeep
|turn|29
|j| roundpenguin
|
|t:|1597363020
|switch|p1a: Clefable|Clefable, F|93/100
|switch|p2a: Clefable|Clefable, F|87/100
|
|upkeep
|turn|30
|j| baddummy
|l| RBV0
|
|t:|1597363024
|move|p1a: Clefable|Stealth Rock|p2a: Clefable
|-sidestart|p2: LT71LX ABR|move: Stealth Rock
|move|p2a: Clefable|Wish|p2a: Clefable
|
|upkeep
|turn|31
|
|t:|1597363028
|switch|p1a: Jirachi|Jirachi|100/100
|move|p2a: Clefable|Teleport|p2a: Clefable
|l| Bloub
|j| utah jasmine fo
|j| sirfetchd
|
|t:|1597363040
|switch|p2a: Hippowdon|Hippowdon, M|100/100|[from]move: Teleport
|-damage|p2a: Hippowdon|94/100|[from] Stealth Rock
|-weather|Sandstorm|[from] ability: Sand Stream|[of] p2a: Hippowdon
|
|-weather|Sandstorm|[upkeep]
|-heal|p2a: Hippowdon|100/100|[from] move: Wish|[wisher] Clefable
|upkeep
|turn|32
|c| sirfetchd|ahem
|l|try123tryasd
|c| sirfetchd|hey guys its me, sirfetchd.
|l| lt71lx vaboh
|
|t:|1597363046
|move|p1a: Jirachi|Iron Head|p2a: Hippowdon
|-damage|p2a: Hippowdon|77/100
|move|p2a: Hippowdon|Earthquake|p1a: Jirachi
|-supereffective|p1a: Jirachi
|-damage|p1a: Jirachi|29/100
|
|-weather|Sandstorm|[upkeep]
|-heal|p1a: Jirachi|35/100|[from] item: Leftovers
|upkeep
|turn|33
|
|t:|1597363050
|move|p1a: Jirachi|Iron Head|p2a: Hippowdon
|-damage|p2a: Hippowdon|56/100
|cant|p2a: Hippowdon|flinch
|
|-weather|Sandstorm|[upkeep]
|-heal|p1a: Jirachi|41/100|[from] item: Leftovers
|upkeep
|turn|34
|j| BackToFortniteFool
|l| Cena11
|l| lt71lx ACII
|
|t:|1597363054
|move|p1a: Jirachi|Iron Head|p2a: Hippowdon
|-damage|p2a: Hippowdon|35/100
|move|p2a: Hippowdon|Earthquake|p1a: Jirachi
|-supereffective|p1a: Jirachi
|-damage|p1a: Jirachi|0 fnt
|faint|p1a: Jirachi
|
|-weather|Sandstorm|[upkeep]
|upkeep
|j| Jo' Zzzz
|j| LT71LX Doom
|j| Atle001
|c|☆LT71LX John W|gg
|c|☆LT71LX ABR|gg
|-message|LT71LX John W forfeited.
|
|win|LT71LX ABR
|l|☆LT71LX John W
|l| horadobos
|l| PepeDuce
|l| sirfetchd
|raw|LT71LX John W's rating: 2117 &rarr; <strong>2097</strong><br />(-20 for losing)
|raw|LT71LX ABR's rating: 2110 &rarr; <strong>2130</strong><br />(+20 for winning)
|l| utah jasmine fo
|l| LT71LX Sam
|l| Atle001
|l| LiarFairy≧◡≦
|l| Sinead's Hairline
|l| pizza
|l| LT71LX VTFroakies
|l| Boulicrok
|l| lt71lx xImRaptor
|l| plays rancias
|l| Devil Patchy
|l| lt71lx kingpin
|l| Justamente
|l| Mysterious M
|l| OUTU Hide And Seek
|l|☆LT71LX ABR
|l| LT71LXMegavictinii
|l|+Vileman
|l|&Aeonic
|l| Free Swimming
|l| mad goonery
|l| Skyrio
|l| cteaming
|l| mi verdad
|l|+ShinyAzelf
|l|+Ticken
|l| King l5
|l| Spl4sh
|l| 3d
|l| bz2twz
|l| Briitt
|l| Caloominum
|l| TM
|l| ArcticBreezeX
|l|+Vrin
|l| QuilavaBest
|l| 6... Qxf2#
|l| Louna
|l| htcl
|l|+mj
|l| Disorient
|l| Livio ElTito
|l| relous
|l| Jo' Zzzz
|l| LT71LX WD
|l|+TDK
|l| Freeroamer
|l| Iarimm
|l| Pidgey Gordito
|j| Jo' Zzzz
|l| Akalli
|j| watashi
|l| Lt71lx gray
|l| roundpenguin
|l| unforgiven lies
|l| lt71lx cuzzie
|l| lt71lx tace
|l| anon54
|l| Destro16
|l| telemarked
|j| Mighty Dagon (<.<)
|l|+Hootie
|l| outu why
|l| yuzmv
|l| Chans3y
|l| Mighty Dagon (<.<)
|l| LT71LX Ant
|l| zoemassenti
|l| Padox
|l| Highways
|l| hipster garbage
|l| SpecificOcean69
|l| INSULT
|l| HYDREIGON SPECS
|l| large owl
|l| TheOnlyGhads
|l| ez
|l| olt fasting
|l| high or dead
|j| Cena11
|l| syrup77
|l| Noios
|l| wyn
|l| Cena11
|l| 64 squares
|l| Twixtry
