|j|☆Down$hift
|j|☆crescendoww
|t:|1668085717
|gametype|singles
|player|p1|Down$hift|jessiejames-gen1|1821
|player|p2|crescendoww|falkner|1695
|teamsize|p1|6
|teamsize|p2|6
|gen|8
|tier|[Gen 8] OU
|rated|
|rule|Sleep Clause Mod: Limit one foe put to sleep
|rule|Species Clause: Limit one of each Pokémon
|rule|OHKO Clause: OHKO moves are banned
|rule|Evasion Items Clause: Evasion items are banned
|rule|Evasion Moves Clause: Evasion moves are banned
|rule|Endless Battle Clause: Forcing endless battles is banned
|rule|HP Percentage Mod: HP is shown in percentages
|rule|Dynamax Clause: You cannot dynamax
|clearpoke
|poke|p1|Pincurchin, F|
|poke|p1|Slowbro, F|
|poke|p1|Excadrill, M|
|poke|p1|Tyranitar, F|
|poke|p1|Amoonguss, M|
|poke|p1|Clefable, F|
|poke|p2|Tornadus-Therian, M|
|poke|p2|Tapu Fini|
|poke|p2|Ferrothorn, F|
|poke|p2|Tyranitar, M|
|poke|p2|Excadrill, M|
|poke|p2|Toxapex, M|
|teampreview
|c|☆Down$hift|Hf
|j| ackjh38
|
|t:|1668085786
|start
|switch|p1a: 3 AM|Slowbro, F|100/100
|switch|p2a: Tornadus|Tornadus-Therian, M|100/100
|turn|1
|c|☆crescendoww|hf
|inactive|Battle timer is ON: inactive players will automatically lose when time's up. (requested by crescendoww)
|inactive|Down$hift has 120 seconds left.
|
|t:|1668085839
|move|p2a: Tornadus|Nasty Plot|p2a: Tornadus
|-boost|p2a: Tornadus|spa|2
|move|p1a: 3 AM|Trick Room|p1a: 3 AM
|-fieldstart|move: Trick Room|[of] p1a: 3 AM
|
|upkeep
|turn|2
|
|t:|1668085848
|move|p2a: Tornadus|Focus Blast|p1a: 3 AM
|-resisted|p1a: 3 AM
|-damage|p1a: 3 AM|72/100
|move|p1a: 3 AM|Teleport|p1a: 3 AM
|
|t:|1668085855
|switch|p1a: (NOT CLICKBAIT)|Pincurchin, F, shiny|100/100|[from]move: Teleport
|-fieldstart|move: Electric Terrain|[from] ability: Electric Surge|[of] p1a: (NOT CLICKBAIT)
|
|upkeep
|turn|3
|
|t:|1668085862
|switch|p2a: Ferrothorn|Ferrothorn, F|100/100
|move|p1a: (NOT CLICKBAIT)|Rising Voltage|p2a: Ferrothorn
|-hint|Rising Voltage's BP doubled on grounded target.
|-resisted|p2a: Ferrothorn
|-damage|p2a: Ferrothorn|61/100
|-damage|p1a: (NOT CLICKBAIT)|91/100|[from] item: Life Orb
|
|-heal|p2a: Ferrothorn|67/100|[from] item: Leftovers
|upkeep
|turn|4
|
|t:|1668085876
|switch|p1a: (GONE WRONG)|Clefable, F|100/100
|move|p2a: Ferrothorn|Stealth Rock|p1a: (GONE WRONG)
|-sidestart|p1: Down$hift|move: Stealth Rock
|
|-heal|p2a: Ferrothorn|73/100|[from] item: Leftovers
|upkeep
|turn|5
|
|t:|1668085882
|switch|p2a: Toxapex|Toxapex, M, shiny|100/100
|move|p1a: (GONE WRONG)|Trick|p2a: Toxapex
|-activate|p1a: (GONE WRONG)|move: Trick|[of] p2a: Toxapex
|-item|p2a: Toxapex|Sticky Barb|[from] move: Trick
|-item|p1a: (GONE WRONG)|Choice Band|[from] move: Trick
|
|-fieldend|move: Trick Room
|-damage|p2a: Toxapex|88/100|[from] item: Sticky Barb
|upkeep
|turn|6
|
|t:|1668085893
|move|p1a: (GONE WRONG)|Stealth Rock|p2a: Toxapex
|-sidestart|p2: crescendoww|move: Stealth Rock
|move|p2a: Toxapex|Knock Off|p1a: (GONE WRONG)
|-resisted|p1a: (GONE WRONG)
|-damage|p1a: (GONE WRONG)|91/100
|-enditem|p1a: (GONE WRONG)|Choice Band|[from] move: Knock Off|[of] p2a: Toxapex
|
|-fieldend|move: Electric Terrain
|-damage|p2a: Toxapex|76/100|[from] item: Sticky Barb
|upkeep
|turn|7
|
|t:|1668085901
|switch|p1a: AMONG US|Amoonguss, M, shiny|100/100
|-damage|p1a: AMONG US|88/100|[from] Stealth Rock
|move|p2a: Toxapex|Gunk Shot|p1a: AMONG US|[miss]
|-miss|p2a: Toxapex|p1a: AMONG US
|
|-damage|p2a: Toxapex|64/100|[from] item: Sticky Barb
|upkeep
|turn|8
|
|t:|1668085905
|move|p2a: Toxapex|Knock Off|p1a: AMONG US
|-damage|p1a: AMONG US|71/100
|-damage|p2a: Toxapex|47/100|[from] item: Rocky Helmet|[of] p1a: AMONG US
|-enditem|p1a: AMONG US|Rocky Helmet|[from] move: Knock Off|[of] p2a: Toxapex
|move|p1a: AMONG US|Spore|p2a: Toxapex
|-status|p2a: Toxapex|slp|[from] move: Spore
|
|-damage|p2a: Toxapex|35/100 slp|[from] item: Sticky Barb
|upkeep
|turn|9
|
|t:|1668085909
|switch|p2a: Tornadus|Tornadus-Therian, M|100/100
|switch|p1a: 3 AM|Slowbro, F|100/100
|
|upkeep
|turn|10
|
|t:|1668085915
|move|p2a: Tornadus|Nasty Plot|p2a: Tornadus
|-boost|p2a: Tornadus|spa|2
|move|p1a: 3 AM|Trick Room|p1a: 3 AM
|-fieldstart|move: Trick Room|[of] p1a: 3 AM
|
|upkeep
|turn|11
|
|t:|1668085917
|move|p2a: Tornadus|Hurricane|p1a: 3 AM|[miss]
|-miss|p2a: Tornadus|p1a: 3 AM
|move|p1a: 3 AM|Teleport|p1a: 3 AM
|
|t:|1668085920
|switch|p1a: (NOT CLICKBAIT)|Pincurchin, F, shiny|91/100|[from]move: Teleport
|-damage|p1a: (NOT CLICKBAIT)|78/100|[from] Stealth Rock
|-fieldstart|move: Electric Terrain|[from] ability: Electric Surge|[of] p1a: (NOT CLICKBAIT)
|
|upkeep
|turn|12
|
|t:|1668085924
|switch|p2a: Excadrill|Excadrill, M|100/100
|-damage|p2a: Excadrill|97/100|[from] Stealth Rock
|move|p1a: (NOT CLICKBAIT)|Rising Voltage|p2a: Excadrill
|-immune|p2a: Excadrill
|
|-heal|p2a: Excadrill|100/100|[from] item: Leftovers
|upkeep
|turn|13
|
|t:|1668085930
|move|p1a: (NOT CLICKBAIT)|Hydro Pump|p2a: Excadrill|[miss]
|-miss|p1a: (NOT CLICKBAIT)|p2a: Excadrill
|move|p2a: Excadrill|Rapid Spin|p1a: (NOT CLICKBAIT)
|-damage|p1a: (NOT CLICKBAIT)|53/100
|-boost|p2a: Excadrill|spe|1
|-sideend|p2: crescendoww|Stealth Rock|[from] move: Rapid Spin|[of] p2a: Excadrill
|
|upkeep
|turn|14
|
|t:|1668085935
|switch|p2a: Ferrothorn|Ferrothorn, F|73/100
|move|p1a: (NOT CLICKBAIT)|Rising Voltage|p2a: Ferrothorn
|-hint|Rising Voltage's BP doubled on grounded target.
|-resisted|p2a: Ferrothorn
|-damage|p2a: Ferrothorn|30/100
|-damage|p1a: (NOT CLICKBAIT)|44/100|[from] item: Life Orb
|
|-heal|p2a: Ferrothorn|36/100|[from] item: Leftovers
|-fieldend|move: Trick Room
|upkeep
|turn|15
|
|t:|1668085944
|switch|p2a: Tyranitar|Tyranitar, M|100/100
|-weather|Sandstorm|[from] ability: Sand Stream|[of] p2a: Tyranitar
|switch|p1a: (GONE WRONG)|Clefable, F|91/100
|
|-weather|Sandstorm|[upkeep]
|-fieldend|move: Electric Terrain
|upkeep
|turn|16
|
|t:|1668085951
|move|p2a: Tyranitar|Stone Edge|p1a: (GONE WRONG)
|-damage|p1a: (GONE WRONG)|27/100
|move|p1a: (GONE WRONG)|Stealth Rock|p2a: Tyranitar
|-sidestart|p2: crescendoww|move: Stealth Rock
|
|-weather|Sandstorm|[upkeep]
|upkeep
|turn|17
|
|t:|1668085959
|move|p2a: Tyranitar|Stone Edge|p1a: (GONE WRONG)
|-damage|p1a: (GONE WRONG)|0 fnt
|faint|p1a: (GONE WRONG)
|
|-weather|Sandstorm|[upkeep]
|upkeep
|
|t:|1668085960
|switch|p1a: (IMPOSSIBLE)|Excadrill, M|100/100
|-damage|p1a: (IMPOSSIBLE)|97/100|[from] Stealth Rock
|-item|p1a: (IMPOSSIBLE)|Air Balloon
|turn|18
|
|t:|1668085970
|switch|p2a: Tapu Fini|Tapu Fini|100/100
|-damage|p2a: Tapu Fini|88/100|[from] Stealth Rock
|-fieldstart|move: Misty Terrain|[from] ability: Misty Surge|[of] p2a: Tapu Fini
|move|p1a: (IMPOSSIBLE)|Swords Dance|p1a: (IMPOSSIBLE)
|-boost|p1a: (IMPOSSIBLE)|atk|2
|
|-weather|Sandstorm|[upkeep]
|-damage|p2a: Tapu Fini|82/100|[from] Sandstorm
|-heal|p2a: Tapu Fini|88/100|[from] item: Leftovers
|upkeep
|turn|19
|
|t:|1668085984
|move|p1a: (IMPOSSIBLE)|Rapid Spin|p2a: Tapu Fini
|-damage|p2a: Tapu Fini|65/100
|-boost|p1a: (IMPOSSIBLE)|spe|1
|-sideend|p1: Down$hift|Stealth Rock|[from] move: Rapid Spin|[of] p1a: (IMPOSSIBLE)
|move|p2a: Tapu Fini|Scald|p1a: (IMPOSSIBLE)
|-supereffective|p1a: (IMPOSSIBLE)
|-damage|p1a: (IMPOSSIBLE)|24/100
|-status|p1a: (IMPOSSIBLE)|brn
|-enditem|p1a: (IMPOSSIBLE)|Air Balloon
|
|-weather|none
|-heal|p2a: Tapu Fini|71/100|[from] item: Leftovers
|-damage|p1a: (IMPOSSIBLE)|18/100 brn|[from] brn
|upkeep
|turn|20
|-message|Down$hift forfeited.
|
|win|crescendoww
|raw|Down$hift's rating: 1821 &rarr; <strong>1794</strong><br />(-27 for losing)
|raw|crescendoww's rating: 1695 &rarr; <strong>1722</strong><br />(+27 for winning)
|l|☆Down$hift
|l| ackjh38
||Ladder isn't responding, score probably updated but might not have (Request timeout).
