|j|☆LolzMachine
|j|☆memesketch
|t:|1610291796
|player|p1|LolzMachine|294|1834
|player|p2|memesketch|wally|1621
|teamsize|p1|6
|teamsize|p2|6
|gametype|singles
|gen|8
|tier|[Gen 8] OU
|rated|
|clearpoke
|poke|p1|Aggron, F|
|poke|p1|Araquanid, F|
|poke|p1|Garchomp, F|
|poke|p1|Zapdos-Galar|
|poke|p1|Obstagoon, F|
|poke|p1|Regieleki|
|poke|p2|Aegislash, M|
|poke|p2|Hydreigon, F|
|poke|p2|Zeraora|
|poke|p2|Tornadus-Therian, M|
|poke|p2|Toxapex, F|
|poke|p2|Diancie|
|rule|Sleep Clause Mod: Limit one foe put to sleep
|rule|Species Clause: Limit one of each Pokémon
|rule|OHKO Clause: OHKO moves are banned
|rule|Evasion Moves Clause: Evasion moves are banned
|rule|Endless Battle Clause: Forcing endless battles is banned
|rule|HP Percentage Mod: HP is shown in percentages
|rule|Dynamax Clause: You cannot dynamax
|teampreview
|
|t:|1610291806
|start
|switch|p1a: Araquanid|Araquanid, F|100/100
|switch|p2a: Tornadus|Tornadus-Therian, M|100/100
|turn|1
|
|t:|1610291808
|move|p2a: Tornadus|Hurricane|p1a: Araquanid
|-supereffective|p1a: Araquanid
|-damage|p1a: Araquanid|18/100
|-start|p1a: Araquanid|confusion
|-activate|p1a: Araquanid|confusion
|move|p1a: Araquanid|Liquidation|p2a: Tornadus
|-damage|p2a: Tornadus|23/100
|-unboost|p2a: Tornadus|def|1
|
|upkeep
|turn|2
|j| 0zorcNecropHADES
|j| Let me hear fear
|
|t:|1610291812
|switch|p1a: Garchomp|Garchomp, F|100/100
|move|p2a: Tornadus|U-turn|p1a: Garchomp
|-damage|p1a: Garchomp|88/100
|-damage|p2a: Tornadus|10/100|[from] ability: Rough Skin|[of] p1a: Garchomp
|-damage|p2a: Tornadus|0 fnt|[from] item: Rocky Helmet|[of] p1a: Garchomp
|faint|p2a: Tornadus
|
|upkeep
|
|t:|1610291819
|switch|p2a: Diancie|Diancie|100/100
|turn|3
|
|t:|1610291823
|switch|p1a: Aggron|Aggron, F|100/100
|move|p2a: Diancie|Diamond Storm|p1a: Aggron
|-resisted|p1a: Aggron
|-damage|p1a: Aggron|88/100
|-boost|p2a: Diancie|def|2
|
|upkeep
|turn|4
|
|t:|1610291828
|switch|p2a: Toxapex|Toxapex, F|100/100
|move|p1a: Aggron|Heavy Slam|p2a: Toxapex
|-resisted|p2a: Toxapex
|-damage|p2a: Toxapex|70/100
|-damage|p1a: Aggron|71/100|[from] item: Rocky Helmet|[of] p2a: Toxapex
|
|upkeep
|turn|5
|
|t:|1610291833
|switch|p1a: Araquanid|Araquanid, F|18/100
|move|p2a: Toxapex|Knock Off|p1a: Araquanid
|-damage|p1a: Araquanid|0 fnt
|-enditem|p1a: Araquanid|Focus Sash|[from] move: Knock Off|[of] p2a: Toxapex
|faint|p1a: Araquanid
|
|upkeep
|
|t:|1610291838
|switch|p1a: Garchomp|Garchomp, F|88/100
|turn|6
|j| Merydios
|
|t:|1610291842
|move|p1a: Garchomp|Stealth Rock|p2a: Toxapex
|-sidestart|p2: memesketch|move: Stealth Rock
|move|p2a: Toxapex|Scald|p1a: Garchomp
|-damage|p1a: Garchomp|74/100
|-status|p1a: Garchomp|brn
|
|-damage|p1a: Garchomp|67/100 brn|[from] brn
|upkeep
|turn|7
|
|t:|1610291844
|move|p1a: Garchomp|Earthquake|p2a: Toxapex
|-supereffective|p2a: Toxapex
|-damage|p2a: Toxapex|38/100
|move|p2a: Toxapex|Knock Off|p1a: Garchomp
|-damage|p1a: Garchomp|56/100 brn
|-damage|p2a: Toxapex|25/100|[from] ability: Rough Skin|[of] p1a: Garchomp
|-damage|p2a: Toxapex|9/100|[from] item: Rocky Helmet|[of] p1a: Garchomp
|-enditem|p1a: Garchomp|Rocky Helmet|[from] move: Knock Off|[of] p2a: Toxapex
|
|-damage|p1a: Garchomp|50/100 brn|[from] brn
|upkeep
|turn|8
|
|t:|1610291848
|switch|p2a: Hydreigon|Hydreigon, F|100/100
|-damage|p2a: Hydreigon|88/100|[from] Stealth Rock
|move|p1a: Garchomp|Dragon Tail|p2a: Hydreigon
|-supereffective|p2a: Hydreigon
|-damage|p2a: Hydreigon|59/100
|drag|p2a: Zeraora|Zeraora|100/100
|-damage|p2a: Zeraora|88/100|[from] Stealth Rock
|
|-damage|p1a: Garchomp|44/100 brn|[from] brn
|upkeep
|turn|9
|
|t:|1610291853
|switch|p2a: Hydreigon|Hydreigon, F|59/100
|-damage|p2a: Hydreigon|47/100|[from] Stealth Rock
|move|p1a: Garchomp|Earthquake|p2a: Hydreigon
|-immune|p2a: Hydreigon|[from] ability: Levitate
|
|-heal|p2a: Hydreigon|53/100|[from] item: Leftovers
|-damage|p1a: Garchomp|38/100 brn|[from] brn
|upkeep
|turn|10
|
|t:|1610291855
|move|p2a: Hydreigon|Roost|p2a: Hydreigon
|-heal|p2a: Hydreigon|100/100
|-singleturn|p2a: Hydreigon|move: Roost
|move|p1a: Garchomp|Dragon Tail|p2a: Hydreigon
|-supereffective|p2a: Hydreigon
|-damage|p2a: Hydreigon|72/100
|drag|p2a: Toxapex|Toxapex, F|42/100
|-damage|p2a: Toxapex|30/100|[from] Stealth Rock
|
|-damage|p1a: Garchomp|32/100 brn|[from] brn
|upkeep
|turn|11
|
|t:|1610291859
|switch|p2a: Hydreigon|Hydreigon, F|72/100
|-damage|p2a: Hydreigon|60/100|[from] Stealth Rock
|move|p1a: Garchomp|Earthquake|p2a: Hydreigon
|-immune|p2a: Hydreigon|[from] ability: Levitate
|
|-heal|p2a: Hydreigon|66/100|[from] item: Leftovers
|-damage|p1a: Garchomp|25/100 brn|[from] brn
|upkeep
|turn|12
|
|t:|1610291861
|move|p2a: Hydreigon|Roost|p2a: Hydreigon
|-heal|p2a: Hydreigon|100/100
|-singleturn|p2a: Hydreigon|move: Roost
|move|p1a: Garchomp|Dragon Tail|p2a: Hydreigon
|-supereffective|p2a: Hydreigon
|-damage|p2a: Hydreigon|70/100
|drag|p2a: Toxapex|Toxapex, F|63/100
|-damage|p2a: Toxapex|50/100|[from] Stealth Rock
|
|-damage|p1a: Garchomp|19/100 brn|[from] brn
|upkeep
|turn|13
|
|t:|1610291865
|switch|p2a: Hydreigon|Hydreigon, F|70/100
|-damage|p2a: Hydreigon|57/100|[from] Stealth Rock
|move|p1a: Garchomp|Earthquake|p2a: Hydreigon
|-immune|p2a: Hydreigon|[from] ability: Levitate
|
|-heal|p2a: Hydreigon|64/100|[from] item: Leftovers
|-damage|p1a: Garchomp|13/100 brn|[from] brn
|upkeep
|turn|14
|
|t:|1610291868
|move|p2a: Hydreigon|Dark Pulse|p1a: Garchomp
|-damage|p1a: Garchomp|0 fnt
|faint|p1a: Garchomp
|
|-heal|p2a: Hydreigon|70/100|[from] item: Leftovers
|upkeep
|
|t:|1610291871
|switch|p1a: Zapdos|Zapdos-Galar|100/100
|turn|15
|
|t:|1610291876
|switch|p2a: Aegislash|Aegislash, M|100/100
|-damage|p2a: Aegislash|94/100|[from] Stealth Rock
|move|p1a: Zapdos|Bulk Up|p1a: Zapdos
|-boost|p1a: Zapdos|atk|1
|-boost|p1a: Zapdos|def|1
|
|upkeep
|turn|16
|
|t:|1610291878
|move|p1a: Zapdos|Taunt|p2a: Aegislash
|-start|p2a: Aegislash|move: Taunt
|-formechange|p2a: Aegislash|Aegislash-Blade||[from] ability: Stance Change
|move|p2a: Aegislash|Shadow Ball|p1a: Zapdos
|-damage|p1a: Zapdos|24/100
|-damage|p2a: Aegislash|84/100|[from] item: Life Orb
|
|-heal|p1a: Zapdos|30/100|[from] item: Leftovers
|upkeep
|turn|17
|
|t:|1610291881
|switch|p2a: Diancie|Diancie|100/100
|-damage|p2a: Diancie|88/100|[from] Stealth Rock
|move|p1a: Zapdos|Brave Bird|p2a: Diancie
|-resisted|p2a: Diancie
|-damage|p2a: Diancie|60/100
|-damage|p1a: Zapdos|21/100|[from] Recoil
|
|-heal|p1a: Zapdos|28/100|[from] item: Leftovers
|-heal|p2a: Diancie|67/100|[from] item: Leftovers
|upkeep
|turn|18
|
|t:|1610291883
|move|p1a: Zapdos|Thunderous Kick|p2a: Diancie
|-damage|p2a: Diancie|23/100
|move|p2a: Diancie|Draining Kiss|p1a: Zapdos
|-supereffective|p1a: Zapdos
|-damage|p1a: Zapdos|0 fnt
|-heal|p2a: Diancie|45/100|[from] drain|[of] p1a: Zapdos
|faint|p1a: Zapdos
|
|-heal|p2a: Diancie|51/100|[from] item: Leftovers
|upkeep
|
|t:|1610291886
|switch|p1a: Aggron|Aggron, F|71/100
|turn|19
|
|t:|1610291900
|switch|p2a: Hydreigon|Hydreigon, F|70/100
|-damage|p2a: Hydreigon|57/100|[from] Stealth Rock
|move|p1a: Aggron|Head Smash|p2a: Hydreigon
|-damage|p2a: Hydreigon|0 fnt
|faint|p2a: Hydreigon
|
|upkeep
|
|t:|1610291907
|switch|p2a: Aegislash|Aegislash, M|84/100
|-damage|p2a: Aegislash|78/100|[from] Stealth Rock
|turn|20
|
|t:|1610291909
|switch|p1a: Obstagoon|Obstagoon, F|100/100
|-formechange|p2a: Aegislash|Aegislash-Blade||[from] ability: Stance Change
|move|p2a: Aegislash|Close Combat|p1a: Obstagoon
|-supereffective|p1a: Obstagoon
|-damage|p1a: Obstagoon|0 fnt
|-unboost|p2a: Aegislash|def|1
|-unboost|p2a: Aegislash|spd|1
|-damage|p2a: Aegislash|68/100|[from] item: Life Orb
|faint|p1a: Obstagoon
|
|upkeep
|
|t:|1610291914
|switch|p1a: Regieleki|Regieleki|100/100
|turn|21
|
|t:|1610291919
|switch|p2a: Zeraora|Zeraora|88/100
|-damage|p2a: Zeraora|76/100|[from] Stealth Rock
|move|p1a: Regieleki|Explosion|p2a: Zeraora
|-damage|p2a: Zeraora|2/100
|faint|p1a: Regieleki
|
|upkeep
|
|t:|1610291921
|switch|p1a: Aggron|Aggron, F|71/100
|turn|22
|
|t:|1610291923
|move|p2a: Zeraora|Close Combat|p1a: Aggron
|-supereffective|p1a: Aggron
|-damage|p1a: Aggron|0 fnt
|-unboost|p2a: Zeraora|def|1
|-unboost|p2a: Zeraora|spd|1
|faint|p1a: Aggron
|
|win|memesketch
|l|☆LolzMachine
|l|☆memesketch
|raw|LolzMachine's rating: 1834 &rarr; <strong>1804</strong><br />(-30 for losing)
|raw|memesketch's rating: 1635 &rarr; <strong>1666</strong><br />(+31 for winning)
