|j|☆Forwards
|j|☆ninjadouche
|t:|1663080092
|gametype|singles
|player|p1|Forwards|rollerskater|1505
|player|p2|ninjadouche|burglar|1469
|teamsize|p1|6
|teamsize|p2|6
|gen|8
|tier|[Gen 8] OU
|rated|
|rule|Sleep Clause Mod: Limit one foe put to sleep
|rule|Species Clause: Limit one of each Pokémon
|rule|OHKO Clause: OHKO moves are banned
|rule|Evasion Items Clause: Evasion items are banned
|rule|Evasion Moves Clause: Evasion moves are banned
|rule|Endless Battle Clause: Forcing endless battles is banned
|rule|HP Percentage Mod: HP is shown in percentages
|rule|Dynamax Clause: You cannot dynamax
|clearpoke
|poke|p1|Diggersby, F|
|poke|p1|Magnezone|
|poke|p1|Kartana|
|poke|p1|Landorus-Therian, M|
|poke|p1|Slowbro, F|
|poke|p1|Ferrothorn, M|
|poke|p2|Marowak-Alola, F|
|poke|p2|Ninetales, F|
|poke|p2|Rotom-Wash|
|poke|p2|Snorlax, F|
|poke|p2|Shiftry, M|
|poke|p2|Aggron, F|
|teampreview
|
|t:|1663080103
|start
|switch|p1a: Landorus|Landorus-Therian, M|100/100
|switch|p2a: Ninetales|Ninetales, F, shiny|100/100
|-weather|SunnyDay|[from] ability: Drought|[of] p2a: Ninetales
|-ability|p1a: Landorus|Intimidate|boost
|-unboost|p2a: Ninetales|atk|1
|turn|1
|
|t:|1663080114
|move|p2a: Ninetales|Overheat|p1a: Landorus
|-crit|p1a: Landorus
|-damage|p1a: Landorus|0 fnt
|-unboost|p2a: Ninetales|spa|2
|faint|p1a: Landorus
|
|-weather|SunnyDay|[upkeep]
|upkeep
|inactive|Battle timer is ON: inactive players will automatically lose when time's up. (requested by ninjadouche)
|
|t:|1663080125
|switch|p1a: Slowbro|Slowbro, F|100/100
|turn|2
|c|☆ninjadouche|lucky crit
|c|☆ninjadouche|mb
|c|☆Forwards|hehe
|
|t:|1663080135
|switch|p2a: Marowak|Marowak-Alola, F|100/100
|move|p1a: Slowbro|Teleport|p1a: Slowbro
|
|t:|1663080137
|switch|p1a: Diggersby|Diggersby, F, shiny|100/100|[from]move: Teleport
|
|-weather|SunnyDay|[upkeep]
|upkeep
|turn|3
|
|t:|1663080142
|switch|p2a: Rotom|Rotom-Wash|100/100
|move|p1a: Diggersby|Agility|p1a: Diggersby
|-boost|p1a: Diggersby|spe|2
|
|-weather|SunnyDay|[upkeep]
|upkeep
|turn|4
|
|t:|1663080145
|move|p1a: Diggersby|Last Resort|p2a: Rotom
|-damage|p2a: Rotom|33/100
|move|p2a: Rotom|Will-O-Wisp|p1a: Diggersby
|-status|p1a: Diggersby|brn
|
|-weather|SunnyDay|[upkeep]
|-heal|p2a: Rotom|39/100|[from] item: Leftovers
|-damage|p1a: Diggersby|94/100 brn|[from] brn
|upkeep
|turn|5
|
|t:|1663080158
|switch|p2a: Marowak|Marowak-Alola, F|100/100
|move|p1a: Diggersby|Last Resort|p2a: Marowak
|-immune|p2a: Marowak
|
|-weather|none
|-damage|p1a: Diggersby|88/100 brn|[from] brn
|upkeep
|turn|6
|
|t:|1663080162
|move|p1a: Diggersby|Agility|p1a: Diggersby
|-boost|p1a: Diggersby|spe|2
|move|p2a: Marowak|Substitute|p2a: Marowak
|-start|p2a: Marowak|Substitute
|-damage|p2a: Marowak|76/100
|
|-damage|p1a: Diggersby|82/100 brn|[from] brn
|upkeep
|turn|7
|
|t:|1663080166
|-singleturn|p2a: Marowak|move: Focus Punch
|move|p1a: Diggersby|Agility|p1a: Diggersby
|-boost|p1a: Diggersby|spe|2
|move|p2a: Marowak|Focus Punch|p1a: Diggersby
|-supereffective|p1a: Diggersby
|-damage|p1a: Diggersby|0 fnt
|faint|p1a: Diggersby
|
|upkeep
|
|t:|1663080170
|switch|p1a: Magnezone|Magnezone|100/100
|turn|8
|
|t:|1663080182
|-singleturn|p2a: Marowak|move: Focus Punch
|move|p1a: Magnezone|Thunderbolt|p2a: Marowak
|-ability|p2a: Marowak|Lightning Rod|boost
|-boost|p2a: Marowak|spa|1
|move|p2a: Marowak|Focus Punch|p1a: Magnezone
|-supereffective|p1a: Magnezone
|-damage|p1a: Magnezone|0 fnt
|faint|p1a: Magnezone
|
|upkeep
|
|t:|1663080187
|switch|p1a: Slowbro|Slowbro, F|100/100
|turn|9
|
|t:|1663080194
|move|p2a: Marowak|Poltergeist|p1a: Slowbro
|-activate|p1a: Slowbro|move: Poltergeist|Colbur Berry
|-supereffective|p1a: Slowbro
|-damage|p1a: Slowbro|0 fnt
|faint|p1a: Slowbro
|
|upkeep
|-message|Forwards forfeited.
|
|win|ninjadouche
|raw|Forwards's rating: 1505 &rarr; <strong>1483</strong><br />(-22 for losing)
|raw|ninjadouche's rating: 1469 &rarr; <strong>1491</strong><br />(+22 for winning)
|l|☆Forwards
||Ladder isn't responding, score probably updated but might not have (Request timeout).
