|j|☆TMcNic7
|j|☆tanishq1
|t:|1647797401
|gametype|singles
|player|p1|TMcNic7|170|1699
|player|p2|tanishq1|102|1698
|teamsize|p1|6
|teamsize|p2|6
|gen|8
|tier|[Gen 8] OU
|rated|
|rule|Sleep Clause Mod: Limit one foe put to sleep
|rule|Species Clause: Limit one of each Pokémon
|rule|OHKO Clause: OHKO moves are banned
|rule|Evasion Moves Clause: Evasion moves are banned
|rule|Endless Battle Clause: Forcing endless battles is banned
|rule|HP Percentage Mod: HP is shown in percentages
|rule|Dynamax Clause: You cannot dynamax
|clearpoke
|poke|p1|Hydreigon, F|
|poke|p1|Kartana|
|poke|p1|Blacephalon|
|poke|p1|Landorus-Therian, M|
|poke|p1|Melmetal|
|poke|p1|Toxapex, F|
|poke|p2|Zapdos|
|poke|p2|Melmetal|
|poke|p2|Heatran, M|
|poke|p2|Landorus-Therian, M|
|poke|p2|Slowbro, M|
|poke|p2|Kartana|
|teampreview
|inactive|Battle timer is ON: inactive players will automatically lose when time's up. (requested by tanishq1)
|
|t:|1647797426
|start
|switch|p1a: Landorus|Landorus-Therian, M|100/100
|switch|p2a: Zapdos|Zapdos|100/100
|-ability|p1a: Landorus|Intimidate|boost
|-unboost|p2a: Zapdos|atk|1
|turn|1
|
|t:|1647797430
|switch|p1a: Melmetal|Melmetal|100/100
|move|p2a: Zapdos|Toxic|p1a: Melmetal
|-immune|p1a: Melmetal
|
|upkeep
|turn|2
|
|t:|1647797436
|move|p2a: Zapdos|Volt Switch|p1a: Melmetal
|-damage|p1a: Melmetal|83/100
|
|t:|1647797439
|switch|p2a: Slowbro|Slowbro, M|100/100|[from]move: Volt Switch
|move|p1a: Melmetal|Thunder Punch|p2a: Slowbro
|-supereffective|p2a: Slowbro
|-damage|p2a: Slowbro|55/100
|
|upkeep
|turn|3
|
|t:|1647797445
|move|p1a: Melmetal|Thunder Punch|p2a: Slowbro
|-supereffective|p2a: Slowbro
|-damage|p2a: Slowbro|12/100
|-status|p2a: Slowbro|par
|move|p2a: Slowbro|Teleport|p2a: Slowbro
|
|t:|1647797449
|switch|p2a: Landorus|Landorus-Therian, M|100/100|[from]move: Teleport
|-ability|p2a: Landorus|Intimidate|boost
|-unboost|p1a: Melmetal|atk|1
|
|upkeep
|turn|4
|
|t:|1647797453
|switch|p1a: Landorus|Landorus-Therian, M|100/100
|-ability|p1a: Landorus|Intimidate|boost
|-unboost|p2a: Landorus|atk|1
|move|p2a: Landorus|Knock Off|p1a: Landorus
|-damage|p1a: Landorus|79/100
|-enditem|p1a: Landorus|Leftovers|[from] move: Knock Off|[of] p2a: Landorus
|
|upkeep
|turn|5
|
|t:|1647797459
|move|p2a: Landorus|U-turn|p1a: Landorus
|-resisted|p1a: Landorus
|-damage|p1a: Landorus|72/100
|
|t:|1647797462
|switch|p2a: Heatran|Heatran, M|100/100|[from]move: U-turn
|-item|p2a: Heatran|Air Balloon
|move|p1a: Landorus|Stealth Rock|p2a: Heatran
|-sidestart|p2: tanishq1|move: Stealth Rock
|
|upkeep
|turn|6
|
|t:|1647797466
|move|p2a: Heatran|Eruption|p1a: Landorus
|-damage|p1a: Landorus|17/100
|move|p1a: Landorus|U-turn|p2a: Heatran
|-resisted|p2a: Heatran
|-damage|p2a: Heatran|95/100
|-enditem|p2a: Heatran|Air Balloon
|
|t:|1647797473
|switch|p1a: Hydreigon|Hydreigon, F|100/100|[from]move: U-turn
|
|upkeep
|turn|7
|
|t:|1647797478
|switch|p2a: Landorus|Landorus-Therian, M|100/100
|-damage|p2a: Landorus|88/100|[from] Stealth Rock
|-ability|p2a: Landorus|Intimidate|boost
|-unboost|p1a: Hydreigon|atk|1
|move|p1a: Hydreigon|Beat Up|p2a: Landorus
|-damage|p2a: Landorus|81/100
|-damage|p2a: Landorus|69/100
|-crit|p2a: Landorus
|-damage|p2a: Landorus|50/100
|-damage|p2a: Landorus|41/100
|-damage|p2a: Landorus|31/100
|-damage|p2a: Landorus|25/100
|-hitcount|p2a: Landorus|6
|
|-heal|p2a: Landorus|31/100|[from] item: Leftovers
|upkeep
|turn|8
|
|t:|1647797490
|move|p1a: Hydreigon|Beat Up|p2a: Landorus
|-damage|p2a: Landorus|24/100
|-damage|p2a: Landorus|12/100
|-damage|p2a: Landorus|4/100
|-damage|p2a: Landorus|0 fnt
|faint|p2a: Landorus
|-hitcount|p2: Landorus|4
|
|upkeep
|
|t:|1647797493
|switch|p2a: Melmetal|Melmetal|100/100
|-damage|p2a: Melmetal|94/100|[from] Stealth Rock
|turn|9
|j| zhaohui
|
|t:|1647797497
|switch|p1a: Toxapex|Toxapex, F|100/100
|move|p2a: Melmetal|Thunder Punch|p1a: Toxapex
|-supereffective|p1a: Toxapex
|-damage|p1a: Toxapex|55/100
|-damage|p2a: Melmetal|78/100|[from] item: Rocky Helmet|[of] p1a: Toxapex
|
|-heal|p2a: Melmetal|84/100|[from] item: Leftovers
|upkeep
|turn|10
|
|t:|1647797503
|move|p2a: Melmetal|Double Iron Bash|p1a: Toxapex
|-resisted|p1a: Toxapex
|-crit|p1a: Toxapex
|-damage|p1a: Toxapex|34/100
|-damage|p2a: Melmetal|67/100|[from] item: Rocky Helmet|[of] p1a: Toxapex
|-resisted|p1a: Toxapex
|-damage|p1a: Toxapex|20/100
|-damage|p2a: Melmetal|51/100|[from] item: Rocky Helmet|[of] p1a: Toxapex
|-hitcount|p1a: Toxapex|2
|cant|p1a: Toxapex|flinch
|
|-heal|p2a: Melmetal|57/100|[from] item: Leftovers
|upkeep
|turn|11
|
|t:|1647797512
|switch|p1a: Melmetal|Melmetal|83/100
|move|p2a: Melmetal|Double Iron Bash|p1a: Melmetal
|-resisted|p1a: Melmetal
|-damage|p1a: Melmetal|70/100
|-resisted|p1a: Melmetal
|-damage|p1a: Melmetal|55/100
|-hitcount|p1a: Melmetal|2
|
|-heal|p2a: Melmetal|63/100|[from] item: Leftovers
|upkeep
|turn|12
|
|t:|1647797517
|move|p2a: Melmetal|Protect|p2a: Melmetal
|-singleturn|p2a: Melmetal|Protect
|move|p1a: Melmetal|Superpower|p2a: Melmetal
|-activate|p2a: Melmetal|move: Protect
|
|-heal|p2a: Melmetal|69/100|[from] item: Leftovers
|upkeep
|turn|13
|
|t:|1647797522
|move|p2a: Melmetal|Superpower|p1a: Melmetal
|-supereffective|p1a: Melmetal
|-damage|p1a: Melmetal|0 fnt
|-unboost|p2a: Melmetal|atk|1
|-unboost|p2a: Melmetal|def|1
|faint|p1a: Melmetal
|
|-heal|p2a: Melmetal|75/100|[from] item: Leftovers
|upkeep
|
|t:|1647797529
|switch|p1a: Toxapex|Toxapex, F|54/100
|turn|14
|
|t:|1647797533
|switch|p2a: Slowbro|Slowbro, M|46/100 par
|-damage|p2a: Slowbro|33/100 par|[from] Stealth Rock
|move|p1a: Toxapex|Recover|p1a: Toxapex
|-heal|p1a: Toxapex|100/100
|
|upkeep
|turn|15
|
|t:|1647797537
|switch|p2a: Zapdos|Zapdos|100/100
|move|p1a: Toxapex|Knock Off|p2a: Zapdos
|-damage|p2a: Zapdos|85/100
|-enditem|p2a: Zapdos|Heavy-Duty Boots|[from] move: Knock Off|[of] p1a: Toxapex
|
|upkeep
|turn|16
|l| zhaohui
|
|t:|1647797544
|move|p2a: Zapdos|Volt Switch|p1a: Toxapex
|-supereffective|p1a: Toxapex
|-damage|p1a: Toxapex|46/100
|
|t:|1647797548
|switch|p2a: Slowbro|Slowbro, M|67/100 par|[from]move: Volt Switch
|-damage|p2a: Slowbro|54/100 par|[from] Stealth Rock
|move|p1a: Toxapex|Toxic||[still]
|-fail|p1a: Toxapex
|
|upkeep
|turn|17
|
|t:|1647797552
|move|p1a: Toxapex|Toxic||[still]
|-fail|p1a: Toxapex
|cant|p2a: Slowbro|par
|
|upkeep
|turn|18
|
|t:|1647797556
|move|p1a: Toxapex|Knock Off|p2a: Slowbro
|-supereffective|p2a: Slowbro
|-enditem|p2a: Slowbro|Colbur Berry|[eat]
|-enditem|p2a: Slowbro|Colbur Berry|[weaken]
|-damage|p2a: Slowbro|45/100 par
|move|p2a: Slowbro|Teleport|p2a: Slowbro
|
|t:|1647797559
|switch|p2a: Zapdos|Zapdos|85/100|[from]move: Teleport
|-damage|p2a: Zapdos|60/100|[from] Stealth Rock
|
|upkeep
|turn|19
|
|t:|1647797563
|switch|p1a: Landorus|Landorus-Therian, M|17/100
|-ability|p1a: Landorus|Intimidate|boost
|-unboost|p2a: Zapdos|atk|1
|move|p2a: Zapdos|Roost|p2a: Zapdos
|-heal|p2a: Zapdos|100/100
|-singleturn|p2a: Zapdos|move: Roost
|
|upkeep
|turn|20
|
|t:|1647797572
|move|p2a: Zapdos|Hurricane|p1a: Landorus
|-damage|p1a: Landorus|0 fnt
|faint|p1a: Landorus
|
|upkeep
|
|t:|1647797584
|switch|p1a: Hydreigon|Hydreigon, F|100/100
|turn|21
|
|t:|1647797588
|move|p1a: Hydreigon|Beat Up|p2a: Zapdos
|-damage|p2a: Zapdos|90/100
|-damage|p2a: Zapdos|73/100
|-damage|p2a: Zapdos|61/100
|-damage|p2a: Zapdos|53/100
|-hitcount|p2a: Zapdos|4
|move|p2a: Zapdos|Toxic|p1a: Hydreigon
|-status|p1a: Hydreigon|tox
|
|-damage|p1a: Hydreigon|94/100 tox|[from] psn
|upkeep
|turn|22
|
|t:|1647797595
|move|p1a: Hydreigon|Beat Up|p2a: Zapdos
|-damage|p2a: Zapdos|42/100
|-damage|p2a: Zapdos|26/100
|-damage|p2a: Zapdos|13/100
|-damage|p2a: Zapdos|5/100
|-hitcount|p2a: Zapdos|4
|move|p2a: Zapdos|Roost|p2a: Zapdos
|-heal|p2a: Zapdos|55/100
|-singleturn|p2a: Zapdos|move: Roost
|
|-damage|p1a: Hydreigon|82/100 tox|[from] psn
|upkeep
|turn|23
|
|t:|1647797600
|move|p1a: Hydreigon|Beat Up|p2a: Zapdos
|-damage|p2a: Zapdos|43/100
|-damage|p2a: Zapdos|27/100
|-damage|p2a: Zapdos|15/100
|-damage|p2a: Zapdos|7/100
|-hitcount|p2a: Zapdos|4
|move|p2a: Zapdos|Roost|p2a: Zapdos
|-heal|p2a: Zapdos|57/100
|-singleturn|p2a: Zapdos|move: Roost
|
|-damage|p1a: Hydreigon|64/100 tox|[from] psn
|upkeep
|turn|24
|
|t:|1647797606
|switch|p1a: Blacephalon|Blacephalon|100/100
|move|p2a: Zapdos|Roost|p2a: Zapdos
|-heal|p2a: Zapdos|100/100
|-singleturn|p2a: Zapdos|move: Roost
|
|upkeep
|turn|25
|
|t:|1647797611
|move|p1a: Blacephalon|Overheat|p2a: Zapdos|[miss]
|-miss|p1a: Blacephalon|p2a: Zapdos
|move|p2a: Zapdos|Volt Switch|p1a: Blacephalon
|-damage|p1a: Blacephalon|45/100
|
|t:|1647797614
|switch|p2a: Kartana|Kartana|100/100|[from]move: Volt Switch
|-damage|p2a: Kartana|94/100|[from] Stealth Rock
|
|upkeep
|turn|26
|
|t:|1647797618
|switch|p1a: Toxapex|Toxapex, F|80/100
|move|p2a: Kartana|Knock Off|p1a: Toxapex
|-damage|p1a: Toxapex|54/100
|-damage|p2a: Kartana|78/100|[from] item: Rocky Helmet|[of] p1a: Toxapex
|-enditem|p1a: Toxapex|Rocky Helmet|[from] move: Knock Off|[of] p2a: Kartana
|
|upkeep
|turn|27
|
|t:|1647797622
|switch|p2a: Slowbro|Slowbro, M|78/100 par
|-damage|p2a: Slowbro|65/100 par|[from] Stealth Rock
|move|p1a: Toxapex|Knock Off|p2a: Slowbro
|-supereffective|p2a: Slowbro
|-damage|p2a: Slowbro|53/100 par
|
|upkeep
|turn|28
|
|t:|1647797625
|switch|p1a: Blacephalon|Blacephalon|45/100
|move|p2a: Slowbro|Teleport|p2a: Slowbro
|
|t:|1647797628
|switch|p2a: Kartana|Kartana|78/100|[from]move: Teleport
|-damage|p2a: Kartana|72/100|[from] Stealth Rock
|
|upkeep
|turn|29
|
|t:|1647797632
|switch|p1a: Toxapex|Toxapex, F|87/100
|move|p2a: Kartana|Leaf Blade|p1a: Toxapex
|-damage|p1a: Toxapex|48/100
|
|upkeep
|turn|30
|
|t:|1647797635
|move|p2a: Kartana|Leaf Blade|p1a: Toxapex
|-damage|p1a: Toxapex|14/100
|move|p1a: Toxapex|Recover|p1a: Toxapex
|-heal|p1a: Toxapex|65/100
|
|upkeep
|turn|31
|
|t:|1647797639
|switch|p2a: Zapdos|Zapdos|100/100
|-damage|p2a: Zapdos|75/100|[from] Stealth Rock
|move|p1a: Toxapex|Knock Off|p2a: Zapdos
|-damage|p2a: Zapdos|66/100
|-status|p1a: Toxapex|par|[from] ability: Static|[of] p2a: Zapdos
|
|upkeep
|turn|32
|
|t:|1647797644
|move|p2a: Zapdos|Roost|p2a: Zapdos
|-heal|p2a: Zapdos|100/100
|-singleturn|p2a: Zapdos|move: Roost
|move|p1a: Toxapex|Knock Off|p2a: Zapdos
|-damage|p2a: Zapdos|90/100
|
|upkeep
|turn|33
|
|t:|1647797647
|move|p2a: Zapdos|Volt Switch|p1a: Toxapex
|-supereffective|p1a: Toxapex
|-damage|p1a: Toxapex|12/100 par
|
|t:|1647797650
|switch|p2a: Slowbro|Slowbro, M|86/100 par|[from]move: Volt Switch
|-damage|p2a: Slowbro|74/100 par|[from] Stealth Rock
|move|p1a: Toxapex|Toxic||[still]
|-fail|p1a: Toxapex
|
|upkeep
|turn|34
|
|t:|1647797652
|switch|p1a: Hydreigon|Hydreigon, F|64/100 tox
|cant|p2a: Slowbro|par
|
|-damage|p1a: Hydreigon|57/100 tox|[from] psn
|upkeep
|turn|35
|
|t:|1647797659
|move|p1a: Hydreigon|Beat Up|p2a: Slowbro
|-supereffective|p2a: Slowbro
|-damage|p2a: Slowbro|61/100 par
|-supereffective|p2a: Slowbro
|-damage|p2a: Slowbro|40/100 par
|-supereffective|p2a: Slowbro
|-damage|p2a: Slowbro|25/100 par
|-hitcount|p2a: Slowbro|3
|move|p2a: Slowbro|Slack Off|p2a: Slowbro
|-heal|p2a: Slowbro|75/100 par
|
|-damage|p1a: Hydreigon|45/100 tox|[from] psn
|upkeep
|turn|36
|
|t:|1647797666
|move|p1a: Hydreigon|Beat Up|p2a: Slowbro
|-supereffective|p2a: Slowbro
|-damage|p2a: Slowbro|60/100 par
|-supereffective|p2a: Slowbro
|-damage|p2a: Slowbro|41/100 par
|-supereffective|p2a: Slowbro
|-damage|p2a: Slowbro|25/100 par
|-hitcount|p2a: Slowbro|3
|move|p2a: Slowbro|Teleport|p2a: Slowbro
|
|t:|1647797671
|switch|p2a: Kartana|Kartana|72/100|[from]move: Teleport
|-damage|p2a: Kartana|65/100|[from] Stealth Rock
|
|-damage|p1a: Hydreigon|27/100 tox|[from] psn
|upkeep
|turn|37
|
|t:|1647797679
|switch|p1a: Kartana|Kartana|100/100
|move|p2a: Kartana|Leaf Blade|p1a: Kartana
|-resisted|p1a: Kartana
|-crit|p1a: Kartana
|-damage|p1a: Kartana|76/100
|
|upkeep
|turn|38
|
|t:|1647797687
|switch|p2a: Zapdos|Zapdos|90/100
|-damage|p2a: Zapdos|65/100|[from] Stealth Rock
|move|p1a: Kartana|Knock Off|p2a: Zapdos
|-damage|p2a: Zapdos|26/100
|
|upkeep
|turn|39
|
|t:|1647797692
|move|p1a: Kartana|Knock Off|p2a: Zapdos
|-damage|p2a: Zapdos|0 fnt
|-status|p1a: Kartana|par|[from] ability: Static|[of] p2a: Zapdos
|faint|p2a: Zapdos
|-ability|p1a: Kartana|Beast Boost|boost
|-boost|p1a: Kartana|atk|1
|
|upkeep
|
|t:|1647797695
|switch|p2a: Melmetal|Melmetal|75/100
|-damage|p2a: Melmetal|69/100|[from] Stealth Rock
|turn|40
|
|t:|1647797700
|move|p1a: Kartana|Knock Off|p2a: Melmetal
|-damage|p2a: Melmetal|8/100
|-enditem|p2a: Melmetal|Leftovers|[from] move: Knock Off|[of] p1a: Kartana
|move|p2a: Melmetal|Double Iron Bash|p1a: Kartana
|-resisted|p1a: Kartana
|-damage|p1a: Kartana|52/100 par
|-resisted|p1a: Kartana
|-damage|p1a: Kartana|28/100 par
|-hitcount|p1a: Kartana|2
|
|upkeep
|turn|41
|
|t:|1647797705
|cant|p1a: Kartana|par
|move|p2a: Melmetal|Superpower|p1a: Kartana
|-supereffective|p1a: Kartana
|-damage|p1a: Kartana|0 fnt
|-unboost|p2a: Melmetal|atk|1
|-unboost|p2a: Melmetal|def|1
|faint|p1a: Kartana
|
|upkeep
|
|t:|1647797708
|switch|p1a: Blacephalon|Blacephalon|45/100
|turn|42
|
|t:|1647797712
|move|p1a: Blacephalon|Shadow Ball|p2a: Melmetal
|-damage|p2a: Melmetal|0 fnt
|faint|p2a: Melmetal
|-ability|p1a: Blacephalon|Beast Boost|boost
|-boost|p1a: Blacephalon|spa|1
|
|upkeep
|
|t:|1647797714
|switch|p2a: Kartana|Kartana|65/100
|-damage|p2a: Kartana|59/100|[from] Stealth Rock
|turn|43
|
|t:|1647797720
|move|p2a: Kartana|Leaf Blade|p1a: Blacephalon
|-resisted|p1a: Blacephalon
|-damage|p1a: Blacephalon|0 fnt
|faint|p1a: Blacephalon
|-ability|p2a: Kartana|Beast Boost|boost
|-boost|p2a: Kartana|atk|1
|
|upkeep
|-message|TMcNic7 forfeited.
|
|win|tanishq1
|raw|TMcNic7's rating: 1699 &rarr; <strong>1679</strong><br />(-20 for losing)
|raw|tanishq1's rating: 1698 &rarr; <strong>1718</strong><br />(+20 for winning)
|l|☆TMcNic7
|l|☆tanishq1
