|j|☆a funny cat
|j|☆chansey and lulu
|t:|1664853337
|gametype|singles
|player|p1|a funny cat|acetrainerf-gen4dp|
|player|p2|chansey and lulu|266|
|teamsize|p1|6
|teamsize|p2|6
|gen|8
|tier|[Gen 8] OU
|rule|Sleep Clause Mod: Limit one foe put to sleep
|rule|Species Clause: Limit one of each Pokémon
|rule|OHKO Clause: OHKO moves are banned
|rule|Evasion Items Clause: Evasion items are banned
|rule|Evasion Moves Clause: Evasion moves are banned
|rule|Endless Battle Clause: Forcing endless battles is banned
|rule|HP Percentage Mod: HP is shown in percentages
|rule|Dynamax Clause: You cannot dynamax
|clearpoke
|poke|p1|Rillaboom, M|
|poke|p1|Tornadus-Therian, M|
|poke|p1|Blaziken, F|
|poke|p1|Melmetal|
|poke|p1|Garchomp, M|
|poke|p1|Slowbro, M|
|poke|p2|Zapdos|
|poke|p2|Clefable, F|
|poke|p2|Toxapex, M|
|poke|p2|Skarmory, M|
|poke|p2|Quagsire, M|
|poke|p2|Cresselia, F|
|teampreview
|c|☆a funny cat|错付了
|c|☆a funny cat|呃啊啊啊啊啊
|c|☆a funny cat|呃呃啊啊啊啊
|
|t:|1664853374
|start
|switch|p1a: Tornadus|Tornadus-Therian, M|100/100
|switch|p2a: Toxapex|Toxapex, M|100/100
|turn|1
|
|t:|1664853381
|move|p1a: Tornadus|U-turn|p2a: Toxapex
|-resisted|p2a: Toxapex
|-damage|p2a: Toxapex|95/100
|
|t:|1664853385
|switch|p1a: Melmetal|Melmetal|100/100|[from]move: U-turn
|move|p2a: Toxapex|Knock Off|p1a: Melmetal
|-damage|p1a: Melmetal|91/100
|-enditem|p1a: Melmetal|Leftovers|[from] move: Knock Off|[of] p2a: Toxapex
|
|upkeep
|turn|2
|
|t:|1664853400
|move|p1a: Melmetal|Thunder Punch|p2a: Toxapex
|-supereffective|p2a: Toxapex
|-damage|p2a: Toxapex|37/100
|move|p2a: Toxapex|Toxic Spikes|p1a: Melmetal
|-sidestart|p1: a funny cat|move: Toxic Spikes
|
|upkeep
|turn|3
|
|t:|1664853410
|switch|p2a: Skarmory|Skarmory, M|100/100
|move|p1a: Melmetal|Double Iron Bash|p2a: Skarmory
|-resisted|p2a: Skarmory
|-damage|p2a: Skarmory|87/100
|-damage|p1a: Melmetal|75/100|[from] item: Rocky Helmet|[of] p2a: Skarmory
|-resisted|p2a: Skarmory
|-damage|p2a: Skarmory|74/100
|-damage|p1a: Melmetal|58/100|[from] item: Rocky Helmet|[of] p2a: Skarmory
|-hitcount|p2a: Skarmory|2
|
|upkeep
|turn|4
|
|t:|1664853423
|switch|p1a: Tornadus|Tornadus-Therian, M|100/100
|move|p2a: Skarmory|Roost|p2a: Skarmory
|-heal|p2a: Skarmory|100/100
|-singleturn|p2a: Skarmory|move: Roost
|
|upkeep
|turn|5
|
|t:|1664853433
|move|p1a: Tornadus|Defog|p2a: Skarmory
|-unboost|p2a: Skarmory|evasion|1
|-sideend|p1: a funny cat|Toxic Spikes|[from] move: Defog|[of] p1a: Tornadus
|move|p2a: Skarmory|Toxic|p1a: Tornadus
|-status|p1a: Tornadus|tox
|
|-damage|p1a: Tornadus|94/100 tox|[from] psn
|upkeep
|turn|6
|
|t:|1664853442
|switch|p2a: Toxapex|Toxapex, M|71/100
|move|p1a: Tornadus|U-turn|p2a: Toxapex
|-resisted|p2a: Toxapex
|-damage|p2a: Toxapex|66/100
|
|t:|1664853453
|switch|p1a: Rillaboom|Rillaboom, M|100/100|[from]move: U-turn
|-fieldstart|move: Grassy Terrain|[from] ability: Grassy Surge|[of] p1a: Rillaboom
|
|-heal|p2a: Toxapex|71/100|[from] Grassy Terrain
|upkeep
|turn|7
|
|t:|1664853472
|switch|p1a: Blaziken|Blaziken, F|100/100
|switch|p2a: Skarmory|Skarmory, M|100/100
|
|upkeep
|turn|8
|
|t:|1664853483
|switch|p2a: Quagsire|Quagsire, M|100/100
|move|p1a: Blaziken|Flare Blitz|p2a: Quagsire
|-resisted|p2a: Quagsire
|-damage|p2a: Quagsire|78/100
|-damage|p1a: Blaziken|92/100|[from] Recoil
|
|-heal|p1a: Blaziken|98/100|[from] Grassy Terrain
|-heal|p1a: Blaziken|100/100|[from] item: Leftovers
|-heal|p2a: Quagsire|84/100|[from] Grassy Terrain
|-heal|p2a: Quagsire|90/100|[from] item: Leftovers
|-ability|p1a: Blaziken|Speed Boost|boost
|-boost|p1a: Blaziken|spe|1
|upkeep
|turn|9
|
|t:|1664853497
|switch|p1a: Tornadus|Tornadus-Therian, M|100/100 tox
|move|p2a: Quagsire|Scald|p1a: Tornadus
|-damage|p1a: Tornadus|81/100 tox
|
|-heal|p2a: Quagsire|96/100|[from] Grassy Terrain
|-heal|p2a: Quagsire|100/100|[from] item: Leftovers
|-damage|p1a: Tornadus|75/100 tox|[from] psn
|upkeep
|turn|10
|
|t:|1664853508
|switch|p2a: Toxapex|Toxapex, M|100/100
|move|p1a: Tornadus|Knock Off|p2a: Toxapex
|-damage|p2a: Toxapex|86/100
|-enditem|p2a: Toxapex|Shed Shell|[from] move: Knock Off|[of] p1a: Tornadus
|
|-heal|p2a: Toxapex|92/100|[from] Grassy Terrain
|-damage|p1a: Tornadus|63/100 tox|[from] psn
|-fieldend|move: Grassy Terrain
|upkeep
|turn|11
|
|t:|1664853519
|move|p1a: Tornadus|U-turn|p2a: Toxapex
|-resisted|p2a: Toxapex
|-damage|p2a: Toxapex|86/100
|
|t:|1664853521
|switch|p1a: Garchomp|Garchomp, M|100/100|[from]move: U-turn
|move|p2a: Toxapex|Knock Off|p1a: Garchomp
|-damage|p1a: Garchomp|87/100
|-damage|p2a: Toxapex|74/100|[from] ability: Rough Skin|[of] p1a: Garchomp
|-enditem|p1a: Garchomp|Leftovers|[from] move: Knock Off|[of] p2a: Toxapex
|
|upkeep
|turn|12
|
|t:|1664853531
|switch|p2a: Skarmory|Skarmory, M|100/100
|move|p1a: Garchomp|Stealth Rock|p2a: Skarmory
|-sidestart|p2: chansey and lulu|move: Stealth Rock
|
|upkeep
|turn|13
|
|t:|1664853539
|switch|p1a: Slowbro|Slowbro, M|100/100
|move|p2a: Skarmory|Spikes|p1a: Slowbro
|-sidestart|p1: a funny cat|Spikes
|
|upkeep
|turn|14
|
|t:|1664853549
|move|p2a: Skarmory|Toxic|p1a: Slowbro
|-status|p1a: Slowbro|tox
|move|p1a: Slowbro|Future Sight|p2a: Skarmory
|-start|p1a: Slowbro|move: Future Sight
|
|-damage|p1a: Slowbro|94/100 tox|[from] psn
|upkeep
|turn|15
|
|t:|1664853557
|switch|p2a: Cresselia|Cresselia, F|100/100
|-damage|p2a: Cresselia|88/100|[from] Stealth Rock
|switch|p1a: Tornadus|Tornadus-Therian, M|96/100 tox
|
|-heal|p2a: Cresselia|94/100|[from] item: Leftovers
|-damage|p1a: Tornadus|90/100 tox|[from] psn
|upkeep
|turn|16
|
|t:|1664853567
|move|p2a: Cresselia|Protect|p2a: Cresselia
|-singleturn|p2a: Cresselia|Protect
|move|p1a: Tornadus|Knock Off|p2a: Cresselia
|-activate|p2a: Cresselia|move: Protect
|
|-end|p2a: Cresselia|move: Future Sight
|-resisted|p2a: Cresselia
|-damage|p2a: Cresselia|85/100
|-heal|p2a: Cresselia|91/100|[from] item: Leftovers
|-damage|p1a: Tornadus|78/100 tox|[from] psn
|upkeep
|turn|17
|
|t:|1664853582
|move|p1a: Tornadus|U-turn|p2a: Cresselia
|-supereffective|p2a: Cresselia
|-damage|p2a: Cresselia|73/100
|
|t:|1664853593
|switch|p1a: Slowbro|Slowbro, M|100/100 tox|[from]move: U-turn
|-damage|p1a: Slowbro|88/100 tox|[from] Spikes
|move|p2a: Cresselia|Ice Beam|p1a: Slowbro
|-resisted|p1a: Slowbro
|-damage|p1a: Slowbro|79/100 tox
|
|-heal|p2a: Cresselia|79/100|[from] item: Leftovers
|-damage|p1a: Slowbro|73/100 tox|[from] psn
|upkeep
|turn|18
|
|t:|1664853605
|switch|p2a: Clefable|Clefable, F|100/100
|move|p1a: Slowbro|Toxic|p2a: Clefable
|-status|p2a: Clefable|tox
|
|-damage|p1a: Slowbro|61/100 tox|[from] psn
|upkeep
|turn|19
|
|t:|1664853615
|move|p2a: Clefable|Stealth Rock|p1a: Slowbro
|-sidestart|p1: a funny cat|move: Stealth Rock
|move|p1a: Slowbro|Teleport|p1a: Slowbro
|
|t:|1664853619
|switch|p1a: Tornadus|Tornadus-Therian, M|100/100 tox|[from]move: Teleport
|
|-damage|p1a: Tornadus|94/100 tox|[from] psn
|upkeep
|turn|20
|
|t:|1664853628
|move|p1a: Tornadus|Defog|p2a: Clefable
|-unboost|p2a: Clefable|evasion|1
|-sideend|p2: chansey and lulu|Stealth Rock|[from] move: Defog|[of] p1a: Tornadus
|-sideend|p1: a funny cat|Spikes|[from] move: Defog|[of] p1a: Tornadus
|-sideend|p1: a funny cat|Stealth Rock|[from] move: Defog|[of] p1a: Tornadus
|move|p2a: Clefable|Moonblast|p1a: Tornadus
|-damage|p1a: Tornadus|60/100 tox
|
|-damage|p1a: Tornadus|48/100 tox|[from] psn
|upkeep
|turn|21
|
|t:|1664853638
|move|p1a: Tornadus|U-turn|p2a: Clefable
|-resisted|p2a: Clefable
|-damage|p2a: Clefable|93/100 tox
|
|t:|1664853641
|switch|p1a: Melmetal|Melmetal|58/100|[from]move: U-turn
|move|p2a: Clefable|Stealth Rock|p1a: Melmetal
|-sidestart|p1: a funny cat|move: Stealth Rock
|
|upkeep
|turn|22
|
|t:|1664853654
|switch|p2a: Quagsire|Quagsire, M|100/100
|switch|p1a: Rillaboom|Rillaboom, M|100/100
|-damage|p1a: Rillaboom|88/100|[from] Stealth Rock
|-fieldstart|move: Grassy Terrain|[from] ability: Grassy Surge|[of] p1a: Rillaboom
|
|-heal|p1a: Rillaboom|94/100|[from] Grassy Terrain
|-heal|p1a: Rillaboom|100/100|[from] item: Leftovers
|upkeep
|turn|23
|
|t:|1664853665
|switch|p2a: Skarmory|Skarmory, M|100/100
|move|p1a: Rillaboom|Swords Dance|p1a: Rillaboom
|-boost|p1a: Rillaboom|atk|2
|
|upkeep
|turn|24
|
|t:|1664853675
|move|p1a: Rillaboom|Knock Off|p2a: Skarmory
|-damage|p2a: Skarmory|59/100
|-damage|p1a: Rillaboom|84/100|[from] item: Rocky Helmet|[of] p2a: Skarmory
|-enditem|p2a: Skarmory|Rocky Helmet|[from] move: Knock Off|[of] p1a: Rillaboom
|move|p2a: Skarmory|Toxic|p1a: Rillaboom
|-status|p1a: Rillaboom|tox
|
|-heal|p1a: Rillaboom|90/100 tox|[from] Grassy Terrain
|-heal|p1a: Rillaboom|96/100 tox|[from] item: Leftovers
|-damage|p1a: Rillaboom|90/100 tox|[from] psn
|upkeep
|turn|25
|
|t:|1664853690
|move|p1a: Rillaboom|Drain Punch|p2a: Skarmory
|-damage|p2a: Skarmory|24/100
|-heal|p1a: Rillaboom|100/100 tox|[from] drain|[of] p2a: Skarmory
|move|p2a: Skarmory|Roost|p2a: Skarmory
|-heal|p2a: Skarmory|74/100
|-singleturn|p2a: Skarmory|move: Roost
|
|-heal|p2a: Skarmory|80/100|[from] Grassy Terrain
|-damage|p1a: Rillaboom|88/100 tox|[from] psn
|upkeep
|turn|26
|
|t:|1664853703
|switch|p1a: Tornadus|Tornadus-Therian, M|81/100 tox
|move|p2a: Skarmory|Body Press|p1a: Tornadus
|-resisted|p1a: Tornadus
|-damage|p1a: Tornadus|65/100 tox
|
|-damage|p1a: Tornadus|59/100 tox|[from] psn
|-fieldend|move: Grassy Terrain
|upkeep
|turn|27
|
|t:|1664853714
|switch|p2a: Zapdos|Zapdos|100/100
|-ability|p2a: Zapdos|Pressure
|move|p1a: Tornadus|Defog|p2a: Zapdos
|-unboost|p2a: Zapdos|evasion|1
|-sideend|p1: a funny cat|Stealth Rock|[from] move: Defog|[of] p1a: Tornadus
|
|-damage|p1a: Tornadus|47/100 tox|[from] psn
|upkeep
|turn|28
|
|t:|1664853725
|move|p1a: Tornadus|U-turn|p2a: Zapdos
|-resisted|p2a: Zapdos
|-damage|p2a: Zapdos|93/100
|
|t:|1664853729
|switch|p1a: Garchomp|Garchomp, M|87/100|[from]move: U-turn
|move|p2a: Zapdos|Hurricane|p1a: Garchomp
|-damage|p1a: Garchomp|57/100
|
|upkeep
|turn|29
|
|t:|1664853737
|switch|p2a: Skarmory|Skarmory, M|80/100
|move|p1a: Garchomp|Stealth Rock|p2a: Skarmory
|-sidestart|p2: chansey and lulu|move: Stealth Rock
|
|upkeep
|turn|30
|
|t:|1664853747
|switch|p1a: Blaziken|Blaziken, F|100/100
|move|p2a: Skarmory|Spikes|p1a: Blaziken
|-sidestart|p1: a funny cat|Spikes
|
|upkeep
|turn|31
|
|t:|1664853762
|switch|p2a: Toxapex|Toxapex, M|100/100
|-damage|p2a: Toxapex|88/100|[from] Stealth Rock
|move|p1a: Blaziken|Close Combat|p2a: Toxapex
|-resisted|p2a: Toxapex
|-damage|p2a: Toxapex|61/100
|-unboost|p1a: Blaziken|def|1
|-unboost|p1a: Blaziken|spd|1
|
|-ability|p1a: Blaziken|Speed Boost|boost
|-boost|p1a: Blaziken|spe|1
|upkeep
|turn|32
|
|t:|1664853775
|switch|p1a: Tornadus|Tornadus-Therian, M|80/100 tox
|move|p2a: Toxapex|Recover|p2a: Toxapex
|-heal|p2a: Toxapex|100/100
|
|-damage|p1a: Tornadus|74/100 tox|[from] psn
|upkeep
|turn|33
|
|t:|1664853784
|move|p1a: Tornadus|Defog|p2a: Toxapex
|-unboost|p2a: Toxapex|evasion|1
|-sideend|p2: chansey and lulu|Stealth Rock|[from] move: Defog|[of] p1a: Tornadus
|-sideend|p1: a funny cat|Spikes|[from] move: Defog|[of] p1a: Tornadus
|move|p2a: Toxapex|Knock Off|p1a: Tornadus
|-damage|p1a: Tornadus|58/100 tox
|-enditem|p1a: Tornadus|Heavy-Duty Boots|[from] move: Knock Off|[of] p2a: Toxapex
|
|-damage|p1a: Tornadus|46/100 tox|[from] psn
|upkeep
|turn|34
|
|t:|1664853795
|switch|p2a: Clefable|Clefable, F|93/100 tox
|move|p1a: Tornadus|U-turn|p2a: Clefable
|-resisted|p2a: Clefable
|-damage|p2a: Clefable|86/100 tox
|
|t:|1664853802
|switch|p1a: Melmetal|Melmetal|58/100|[from]move: U-turn
|
|upkeep
|turn|35
|
|t:|1664853811
|switch|p2a: Quagsire|Quagsire, M|100/100
|switch|p1a: Garchomp|Garchomp, M|57/100
|
|upkeep
|turn|36
|
|t:|1664853818
|switch|p2a: Skarmory|Skarmory, M|80/100
|move|p1a: Garchomp|Stealth Rock|p2a: Skarmory
|-sidestart|p2: chansey and lulu|move: Stealth Rock
|
|upkeep
|turn|37
|
|t:|1664853830
|switch|p1a: Slowbro|Slowbro, M|94/100 tox
|move|p2a: Skarmory|Roost|p2a: Skarmory
|-heal|p2a: Skarmory|100/100
|-singleturn|p2a: Skarmory|move: Roost
|
|-damage|p1a: Slowbro|88/100 tox|[from] psn
|upkeep
|turn|38
|
|t:|1664853842
|switch|p2a: Clefable|Clefable, F|86/100 tox
|move|p1a: Slowbro|Teleport|p1a: Slowbro
|
|t:|1664853848
|switch|p1a: Melmetal|Melmetal|58/100|[from]move: Teleport
|
|upkeep
|turn|39
|
|t:|1664853854
|switch|p2a: Skarmory|Skarmory, M|100/100
|-damage|p2a: Skarmory|88/100|[from] Stealth Rock
|move|p1a: Melmetal|Double Iron Bash|p2a: Skarmory
|-resisted|p2a: Skarmory
|-crit|p2a: Skarmory
|-damage|p2a: Skarmory|70/100
|-resisted|p2a: Skarmory
|-damage|p2a: Skarmory|58/100
|-hitcount|p2a: Skarmory|2
|
|upkeep
|turn|40
|
|t:|1664853867
|move|p2a: Skarmory|Roost|p2a: Skarmory
|-heal|p2a: Skarmory|100/100
|-singleturn|p2a: Skarmory|move: Roost
|move|p1a: Melmetal|Double Iron Bash|p2a: Skarmory
|-resisted|p2a: Skarmory
|-damage|p2a: Skarmory|88/100
|-resisted|p2a: Skarmory
|-damage|p2a: Skarmory|74/100
|-hitcount|p2a: Skarmory|2
|
|upkeep
|turn|41
|
|t:|1664853877
|switch|p1a: Tornadus|Tornadus-Therian, M|79/100 tox
|move|p2a: Skarmory|Body Press|p1a: Tornadus
|-resisted|p1a: Tornadus
|-damage|p1a: Tornadus|63/100 tox
|
|-damage|p1a: Tornadus|57/100 tox|[from] psn
|-damage|p2a: Skarmory|61/100|[from] item: Sticky Barb
|upkeep
|turn|42
|
|t:|1664853899
|move|p1a: Tornadus|Heat Wave|p2a: Skarmory
|-supereffective|p2a: Skarmory
|-damage|p2a: Skarmory|0 fnt
|faint|p2a: Skarmory
|
|-damage|p1a: Tornadus|45/100 tox|[from] psn
|upkeep
|
|t:|1664853909
|switch|p2a: Clefable|Clefable, F|86/100 tox
|turn|43
|
|t:|1664853913
|move|p1a: Tornadus|U-turn|p2a: Clefable
|-resisted|p2a: Clefable
|-damage|p2a: Clefable|78/100 tox
|
|t:|1664853917
|switch|p1a: Melmetal|Melmetal|58/100|[from]move: U-turn
|move|p2a: Clefable|Stealth Rock|p1a: Melmetal
|-sidestart|p1: a funny cat|move: Stealth Rock
|
|upkeep
|turn|44
|
|t:|1664853929
|switch|p2a: Zapdos|Zapdos|93/100
|-ability|p2a: Zapdos|Pressure
|switch|p1a: Garchomp|Garchomp, M|57/100
|-damage|p1a: Garchomp|51/100|[from] Stealth Rock
|
|upkeep
|turn|45
|
|t:|1664853938
|switch|p2a: Clefable|Clefable, F|78/100 tox
|move|p1a: Garchomp|Toxic|p2a: Clefable
|-fail|p2a: Clefable|tox
|
|upkeep
|turn|46
|
|t:|1664853945
|switch|p1a: Slowbro|Slowbro, M|100/100 tox
|-damage|p1a: Slowbro|88/100 tox|[from] Stealth Rock
|move|p2a: Clefable|Soft-Boiled|p2a: Clefable
|-heal|p2a: Clefable|100/100 tox
|
|-damage|p1a: Slowbro|82/100 tox|[from] psn
|upkeep
|turn|47
|
|t:|1664853957
|move|p2a: Clefable|Moonblast|p1a: Slowbro
|-crit|p1a: Slowbro
|-damage|p1a: Slowbro|37/100 tox
|move|p1a: Slowbro|Future Sight|p2a: Clefable
|-start|p1a: Slowbro|move: Future Sight
|
|-damage|p1a: Slowbro|24/100 tox|[from] psn
|upkeep
|turn|48
|
|t:|1664853972
|switch|p2a: Cresselia|Cresselia, F|79/100
|-damage|p2a: Cresselia|66/100|[from] Stealth Rock
|switch|p1a: Melmetal|Melmetal|58/100
|-damage|p1a: Melmetal|52/100|[from] Stealth Rock
|
|-heal|p2a: Cresselia|72/100|[from] item: Leftovers
|upkeep
|turn|49
|
|t:|1664853983
|move|p2a: Cresselia|Protect|p2a: Cresselia
|-singleturn|p2a: Cresselia|Protect
|move|p1a: Melmetal|Double Iron Bash|p2a: Cresselia
|-activate|p2a: Cresselia|move: Protect
|
|-end|p2a: Cresselia|move: Future Sight
|-resisted|p2a: Cresselia
|-damage|p2a: Cresselia|63/100
|-heal|p2a: Cresselia|69/100|[from] item: Leftovers
|upkeep
|turn|50
|
|t:|1664853993
|switch|p2a: Zapdos|Zapdos|93/100
|-ability|p2a: Zapdos|Pressure
|switch|p1a: Tornadus|Tornadus-Therian, M|78/100 tox
|-damage|p1a: Tornadus|53/100 tox|[from] Stealth Rock
|
|-damage|p1a: Tornadus|47/100 tox|[from] psn
|upkeep
|turn|51
|
|t:|1664854004
|move|p1a: Tornadus|U-turn|p2a: Zapdos
|-resisted|p2a: Zapdos
|-damage|p2a: Zapdos|86/100
|
|t:|1664854008
|switch|p1a: Garchomp|Garchomp, M|51/100|[from]move: U-turn
|-damage|p1a: Garchomp|45/100|[from] Stealth Rock
|move|p2a: Zapdos|Volt Switch|p1a: Garchomp
|-immune|p1a: Garchomp
|
|upkeep
|turn|52
|
|t:|1664854018
|move|p1a: Garchomp|Earthquake|p2a: Zapdos
|-immune|p2a: Zapdos
|move|p2a: Zapdos|Hurricane|p1a: Garchomp
|-damage|p1a: Garchomp|15/100
|-start|p1a: Garchomp|confusion
|
|upkeep
|turn|53
|
|t:|1664854027
|switch|p2a: Clefable|Clefable, F|100/100 tox
|-activate|p1a: Garchomp|confusion
|move|p1a: Garchomp|Toxic|p2a: Clefable
|-fail|p2a: Clefable|tox
|
|upkeep
|turn|54
|
|t:|1664854034
|switch|p1a: Melmetal|Melmetal|52/100
|-damage|p1a: Melmetal|46/100|[from] Stealth Rock
|move|p2a: Clefable|Moonblast|p1a: Melmetal
|-resisted|p1a: Melmetal
|-damage|p1a: Melmetal|33/100
|
|upkeep
|turn|55
|
|t:|1664854051
|switch|p2a: Zapdos|Zapdos|86/100
|-ability|p2a: Zapdos|Pressure
|switch|p1a: Slowbro|Slowbro, M|58/100 tox
|-damage|p1a: Slowbro|45/100 tox|[from] Stealth Rock
|
|-damage|p1a: Slowbro|39/100 tox|[from] psn
|upkeep
|turn|56
|
|t:|1664854075
|switch|p1a: Garchomp|Garchomp, M|15/100
|-damage|p1a: Garchomp|9/100|[from] Stealth Rock
|move|p2a: Zapdos|Volt Switch|p1a: Garchomp
|-immune|p1a: Garchomp
|
|upkeep
|turn|57
|
|t:|1664854086
|switch|p2a: Clefable|Clefable, F|100/100 tox
|move|p1a: Garchomp|Toxic|p2a: Clefable
|-fail|p2a: Clefable|tox
|
|upkeep
|turn|58
|
|t:|1664854120
|move|p1a: Garchomp|Earthquake|p2a: Clefable
|-damage|p2a: Clefable|59/100 tox
|move|p2a: Clefable|Moonblast|p1a: Garchomp
|-supereffective|p1a: Garchomp
|-damage|p1a: Garchomp|0 fnt
|faint|p1a: Garchomp
|
|upkeep
|
|t:|1664854127
|switch|p1a: Blaziken|Blaziken, F|100/100
|-damage|p1a: Blaziken|88/100|[from] Stealth Rock
|turn|59
|
|t:|1664854136
|switch|p1a: Slowbro|Slowbro, M|73/100 tox
|-damage|p1a: Slowbro|60/100 tox|[from] Stealth Rock
|switch|p2a: Quagsire|Quagsire, M|100/100
|-damage|p2a: Quagsire|94/100|[from] Stealth Rock
|
|-heal|p2a: Quagsire|100/100|[from] item: Leftovers
|-damage|p1a: Slowbro|54/100 tox|[from] psn
|upkeep
|turn|60
|
|t:|1664854147
|switch|p2a: Clefable|Clefable, F|59/100 tox
|move|p1a: Slowbro|Future Sight|p2a: Clefable
|-start|p1a: Slowbro|move: Future Sight
|
|-damage|p1a: Slowbro|42/100 tox|[from] psn
|upkeep
|turn|61
|
|t:|1664854165
|move|p2a: Clefable|Soft-Boiled|p2a: Clefable
|-heal|p2a: Clefable|100/100 tox
|move|p1a: Slowbro|Teleport|p1a: Slowbro
|
|t:|1664854173
|switch|p1a: Rillaboom|Rillaboom, M|88/100 tox|[from]move: Teleport
|-damage|p1a: Rillaboom|75/100 tox|[from] Stealth Rock
|-fieldstart|move: Grassy Terrain|[from] ability: Grassy Surge|[of] p1a: Rillaboom
|
|-heal|p1a: Rillaboom|82/100 tox|[from] Grassy Terrain
|-heal|p1a: Rillaboom|88/100 tox|[from] item: Leftovers
|-damage|p1a: Rillaboom|82/100 tox|[from] psn
|upkeep
|turn|62
|
|t:|1664854190
|move|p1a: Rillaboom|Grassy Glide|p2a: Clefable
|-damage|p2a: Clefable|49/100 tox
|move|p2a: Clefable|Moonblast|p1a: Rillaboom
|-damage|p1a: Rillaboom|47/100 tox
|
|-end|p2a: Clefable|move: Future Sight
|-damage|p2a: Clefable|20/100 tox
|-heal|p1a: Rillaboom|53/100 tox|[from] Grassy Terrain
|-heal|p1a: Rillaboom|60/100 tox|[from] item: Leftovers
|-heal|p2a: Clefable|26/100 tox|[from] Grassy Terrain
|-damage|p1a: Rillaboom|47/100 tox|[from] psn
|upkeep
|turn|63
|
|t:|1664854208
|move|p1a: Rillaboom|Knock Off|p2a: Clefable
|-resisted|p2a: Clefable
|-damage|p2a: Clefable|13/100 tox
|move|p2a: Clefable|Moonblast|p1a: Rillaboom
|-crit|p1a: Rillaboom
|-damage|p1a: Rillaboom|0 fnt
|faint|p1a: Rillaboom
|
|-heal|p2a: Clefable|19/100 tox|[from] Grassy Terrain
|upkeep
|
|t:|1664854234
|switch|p1a: Tornadus|Tornadus-Therian, M|80/100 tox
|-damage|p1a: Tornadus|55/100 tox|[from] Stealth Rock
|turn|64
|
|t:|1664854244
|move|p1a: Tornadus|Heat Wave|p2a: Clefable
|-damage|p2a: Clefable|2/100 tox
|move|p2a: Clefable|Moonblast|p1a: Tornadus
|-damage|p1a: Tornadus|20/100 tox
|
|-heal|p2a: Clefable|8/100 tox|[from] Grassy Terrain
|-damage|p1a: Tornadus|14/100 tox|[from] psn
|upkeep
|turn|65
|
|t:|1664854259
|switch|p2a: Toxapex|Toxapex, M|100/100
|-damage|p2a: Toxapex|88/100|[from] Stealth Rock
|move|p1a: Tornadus|U-turn|p2a: Toxapex
|-resisted|p2a: Toxapex
|-damage|p2a: Toxapex|83/100
|
|t:|1664854269
|switch|p1a: Melmetal|Melmetal|33/100|[from]move: U-turn
|-damage|p1a: Melmetal|26/100|[from] Stealth Rock
|
|-heal|p1a: Melmetal|33/100|[from] Grassy Terrain
|-heal|p2a: Toxapex|89/100|[from] Grassy Terrain
|-fieldend|move: Grassy Terrain
|upkeep
|turn|66
|
|t:|1664854280
|move|p1a: Melmetal|Thunder Punch|p2a: Toxapex
|-supereffective|p2a: Toxapex
|-damage|p2a: Toxapex|33/100
|move|p2a: Toxapex|Toxic Spikes|p1a: Melmetal
|-sidestart|p1: a funny cat|move: Toxic Spikes
|
|upkeep
|turn|67
|
|t:|1664854287
|switch|p2a: Zapdos|Zapdos|86/100
|-ability|p2a: Zapdos|Pressure
|move|p1a: Melmetal|Double Iron Bash|p2a: Zapdos
|-resisted|p2a: Zapdos
|-damage|p2a: Zapdos|62/100
|-resisted|p2a: Zapdos
|-damage|p2a: Zapdos|37/100
|-hitcount|p2a: Zapdos|2
|
|upkeep
|turn|68
|
|t:|1664854318
|move|p2a: Zapdos|Roost|p2a: Zapdos
|-heal|p2a: Zapdos|87/100
|-singleturn|p2a: Zapdos|move: Roost
|move|p1a: Melmetal|Thunder Punch|p2a: Zapdos
|-resisted|p2a: Zapdos
|-damage|p2a: Zapdos|68/100
|
|upkeep
|turn|69
|
|t:|1664854328
|move|p1a: Melmetal|Protect|p1a: Melmetal
|-singleturn|p1a: Melmetal|Protect
|move|p2a: Zapdos|Roost|p2a: Zapdos
|-heal|p2a: Zapdos|100/100
|-singleturn|p2a: Zapdos|move: Roost
|
|upkeep
|turn|70
|
|t:|1664854336
|switch|p1a: Slowbro|Slowbro, M|75/100 tox
|-damage|p1a: Slowbro|63/100 tox|[from] Stealth Rock
|move|p2a: Zapdos|Volt Switch|p1a: Slowbro
|-supereffective|p1a: Slowbro
|-damage|p1a: Slowbro|2/100 tox
|
|t:|1664854345
|switch|p2a: Clefable|Clefable, F|8/100 tox|[from]move: Volt Switch
|
|-damage|p1a: Slowbro|0 fnt|[from] psn
|faint|p1a: Slowbro
|upkeep
|
|t:|1664854349
|switch|p1a: Tornadus|Tornadus-Therian, M|47/100 tox
|-damage|p1a: Tornadus|22/100 tox|[from] Stealth Rock
|turn|71
|
|t:|1664854356
|move|p1a: Tornadus|Defog|p2a: Clefable
|-unboost|p2a: Clefable|evasion|1
|-sideend|p2: chansey and lulu|Stealth Rock|[from] move: Defog|[of] p1a: Tornadus
|-sideend|p1: a funny cat|Toxic Spikes|[from] move: Defog|[of] p1a: Tornadus
|-sideend|p1: a funny cat|Stealth Rock|[from] move: Defog|[of] p1a: Tornadus
|move|p2a: Clefable|Moonblast|p1a: Tornadus
|-damage|p1a: Tornadus|0 fnt
|faint|p1a: Tornadus
|
|upkeep
|
|t:|1664854358
|switch|p1a: Blaziken|Blaziken, F|88/100
|turn|72
|
|t:|1664854368
|switch|p2a: Quagsire|Quagsire, M|100/100
|move|p1a: Blaziken|Swords Dance|p1a: Blaziken
|-boost|p1a: Blaziken|atk|2
|
|-heal|p1a: Blaziken|94/100|[from] item: Leftovers
|-ability|p1a: Blaziken|Speed Boost|boost
|-boost|p1a: Blaziken|spe|1
|upkeep
|turn|73
|
|t:|1664854378
|move|p1a: Blaziken|Protect|p1a: Blaziken
|-singleturn|p1a: Blaziken|Protect
|move|p2a: Quagsire|Earthquake|p1a: Blaziken
|-activate|p1a: Blaziken|move: Protect
|
|-heal|p1a: Blaziken|100/100|[from] item: Leftovers
|-ability|p1a: Blaziken|Speed Boost|boost
|-boost|p1a: Blaziken|spe|1
|upkeep
|turn|74
|
|t:|1664854387
|switch|p1a: Melmetal|Melmetal|33/100
|move|p2a: Quagsire|Earthquake|p1a: Melmetal
|-supereffective|p1a: Melmetal
|-damage|p1a: Melmetal|0 fnt
|faint|p1a: Melmetal
|
|upkeep
|
|t:|1664854389
|switch|p1a: Blaziken|Blaziken, F|100/100
|turn|75
|
|t:|1664854397
|move|p1a: Blaziken|Flare Blitz|p2a: Quagsire
|-resisted|p2a: Quagsire
|-damage|p2a: Quagsire|79/100
|-damage|p1a: Blaziken|92/100|[from] Recoil
|move|p2a: Quagsire|Earthquake|p1a: Blaziken
|-supereffective|p1a: Blaziken
|-damage|p1a: Blaziken|8/100
|
|-heal|p1a: Blaziken|14/100|[from] item: Leftovers
|-heal|p2a: Quagsire|85/100|[from] item: Leftovers
|-ability|p1a: Blaziken|Speed Boost|boost
|-boost|p1a: Blaziken|spe|1
|upkeep
|turn|76
|
|t:|1664854409
|move|p1a: Blaziken|Close Combat|p2a: Quagsire
|-damage|p2a: Quagsire|37/100
|-unboost|p1a: Blaziken|def|1
|-unboost|p1a: Blaziken|spd|1
|move|p2a: Quagsire|Earthquake|p1a: Blaziken
|-supereffective|p1a: Blaziken
|-damage|p1a: Blaziken|0 fnt
|faint|p1a: Blaziken
|
|win|chansey and lulu
