|j|☆SuperTheoryBros
|j|☆IcarusRe
|t:|1667784449
|gametype|singles
|player|p1|SuperTheoryBros|102|1776
|player|p2|IcarusRe|266|1802
|teamsize|p1|6
|teamsize|p2|6
|gen|8
|tier|[Gen 8] OU
|rated|
|rule|Sleep Clause Mod: Limit one foe put to sleep
|rule|Species Clause: Limit one of each Pokémon
|rule|OHKO Clause: OHKO moves are banned
|rule|Evasion Items Clause: Evasion items are banned
|rule|Evasion Moves Clause: Evasion moves are banned
|rule|Endless Battle Clause: Forcing endless battles is banned
|rule|HP Percentage Mod: HP is shown in percentages
|rule|Dynamax Clause: You cannot dynamax
|clearpoke
|poke|p1|Blissey, F|
|poke|p1|Rillaboom, F|
|poke|p1|Heatran, M|
|poke|p1|Zapdos|
|poke|p1|Dragapult, F|
|poke|p1|Nidoking, M|
|poke|p2|Rillaboom, M|
|poke|p2|Tornadus-Therian, M|
|poke|p2|Blaziken, M|
|poke|p2|Melmetal|
|poke|p2|Garchomp, M|
|poke|p2|Slowbro, F|
|teampreview
|inactive|Battle timer is ON: inactive players will automatically lose when time's up. (requested by IcarusRe)
|
|t:|1667784486
|start
|switch|p1a: Blissey|Blissey, F|100/100
|switch|p2a: Melmetal|Melmetal|100/100
|turn|1
|
|t:|1667784513
|switch|p1a: Zapdos|Zapdos|100/100
|switch|p2a: Garchomp|Garchomp, M|100/100
|
|upkeep
|turn|2
|inactive|SuperTheoryBros has 120 seconds left.
|
|t:|1667784532
|switch|p1a: Heatran|Heatran, M|100/100
|-item|p1a: Heatran|Air Balloon
|move|p2a: Garchomp|Toxic|p1a: Heatran
|-immune|p1a: Heatran
|
|upkeep
|turn|3
|inactive|SuperTheoryBros has 120 seconds left.
|
|t:|1667784550
|switch|p2a: Tornadus|Tornadus-Therian, M|100/100
|move|p1a: Heatran|Stealth Rock|p2a: Tornadus
|-sidestart|p2: IcarusRe|move: Stealth Rock
|
|upkeep
|turn|4
|inactive|SuperTheoryBros has 120 seconds left.
|
|t:|1667784566
|switch|p1a: Blissey|Blissey, F|100/100
|move|p2a: Tornadus|Defog|p1a: Blissey
|-unboost|p1a: Blissey|evasion|1
|-sideend|p2: IcarusRe|Stealth Rock|[from] move: Defog|[of] p2a: Tornadus
|
|upkeep
|turn|5
|
|t:|1667784577
|move|p2a: Tornadus|U-turn|p1a: Blissey
|-damage|p1a: Blissey|86/100
|
|t:|1667784584
|switch|p2a: Garchomp|Garchomp, M|100/100|[from]move: U-turn
|move|p1a: Blissey|Toxic|p2a: Garchomp
|-status|p2a: Garchomp|tox
|
|-damage|p2a: Garchomp|94/100 tox|[from] psn
|upkeep
|turn|6
|inactive|SuperTheoryBros has 120 seconds left.
|
|t:|1667784591
|switch|p2a: Blaziken|Blaziken, M|100/100
|switch|p1a: Heatran|Heatran, M|100/100
|-item|p1a: Heatran|Air Balloon
|
|upkeep
|turn|7
|inactive|SuperTheoryBros has 120 seconds left.
|
|t:|1667784605
|move|p2a: Blaziken|Swords Dance|p2a: Blaziken
|-boost|p2a: Blaziken|atk|2
|move|p1a: Heatran|Earth Power|p2a: Blaziken
|-supereffective|p2a: Blaziken
|-damage|p2a: Blaziken|33/100
|
|-heal|p2a: Blaziken|39/100|[from] item: Leftovers
|-ability|p2a: Blaziken|Speed Boost|boost
|-boost|p2a: Blaziken|spe|1
|upkeep
|turn|8
|inactive|SuperTheoryBros has 120 seconds left.
|
|t:|1667784629
|switch|p1a: Nidoking|Nidoking, M|100/100
|move|p2a: Blaziken|Protect||[still]
|-fail|p2a: Blaziken
|
|-heal|p2a: Blaziken|45/100|[from] item: Leftovers
|-ability|p2a: Blaziken|Speed Boost|boost
|-boost|p2a: Blaziken|spe|1
|upkeep
|turn|9
|
|t:|1667784639
|move|p2a: Blaziken|Protect|p2a: Blaziken
|-singleturn|p2a: Blaziken|Protect
|move|p1a: Nidoking|Earth Power|p2a: Blaziken
|-activate|p2a: Blaziken|move: Protect
|
|-heal|p2a: Blaziken|52/100|[from] item: Leftovers
|-ability|p2a: Blaziken|Speed Boost|boost
|-boost|p2a: Blaziken|spe|1
|upkeep
|turn|10
|
|t:|1667784646
|move|p2a: Blaziken|Flare Blitz|p1a: Nidoking
|-damage|p1a: Nidoking|0 fnt
|faint|p1a: Nidoking
|-damage|p2a: Blaziken|22/100|[from] Recoil
|
|-heal|p2a: Blaziken|28/100|[from] item: Leftovers
|-ability|p2a: Blaziken|Speed Boost|boost
|-boost|p2a: Blaziken|spe|1
|upkeep
|
|t:|1667784671
|switch|p1a: Dragapult|Dragapult, F|100/100
|turn|11
|
|t:|1667784675
|move|p2a: Blaziken|Protect|p2a: Blaziken
|-singleturn|p2a: Blaziken|Protect
|move|p1a: Dragapult|Shadow Ball|p2a: Blaziken
|-activate|p2a: Blaziken|move: Protect
|
|-heal|p2a: Blaziken|34/100|[from] item: Leftovers
|-ability|p2a: Blaziken|Speed Boost|boost
|-boost|p2a: Blaziken|spe|1
|upkeep
|turn|12
|
|t:|1667784685
|switch|p2a: Tornadus|Tornadus-Therian, M|100/100
|move|p1a: Dragapult|Shadow Ball|p2a: Tornadus
|-damage|p2a: Tornadus|48/100
|
|upkeep
|turn|13
|
|t:|1667784693
|switch|p2a: Garchomp|Garchomp, M|94/100 tox
|move|p1a: Dragapult|Shadow Ball|p2a: Garchomp
|-damage|p2a: Garchomp|57/100 tox
|-unboost|p2a: Garchomp|spd|1
|
|-heal|p2a: Garchomp|64/100 tox|[from] item: Leftovers
|-damage|p2a: Garchomp|57/100 tox|[from] psn
|upkeep
|turn|14
|j| Cocoon☁Evolution
|inactive|SuperTheoryBros has 120 seconds left.
|
|t:|1667784716
|switch|p1a: Heatran|Heatran, M|100/100
|-item|p1a: Heatran|Air Balloon
|move|p2a: Garchomp|Stealth Rock|p1a: Heatran
|-sidestart|p1: SuperTheoryBros|move: Stealth Rock
|
|-heal|p2a: Garchomp|64/100 tox|[from] item: Leftovers
|-damage|p2a: Garchomp|51/100 tox|[from] psn
|upkeep
|turn|15
|inactive|SuperTheoryBros has 120 seconds left.
|
|t:|1667784726
|switch|p2a: Tornadus|Tornadus-Therian, M|81/100
|move|p1a: Heatran|Stealth Rock|p2a: Tornadus
|-sidestart|p2: IcarusRe|move: Stealth Rock
|
|upkeep
|turn|16
|inactive|SuperTheoryBros has 120 seconds left.
|
|t:|1667784747
|switch|p1a: Zapdos|Zapdos|100/100
|move|p2a: Tornadus|U-turn|p1a: Zapdos
|-resisted|p1a: Zapdos
|-damage|p1a: Zapdos|95/100
|inactive|IcarusRe has 120 seconds left.
|
|t:|1667784780
|switch|p2a: Rillaboom|Rillaboom, M|100/100|[from]move: U-turn
|-damage|p2a: Rillaboom|88/100|[from] Stealth Rock
|-fieldstart|move: Grassy Terrain|[from] ability: Grassy Surge|[of] p2a: Rillaboom
|
|-heal|p2a: Rillaboom|94/100|[from] Grassy Terrain
|-heal|p2a: Rillaboom|100/100|[from] item: Leftovers
|upkeep
|turn|17
|inactive|SuperTheoryBros has 120 seconds left.
|
|t:|1667784791
|switch|p2a: Melmetal|Melmetal|100/100
|-damage|p2a: Melmetal|94/100|[from] Stealth Rock
|move|p1a: Zapdos|Hurricane|p2a: Melmetal
|-resisted|p2a: Melmetal
|-damage|p2a: Melmetal|74/100
|
|-heal|p2a: Melmetal|80/100|[from] Grassy Terrain
|-heal|p2a: Melmetal|86/100|[from] item: Leftovers
|upkeep
|turn|18
|inactive|SuperTheoryBros has 120 seconds left.
|
|t:|1667784802
|switch|p1a: Heatran|Heatran, M|100/100
|-damage|p1a: Heatran|88/100|[from] Stealth Rock
|-item|p1a: Heatran|Air Balloon
|switch|p2a: Garchomp|Garchomp, M|51/100 tox
|-damage|p2a: Garchomp|45/100 tox|[from] Stealth Rock
|
|-heal|p2a: Garchomp|51/100 tox|[from] Grassy Terrain
|-heal|p2a: Garchomp|57/100 tox|[from] item: Leftovers
|-damage|p2a: Garchomp|51/100 tox|[from] psn
|upkeep
|turn|19
|inactive|SuperTheoryBros has 120 seconds left.
|
|t:|1667784822
|switch|p2a: Tornadus|Tornadus-Therian, M|100/100
|move|p1a: Heatran|Toxic|p2a: Tornadus
|-status|p2a: Tornadus|tox
|
|-damage|p2a: Tornadus|94/100 tox|[from] psn
|upkeep
|turn|20
|
|t:|1667784838
|switch|p1a: Zapdos|Zapdos|95/100
|move|p2a: Tornadus|U-turn|p1a: Zapdos
|-resisted|p1a: Zapdos
|-crit|p1a: Zapdos
|-damage|p1a: Zapdos|87/100
|
|t:|1667784846
|switch|p2a: Garchomp|Garchomp, M|51/100 tox|[from]move: U-turn
|-damage|p2a: Garchomp|45/100 tox|[from] Stealth Rock
|
|-heal|p2a: Garchomp|51/100 tox|[from] Grassy Terrain
|-heal|p2a: Garchomp|57/100 tox|[from] item: Leftovers
|-damage|p2a: Garchomp|51/100 tox|[from] psn
|-fieldend|move: Grassy Terrain
|upkeep
|turn|21
|
|t:|1667784857
|switch|p2a: Tornadus|Tornadus-Therian, M|100/100 tox
|move|p1a: Zapdos|Discharge|p2a: Tornadus
|-supereffective|p2a: Tornadus
|-damage|p2a: Tornadus|34/100 tox
|
|-damage|p2a: Tornadus|28/100 tox|[from] psn
|upkeep
|turn|22
|j| Grovestreetog
|
|t:|1667784878
|move|p2a: Tornadus|Knock Off|p1a: Zapdos
|-damage|p1a: Zapdos|73/100
|-enditem|p1a: Zapdos|Heavy-Duty Boots|[from] move: Knock Off|[of] p2a: Tornadus
|move|p1a: Zapdos|Discharge|p2a: Tornadus
|-supereffective|p2a: Tornadus
|-damage|p2a: Tornadus|0 fnt
|faint|p2a: Tornadus
|
|upkeep
|
|t:|1667784899
|switch|p2a: Garchomp|Garchomp, M|51/100 tox
|-damage|p2a: Garchomp|45/100 tox|[from] Stealth Rock
|turn|23
|
|t:|1667784912
|switch|p1a: Heatran|Heatran, M|88/100
|-damage|p1a: Heatran|76/100|[from] Stealth Rock
|-item|p1a: Heatran|Air Balloon
|switch|p2a: Slowbro|Slowbro, F|100/100
|-damage|p2a: Slowbro|88/100|[from] Stealth Rock
|
|upkeep
|turn|24
|inactive|SuperTheoryBros has 90 seconds left.
|
|t:|1667784945
|switch|p1a: Dragapult|Dragapult, F|100/100
|-damage|p1a: Dragapult|88/100|[from] Stealth Rock
|move|p2a: Slowbro|Teleport|p2a: Slowbro
|
|t:|1667784950
|switch|p2a: Melmetal|Melmetal|86/100|[from]move: Teleport
|-damage|p2a: Melmetal|80/100|[from] Stealth Rock
|
|-heal|p2a: Melmetal|86/100|[from] item: Leftovers
|upkeep
|turn|25
|j| Congwuyu
|l| Congwuyu
|inactive|SuperTheoryBros has 90 seconds left.
|
|t:|1667784967
|switch|p1a: Heatran|Heatran, M|76/100
|-damage|p1a: Heatran|63/100|[from] Stealth Rock
|-item|p1a: Heatran|Air Balloon
|move|p2a: Melmetal|Double Iron Bash|p1a: Heatran
|-resisted|p1a: Heatran
|-damage|p1a: Heatran|56/100
|-enditem|p1a: Heatran|Air Balloon
|-resisted|p1a: Heatran
|-damage|p1a: Heatran|49/100
|-hitcount|p1a: Heatran|2
|
|-heal|p2a: Melmetal|93/100|[from] item: Leftovers
|upkeep
|turn|26
|inactive|SuperTheoryBros has 90 seconds left.
|
|t:|1667784992
|switch|p2a: Slowbro|Slowbro, F|100/100
|-damage|p2a: Slowbro|88/100|[from] Stealth Rock
|move|p1a: Heatran|Magma Storm|p2a: Slowbro
|-resisted|p2a: Slowbro
|-crit|p2a: Slowbro
|-damage|p2a: Slowbro|56/100
|-activate|p2a: Slowbro|move: Magma Storm|[of] p1a: Heatran
|
|-damage|p2a: Slowbro|44/100|[from] move: Magma Storm|[partiallytrapped]
|upkeep
|turn|27
|inactive|SuperTheoryBros has 60 seconds left.
|
|t:|1667785038
|move|p1a: Heatran|Earth Power|p2a: Slowbro
|-damage|p2a: Slowbro|14/100
|move|p2a: Slowbro|Teleport|p2a: Slowbro
|
|t:|1667785042
|switch|p2a: Blaziken|Blaziken, M|34/100|[from]move: Teleport
|-damage|p2a: Blaziken|22/100|[from] Stealth Rock
|
|-heal|p2a: Blaziken|28/100|[from] item: Leftovers
|upkeep
|turn|28
|
|t:|1667785050
|switch|p1a: Dragapult|Dragapult, F|88/100
|-damage|p1a: Dragapult|76/100|[from] Stealth Rock
|move|p2a: Blaziken|Close Combat|p1a: Dragapult
|-immune|p1a: Dragapult
|
|-heal|p2a: Blaziken|34/100|[from] item: Leftovers
|-ability|p2a: Blaziken|Speed Boost|boost
|-boost|p2a: Blaziken|spe|1
|upkeep
|turn|29
|
|t:|1667785060
|move|p2a: Blaziken|Protect|p2a: Blaziken
|-singleturn|p2a: Blaziken|Protect
|move|p1a: Dragapult|Shadow Ball|p2a: Blaziken
|-activate|p2a: Blaziken|move: Protect
|
|-heal|p2a: Blaziken|41/100|[from] item: Leftovers
|-ability|p2a: Blaziken|Speed Boost|boost
|-boost|p2a: Blaziken|spe|1
|upkeep
|turn|30
|
|t:|1667785078
|switch|p2a: Melmetal|Melmetal|93/100
|-damage|p2a: Melmetal|86/100|[from] Stealth Rock
|move|p1a: Dragapult|Shadow Ball|p2a: Melmetal
|-damage|p2a: Melmetal|39/100
|
|-heal|p2a: Melmetal|46/100|[from] item: Leftovers
|upkeep
|turn|31
|inactive|SuperTheoryBros has 60 seconds left.
|
|t:|1667785097
|switch|p1a: Heatran|Heatran, M|49/100
|-damage|p1a: Heatran|37/100|[from] Stealth Rock
|move|p2a: Melmetal|Protect||[still]
|-fail|p2a: Melmetal
|
|-heal|p2a: Melmetal|52/100|[from] item: Leftovers
|upkeep
|turn|32
|inactive|SuperTheoryBros has 60 seconds left.
|
|t:|1667785116
|move|p2a: Melmetal|Protect|p2a: Melmetal
|-singleturn|p2a: Melmetal|Protect
|move|p1a: Heatran|Earth Power|p2a: Melmetal
|-activate|p2a: Melmetal|move: Protect
|
|-heal|p2a: Melmetal|58/100|[from] item: Leftovers
|upkeep
|turn|33
|
|t:|1667785130
|switch|p2a: Rillaboom|Rillaboom, M|100/100
|-damage|p2a: Rillaboom|88/100|[from] Stealth Rock
|-fieldstart|move: Grassy Terrain|[from] ability: Grassy Surge|[of] p2a: Rillaboom
|move|p1a: Heatran|Magma Storm|p2a: Rillaboom
|-supereffective|p2a: Rillaboom
|-damage|p2a: Rillaboom|0 fnt
|faint|p2a: Rillaboom
|
|-heal|p1a: Heatran|43/100|[from] Grassy Terrain
|upkeep
|-message|IcarusRe forfeited.
|
|win|SuperTheoryBros
|raw|SuperTheoryBros's rating: 1776 &rarr; <strong>1797</strong><br />(+21 for winning)
|raw|IcarusRe's rating: 1802 &rarr; <strong>1781</strong><br />(-21 for losing)
|l|☆IcarusRe
|l| Grovestreetog
||Ladder isn't responding, score probably updated but might not have (Request timeout).
