|j|☆bulut
|j|☆friedfreak
|t:|1621150141
|gametype|singles
|player|p1|bulut|1|1575
|player|p2|friedfreak|101|1876
|teamsize|p1|6
|teamsize|p2|6
|gen|8
|tier|[Gen 8] OU
|rated|
|rule|Sleep Clause Mod: Limit one foe put to sleep
|rule|Species Clause: Limit one of each Pokémon
|rule|OHKO Clause: OHKO moves are banned
|rule|Evasion Moves Clause: Evasion moves are banned
|rule|Endless Battle Clause: Forcing endless battles is banned
|rule|HP Percentage Mod: HP is shown in percentages
|rule|Dynamax Clause: You cannot dynamax
|clearpoke
|poke|p1|Blacephalon|
|poke|p1|Reuniclus, M|
|poke|p1|Corviknight, M|
|poke|p1|Blissey, F|
|poke|p1|Zeraora|
|poke|p1|Garchomp, F|
|poke|p2|Mandibuzz, F|
|poke|p2|Urshifu-*, M|
|poke|p2|Slowking, F|
|poke|p2|Nidoking, M|
|poke|p2|Zeraora|
|poke|p2|Ferrothorn, F|
|teampreview
|inactive|Battle timer is ON: inactive players will automatically lose when time's up. (requested by friedfreak)
|j| tess p
|
|t:|1621150156
|start
|switch|p1a: Zeraora|Zeraora|100/100
|switch|p2a: Mandibuzz|Mandibuzz, F|100/100
|turn|1
|
|t:|1621150169
|move|p1a: Zeraora|Plasma Fists|p2a: Mandibuzz
|-supereffective|p2a: Mandibuzz
|-damage|p2a: Mandibuzz|49/100
|move|p2a: Mandibuzz|Foul Play|p1a: Zeraora
|-damage|p1a: Zeraora|44/100
|
|upkeep
|turn|2
|j| zttyt
|
|t:|1621150177
|switch|p2a: Ferrothorn|Ferrothorn, F|100/100
|move|p1a: Zeraora|Knock Off|p2a: Ferrothorn
|-damage|p2a: Ferrothorn|79/100
|-damage|p1a: Zeraora|32/100|[from] ability: Iron Barbs|[of] p2a: Ferrothorn
|-enditem|p2a: Ferrothorn|Leftovers|[from] move: Knock Off|[of] p1a: Zeraora
|
|upkeep
|turn|3
|
|t:|1621150187
|switch|p1a: Garchomp|Garchomp, F|100/100
|move|p2a: Ferrothorn|Knock Off|p1a: Garchomp
|-damage|p1a: Garchomp|81/100
|-damage|p2a: Ferrothorn|66/100|[from] ability: Rough Skin|[of] p1a: Garchomp
|-damage|p2a: Ferrothorn|50/100|[from] item: Rocky Helmet|[of] p1a: Garchomp
|-enditem|p1a: Garchomp|Rocky Helmet|[from] move: Knock Off|[of] p2a: Ferrothorn
|
|upkeep
|turn|4
|
|t:|1621150201
|switch|p1a: Blacephalon|Blacephalon|100/100
|move|p2a: Ferrothorn|Leech Seed|p1a: Blacephalon|[miss]
|-miss|p2a: Ferrothorn|p1a: Blacephalon
|
|upkeep
|turn|5
|
|t:|1621150214
|move|p1a: Blacephalon|Shadow Ball|p2a: Ferrothorn
|-damage|p2a: Ferrothorn|2/100
|move|p2a: Ferrothorn|Knock Off|p1a: Blacephalon
|-supereffective|p1a: Blacephalon
|-damage|p1a: Blacephalon|3/100
|-enditem|p1a: Blacephalon|Choice Specs|[from] move: Knock Off|[of] p2a: Ferrothorn
|
|upkeep
|turn|6
|
|t:|1621150230
|move|p1a: Blacephalon|Shadow Ball|p2a: Ferrothorn
|-damage|p2a: Ferrothorn|0 fnt
|faint|p2a: Ferrothorn
|-ability|p1a: Blacephalon|Beast Boost|boost
|-boost|p1a: Blacephalon|spa|1
|
|upkeep
|
|t:|1621150236
|switch|p2a: Zeraora|Zeraora|100/100
|turn|7
|
|t:|1621150239
|switch|p1a: Garchomp|Garchomp, F|81/100
|move|p2a: Zeraora|Knock Off|p1a: Garchomp
|-damage|p1a: Garchomp|65/100
|-damage|p2a: Zeraora|88/100|[from] ability: Rough Skin|[of] p1a: Garchomp
|
|upkeep
|turn|8
|
|t:|1621150246
|switch|p2a: Mandibuzz|Mandibuzz, F|49/100
|move|p1a: Garchomp|Stealth Rock|p2a: Mandibuzz
|-sidestart|p2: friedfreak|move: Stealth Rock
|
|upkeep
|turn|9
|
|t:|1621150250
|move|p1a: Garchomp|Toxic|p2a: Mandibuzz
|-status|p2a: Mandibuzz|tox
|move|p2a: Mandibuzz|Roost|p2a: Mandibuzz
|-heal|p2a: Mandibuzz|99/100 tox
|-singleturn|p2a: Mandibuzz|move: Roost
|
|-damage|p2a: Mandibuzz|93/100 tox|[from] psn
|upkeep
|turn|10
|
|t:|1621150256
|move|p1a: Garchomp|Rest|p1a: Garchomp
|-status|p1a: Garchomp|slp|[from] move: Rest
|-heal|p1a: Garchomp|100/100 slp|[silent]
|move|p2a: Mandibuzz|Toxic||[still]
|-fail|p2a: Mandibuzz
|
|-damage|p2a: Mandibuzz|81/100 tox|[from] psn
|upkeep
|turn|11
|
|t:|1621150265
|switch|p1a: Corviknight|Corviknight, M|100/100
|-ability|p1a: Corviknight|Pressure
|move|p2a: Mandibuzz|Defog|p1a: Corviknight
|-unboost|p1a: Corviknight|evasion|1
|-sideend|p2: friedfreak|Stealth Rock|[from] move: Defog|[of] p2a: Mandibuzz
|
|-damage|p2a: Mandibuzz|62/100 tox|[from] psn
|upkeep
|turn|12
|
|t:|1621150283
|switch|p2a: Urshifu|Urshifu-Rapid-Strike, M|100/100
|move|p1a: Corviknight|U-turn|p2a: Urshifu
|-resisted|p2a: Urshifu
|-damage|p2a: Urshifu|94/100
|
|t:|1621150289
|switch|p1a: Reuniclus|Reuniclus, M|100/100|[from]move: U-turn
|
|upkeep
|turn|13
|
|t:|1621150294
|move|p2a: Urshifu|U-turn|p1a: Reuniclus
|-supereffective|p1a: Reuniclus
|-damage|p1a: Reuniclus|42/100
|
|t:|1621150304
|switch|p2a: Zeraora|Zeraora|88/100|[from]move: U-turn
|move|p1a: Reuniclus|Psyshock|p2a: Zeraora
|-damage|p2a: Zeraora|30/100
|
|upkeep
|turn|14
|
|t:|1621150310
|switch|p1a: Garchomp|Garchomp, F|100/100 slp
|move|p2a: Zeraora|Knock Off|p1a: Garchomp
|-damage|p1a: Garchomp|82/100 slp
|-damage|p2a: Zeraora|18/100|[from] ability: Rough Skin|[of] p1a: Garchomp
|
|upkeep
|turn|15
|
|t:|1621150322
|switch|p2a: Urshifu|Urshifu-Rapid-Strike, M|94/100
|switch|p1a: Reuniclus|Reuniclus, M|42/100
|
|upkeep
|turn|16
|
|t:|1621150331
|switch|p1a: Garchomp|Garchomp, F|82/100 slp
|move|p2a: Urshifu|Surging Strikes|p1a: Garchomp
|-crit|p1a: Garchomp
|-damage|p1a: Garchomp|56/100 slp
|-damage|p2a: Urshifu|81/100|[from] ability: Rough Skin|[of] p1a: Garchomp
|-crit|p1a: Garchomp
|-damage|p1a: Garchomp|30/100 slp
|-damage|p2a: Urshifu|69/100|[from] ability: Rough Skin|[of] p1a: Garchomp
|-crit|p1a: Garchomp
|-damage|p1a: Garchomp|7/100 slp
|-damage|p2a: Urshifu|57/100|[from] ability: Rough Skin|[of] p1a: Garchomp
|-hitcount|p1a: Garchomp|3
|
|upkeep
|turn|17
|
|t:|1621150337
|cant|p1a: Garchomp|slp
|move|p2a: Urshifu|Surging Strikes|p1a: Garchomp
|-crit|p1a: Garchomp
|-damage|p1a: Garchomp|0 fnt
|-damage|p2a: Urshifu|44/100|[from] ability: Rough Skin|[of] p1a: Garchomp
|faint|p1a: Garchomp
|-hitcount|p1: Garchomp|1
|
|upkeep
|
|t:|1621150355
|switch|p1a: Zeraora|Zeraora|32/100
|turn|18
|
|t:|1621150364
|switch|p2a: Nidoking|Nidoking, M|100/100
|move|p1a: Zeraora|Plasma Fists|p2a: Nidoking
|-immune|p2a: Nidoking
|
|upkeep
|turn|19
|
|t:|1621150369
|switch|p1a: Blissey|Blissey, F|100/100
|move|p2a: Nidoking|Stealth Rock|p1a: Blissey
|-sidestart|p1: bulut|move: Stealth Rock
|
|upkeep
|turn|20
|
|t:|1621150378
|switch|p2a: Slowking|Slowking, F|100/100
|move|p1a: Blissey|Teleport|p1a: Blissey
|
|t:|1621150381
|switch|p1a: Reuniclus|Reuniclus, M|42/100|[from]move: Teleport
|
|upkeep
|turn|21
|
|t:|1621150399
|move|p1a: Reuniclus|Recover|p1a: Reuniclus
|-heal|p1a: Reuniclus|92/100
|move|p2a: Slowking|Scald|p1a: Reuniclus
|-damage|p1a: Reuniclus|67/100
|-status|p1a: Reuniclus|brn
|
|upkeep
|turn|22
|
|t:|1621150405
|move|p1a: Reuniclus|Calm Mind|p1a: Reuniclus
|-boost|p1a: Reuniclus|spa|1
|-boost|p1a: Reuniclus|spd|1
|move|p2a: Slowking|Teleport|p2a: Slowking
|
|t:|1621150408
|switch|p2a: Urshifu|Urshifu-Rapid-Strike, M|44/100|[from]move: Teleport
|
|upkeep
|turn|23
|
|t:|1621150416
|move|p2a: Urshifu|Surging Strikes|p1a: Reuniclus
|-crit|p1a: Reuniclus
|-damage|p1a: Reuniclus|45/100 brn
|-crit|p1a: Reuniclus
|-damage|p1a: Reuniclus|21/100 brn
|-crit|p1a: Reuniclus
|-damage|p1a: Reuniclus|0 fnt
|faint|p1a: Reuniclus
|-hitcount|p1: Reuniclus|3
|
|upkeep
|
|t:|1621150425
|switch|p1a: Corviknight|Corviknight, M|100/100
|-damage|p1a: Corviknight|88/100|[from] Stealth Rock
|-ability|p1a: Corviknight|Pressure
|turn|24
|
|t:|1621150432
|switch|p2a: Nidoking|Nidoking, M|100/100
|move|p1a: Corviknight|Brave Bird|p2a: Nidoking
|-damage|p2a: Nidoking|46/100
|-damage|p1a: Corviknight|74/100|[from] Recoil
|
|upkeep
|turn|25
|
|t:|1621150439
|switch|p1a: Blissey|Blissey, F|100/100
|move|p2a: Nidoking|Flamethrower|p1a: Blissey
|-damage|p1a: Blissey|85/100
|
|upkeep
|turn|26
|
|t:|1621150461
|switch|p2a: Slowking|Slowking, F|100/100
|move|p1a: Blissey|Teleport|p1a: Blissey
|
|t:|1621150468
|switch|p1a: Zeraora|Zeraora|32/100|[from]move: Teleport
|
|upkeep
|turn|27
|l| zttyt
|
|t:|1621150476
|move|p1a: Zeraora|Volt Switch|p2a: Slowking
|-supereffective|p2a: Slowking
|-damage|p2a: Slowking|76/100
|
|t:|1621150479
|switch|p1a: Blissey|Blissey, F|85/100|[from]move: Volt Switch
|move|p2a: Slowking|Scald|p1a: Blissey
|-damage|p1a: Blissey|74/100
|-status|p1a: Blissey|brn
|
|-damage|p1a: Blissey|68/100 brn|[from] brn
|upkeep
|turn|28
|
|t:|1621150486
|move|p1a: Blissey|Seismic Toss|p2a: Slowking
|-damage|p2a: Slowking|51/100
|move|p2a: Slowking|Future Sight|p1a: Blissey
|-start|p2a: Slowking|move: Future Sight
|
|-damage|p1a: Blissey|62/100 brn|[from] brn
|upkeep
|turn|29
|
|t:|1621150490
|move|p1a: Blissey|Thunder Wave|p2a: Slowking
|-status|p2a: Slowking|par
|move|p2a: Slowking|Teleport|p2a: Slowking
|
|t:|1621150502
|switch|p2a: Urshifu|Urshifu-Rapid-Strike, M|44/100|[from]move: Teleport
|
|-damage|p1a: Blissey|56/100 brn|[from] brn
|upkeep
|turn|30
|
|t:|1621150510
|switch|p1a: Blacephalon|Blacephalon|3/100
|-damage|p1a: Blacephalon|0 fnt|[from] Stealth Rock
|faint|p1a: Blacephalon
|move|p2a: Urshifu|Close Combat|p1: Blacephalon|[notarget]
|-fail|p2a: Urshifu
|
|-hint|Future Sight did not hit because the target is fainted.
|upkeep
|
|t:|1621150514
|switch|p1a: Zeraora|Zeraora|32/100
|turn|31
|
|t:|1621150531
|switch|p2a: Mandibuzz|Mandibuzz, F|62/100 tox
|move|p1a: Zeraora|Close Combat|p2a: Mandibuzz
|-damage|p2a: Mandibuzz|42/100 tox
|-unboost|p1a: Zeraora|def|1
|-unboost|p1a: Zeraora|spd|1
|
|-damage|p2a: Mandibuzz|36/100 tox|[from] psn
|upkeep
|turn|32
|
|t:|1621150542
|move|p1a: Zeraora|Plasma Fists|p2a: Mandibuzz
|-supereffective|p2a: Mandibuzz
|-damage|p2a: Mandibuzz|0 fnt
|faint|p2a: Mandibuzz
|
|upkeep
|
|t:|1621150553
|switch|p2a: Nidoking|Nidoking, M|46/100
|turn|33
|
|t:|1621150562
|switch|p1a: Blissey|Blissey, F|56/100
|move|p2a: Nidoking|Sludge Wave|p1a: Blissey
|-damage|p1a: Blissey|31/100
|
|upkeep
|turn|34
|
|t:|1621150571
|switch|p2a: Urshifu|Urshifu-Rapid-Strike, M|44/100
|move|p1a: Blissey|Seismic Toss|p2a: Urshifu
|-damage|p2a: Urshifu|15/100
|
|upkeep
|turn|35
|
|t:|1621150581
|switch|p1a: Corviknight|Corviknight, M|74/100
|-damage|p1a: Corviknight|62/100|[from] Stealth Rock
|-ability|p1a: Corviknight|Pressure
|move|p2a: Urshifu|Close Combat|p1a: Corviknight
|-damage|p1a: Corviknight|3/100
|-unboost|p2a: Urshifu|def|1
|-unboost|p2a: Urshifu|spd|1
|-damage|p2a: Urshifu|0 fnt|[from] item: Rocky Helmet|[of] p1a: Corviknight
|faint|p2a: Urshifu
|
|upkeep
|
|t:|1621150597
|switch|p2a: Zeraora|Zeraora|18/100
|turn|36
|l| tess p
|
|t:|1621150607
|move|p2a: Zeraora|Knock Off|p1a: Corviknight
|-damage|p1a: Corviknight|0 fnt
|-damage|p2a: Zeraora|2/100|[from] item: Rocky Helmet|[of] p1a: Corviknight
|-enditem|p1a: Corviknight|Rocky Helmet|[from] move: Knock Off|[of] p2a: Zeraora
|faint|p1a: Corviknight
|
|upkeep
|
|t:|1621150611
|switch|p1a: Zeraora|Zeraora|32/100
|turn|37
|
|t:|1621150621
|move|p2a: Zeraora|Close Combat|p1a: Zeraora
|-damage|p1a: Zeraora|0 fnt
|-unboost|p2a: Zeraora|def|1
|-unboost|p2a: Zeraora|spd|1
|faint|p1a: Zeraora
|
|upkeep
|
|t:|1621150624
|switch|p1a: Blissey|Blissey, F|31/100
|turn|38
|
|t:|1621150627
|move|p2a: Zeraora|Close Combat|p1a: Blissey
|-supereffective|p1a: Blissey
|-damage|p1a: Blissey|0 fnt
|-unboost|p2a: Zeraora|def|1
|-unboost|p2a: Zeraora|spd|1
|faint|p1a: Blissey
|
|win|friedfreak
|raw|bulut's rating: 1575 &rarr; <strong>1569</strong><br />(-6 for losing)
|raw|friedfreak's rating: 1876 &rarr; <strong>1882</strong><br />(+6 for winning)
|l|☆friedfreak
