|raw|<div class="broadcast-blue"><strong>This battle is required to be public due to a player having a name starting with 'lt94je'.</div>
|j|☆bramitoboy
|j|☆LT94JE Fuse
|t:|1661510746
|gametype|singles
|player|p1|bramitoboy|1|1868
|player|p2|LT94JE Fuse|yellow|1812
|teamsize|p1|6
|teamsize|p2|6
|gen|8
|tier|[Gen 8] OU
|rated|
|rule|Sleep Clause Mod: Limit one foe put to sleep
|rule|Species Clause: Limit one of each Pokémon
|rule|OHKO Clause: OHKO moves are banned
|rule|Evasion Items Clause: Evasion items are banned
|rule|Evasion Moves Clause: Evasion moves are banned
|rule|Endless Battle Clause: Forcing endless battles is banned
|rule|HP Percentage Mod: HP is shown in percentages
|rule|Dynamax Clause: You cannot dynamax
|clearpoke
|poke|p1|Zarude-Dada|
|poke|p1|Keldeo-Resolute|
|poke|p1|Tapu Lele|
|poke|p1|Tapu Koko|
|poke|p1|Heatran, M|
|poke|p1|Landorus-Therian, M|
|poke|p2|Necrozma|
|poke|p2|Tapu Lele|
|poke|p2|Urshifu-*, F|
|poke|p2|Tornadus-Therian, M|
|poke|p2|Gastrodon, M|
|poke|p2|Heatran, F|
|teampreview
|j| SigmaMW
|inactive|Battle timer is ON: inactive players will automatically lose when time's up. (requested by bramitoboy)
|c|☆LT94JE Fuse|Hf
|
|t:|1661510794
|start
|switch|p1a: Tapu Koko|Tapu Koko|100/100
|switch|p2a: Urshifu|Urshifu-Rapid-Strike, F|100/100
|-fieldstart|move: Electric Terrain|[from] ability: Electric Surge|[of] p1a: Tapu Koko
|turn|1
|c|☆bramitoboy|u2
|
|t:|1661510801
|switch|p2a: Heatran|Heatran, F|100/100
|move|p1a: Tapu Koko|Volt Switch|p2a: Heatran
|-crit|p2a: Heatran
|-damage|p2a: Heatran|51/100
|
|t:|1661510807
|switch|p1a: Keldeo|Keldeo-Resolute|100/100|[from]move: Volt Switch
|
|-heal|p2a: Heatran|57/100|[from] item: Leftovers
|upkeep
|turn|2
|j| Gwaaarn
|inactive|LT94JE Fuse has 120 seconds left.
|j| PULT4T2 yovan33321
|j| Mimikyu Stardust
|inactive|LT94JE Fuse has 90 seconds left.
|
|t:|1661510881
|switch|p2a: Tapu Lele|Tapu Lele|100/100
|-fieldstart|move: Psychic Terrain|[from] ability: Psychic Surge|[of] p2a: Tapu Lele
|move|p1a: Keldeo|Substitute|p1a: Keldeo
|-start|p1a: Keldeo|Substitute
|-damage|p1a: Keldeo|75/100
|
|-heal|p1a: Keldeo|82/100|[from] item: Leftovers
|upkeep
|turn|3
|
|t:|1661510901
|move|p2a: Tapu Lele|Moonblast|p1a: Keldeo
|-supereffective|p1a: Keldeo
|-end|p1a: Keldeo|Substitute
|move|p1a: Keldeo|Scald|p2a: Tapu Lele
|-damage|p2a: Tapu Lele|53/100
|
|-heal|p1a: Keldeo|88/100|[from] item: Leftovers
|upkeep
|turn|4
|inactive|LT94JE Fuse has 90 seconds left.
|
|t:|1661510918
|switch|p2a: Urshifu|Urshifu-Rapid-Strike, F|100/100
|switch|p1a: Heatran|Heatran, M|100/100
|-item|p1a: Heatran|Air Balloon
|
|upkeep
|turn|5
|
|t:|1661510925
|switch|p1a: Landorus|Landorus-Therian, M|100/100
|-ability|p1a: Landorus|Intimidate|boost
|-unboost|p2a: Urshifu|atk|1
|move|p2a: Urshifu|Surging Strikes|p1a: Landorus
|-supereffective|p1a: Landorus
|-crit|p1a: Landorus
|-damage|p1a: Landorus|55/100
|-damage|p2a: Urshifu|84/100|[from] item: Rocky Helmet|[of] p1a: Landorus
|-supereffective|p1a: Landorus
|-crit|p1a: Landorus
|-damage|p1a: Landorus|9/100
|-damage|p2a: Urshifu|68/100|[from] item: Rocky Helmet|[of] p1a: Landorus
|-supereffective|p1a: Landorus
|-crit|p1a: Landorus
|-damage|p1a: Landorus|0 fnt
|-damage|p2a: Urshifu|51/100|[from] item: Rocky Helmet|[of] p1a: Landorus
|faint|p1a: Landorus
|-hitcount|p1: Landorus|3
|
|upkeep
|j| gouern
|
|t:|1661510939
|switch|p1a: Tapu Koko|Tapu Koko|100/100
|-fieldstart|move: Electric Terrain|[from] ability: Electric Surge|[of] p1a: Tapu Koko
|turn|6
|inactive|LT94JE Fuse has 90 seconds left.
|j| shaqfrombasketball
|
|t:|1661510971
|switch|p2a: Gastrodon|Gastrodon, M|100/100
|move|p1a: Tapu Koko|Toxic|p2a: Gastrodon
|-status|p2a: Gastrodon|tox
|
|-damage|p2a: Gastrodon|94/100 tox|[from] psn
|upkeep
|turn|7
|
|t:|1661510978
|switch|p1a: Keldeo|Keldeo-Resolute|88/100
|move|p2a: Gastrodon|Scald|p1a: Keldeo
|-resisted|p1a: Keldeo
|-damage|p1a: Keldeo|73/100
|
|-heal|p1a: Keldeo|79/100|[from] item: Leftovers
|-heal|p2a: Gastrodon|100/100 tox|[from] item: Leftovers
|-damage|p2a: Gastrodon|88/100 tox|[from] psn
|upkeep
|turn|8
|inactive|LT94JE Fuse has 90 seconds left.
|j| prsdnt
|inactive|LT94JE Fuse has 60 seconds left.
|j| Quagshi
|
|t:|1661511029
|switch|p2a: Necrozma|Necrozma|100/100
|move|p1a: Keldeo|Substitute|p1a: Keldeo
|-start|p1a: Keldeo|Substitute
|-damage|p1a: Keldeo|54/100
|
|-heal|p1a: Keldeo|60/100|[from] item: Leftovers
|upkeep
|turn|9
|
|t:|1661511040
|move|p1a: Keldeo|Scald|p2a: Necrozma
|-damage|p2a: Necrozma|56/100
|move|p2a: Necrozma|Photon Geyser|p1a: Keldeo
|-supereffective|p1a: Keldeo
|-end|p1a: Keldeo|Substitute
|
|-heal|p1a: Keldeo|66/100|[from] item: Leftovers
|upkeep
|turn|10
|inactive|LT94JE Fuse has 60 seconds left.
|j| LT94JE Shuckle
|
|t:|1661511075
|switch|p2a: Tornadus|Tornadus-Therian, M|100/100
|move|p1a: Keldeo|Substitute|p1a: Keldeo
|-start|p1a: Keldeo|Substitute
|-damage|p1a: Keldeo|41/100
|
|-heal|p1a: Keldeo|47/100|[from] item: Leftovers
|-fieldend|move: Electric Terrain
|upkeep
|turn|11
|
|t:|1661511077
|move|p2a: Tornadus|U-turn|p1a: Keldeo
|-resisted|p1a: Keldeo
|-activate|p1a: Keldeo|move: Substitute|[damage]
|
|t:|1661511079
|switch|p2a: Gastrodon|Gastrodon, M|88/100 tox|[from]move: U-turn
|move|p1a: Keldeo|Scald|p2a: Gastrodon
|-ability|p2a: Gastrodon|Storm Drain|boost
|-boost|p2a: Gastrodon|spa|1
|
|-heal|p1a: Keldeo|54/100|[from] item: Leftovers
|-heal|p2a: Gastrodon|94/100 tox|[from] item: Leftovers
|-damage|p2a: Gastrodon|88/100 tox|[from] psn
|upkeep
|turn|12
|
|t:|1661511086
|move|p1a: Keldeo|Secret Sword|p2a: Gastrodon
|-damage|p2a: Gastrodon|38/100 tox
|move|p2a: Gastrodon|Earth Power|p1a: Keldeo
|-end|p1a: Keldeo|Substitute
|
|-heal|p1a: Keldeo|60/100|[from] item: Leftovers
|-heal|p2a: Gastrodon|44/100 tox|[from] item: Leftovers
|-damage|p2a: Gastrodon|31/100 tox|[from] psn
|upkeep
|turn|13
|j| PlayinMite
|
|t:|1661511093
|switch|p2a: Tornadus|Tornadus-Therian, M|100/100
|move|p1a: Keldeo|Substitute|p1a: Keldeo
|-start|p1a: Keldeo|Substitute
|-damage|p1a: Keldeo|35/100
|
|-heal|p1a: Keldeo|41/100|[from] item: Leftovers
|upkeep
|turn|14
|
|t:|1661511096
|move|p2a: Tornadus|Heat Wave|p1a: Keldeo
|-resisted|p1a: Keldeo
|-activate|p1a: Keldeo|move: Substitute|[damage]
|move|p1a: Keldeo|Secret Sword|p2a: Tornadus
|-resisted|p2a: Tornadus
|-damage|p2a: Tornadus|78/100
|
|-heal|p1a: Keldeo|47/100|[from] item: Leftovers
|upkeep
|turn|15
|
|t:|1661511101
|move|p2a: Tornadus|Heat Wave|p1a: Keldeo
|-resisted|p1a: Keldeo
|-crit|p1a: Keldeo
|-end|p1a: Keldeo|Substitute
|move|p1a: Keldeo|Calm Mind|p1a: Keldeo
|-boost|p1a: Keldeo|spa|1
|-boost|p1a: Keldeo|spd|1
|
|-heal|p1a: Keldeo|53/100|[from] item: Leftovers
|upkeep
|turn|16
|j| LuMa#6395
|l| LT94JE Shuckle
|
|t:|1661511108
|move|p2a: Tornadus|Knock Off|p1a: Keldeo
|-resisted|p1a: Keldeo
|-damage|p1a: Keldeo|42/100
|-ability|p1a: Keldeo|Justified|boost
|-boost|p1a: Keldeo|atk|1
|-enditem|p1a: Keldeo|Leftovers|[from] move: Knock Off|[of] p2a: Tornadus
|move|p1a: Keldeo|Substitute|p1a: Keldeo
|-start|p1a: Keldeo|Substitute
|-damage|p1a: Keldeo|17/100
|
|upkeep
|turn|17
|l| Mimikyu Stardust
|inactive|LT94JE Fuse has 90 seconds left.
|
|t:|1661511142
|move|p2a: Tornadus|Heat Wave|p1a: Keldeo
|-resisted|p1a: Keldeo
|-activate|p1a: Keldeo|move: Substitute|[damage]
|move|p1a: Keldeo|Scald|p2a: Tornadus
|-damage|p2a: Tornadus|18/100
|-status|p2a: Tornadus|brn
|
|-damage|p2a: Tornadus|12/100 brn|[from] brn
|upkeep
|turn|18
|
|t:|1661511150
|move|p2a: Tornadus|U-turn|p1a: Keldeo
|-resisted|p1a: Keldeo
|-activate|p1a: Keldeo|move: Substitute|[damage]
|
|t:|1661511152
|switch|p2a: Gastrodon|Gastrodon, M|31/100 tox|[from]move: U-turn
|move|p1a: Keldeo|Secret Sword|p2a: Gastrodon
|-damage|p2a: Gastrodon|0 fnt
|faint|p2a: Gastrodon
|
|upkeep
|
|t:|1661511159
|switch|p2a: Necrozma|Necrozma|56/100
|turn|19
|
|t:|1661511162
|move|p1a: Keldeo|Scald|p2a: Necrozma
|-damage|p2a: Necrozma|0 fnt
|faint|p2a: Necrozma
|
|upkeep
|c|☆LT94JE Fuse|Gg
|c|☆bramitoboy|gg
|
|t:|1661511168
|switch|p2a: Urshifu|Urshifu-Rapid-Strike, F|51/100
|turn|20
|
|t:|1661511173
|move|p1a: Keldeo|Secret Sword|p2a: Urshifu
|-damage|p2a: Urshifu|0 fnt
|faint|p2a: Urshifu
|
|upkeep
|l| PlayinMite
|-message|LT94JE Fuse forfeited.
|
|win|bramitoboy
|raw|bramitoboy's rating: 1868 &rarr; <strong>1885</strong><br />(+17 for winning)
|raw|LT94JE Fuse's rating: 1812 &rarr; <strong>1795</strong><br />(-17 for losing)
|j| Auleng
|l|☆bramitoboy
|l| Quagshi
|l| gouern
|l|☆LT94JE Fuse
