|j|☆friedfreak
|j|☆SkipTheDripBayless
|t:|1664944666
|gametype|singles
|player|p1|friedfreak|169|1799
|player|p2|SkipTheDripBayless|#roaladder|1860
|teamsize|p1|6
|teamsize|p2|6
|gen|8
|tier|[Gen 8] OU
|rated|
|rule|Sleep Clause Mod: Limit one foe put to sleep
|rule|Species Clause: Limit one of each Pokémon
|rule|OHKO Clause: OHKO moves are banned
|rule|Evasion Items Clause: Evasion items are banned
|rule|Evasion Moves Clause: Evasion moves are banned
|rule|Endless Battle Clause: Forcing endless battles is banned
|rule|HP Percentage Mod: HP is shown in percentages
|rule|Dynamax Clause: You cannot dynamax
|clearpoke
|poke|p1|Tapu Lele|
|poke|p1|Hippowdon, M|
|poke|p1|Corviknight, F|
|poke|p1|Dragapult, M|
|poke|p1|Rotom-Wash|
|poke|p1|Ferrothorn, F|
|poke|p2|Tapu Koko|
|poke|p2|Dragapult, M|
|poke|p2|Suicune|
|poke|p2|Cresselia, F|
|poke|p2|Volcarona, M|
|poke|p2|Heatran, F|
|teampreview
|inactive|Battle timer is ON: inactive players will automatically lose when time's up. (requested by friedfreak)
|
|t:|1664944688
|start
|switch|p1a: Hippowdon|Hippowdon, M|100/100
|switch|p2a: Cresselia|Cresselia, F, shiny|100/100
|-weather|Sandstorm|[from] ability: Sand Stream|[of] p1a: Hippowdon
|turn|1
|
|t:|1664944691
|move|p2a: Cresselia|Trick|p1a: Hippowdon
|-activate|p2a: Cresselia|move: Trick|[of] p1a: Hippowdon
|-item|p1a: Hippowdon|Choice Scarf|[from] move: Trick
|-item|p2a: Cresselia|Leftovers|[from] move: Trick
|move|p1a: Hippowdon|Toxic|p2a: Cresselia|[miss]
|-miss|p1a: Hippowdon|p2a: Cresselia
|
|-weather|Sandstorm|[upkeep]
|-damage|p2a: Cresselia|94/100|[from] Sandstorm
|-heal|p2a: Cresselia|100/100|[from] item: Leftovers
|upkeep
|turn|2
|
|t:|1664944699
|switch|p2a: Heatran|Heatran, F, shiny|100/100
|-item|p2a: Heatran|Air Balloon
|switch|p1a: Ferrothorn|Ferrothorn, F|100/100
|
|-weather|Sandstorm|[upkeep]
|upkeep
|turn|3
|j| FunHaver3000
|
|t:|1664944705
|switch|p1a: Rotom|Rotom-Wash|100/100
|move|p2a: Heatran|Stealth Rock|p1a: Rotom
|-sidestart|p1: friedfreak|move: Stealth Rock
|
|-weather|Sandstorm|[upkeep]
|-damage|p1a: Rotom|94/100|[from] Sandstorm
|-heal|p1a: Rotom|100/100|[from] item: Leftovers
|upkeep
|turn|4
|
|t:|1664944708
|move|p2a: Heatran|Toxic|p1a: Rotom
|-status|p1a: Rotom|tox
|move|p1a: Rotom|Volt Switch|p2a: Heatran
|-damage|p2a: Heatran|81/100
|-enditem|p2a: Heatran|Air Balloon
|
|t:|1664944711
|switch|p1a: Hippowdon|Hippowdon, M|100/100|[from]move: Volt Switch
|-damage|p1a: Hippowdon|94/100|[from] Stealth Rock
|
|-weather|Sandstorm|[upkeep]
|upkeep
|turn|5
|
|t:|1664944720
|switch|p2a: Dragapult|Dragapult, M, shiny|100/100
|move|p1a: Hippowdon|Stealth Rock|p2a: Dragapult
|-sidestart|p2: SkipTheDripBayless|move: Stealth Rock
|
|-weather|none
|upkeep
|turn|6
|
|t:|1664944725
|switch|p1a: Corviknight|Corviknight, F|100/100
|-damage|p1a: Corviknight|88/100|[from] Stealth Rock
|-ability|p1a: Corviknight|Pressure
|move|p2a: Dragapult|Light Screen|p2a: Dragapult
|-sidestart|p2: SkipTheDripBayless|move: Light Screen
|
|-heal|p1a: Corviknight|94/100|[from] item: Leftovers
|upkeep
|turn|7
|j| haaduki
|
|t:|1664944737
|move|p2a: Dragapult|Thunder Wave|p1a: Corviknight|[miss]
|-miss|p2a: Dragapult|p1a: Corviknight
|move|p1a: Corviknight|U-turn|p2a: Dragapult
|-resisted|p2a: Dragapult
|-damage|p2a: Dragapult|93/100
|
|t:|1664944741
|switch|p1a: Ferrothorn|Ferrothorn, F|100/100|[from]move: U-turn
|-damage|p1a: Ferrothorn|94/100|[from] Stealth Rock
|
|-heal|p1a: Ferrothorn|100/100|[from] item: Leftovers
|upkeep
|turn|8
|
|t:|1664944747
|move|p2a: Dragapult|U-turn|p1a: Ferrothorn
|-damage|p1a: Ferrothorn|90/100
|-damage|p2a: Dragapult|80/100|[from] ability: Iron Barbs|[of] p1a: Ferrothorn
|
|t:|1664944749
|switch|p2a: Heatran|Heatran, F, shiny|81/100|[from]move: U-turn
|-damage|p2a: Heatran|69/100|[from] Stealth Rock
|move|p1a: Ferrothorn|Spikes|p2a: Heatran
|-sidestart|p2: SkipTheDripBayless|Spikes
|
|-heal|p1a: Ferrothorn|97/100|[from] item: Leftovers
|upkeep
|turn|9
|j| Palladiawa A
|
|t:|1664944759
|switch|p2a: Volcarona|Volcarona, M, shiny|100/100
|switch|p1a: Hippowdon|Hippowdon, M|94/100
|-damage|p1a: Hippowdon|88/100|[from] Stealth Rock
|-weather|Sandstorm|[from] ability: Sand Stream|[of] p1a: Hippowdon
|
|-weather|Sandstorm|[upkeep]
|-damage|p2a: Volcarona|94/100|[from] Sandstorm
|upkeep
|turn|10
|
|t:|1664944764
|move|p2a: Volcarona|Substitute|p2a: Volcarona
|-start|p2a: Volcarona|Substitute
|-damage|p2a: Volcarona|70/100
|move|p1a: Hippowdon|Earthquake|p2a: Volcarona
|-end|p2a: Volcarona|Substitute
|
|-weather|Sandstorm|[upkeep]
|-damage|p2a: Volcarona|64/100|[from] Sandstorm
|upkeep
|turn|11
|
|t:|1664944767
|move|p2a: Volcarona|Quiver Dance|p2a: Volcarona
|-boost|p2a: Volcarona|spa|1
|-boost|p2a: Volcarona|spd|1
|-boost|p2a: Volcarona|spe|1
|move|p1a: Hippowdon|Earthquake|p2a: Volcarona
|-damage|p2a: Volcarona|7/100
|
|-weather|Sandstorm|[upkeep]
|-damage|p2a: Volcarona|0 fnt|[from] Sandstorm
|faint|p2a: Volcarona
|upkeep
|l| haaduki
|
|t:|1664944781
|switch|p2a: Suicune|Suicune|100/100
|-damage|p2a: Suicune|88/100|[from] Stealth Rock
|-damage|p2a: Suicune|76/100|[from] Spikes
|-ability|p2a: Suicune|Pressure
|turn|12
|
|t:|1664944793
|move|p2a: Suicune|Calm Mind|p2a: Suicune
|-boost|p2a: Suicune|spa|1
|-boost|p2a: Suicune|spd|1
|move|p1a: Hippowdon|Earthquake|p2a: Suicune
|-damage|p2a: Suicune|49/100
|
|-weather|Sandstorm|[upkeep]
|-damage|p2a: Suicune|43/100|[from] Sandstorm
|-heal|p2a: Suicune|49/100|[from] item: Leftovers
|upkeep
|turn|13
|
|t:|1664944799
|move|p2a: Suicune|Scald|p1a: Hippowdon
|-supereffective|p1a: Hippowdon
|-damage|p1a: Hippowdon|37/100
|move|p1a: Hippowdon|Earthquake|p2a: Suicune
|-damage|p2a: Suicune|24/100
|
|-weather|none
|-heal|p2a: Suicune|30/100|[from] item: Leftovers
|-sideend|p2: SkipTheDripBayless|move: Light Screen
|upkeep
|turn|14
|j| ydk916
|
|t:|1664944809
|move|p2a: Suicune|Scald|p1a: Hippowdon
|-supereffective|p1a: Hippowdon
|-damage|p1a: Hippowdon|0 fnt
|faint|p1a: Hippowdon
|
|-heal|p2a: Suicune|36/100|[from] item: Leftovers
|upkeep
|
|t:|1664944812
|switch|p1a: Tapu Lele|Tapu Lele|100/100
|-damage|p1a: Tapu Lele|88/100|[from] Stealth Rock
|-fieldstart|move: Psychic Terrain|[from] ability: Psychic Surge|[of] p1a: Tapu Lele
|turn|15
|
|t:|1664944814
|move|p2a: Suicune|Protect|p2a: Suicune
|-singleturn|p2a: Suicune|Protect
|move|p1a: Tapu Lele|Psyshock|p2a: Suicune
|-activate|p2a: Suicune|move: Protect
|
|-heal|p2a: Suicune|42/100|[from] item: Leftovers
|upkeep
|turn|16
|
|t:|1664944817
|switch|p2a: Cresselia|Cresselia, F, shiny|100/100
|-damage|p2a: Cresselia|88/100|[from] Stealth Rock
|move|p1a: Tapu Lele|Psyshock|p2a: Cresselia
|-resisted|p2a: Cresselia
|-damage|p2a: Cresselia|66/100
|
|-heal|p2a: Cresselia|72/100|[from] item: Leftovers
|upkeep
|turn|17
|
|t:|1664944825
|switch|p1a: Ferrothorn|Ferrothorn, F|97/100
|-damage|p1a: Ferrothorn|90/100|[from] Stealth Rock
|move|p2a: Cresselia|Thunder Wave|p1a: Ferrothorn
|-status|p1a: Ferrothorn|par
|
|-heal|p2a: Cresselia|78/100|[from] item: Leftovers
|-heal|p1a: Ferrothorn|97/100 par|[from] item: Leftovers
|upkeep
|turn|18
|j| The art of
|
|t:|1664944839
|switch|p2a: Heatran|Heatran, F, shiny|69/100
|-damage|p2a: Heatran|56/100|[from] Stealth Rock
|-damage|p2a: Heatran|44/100|[from] Spikes
|move|p1a: Ferrothorn|Body Press|p2a: Heatran
|-supereffective|p2a: Heatran
|-damage|p2a: Heatran|0 fnt
|faint|p2a: Heatran
|
|-heal|p1a: Ferrothorn|100/100 par|[from] item: Leftovers
|upkeep
|
|t:|1664944851
|switch|p2a: Cresselia|Cresselia, F, shiny|78/100
|-damage|p2a: Cresselia|66/100|[from] Stealth Rock
|turn|19
|
|t:|1664944855
|move|p2a: Cresselia|Lunar Dance|p2a: Cresselia
|faint|p2a: Cresselia
|cant|p1a: Ferrothorn|par
|
|-fieldend|move: Psychic Terrain
|upkeep
|
|t:|1664944859
|switch|p2a: Suicune|Suicune|42/100
|-heal|p2a: Suicune|100/100|[from] move: Lunar Dance
|-damage|p2a: Suicune|88/100|[from] Stealth Rock
|-damage|p2a: Suicune|76/100|[from] Spikes
|-ability|p2a: Suicune|Pressure
|turn|20
|
|t:|1664944865
|switch|p1a: Rotom|Rotom-Wash|100/100 tox
|-damage|p1a: Rotom|88/100 tox|[from] Stealth Rock
|move|p2a: Suicune|Calm Mind|p2a: Suicune
|-boost|p2a: Suicune|spa|1
|-boost|p2a: Suicune|spd|1
|
|-heal|p2a: Suicune|82/100|[from] item: Leftovers
|-heal|p1a: Rotom|94/100 tox|[from] item: Leftovers
|-damage|p1a: Rotom|88/100 tox|[from] psn
|upkeep
|turn|21
|
|t:|1664944870
|move|p2a: Suicune|Protect|p2a: Suicune
|-singleturn|p2a: Suicune|Protect
|move|p1a: Rotom|Volt Switch|p2a: Suicune
|-activate|p2a: Suicune|move: Protect
|
|-heal|p2a: Suicune|88/100|[from] item: Leftovers
|-heal|p1a: Rotom|94/100 tox|[from] item: Leftovers
|-damage|p1a: Rotom|82/100 tox|[from] psn
|upkeep
|turn|22
|
|t:|1664944876
|move|p2a: Suicune|Substitute|p2a: Suicune
|-start|p2a: Suicune|Substitute
|-damage|p2a: Suicune|63/100
|move|p1a: Rotom|Volt Switch|p2a: Suicune
|-supereffective|p2a: Suicune
|-activate|p2a: Suicune|move: Substitute|[damage]
|j| PANDA EXPRESS HR
|inactive|friedfreak has 120 seconds left.
|
|t:|1664944906
|switch|p1a: Dragapult|Dragapult, M|100/100|[from]move: Volt Switch
|-damage|p1a: Dragapult|88/100|[from] Stealth Rock
|
|-heal|p2a: Suicune|69/100|[from] item: Leftovers
|upkeep
|turn|23
|
|t:|1664944911
|move|p2a: Suicune|Protect|p2a: Suicune
|-singleturn|p2a: Suicune|Protect
|move|p1a: Dragapult|U-turn|p2a: Suicune
|-activate|p2a: Suicune|move: Protect
|
|-heal|p2a: Suicune|75/100|[from] item: Leftovers
|upkeep
|turn|24
|
|t:|1664944918
|move|p1a: Dragapult|U-turn|p2a: Suicune
|-damage|p2a: Suicune|64/100
|
|t:|1664944920
|switch|p1a: Rotom|Rotom-Wash|82/100 tox|[from]move: U-turn
|-damage|p1a: Rotom|69/100 tox|[from] Stealth Rock
|move|p2a: Suicune|Scald|p1a: Rotom
|-resisted|p1a: Rotom
|-damage|p1a: Rotom|49/100 tox
|
|-heal|p2a: Suicune|71/100|[from] item: Leftovers
|-heal|p1a: Rotom|55/100 tox|[from] item: Leftovers
|-damage|p1a: Rotom|49/100 tox|[from] psn
|upkeep
|turn|25
|
|t:|1664944928
|move|p2a: Suicune|Protect|p2a: Suicune
|-singleturn|p2a: Suicune|Protect
|move|p1a: Rotom|Volt Switch|p2a: Suicune
|-activate|p2a: Suicune|move: Protect
|
|-heal|p2a: Suicune|77/100|[from] item: Leftovers
|-heal|p1a: Rotom|55/100 tox|[from] item: Leftovers
|-damage|p1a: Rotom|42/100 tox|[from] psn
|upkeep
|turn|26
|
|t:|1664944931
|move|p2a: Suicune|Calm Mind|p2a: Suicune
|-boost|p2a: Suicune|spa|1
|-boost|p2a: Suicune|spd|1
|move|p1a: Rotom|Volt Switch|p2a: Suicune
|-supereffective|p2a: Suicune
|-end|p2a: Suicune|Substitute
|
|t:|1664944933
|switch|p1a: Tapu Lele|Tapu Lele|88/100|[from]move: Volt Switch
|-damage|p1a: Tapu Lele|76/100|[from] Stealth Rock
|-fieldstart|move: Psychic Terrain|[from] ability: Psychic Surge|[of] p1a: Tapu Lele
|
|-heal|p2a: Suicune|83/100|[from] item: Leftovers
|upkeep
|turn|27
|
|t:|1664944936
|move|p2a: Suicune|Protect|p2a: Suicune
|-singleturn|p2a: Suicune|Protect
|move|p1a: Tapu Lele|Psyshock|p2a: Suicune
|-activate|p2a: Suicune|move: Protect
|
|-heal|p2a: Suicune|89/100|[from] item: Leftovers
|upkeep
|turn|28
|
|t:|1664944938
|move|p1a: Tapu Lele|Psyshock|p2a: Suicune
|-damage|p2a: Suicune|35/100
|move|p2a: Suicune|Scald|p1a: Tapu Lele
|-damage|p1a: Tapu Lele|22/100
|
|-heal|p2a: Suicune|41/100|[from] item: Leftovers
|upkeep
|turn|29
|
|t:|1664944942
|move|p2a: Suicune|Protect|p2a: Suicune
|-singleturn|p2a: Suicune|Protect
|move|p1a: Tapu Lele|Psyshock|p2a: Suicune
|-activate|p2a: Suicune|move: Protect
|
|-heal|p2a: Suicune|47/100|[from] item: Leftovers
|upkeep
|turn|30
|
|t:|1664944968
|move|p2a: Suicune|Protect||[still]
|-fail|p2a: Suicune
|move|p1a: Tapu Lele|Psyshock|p2a: Suicune
|-crit|p2a: Suicune
|-damage|p2a: Suicune|0 fnt
|faint|p2a: Suicune
|
|-fieldend|move: Psychic Terrain
|upkeep
|
|t:|1664944970
|switch|p2a: Dragapult|Dragapult, M, shiny|80/100
|-damage|p2a: Dragapult|68/100|[from] Stealth Rock
|-damage|p2a: Dragapult|56/100|[from] Spikes
|turn|31
|
|t:|1664944976
|move|p2a: Dragapult|Light Screen|p2a: Dragapult
|-sidestart|p2: SkipTheDripBayless|move: Light Screen
|move|p1a: Tapu Lele|Psyshock|p2a: Dragapult
|-damage|p2a: Dragapult|22/100
|
|upkeep
|turn|32
|
|t:|1664944988
|move|p2a: Dragapult|Reflect|p2a: Dragapult
|-sidestart|p2: SkipTheDripBayless|Reflect
|move|p1a: Tapu Lele|Psyshock|p2a: Dragapult
|-damage|p2a: Dragapult|0 fnt
|faint|p2a: Dragapult
|
|upkeep
|
|t:|1664944992
|switch|p2a: Tapu Koko|Tapu Koko|100/100
|-damage|p2a: Tapu Koko|88/100|[from] Stealth Rock
|-damage|p2a: Tapu Koko|76/100|[from] Spikes
|-fieldstart|move: Electric Terrain|[from] ability: Electric Surge|[of] p2a: Tapu Koko
|-enditem|p2a: Tapu Koko|Electric Seed
|-boost|p2a: Tapu Koko|def|1|[from] item: Electric Seed
|turn|33
|
|t:|1664945001
|switch|p1a: Ferrothorn|Ferrothorn, F|100/100 par
|-damage|p1a: Ferrothorn|94/100 par|[from] Stealth Rock
|move|p2a: Tapu Koko|Calm Mind|p2a: Tapu Koko
|-boost|p2a: Tapu Koko|spa|1
|-boost|p2a: Tapu Koko|spd|1
|
|-heal|p1a: Ferrothorn|100/100 par|[from] item: Leftovers
|upkeep
|turn|34
|
|t:|1664945006
|move|p2a: Tapu Koko|Calm Mind|p2a: Tapu Koko
|-boost|p2a: Tapu Koko|spa|1
|-boost|p2a: Tapu Koko|spd|1
|move|p1a: Ferrothorn|Leech Seed|p2a: Tapu Koko
|-start|p2a: Tapu Koko|move: Leech Seed
|
|-damage|p2a: Tapu Koko|63/100|[from] Leech Seed|[of] p1a: Ferrothorn
|upkeep
|turn|35
|
|t:|1664945009
|move|p2a: Tapu Koko|Calm Mind|p2a: Tapu Koko
|-boost|p2a: Tapu Koko|spa|1
|-boost|p2a: Tapu Koko|spd|1
|move|p1a: Ferrothorn|Gyro Ball|p2a: Tapu Koko
|-damage|p2a: Tapu Koko|41/100
|
|-damage|p2a: Tapu Koko|28/100|[from] Leech Seed|[of] p1a: Ferrothorn
|upkeep
|turn|36
|
|t:|1664945014
|move|p2a: Tapu Koko|Roost|p2a: Tapu Koko
|-heal|p2a: Tapu Koko|78/100
|-singleturn|p2a: Tapu Koko|move: Roost
|move|p1a: Ferrothorn|Gyro Ball|p2a: Tapu Koko
|-damage|p2a: Tapu Koko|57/100
|
|-damage|p2a: Tapu Koko|45/100|[from] Leech Seed|[of] p1a: Ferrothorn
|upkeep
|turn|37
|
|t:|1664945034
|move|p2a: Tapu Koko|Roost|p2a: Tapu Koko
|-heal|p2a: Tapu Koko|95/100
|-singleturn|p2a: Tapu Koko|move: Roost
|move|p1a: Ferrothorn|Body Press|p2a: Tapu Koko
|-resisted|p2a: Tapu Koko
|-damage|p2a: Tapu Koko|89/100
|
|-damage|p2a: Tapu Koko|76/100|[from] Leech Seed|[of] p1a: Ferrothorn
|-fieldend|move: Electric Terrain
|upkeep
|turn|38
|
|t:|1664945039
|move|p2a: Tapu Koko|Thunderbolt|p1a: Ferrothorn
|-resisted|p1a: Ferrothorn
|-damage|p1a: Ferrothorn|60/100 par
|move|p1a: Ferrothorn|Body Press|p2a: Tapu Koko
|-resisted|p2a: Tapu Koko
|-damage|p2a: Tapu Koko|69/100
|
|-heal|p1a: Ferrothorn|66/100 par|[from] item: Leftovers
|-damage|p2a: Tapu Koko|57/100|[from] Leech Seed|[of] p1a: Ferrothorn
|-heal|p1a: Ferrothorn|76/100 par|[silent]
|-sideend|p2: SkipTheDripBayless|move: Light Screen
|upkeep
|turn|39
|j| BonkFace
|inactive|friedfreak has 120 seconds left.
|
|t:|1664945071
|switch|p1a: Tapu Lele|Tapu Lele|22/100
|-damage|p1a: Tapu Lele|10/100|[from] Stealth Rock
|-fieldstart|move: Psychic Terrain|[from] ability: Psychic Surge|[of] p1a: Tapu Lele
|move|p2a: Tapu Koko|Roost|p2a: Tapu Koko
|-heal|p2a: Tapu Koko|100/100
|-singleturn|p2a: Tapu Koko|move: Roost
|
|-damage|p2a: Tapu Koko|88/100|[from] Leech Seed|[of] p1a: Tapu Lele
|-heal|p1a: Tapu Lele|22/100|[silent]
|-sideend|p2: SkipTheDripBayless|Reflect
|upkeep
|turn|40
|
|t:|1664945077
|move|p2a: Tapu Koko|Thunderbolt|p1a: Tapu Lele
|-damage|p1a: Tapu Lele|0 fnt
|faint|p1a: Tapu Lele
|
|upkeep
|
|t:|1664945079
|switch|p1a: Ferrothorn|Ferrothorn, F|76/100 par
|-damage|p1a: Ferrothorn|70/100 par|[from] Stealth Rock
|turn|41
|
|t:|1664945082
|move|p2a: Tapu Koko|Thunderbolt|p1a: Ferrothorn
|-resisted|p1a: Ferrothorn
|-damage|p1a: Ferrothorn|31/100 par
|cant|p1a: Ferrothorn|par
|
|-heal|p1a: Ferrothorn|37/100 par|[from] item: Leftovers
|-damage|p2a: Tapu Koko|76/100|[from] Leech Seed|[of] p1a: Ferrothorn
|-heal|p1a: Ferrothorn|47/100 par|[silent]
|upkeep
|turn|42
|
|t:|1664945088
|move|p2a: Tapu Koko|Thunderbolt|p1a: Ferrothorn
|-resisted|p1a: Ferrothorn
|-damage|p1a: Ferrothorn|5/100 par
|move|p1a: Ferrothorn|Gyro Ball|p2a: Tapu Koko
|-damage|p2a: Tapu Koko|35/100
|
|-heal|p1a: Ferrothorn|11/100 par|[from] item: Leftovers
|-damage|p2a: Tapu Koko|22/100|[from] Leech Seed|[of] p1a: Ferrothorn
|-heal|p1a: Ferrothorn|21/100 par|[silent]
|upkeep
|turn|43
|j| abGodc
|
|t:|1664945098
|move|p2a: Tapu Koko|Roost|p2a: Tapu Koko
|-heal|p2a: Tapu Koko|72/100
|-singleturn|p2a: Tapu Koko|move: Roost
|move|p1a: Ferrothorn|Gyro Ball|p2a: Tapu Koko
|-damage|p2a: Tapu Koko|30/100
|
|-heal|p1a: Ferrothorn|27/100 par|[from] item: Leftovers
|-damage|p2a: Tapu Koko|17/100|[from] Leech Seed|[of] p1a: Ferrothorn
|-heal|p1a: Ferrothorn|37/100 par|[silent]
|-fieldend|move: Psychic Terrain
|upkeep
|turn|44
|
|t:|1664945107
|move|p2a: Tapu Koko|Roost|p2a: Tapu Koko
|-heal|p2a: Tapu Koko|67/100
|-singleturn|p2a: Tapu Koko|move: Roost
|move|p1a: Ferrothorn|Gyro Ball|p2a: Tapu Koko
|-damage|p2a: Tapu Koko|20/100
|
|-heal|p1a: Ferrothorn|44/100 par|[from] item: Leftovers
|-damage|p2a: Tapu Koko|8/100|[from] Leech Seed|[of] p1a: Ferrothorn
|-heal|p1a: Ferrothorn|54/100 par|[silent]
|upkeep
|turn|45
|l| FunHaver3000
|l| abGodc
|
|t:|1664945115
|move|p2a: Tapu Koko|Roost|p2a: Tapu Koko
|-heal|p2a: Tapu Koko|58/100
|-singleturn|p2a: Tapu Koko|move: Roost
|cant|p1a: Ferrothorn|par
|
|-heal|p1a: Ferrothorn|60/100 par|[from] item: Leftovers
|-damage|p2a: Tapu Koko|46/100|[from] Leech Seed|[of] p1a: Ferrothorn
|-heal|p1a: Ferrothorn|70/100 par|[silent]
|upkeep
|turn|46
|
|t:|1664945120
|move|p2a: Tapu Koko|Roost|p2a: Tapu Koko
|-heal|p2a: Tapu Koko|96/100
|-singleturn|p2a: Tapu Koko|move: Roost
|move|p1a: Ferrothorn|Gyro Ball|p2a: Tapu Koko
|-damage|p2a: Tapu Koko|54/100
|
|-heal|p1a: Ferrothorn|76/100 par|[from] item: Leftovers
|-damage|p2a: Tapu Koko|41/100|[from] Leech Seed|[of] p1a: Ferrothorn
|-heal|p1a: Ferrothorn|86/100 par|[silent]
|upkeep
|turn|47
|j| foundation trilogy
|
|t:|1664945127
|move|p2a: Tapu Koko|Roost|p2a: Tapu Koko
|-heal|p2a: Tapu Koko|92/100
|-singleturn|p2a: Tapu Koko|move: Roost
|move|p1a: Ferrothorn|Gyro Ball|p2a: Tapu Koko
|-damage|p2a: Tapu Koko|44/100
|
|-heal|p1a: Ferrothorn|92/100 par|[from] item: Leftovers
|-damage|p2a: Tapu Koko|32/100|[from] Leech Seed|[of] p1a: Ferrothorn
|-heal|p1a: Ferrothorn|100/100 par|[silent]
|upkeep
|turn|48
|j| wohuopao
|j| gdvtfvtgh
|
|t:|1664945136
|move|p2a: Tapu Koko|Roost|p2a: Tapu Koko
|-heal|p2a: Tapu Koko|82/100
|-singleturn|p2a: Tapu Koko|move: Roost
|move|p1a: Ferrothorn|Gyro Ball|p2a: Tapu Koko
|-damage|p2a: Tapu Koko|37/100
|
|-damage|p2a: Tapu Koko|24/100|[from] Leech Seed|[of] p1a: Ferrothorn
|upkeep
|turn|49
|
|t:|1664945142
|move|p2a: Tapu Koko|Roost|p2a: Tapu Koko
|-heal|p2a: Tapu Koko|75/100
|-singleturn|p2a: Tapu Koko|move: Roost
|move|p1a: Ferrothorn|Body Press|p2a: Tapu Koko
|-resisted|p2a: Tapu Koko
|-damage|p2a: Tapu Koko|62/100
|
|-damage|p2a: Tapu Koko|49/100|[from] Leech Seed|[of] p1a: Ferrothorn
|upkeep
|turn|50
|
|t:|1664945145
|move|p2a: Tapu Koko|Roost|p2a: Tapu Koko
|-heal|p2a: Tapu Koko|99/100
|-singleturn|p2a: Tapu Koko|move: Roost
|move|p1a: Ferrothorn|Body Press|p2a: Tapu Koko
|-resisted|p2a: Tapu Koko
|-damage|p2a: Tapu Koko|85/100
|
|-damage|p2a: Tapu Koko|73/100|[from] Leech Seed|[of] p1a: Ferrothorn
|upkeep
|turn|51
|
|t:|1664945148
|move|p2a: Tapu Koko|Calm Mind|p2a: Tapu Koko
|-boost|p2a: Tapu Koko|spa|1
|-boost|p2a: Tapu Koko|spd|1
|move|p1a: Ferrothorn|Body Press|p2a: Tapu Koko
|-resisted|p2a: Tapu Koko
|-damage|p2a: Tapu Koko|59/100
|
|-damage|p2a: Tapu Koko|46/100|[from] Leech Seed|[of] p1a: Ferrothorn
|upkeep
|turn|52
|
|t:|1664945152
|move|p2a: Tapu Koko|Roost|p2a: Tapu Koko
|-heal|p2a: Tapu Koko|97/100
|-singleturn|p2a: Tapu Koko|move: Roost
|move|p1a: Ferrothorn|Body Press|p2a: Tapu Koko
|-resisted|p2a: Tapu Koko
|-damage|p2a: Tapu Koko|83/100
|
|-damage|p2a: Tapu Koko|70/100|[from] Leech Seed|[of] p1a: Ferrothorn
|upkeep
|turn|53
|
|t:|1664945154
|move|p2a: Tapu Koko|Thunderbolt|p1a: Ferrothorn
|-resisted|p1a: Ferrothorn
|-crit|p1a: Ferrothorn
|-damage|p1a: Ferrothorn|28/100 par
|move|p1a: Ferrothorn|Body Press|p2a: Tapu Koko
|-resisted|p2a: Tapu Koko
|-damage|p2a: Tapu Koko|56/100
|
|-heal|p1a: Ferrothorn|34/100 par|[from] item: Leftovers
|-damage|p2a: Tapu Koko|43/100|[from] Leech Seed|[of] p1a: Ferrothorn
|-heal|p1a: Ferrothorn|44/100 par|[silent]
|upkeep
|turn|54
|
|t:|1664945162
|move|p2a: Tapu Koko|Roost|p2a: Tapu Koko
|-heal|p2a: Tapu Koko|93/100
|-singleturn|p2a: Tapu Koko|move: Roost
|move|p1a: Ferrothorn|Body Press|p2a: Tapu Koko
|-resisted|p2a: Tapu Koko
|-damage|p2a: Tapu Koko|80/100
|
|-heal|p1a: Ferrothorn|50/100 par|[from] item: Leftovers
|-damage|p2a: Tapu Koko|67/100|[from] Leech Seed|[of] p1a: Ferrothorn
|-heal|p1a: Ferrothorn|60/100 par|[silent]
|upkeep
|turn|55
|
|t:|1664945165
|move|p2a: Tapu Koko|Thunderbolt|p1a: Ferrothorn
|-resisted|p1a: Ferrothorn
|-damage|p1a: Ferrothorn|11/100 par
|move|p1a: Ferrothorn|Body Press|p2a: Tapu Koko
|-resisted|p2a: Tapu Koko
|-damage|p2a: Tapu Koko|53/100
|
|-heal|p1a: Ferrothorn|17/100 par|[from] item: Leftovers
|-damage|p2a: Tapu Koko|41/100|[from] Leech Seed|[of] p1a: Ferrothorn
|-heal|p1a: Ferrothorn|27/100 par|[silent]
|upkeep
|turn|56
|
|t:|1664945174
|move|p2a: Tapu Koko|Roost|p2a: Tapu Koko
|-heal|p2a: Tapu Koko|91/100
|-singleturn|p2a: Tapu Koko|move: Roost
|move|p1a: Ferrothorn|Body Press|p2a: Tapu Koko
|-resisted|p2a: Tapu Koko
|-damage|p2a: Tapu Koko|77/100
|
|-heal|p1a: Ferrothorn|33/100 par|[from] item: Leftovers
|-damage|p2a: Tapu Koko|64/100|[from] Leech Seed|[of] p1a: Ferrothorn
|-heal|p1a: Ferrothorn|43/100 par|[silent]
|upkeep
|turn|57
|
|t:|1664945176
|move|p2a: Tapu Koko|Thunderbolt|p1a: Ferrothorn
|-resisted|p1a: Ferrothorn
|-damage|p1a: Ferrothorn|0 fnt
|faint|p1a: Ferrothorn
|
|upkeep
|
|t:|1664945178
|switch|p1a: Dragapult|Dragapult, M|88/100
|-damage|p1a: Dragapult|76/100|[from] Stealth Rock
|turn|58
|
|t:|1664945181
|move|p1a: Dragapult|Shadow Ball|p2a: Tapu Koko
|-damage|p2a: Tapu Koko|39/100
|-unboost|p2a: Tapu Koko|spd|1
|move|p2a: Tapu Koko|Dazzling Gleam|p1a: Dragapult
|-supereffective|p1a: Dragapult
|-damage|p1a: Dragapult|0 fnt
|faint|p1a: Dragapult
|
|upkeep
|l| PANDA EXPRESS HR
|-message|friedfreak forfeited.
|
|win|SkipTheDripBayless
|raw|friedfreak's rating: 1799 &rarr; <strong>1782</strong><br />(-17 for losing)
|raw|SkipTheDripBayless's rating: 1860 &rarr; <strong>1877</strong><br />(+17 for winning)
|l|☆friedfreak
|l| The art of
|l|☆SkipTheDripBayless
|l| ydk916
|l| wohuopao
|l| gdvtfvtgh
|l| foundation trilogy
|l| BonkFace
