|j|☆wuyanwuyou
|j|☆big boss 447
|t:|1657965971
|gametype|singles
|player|p1|wuyanwuyou|bellelba|1708
|player|p2|big boss 447|harlequin|1797
|teamsize|p1|6
|teamsize|p2|6
|gen|8
|tier|[Gen 8] OU
|rated|
|rule|Sleep Clause Mod: Limit one foe put to sleep
|rule|Species Clause: Limit one of each Pokémon
|rule|OHKO Clause: OHKO moves are banned
|rule|Evasion Moves Clause: Evasion moves are banned
|rule|Endless Battle Clause: Forcing endless battles is banned
|rule|HP Percentage Mod: HP is shown in percentages
|rule|Dynamax Clause: You cannot dynamax
|clearpoke
|poke|p1|Torkoal, M|
|poke|p1|Venusaur, M|
|poke|p1|Regieleki|
|poke|p1|Weavile, M|
|poke|p1|Heatran, M|
|poke|p1|Landorus-Therian, M|
|poke|p2|Dragapult, F|
|poke|p2|Decidueye, M|
|poke|p2|Landorus-Therian, M|
|poke|p2|Heatran, M|
|poke|p2|Tyranitar, F|
|poke|p2|Tapu Koko|
|teampreview
|inactive|Battle timer is ON: inactive players will automatically lose when time's up. (requested by big boss 447)
|j| ikoero
|j| Thorghal
|
|t:|1657965992
|start
|switch|p1a: Torkoal|Torkoal, M, shiny|100/100
|switch|p2a: Dragapult|Dragapult, F|100/100
|-weather|SunnyDay|[from] ability: Drought|[of] p1a: Torkoal
|turn|1
|
|t:|1657965999
|switch|p1a: Landorus|Landorus-Therian, M, shiny|100/100
|-ability|p1a: Landorus|Intimidate|boost
|-unboost|p2a: Dragapult|atk|1
|move|p2a: Dragapult|Draco Meteor|p1a: Landorus
|-damage|p1a: Landorus|36/100
|-unboost|p2a: Dragapult|spa|2
|
|-weather|SunnyDay|[upkeep]
|-heal|p1a: Landorus|42/100|[from] item: Leftovers
|upkeep
|turn|2
|
|t:|1657966009
|move|p2a: Dragapult|Draco Meteor|p1a: Landorus|[miss]
|-miss|p2a: Dragapult|p1a: Landorus
|move|p1a: Landorus|Stealth Rock|p2a: Dragapult
|-sidestart|p2: big boss 447|move: Stealth Rock
|
|-weather|SunnyDay|[upkeep]
|-heal|p1a: Landorus|48/100|[from] item: Leftovers
|upkeep
|turn|3
|
|t:|1657966018
|move|p2a: Dragapult|Draco Meteor|p1a: Landorus
|-damage|p1a: Landorus|15/100
|-unboost|p2a: Dragapult|spa|2
|move|p1a: Landorus|U-turn|p2a: Dragapult
|-resisted|p2a: Dragapult
|-damage|p2a: Dragapult|85/100
|
|t:|1657966029
|switch|p1a: Venusaur|Venusaur, M, shiny|100/100|[from]move: U-turn
|
|-weather|SunnyDay|[upkeep]
|upkeep
|turn|4
|
|t:|1657966042
|switch|p2a: Tyranitar|Tyranitar, F|100/100
|-damage|p2a: Tyranitar|88/100|[from] Stealth Rock
|-weather|Sandstorm|[from] ability: Sand Stream|[of] p2a: Tyranitar
|move|p1a: Venusaur|Growth|p1a: Venusaur
|-boost|p1a: Venusaur|atk|1
|-boost|p1a: Venusaur|spa|1
|
|-weather|Sandstorm|[upkeep]
|-damage|p1a: Venusaur|95/100|[from] Sandstorm
|upkeep
|turn|5
|
|t:|1657966057
|switch|p2a: Dragapult|Dragapult, F|85/100
|-damage|p2a: Dragapult|72/100|[from] Stealth Rock
|move|p1a: Venusaur|Earth Power|p2a: Dragapult
|-damage|p2a: Dragapult|0 fnt
|faint|p2a: Dragapult
|-damage|p1a: Venusaur|85/100|[from] item: Life Orb
|
|-weather|Sandstorm|[upkeep]
|-damage|p1a: Venusaur|79/100|[from] Sandstorm
|upkeep
|
|t:|1657966064
|switch|p2a: Heatran|Heatran, M|100/100
|-damage|p2a: Heatran|88/100|[from] Stealth Rock
|-item|p2a: Heatran|Air Balloon
|turn|6
|
|t:|1657966074
|switch|p1a: Heatran|Heatran, M|100/100
|-item|p1a: Heatran|Air Balloon
|move|p2a: Heatran|Eruption|p1a: Heatran
|-start|p1a: Heatran|ability: Flash Fire
|
|-weather|Sandstorm|[upkeep]
|upkeep
|turn|7
|
|t:|1657966083
|move|p2a: Heatran|Dragon Pulse|p1a: Heatran
|-resisted|p1a: Heatran
|-damage|p1a: Heatran|86/100
|-enditem|p1a: Heatran|Air Balloon
|move|p1a: Heatran|Flash Cannon|p2a: Heatran
|-resisted|p2a: Heatran
|-crit|p2a: Heatran
|-damage|p2a: Heatran|72/100
|-enditem|p2a: Heatran|Air Balloon
|
|-weather|Sandstorm|[upkeep]
|upkeep
|turn|8
|
|t:|1657966097
|-end|p1a: Heatran|ability: Flash Fire|[silent]
|switch|p1a: Landorus|Landorus-Therian, M, shiny|15/100
|-ability|p1a: Landorus|Intimidate|boost
|-unboost|p2a: Heatran|atk|1
|move|p2a: Heatran|Earth Power|p1a: Landorus
|-immune|p1a: Landorus
|
|-weather|none
|-heal|p1a: Landorus|21/100|[from] item: Leftovers
|upkeep
|turn|9
|
|t:|1657966109
|move|p2a: Heatran|Eruption|p1a: Landorus
|-damage|p1a: Landorus|0 fnt
|faint|p1a: Landorus
|
|upkeep
|
|t:|1657966132
|switch|p1a: Heatran|Heatran, M|86/100
|turn|10
|
|t:|1657966134
|move|p1a: Heatran|Earth Power|p2a: Heatran
|-supereffective|p2a: Heatran
|-damage|p2a: Heatran|0 fnt
|faint|p2a: Heatran
|
|upkeep
|
|t:|1657966138
|switch|p2a: Landorus|Landorus-Therian, M|100/100
|-damage|p2a: Landorus|88/100|[from] Stealth Rock
|-ability|p2a: Landorus|Intimidate|boost
|-unboost|p1a: Heatran|atk|1
|turn|11
|
|t:|1657966148
|move|p1a: Heatran|Eruption|p2a: Landorus
|-damage|p2a: Landorus|37/100
|move|p2a: Landorus|Earthquake|p1a: Heatran
|-supereffective|p1a: Heatran
|-damage|p1a: Heatran|0 fnt
|faint|p1a: Heatran
|
|upkeep
|
|t:|1657966155
|switch|p1a: Weavile|Weavile, M|100/100
|turn|12
|
|t:|1657966160
|move|p1a: Weavile|Knock Off|p2a: Landorus
|-damage|p2a: Landorus|0 fnt
|-damage|p1a: Weavile|84/100|[from] item: Rocky Helmet|[of] p2a: Landorus
|-enditem|p2a: Landorus|Rocky Helmet|[from] move: Knock Off|[of] p1a: Weavile
|faint|p2a: Landorus
|
|upkeep
|
|t:|1657966165
|switch|p2a: Tapu Koko|Tapu Koko|100/100
|-fieldstart|move: Electric Terrain|[from] ability: Electric Surge|[of] p2a: Tapu Koko
|turn|13
|
|t:|1657966178
|move|p2a: Tapu Koko|Thunderbolt|p1a: Weavile
|-damage|p1a: Weavile|19/100
|move|p1a: Weavile|Triple Axel|p2a: Tapu Koko
|-damage|p2a: Tapu Koko|86/100
|-crit|p2a: Tapu Koko
|-damage|p2a: Tapu Koko|41/100
|-crit|p2a: Tapu Koko
|-damage|p2a: Tapu Koko|0 fnt
|faint|p2a: Tapu Koko
|-hitcount|p2: Tapu Koko|3
|
|upkeep
|
|t:|1657966187
|switch|p2a: BIRDMAN JR|Decidueye, M|100/100
|-damage|p2a: BIRDMAN JR|88/100|[from] Stealth Rock
|turn|14
|
|t:|1657966194
|switch|p1a: Torkoal|Torkoal, M, shiny|100/100
|-weather|SunnyDay|[from] ability: Drought|[of] p1a: Torkoal
|move|p2a: BIRDMAN JR|Shadow Sneak|p1a: Torkoal
|-crit|p1a: Torkoal
|-damage|p1a: Torkoal|77/100
|
|-weather|SunnyDay|[upkeep]
|upkeep
|turn|15
|
|t:|1657966207
|switch|p2a: Tyranitar|Tyranitar, F|88/100
|-damage|p2a: Tyranitar|76/100|[from] Stealth Rock
|-weather|Sandstorm|[from] ability: Sand Stream|[of] p2a: Tyranitar
|switch|p1a: Venusaur|Venusaur, M, shiny|79/100
|
|-weather|Sandstorm|[upkeep]
|-damage|p1a: Venusaur|73/100|[from] Sandstorm
|upkeep
|turn|16
|
|t:|1657966214
|move|p1a: Venusaur|Earth Power|p2a: Tyranitar
|-supereffective|p2a: Tyranitar
|-damage|p2a: Tyranitar|27/100
|-damage|p1a: Venusaur|63/100|[from] item: Life Orb
|move|p2a: Tyranitar|Earthquake|p1a: Venusaur
|-damage|p1a: Venusaur|0 fnt
|faint|p1a: Venusaur
|
|-weather|Sandstorm|[upkeep]
|upkeep
|
|t:|1657966220
|switch|p1a: Weavile|Weavile, M|19/100
|turn|17
|
|t:|1657966226
|move|p1a: Weavile|Low Kick|p2a: Tyranitar
|-supereffective|p2a: Tyranitar
|-damage|p2a: Tyranitar|0 fnt
|faint|p2a: Tyranitar
|
|-weather|Sandstorm|[upkeep]
|-damage|p1a: Weavile|13/100|[from] Sandstorm
|-fieldend|move: Electric Terrain
|upkeep
|
|t:|1657966228
|switch|p2a: BIRDMAN JR|Decidueye, M|88/100
|-damage|p2a: BIRDMAN JR|76/100|[from] Stealth Rock
|turn|18
|
|t:|1657966234
|move|p1a: Weavile|Ice Shard|p2a: BIRDMAN JR
|-supereffective|p2a: BIRDMAN JR
|-damage|p2a: BIRDMAN JR|19/100
|move|p2a: BIRDMAN JR|Shadow Sneak|p1a: Weavile
|-resisted|p1a: Weavile
|-damage|p1a: Weavile|0 fnt
|faint|p1a: Weavile
|
|-weather|Sandstorm|[upkeep]
|-damage|p2a: BIRDMAN JR|13/100|[from] Sandstorm
|upkeep
|j| wbao
|
|t:|1657966244
|switch|p1a: Regieleki|Regieleki|100/100
|turn|19
|
|t:|1657966247
|move|p2a: BIRDMAN JR|Shadow Sneak|p1a: Regieleki
|-damage|p1a: Regieleki|45/100
|move|p1a: Regieleki|Volt Switch|p2a: BIRDMAN JR
|-resisted|p2a: BIRDMAN JR
|-damage|p2a: BIRDMAN JR|0 fnt
|faint|p2a: BIRDMAN JR
|
|win|wuyanwuyou
|raw|wuyanwuyou's rating: 1708 &rarr; <strong>1733</strong><br />(+25 for winning)
|raw|big boss 447's rating: 1797 &rarr; <strong>1772</strong><br />(-25 for losing)
|l|☆big boss 447
|l| Thorghal
