|j|☆A
|j|☆VenuBoom
|player|p1|A|clemont|1755
|player|p2|VenuBoom|plumeria|1600
|teamsize|p1|6
|teamsize|p2|6
|gametype|singles
|gen|8
|tier|[Gen 8] OU
|rated|
|clearpoke
|poke|p1|Chansey, F|
|poke|p1|Arcanine, F|
|poke|p1|Toxapex, F|
|poke|p1|Magearna|
|poke|p1|Kommo-o, M|
|poke|p1|Urshifu-*, M|
|poke|p2|Magearna|
|poke|p2|Rillaboom, F|
|poke|p2|Urshifu-*, F|
|poke|p2|Mandibuzz, F|
|poke|p2|Magnezone|
|poke|p2|Clefable, M|
|rule|Sleep Clause Mod: Limit one foe put to sleep
|rule|Species Clause: Limit one of each Pokémon
|rule|OHKO Clause: OHKO moves are banned
|rule|Evasion Moves Clause: Evasion moves are banned
|rule|Endless Battle Clause: Forcing endless battles is banned
|rule|HP Percentage Mod: HP is shown in percentages
|rule|Dynamax Clause: You cannot dynamax
|teampreview
|j| OGClassics
|l| OGClassics
|inactive|Battle timer is ON: inactive players will automatically lose when time's up. (requested by A)
|
|start
|switch|p1a: cancer|Urshifu, M, shiny|100/100
|switch|p2a: Clefable|Clefable, M|100/100
|turn|1
|
|move|p1a: cancer|U-turn|p2a: Clefable
|-resisted|p2a: Clefable
|-damage|p2a: Clefable|80/100
|
|switch|p1a: BEST GIRL|Chansey, F, shiny|100/100|[from]move: U-turn
|move|p2a: Clefable|Moonblast|p1a: BEST GIRL
|-damage|p1a: BEST GIRL|91/100
|
|-heal|p2a: Clefable|86/100|[from] item: Leftovers
|upkeep
|turn|2
|
|move|p1a: BEST GIRL|Thunder Wave|p2a: Clefable
|-status|p2a: Clefable|par
|move|p2a: Clefable|Teleport|p2a: Clefable
|
|switch|p2a: GodRilla|Rillaboom, F|100/100|[from]move: Teleport
|-fieldstart|move: Grassy Terrain|[from] ability: Grassy Surge|[of] p2a: GodRilla
|
|-heal|p1a: BEST GIRL|98/100|[from] Grassy Terrain
|upkeep
|turn|3
|
|switch|p1a: cool laddy|Kommo-o, M|100/100
|move|p2a: GodRilla|Swords Dance|p2a: GodRilla
|-boost|p2a: GodRilla|atk|2
|
|upkeep
|turn|4
|
|move|p2a: GodRilla|High Horsepower|p1a: cool laddy
|-damage|p1a: cool laddy|46/100
|-damage|p2a: GodRilla|84/100|[from] item: Rocky Helmet|[of] p1a: cool laddy
|-damage|p2a: GodRilla|74/100|[from] item: Life Orb
|move|p1a: cool laddy|Stealth Rock|p2a: GodRilla
|-sidestart|p2: VenuBoom|move: Stealth Rock
|
|-heal|p2a: GodRilla|80/100|[from] Grassy Terrain
|-heal|p1a: cool laddy|52/100|[from] Grassy Terrain
|upkeep
|turn|5
|
|move|p2a: GodRilla|High Horsepower|p1a: cool laddy
|-damage|p1a: cool laddy|0 fnt
|-damage|p2a: GodRilla|63/100|[from] item: Rocky Helmet|[of] p1a: cool laddy
|-damage|p2a: GodRilla|54/100|[from] item: Life Orb
|faint|p1a: cool laddy
|
|-heal|p2a: GodRilla|60/100|[from] Grassy Terrain
|upkeep
|
|switch|p1a: gamer girl|Arcanine, F, shiny|100/100
|-ability|p1a: gamer girl|Intimidate|boost
|-unboost|p2a: GodRilla|atk|1
|turn|6
|
|switch|p2a: Mandibuzz|Mandibuzz, F|100/100
|move|p1a: gamer girl|Flamethrower|p2a: Mandibuzz
|-damage|p2a: Mandibuzz|75/100
|
|-fieldend|move: Grassy Terrain
|upkeep
|turn|7
|
|move|p2a: Mandibuzz|Defog|p1a: gamer girl
|-unboost|p1a: gamer girl|evasion|1
|-sideend|p2: VenuBoom|Stealth Rock|[from] move: Defog|[of] p2a: Mandibuzz
|move|p1a: gamer girl|Teleport|p1a: gamer girl
|
|switch|p1a: reverse alembic|Magearna|100/100|[from]move: Teleport
|
|upkeep
|turn|8
|
|switch|p2a: Magnezone|Magnezone|100/100
|move|p1a: reverse alembic|Calm Mind|p1a: reverse alembic
|-boost|p1a: reverse alembic|spa|1
|-boost|p1a: reverse alembic|spd|1
|
|upkeep
|turn|9
|
|move|p2a: Magnezone|Steel Beam|p1a: reverse alembic
|-damage|p1a: reverse alembic|42/100
|-damage|p2a: Magnezone|50/100|[from] mindblown
|move|p1a: reverse alembic|Calm Mind|p1a: reverse alembic
|-boost|p1a: reverse alembic|spa|1
|-boost|p1a: reverse alembic|spd|1
|
|upkeep
|turn|10
|
|move|p2a: Magnezone|Steel Beam|p1a: reverse alembic
|-damage|p1a: reverse alembic|0 fnt
|-damage|p2a: Magnezone|0 fnt|[from] mindblown
|faint|p2a: Magnezone
|faint|p1a: reverse alembic
|
|upkeep
|
|switch|p2a: Clefable|Clefable, M|86/100 par
|switch|p1a: cancer|Urshifu, M, shiny|100/100
|turn|11
|
|move|p1a: cancer|U-turn|p2a: Clefable
|-resisted|p2a: Clefable
|-damage|p2a: Clefable|65/100 par
|
|switch|p1a: lamer than me|Toxapex, F|100/100|[from]move: U-turn
|cant|p2a: Clefable|par
|
|-heal|p2a: Clefable|71/100 par|[from] item: Leftovers
|upkeep
|turn|12
|
|move|p1a: lamer than me|Knock Off|p2a: Clefable
|-resisted|p2a: Clefable
|-damage|p2a: Clefable|62/100 par
|-enditem|p2a: Clefable|Leftovers|[from] move: Knock Off|[of] p1a: lamer than me
|cant|p2a: Clefable|par
|
|upkeep
|turn|13
|
|switch|p1a: BEST GIRL|Chansey, F, shiny|98/100
|move|p2a: Clefable|Wish|p2a: Clefable
|
|upkeep
|turn|14
|
|move|p1a: BEST GIRL|Seismic Toss|p2a: Clefable
|-damage|p2a: Clefable|37/100 par
|move|p2a: Clefable|Teleport|p2a: Clefable
|
|switch|p2a: GodRilla|Rillaboom, F|60/100|[from]move: Teleport
|-fieldstart|move: Grassy Terrain|[from] ability: Grassy Surge|[of] p2a: GodRilla
|
|-heal|p2a: GodRilla|100/100|[from] move: Wish|[wisher] Clefable
|-heal|p1a: BEST GIRL|100/100|[from] Grassy Terrain
|upkeep
|turn|15
|
|switch|p1a: gamer girl|Arcanine, F, shiny|100/100
|-ability|p1a: gamer girl|Intimidate|boost
|-unboost|p2a: GodRilla|atk|1
|move|p2a: GodRilla|Swords Dance|p2a: GodRilla
|-boost|p2a: GodRilla|atk|2
|
|upkeep
|turn|16
|
|move|p2a: GodRilla|High Horsepower|p1a: gamer girl
|-supereffective|p1a: gamer girl
|-damage|p1a: gamer girl|0 fnt
|-damage|p2a: GodRilla|91/100|[from] item: Life Orb
|faint|p1a: gamer girl
|
|-heal|p2a: GodRilla|97/100|[from] Grassy Terrain
|upkeep
|c|☆A|these are some crazy damage rolls haha
|c|☆A|cool team
|-message|A forfeited.
|
|win|VenuBoom
|l|☆A
|c|☆VenuBoom|XD
|c|☆VenuBoom|thanks
||Ladder (probably) updated, but score could not be retrieved (Request timeout).
