|j|☆Shootingwolf
|j|☆sldf
|t:|1604545884
|player|p1|Shootingwolf|101|1499
|player|p2|sldf|dawn-gen4pt|1487
|teamsize|p1|6
|teamsize|p2|6
|gametype|singles
|gen|8
|tier|[Gen 8] OU
|rated|
|clearpoke
|poke|p1|Mandibuzz, F|
|poke|p1|Pheromosa|
|poke|p1|Cinderace, M|
|poke|p1|Zygarde|
|poke|p1|Clefable, M|
|poke|p1|Melmetal|
|poke|p2|Pheromosa|
|poke|p2|Tapu Fini|
|poke|p2|Urshifu-*, F|
|poke|p2|Ferrothorn, M|
|poke|p2|Cinderace, F|
|poke|p2|Landorus-Therian, M|
|rule|Sleep Clause Mod: Limit one foe put to sleep
|rule|Species Clause: Limit one of each Pokémon
|rule|OHKO Clause: OHKO moves are banned
|rule|Evasion Moves Clause: Evasion moves are banned
|rule|Endless Battle Clause: Forcing endless battles is banned
|rule|HP Percentage Mod: HP is shown in percentages
|rule|Dynamax Clause: You cannot dynamax
|teampreview
|
|t:|1604545896
|start
|switch|p1a: Pheromosa|Pheromosa|100/100
|switch|p2a: Landorus|Landorus-Therian, M|100/100
|-ability|p2a: Landorus|Intimidate|boost
|-unboost|p1a: Pheromosa|atk|1
|turn|1
|
|t:|1604545902
|move|p1a: Pheromosa|U-turn|p2a: Landorus
|-resisted|p2a: Landorus
|-damage|p2a: Landorus|85/100
|
|t:|1604545907
|switch|p1a: Mandibuzz|Mandibuzz, F|100/100|[from]move: U-turn
|move|p2a: Landorus|U-turn|p1a: Mandibuzz
|-damage|p1a: Mandibuzz|81/100
|
|t:|1604545912
|switch|p2a: Tapu Fini|Tapu Fini|100/100|[from]move: U-turn
|-fieldstart|move: Misty Terrain|[from] ability: Misty Surge|[of] p2a: Tapu Fini
|
|upkeep
|turn|2
|
|t:|1604545918
|switch|p1a: Clefable|Clefable, M|100/100
|move|p2a: Tapu Fini|Substitute|p2a: Tapu Fini
|-start|p2a: Tapu Fini|Substitute
|-damage|p2a: Tapu Fini|76/100
|
|-heal|p2a: Tapu Fini|82/100|[from] item: Leftovers
|upkeep
|turn|3
|
|t:|1604545925
|move|p2a: Tapu Fini|Calm Mind|p2a: Tapu Fini
|-boost|p2a: Tapu Fini|spa|1
|-boost|p2a: Tapu Fini|spd|1
|move|p1a: Clefable|Calm Mind|p1a: Clefable
|-boost|p1a: Clefable|spa|1
|-boost|p1a: Clefable|spd|1
|
|-heal|p2a: Tapu Fini|88/100|[from] item: Leftovers
|upkeep
|turn|4
|
|t:|1604545934
|move|p2a: Tapu Fini|Calm Mind|p2a: Tapu Fini
|-boost|p2a: Tapu Fini|spa|1
|-boost|p2a: Tapu Fini|spd|1
|move|p1a: Clefable|Moonblast|p2a: Tapu Fini
|-activate|p2a: Tapu Fini|move: Substitute|[damage]
|
|-heal|p2a: Tapu Fini|94/100|[from] item: Leftovers
|upkeep
|turn|5
|
|t:|1604545942
|move|p2a: Tapu Fini|Calm Mind|p2a: Tapu Fini
|-boost|p2a: Tapu Fini|spa|1
|-boost|p2a: Tapu Fini|spd|1
|move|p1a: Clefable|Calm Mind|p1a: Clefable
|-boost|p1a: Clefable|spa|1
|-boost|p1a: Clefable|spd|1
|
|-heal|p2a: Tapu Fini|99/100|[from] item: Leftovers
|-fieldend|Misty Terrain
|upkeep
|turn|6
|
|t:|1604545951
|move|p2a: Tapu Fini|Calm Mind|p2a: Tapu Fini
|-boost|p2a: Tapu Fini|spa|1
|-boost|p2a: Tapu Fini|spd|1
|move|p1a: Clefable|Calm Mind|p1a: Clefable
|-boost|p1a: Clefable|spa|1
|-boost|p1a: Clefable|spd|1
|
|-heal|p2a: Tapu Fini|100/100|[from] item: Leftovers
|upkeep
|turn|7
|
|t:|1604545959
|move|p2a: Tapu Fini|Calm Mind|p2a: Tapu Fini
|-boost|p2a: Tapu Fini|spa|1
|-boost|p2a: Tapu Fini|spd|1
|move|p1a: Clefable|Calm Mind|p1a: Clefable
|-boost|p1a: Clefable|spa|1
|-boost|p1a: Clefable|spd|1
|
|upkeep
|turn|8
|
|t:|1604545966
|move|p2a: Tapu Fini|Calm Mind|p2a: Tapu Fini
|-boost|p2a: Tapu Fini|spa|1
|-boost|p2a: Tapu Fini|spd|1
|move|p1a: Clefable|Calm Mind|p1a: Clefable
|-boost|p1a: Clefable|spa|1
|-boost|p1a: Clefable|spd|1
|
|upkeep
|turn|9
|
|t:|1604545972
|move|p2a: Tapu Fini|Moonblast|p1a: Clefable
|-damage|p1a: Clefable|51/100
|-unboost|p1a: Clefable|spa|1
|move|p1a: Clefable|Calm Mind|p1a: Clefable
|-boost|p1a: Clefable|spa|1
|-boost|p1a: Clefable|spd|1
|
|-heal|p1a: Clefable|57/100|[from] item: Leftovers
|upkeep
|turn|10
|
|t:|1604545991
|move|p2a: Tapu Fini|Moonblast|p1a: Clefable
|-damage|p1a: Clefable|18/100
|move|p1a: Clefable|Soft-Boiled|p1a: Clefable
|-heal|p1a: Clefable|68/100
|
|-heal|p1a: Clefable|74/100|[from] item: Leftovers
|upkeep
|turn|11
|
|t:|1604546000
|move|p2a: Tapu Fini|Moonblast|p1a: Clefable
|-damage|p1a: Clefable|34/100
|move|p1a: Clefable|Soft-Boiled|p1a: Clefable
|-heal|p1a: Clefable|84/100
|
|-heal|p1a: Clefable|90/100|[from] item: Leftovers
|upkeep
|turn|12
|
|t:|1604546009
|move|p2a: Tapu Fini|Moonblast|p1a: Clefable
|-damage|p1a: Clefable|49/100
|move|p1a: Clefable|Thunder|p2a: Tapu Fini
|-supereffective|p2a: Tapu Fini
|-end|p2a: Tapu Fini|Substitute
|
|-heal|p1a: Clefable|55/100|[from] item: Leftovers
|upkeep
|turn|13
|
|t:|1604546018
|move|p2a: Tapu Fini|Moonblast|p1a: Clefable
|-damage|p1a: Clefable|14/100
|move|p1a: Clefable|Soft-Boiled|p1a: Clefable
|-heal|p1a: Clefable|64/100
|
|-heal|p1a: Clefable|70/100|[from] item: Leftovers
|upkeep
|turn|14
|
|t:|1604546025
|move|p2a: Tapu Fini|Substitute|p2a: Tapu Fini
|-start|p2a: Tapu Fini|Substitute
|-damage|p2a: Tapu Fini|76/100
|move|p1a: Clefable|Soft-Boiled|p1a: Clefable
|-heal|p1a: Clefable|100/100
|
|-heal|p2a: Tapu Fini|82/100|[from] item: Leftovers
|upkeep
|turn|15
|
|t:|1604546034
|move|p2a: Tapu Fini|Moonblast|p1a: Clefable
|-damage|p1a: Clefable|62/100
|move|p1a: Clefable|Thunder|p2a: Tapu Fini|[miss]
|-miss|p1a: Clefable|p2a: Tapu Fini
|
|-heal|p2a: Tapu Fini|88/100|[from] item: Leftovers
|-heal|p1a: Clefable|68/100|[from] item: Leftovers
|upkeep
|turn|16
|
|t:|1604546043
|move|p2a: Tapu Fini|Moonblast|p1a: Clefable
|-damage|p1a: Clefable|30/100
|move|p1a: Clefable|Soft-Boiled|p1a: Clefable
|-heal|p1a: Clefable|80/100
|
|-heal|p2a: Tapu Fini|94/100|[from] item: Leftovers
|-heal|p1a: Clefable|86/100|[from] item: Leftovers
|upkeep
|turn|17
|
|t:|1604546052
|move|p2a: Tapu Fini|Moonblast|p1a: Clefable
|-damage|p1a: Clefable|43/100
|move|p1a: Clefable|Thunder|p2a: Tapu Fini|[miss]
|-miss|p1a: Clefable|p2a: Tapu Fini
|
|-heal|p2a: Tapu Fini|99/100|[from] item: Leftovers
|-heal|p1a: Clefable|49/100|[from] item: Leftovers
|upkeep
|turn|18
|
|t:|1604546062
|move|p2a: Tapu Fini|Moonblast|p1a: Clefable
|-damage|p1a: Clefable|7/100
|move|p1a: Clefable|Soft-Boiled|p1a: Clefable
|-heal|p1a: Clefable|57/100
|
|-heal|p2a: Tapu Fini|100/100|[from] item: Leftovers
|-heal|p1a: Clefable|63/100|[from] item: Leftovers
|upkeep
|turn|19
|
|t:|1604546077
|move|p2a: Tapu Fini|Moonblast|p1a: Clefable
|-damage|p1a: Clefable|24/100
|move|p1a: Clefable|Soft-Boiled|p1a: Clefable
|-heal|p1a: Clefable|75/100
|
|-heal|p1a: Clefable|81/100|[from] item: Leftovers
|upkeep
|turn|20
|
|t:|1604546085
|move|p2a: Tapu Fini|Moonblast|p1a: Clefable
|-damage|p1a: Clefable|42/100
|-unboost|p1a: Clefable|spa|1
|move|p1a: Clefable|Thunder|p2a: Tapu Fini
|-supereffective|p2a: Tapu Fini
|-end|p2a: Tapu Fini|Substitute
|
|-heal|p1a: Clefable|49/100|[from] item: Leftovers
|upkeep
|turn|21
|
|t:|1604546094
|move|p2a: Tapu Fini|Substitute|p2a: Tapu Fini
|-start|p2a: Tapu Fini|Substitute
|-damage|p2a: Tapu Fini|76/100
|move|p1a: Clefable|Thunder|p2a: Tapu Fini
|-supereffective|p2a: Tapu Fini
|-end|p2a: Tapu Fini|Substitute
|
|-heal|p2a: Tapu Fini|82/100|[from] item: Leftovers
|-heal|p1a: Clefable|55/100|[from] item: Leftovers
|upkeep
|turn|22
|
|t:|1604546103
|move|p2a: Tapu Fini|Moonblast|p1a: Clefable
|-damage|p1a: Clefable|13/100
|-unboost|p1a: Clefable|spa|1
|move|p1a: Clefable|Thunder|p2a: Tapu Fini|[miss]
|-miss|p1a: Clefable|p2a: Tapu Fini
|
|-heal|p2a: Tapu Fini|88/100|[from] item: Leftovers
|-heal|p1a: Clefable|20/100|[from] item: Leftovers
|upkeep
|turn|23
|
|t:|1604546113
|move|p2a: Tapu Fini|Scald|p1a: Clefable
|-damage|p1a: Clefable|0 fnt
|faint|p1a: Clefable
|
|-heal|p2a: Tapu Fini|94/100|[from] item: Leftovers
|upkeep
|
|t:|1604546120
|switch|p1a: Pheromosa|Pheromosa|100/100
|turn|24
|
|t:|1604546125
|move|p1a: Pheromosa|Poison Jab|p2a: Tapu Fini
|-supereffective|p2a: Tapu Fini
|-damage|p2a: Tapu Fini|37/100
|move|p2a: Tapu Fini|Moonblast|p1a: Pheromosa
|-supereffective|p1a: Pheromosa
|-damage|p1a: Pheromosa|0 fnt
|faint|p1a: Pheromosa
|
|-heal|p2a: Tapu Fini|43/100|[from] item: Leftovers
|upkeep
|
|t:|1604546128
|switch|p1a: Cinderace|Cinderace, M|100/100
|turn|25
|
|t:|1604546136
|move|p1a: Cinderace|Gunk Shot|p2a: Tapu Fini
|-start|p1a: Cinderace|typechange|Poison|[from] ability: Libero
|-supereffective|p2a: Tapu Fini
|-damage|p2a: Tapu Fini|0 fnt
|faint|p2a: Tapu Fini
|
|upkeep
|
|t:|1604546143
|switch|p2a: Landorus|Landorus-Therian, M|85/100
|-ability|p2a: Landorus|Intimidate|boost
|-unboost|p1a: Cinderace|atk|1
|turn|26
|
|t:|1604546149
|switch|p1a: Mandibuzz|Mandibuzz, F|81/100
|move|p2a: Landorus|Earthquake|p1a: Mandibuzz
|-immune|p1a: Mandibuzz
|
|upkeep
|turn|27
|
|t:|1604546158
|switch|p2a: Pheromosa|Pheromosa|100/100
|move|p1a: Mandibuzz|Toxic|p2a: Pheromosa
|-status|p2a: Pheromosa|tox
|
|-damage|p2a: Pheromosa|94/100 tox|[from] psn
|upkeep
|turn|28
|
|t:|1604546168
|move|p2a: Pheromosa|U-turn|p1a: Mandibuzz
|-damage|p1a: Mandibuzz|49/100
|
|t:|1604546172
|switch|p2a: Urshifu|Urshifu, F|100/100|[from]move: U-turn
|move|p1a: Mandibuzz|Roost|p1a: Mandibuzz
|-heal|p1a: Mandibuzz|99/100
|-singleturn|p1a: Mandibuzz|move: Roost
|
|upkeep
|turn|29
|
|t:|1604546180
|move|p2a: Urshifu|U-turn|p1a: Mandibuzz
|-damage|p1a: Mandibuzz|72/100
|
|t:|1604546184
|switch|p2a: Ferrothorn|Ferrothorn, M|100/100|[from]move: U-turn
|move|p1a: Mandibuzz|Toxic|p2a: Ferrothorn
|-immune|p2a: Ferrothorn
|
|upkeep
|turn|30
|
|t:|1604546193
|switch|p1a: Cinderace|Cinderace, M|100/100
|move|p2a: Ferrothorn|Stealth Rock|p1a: Cinderace
|-sidestart|p1: Shootingwolf|move: Stealth Rock
|
|upkeep
|turn|31
|
|t:|1604546202
|switch|p2a: Landorus|Landorus-Therian, M|85/100
|-ability|p2a: Landorus|Intimidate|boost
|-unboost|p1a: Cinderace|atk|1
|move|p1a: Cinderace|Pyro Ball|p2a: Landorus
|-damage|p2a: Landorus|44/100
|
|upkeep
|turn|32
|
|t:|1604546211
|switch|p1a: Mandibuzz|Mandibuzz, F|72/100
|move|p2a: Landorus|Earthquake|p1a: Mandibuzz
|-immune|p1a: Mandibuzz
|
|upkeep
|turn|33
|
|t:|1604546218
|switch|p2a: Ferrothorn|Ferrothorn, M|100/100
|move|p1a: Mandibuzz|Roost|p1a: Mandibuzz
|-heal|p1a: Mandibuzz|100/100
|-singleturn|p1a: Mandibuzz|move: Roost
|
|upkeep
|turn|34
|
|t:|1604546226
|move|p1a: Mandibuzz|Defog|p2a: Ferrothorn
|-unboost|p2a: Ferrothorn|evasion|1
|-sideend|p1: Shootingwolf|Stealth Rock|[from] move: Defog|[of] p1a: Mandibuzz
|move|p2a: Ferrothorn|Thunder Wave|p1a: Mandibuzz
|-status|p1a: Mandibuzz|par
|
|upkeep
|turn|35
|
|t:|1604546233
|switch|p1a: Cinderace|Cinderace, M|100/100
|move|p2a: Ferrothorn|Stealth Rock|p1a: Cinderace
|-sidestart|p1: Shootingwolf|move: Stealth Rock
|
|upkeep
|turn|36
|
|t:|1604546240
|switch|p2a: Landorus|Landorus-Therian, M|44/100
|-ability|p2a: Landorus|Intimidate|boost
|-unboost|p1a: Cinderace|atk|1
|move|p1a: Cinderace|Pyro Ball|p2a: Landorus
|-damage|p2a: Landorus|0 fnt
|faint|p2a: Landorus
|
|upkeep
|
|t:|1604546248
|switch|p2a: Urshifu|Urshifu, F|100/100
|turn|37
|
|t:|1604546254
|switch|p1a: Mandibuzz|Mandibuzz, F|100/100 par
|move|p2a: Urshifu|Close Combat|p1a: Mandibuzz
|-damage|p1a: Mandibuzz|27/100 par
|-unboost|p2a: Urshifu|def|1
|-unboost|p2a: Urshifu|spd|1
|
|upkeep
|turn|38
|
|t:|1604546261
|move|p2a: Urshifu|Close Combat|p1a: Mandibuzz
|-damage|p1a: Mandibuzz|0 fnt
|-unboost|p2a: Urshifu|def|1
|-unboost|p2a: Urshifu|spd|1
|faint|p1a: Mandibuzz
|
|upkeep
|
|t:|1604546264
|switch|p1a: Cinderace|Cinderace, M|100/100
|turn|39
|
|t:|1604546269
|switch|p2a: Ferrothorn|Ferrothorn, M|100/100
|move|p1a: Cinderace|Pyro Ball|p2a: Ferrothorn
|-supereffective|p2a: Ferrothorn
|-damage|p2a: Ferrothorn|0 fnt
|faint|p2a: Ferrothorn
|
|upkeep
|
|t:|1604546276
|switch|p2a: Pheromosa|Pheromosa|94/100 tox
|turn|40
|
|t:|1604546286
|move|p1a: Cinderace|Sucker Punch|p2a: Pheromosa
|-start|p1a: Cinderace|typechange|Dark|[from] ability: Libero
|-resisted|p2a: Pheromosa
|-damage|p2a: Pheromosa|50/100 tox
|move|p2a: Pheromosa|Close Combat|p1a: Cinderace
|-supereffective|p1a: Cinderace
|-damage|p1a: Cinderace|0 fnt
|-unboost|p2a: Pheromosa|def|1
|-unboost|p2a: Pheromosa|spd|1
|faint|p1a: Cinderace
|-ability|p2a: Pheromosa|Beast Boost|boost
|-boost|p2a: Pheromosa|spe|1
|
|-damage|p2a: Pheromosa|44/100 tox|[from] psn
|upkeep
|
|t:|1604546293
|switch|p1a: Melmetal|Melmetal|100/100
|-damage|p1a: Melmetal|94/100|[from] Stealth Rock
|turn|41
|
|t:|1604546303
|move|p2a: Pheromosa|Close Combat|p1a: Melmetal
|-supereffective|p1a: Melmetal
|-damage|p1a: Melmetal|19/100
|-unboost|p2a: Pheromosa|def|1
|-unboost|p2a: Pheromosa|spd|1
|move|p1a: Melmetal|Double Iron Bash|p2a: Pheromosa
|-damage|p2a: Pheromosa|0 fnt
|-hitcount|p2a: Pheromosa|1
|faint|p2a: Pheromosa
|
|upkeep
|
|t:|1604546312
|switch|p2a: Cinderace|Cinderace, F|100/100
|turn|42
|
|t:|1604546318
|move|p2a: Cinderace|Pyro Ball|p1a: Melmetal
|-supereffective|p1a: Melmetal
|-damage|p1a: Melmetal|0 fnt
|faint|p1a: Melmetal
|
|upkeep
|
|t:|1604546320
|switch|p1a: Zygarde|Zygarde|100/100
|-damage|p1a: Zygarde|94/100|[from] Stealth Rock
|-ability|p1a: Zygarde|Aura Break
|turn|43
|
|t:|1604546329
|move|p2a: Cinderace|Pyro Ball|p1a: Zygarde
|-resisted|p1a: Zygarde
|-damage|p1a: Zygarde|72/100
|move|p1a: Zygarde|Dragon Dance|p1a: Zygarde
|-boost|p1a: Zygarde|atk|1
|-boost|p1a: Zygarde|spe|1
|
|-heal|p1a: Zygarde|79/100|[from] item: Leftovers
|upkeep
|turn|44
|
|t:|1604546337
|move|p1a: Zygarde|Dragon Dance|p1a: Zygarde
|-boost|p1a: Zygarde|atk|1
|-boost|p1a: Zygarde|spe|1
|move|p2a: Cinderace|U-turn|p1a: Zygarde
|-start|p2a: Cinderace|typechange|Bug|[from] ability: Libero
|-damage|p1a: Zygarde|51/100
|
|t:|1604546343
|switch|p2a: Urshifu|Urshifu, F|100/100|[from]move: U-turn
|
|-heal|p1a: Zygarde|58/100|[from] item: Leftovers
|upkeep
|turn|45
|
|t:|1604546351
|move|p2a: Urshifu|Sucker Punch|p1a: Zygarde
|-damage|p1a: Zygarde|12/100
|move|p1a: Zygarde|Thousand Arrows|p2a: Urshifu
|-damage|p2a: Urshifu|19/100
|
|-heal|p1a: Zygarde|18/100|[from] item: Leftovers
|upkeep
|turn|46
|
|t:|1604546358
|move|p1a: Zygarde|Extreme Speed|p2a: Urshifu
|-damage|p2a: Urshifu|0 fnt
|faint|p2a: Urshifu
|
|-heal|p1a: Zygarde|24/100|[from] item: Leftovers
|upkeep
|
|t:|1604546364
|switch|p2a: Cinderace|Cinderace, F|100/100
|turn|47
|
|t:|1604546368
|move|p1a: Zygarde|Extreme Speed|p2a: Cinderace
|-damage|p2a: Cinderace|29/100
|move|p2a: Cinderace|Sucker Punch||[still]
|-fail|p2a: Cinderace
|
|-heal|p1a: Zygarde|30/100|[from] item: Leftovers
|upkeep
|turn|48
|
|t:|1604546376
|move|p1a: Zygarde|Extreme Speed|p2a: Cinderace
|-damage|p2a: Cinderace|0 fnt
|faint|p2a: Cinderace
|
|win|Shootingwolf
|l|☆sldf
