|j|☆Gotham Paladin
|j|☆lt94je Ice Type
|inactive|Battle timer is ON: inactive players will automatically lose when time's up.
|t:|1661732822
|gametype|singles
|player|p1|Gotham Paladin|red|
|player|p2|lt94je Ice Type|scientistf|
|teamsize|p1|6
|teamsize|p2|6
|gen|8
|tier|[Gen 8] OU
|rated|Tournament battle
|rule|Sleep Clause Mod: Limit one foe put to sleep
|rule|Species Clause: Limit one of each Pokémon
|rule|OHKO Clause: OHKO moves are banned
|rule|Evasion Items Clause: Evasion items are banned
|rule|Evasion Moves Clause: Evasion moves are banned
|rule|Endless Battle Clause: Forcing endless battles is banned
|rule|HP Percentage Mod: HP is shown in percentages
|rule|Dynamax Clause: You cannot dynamax
|clearpoke
|poke|p1|Octillery, M|
|poke|p1|Nihilego|
|poke|p1|Tentacruel, M|
|poke|p1|Azelf|
|poke|p1|Malamar, F|
|poke|p1|Mesprit|
|poke|p2|Malamar, M|
|poke|p2|Tentacruel, F|
|poke|p2|Azelf|
|poke|p2|Mesprit|
|poke|p2|Nihilego|
|poke|p2|Octillery, F|
|teampreview
|j| buckets3
|j| KfcGuyHeLikesFries
|c|☆lt94je Ice Type|Glhf
|j|%Sww-Suwa
|j| lobstergang
|c|☆Gotham Paladin|hf
|j| a good human
|
|t:|1661732832
|start
|switch|p1a: Mesprit|Mesprit|100/100
|switch|p2a: Tentacruel|Tentacruel, F|100/100
|turn|1
|j| crabby_army
|c| KfcGuyHeLikesFries|It’s the same team lmao
|c| lobstergang|squid game
|
|t:|1661732838
|switch|p2a: Malamar|Malamar, M|100/100
|move|p1a: Mesprit|U-turn|p2a: Malamar
|-supereffective|p2a: Malamar
|-damage|p2a: Malamar|31/100
|c|%Sww-Suwa|so is squid meta solved?
|
|t:|1661732846
|switch|p1a: Nihilego|Nihilego|100/100|[from]move: U-turn
|
|upkeep
|turn|2
|j| Currently building
|c| KfcGuyHeLikesFries|THE RINAL MATCH
|
|t:|1661732856
|move|p2a: Malamar|Destiny Bond|p2a: Malamar
|-singlemove|p2a: Malamar|Destiny Bond
|move|p1a: Nihilego|Meteor Beam||[still]
|-prepare|p1a: Nihilego|Meteor Beam
|-boost|p1a: Nihilego|spa|1
|-enditem|p1a: Nihilego|Power Herb
|-anim|p1a: Nihilego|Meteor Beam|p2a: Malamar
|-damage|p2a: Malamar|0 fnt
|faint|p2a: Malamar
|-activate|p2a: Malamar|move: Destiny Bond
|faint|p1a: Nihilego
|
|upkeep
|c| KfcGuyHeLikesFries|FINAL
|c| a good human|squid meta is just like
|j| ilikekida
|
|t:|1661732872
|switch|p1a: Mesprit|Mesprit|100/100
|switch|p2a: Mesprit|Mesprit|100/100
|turn|3
|
|t:|1661732877
|move|p1a: Mesprit|Shadow Ball|p2a: Mesprit
|-supereffective|p2a: Mesprit
|-damage|p2a: Mesprit|47/100
|-unboost|p2a: Mesprit|spd|1
|move|p2a: Mesprit|U-turn|p1a: Mesprit
|-supereffective|p1a: Mesprit
|-damage|p1a: Mesprit|71/100
|c| a good human|the who's got better moody luck meta
|c| a good human|tbh
|
|t:|1661732891
|switch|p2a: Tentacruel|Tentacruel, F|100/100|[from]move: U-turn
|
|upkeep
|turn|4
|
|t:|1661732903
|switch|p1a: Malamar|Malamar, F|100/100
|move|p2a: Tentacruel|Reflect|p2a: Tentacruel
|-sidestart|p2: lt94je Ice Type|Reflect
|
|upkeep
|turn|5
|
|t:|1661732910
|move|p2a: Tentacruel|Toxic|p1a: Malamar
|-status|p1a: Malamar|tox
|move|p1a: Malamar|Superpower|p2a: Tentacruel
|-resisted|p2a: Tentacruel
|-damage|p2a: Tentacruel|93/100
|-boost|p1a: Malamar|atk|1
|-boost|p1a: Malamar|def|1
|
|-heal|p2a: Tentacruel|99/100|[from] item: Black Sludge
|-damage|p1a: Malamar|94/100 tox|[from] psn
|upkeep
|turn|6
|l| ilikekida
|
|t:|1661732920
|move|p2a: Tentacruel|Haze|p2a: Tentacruel
|-clearallboost
|move|p1a: Malamar|Knock Off|p2a: Tentacruel
|-damage|p2a: Tentacruel|79/100
|-enditem|p2a: Tentacruel|Black Sludge|[from] move: Knock Off|[of] p1a: Malamar
|
|-heal|p1a: Malamar|100/100 tox|[from] item: Leftovers
|-damage|p1a: Malamar|88/100 tox|[from] psn
|upkeep
|turn|7
|c| KfcGuyHeLikesFries|Bro was I the only acupressure malamae
|c| KfcGuyHeLikesFries|malamar
|c| KfcGuyHeLikesFries|:(
|c|%Sww-Suwa|moody is banned
|c|☆Gotham Paladin|lol
|
|t:|1661732942
|move|p2a: Tentacruel|Toxic|p1a: Malamar
|-fail|p1a: Malamar|tox
|move|p1a: Malamar|Knock Off|p2a: Tentacruel
|-damage|p2a: Tentacruel|66/100
|
|-heal|p1a: Malamar|94/100 tox|[from] item: Leftovers
|-damage|p1a: Malamar|76/100 tox|[from] psn
|upkeep
|turn|8
|
|t:|1661732950
|move|p2a: Tentacruel|Toxic|p1a: Malamar
|-fail|p1a: Malamar|tox
|move|p1a: Malamar|Rest|p1a: Malamar
|-status|p1a: Malamar|slp|[from] move: Rest
|-heal|p1a: Malamar|100/100 slp|[silent]
|
|-sideend|p2: lt94je Ice Type|Reflect
|upkeep
|turn|9
|
|t:|1661732962
|switch|p2a: Mesprit|Mesprit|47/100
|cant|p1a: Malamar|slp
|move|p1a: Malamar|Sleep Talk|p1a: Malamar
|move|p1a: Malamar|Rest||[from]move: Sleep Talk|[still]
|-fail|p1a: Malamar
|
|upkeep
|turn|10
|
|t:|1661732978
|switch|p1a: Octillery|Octillery, M|100/100
|move|p2a: Mesprit|U-turn|p1a: Octillery
|-crit|p1a: Octillery
|-damage|p1a: Octillery|75/100
|
|t:|1661732994
|switch|p2a: Octillery|Octillery, F|100/100|[from]move: U-turn
|
|upkeep
|turn|11
|
|t:|1661733003
|move|p1a: Octillery|Thunder Wave|p2a: Octillery
|-status|p2a: Octillery|par
|move|p2a: Octillery|Energy Ball|p1a: Octillery
|-supereffective|p1a: Octillery
|-damage|p1a: Octillery|0 fnt
|faint|p1a: Octillery
|
|upkeep
|
|t:|1661733013
|switch|p1a: Malamar|Malamar, F|100/100 slp
|turn|12
|c| a good human|wait it is
|c| a good human|damn
|
|t:|1661733021
|switch|p2a: Tentacruel|Tentacruel, F|66/100
|cant|p1a: Malamar|slp
|move|p1a: Malamar|Sleep Talk|p1a: Malamar
|move|p1a: Malamar|Knock Off|p2a: Tentacruel|[from]move: Sleep Talk
|-damage|p2a: Tentacruel|35/100
|
|upkeep
|turn|13
|
|t:|1661733028
|move|p2a: Tentacruel|Reflect|p2a: Tentacruel
|-sidestart|p2: lt94je Ice Type|Reflect
|-curestatus|p1a: Malamar|slp|[msg]
|move|p1a: Malamar|Superpower|p2a: Tentacruel
|-resisted|p2a: Tentacruel
|-damage|p2a: Tentacruel|27/100
|-boost|p1a: Malamar|atk|1
|-boost|p1a: Malamar|def|1
|
|upkeep
|turn|14
|
|t:|1661733036
|move|p2a: Tentacruel|Haze|p2a: Tentacruel
|-clearallboost
|move|p1a: Malamar|Knock Off|p2a: Tentacruel
|-damage|p2a: Tentacruel|14/100
|
|upkeep
|turn|15
|
|t:|1661733040
|move|p2a: Tentacruel|Toxic|p1a: Malamar
|-status|p1a: Malamar|tox
|move|p1a: Malamar|Superpower|p2a: Tentacruel
|-resisted|p2a: Tentacruel
|-damage|p2a: Tentacruel|5/100
|-boost|p1a: Malamar|atk|1
|-boost|p1a: Malamar|def|1
|
|-damage|p1a: Malamar|94/100 tox|[from] psn
|upkeep
|turn|16
|j| PkmnMasterEclipse
|j| Cra3k
|
|t:|1661733049
|move|p2a: Tentacruel|Haze|p2a: Tentacruel
|-clearallboost
|move|p1a: Malamar|Superpower|p2a: Tentacruel
|-resisted|p2a: Tentacruel
|-damage|p2a: Tentacruel|0 fnt
|-boost|p1a: Malamar|atk|1
|-boost|p1a: Malamar|def|1
|faint|p2a: Tentacruel
|
|-heal|p1a: Malamar|100/100 tox|[from] item: Leftovers
|-damage|p1a: Malamar|88/100 tox|[from] psn
|upkeep
|l| PkmnMasterEclipse
|
|t:|1661733060
|switch|p2a: Nihilego|Nihilego|100/100
|turn|17
|
|t:|1661733069
|move|p2a: Nihilego|Meteor Beam||[still]
|-prepare|p2a: Nihilego|Meteor Beam
|-boost|p2a: Nihilego|spa|1
|-enditem|p2a: Nihilego|Power Herb
|-anim|p2a: Nihilego|Meteor Beam|p1a: Malamar
|-damage|p1a: Malamar|19/100 tox
|move|p1a: Malamar|Rest|p1a: Malamar
|-status|p1a: Malamar|slp|[from] move: Rest
|-heal|p1a: Malamar|100/100 slp|[silent]
|
|-sideend|p2: lt94je Ice Type|Reflect
|upkeep
|turn|18
|c| KfcGuyHeLikesFries|Opinion on the platypus?
|j| H4WT ★
|
|t:|1661733079
|move|p2a: Nihilego|Dazzling Gleam|p1a: Malamar
|-supereffective|p1a: Malamar
|-damage|p1a: Malamar|37/100 slp
|cant|p1a: Malamar|slp
|move|p1a: Malamar|Sleep Talk|p1a: Malamar
|move|p1a: Malamar|Superpower|p2a: Nihilego|[from]move: Sleep Talk
|-damage|p2a: Nihilego|33/100
|-boost|p1a: Malamar|atk|1
|-boost|p1a: Malamar|def|1
|
|-heal|p1a: Malamar|43/100 slp|[from] item: Leftovers
|upkeep
|turn|19
|
|t:|1661733091
|switch|p1a: Mesprit|Mesprit|71/100
|move|p2a: Nihilego|Dazzling Gleam|p1a: Mesprit
|-damage|p1a: Mesprit|31/100
|
|upkeep
|turn|20
|c| KfcGuyHeLikesFries|Bro taht didn’t kill
|j| Nito_Mc
|c| KfcGuyHeLikesFries|i get malamar has average stats
|c| KfcGuyHeLikesFries|but look
|l| H4WT ★
|
|t:|1661733116
|switch|p2a: Azelf|Azelf|100/100
|move|p1a: Mesprit|Psyshock|p2a: Azelf
|-resisted|p2a: Azelf
|-damage|p2a: Azelf|71/100
|
|upkeep
|turn|21
|
|t:|1661733123
|switch|p1a: Azelf|Azelf|100/100
|move|p2a: Azelf|Nasty Plot|p2a: Azelf
|-boost|p2a: Azelf|spa|2
|
|upkeep
|turn|22
|
|t:|1661733130
|move|p2a: Azelf|Endure|p2a: Azelf
|-singleturn|p2a: Azelf|move: Endure
|move|p1a: Azelf|Encore|p2a: Azelf
|-start|p2a: Azelf|Encore
|
|upkeep
|turn|23
|
|t:|1661733142
|switch|p2a: Nihilego|Nihilego|33/100
|move|p1a: Azelf|Dazzling Gleam|p2a: Nihilego
|-resisted|p2a: Nihilego
|-damage|p2a: Nihilego|19/100
|-damage|p1a: Azelf|91/100|[from] item: Life Orb
|
|upkeep
|turn|24
|
|t:|1661733148
|move|p1a: Azelf|Psyshock|p2a: Nihilego
|-supereffective|p2a: Nihilego
|-damage|p2a: Nihilego|0 fnt
|faint|p2a: Nihilego
|-damage|p1a: Azelf|81/100|[from] item: Life Orb
|
|upkeep
|
|t:|1661733158
|switch|p2a: Mesprit|Mesprit|47/100
|turn|25
|l|%Sww-Suwa
|
|t:|1661733167
|switch|p1a: Malamar|Malamar, F|43/100 slp
|move|p2a: Mesprit|U-turn|p1a: Malamar
|-supereffective|p1a: Malamar
|-damage|p1a: Malamar|0 fnt
|faint|p1a: Malamar
|
|t:|1661733174
|switch|p2a: Octillery|Octillery, F|100/100 par|[from]move: U-turn
|
|upkeep
|
|t:|1661733180
|switch|p1a: Azelf|Azelf|81/100
|turn|26
|
|t:|1661733184
|move|p1a: Azelf|Psyshock|p2a: Octillery
|-damage|p2a: Octillery|32/100 par
|-damage|p1a: Azelf|71/100|[from] item: Life Orb
|move|p2a: Octillery|Surf|p1a: Azelf
|-damage|p1a: Azelf|0 fnt
|faint|p1a: Azelf
|
|upkeep
|l| a good human
|
|t:|1661733201
|switch|p1a: Tentacruel|Tentacruel, M|100/100
|turn|27
|
|t:|1661733208
|move|p1a: Tentacruel|Scald|p2a: Octillery
|-resisted|p2a: Octillery
|-crit|p2a: Octillery
|-damage|p2a: Octillery|12/100 par
|cant|p2a: Octillery|par
|
|upkeep
|turn|28
|
|t:|1661733214
|move|p1a: Tentacruel|Scald|p2a: Octillery
|-resisted|p2a: Octillery
|-damage|p2a: Octillery|0 fnt
|faint|p2a: Octillery
|
|upkeep
|
|t:|1661733220
|switch|p2a: Mesprit|Mesprit|47/100
|turn|29
|
|t:|1661733233
|switch|p1a: Mesprit|Mesprit|31/100
|move|p2a: Mesprit|Psychic|p1a: Mesprit
|-resisted|p1a: Mesprit
|-damage|p1a: Mesprit|9/100
|
|upkeep
|turn|30
|
|t:|1661733239
|move|p1a: Mesprit|Shadow Ball|p2a: Mesprit
|-supereffective|p2a: Mesprit
|-damage|p2a: Mesprit|0 fnt
|faint|p2a: Mesprit
|
|upkeep
|
|t:|1661733242
|switch|p2a: Azelf|Azelf|71/100
|turn|31
|j| Monotone Man
|
|t:|1661733249
|switch|p1a: Tentacruel|Tentacruel, M|100/100
|move|p2a: Azelf|Shadow Ball|p1a: Tentacruel
|-damage|p1a: Tentacruel|83/100
|
|-heal|p1a: Tentacruel|89/100|[from] item: Black Sludge
|upkeep
|turn|32
|
|t:|1661733252
|move|p2a: Azelf|Nasty Plot|p2a: Azelf
|-boost|p2a: Azelf|spa|2
|move|p1a: Tentacruel|Toxic|p2a: Azelf
|-status|p2a: Azelf|tox
|
|-heal|p1a: Tentacruel|95/100|[from] item: Black Sludge
|-damage|p2a: Azelf|64/100 tox|[from] psn
|upkeep
|turn|33
|
|t:|1661733260
|move|p2a: Azelf|Shadow Ball|p1a: Tentacruel
|-damage|p1a: Tentacruel|61/100
|-unboost|p1a: Tentacruel|spd|1
|move|p1a: Tentacruel|Haze|p1a: Tentacruel
|-clearallboost
|
|-heal|p1a: Tentacruel|67/100|[from] item: Black Sludge
|-damage|p2a: Azelf|52/100 tox|[from] psn
|upkeep
|turn|34
|c|☆lt94je Ice Type|Gg
|c|☆lt94je Ice Type|Wp
|c|☆Gotham Paladin|gg
|c|☆Gotham Paladin|ty
|
|t:|1661733270
|move|p2a: Azelf|Shadow Ball|p1a: Tentacruel
|-damage|p1a: Tentacruel|50/100
|move|p1a: Tentacruel|Scald|p2a: Azelf
|-damage|p2a: Azelf|14/100 tox
|-enditem|p2a: Azelf|Salac Berry|[eat]
|-boost|p2a: Azelf|spe|1|[from] item: Salac Berry
|
|-heal|p1a: Tentacruel|56/100|[from] item: Black Sludge
|-damage|p2a: Azelf|0 fnt|[from] psn
|faint|p2a: Azelf
|
|win|Gotham Paladin
|upkeep
|n|☆Gotham Paladin|gothampaladin
|n|☆lt94je Ice Type|lt94jeicetype
|n| buckets3|buckets3
|n| KfcGuyHeLikesFries|kfcguyhelikesfries
|n| lobstergang|lobstergang
|n| crabby_army|crabbyarmy
|n| Currently building|currentlybuilding
|n| Cra3k|cra3k
|n| Nito_Mc|nitomc
|n| Monotone Man|monotoneman
