|j|☆A
|j|☆test31415
|player|p1|A|clemont|1707
|player|p2|test31415|102|1745
|teamsize|p1|6
|teamsize|p2|6
|gametype|singles
|gen|8
|tier|[Gen 8] OU
|rated|
|html|<div class="broadcast-blue"><strong>OU is currently suspecting Dracovish! For information on how to participate check out the <a href="https://www.smogon.com/forums/threads/3664521/">suspect thread</a>.</strong></div>
|clearpoke
|poke|p1|Clefable, F|
|poke|p1|Rotom-Mow|
|poke|p1|Kommo-o, M|
|poke|p1|Toxapex, M|
|poke|p1|Mandibuzz, F|
|poke|p1|Jirachi|
|poke|p2|Hydreigon, F|
|poke|p2|Venusaur, M|
|poke|p2|Cinderace, F|
|poke|p2|Bisharp, F|
|poke|p2|Jirachi|
|poke|p2|Keldeo-Resolute|
|rule|Sleep Clause Mod: Limit one foe put to sleep
|rule|Species Clause: Limit one of each Pokémon
|rule|OHKO Clause: OHKO moves are banned
|rule|Evasion Moves Clause: Evasion moves are banned
|rule|Endless Battle Clause: Forcing endless battles is banned
|rule|HP Percentage Mod: HP is shown in percentages
|rule|Dynamax Clause: You cannot dynamax
|teampreview
|inactive|Battle timer is ON: inactive players will automatically lose when time's up. (requested by test31415)
|
|start
|switch|p1a: cool laddy|Jirachi, shiny|100/100
|switch|p2a: Jirachi|Jirachi|100/100
|turn|1
|
|move|p1a: cool laddy|Trick|p2a: Jirachi
|-activate|p1a: cool laddy|move: Trick|[of] p2a: Jirachi
|-item|p2a: Jirachi|Choice Scarf|[from] move: Trick
|-item|p1a: cool laddy|Choice Specs|[from] move: Trick
|move|p2a: Jirachi|Trick|p1a: cool laddy
|-activate|p2a: Jirachi|move: Trick|[of] p1a: cool laddy
|-item|p1a: cool laddy|Choice Scarf|[from] move: Trick
|-item|p2a: Jirachi|Choice Specs|[from] move: Trick
|
|upkeep
|turn|2
|j| pat and pending
|c|☆test31415|lol
|c|☆A|it seems we have reached an impasse
|
|move|p1a: cool laddy|U-turn|p2a: Jirachi
|-damage|p2a: Jirachi|84/100
|
|switch|p1a: yeah boii|Rotom-Mow, shiny|100/100|[from]move: U-turn
|move|p2a: Jirachi|Thunder|p1a: yeah boii
|-resisted|p1a: yeah boii
|-damage|p1a: yeah boii|87/100
|
|upkeep
|turn|3
|
|switch|p2a: Venusaur|Venusaur, M|100/100
|move|p1a: yeah boii|Trick|p2a: Venusaur
|-activate|p1a: yeah boii|move: Trick|[of] p2a: Venusaur
|-item|p2a: Venusaur|Choice Scarf|[from] move: Trick
|-item|p1a: yeah boii|Leftovers|[from] move: Trick
|
|-heal|p1a: yeah boii|93/100|[from] item: Leftovers
|upkeep
|turn|4
|
|switch|p1a: epic games|Kommo-o, M|100/100
|move|p2a: Venusaur|Sludge Bomb|p1a: epic games
|-immune|p1a: epic games|[from] ability: Bulletproof
|
|upkeep
|turn|5
|
|switch|p2a: Jirachi|Jirachi|84/100
|move|p1a: epic games|Stealth Rock|p2a: Jirachi
|-sidestart|p2: test31415|move: Stealth Rock
|
|upkeep
|turn|6
|
|switch|p1a: cool laddy|Jirachi, shiny|100/100
|move|p2a: Jirachi|Doom Desire|p1a: cool laddy
|-start|p2a: Jirachi|Doom Desire
|
|upkeep
|turn|7
|j| DollynhoTrash
|
|switch|p2a: Cinderace|Cinderace, F|100/100
|move|p1a: cool laddy|U-turn|p2a: Cinderace
|-resisted|p2a: Cinderace
|-damage|p2a: Cinderace|87/100
|
|switch|p1a: the chungus|Toxapex, M, shiny|100/100|[from]move: U-turn
|
|upkeep
|turn|8
|
|move|p2a: Cinderace|Court Change|p2a: Cinderace
|-sideend|p2: test31415|Stealth Rock|[silent]
|-sidestart|p1: A|Stealth Rock|[silent]
|-activate|p2a: Cinderace|move: Court Change
|move|p1a: the chungus|Toxic|p2a: Cinderace
|-status|p2a: Cinderace|tox
|
|-end|p1a: the chungus|move: Doom Desire
|-resisted|p1a: the chungus
|-damage|p1a: the chungus|79/100
|-heal|p1a: the chungus|85/100|[from] item: Black Sludge
|-damage|p2a: Cinderace|81/100 tox|[from] psn
|upkeep
|turn|9
|
|move|p2a: Cinderace|U-turn|p1a: the chungus
|-resisted|p1a: the chungus
|-damage|p1a: the chungus|77/100
|
|switch|p2a: Bisharp|Bisharp, F|100/100|[from]move: U-turn
|move|p1a: the chungus|Toxic|p2a: Bisharp
|-immune|p2a: Bisharp
|
|-heal|p1a: the chungus|83/100|[from] item: Black Sludge
|upkeep
|turn|10
|
|switch|p1a: epic games|Kommo-o, M|100/100
|-damage|p1a: epic games|94/100|[from] Stealth Rock
|move|p2a: Bisharp|Swords Dance|p2a: Bisharp
|-boost|p2a: Bisharp|atk|2
|
|-heal|p1a: epic games|100/100|[from] item: Leftovers
|upkeep
|turn|11
|
|move|p2a: Bisharp|Iron Head|p1a: epic games
|-damage|p1a: epic games|38/100
|-damage|p2a: Bisharp|91/100|[from] item: Life Orb
|move|p1a: epic games|Body Press|p2a: Bisharp
|-supereffective|p2a: Bisharp
|-damage|p2a: Bisharp|0 fnt
|faint|p2a: Bisharp
|
|-heal|p1a: epic games|44/100|[from] item: Leftovers
|upkeep
|j| Rem!x
|j| phys2000
|j| seven starsss
|
|switch|p2a: Keldeo|Keldeo-Resolute|100/100
|turn|12
|
|move|p2a: Keldeo|Icy Wind|p1a: epic games
|-supereffective|p1a: epic games
|-damage|p1a: epic games|12/100
|-unboost|p1a: epic games|spe|1
|move|p1a: epic games|Body Press|p2a: Keldeo
|-damage|p2a: Keldeo|50/100
|
|-heal|p1a: epic games|18/100|[from] item: Leftovers
|upkeep
|turn|13
|
|switch|p1a: the chungus|Toxapex, M, shiny|100/100
|-damage|p1a: the chungus|88/100|[from] Stealth Rock
|move|p2a: Keldeo|Icy Wind|p1a: the chungus
|-resisted|p1a: the chungus
|-damage|p1a: the chungus|81/100
|-unboost|p1a: the chungus|spe|1
|
|-heal|p1a: the chungus|87/100|[from] item: Black Sludge
|upkeep
|turn|14
|
|switch|p2a: Jirachi|Jirachi|84/100
|move|p1a: the chungus|Scald|p2a: Jirachi
|-damage|p2a: Jirachi|67/100
|
|-heal|p1a: the chungus|93/100|[from] item: Black Sludge
|upkeep
|turn|15
|j| Celesh18
|
|move|p1a: the chungus|Baneful Bunker|p1a: the chungus
|-singleturn|p1a: the chungus|move: Protect
|move|p2a: Jirachi|Trick|p1a: the chungus
|-activate|p1a: the chungus|move: Protect
|
|-heal|p1a: the chungus|99/100|[from] item: Black Sludge
|upkeep
|turn|16
|l| pat and pending
|j| soggy pigs
|inactive|A has 120 seconds left.
|
|switch|p1a: cool laddy|Jirachi, shiny|100/100
|-damage|p1a: cool laddy|94/100|[from] Stealth Rock
|move|p2a: Jirachi|Trick|p1a: cool laddy
|-activate|p2a: Jirachi|move: Trick|[of] p1a: cool laddy
|-item|p1a: cool laddy|Choice Specs|[from] move: Trick
|-item|p2a: Jirachi|Choice Scarf|[from] move: Trick
|
|upkeep
|turn|17
|inactive|A has 120 seconds left.
|
|switch|p2a: Venusaur|Venusaur, M|100/100
|move|p1a: cool laddy|Thunder Wave|p2a: Venusaur
|-status|p2a: Venusaur|par
|
|upkeep
|turn|18
|inactive|A has 120 seconds left.
|
|switch|p1a: irrationallty m8|Mandibuzz, F|100/100
|switch|p2a: Cinderace|Cinderace, F|81/100 tox
|
|-damage|p2a: Cinderace|75/100 tox|[from] psn
|upkeep
|turn|19
|
|move|p2a: Cinderace|U-turn|p1a: irrationallty m8
|-damage|p1a: irrationallty m8|83/100
|
|switch|p2a: Hydreigon|Hydreigon, F|100/100|[from]move: U-turn
|move|p1a: irrationallty m8|Defog|p2a: Hydreigon
|-unboost|p2a: Hydreigon|evasion|1
|-sideend|p1: A|Stealth Rock|[from] move: Defog|[of] p1a: irrationallty m8
|
|upkeep
|turn|20
|
|move|p2a: Hydreigon|Nasty Plot|p2a: Hydreigon
|-boost|p2a: Hydreigon|spa|2
|move|p1a: irrationallty m8|Toxic|p2a: Hydreigon
|-status|p2a: Hydreigon|tox
|
|-damage|p2a: Hydreigon|94/100 tox|[from] psn
|upkeep
|turn|21
|
|switch|p1a: hypocrite|Clefable, F, shiny|100/100
|move|p2a: Hydreigon|Nasty Plot|p2a: Hydreigon
|-boost|p2a: Hydreigon|spa|2
|
|-damage|p2a: Hydreigon|82/100 tox|[from] psn
|upkeep
|turn|22
|
|switch|p1a: epic games|Kommo-o, M|18/100
|move|p2a: Hydreigon|Flash Cannon|p1a: epic games
|-damage|p1a: epic games|0 fnt
|-damage|p2a: Hydreigon|72/100 tox|[from] item: Life Orb
|faint|p1a: epic games
|
|-damage|p2a: Hydreigon|54/100 tox|[from] psn
|upkeep
|
|switch|p1a: cool laddy|Jirachi, shiny|94/100
|turn|23
|
|move|p1a: cool laddy|U-turn|p2a: Hydreigon
|-supereffective|p2a: Hydreigon
|-damage|p2a: Hydreigon|16/100 tox
|
|switch|p1a: irrationallty m8|Mandibuzz, F|83/100|[from]move: U-turn
|move|p2a: Hydreigon|Dark Pulse|p1a: irrationallty m8
|-resisted|p1a: irrationallty m8
|-damage|p1a: irrationallty m8|30/100
|-damage|p2a: Hydreigon|6/100 tox|[from] item: Life Orb
|
|-damage|p2a: Hydreigon|0 fnt|[from] psn
|faint|p2a: Hydreigon
|upkeep
|
|switch|p2a: Keldeo|Keldeo-Resolute|50/100
|turn|24
|
|switch|p2a: Jirachi|Jirachi|67/100
|switch|p1a: the chungus|Toxapex, M, shiny|100/100
|
|upkeep
|turn|25
|
|move|p1a: the chungus|Baneful Bunker|p1a: the chungus
|-singleturn|p1a: the chungus|move: Protect
|move|p2a: Jirachi|Doom Desire|p1a: the chungus
|-start|p2a: Jirachi|Doom Desire
|
|upkeep
|turn|26
|
|switch|p2a: Venusaur|Venusaur, M|100/100 par
|switch|p1a: irrationallty m8|Mandibuzz, F|30/100
|
|upkeep
|turn|27
|
|move|p1a: irrationallty m8|Roost|p1a: irrationallty m8
|-heal|p1a: irrationallty m8|80/100
|-singleturn|p1a: irrationallty m8|move: Roost
|move|p2a: Venusaur|Sludge Bomb|p1a: irrationallty m8
|-damage|p1a: irrationallty m8|53/100
|-status|p1a: irrationallty m8|psn
|
|-end|p1a: irrationallty m8|move: Doom Desire
|-damage|p1a: irrationallty m8|16/100 psn
|-damage|p1a: irrationallty m8|4/100 psn|[from] psn
|upkeep
|turn|28
|
|switch|p2a: Jirachi|Jirachi|67/100
|move|p1a: irrationallty m8|Roost|p1a: irrationallty m8
|-heal|p1a: irrationallty m8|54/100 psn
|-singleturn|p1a: irrationallty m8|move: Roost
|
|-damage|p1a: irrationallty m8|41/100 psn|[from] psn
|upkeep
|turn|29
|
|switch|p1a: yeah boii|Rotom-Mow, shiny|93/100
|move|p2a: Jirachi|Trick|p1a: yeah boii
|-activate|p2a: Jirachi|move: Trick|[of] p1a: yeah boii
|-item|p1a: yeah boii|Choice Scarf|[from] move: Trick
|-item|p2a: Jirachi|Leftovers|[from] move: Trick
|
|-heal|p2a: Jirachi|73/100|[from] item: Leftovers
|upkeep
|turn|30
|
|switch|p2a: Venusaur|Venusaur, M|100/100 par
|move|p1a: yeah boii|Trick|p2a: Venusaur
|-activate|p1a: yeah boii|move: Trick|[of] p2a: Venusaur
|-item|p2a: Venusaur|Choice Scarf|[from] move: Trick
|-item|p1a: yeah boii|Choice Scarf|[from] move: Trick
|
|upkeep
|turn|31
|
|move|p1a: yeah boii|Volt Switch|p2a: Venusaur
|-resisted|p2a: Venusaur
|-damage|p2a: Venusaur|87/100 par
|
|switch|p1a: cool laddy|Jirachi, shiny|94/100|[from]move: Volt Switch
|move|p2a: Venusaur|Giga Drain|p1a: cool laddy
|-resisted|p1a: cool laddy
|-crit|p1a: cool laddy
|-damage|p1a: cool laddy|69/100
|-heal|p2a: Venusaur|100/100 par|[from] drain|[of] p1a: cool laddy
|
|upkeep
|turn|32
|
|switch|p2a: Cinderace|Cinderace, F|75/100 tox
|move|p1a: cool laddy|Iron Head|p2a: Cinderace
|-resisted|p2a: Cinderace
|-damage|p2a: Cinderace|52/100 tox
|
|-damage|p2a: Cinderace|46/100 tox|[from] psn
|upkeep
|turn|33
|
|switch|p1a: hypocrite|Clefable, F, shiny|100/100
|move|p2a: Cinderace|U-turn|p1a: hypocrite
|-resisted|p1a: hypocrite
|-damage|p1a: hypocrite|90/100
|
|switch|p2a: Jirachi|Jirachi|73/100|[from]move: U-turn
|
|-heal|p2a: Jirachi|79/100|[from] item: Leftovers
|-heal|p1a: hypocrite|96/100|[from] item: Leftovers
|upkeep
|turn|34
|
|switch|p1a: cool laddy|Jirachi, shiny|69/100
|move|p2a: Jirachi|Doom Desire|p1a: cool laddy
|-start|p2a: Jirachi|Doom Desire
|
|-heal|p2a: Jirachi|86/100|[from] item: Leftovers
|upkeep
|turn|35
|
|switch|p2a: Keldeo|Keldeo-Resolute|50/100
|move|p1a: cool laddy|Trick|p2a: Keldeo
|-activate|p1a: cool laddy|move: Trick|[of] p2a: Keldeo
|-item|p2a: Keldeo|Choice Specs|[from] move: Trick
|-item|p1a: cool laddy|Choice Scarf|[from] move: Trick
|
|upkeep
|turn|36
|
|switch|p1a: the chungus|Toxapex, M, shiny|100/100
|switch|p2a: Venusaur|Venusaur, M|100/100 par
|
|-end|p1a: the chungus|move: Doom Desire
|-resisted|p1a: the chungus
|-damage|p1a: the chungus|77/100
|-heal|p1a: the chungus|83/100|[from] item: Black Sludge
|upkeep
|turn|37
|
|cant|p2a: Venusaur|par
|move|p1a: the chungus|Scald|p2a: Venusaur
|-resisted|p2a: Venusaur
|-damage|p2a: Venusaur|93/100 par
|
|-heal|p1a: the chungus|89/100|[from] item: Black Sludge
|upkeep
|turn|38
|
|cant|p2a: Venusaur|par
|move|p1a: the chungus|Scald|p2a: Venusaur
|-resisted|p2a: Venusaur
|-damage|p2a: Venusaur|84/100 par
|
|-heal|p1a: the chungus|95/100|[from] item: Black Sludge
|upkeep
|turn|39
|
|cant|p2a: Venusaur|par
|move|p1a: the chungus|Scald|p2a: Venusaur
|-resisted|p2a: Venusaur
|-damage|p2a: Venusaur|75/100 par
|
|-heal|p1a: the chungus|100/100|[from] item: Black Sludge
|upkeep
|turn|40
|
|switch|p1a: hypocrite|Clefable, F, shiny|96/100
|move|p2a: Venusaur|Giga Drain|p1a: hypocrite
|-damage|p1a: hypocrite|63/100
|-heal|p2a: Venusaur|94/100 par|[from] drain|[of] p1a: hypocrite
|
|-heal|p1a: hypocrite|69/100|[from] item: Leftovers
|upkeep
|turn|41
|
|switch|p2a: Jirachi|Jirachi|86/100
|move|p1a: hypocrite|Calm Mind|p1a: hypocrite
|-boost|p1a: hypocrite|spa|1
|-boost|p1a: hypocrite|spd|1
|
|-heal|p2a: Jirachi|92/100|[from] item: Leftovers
|-heal|p1a: hypocrite|75/100|[from] item: Leftovers
|upkeep
|turn|42
|
|move|p2a: Jirachi|Doom Desire|p1a: hypocrite
|-start|p2a: Jirachi|Doom Desire
|move|p1a: hypocrite|Thunderbolt|p2a: Jirachi
|-damage|p2a: Jirachi|57/100
|
|-heal|p2a: Jirachi|63/100|[from] item: Leftovers
|-heal|p1a: hypocrite|81/100|[from] item: Leftovers
|upkeep
|turn|43
|
|move|p2a: Jirachi|Thunder|p1a: hypocrite
|-damage|p1a: hypocrite|62/100
|-status|p1a: hypocrite|par
|cant|p1a: hypocrite|par
|
|-heal|p2a: Jirachi|69/100|[from] item: Leftovers
|-heal|p1a: hypocrite|68/100 par|[from] item: Leftovers
|upkeep
|turn|44
|
|switch|p1a: yeah boii|Rotom-Mow, shiny|93/100
|move|p2a: Jirachi|Psychic|p1a: yeah boii
|-damage|p1a: yeah boii|49/100
|
|-end|p1a: yeah boii|move: Doom Desire
|-resisted|p1a: yeah boii
|-damage|p1a: yeah boii|17/100
|-heal|p2a: Jirachi|75/100|[from] item: Leftovers
|upkeep
|turn|45
|
|switch|p2a: Venusaur|Venusaur, M|94/100 par
|move|p1a: yeah boii|Volt Switch|p2a: Venusaur
|-resisted|p2a: Venusaur
|-damage|p2a: Venusaur|81/100 par
|
|switch|p1a: cool laddy|Jirachi, shiny|69/100|[from]move: Volt Switch
|
|upkeep
|turn|46
|
|switch|p2a: Keldeo|Keldeo-Resolute|50/100
|move|p1a: cool laddy|U-turn|p2a: Keldeo
|-resisted|p2a: Keldeo
|-damage|p2a: Keldeo|40/100
|
|switch|p1a: the chungus|Toxapex, M, shiny|100/100|[from]move: U-turn
|
|upkeep
|turn|47
|
|switch|p2a: Venusaur|Venusaur, M|81/100 par
|move|p1a: the chungus|Scald|p2a: Venusaur
|-resisted|p2a: Venusaur
|-damage|p2a: Venusaur|72/100 par
|
|upkeep
|turn|48
|
|move|p2a: Venusaur|Giga Drain|p1a: the chungus
|-damage|p1a: the chungus|72/100
|-heal|p2a: Venusaur|85/100 par|[from] drain|[of] p1a: the chungus
|move|p1a: the chungus|Scald|p2a: Venusaur
|-resisted|p2a: Venusaur
|-damage|p2a: Venusaur|76/100 par
|
|-heal|p1a: the chungus|78/100|[from] item: Black Sludge
|upkeep
|turn|49
|
|move|p1a: the chungus|Baneful Bunker|p1a: the chungus
|-singleturn|p1a: the chungus|move: Protect
|move|p2a: Venusaur|Giga Drain|p1a: the chungus
|-activate|p1a: the chungus|move: Protect
|
|-heal|p1a: the chungus|84/100|[from] item: Black Sludge
|upkeep
|turn|50
|
|switch|p1a: cool laddy|Jirachi, shiny|69/100
|move|p2a: Venusaur|Giga Drain|p1a: cool laddy
|-resisted|p1a: cool laddy
|-damage|p1a: cool laddy|53/100
|-heal|p2a: Venusaur|85/100 par|[from] drain|[of] p1a: cool laddy
|
|upkeep
|turn|51
|c|☆test31415|t
|inactive|A has 120 seconds left.
|
|move|p1a: cool laddy|Iron Head|p2a: Venusaur
|-crit|p2a: Venusaur
|-damage|p2a: Venusaur|34/100 par
|cant|p2a: Venusaur|flinch
|
|upkeep
|turn|52
|
|switch|p2a: Jirachi|Jirachi|75/100
|move|p1a: cool laddy|Iron Head|p2a: Jirachi
|-resisted|p2a: Jirachi
|-damage|p2a: Jirachi|60/100
|
|-heal|p2a: Jirachi|66/100|[from] item: Leftovers
|upkeep
|turn|53
|
|move|p1a: cool laddy|Iron Head|p2a: Jirachi
|-resisted|p2a: Jirachi
|-damage|p2a: Jirachi|50/100
|move|p2a: Jirachi|Doom Desire|p1a: cool laddy
|-start|p2a: Jirachi|Doom Desire
|
|-heal|p2a: Jirachi|56/100|[from] item: Leftovers
|upkeep
|turn|54
|
|move|p1a: cool laddy|Iron Head|p2a: Jirachi
|-resisted|p2a: Jirachi
|-damage|p2a: Jirachi|42/100
|cant|p2a: Jirachi|flinch
|
|-heal|p2a: Jirachi|48/100|[from] item: Leftovers
|upkeep
|turn|55
|
|move|p1a: cool laddy|Iron Head|p2a: Jirachi
|-resisted|p2a: Jirachi
|-damage|p2a: Jirachi|32/100
|cant|p2a: Jirachi|flinch
|
|-end|p1a: cool laddy|move: Doom Desire
|-resisted|p1a: cool laddy
|-damage|p1a: cool laddy|28/100
|-heal|p2a: Jirachi|38/100|[from] item: Leftovers
|upkeep
|turn|56
|
|move|p1a: cool laddy|Iron Head|p2a: Jirachi
|-resisted|p2a: Jirachi
|-damage|p2a: Jirachi|21/100
|move|p2a: Jirachi|Thunder|p1a: cool laddy|[miss]
|-miss|p2a: Jirachi|p1a: cool laddy
|
|-heal|p2a: Jirachi|27/100|[from] item: Leftovers
|upkeep
|turn|57
|
|switch|p2a: Cinderace|Cinderace, F|46/100 tox
|move|p1a: cool laddy|Iron Head|p2a: Cinderace
|-resisted|p2a: Cinderace
|-damage|p2a: Cinderace|24/100 tox
|
|-damage|p2a: Cinderace|18/100 tox|[from] psn
|upkeep
|turn|58
|
|switch|p1a: irrationallty m8|Mandibuzz, F|41/100 psn
|move|p2a: Cinderace|Pyro Ball|p1a: irrationallty m8
|-damage|p1a: irrationallty m8|0 fnt
|faint|p1a: irrationallty m8
|
|-damage|p2a: Cinderace|6/100 tox|[from] psn
|upkeep
|
|switch|p1a: yeah boii|Rotom-Mow, shiny|17/100
|turn|59
|
|move|p1a: yeah boii|Volt Switch|p2a: Cinderace
|-damage|p2a: Cinderace|0 fnt
|faint|p2a: Cinderace
|
|switch|p1a: cool laddy|Jirachi, shiny|28/100|[from]move: Volt Switch
|
|upkeep
|
|switch|p2a: Keldeo|Keldeo-Resolute|40/100
|turn|60
|
|move|p1a: cool laddy|U-turn|p2a: Keldeo
|-resisted|p2a: Keldeo
|-damage|p2a: Keldeo|31/100
|
|switch|p1a: the chungus|Toxapex, M, shiny|100/100|[from]move: U-turn
|move|p2a: Keldeo|Scald|p1a: the chungus
|-resisted|p1a: the chungus
|-damage|p1a: the chungus|77/100
|-status|p1a: the chungus|brn
|
|-heal|p1a: the chungus|83/100 brn|[from] item: Black Sludge
|-damage|p1a: the chungus|77/100 brn|[from] brn
|upkeep
|turn|61
|
|switch|p2a: Venusaur|Venusaur, M|34/100 par
|move|p1a: the chungus|Scald|p2a: Venusaur
|-resisted|p2a: Venusaur
|-damage|p2a: Venusaur|26/100 par
|
|-heal|p1a: the chungus|83/100 brn|[from] item: Black Sludge
|-damage|p1a: the chungus|77/100 brn|[from] brn
|upkeep
|turn|62
|
|move|p1a: the chungus|Baneful Bunker|p1a: the chungus
|-singleturn|p1a: the chungus|move: Protect
|move|p2a: Venusaur|Giga Drain|p1a: the chungus
|-activate|p1a: the chungus|move: Protect
|
|-heal|p1a: the chungus|83/100 brn|[from] item: Black Sludge
|-damage|p1a: the chungus|77/100 brn|[from] brn
|upkeep
|turn|63
|
|switch|p1a: cool laddy|Jirachi, shiny|28/100
|move|p2a: Venusaur|Giga Drain|p1a: cool laddy
|-resisted|p1a: cool laddy
|-damage|p1a: cool laddy|4/100
|-heal|p2a: Venusaur|39/100 par|[from] drain|[of] p1a: cool laddy
|
|upkeep
|turn|64
|j| FLCHawlucha
|
|switch|p2a: Keldeo|Keldeo-Resolute|31/100
|move|p1a: cool laddy|Iron Head|p2a: Keldeo
|-resisted|p2a: Keldeo
|-damage|p2a: Keldeo|14/100
|
|upkeep
|turn|65
|
|move|p1a: cool laddy|Iron Head|p2a: Keldeo
|-resisted|p2a: Keldeo
|-damage|p2a: Keldeo|0 fnt
|faint|p2a: Keldeo
|
|upkeep
|
|switch|p2a: Jirachi|Jirachi|27/100
|turn|66
|
|move|p1a: cool laddy|Iron Head|p2a: Jirachi
|-resisted|p2a: Jirachi
|-damage|p2a: Jirachi|13/100
|cant|p2a: Jirachi|flinch
|
|-heal|p2a: Jirachi|19/100|[from] item: Leftovers
|upkeep
|turn|67
|
|move|p1a: cool laddy|Iron Head|p2a: Jirachi
|-resisted|p2a: Jirachi
|-damage|p2a: Jirachi|5/100
|cant|p2a: Jirachi|flinch
|
|-heal|p2a: Jirachi|11/100|[from] item: Leftovers
|upkeep
|turn|68
|
|move|p1a: cool laddy|Iron Head|p2a: Jirachi
|-resisted|p2a: Jirachi
|-damage|p2a: Jirachi|0 fnt
|faint|p2a: Jirachi
|
|upkeep
|c|☆A|gg
|
|switch|p2a: Venusaur|Venusaur, M|39/100 par
|turn|69
|
|move|p1a: cool laddy|Iron Head|p2a: Venusaur
|-damage|p2a: Venusaur|4/100 par
|cant|p2a: Venusaur|flinch
|
|upkeep
|turn|70
|
|move|p1a: cool laddy|Iron Head|p2a: Venusaur
|-damage|p2a: Venusaur|0 fnt
|faint|p2a: Venusaur
|
|win|A
|l| seven starsss
|raw|A's rating: 1707 &rarr; <strong>1729</strong><br />(+22 for winning)
|raw|test31415's rating: 1746 &rarr; <strong>1723</strong><br />(-23 for losing)
|l|☆test31415
|l| Rem!x
|l| DollynhoTrash
|l|☆A
