|raw|<div class="broadcast-blue"><strong>This battle is required to be public due to a player having a name starting with 'LT74PF'.</div>
|j|☆relic stone
|j|☆LT74PF halaman
|t:|1599036200
|player|p1|relic stone|lusamine-nihilego|1820
|player|p2|LT74PF halaman|266|1709
|teamsize|p1|6
|teamsize|p2|6
|gametype|singles
|gen|8
|tier|[Gen 8] OU
|rated|
|clearpoke
|poke|p1|Urshifu-*, M|
|poke|p1|Togekiss, M|
|poke|p1|Rillaboom, M|
|poke|p1|Rotom-Heat|
|poke|p1|Aegislash, M|
|poke|p1|Krookodile, M|
|poke|p2|Grimmsnarl, M|
|poke|p2|Excadrill, F|
|poke|p2|Volcarona, M|
|poke|p2|Rillaboom, M|
|poke|p2|Cloyster, M|
|poke|p2|Slowbro-Galar, M|
|rule|Sleep Clause Mod: Limit one foe put to sleep
|rule|Species Clause: Limit one of each Pokémon
|rule|OHKO Clause: OHKO moves are banned
|rule|Evasion Moves Clause: Evasion moves are banned
|rule|Endless Battle Clause: Forcing endless battles is banned
|rule|HP Percentage Mod: HP is shown in percentages
|rule|Dynamax Clause: You cannot dynamax
|teampreview
|inactive|Battle timer is ON: inactive players will automatically lose when time's up. (requested by LT74PF halaman)
|c|☆relic stone|hf
|c|☆LT74PF halaman|u2
|
|t:|1599036213
|start
|switch|p1a: Silhouette|Urshifu-Rapid-Strike, M|100/100
|switch|p2a: Excadrill|Excadrill, F|100/100
|-ability|p2a: Excadrill|Mold Breaker
|turn|1
|
|t:|1599036222
|switch|p2a: Rillaboom|Rillaboom, M|100/100
|-fieldstart|move: Grassy Terrain|[from] ability: Grassy Surge|[of] p2a: Rillaboom
|move|p1a: Silhouette|U-turn|p2a: Rillaboom
|-supereffective|p2a: Rillaboom
|-damage|p2a: Rillaboom|47/100
|
|t:|1599036224
|switch|p1a: Raider|Krookodile, M|100/100|[from]move: U-turn
|-ability|p1a: Raider|Intimidate|boost
|-unboost|p2a: Rillaboom|atk|1
|
|-heal|p2a: Rillaboom|53/100|[from] Grassy Terrain
|upkeep
|turn|2
|
|t:|1599036228
|move|p2a: Rillaboom|Grassy Glide|p1a: Raider
|-supereffective|p1a: Raider
|-damage|p1a: Raider|37/100
|-damage|p2a: Rillaboom|37/100|[from] item: Rocky Helmet|[of] p1a: Raider
|-damage|p2a: Rillaboom|27/100|[from] item: Life Orb
|move|p1a: Raider|Stealth Rock|p2a: Rillaboom
|-sidestart|p2: LT74PF halaman|move: Stealth Rock
|
|-heal|p2a: Rillaboom|33/100|[from] Grassy Terrain
|-heal|p1a: Raider|43/100|[from] Grassy Terrain
|upkeep
|turn|3
|
|t:|1599036238
|switch|p2a: Excadrill|Excadrill, F|100/100
|-damage|p2a: Excadrill|97/100|[from] Stealth Rock
|-ability|p2a: Excadrill|Mold Breaker
|move|p1a: Raider|Knock Off|p2a: Excadrill
|-damage|p2a: Excadrill|44/100
|-enditem|p2a: Excadrill|Focus Sash|[from] move: Knock Off|[of] p1a: Raider
|
|-heal|p2a: Excadrill|50/100|[from] Grassy Terrain
|-heal|p1a: Raider|49/100|[from] Grassy Terrain
|upkeep
|turn|4
|
|t:|1599036245
|move|p2a: Excadrill|Stealth Rock|p1a: Raider
|-sidestart|p1: relic stone|move: Stealth Rock
|move|p1a: Raider|Earthquake|p2a: Excadrill
|-supereffective|p2a: Excadrill
|-damage|p2a: Excadrill|0 fnt
|faint|p2a: Excadrill
|
|-heal|p1a: Raider|55/100|[from] Grassy Terrain
|upkeep
|
|t:|1599036257
|switch|p2a: Volcarona|Volcarona, M|100/100
|turn|5
|
|t:|1599036272
|move|p2a: Volcarona|Bug Buzz|p1a: Raider
|-supereffective|p1a: Raider
|-damage|p1a: Raider|0 fnt
|faint|p1a: Raider
|
|-fieldend|move: Grassy Terrain
|upkeep
|
|t:|1599036276
|switch|p1a: Silhouette|Urshifu-Rapid-Strike, M|100/100
|-damage|p1a: Silhouette|94/100|[from] Stealth Rock
|turn|6
|j| OnePumpChump69
|
|t:|1599036281
|switch|p2a: Rillaboom|Rillaboom, M|33/100
|-damage|p2a: Rillaboom|21/100|[from] Stealth Rock
|-fieldstart|move: Grassy Terrain|[from] ability: Grassy Surge|[of] p2a: Rillaboom
|move|p1a: Silhouette|Surging Strikes|p2a: Rillaboom
|-resisted|p2a: Rillaboom
|-crit|p2a: Rillaboom
|-damage|p2a: Rillaboom|10/100
|-resisted|p2a: Rillaboom
|-crit|p2a: Rillaboom
|-damage|p2a: Rillaboom|0 fnt
|-hitcount|p2a: Rillaboom|2
|faint|p2a: Rillaboom
|
|-heal|p1a: Silhouette|100/100|[from] Grassy Terrain
|upkeep
|j| jefo
|
|t:|1599036288
|switch|p2a: Cloyster|Cloyster, M|100/100
|-damage|p2a: Cloyster|76/100|[from] Stealth Rock
|turn|7
|
|t:|1599036292
|switch|p1a: Tama Tonga|Rillaboom, M|100/100
|-damage|p1a: Tama Tonga|88/100|[from] Stealth Rock
|move|p2a: Cloyster|Shell Smash|p2a: Cloyster
|-unboost|p2a: Cloyster|def|1
|-unboost|p2a: Cloyster|spd|1
|-boost|p2a: Cloyster|atk|2
|-boost|p2a: Cloyster|spa|2
|-boost|p2a: Cloyster|spe|2
|
|-heal|p2a: Cloyster|82/100|[from] Grassy Terrain
|-heal|p1a: Tama Tonga|94/100|[from] Grassy Terrain
|upkeep
|turn|8
|
|t:|1599036296
|move|p2a: Cloyster|Ice Shard|p1a: Tama Tonga
|-supereffective|p1a: Tama Tonga
|-damage|p1a: Tama Tonga|15/100
|move|p1a: Tama Tonga|Grassy Glide|p2a: Cloyster
|-supereffective|p2a: Cloyster
|-damage|p2a: Cloyster|0 fnt
|faint|p2a: Cloyster
|
|-heal|p1a: Tama Tonga|22/100|[from] Grassy Terrain
|upkeep
|j| yiyue
|
|t:|1599036304
|switch|p2a: Volcarona|Volcarona, M|100/100
|turn|9
|
|t:|1599036308
|switch|p1a: Phantom|Rotom-Heat, shiny|100/100
|move|p2a: Volcarona|Fiery Dance|p1a: Phantom
|-resisted|p1a: Phantom
|-damage|p1a: Phantom|85/100
|-boost|p2a: Volcarona|spa|1
|
|upkeep
|turn|10
|
|t:|1599036313
|move|p2a: Volcarona|Fiery Dance|p1a: Phantom
|-resisted|p1a: Phantom
|-damage|p1a: Phantom|62/100
|move|p1a: Phantom|Nasty Plot|p1a: Phantom
|-boost|p1a: Phantom|spa|2
|
|-fieldend|move: Grassy Terrain
|upkeep
|turn|11
|
|t:|1599036321
|move|p2a: Volcarona|Fiery Dance|p1a: Phantom
|-resisted|p1a: Phantom
|-damage|p1a: Phantom|37/100
|-boost|p2a: Volcarona|spa|1
|move|p1a: Phantom|Pain Split|p2a: Volcarona
|-sethp|p2a: Volcarona|68/100|[from] move: Pain Split|[silent]
|-sethp|p1a: Phantom|70/100|[from] move: Pain Split
|
|upkeep
|turn|12
|j| regnite ◕‿◕
|
|t:|1599036330
|move|p2a: Volcarona|Quiver Dance|p2a: Volcarona
|-boost|p2a: Volcarona|spa|1
|-boost|p2a: Volcarona|spd|1
|-boost|p2a: Volcarona|spe|1
|move|p1a: Phantom|Volt Switch|p2a: Volcarona
|-crit|p2a: Volcarona
|-damage|p2a: Volcarona|0 fnt
|faint|p2a: Volcarona
|
|t:|1599036337
|switch|p1a: Achilles|Aegislash, M|100/100|[from]move: Volt Switch
|-damage|p1a: Achilles|94/100|[from] Stealth Rock
|
|upkeep
|
|t:|1599036339
|switch|p2a: Grimmsnarl|Grimmsnarl, M|100/100
|-damage|p2a: Grimmsnarl|88/100|[from] Stealth Rock
|turn|13
|
|t:|1599036348
|move|p2a: Grimmsnarl|Reflect|p2a: Grimmsnarl
|-sidestart|p2: LT74PF halaman|Reflect
|-formechange|p1a: Achilles|Aegislash-Blade||[from] ability: Stance Change
|move|p1a: Achilles|Steel Beam|p2a: Grimmsnarl
|-supereffective|p2a: Grimmsnarl
|-damage|p2a: Grimmsnarl|0 fnt
|-damage|p1a: Achilles|44/100|[from] mindblown
|faint|p2a: Grimmsnarl
|
|upkeep
|
|t:|1599036352
|switch|p2a: Slowbro|Slowbro-Galar, M|100/100
|-damage|p2a: Slowbro|88/100|[from] Stealth Rock
|turn|14
|-activate|p2a: Slowbro|ability: Quick Draw
|
|t:|1599036355
|move|p2a: Slowbro|Flamethrower|p1a: Achilles
|-supereffective|p1a: Achilles
|-damage|p1a: Achilles|0 fnt
|faint|p1a: Achilles
|
|upkeep
|j| Killua99XHisoka44
|
|t:|1599036359
|switch|p1a: Phantom|Rotom-Heat, shiny|70/100
|turn|15
|
|t:|1599036367
|move|p1a: Phantom|Overheat|p2a: Slowbro
|-damage|p2a: Slowbro|36/100
|-unboost|p1a: Phantom|spa|2
|move|p2a: Slowbro|Nasty Plot|p2a: Slowbro
|-boost|p2a: Slowbro|spa|2
|
|upkeep
|turn|16
|
|t:|1599036371
|move|p1a: Phantom|Volt Switch|p2a: Slowbro
|-damage|p2a: Slowbro|20/100
|
|t:|1599036374
|switch|p1a: Cloud n1n3|Togekiss, M|100/100|[from]move: Volt Switch
|-damage|p1a: Cloud n1n3|76/100|[from] Stealth Rock
|move|p2a: Slowbro|Shell Side Arm|p1a: Cloud n1n3
|-supereffective|p1a: Cloud n1n3
|-damage|p1a: Cloud n1n3|0 fnt
|-hint|Special Shell Side Arm
|faint|p1a: Cloud n1n3
|
|upkeep
|
|t:|1599036377
|switch|p1a: Silhouette|Urshifu-Rapid-Strike, M|100/100
|-damage|p1a: Silhouette|94/100|[from] Stealth Rock
|turn|17
|
|t:|1599036382
|move|p1a: Silhouette|Aqua Jet|p2a: Slowbro
|-damage|p2a: Slowbro|11/100
|move|p2a: Slowbro|Psyshock|p1a: Silhouette
|-supereffective|p1a: Silhouette
|-damage|p1a: Silhouette|0 fnt
|faint|p1a: Silhouette
|
|upkeep
|
|t:|1599036386
|switch|p1a: Tama Tonga|Rillaboom, M|22/100
|-damage|p1a: Tama Tonga|9/100|[from] Stealth Rock
|-fieldstart|move: Grassy Terrain|[from] ability: Grassy Surge|[of] p1a: Tama Tonga
|turn|18
|
|t:|1599036389
|move|p1a: Tama Tonga|Grassy Glide|p2a: Slowbro
|-resisted|p2a: Slowbro
|-damage|p2a: Slowbro|0 fnt
|faint|p2a: Slowbro
|
|win|relic stone
|raw|relic stone's rating: 1820 &rarr; <strong>1834</strong><br />(+14 for winning)
|raw|LT74PF halaman's rating: 1709 &rarr; <strong>1696</strong><br />(-13 for losing)
|c|☆relic stone|gg
|c|☆LT74PF halaman|gg
