|j|☆Hamdidu06
|j|☆george malone
|t:|1667175796
|gametype|singles
|player|p1|Hamdidu06|red-masters|1623
|player|p2|george malone|170|1780
|teamsize|p1|6
|teamsize|p2|6
|gen|8
|tier|[Gen 8] OU
|rated|
|rule|Sleep Clause Mod: Limit one foe put to sleep
|rule|Species Clause: Limit one of each Pokémon
|rule|OHKO Clause: OHKO moves are banned
|rule|Evasion Items Clause: Evasion items are banned
|rule|Evasion Moves Clause: Evasion moves are banned
|rule|Endless Battle Clause: Forcing endless battles is banned
|rule|HP Percentage Mod: HP is shown in percentages
|rule|Dynamax Clause: You cannot dynamax
|clearpoke
|poke|p1|Urshifu-*, F|
|poke|p1|Heatran, F|
|poke|p1|Rotom-Wash|
|poke|p1|Landorus-Therian, M|
|poke|p1|Tapu Lele|
|poke|p1|Kartana|
|poke|p2|Clefable, M|
|poke|p2|Ferrothorn, M|
|poke|p2|Zeraora|
|poke|p2|Slowking, M|
|poke|p2|Victini|
|poke|p2|Mandibuzz, F|
|teampreview
|inactive|Battle timer is ON: inactive players will automatically lose when time's up. (requested by george malone)
|
|t:|1667175830
|start
|switch|p1a: Heatran|Heatran, F|100/100
|switch|p2a: Crescent|Clefable, M, shiny|100/100
|-item|p1a: Heatran|Air Balloon
|turn|1
|
|t:|1667175836
|switch|p2a: Mantra|Slowking, M, shiny|100/100
|move|p1a: Heatran|Stealth Rock|p2a: Mantra
|-sidestart|p2: george malone|move: Stealth Rock
|
|upkeep
|turn|2
|
|t:|1667175843
|switch|p1a: Rotom|Rotom-Wash, shiny|100/100
|move|p2a: Mantra|Scald|p1a: Rotom
|-resisted|p1a: Rotom
|-damage|p1a: Rotom|91/100
|-status|p1a: Rotom|brn
|
|-heal|p1a: Rotom|97/100 brn|[from] item: Leftovers
|-damage|p1a: Rotom|91/100 brn|[from] brn
|upkeep
|turn|3
|
|t:|1667175853
|move|p1a: Rotom|Thunder Wave|p2a: Mantra
|-status|p2a: Mantra|par
|cant|p2a: Mantra|par
|
|-heal|p1a: Rotom|97/100 brn|[from] item: Leftovers
|-damage|p1a: Rotom|91/100 brn|[from] brn
|upkeep
|turn|4
|
|t:|1667175858
|move|p1a: Rotom|Volt Switch|p2a: Mantra
|-supereffective|p2a: Mantra
|-damage|p2a: Mantra|71/100 par
|
|t:|1667175870
|switch|p1a: Landorus|Landorus-Therian, M|100/100|[from]move: Volt Switch
|-ability|p1a: Landorus|Intimidate|boost
|-unboost|p2a: Mantra|atk|1
|move|p2a: Mantra|Scald|p1a: Landorus
|-supereffective|p1a: Landorus
|-damage|p1a: Landorus|59/100
|
|-heal|p1a: Landorus|65/100|[from] item: Leftovers
|upkeep
|turn|5
|
|t:|1667175883
|switch|p2a: Temple|Ferrothorn, M, shiny|100/100
|-damage|p2a: Temple|95/100|[from] Stealth Rock
|move|p1a: Landorus|Knock Off|p2a: Temple
|-damage|p2a: Temple|78/100
|-damage|p1a: Landorus|53/100|[from] ability: Iron Barbs|[of] p2a: Temple
|-damage|p1a: Landorus|36/100|[from] item: Rocky Helmet|[of] p2a: Temple
|-enditem|p2a: Temple|Rocky Helmet|[from] move: Knock Off|[of] p1a: Landorus
|
|-heal|p1a: Landorus|42/100|[from] item: Leftovers
|upkeep
|turn|6
|
|t:|1667175890
|switch|p1a: Heatran|Heatran, F|100/100
|-item|p1a: Heatran|Air Balloon
|move|p2a: Temple|Spikes|p1a: Heatran
|-sidestart|p1: Hamdidu06|Spikes
|
|upkeep
|turn|7
|
|t:|1667175893
|switch|p2a: Mantra|Slowking, M, shiny|100/100 par
|move|p1a: Heatran|Magma Storm|p2a: Mantra|[miss]
|-miss|p1a: Heatran|p2a: Mantra
|
|upkeep
|turn|8
|
|t:|1667175902
|switch|p1a: Rotom|Rotom-Wash, shiny|91/100 brn
|move|p2a: Mantra|Scald|p1a: Rotom
|-resisted|p1a: Rotom
|-damage|p1a: Rotom|79/100 brn
|
|-heal|p1a: Rotom|85/100 brn|[from] item: Leftovers
|-damage|p1a: Rotom|79/100 brn|[from] brn
|upkeep
|turn|9
|
|t:|1667175910
|move|p1a: Rotom|Volt Switch|p2a: Mantra
|-supereffective|p2a: Mantra
|-damage|p2a: Mantra|70/100 par
|
|t:|1667175917
|switch|p1a: Kartana|Kartana, shiny|100/100|[from]move: Volt Switch
|-damage|p1a: Kartana|88/100|[from] Spikes
|move|p2a: Mantra|Teleport|p2a: Mantra
|
|t:|1667175927
|switch|p2a: Yami|Mandibuzz, F, shiny|100/100|[from]move: Teleport
|
|upkeep
|turn|10
|
|t:|1667175935
|switch|p1a: Rotom|Rotom-Wash, shiny|79/100 brn
|move|p2a: Yami|Foul Play|p1a: Rotom
|-damage|p1a: Rotom|61/100 brn
|
|-heal|p1a: Rotom|67/100 brn|[from] item: Leftovers
|-damage|p1a: Rotom|61/100 brn|[from] brn
|upkeep
|turn|11
|
|t:|1667175945
|switch|p2a: Mantra|Slowking, M, shiny|100/100 par
|move|p1a: Rotom|Thunder Wave|p2a: Mantra
|-fail|p2a: Mantra|par
|
|-heal|p1a: Rotom|67/100 brn|[from] item: Leftovers
|-damage|p1a: Rotom|61/100 brn|[from] brn
|upkeep
|turn|12
|
|t:|1667175958
|move|p1a: Rotom|Pain Split|p2a: Mantra
|-sethp|p2a: Mantra|74/100 par|[from] move: Pain Split|[silent]
|-sethp|p1a: Rotom|95/100 brn|[from] move: Pain Split
|move|p2a: Mantra|Future Sight|p1a: Rotom
|-start|p2a: Mantra|move: Future Sight
|
|-heal|p1a: Rotom|100/100 brn|[from] item: Leftovers
|-damage|p1a: Rotom|94/100 brn|[from] brn
|upkeep
|turn|13
|
|t:|1667175970
|move|p1a: Rotom|Hydro Pump|p2a: Mantra
|-resisted|p2a: Mantra
|-damage|p2a: Mantra|63/100 par
|move|p2a: Mantra|Teleport|p2a: Mantra
|
|t:|1667175984
|switch|p2a: Temple|Ferrothorn, M, shiny|78/100|[from]move: Teleport
|-damage|p2a: Temple|72/100|[from] Stealth Rock
|
|-heal|p1a: Rotom|100/100 brn|[from] item: Leftovers
|-damage|p1a: Rotom|94/100 brn|[from] brn
|upkeep
|turn|14
|
|t:|1667176000
|move|p1a: Rotom|Thunder Wave|p2a: Temple
|-status|p2a: Temple|par
|move|p2a: Temple|Leech Seed|p1a: Rotom
|-start|p1a: Rotom|move: Leech Seed
|
|-end|p1a: Rotom|move: Future Sight
|-damage|p1a: Rotom|61/100 brn
|-heal|p1a: Rotom|67/100 brn|[from] item: Leftovers
|-damage|p1a: Rotom|54/100 brn|[from] Leech Seed|[of] p2a: Temple
|-heal|p2a: Temple|83/100 par|[silent]
|-damage|p1a: Rotom|48/100 brn|[from] brn
|upkeep
|turn|15
|
|t:|1667176009
|move|p1a: Rotom|Pain Split|p2a: Temple
|-sethp|p2a: Temple|62/100 par|[from] move: Pain Split|[silent]
|-sethp|p1a: Rotom|72/100 brn|[from] move: Pain Split
|cant|p2a: Temple|par
|
|-heal|p1a: Rotom|78/100 brn|[from] item: Leftovers
|-damage|p1a: Rotom|65/100 brn|[from] Leech Seed|[of] p2a: Temple
|-heal|p2a: Temple|73/100 par|[silent]
|-damage|p1a: Rotom|59/100 brn|[from] brn
|upkeep
|turn|16
|
|t:|1667176018
|move|p1a: Rotom|Volt Switch|p2a: Temple
|-resisted|p2a: Temple
|-damage|p2a: Temple|63/100 par
|
|t:|1667176022
|switch|p1a: Landorus|Landorus-Therian, M|42/100|[from]move: Volt Switch
|-ability|p1a: Landorus|Intimidate|boost
|-unboost|p2a: Temple|atk|1
|cant|p2a: Temple|par
|
|-heal|p1a: Landorus|48/100|[from] item: Leftovers
|upkeep
|turn|17
|
|t:|1667176028
|move|p1a: Landorus|Earthquake|p2a: Temple
|-damage|p2a: Temple|37/100 par
|move|p2a: Temple|Leech Seed|p1a: Landorus
|-start|p1a: Landorus|move: Leech Seed
|
|-heal|p1a: Landorus|54/100|[from] item: Leftovers
|-damage|p1a: Landorus|42/100|[from] Leech Seed|[of] p2a: Temple
|-heal|p2a: Temple|51/100 par|[silent]
|upkeep
|turn|18
|
|t:|1667176040
|switch|p1a: Urshifu|Urshifu-Rapid-Strike, F|100/100
|-damage|p1a: Urshifu|88/100|[from] Spikes
|move|p2a: Temple|Leech Seed|p1a: Urshifu
|-start|p1a: Urshifu|move: Leech Seed
|
|-damage|p1a: Urshifu|76/100|[from] Leech Seed|[of] p2a: Temple
|-heal|p2a: Temple|63/100 par|[silent]
|upkeep
|turn|19
|
|t:|1667176047
|switch|p2a: Crescent|Clefable, M, shiny|100/100
|move|p1a: Urshifu|U-turn|p2a: Crescent
|-resisted|p2a: Crescent
|-damage|p2a: Crescent|86/100
|-damage|p1a: Urshifu|59/100|[from] item: Rocky Helmet|[of] p2a: Crescent
|c|☆george malone|u so skillful hamdidu
|
|t:|1667176060
|switch|p1a: Heatran|Heatran, F|100/100|[from]move: U-turn
|-item|p1a: Heatran|Air Balloon
|
|upkeep
|turn|20
|c|☆george malone|arab brother
|
|t:|1667176065
|switch|p2a: Mantra|Slowking, M, shiny|96/100 par
|move|p1a: Heatran|Magma Storm|p2a: Mantra
|-resisted|p2a: Mantra
|-damage|p2a: Mantra|80/100 par
|-activate|p2a: Mantra|move: Magma Storm|[of] p1a: Heatran
|
|-damage|p2a: Mantra|68/100 par|[from] move: Magma Storm|[partiallytrapped]
|upkeep
|turn|21
|
|t:|1667176075
|move|p1a: Heatran|Earth Power|p2a: Mantra
|-damage|p2a: Mantra|49/100 par
|cant|p2a: Mantra|par
|
|-damage|p2a: Mantra|37/100 par|[from] move: Magma Storm|[partiallytrapped]
|upkeep
|turn|22
|c|☆george malone|u so goood
|
|t:|1667176084
|move|p1a: Heatran|Taunt|p2a: Mantra
|-start|p2a: Mantra|move: Taunt
|cant|p2a: Mantra|move: Taunt|Slack Off
|
|-damage|p2a: Mantra|24/100 par|[from] move: Magma Storm|[partiallytrapped]
|upkeep
|turn|23
|c|☆george malone|hamdulillah
|
|t:|1667176092
|move|p1a: Heatran|Earth Power|p2a: Mantra
|-damage|p2a: Mantra|5/100 par
|move|p2a: Mantra|Scald|p1a: Heatran
|-supereffective|p1a: Heatran
|-damage|p1a: Heatran|44/100
|-enditem|p1a: Heatran|Air Balloon
|
|-damage|p2a: Mantra|0 fnt|[from] move: Magma Storm|[partiallytrapped]
|faint|p2a: Mantra
|upkeep
|
|t:|1667176101
|switch|p2a: Zephyr|Zeraora, shiny|100/100
|turn|24
|c|☆Hamdidu06|u are a problem man
|c|☆george malone|hamdulillah
|inactive|Hamdidu06 has 120 seconds left.
|
|t:|1667176132
|switch|p1a: Landorus|Landorus-Therian, M|42/100
|-ability|p1a: Landorus|Intimidate|boost
|-unboost|p2a: Zephyr|atk|1
|move|p2a: Zephyr|Close Combat|p1a: Landorus
|-resisted|p1a: Landorus
|-damage|p1a: Landorus|29/100
|-unboost|p2a: Zephyr|def|1
|-unboost|p2a: Zephyr|spd|1
|
|-heal|p1a: Landorus|35/100|[from] item: Leftovers
|upkeep
|turn|25
|
|t:|1667176141
|switch|p2a: Crescent|Clefable, M, shiny|86/100
|move|p1a: Landorus|Earthquake|p2a: Crescent
|-damage|p2a: Crescent|52/100
|
|-heal|p1a: Landorus|41/100|[from] item: Leftovers
|upkeep
|turn|26
|
|t:|1667176147
|move|p1a: Landorus|Knock Off|p2a: Crescent
|-resisted|p2a: Crescent
|-damage|p2a: Crescent|40/100
|-damage|p1a: Landorus|25/100|[from] item: Rocky Helmet|[of] p2a: Crescent
|-enditem|p2a: Crescent|Rocky Helmet|[from] move: Knock Off|[of] p1a: Landorus
|move|p2a: Crescent|Soft-Boiled|p2a: Crescent
|-heal|p2a: Crescent|90/100
|
|-heal|p1a: Landorus|31/100|[from] item: Leftovers
|upkeep
|turn|27
|
|t:|1667176159
|move|p1a: Landorus|U-turn|p2a: Crescent
|-resisted|p2a: Crescent
|-damage|p2a: Crescent|81/100
|
|t:|1667176168
|switch|p1a: Rotom|Rotom-Wash, shiny|59/100 brn|[from]move: U-turn
|move|p2a: Crescent|Stealth Rock|p1a: Rotom
|-sidestart|p1: Hamdidu06|move: Stealth Rock
|
|-heal|p1a: Rotom|65/100 brn|[from] item: Leftovers
|-damage|p1a: Rotom|59/100 brn|[from] brn
|upkeep
|turn|28
|
|t:|1667176175
|switch|p2a: Temple|Ferrothorn, M, shiny|63/100 par
|-damage|p2a: Temple|57/100 par|[from] Stealth Rock
|move|p1a: Rotom|Pain Split|p2a: Temple
|-sethp|p2a: Temple|54/100 par|[from] move: Pain Split|[silent]
|-sethp|p1a: Rotom|62/100 brn|[from] move: Pain Split
|
|-heal|p1a: Rotom|68/100 brn|[from] item: Leftovers
|-damage|p1a: Rotom|62/100 brn|[from] brn
|upkeep
|turn|29
|
|t:|1667176186
|move|p1a: Rotom|Volt Switch|p2a: Temple
|-resisted|p2a: Temple
|-damage|p2a: Temple|43/100 par
|
|t:|1667176190
|switch|p1a: Landorus|Landorus-Therian, M|31/100|[from]move: Volt Switch
|-damage|p1a: Landorus|19/100|[from] Stealth Rock
|-ability|p1a: Landorus|Intimidate|boost
|-unboost|p2a: Temple|atk|1
|move|p2a: Temple|Body Press|p1a: Landorus
|-resisted|p1a: Landorus
|-damage|p1a: Landorus|2/100
|
|-heal|p1a: Landorus|8/100|[from] item: Leftovers
|upkeep
|turn|30
|
|t:|1667176200
|switch|p2a: Crescent|Clefable, M, shiny|81/100
|move|p1a: Landorus|Defog|p2a: Crescent
|-unboost|p2a: Crescent|evasion|1
|-sideend|p2: george malone|Stealth Rock|[from] move: Defog|[of] p1a: Landorus
|-sideend|p1: Hamdidu06|Spikes|[from] move: Defog|[of] p1a: Landorus
|-sideend|p1: Hamdidu06|Stealth Rock|[from] move: Defog|[of] p1a: Landorus
|
|-heal|p1a: Landorus|14/100|[from] item: Leftovers
|upkeep
|turn|31
|
|t:|1667176209
|move|p1a: Landorus|U-turn|p2a: Crescent
|-resisted|p2a: Crescent
|-damage|p2a: Crescent|73/100
|
|t:|1667176212
|switch|p1a: Heatran|Heatran, F|44/100|[from]move: U-turn
|move|p2a: Crescent|Stealth Rock|p1a: Heatran
|-sidestart|p1: Hamdidu06|move: Stealth Rock
|
|upkeep
|turn|32
|
|t:|1667176217
|switch|p2a: Amaterasu|Victini|100/100
|move|p1a: Heatran|Magma Storm|p2a: Amaterasu
|-resisted|p2a: Amaterasu
|-damage|p2a: Amaterasu|75/100
|-activate|p2a: Amaterasu|move: Magma Storm|[of] p1a: Heatran
|
|-damage|p2a: Amaterasu|62/100|[from] move: Magma Storm|[partiallytrapped]
|upkeep
|turn|33
|
|t:|1667176224
|move|p2a: Amaterasu|Bolt Strike|p1a: Heatran
|-damage|p1a: Heatran|0 fnt
|faint|p1a: Heatran
|
|-end|p2a: Amaterasu|Magma Storm|[partiallytrapped]|[silent]
|upkeep
|
|t:|1667176234
|switch|p1a: Landorus|Landorus-Therian, M|14/100
|-damage|p1a: Landorus|2/100|[from] Stealth Rock
|-ability|p1a: Landorus|Intimidate|boost
|-unboost|p2a: Amaterasu|atk|1
|turn|34
|c|☆george malone|hamdulillah
|c|☆george malone|my arab brother
|
|t:|1667176245
|switch|p2a: Crescent|Clefable, M, shiny|73/100
|move|p1a: Landorus|Earthquake|p2a: Crescent
|-crit|p2a: Crescent
|-damage|p2a: Crescent|17/100
|
|-heal|p1a: Landorus|8/100|[from] item: Leftovers
|upkeep
|turn|35
|c|☆george malone|lmao
|c|☆george malone|stinky ass
|
|t:|1667176255
|move|p1a: Landorus|Earthquake|p2a: Crescent
|-damage|p2a: Crescent|0 fnt
|faint|p2a: Crescent
|
|-heal|p1a: Landorus|14/100|[from] item: Leftovers
|upkeep
|
|t:|1667176259
|switch|p2a: Amaterasu|Victini|62/100
|turn|36
|
|t:|1667176265
|move|p2a: Amaterasu|V-create|p1a: Landorus
|-damage|p1a: Landorus|0 fnt
|-unboost|p2a: Amaterasu|spe|1
|-unboost|p2a: Amaterasu|def|1
|-unboost|p2a: Amaterasu|spd|1
|faint|p1a: Landorus
|
|upkeep
|j| Tegalik
|l| Tegalik
|
|t:|1667176285
|switch|p1a: Urshifu|Urshifu-Rapid-Strike, F|59/100
|-damage|p1a: Urshifu|53/100|[from] Stealth Rock
|turn|37
|
|t:|1667176296
|switch|p2a: Temple|Ferrothorn, M, shiny|43/100 par
|move|p1a: Urshifu|U-turn|p2a: Temple
|-damage|p2a: Temple|23/100 par
|-damage|p1a: Urshifu|41/100|[from] ability: Iron Barbs|[of] p2a: Temple
|
|t:|1667176301
|switch|p1a: Kartana|Kartana, shiny|88/100|[from]move: U-turn
|-damage|p1a: Kartana|82/100|[from] Stealth Rock
|
|upkeep
|turn|38
|
|t:|1667176307
|switch|p2a: Yami|Mandibuzz, F, shiny|100/100
|move|p1a: Kartana|Sacred Sword|p2a: Yami
|-damage|p2a: Yami|75/100
|
|upkeep
|turn|39
|inactive|Hamdidu06 has 120 seconds left.
|
|t:|1667176337
|move|p1a: Kartana|Sacred Sword|p2a: Yami
|-damage|p2a: Yami|51/100
|move|p2a: Yami|U-turn|p1a: Kartana
|-damage|p1a: Kartana|70/100
|
|t:|1667176348
|switch|p2a: Amaterasu|Victini|62/100|[from]move: U-turn
|
|upkeep
|turn|40
|
|t:|1667176356
|move|p1a: Kartana|Knock Off|p2a: Amaterasu
|-supereffective|p2a: Amaterasu
|-damage|p2a: Amaterasu|0 fnt
|-enditem|p2a: Amaterasu|Choice Band|[from] move: Knock Off|[of] p1a: Kartana
|faint|p2a: Amaterasu
|-ability|p1a: Kartana|Beast Boost|boost
|-boost|p1a: Kartana|atk|1
|
|upkeep
|c|☆Hamdidu06|gg
|c|☆Hamdidu06|wp
|c|☆george malone|u smelly
|c|☆george malone|ew
|c|☆george malone|hamdulillah
|c|☆Hamdidu06|my arab brother
|
|t:|1667176386
|switch|p2a: Zephyr|Zeraora, shiny|100/100
|turn|41
|c|☆george malone|my arab brother
|
|t:|1667176400
|move|p2a: Zephyr|Bulk Up|p2a: Zephyr
|-boost|p2a: Zephyr|atk|1
|-boost|p2a: Zephyr|def|1
|move|p1a: Kartana|Leaf Blade|p2a: Zephyr
|-damage|p2a: Zephyr|14/100
|
|upkeep
|turn|42
|
|t:|1667176411
|move|p2a: Zephyr|Close Combat|p1a: Kartana
|-supereffective|p1a: Kartana
|-crit|p1a: Kartana
|-damage|p1a: Kartana|0 fnt
|-unboost|p2a: Zephyr|def|1
|-unboost|p2a: Zephyr|spd|1
|faint|p1a: Kartana
|
|upkeep
|
|t:|1667176415
|switch|p1a: Tapu Lele|Tapu Lele, shiny|100/100
|-damage|p1a: Tapu Lele|88/100|[from] Stealth Rock
|-fieldstart|move: Psychic Terrain|[from] ability: Psychic Surge|[of] p1a: Tapu Lele
|turn|43
|c|☆george malone|ur in the french room to
|c|☆george malone|makes sense
|
|t:|1667176423
|move|p1a: Tapu Lele|Moonblast|p2a: Zephyr
|-damage|p2a: Zephyr|0 fnt
|faint|p2a: Zephyr
|
|upkeep
|
|t:|1667176425
|switch|p2a: Temple|Ferrothorn, M, shiny|23/100 par
|turn|44
|
|t:|1667176428
|move|p1a: Tapu Lele|Moonblast|p2a: Temple
|-resisted|p2a: Temple
|-damage|p2a: Temple|1/100 par
|move|p2a: Temple|Leech Seed|p1a: Tapu Lele
|-start|p1a: Tapu Lele|move: Leech Seed
|
|-damage|p1a: Tapu Lele|76/100|[from] Leech Seed|[of] p2a: Temple
|-heal|p2a: Temple|11/100 par|[silent]
|upkeep
|turn|45
|-message|george malone forfeited.
|
|win|Hamdidu06
|raw|Hamdidu06's rating: 1623 &rarr; <strong>1651</strong><br />(+28 for winning)
|raw|george malone's rating: 1780 &rarr; <strong>1752</strong><br />(-28 for losing)
|l|☆george malone
||Ladder isn't responding, score probably updated but might not have (Request timeout).
