|raw|<div class="broadcast-blue"><strong>This battle is required to be public due to a player having a name prefixed by 'LT71LX'.</div>
|j|☆LT71LX devin
|j|☆2222mm
|t:|1597054783
|player|p1|LT71LX devin|#wcop2020asia|1637
|player|p2|2222mm|winona-gen3|1689
|teamsize|p1|6
|teamsize|p2|6
|gametype|singles
|gen|8
|tier|[Gen 8] OU
|rated|
|clearpoke
|poke|p1|Lycanroc-Dusk, M|
|poke|p1|Urshifu-*, F|
|poke|p1|Volcarona, F|
|poke|p1|Rillaboom, F|
|poke|p1|Gyarados, M|
|poke|p1|Zeraora|
|poke|p2|Urshifu-*, F|
|poke|p2|Clefable, F|
|poke|p2|Corviknight, M|
|poke|p2|Dragapult, M|
|poke|p2|Ferrothorn, M|
|poke|p2|Dracozolt|
|rule|Sleep Clause Mod: Limit one foe put to sleep
|rule|Species Clause: Limit one of each Pokémon
|rule|OHKO Clause: OHKO moves are banned
|rule|Evasion Moves Clause: Evasion moves are banned
|rule|Endless Battle Clause: Forcing endless battles is banned
|rule|HP Percentage Mod: HP is shown in percentages
|rule|Dynamax Clause: You cannot dynamax
|teampreview
|inactive|Battle timer is ON: inactive players will automatically lose when time's up. (requested by LT71LX devin)
|
|t:|1597054812
|start
|switch|p1a: Lycanroc|Lycanroc-Dusk, M|100/100
|switch|p2a: Corviknight|Corviknight, M|100/100
|-ability|p2a: Corviknight|Pressure
|turn|1
|
|t:|1597054818
|move|p1a: Lycanroc|Stealth Rock|p2a: Corviknight
|-sidestart|p2: 2222mm|move: Stealth Rock
|move|p2a: Corviknight|Iron Head|p1a: Lycanroc
|-supereffective|p1a: Lycanroc
|-damage|p1a: Lycanroc|20/100
|
|upkeep
|turn|2
|
|t:|1597054829
|move|p1a: Lycanroc|Endeavor|p2a: Corviknight
|-damage|p2a: Corviknight|15/100
|move|p2a: Corviknight|U-turn|p1a: Lycanroc
|-damage|p1a: Lycanroc|0 fnt
|faint|p1a: Lycanroc
|inactive|2222mm has 120 seconds left.
|
|t:|1597054866
|switch|p2a: Urshifu|Urshifu, F|100/100|[from]move: U-turn
|-damage|p2a: Urshifu|94/100|[from] Stealth Rock
|
|upkeep
|
|t:|1597054884
|switch|p1a: Rillaboom|Rillaboom, F|100/100
|-fieldstart|move: Grassy Terrain|[from] ability: Grassy Surge|[of] p1a: Rillaboom
|turn|3
|
|t:|1597054889
|move|p1a: Rillaboom|Grassy Glide|p2a: Urshifu
|-damage|p2a: Urshifu|31/100
|move|p2a: Urshifu|U-turn|p1a: Rillaboom
|-supereffective|p1a: Rillaboom
|-damage|p1a: Rillaboom|15/100
|inactive|2222mm has 120 seconds left.
|
|t:|1597054914
|switch|p2a: Ferrothorn|Ferrothorn, M|100/100|[from]move: U-turn
|-damage|p2a: Ferrothorn|94/100|[from] Stealth Rock
|
|-heal|p1a: Rillaboom|22/100|[from] Grassy Terrain
|-heal|p2a: Ferrothorn|100/100|[from] item: Leftovers
|upkeep
|turn|4
|
|t:|1597054927
|switch|p1a: Volcarona|Volcarona, F|100/100
|move|p2a: Ferrothorn|Leech Seed|p1a: Volcarona
|-start|p1a: Volcarona|move: Leech Seed
|
|-damage|p1a: Volcarona|88/100|[from] Leech Seed|[of] p2a: Ferrothorn
|upkeep
|turn|5
|
|t:|1597054933
|switch|p2a: Dragapult|Dragapult, M|100/100
|move|p1a: Volcarona|Flamethrower|p2a: Dragapult
|-resisted|p2a: Dragapult
|-damage|p2a: Dragapult|72/100
|
|-heal|p2a: Dragapult|78/100|[from] Grassy Terrain
|-heal|p1a: Volcarona|94/100|[from] Grassy Terrain
|-damage|p1a: Volcarona|82/100|[from] Leech Seed|[of] p2a: Dragapult
|-heal|p2a: Dragapult|91/100|[silent]
|upkeep
|turn|6
|inactive|2222mm has 120 seconds left.
|
|t:|1597054947
|switch|p1a: Rillaboom|Rillaboom, F|22/100
|move|p2a: Dragapult|U-turn|p1a: Rillaboom
|-supereffective|p1a: Rillaboom
|-damage|p1a: Rillaboom|0 fnt
|faint|p1a: Rillaboom
|
|t:|1597054957
|switch|p2a: Dracozolt|Dracozolt|100/100|[from]move: U-turn
|-damage|p2a: Dracozolt|88/100|[from] Stealth Rock
|
|-heal|p2a: Dracozolt|94/100|[from] Grassy Terrain
|upkeep
|
|t:|1597054981
|switch|p1a: Zeraora|Zeraora|100/100
|-enditem|p1a: Zeraora|Grassy Seed
|-boost|p1a: Zeraora|def|1|[from] item: Grassy Seed
|turn|7
|inactive|2222mm has 120 seconds left.
|
|t:|1597054991
|move|p1a: Zeraora|Bulk Up|p1a: Zeraora
|-boost|p1a: Zeraora|atk|1
|-boost|p1a: Zeraora|def|1
|move|p2a: Dracozolt|Draco Meteor|p1a: Zeraora
|-damage|p1a: Zeraora|17/100
|-unboost|p2a: Dracozolt|spa|2
|-damage|p2a: Dracozolt|84/100|[from] item: Life Orb
|
|-heal|p1a: Zeraora|23/100|[from] Grassy Terrain
|-heal|p2a: Dracozolt|91/100|[from] Grassy Terrain
|-fieldend|move: Grassy Terrain
|upkeep
|turn|8
|inactive|2222mm has 120 seconds left.
|
|t:|1597055001
|move|p1a: Zeraora|Knock Off|p2a: Dracozolt
|-damage|p2a: Dracozolt|31/100
|-enditem|p2a: Dracozolt|Life Orb|[from] move: Knock Off|[of] p1a: Zeraora
|move|p2a: Dracozolt|Draco Meteor|p1a: Zeraora
|-damage|p1a: Zeraora|0 fnt
|-unboost|p2a: Dracozolt|spa|2
|faint|p1a: Zeraora
|
|upkeep
|
|t:|1597055016
|switch|p1a: Volcarona|Volcarona, F|82/100
|turn|9
|
|t:|1597055033
|switch|p1a: Gyarados|Gyarados, M|100/100
|move|p2a: Dracozolt|Bolt Beak|p1a: Gyarados
|-supereffective|p1a: Gyarados
|-damage|p1a: Gyarados|0 fnt
|faint|p1a: Gyarados
|
|upkeep
|
|t:|1597055035
|switch|p1a: Urshifu|Urshifu, F|100/100
|turn|10
|
|t:|1597055049
|switch|p2a: Clefable|Clefable, F|100/100
|move|p1a: Urshifu|Bulk Up|p1a: Urshifu
|-boost|p1a: Urshifu|atk|1
|-boost|p1a: Urshifu|def|1
|
|upkeep
|turn|11
|
|t:|1597055053
|move|p1a: Urshifu|Iron Head|p2a: Clefable
|-supereffective|p2a: Clefable
|-damage|p2a: Clefable|6/100
|-damage|p1a: Urshifu|91/100|[from] item: Life Orb
|move|p2a: Clefable|Moonblast|p1a: Urshifu
|-supereffective|p1a: Urshifu
|-damage|p1a: Urshifu|0 fnt
|faint|p1a: Urshifu
|
|-heal|p2a: Clefable|12/100|[from] item: Leftovers
|upkeep
|
|t:|1597055065
|switch|p1a: Volcarona|Volcarona, F|82/100
|turn|12
|
|t:|1597055069
|switch|p2a: Dragapult|Dragapult, M|91/100
|move|p1a: Volcarona|Quiver Dance|p1a: Volcarona
|-boost|p1a: Volcarona|spa|1
|-boost|p1a: Volcarona|spd|1
|-boost|p1a: Volcarona|spe|1
|
|upkeep
|turn|13
|
|t:|1597055074
|move|p1a: Volcarona|Safeguard|p1a: Volcarona
|-sidestart|p1: LT71LX devin|Safeguard
|move|p2a: Dragapult|Thunder Wave|p1a: Volcarona
|-status|p1a: Volcarona|par
|
|upkeep
|turn|14
|
|t:|1597055082
|move|p2a: Dragapult|Dragon Darts|p1a: Volcarona
|-crit|p1a: Volcarona
|-damage|p1a: Volcarona|44/100 par
|-anim|p2a: Dragapult|Dragon Darts|p1a: Volcarona
|-damage|p1a: Volcarona|22/100 par
|move|p1a: Volcarona|Quiver Dance|p1a: Volcarona
|-boost|p1a: Volcarona|spa|1
|-boost|p1a: Volcarona|spd|1
|-boost|p1a: Volcarona|spe|1
|
|upkeep
|turn|15
|-message|LT71LX devin forfeited.
|
|win|2222mm
|l|☆LT71LX devin
|raw|LT71LX devin's rating: 1637 &rarr; <strong>1620</strong><br />(-17 for losing)
|raw|2222mm's rating: 1689 &rarr; <strong>1706</strong><br />(+17 for winning)
