|j|☆eddieow2
|j|☆PQPP214
|t:|1649122173
|gametype|singles
|player|p1|eddieow2|riley|1498
|player|p2|PQPP214|266|1519
|teamsize|p1|6
|teamsize|p2|6
|gen|8
|tier|[Gen 8] OU
|rated|
|rule|Sleep Clause Mod: Limit one foe put to sleep
|rule|Species Clause: Limit one of each Pokémon
|rule|OHKO Clause: OHKO moves are banned
|rule|Evasion Moves Clause: Evasion moves are banned
|rule|Endless Battle Clause: Forcing endless battles is banned
|rule|HP Percentage Mod: HP is shown in percentages
|rule|Dynamax Clause: You cannot dynamax
|clearpoke
|poke|p1|Buzzwole|
|poke|p1|Tornadus-Therian, M|
|poke|p1|Tyranitar, F|
|poke|p1|Mamoswine, F|
|poke|p1|Heatran, M|
|poke|p1|Slowking, F|
|poke|p2|Garchomp, F|
|poke|p2|Blaziken, M|
|poke|p2|Heatran, F|
|poke|p2|Dragapult, F|
|poke|p2|Ninetales-Alola, M|
|poke|p2|Arctozolt|
|teampreview
|inactive|Battle timer is ON: inactive players will automatically lose when time's up. (requested by eddieow2)
|inactive|eddieow2 has 120 seconds left.
|
|t:|1649122206
|start
|switch|p1a: Mamoswine|Mamoswine, F|100/100
|switch|p2a: Heatran|Heatran, F|100/100
|-item|p2a: Heatran|Air Balloon
|turn|1
|
|t:|1649122210
|move|p1a: Mamoswine|Superpower|p2a: Heatran
|-supereffective|p2a: Heatran
|-damage|p2a: Heatran|8/100
|-unboost|p1a: Mamoswine|atk|1
|-unboost|p1a: Mamoswine|def|1
|-enditem|p2a: Heatran|Air Balloon
|move|p2a: Heatran|Magma Storm|p1a: Mamoswine
|-supereffective|p1a: Mamoswine
|-damage|p1a: Mamoswine|0 fnt
|faint|p1a: Mamoswine
|
|upkeep
|
|t:|1649122222
|switch|p1a: Tornadus|Tornadus-Therian, M|100/100
|turn|2
|
|t:|1649122239
|move|p1a: Tornadus|Knock Off|p2a: Heatran
|-damage|p2a: Heatran|0 fnt
|faint|p2a: Heatran
|
|upkeep
|inactive|PQPP214 has 120 seconds left.
|
|t:|1649122262
|switch|p2a: Dragapult|Dragapult, F|100/100
|turn|3
|
|t:|1649122286
|move|p2a: Dragapult|Dragon Darts|p1a: Tornadus
|-damage|p1a: Tornadus|60/100
|-anim|p2a: Dragapult|Dragon Darts|p1a: Tornadus
|-damage|p1a: Tornadus|25/100
|move|p1a: Tornadus|Knock Off|p2a: Dragapult
|-supereffective|p2a: Dragapult
|-damage|p2a: Dragapult|43/100
|-enditem|p2a: Dragapult|Choice Band|[from] move: Knock Off|[of] p1a: Tornadus
|
|upkeep
|turn|4
|
|t:|1649122295
|switch|p1a: Buzzwole|Buzzwole, shiny|100/100
|move|p2a: Dragapult|Dragon Darts|p1a: Buzzwole
|-damage|p1a: Buzzwole|89/100
|-anim|p2a: Dragapult|Dragon Darts|p1a: Buzzwole
|-damage|p1a: Buzzwole|76/100
|
|upkeep
|turn|5
|
|t:|1649122304
|switch|p2a: Ninetales|Ninetales-Alola, M|100/100
|-weather|Hail|[from] ability: Snow Warning|[of] p2a: Ninetales
|move|p1a: Buzzwole|Earthquake|p2a: Ninetales
|-damage|p2a: Ninetales|64/100
|
|-weather|Hail|[upkeep]
|-damage|p1a: Buzzwole|70/100|[from] Hail
|upkeep
|turn|6
|
|t:|1649122312
|switch|p1a: Tyranitar|Tyranitar, F|100/100
|-weather|Sandstorm|[from] ability: Sand Stream|[of] p1a: Tyranitar
|move|p2a: Ninetales|Hypnosis|p1a: Tyranitar
|-status|p1a: Tyranitar|slp|[from] move: Hypnosis
|
|-weather|Sandstorm|[upkeep]
|-damage|p2a: Ninetales|58/100|[from] Sandstorm
|upkeep
|turn|7
|
|t:|1649122322
|switch|p2a: Blaziken|Blaziken, M|100/100
|-item|p2a: Blaziken|Air Balloon
|switch|p1a: Heatran|Heatran, M|100/100
|
|-weather|Sandstorm|[upkeep]
|-damage|p2a: Blaziken|95/100|[from] Sandstorm
|upkeep
|turn|8
|
|t:|1649122333
|switch|p1a: Slowking|Slowking, F|100/100
|move|p2a: Blaziken|Swords Dance|p2a: Blaziken
|-boost|p2a: Blaziken|atk|2
|
|-weather|Sandstorm|[upkeep]
|-damage|p2a: Blaziken|89/100|[from] Sandstorm
|-damage|p1a: Slowking|94/100|[from] Sandstorm
|-ability|p2a: Blaziken|Speed Boost|boost
|-boost|p2a: Blaziken|spe|1
|upkeep
|turn|9
|
|t:|1649122342
|move|p2a: Blaziken|Thunder Punch|p1a: Slowking
|-supereffective|p1a: Slowking
|-damage|p1a: Slowking|0 fnt
|faint|p1a: Slowking
|
|-weather|Sandstorm|[upkeep]
|-damage|p2a: Blaziken|83/100|[from] Sandstorm
|-ability|p2a: Blaziken|Speed Boost|boost
|-boost|p2a: Blaziken|spe|1
|upkeep
|-message|eddieow2 forfeited.
|
|win|PQPP214
|raw|eddieow2's rating: 1498 &rarr; <strong>1479</strong><br />(-19 for losing)
|raw|PQPP214's rating: 1519 &rarr; <strong>1538</strong><br />(+19 for winning)
|l|☆eddieow2
