|raw|<div class="broadcast-blue"><strong>This battle is required to be public due to a player having a name starting with 'lt92pf'.</div>
|j|‽BLOODCLAT
|j|☆lt92pf james
|t:|1660275348
|gametype|singles
|player|p1|BLOODCLAT|hoopster|1802
|player|p2|lt92pf james|waiter|2037
|teamsize|p1|6
|teamsize|p2|6
|gen|8
|tier|[Gen 8] OU
|rated|
|rule|Sleep Clause Mod: Limit one foe put to sleep
|rule|Species Clause: Limit one of each Pokémon
|rule|OHKO Clause: OHKO moves are banned
|rule|Evasion Items Clause: Evasion items are banned
|rule|Evasion Moves Clause: Evasion moves are banned
|rule|Endless Battle Clause: Forcing endless battles is banned
|rule|HP Percentage Mod: HP is shown in percentages
|rule|Dynamax Clause: You cannot dynamax
|clearpoke
|poke|p1|Rotom-Wash|
|poke|p1|Dragapult, F|
|poke|p1|Ferrothorn, M|
|poke|p1|Weavile, M|
|poke|p1|Blacephalon|
|poke|p1|Landorus-Therian, M|
|poke|p2|Landorus-Therian, M|
|poke|p2|Rillaboom, M|
|poke|p2|Slowking-Galar, F|
|poke|p2|Heatran, M|
|poke|p2|Dragapult, M|
|poke|p2|Zapdos|
|teampreview
|inactive|Battle timer is ON: inactive players will automatically lose when time's up. (requested by lt92pf james)
|
|t:|1660275366
|start
|switch|p1a: Rotom|Rotom-Wash|100/100
|switch|p2a: Dragapult|Dragapult, M|100/100
|turn|1
|
|t:|1660275384
|move|p2a: Dragapult|Shadow Ball|p1a: Rotom
|-damage|p1a: Rotom|57/100
|move|p1a: Rotom|Pain Split|p2a: Dragapult
|-sethp|p2a: Dragapult|77/100|[from] move: Pain Split|[silent]
|-sethp|p1a: Rotom|81/100|[from] move: Pain Split
|
|-heal|p1a: Rotom|87/100|[from] item: Leftovers
|upkeep
|turn|2
|j| LT92PF Separa
|j| hafhaklfhlaf
|j| Tace
|j| Giratina pizza
|j| Luthier
|
|t:|1660275401
|move|p2a: Dragapult|Shadow Ball|p1a: Rotom
|-damage|p1a: Rotom|44/100
|move|p1a: Rotom|Volt Switch|p2a: Dragapult
|-resisted|p2a: Dragapult
|-damage|p2a: Dragapult|60/100
|j| LT92PF fardin
|
|t:|1660275405
|switch|p1a: Weavile|Weavile, M|100/100|[from]move: Volt Switch
|-ability|p1a: Weavile|Pressure
|
|upkeep
|turn|3
|
|t:|1660275407
|switch|p2a: Heatran|Heatran, M, shiny|100/100
|-item|p2a: Heatran|Air Balloon
|move|p1a: Weavile|Knock Off|p2a: Heatran
|-damage|p2a: Heatran|70/100
|-status|p1a: Weavile|brn|[from] ability: Flame Body|[of] p2a: Heatran
|-enditem|p2a: Heatran|Air Balloon
|
|-damage|p1a: Weavile|94/100 brn|[from] brn
|upkeep
|turn|4
|
|t:|1660275412
|switch|p1a: Landorus|Landorus-Therian, M|100/100
|-ability|p1a: Landorus|Intimidate|boost
|-unboost|p2a: Heatran|atk|1
|move|p2a: Heatran|Stealth Rock|p1a: Landorus
|-sidestart|p1: BLOODCLAT|move: Stealth Rock
|
|upkeep
|turn|5
|
|t:|1660275416
|move|p1a: Landorus|Defog|p2a: Heatran
|-unboost|p2a: Heatran|evasion|1
|-sideend|p1: BLOODCLAT|Stealth Rock|[from] move: Defog|[of] p1a: Landorus
|move|p2a: Heatran|Toxic|p1a: Landorus
|-status|p1a: Landorus|tox
|
|-damage|p1a: Landorus|94/100 tox|[from] psn
|upkeep
|turn|6
|
|t:|1660275435
|switch|p2a: Enten|Landorus-Therian, M, shiny|100/100
|-ability|p2a: Enten|Intimidate|boost
|-unboost|p1a: Landorus|atk|1
|move|p1a: Landorus|Toxic|p2a: Enten
|-status|p2a: Enten|tox
|
|-heal|p1a: Landorus|100/100 tox|[from] item: Leftovers
|-damage|p1a: Landorus|88/100 tox|[from] psn
|-damage|p2a: Enten|94/100 tox|[from] psn
|upkeep
|turn|7
|
|t:|1660275443
|move|p1a: Landorus|U-turn|p2a: Enten
|-resisted|p2a: Enten
|-damage|p2a: Enten|87/100 tox
|
|t:|1660275446
|switch|p1a: Dragapult|Dragapult, F|100/100|[from]move: U-turn
|move|p2a: Enten|Knock Off|p1a: Dragapult
|-supereffective|p1a: Dragapult
|-damage|p1a: Dragapult|17/100
|-enditem|p1a: Dragapult|Choice Specs|[from] move: Knock Off|[of] p2a: Enten
|
|-heal|p2a: Enten|93/100 tox|[from] item: Leftovers
|-damage|p2a: Enten|81/100 tox|[from] psn
|upkeep
|turn|8
|
|t:|1660275449
|move|p1a: Dragapult|Hex|p2a: Enten
|-damage|p2a: Enten|35/100 tox
|move|p2a: Enten|Knock Off|p1a: Dragapult
|-supereffective|p1a: Dragapult
|-damage|p1a: Dragapult|0 fnt
|faint|p1a: Dragapult
|
|-heal|p2a: Enten|41/100 tox|[from] item: Leftovers
|-damage|p2a: Enten|23/100 tox|[from] psn
|upkeep
|j| samurott champloo
|
|t:|1660275459
|switch|p1a: Blacephalon|Blacephalon|100/100
|turn|9
|
|t:|1660275467
|move|p1a: Blacephalon|Shadow Ball|p2a: Enten
|-damage|p2a: Enten|0 fnt
|faint|p2a: Enten
|-ability|p1a: Blacephalon|Beast Boost|boost
|-boost|p1a: Blacephalon|spa|1
|
|upkeep
|
|t:|1660275471
|switch|p2a: Slowking|Slowking-Galar, F|100/100
|turn|10
|j| MANNAT
|
|t:|1660275480
|move|p1a: Blacephalon|Shadow Ball|p2a: Slowking
|-supereffective|p2a: Slowking
|-damage|p2a: Slowking|44/100
|move|p2a: Slowking|Scald|p1a: Blacephalon
|-supereffective|p1a: Blacephalon
|-damage|p1a: Blacephalon|32/100
|
|upkeep
|turn|11
|j| My bebito fiu fiu
|
|t:|1660275500
|switch|p2a: Heatran|Heatran, M, shiny|70/100
|move|p1a: Blacephalon|Shadow Ball|p2a: Heatran
|-damage|p2a: Heatran|12/100
|-unboost|p2a: Heatran|spd|1
|
|upkeep
|turn|12
|j| LT92PF dragonnb
|
|t:|1660275513
|move|p1a: Blacephalon|Shadow Ball|p2a: Heatran
|-damage|p2a: Heatran|0 fnt
|faint|p2a: Heatran
|-ability|p1a: Blacephalon|Beast Boost|boost
|-boost|p1a: Blacephalon|spa|1
|
|upkeep
|
|t:|1660275516
|switch|p2a: STEPHEN FLORIDA|Rillaboom, M, shiny|100/100
|-fieldstart|move: Grassy Terrain|[from] ability: Grassy Surge|[of] p2a: STEPHEN FLORIDA
|turn|13
|
|t:|1660275520
|switch|p1a: Ferrothorn|Ferrothorn, M|100/100
|move|p2a: STEPHEN FLORIDA|Grassy Glide|p1a: Ferrothorn
|-resisted|p1a: Ferrothorn
|-damage|p1a: Ferrothorn|92/100
|-damage|p2a: STEPHEN FLORIDA|88/100|[from] ability: Iron Barbs|[of] p1a: Ferrothorn
|
|-heal|p2a: STEPHEN FLORIDA|94/100|[from] Grassy Terrain
|-heal|p2a: STEPHEN FLORIDA|99/100|[from] item: Leftovers
|-heal|p1a: Ferrothorn|98/100|[from] Grassy Terrain
|-heal|p1a: Ferrothorn|100/100|[from] item: Leftovers
|upkeep
|turn|14
|j| lt92pf star
|
|t:|1660275525
|move|p2a: STEPHEN FLORIDA|Swords Dance|p2a: STEPHEN FLORIDA
|-boost|p2a: STEPHEN FLORIDA|atk|2
|move|p1a: Ferrothorn|Thunder Wave|p2a: STEPHEN FLORIDA
|-status|p2a: STEPHEN FLORIDA|par
|
|-heal|p2a: STEPHEN FLORIDA|100/100 par|[from] Grassy Terrain
|upkeep
|turn|15
|
|t:|1660275533
|move|p2a: STEPHEN FLORIDA|Knock Off|p1a: Ferrothorn
|-damage|p1a: Ferrothorn|56/100
|-damage|p2a: STEPHEN FLORIDA|88/100 par|[from] ability: Iron Barbs|[of] p1a: Ferrothorn
|-enditem|p1a: Ferrothorn|Leftovers|[from] move: Knock Off|[of] p2a: STEPHEN FLORIDA
|move|p1a: Ferrothorn|Knock Off|p2a: STEPHEN FLORIDA
|-damage|p2a: STEPHEN FLORIDA|69/100 par
|-enditem|p2a: STEPHEN FLORIDA|Leftovers|[from] move: Knock Off|[of] p1a: Ferrothorn
|
|-heal|p2a: STEPHEN FLORIDA|75/100 par|[from] Grassy Terrain
|-heal|p1a: Ferrothorn|63/100|[from] Grassy Terrain
|upkeep
|turn|16
|
|t:|1660275553
|switch|p1a: Landorus|Landorus-Therian, M|88/100 tox
|-ability|p1a: Landorus|Intimidate|boost
|-unboost|p2a: STEPHEN FLORIDA|atk|1
|cant|p2a: STEPHEN FLORIDA|par
|
|-heal|p1a: Landorus|94/100 tox|[from] item: Leftovers
|-heal|p2a: STEPHEN FLORIDA|81/100 par|[from] Grassy Terrain
|-damage|p1a: Landorus|88/100 tox|[from] psn
|upkeep
|turn|17
|
|t:|1660275573
|switch|p2a: Zapdos|Zapdos|100/100
|move|p1a: Landorus|U-turn|p2a: Zapdos
|-resisted|p2a: Zapdos
|-damage|p2a: Zapdos|93/100
|j| omicorio
|
|t:|1660275580
|switch|p1a: Rotom|Rotom-Wash|44/100|[from]move: U-turn
|
|-heal|p1a: Rotom|50/100|[from] item: Leftovers
|-fieldend|move: Grassy Terrain
|upkeep
|turn|18
|
|t:|1660275591
|move|p2a: Zapdos|Volt Switch|p1a: Rotom
|-damage|p1a: Rotom|24/100
|j| AlIoutdragadarts
|
|t:|1660275592
|switch|p2a: Slowking|Slowking-Galar, F|77/100|[from]move: Volt Switch
|move|p1a: Rotom|Pain Split|p2a: Slowking
|-sethp|p2a: Slowking|48/100|[from] move: Pain Split|[silent]
|-sethp|p1a: Rotom|61/100|[from] move: Pain Split
|
|-heal|p1a: Rotom|68/100|[from] item: Leftovers
|upkeep
|turn|19
|
|t:|1660275602
|move|p1a: Rotom|Volt Switch|p2a: Slowking
|-damage|p2a: Slowking|37/100
|j| LT92PF PDC
|l| LT92PF PDC
|
|t:|1660275627
|switch|p1a: Landorus|Landorus-Therian, M|88/100 tox|[from]move: Volt Switch
|-ability|p1a: Landorus|Intimidate|boost
|-unboost|p2a: Slowking|atk|1
|move|p2a: Slowking|Future Sight|p1a: Landorus
|-start|p2a: Slowking|move: Future Sight
|
|-heal|p1a: Landorus|94/100 tox|[from] item: Leftovers
|-damage|p1a: Landorus|88/100 tox|[from] psn
|upkeep
|turn|20
|
|t:|1660275632
|switch|p2a: Zapdos|Zapdos|93/100
|move|p1a: Landorus|Toxic|p2a: Zapdos
|-status|p2a: Zapdos|tox
|
|-heal|p1a: Landorus|94/100 tox|[from] item: Leftovers
|-damage|p2a: Zapdos|87/100 tox|[from] psn
|-damage|p1a: Landorus|82/100 tox|[from] psn
|upkeep
|turn|21
|
|t:|1660275641
|switch|p2a: Dragapult|Dragapult, M|60/100
|move|p1a: Landorus|U-turn|p2a: Dragapult
|-resisted|p2a: Dragapult
|-damage|p2a: Dragapult|45/100
|
|t:|1660275646
|switch|p1a: Weavile|Weavile, M|94/100 brn|[from]move: U-turn
|-ability|p1a: Weavile|Pressure
|
|-end|p1a: Weavile|move: Future Sight
|-immune|p1a: Weavile
|-damage|p1a: Weavile|88/100 brn|[from] brn
|upkeep
|turn|22
|l| LT92PF dragonnb
|
|t:|1660275664
|switch|p1a: Ferrothorn|Ferrothorn, M|63/100
|move|p2a: Dragapult|Draco Meteor|p1a: Ferrothorn
|-resisted|p1a: Ferrothorn
|-damage|p1a: Ferrothorn|28/100
|-unboost|p2a: Dragapult|spa|2
|
|upkeep
|turn|23
|
|t:|1660275672
|switch|p2a: Zapdos|Zapdos|87/100 tox
|move|p1a: Ferrothorn|Stealth Rock|p2a: Zapdos
|-sidestart|p2: lt92pf james|move: Stealth Rock
|
|-damage|p2a: Zapdos|81/100 tox|[from] psn
|upkeep
|turn|24
|j| LT92PF AC
|
|t:|1660275678
|switch|p1a: Rotom|Rotom-Wash|68/100
|move|p2a: Zapdos|Volt Switch|p1a: Rotom
|-damage|p1a: Rotom|44/100
|l| My bebito fiu fiu
|l| LT92PF AC
|
|t:|1660275680
|switch|p2a: STEPHEN FLORIDA|Rillaboom, M, shiny|81/100 par|[from]move: Volt Switch
|-damage|p2a: STEPHEN FLORIDA|69/100 par|[from] Stealth Rock
|-fieldstart|move: Grassy Terrain|[from] ability: Grassy Surge|[of] p2a: STEPHEN FLORIDA
|
|-heal|p1a: Rotom|50/100|[from] item: Leftovers
|-heal|p2a: STEPHEN FLORIDA|75/100 par|[from] Grassy Terrain
|upkeep
|turn|25
|
|t:|1660275709
|switch|p1a: Landorus|Landorus-Therian, M|82/100 tox
|-ability|p1a: Landorus|Intimidate|boost
|-unboost|p2a: STEPHEN FLORIDA|atk|1
|move|p2a: STEPHEN FLORIDA|Drain Punch|p1a: Landorus
|-resisted|p1a: Landorus
|-damage|p1a: Landorus|74/100 tox
|-heal|p2a: STEPHEN FLORIDA|79/100 par|[from] drain|[of] p1a: Landorus
|
|-heal|p1a: Landorus|80/100 tox|[from] item: Leftovers
|-heal|p2a: STEPHEN FLORIDA|85/100 par|[from] Grassy Terrain
|-damage|p1a: Landorus|74/100 tox|[from] psn
|upkeep
|turn|26
|inactive|lt92pf james has 120 seconds left.
|
|t:|1660275746
|switch|p2a: Zapdos|Zapdos|81/100 tox
|move|p1a: Landorus|U-turn|p2a: Zapdos
|-resisted|p2a: Zapdos
|-damage|p2a: Zapdos|72/100 tox
|
|t:|1660275753
|switch|p1a: Weavile|Weavile, M|88/100 brn|[from]move: U-turn
|-ability|p1a: Weavile|Pressure
|
|-heal|p1a: Weavile|94/100 brn|[from] Grassy Terrain
|-damage|p2a: Zapdos|66/100 tox|[from] psn
|-damage|p1a: Weavile|88/100 brn|[from] brn
|upkeep
|turn|27
|
|t:|1660275759
|switch|p1a: Landorus|Landorus-Therian, M|74/100 tox
|-ability|p1a: Landorus|Intimidate|boost
|-unboost|p2a: Zapdos|atk|1
|move|p2a: Zapdos|Heat Wave|p1a: Landorus
|-damage|p1a: Landorus|54/100 tox
|
|-heal|p1a: Landorus|60/100 tox|[from] item: Leftovers
|-damage|p2a: Zapdos|54/100 tox|[from] psn
|-damage|p1a: Landorus|54/100 tox|[from] psn
|upkeep
|turn|28
|
|t:|1660275763
|move|p2a: Zapdos|Roost|p2a: Zapdos
|-heal|p2a: Zapdos|100/100 tox
|-singleturn|p2a: Zapdos|move: Roost
|move|p1a: Landorus|U-turn|p2a: Zapdos
|-damage|p2a: Zapdos|85/100 tox
|
|t:|1660275768
|switch|p1a: Weavile|Weavile, M|88/100 brn|[from]move: U-turn
|-ability|p1a: Weavile|Pressure
|
|-heal|p1a: Weavile|94/100 brn|[from] Grassy Terrain
|-heal|p2a: Zapdos|91/100 tox|[from] Grassy Terrain
|-damage|p2a: Zapdos|73/100 tox|[from] psn
|-damage|p1a: Weavile|88/100 brn|[from] brn
|-fieldend|move: Grassy Terrain
|upkeep
|turn|29
|
|t:|1660275778
|switch|p1a: Landorus|Landorus-Therian, M|54/100 tox
|-ability|p1a: Landorus|Intimidate|boost
|-unboost|p2a: Zapdos|atk|1
|move|p2a: Zapdos|Heat Wave|p1a: Landorus
|-damage|p1a: Landorus|32/100 tox
|
|-heal|p1a: Landorus|38/100 tox|[from] item: Leftovers
|-damage|p2a: Zapdos|49/100 tox|[from] psn
|-damage|p1a: Landorus|32/100 tox|[from] psn
|upkeep
|turn|30
|
|t:|1660275791
|move|p2a: Zapdos|Heat Wave|p1a: Landorus
|-damage|p1a: Landorus|14/100 tox
|move|p1a: Landorus|U-turn|p2a: Zapdos
|-resisted|p2a: Zapdos
|-damage|p2a: Zapdos|41/100 tox
|j|+Analytic
|j| AquaRotom
|
|t:|1660275804
|switch|p1a: Blacephalon|Blacephalon|32/100|[from]move: U-turn
|
|-damage|p2a: Zapdos|11/100 tox|[from] psn
|upkeep
|turn|31
|
|t:|1660275811
|move|p1a: Blacephalon|Shadow Ball|p2a: Zapdos
|-damage|p2a: Zapdos|0 fnt
|faint|p2a: Zapdos
|-ability|p1a: Blacephalon|Beast Boost|boost
|-boost|p1a: Blacephalon|spa|1
|
|upkeep
|
|t:|1660275812
|switch|p2a: STEPHEN FLORIDA|Rillaboom, M, shiny|85/100 par
|-damage|p2a: STEPHEN FLORIDA|73/100 par|[from] Stealth Rock
|-fieldstart|move: Grassy Terrain|[from] ability: Grassy Surge|[of] p2a: STEPHEN FLORIDA
|turn|32
|
|t:|1660275817
|switch|p1a: Ferrothorn|Ferrothorn, M|28/100
|move|p2a: STEPHEN FLORIDA|Drain Punch|p1a: Ferrothorn
|-supereffective|p1a: Ferrothorn
|-damage|p1a: Ferrothorn|0 fnt
|-heal|p2a: STEPHEN FLORIDA|85/100 par|[from] drain|[of] p1a: Ferrothorn
|-damage|p2a: STEPHEN FLORIDA|73/100 par|[from] ability: Iron Barbs|[of] p1a: Ferrothorn
|faint|p1a: Ferrothorn
|
|-heal|p2a: STEPHEN FLORIDA|79/100 par|[from] Grassy Terrain
|upkeep
|
|t:|1660275825
|switch|p1a: Weavile|Weavile, M|88/100 brn
|-ability|p1a: Weavile|Pressure
|turn|33
|
|t:|1660275832
|switch|p1a: Landorus|Landorus-Therian, M|14/100 tox
|-ability|p1a: Landorus|Intimidate|boost
|-unboost|p2a: STEPHEN FLORIDA|atk|1
|move|p2a: STEPHEN FLORIDA|Drain Punch|p1a: Landorus
|-resisted|p1a: Landorus
|-damage|p1a: Landorus|5/100 tox
|-heal|p2a: STEPHEN FLORIDA|83/100 par|[from] drain|[of] p1a: Landorus
|
|-heal|p1a: Landorus|11/100 tox|[from] item: Leftovers
|-heal|p2a: STEPHEN FLORIDA|89/100 par|[from] Grassy Terrain
|-damage|p1a: Landorus|5/100 tox|[from] psn
|upkeep
|turn|34
|
|t:|1660275844
|cant|p2a: STEPHEN FLORIDA|par
|move|p1a: Landorus|U-turn|p2a: STEPHEN FLORIDA
|-supereffective|p2a: STEPHEN FLORIDA
|-damage|p2a: STEPHEN FLORIDA|44/100 par
|
|t:|1660275846
|switch|p1a: Weavile|Weavile, M|88/100 brn|[from]move: U-turn
|-ability|p1a: Weavile|Pressure
|
|-heal|p1a: Weavile|94/100 brn|[from] Grassy Terrain
|-heal|p2a: STEPHEN FLORIDA|50/100 par|[from] Grassy Terrain
|-damage|p1a: Weavile|88/100 brn|[from] brn
|upkeep
|turn|35
|
|t:|1660275849
|move|p1a: Weavile|Triple Axel|p2a: STEPHEN FLORIDA
|-supereffective|p2a: STEPHEN FLORIDA
|-damage|p2a: STEPHEN FLORIDA|41/100 par
|-supereffective|p2a: STEPHEN FLORIDA
|-damage|p2a: STEPHEN FLORIDA|24/100 par
|-supereffective|p2a: STEPHEN FLORIDA
|-damage|p2a: STEPHEN FLORIDA|0 fnt
|faint|p2a: STEPHEN FLORIDA
|-hitcount|p2: STEPHEN FLORIDA|3
|
|-heal|p1a: Weavile|94/100 brn|[from] Grassy Terrain
|-damage|p1a: Weavile|88/100 brn|[from] brn
|upkeep
|-message|lt92pf james forfeited.
|
|win|BLOODCLAT
|raw|BLOODCLAT's rating: 1802 &rarr; <strong>1834</strong><br />(+32 for winning)
|raw|lt92pf james's rating: 2037 &rarr; <strong>2005</strong><br />(-32 for losing)
|l|☆lt92pf james
|l|‽BLOODCLAT
|l|+Analytic
|l| hafhaklfhlaf
|l| LT92PF Separa
||Ladder isn't responding, score probably updated but might not have (Request timeout).
|l| Tace
|l| AlIoutdragadarts
|l| Giratina pizza
|l| samurott champloo
|l| AquaRotom
|l| Luthier
