|j|☆minimax_ai
|j|☆samohi0
|t:|1665538974
|gametype|singles
|player|p1|minimax_ai|lusamine-nihilego|1513
|player|p2|samohi0|102|1565
|teamsize|p1|6
|teamsize|p2|6
|gen|8
|tier|[Gen 8] OU
|rated|
|rule|Sleep Clause Mod: Limit one foe put to sleep
|rule|Species Clause: Limit one of each Pokémon
|rule|OHKO Clause: OHKO moves are banned
|rule|Evasion Items Clause: Evasion items are banned
|rule|Evasion Moves Clause: Evasion moves are banned
|rule|Endless Battle Clause: Forcing endless battles is banned
|rule|HP Percentage Mod: HP is shown in percentages
|rule|Dynamax Clause: You cannot dynamax
|clearpoke
|poke|p1|Rotom-Wash|
|poke|p1|Weavile, F|
|poke|p1|Landorus-Therian, M|
|poke|p1|Heatran, M|
|poke|p1|Tangrowth, F|
|poke|p1|Melmetal|
|poke|p2|Heatran, M|
|poke|p2|Dragapult, M|
|poke|p2|Toxapex, M|
|poke|p2|Hydreigon, M|
|poke|p2|Landorus-Therian, M|
|poke|p2|Rillaboom, M|
|teampreview
|c|☆minimax_ai|hf
|inactive|Battle timer is ON: inactive players will automatically lose when time's up. (requested by minimax_ai)
|
|t:|1665538989
|start
|switch|p1a: landorustherian|Landorus-Therian, M|100/100
|switch|p2a: Heatran|Heatran, M, shiny|100/100
|-ability|p1a: landorustherian|Intimidate|boost
|-unboost|p2a: Heatran|atk|1
|turn|1
|
|t:|1665538991
|switch|p2a: Toxapex|Toxapex, M|100/100
|move|p1a: landorustherian|Earthquake|p2a: Toxapex
|-supereffective|p2a: Toxapex
|-damage|p2a: Toxapex|41/100
|
|upkeep
|turn|2
|
|t:|1665538993
|switch|p1a: Heatran|Heatran, M|100/100
|-item|p1a: Heatran|Air Balloon
|switch|p2a: Landorus|Landorus-Therian, M, shiny|100/100
|-ability|p2a: Landorus|Intimidate|boost
|-unboost|p1a: Heatran|atk|1
|
|upkeep
|turn|3
|
|t:|1665538996
|move|p1a: Heatran|Magma Storm|p2a: Landorus
|-damage|p2a: Landorus|63/100
|-activate|p2a: Landorus|move: Magma Storm|[of] p1a: Heatran
|move|p2a: Landorus|U-turn|p1a: Heatran
|-resisted|p1a: Heatran
|-damage|p1a: Heatran|95/100
|-enditem|p1a: Heatran|Air Balloon
|
|t:|1665538999
|switch|p2a: Hydreigon|Hydreigon, M|100/100|[from]move: U-turn
|
|upkeep
|turn|4
|
|t:|1665539005
|switch|p1a: Melmetal|Melmetal|100/100
|move|p2a: Hydreigon|Earth Power|p1a: Melmetal
|-supereffective|p1a: Melmetal
|-damage|p1a: Melmetal|56/100
|-damage|p2a: Hydreigon|91/100|[from] item: Life Orb
|
|upkeep
|turn|5
|
|t:|1665539017
|switch|p2a: Toxapex|Toxapex, M|74/100
|move|p1a: Melmetal|Double Iron Bash|p2a: Toxapex
|-resisted|p2a: Toxapex
|-damage|p2a: Toxapex|62/100
|-damage|p1a: Melmetal|40/100|[from] item: Rocky Helmet|[of] p2a: Toxapex
|-resisted|p2a: Toxapex
|-damage|p2a: Toxapex|50/100
|-damage|p1a: Melmetal|23/100|[from] item: Rocky Helmet|[of] p2a: Toxapex
|-hitcount|p2a: Toxapex|2
|
|upkeep
|turn|6
|
|t:|1665539020
|switch|p1a: rotomwash|Rotom-Wash|100/100
|switch|p2a: Landorus|Landorus-Therian, M, shiny|63/100
|-ability|p2a: Landorus|Intimidate|boost
|-unboost|p1a: rotomwash|atk|1
|
|-heal|p2a: Landorus|69/100|[from] item: Leftovers
|upkeep
|turn|7
|
|t:|1665539023
|move|p1a: rotomwash|Hydro Pump|p2a: Landorus|[miss]
|-miss|p1a: rotomwash|p2a: Landorus
|move|p2a: Landorus|U-turn|p1a: rotomwash
|-damage|p1a: rotomwash|77/100
|
|t:|1665539028
|switch|p2a: Hydreigon|Hydreigon, M|91/100|[from]move: U-turn
|
|-heal|p1a: rotomwash|84/100|[from] item: Leftovers
|upkeep
|turn|8
|
|t:|1665539030
|move|p1a: rotomwash|Thunderbolt|p2a: Hydreigon
|-resisted|p2a: Hydreigon
|-damage|p2a: Hydreigon|72/100
|move|p2a: Hydreigon|Dark Pulse|p1a: rotomwash
|-damage|p1a: rotomwash|24/100
|-damage|p2a: Hydreigon|62/100|[from] item: Life Orb
|
|-heal|p1a: rotomwash|30/100|[from] item: Leftovers
|upkeep
|turn|9
|
|t:|1665539034
|move|p1a: rotomwash|Pain Split|p2a: Hydreigon
|-sethp|p2a: Hydreigon|45/100|[from] move: Pain Split|[silent]
|-sethp|p1a: rotomwash|48/100|[from] move: Pain Split
|move|p2a: Hydreigon|Dark Pulse|p1a: rotomwash
|-damage|p1a: rotomwash|0 fnt
|faint|p1a: rotomwash
|-damage|p2a: Hydreigon|35/100|[from] item: Life Orb
|
|upkeep
|
|t:|1665539034
|switch|p1a: Weavile|Weavile, F|100/100
|-ability|p1a: Weavile|Pressure
|turn|10
|
|t:|1665539037
|switch|p2a: Toxapex|Toxapex, M|83/100
|move|p1a: Weavile|Knock Off|p2a: Toxapex
|-damage|p2a: Toxapex|41/100
|-damage|p1a: Weavile|84/100|[from] item: Rocky Helmet|[of] p2a: Toxapex
|-enditem|p2a: Toxapex|Rocky Helmet|[from] move: Knock Off|[of] p1a: Weavile
|
|upkeep
|turn|11
|
|t:|1665539044
|move|p1a: Weavile|Knock Off|p2a: Toxapex
|-damage|p2a: Toxapex|12/100
|move|p2a: Toxapex|Recover|p2a: Toxapex
|-heal|p2a: Toxapex|62/100
|
|upkeep
|turn|12
|
|t:|1665539047
|switch|p1a: Heatran|Heatran, M|95/100
|move|p2a: Toxapex|Recover|p2a: Toxapex
|-heal|p2a: Toxapex|100/100
|
|upkeep
|turn|13
|
|t:|1665539049
|switch|p2a: Landorus|Landorus-Therian, M, shiny|69/100
|-ability|p2a: Landorus|Intimidate|boost
|-unboost|p1a: Heatran|atk|1
|move|p1a: Heatran|Stealth Rock|p2a: Landorus
|-sidestart|p2: samohi0|move: Stealth Rock
|
|-heal|p2a: Landorus|75/100|[from] item: Leftovers
|upkeep
|turn|14
|
|t:|1665539051
|move|p1a: Heatran|Eruption|p2a: Landorus
|-damage|p2a: Landorus|18/100
|move|p2a: Landorus|Defog|p1a: Heatran
|-unboost|p1a: Heatran|evasion|1
|-sideend|p2: samohi0|Stealth Rock|[from] move: Defog|[of] p2a: Landorus
|
|-heal|p2a: Landorus|24/100|[from] item: Leftovers
|upkeep
|turn|15
|
|t:|1665539053
|move|p1a: Heatran|Magma Storm|p2a: Landorus
|-damage|p2a: Landorus|0 fnt
|faint|p2a: Landorus
|
|upkeep
|
|t:|1665539057
|switch|p2a: Hydreigon|Hydreigon, M|35/100
|turn|16
|
|t:|1665539059
|move|p1a: Heatran|Eruption|p2a: Hydreigon
|-resisted|p2a: Hydreigon
|-damage|p2a: Hydreigon|0 fnt
|faint|p2a: Hydreigon
|
|upkeep
|
|t:|1665539062
|switch|p2a: Dragapult|Dragapult, M, shiny|100/100
|turn|17
|
|t:|1665539065
|move|p2a: Dragapult|Shadow Ball|p1a: Heatran
|-damage|p1a: Heatran|35/100
|-unboost|p1a: Heatran|spd|1
|move|p1a: Heatran|Magma Storm|p2a: Dragapult
|-resisted|p2a: Dragapult
|-crit|p2a: Dragapult
|-damage|p2a: Dragapult|50/100
|-activate|p2a: Dragapult|move: Magma Storm|[of] p1a: Heatran
|
|-damage|p2a: Dragapult|38/100|[from] move: Magma Storm|[partiallytrapped]
|upkeep
|turn|18
|
|t:|1665539081
|switch|p1a: Weavile|Weavile, F|84/100
|-ability|p1a: Weavile|Pressure
|move|p2a: Dragapult|Shadow Ball|p1a: Weavile
|-resisted|p1a: Weavile
|-damage|p1a: Weavile|45/100
|
|-end|p2a: Dragapult|Magma Storm|[partiallytrapped]|[silent]
|upkeep
|turn|19
|
|t:|1665539083
|switch|p2a: Toxapex|Toxapex, M|100/100
|move|p1a: Weavile|Knock Off|p2a: Toxapex
|-damage|p2a: Toxapex|74/100
|
|upkeep
|turn|20
|
|t:|1665539091
|switch|p1a: Tangrowth|Tangrowth, F|100/100
|switch|p2a: Dragapult|Dragapult, M, shiny|38/100
|
|upkeep
|turn|21
|
|t:|1665539094
|switch|p1a: landorustherian|Landorus-Therian, M|100/100
|-ability|p1a: landorustherian|Intimidate|boost
|-unboost|p2a: Dragapult|atk|1
|move|p2a: Dragapult|Draco Meteor|p1a: landorustherian
|-damage|p1a: landorustherian|29/100
|-unboost|p2a: Dragapult|spa|2
|
|-heal|p1a: landorustherian|35/100|[from] item: Leftovers
|upkeep
|turn|22
|
|t:|1665539096
|move|p2a: Dragapult|Draco Meteor|p1a: landorustherian
|-damage|p1a: landorustherian|3/100
|-unboost|p2a: Dragapult|spa|2
|move|p1a: landorustherian|Toxic|p2a: Dragapult
|-status|p2a: Dragapult|tox
|
|-heal|p1a: landorustherian|9/100|[from] item: Leftovers
|-damage|p2a: Dragapult|32/100 tox|[from] psn
|upkeep
|turn|23
|
|t:|1665539101
|move|p2a: Dragapult|Draco Meteor|p1a: landorustherian
|-damage|p1a: landorustherian|0 fnt
|-unboost|p2a: Dragapult|spa|2
|faint|p1a: landorustherian
|
|-damage|p2a: Dragapult|20/100 tox|[from] psn
|upkeep
|
|t:|1665539101
|switch|p1a: Heatran|Heatran, M|35/100
|turn|24
|
|t:|1665539105
|switch|p2a: Heatran|Heatran, M, shiny|100/100
|move|p1a: Heatran|Earth Power|p2a: Heatran
|-supereffective|p2a: Heatran
|-crit|p2a: Heatran
|-damage|p2a: Heatran|0 fnt
|faint|p2a: Heatran
|
|upkeep
|
|t:|1665539112
|switch|p2a: Dragapult|Dragapult, M, shiny|20/100 tox
|turn|25
|
|t:|1665539114
|switch|p1a: Melmetal|Melmetal|23/100
|move|p2a: Dragapult|Shadow Ball|p1a: Melmetal
|-damage|p1a: Melmetal|0 fnt
|faint|p1a: Melmetal
|
|-damage|p2a: Dragapult|14/100 tox|[from] psn
|upkeep
|
|t:|1665539114
|switch|p1a: Weavile|Weavile, F|45/100
|-ability|p1a: Weavile|Pressure
|turn|26
|
|t:|1665539117
|switch|p2a: Toxapex|Toxapex, M|100/100
|move|p1a: Weavile|Knock Off|p2a: Toxapex
|-damage|p2a: Toxapex|72/100
|
|upkeep
|turn|27
|
|t:|1665539120
|switch|p2a: Rillaboom|Rillaboom, M, shiny|100/100
|-fieldstart|move: Grassy Terrain|[from] ability: Grassy Surge|[of] p2a: Rillaboom
|move|p1a: Weavile|Knock Off|p2a: Rillaboom
|-damage|p2a: Rillaboom|29/100
|-enditem|p2a: Rillaboom|Life Orb|[from] move: Knock Off|[of] p1a: Weavile
|
|-heal|p1a: Weavile|51/100|[from] Grassy Terrain
|-heal|p2a: Rillaboom|35/100|[from] Grassy Terrain
|upkeep
|turn|28
|
|t:|1665539123
|switch|p1a: Tangrowth|Tangrowth, F|100/100
|move|p2a: Rillaboom|Grassy Glide|p1a: Tangrowth
|-resisted|p1a: Tangrowth
|-damage|p1a: Tangrowth|88/100
|-damage|p2a: Rillaboom|19/100|[from] item: Rocky Helmet|[of] p1a: Tangrowth
|
|-heal|p2a: Rillaboom|25/100|[from] Grassy Terrain
|-heal|p1a: Tangrowth|94/100|[from] Grassy Terrain
|upkeep
|turn|29
|
|t:|1665539125
|move|p2a: Rillaboom|Superpower|p1a: Tangrowth
|-damage|p1a: Tangrowth|71/100
|-unboost|p2a: Rillaboom|atk|1
|-unboost|p2a: Rillaboom|def|1
|-damage|p2a: Rillaboom|8/100|[from] item: Rocky Helmet|[of] p1a: Tangrowth
|move|p1a: Tangrowth|Giga Drain|p2a: Rillaboom
|-resisted|p2a: Rillaboom
|-damage|p2a: Rillaboom|0 fnt
|-heal|p1a: Tangrowth|75/100|[from] drain|[of] p2a: Rillaboom
|faint|p2a: Rillaboom
|
|-heal|p1a: Tangrowth|81/100|[from] Grassy Terrain
|upkeep
|-message|samohi0 forfeited.
|
|win|minimax_ai
|raw|minimax_ai's rating: 1513 &rarr; <strong>1536</strong><br />(+23 for winning)
|raw|samohi0's rating: 1565 &rarr; <strong>1542</strong><br />(-23 for losing)
|c|☆minimax_ai|gg
|l|☆samohi0
