|j|☆Shootingwolf
|j|☆Turtnator oshim
|t:|1595750445
|player|p1|Shootingwolf|erika|1636
|player|p2|Turtnator oshim|swimmer-gen4|1722
|teamsize|p1|6
|teamsize|p2|6
|gametype|singles
|gen|8
|tier|[Gen 8] OU
|rated|
|html|<div class="broadcast-blue"><strong>OU is currently suspecting Magearna! For information on how to participate check out the <a href="https://www.smogon.com/forums/threads/3667669/">suspect thread</a>.</strong></div>
|clearpoke
|poke|p1|Hippowdon, M|
|poke|p1|Urshifu-*, M|
|poke|p1|Excadrill, F|
|poke|p1|Volcarona, M|
|poke|p1|Clefable, M|
|poke|p1|Mandibuzz, F|
|poke|p2|Dragapult, M|
|poke|p2|Mandibuzz, F|
|poke|p2|Hippowdon, M|
|poke|p2|Clefable, M|
|poke|p2|Marowak-Alola, M|
|poke|p2|Magnezone|
|rule|Sleep Clause Mod: Limit one foe put to sleep
|rule|Species Clause: Limit one of each Pokémon
|rule|OHKO Clause: OHKO moves are banned
|rule|Evasion Moves Clause: Evasion moves are banned
|rule|Endless Battle Clause: Forcing endless battles is banned
|rule|HP Percentage Mod: HP is shown in percentages
|rule|Dynamax Clause: You cannot dynamax
|teampreview
|inactive|Battle timer is ON: inactive players will automatically lose when time's up. (requested by Turtnator oshim)
|
|t:|1595750460
|start
|switch|p1a: Urshifu|Urshifu, M|100/100
|switch|p2a: Hippowdon|Hippowdon, M|100/100
|-weather|Sandstorm|[from] ability: Sand Stream|[of] p2a: Hippowdon
|turn|1
|
|t:|1595750465
|move|p1a: Urshifu|Wicked Blow|p2a: Hippowdon
|-crit|p2a: Hippowdon
|-damage|p2a: Hippowdon|53/100
|move|p2a: Hippowdon|Earthquake|p1a: Urshifu
|-damage|p1a: Urshifu|61/100
|
|-weather|Sandstorm|[upkeep]
|-damage|p1a: Urshifu|54/100|[from] Sandstorm
|-heal|p2a: Hippowdon|59/100|[from] item: Leftovers
|upkeep
|turn|2
|
|t:|1595750474
|switch|p1a: Clefable|Clefable, M|100/100
|move|p2a: Hippowdon|Slack Off|p2a: Hippowdon
|-heal|p2a: Hippowdon|100/100
|
|-weather|Sandstorm|[upkeep]
|upkeep
|turn|3
|
|t:|1595750482
|move|p1a: Clefable|Wish|p1a: Clefable
|move|p2a: Hippowdon|Stealth Rock|p1a: Clefable
|-sidestart|p1: Shootingwolf|move: Stealth Rock
|
|-weather|Sandstorm|[upkeep]
|upkeep
|turn|4
|
|t:|1595750486
|move|p1a: Clefable|Teleport|p1a: Clefable
|
|t:|1595750491
|switch|p1a: Urshifu|Urshifu, M|54/100|[from]move: Teleport
|-damage|p1a: Urshifu|48/100|[from] Stealth Rock
|move|p2a: Hippowdon|Whirlwind|p1a: Urshifu
|drag|p1a: Volcarona|Volcarona, M|100/100
|
|-weather|Sandstorm|[upkeep]
|-damage|p1a: Volcarona|94/100|[from] Sandstorm
|-heal|p1a: Volcarona|100/100|[from] move: Wish|[wisher] Clefable
|upkeep
|turn|5
|j| Hastings1066
|
|t:|1595750500
|switch|p2a: bruh moment #3|Dragapult, M|100/100
|move|p1a: Volcarona|Fiery Dance|p2a: bruh moment #3
|-resisted|p2a: bruh moment #3
|-damage|p2a: bruh moment #3|76/100
|-boost|p1a: Volcarona|spa|1
|
|-weather|none
|upkeep
|turn|6
|
|t:|1595750509
|switch|p1a: Clefable|Clefable, M|100/100
|move|p2a: bruh moment #3|Dragon Darts|p1a: Clefable
|-immune|p1a: Clefable
|
|upkeep
|turn|7
|
|t:|1595750521
|switch|p2a: Magnezone|Magnezone|100/100
|move|p1a: Clefable|Teleport|p1a: Clefable
|
|t:|1595750529
|switch|p1a: Excadrill|Excadrill, F|100/100|[from]move: Teleport
|-damage|p1a: Excadrill|97/100|[from] Stealth Rock
|
|upkeep
|turn|8
|
|t:|1595750541
|switch|p2a: Hippowdon|Hippowdon, M|100/100
|-weather|Sandstorm|[from] ability: Sand Stream|[of] p2a: Hippowdon
|move|p1a: Excadrill|Rock Slide|p2a: Hippowdon
|-resisted|p2a: Hippowdon
|-damage|p2a: Hippowdon|90/100
|-damage|p1a: Excadrill|87/100|[from] item: Life Orb
|
|-weather|Sandstorm|[upkeep]
|-heal|p2a: Hippowdon|96/100|[from] item: Leftovers
|upkeep
|turn|9
|
|t:|1595750547
|switch|p1a: Clefable|Clefable, M|100/100
|move|p2a: Hippowdon|Earthquake|p1a: Clefable
|-damage|p1a: Clefable|72/100
|
|-weather|Sandstorm|[upkeep]
|-heal|p1a: Clefable|78/100|[from] item: Leftovers
|-heal|p2a: Hippowdon|100/100|[from] item: Leftovers
|upkeep
|turn|10
|
|t:|1595750552
|move|p1a: Clefable|Wish|p1a: Clefable
|move|p2a: Hippowdon|Whirlwind|p1a: Clefable
|drag|p1a: Urshifu|Urshifu, M|48/100
|-damage|p1a: Urshifu|42/100|[from] Stealth Rock
|
|-weather|Sandstorm|[upkeep]
|-damage|p1a: Urshifu|36/100|[from] Sandstorm
|upkeep
|turn|11
|
|t:|1595750561
|move|p1a: Urshifu|Wicked Blow|p2a: Hippowdon
|-crit|p2a: Hippowdon
|-damage|p2a: Hippowdon|53/100
|move|p2a: Hippowdon|Earthquake|p1a: Urshifu
|-damage|p1a: Urshifu|0 fnt
|faint|p1a: Urshifu
|
|-weather|Sandstorm|[upkeep]
|-heal|p2a: Hippowdon|59/100|[from] item: Leftovers
|upkeep
|
|t:|1595750567
|switch|p1a: Volcarona|Volcarona, M|100/100
|turn|12
|
|t:|1595750570
|switch|p2a: Marowak|Marowak-Alola, M|100/100
|move|p1a: Volcarona|Quiver Dance|p1a: Volcarona
|-boost|p1a: Volcarona|spa|1
|-boost|p1a: Volcarona|spd|1
|-boost|p1a: Volcarona|spe|1
|
|-weather|none
|upkeep
|turn|13
|
|t:|1595750578
|switch|p1a: Landrous|Hippowdon, M|100/100
|-damage|p1a: Landrous|94/100|[from] Stealth Rock
|-weather|Sandstorm|[from] ability: Sand Stream|[of] p1a: Landrous
|move|p2a: Marowak|Flare Blitz|p1a: Landrous
|-damage|p1a: Landrous|43/100
|-damage|p2a: Marowak|84/100|[from] item: Rocky Helmet|[of] p1a: Landrous
|
|-weather|Sandstorm|[upkeep]
|-damage|p2a: Marowak|78/100|[from] Sandstorm
|upkeep
|turn|14
|
|t:|1595750582
|move|p2a: Marowak|Flare Blitz|p1a: Landrous
|-damage|p1a: Landrous|0 fnt
|-damage|p2a: Marowak|61/100|[from] item: Rocky Helmet|[of] p1a: Landrous
|faint|p1a: Landrous
|
|-weather|Sandstorm|[upkeep]
|-damage|p2a: Marowak|55/100|[from] Sandstorm
|upkeep
|
|t:|1595750586
|switch|p1a: Excadrill|Excadrill, F|87/100
|-damage|p1a: Excadrill|84/100|[from] Stealth Rock
|turn|15
|
|t:|1595750595
|switch|p2a: Hippowdon|Hippowdon, M|59/100
|move|p1a: Excadrill|Swords Dance|p1a: Excadrill
|-boost|p1a: Excadrill|atk|2
|
|-weather|Sandstorm|[upkeep]
|-heal|p2a: Hippowdon|65/100|[from] item: Leftovers
|upkeep
|turn|16
|
|t:|1595750599
|move|p1a: Excadrill|Earthquake|p2a: Hippowdon
|-damage|p2a: Hippowdon|0 fnt
|-damage|p1a: Excadrill|74/100|[from] item: Life Orb
|faint|p2a: Hippowdon
|
|-weather|Sandstorm|[upkeep]
|upkeep
|
|t:|1595750605
|switch|p2a: Ray Cism|Mandibuzz, F|100/100
|turn|17
|
|t:|1595750625
|move|p1a: Excadrill|Rock Slide|p2a: Ray Cism
|-supereffective|p2a: Ray Cism
|-damage|p2a: Ray Cism|9/100
|-damage|p1a: Excadrill|64/100|[from] item: Life Orb
|cant|p2a: Ray Cism|flinch
|
|-weather|none
|upkeep
|turn|18
|
|t:|1595750632
|move|p1a: Excadrill|Iron Head|p2a: Ray Cism
|-damage|p2a: Ray Cism|0 fnt
|-damage|p1a: Excadrill|55/100|[from] item: Life Orb
|faint|p2a: Ray Cism
|
|upkeep
|
|t:|1595750635
|switch|p2a: bruh moment #3|Dragapult, M|76/100
|turn|19
|
|t:|1595750638
|move|p2a: bruh moment #3|Dragon Darts|p1a: Excadrill
|-resisted|p1a: Excadrill
|-damage|p1a: Excadrill|25/100
|-anim|p2a: bruh moment #3|Dragon Darts|p1a: Excadrill
|-resisted|p1a: Excadrill
|-damage|p1a: Excadrill|0 fnt
|faint|p1a: Excadrill
|
|upkeep
|
|t:|1595750644
|switch|p1a: Mandibuzz|Mandibuzz, F|100/100
|turn|20
|
|t:|1595750647
|switch|p2a: Clefable|Clefable, M|100/100
|move|p1a: Mandibuzz|U-turn|p2a: Clefable
|-resisted|p2a: Clefable
|-damage|p2a: Clefable|95/100
|
|t:|1595750650
|switch|p1a: Volcarona|Volcarona, M|100/100|[from]move: U-turn
|
|-heal|p2a: Clefable|100/100|[from] item: Leftovers
|upkeep
|turn|21
|
|t:|1595750654
|move|p1a: Volcarona|Quiver Dance|p1a: Volcarona
|-boost|p1a: Volcarona|spa|1
|-boost|p1a: Volcarona|spd|1
|-boost|p1a: Volcarona|spe|1
|move|p2a: Clefable|Teleport|p2a: Clefable
|
|t:|1595750657
|switch|p2a: Marowak|Marowak-Alola, M|55/100|[from]move: Teleport
|
|upkeep
|turn|22
|
|t:|1595750660
|move|p1a: Volcarona|Psychic|p2a: Marowak
|-damage|p2a: Marowak|0 fnt
|faint|p2a: Marowak
|
|upkeep
|
|t:|1595750663
|switch|p2a: bruh moment #3|Dragapult, M|76/100
|turn|23
|
|t:|1595750673
|move|p1a: Volcarona|Fiery Dance|p2a: bruh moment #3
|-resisted|p2a: bruh moment #3
|-damage|p2a: bruh moment #3|40/100
|move|p2a: bruh moment #3|Dragon Darts|p1a: Volcarona
|-damage|p1a: Volcarona|64/100
|-anim|p2a: bruh moment #3|Dragon Darts|p1a: Volcarona
|-damage|p1a: Volcarona|27/100
|
|upkeep
|turn|24
|
|t:|1595750677
|move|p1a: Volcarona|Psychic|p2a: bruh moment #3
|-crit|p2a: bruh moment #3
|-damage|p2a: bruh moment #3|0 fnt
|faint|p2a: bruh moment #3
|
|upkeep
|-message|Turtnator oshim forfeited.
|
|win|Shootingwolf
|l|☆Turtnator oshim
|raw|Shootingwolf's rating: 1636 &rarr; <strong>1660</strong><br />(+24 for winning)
|raw|Turtnator oshim's rating: 1722 &rarr; <strong>1697</strong><br />(-25 for losing)
