|html|<div class="broadcast-blue"><strong>[Gen 8] OU is currently suspecting Spectrier! For information on how to participate check out the <a href="https://www.smogon.com/forums/threads/np-ss-ou-suspect-process-round-9-old-town-road.3676744/">suspect thread</a>.</strong></div>
|j|☆Kazt_5
|j|☆get flanked
|inactive|Battle timer is ON: inactive players will automatically lose when time's up.
|t:|1611483113
|player|p1|Kazt_5|dawn|
|player|p2|get flanked|roughneck-gen4|
|teamsize|p1|6
|teamsize|p2|6
|gametype|singles
|gen|8
|tier|[Gen 8] OU
|rated|Tournament battle
|clearpoke
|poke|p1|Tapu Fini|
|poke|p1|Excadrill, F|
|poke|p1|Moltres|
|poke|p1|Tyranitar, F|
|poke|p1|Magearna|
|poke|p1|Landorus-Therian, M|
|poke|p2|Crawdaunt, M|
|poke|p2|Cinderace, F|
|poke|p2|Clefable, M|
|poke|p2|Ferrothorn, M|
|poke|p2|Garchomp, F|
|poke|p2|Mandibuzz, F|
|rule|Sleep Clause Mod: Limit one foe put to sleep
|rule|Species Clause: Limit one of each Pokémon
|rule|OHKO Clause: OHKO moves are banned
|rule|Evasion Moves Clause: Evasion moves are banned
|rule|Endless Battle Clause: Forcing endless battles is banned
|rule|HP Percentage Mod: HP is shown in percentages
|rule|Dynamax Clause: You cannot dynamax
|teampreview
|j| Alexmercer10
|j| Luckpup
|c|☆Kazt_5|that crawdaunt have me nervous
|j| Sans Sans Sans
|c|☆get flanked|it should
|c| Sans Sans Sans|yep
|c|☆get flanked|hf
|j|@gomikyu
|inactive|Kazt_5 has 120 seconds left.
|inactive|get flanked has 120 seconds left.
|j| sidkurfr
|c|☆Kazt_5|hf!
|
|t:|1611483169
|start
|switch|p1a: Moltres|Moltres|100/100
|switch|p2a: Ferrothorn|Ferrothorn, M|100/100
|turn|1
|c| sidkurfr|Glhf
|
|t:|1611483177
|switch|p2a: Garchomp|Garchomp, F|100/100
|move|p1a: Moltres|Mystical Fire|p2a: Garchomp
|-resisted|p2a: Garchomp
|-crit|p2a: Garchomp
|-damage|p2a: Garchomp|79/100
|-unboost|p2a: Garchomp|spa|1
|
|upkeep
|turn|2
|
|t:|1611483182
|switch|p1a: Landorus|Landorus-Therian, M|100/100
|-ability|p1a: Landorus|Intimidate|boost
|-unboost|p2a: Garchomp|atk|1
|move|p2a: Garchomp|Stealth Rock|p1a: Landorus
|-sidestart|p1: Kazt_5|move: Stealth Rock
|
|upkeep
|turn|3
|j| ChrisUchiha
|
|t:|1611483199
|switch|p2a: Mandibuzz|Mandibuzz, F|100/100
|move|p1a: Landorus|Knock Off|p2a: Mandibuzz
|-resisted|p2a: Mandibuzz
|-damage|p2a: Mandibuzz|88/100
|-enditem|p2a: Mandibuzz|Heavy-Duty Boots|[from] move: Knock Off|[of] p1a: Landorus
|
|upkeep
|turn|4
|
|t:|1611483223
|switch|p1a: Tyranitar|Tyranitar, F|100/100
|-damage|p1a: Tyranitar|88/100|[from] Stealth Rock
|-weather|Sandstorm|[from] ability: Sand Stream|[of] p1a: Tyranitar
|switch|p2a: Ferrothorn|Ferrothorn, M|100/100
|
|-weather|Sandstorm|[upkeep]
|upkeep
|turn|5
|j| Mel0nL0rd
|inactive|get flanked has 120 seconds left.
|
|t:|1611483250
|switch|p2a: Crawdaunt|Crawdaunt, M|100/100
|move|p1a: Tyranitar|Stealth Rock|p2a: Crawdaunt
|-sidestart|p2: get flanked|move: Stealth Rock
|
|-weather|Sandstorm|[upkeep]
|-damage|p2a: Crawdaunt|95/100|[from] Sandstorm
|upkeep
|turn|6
|l|@gomikyu
|inactive|get flanked has 90 seconds left.
|j| egalvanc
|
|t:|1611483297
|switch|p1a: Tapu Fini|Tapu Fini|100/100
|-damage|p1a: Tapu Fini|88/100|[from] Stealth Rock
|-fieldstart|move: Misty Terrain|[from] ability: Misty Surge|[of] p1a: Tapu Fini
|move|p2a: Crawdaunt|Crabhammer|p1a: Tapu Fini
|-resisted|p1a: Tapu Fini
|-damage|p1a: Tapu Fini|57/100
|-damage|p2a: Crawdaunt|85/100|[from] item: Life Orb
|
|-weather|Sandstorm|[upkeep]
|-damage|p1a: Tapu Fini|51/100|[from] Sandstorm
|-damage|p2a: Crawdaunt|79/100|[from] Sandstorm
|-heal|p1a: Tapu Fini|57/100|[from] item: Leftovers
|upkeep
|turn|7
|
|t:|1611483309
|switch|p2a: Ferrothorn|Ferrothorn, M|100/100
|-damage|p2a: Ferrothorn|94/100|[from] Stealth Rock
|move|p1a: Tapu Fini|Taunt|p2a: Ferrothorn
|-start|p2a: Ferrothorn|move: Taunt
|
|-weather|Sandstorm|[upkeep]
|-damage|p1a: Tapu Fini|51/100|[from] Sandstorm
|-heal|p1a: Tapu Fini|57/100|[from] item: Leftovers
|-heal|p2a: Ferrothorn|100/100|[from] item: Leftovers
|upkeep
|turn|8
|inactive|get flanked has 90 seconds left.
|j| d18l
|
|t:|1611483337
|switch|p1a: Excadrill|Excadrill, F|100/100
|-damage|p1a: Excadrill|97/100|[from] Stealth Rock
|switch|p2a: Crawdaunt|Crawdaunt, M|79/100
|-damage|p2a: Crawdaunt|66/100|[from] Stealth Rock
|
|-weather|Sandstorm|[upkeep]
|-damage|p2a: Crawdaunt|60/100|[from] Sandstorm
|upkeep
|turn|9
|inactive|get flanked has 90 seconds left.
|
|t:|1611483358
|move|p1a: Excadrill|Earthquake|p2a: Crawdaunt
|-damage|p2a: Crawdaunt|0 fnt
|-damage|p1a: Excadrill|87/100|[from] item: Life Orb
|faint|p2a: Crawdaunt
|
|-weather|Sandstorm|[upkeep]
|upkeep
|c|☆Kazt_5|yes
|
|t:|1611483374
|switch|p2a: Ferrothorn|Ferrothorn, M|100/100
|-damage|p2a: Ferrothorn|94/100|[from] Stealth Rock
|turn|10
|j| lolo1306
|inactive|get flanked has 60 seconds left.
|c| Sans Sans Sans|interesting match
|inactive|get flanked has 30 seconds left.
|
|t:|1611483427
|switch|p2a: Garchomp|Garchomp, F|79/100
|-damage|p2a: Garchomp|73/100|[from] Stealth Rock
|move|p1a: Excadrill|Swords Dance|p1a: Excadrill
|-boost|p1a: Excadrill|atk|2
|
|-weather|Sandstorm|[upkeep]
|-fieldend|Misty Terrain
|upkeep
|turn|11
|
|t:|1611483433
|move|p2a: Garchomp|Endure|p2a: Garchomp
|-singleturn|p2a: Garchomp|move: Endure
|move|p1a: Excadrill|Earthquake|p2a: Garchomp
|-activate|p2a: Garchomp|move: Endure
|-damage|p2a: Garchomp|1/100
|-damage|p1a: Excadrill|78/100|[from] item: Life Orb
|
|-weather|none
|upkeep
|turn|12
|c|☆get flanked|shit i misclicked
|l| sidkurfr
|c|☆Kazt_5|it worked well
|
|t:|1611483455
|switch|p1a: Tapu Fini|Tapu Fini|57/100
|-damage|p1a: Tapu Fini|44/100|[from] Stealth Rock
|-fieldstart|move: Misty Terrain|[from] ability: Misty Surge|[of] p1a: Tapu Fini
|move|p2a: Garchomp|Earthquake|p1a: Tapu Fini
|-damage|p1a: Tapu Fini|14/100
|
|-heal|p1a: Tapu Fini|20/100|[from] item: Leftovers
|upkeep
|turn|13
|j| GASSY GAINER
|l| GASSY GAINER
|
|t:|1611483461
|move|p2a: Garchomp|Earthquake|p1a: Tapu Fini
|-damage|p1a: Tapu Fini|0 fnt
|faint|p1a: Tapu Fini
|
|upkeep
|
|t:|1611483467
|switch|p1a: Landorus|Landorus-Therian, M|100/100
|-damage|p1a: Landorus|88/100|[from] Stealth Rock
|-ability|p1a: Landorus|Intimidate|boost
|-unboost|p2a: Garchomp|atk|1
|turn|14
|
|t:|1611483472
|move|p1a: Landorus|U-turn|p2a: Garchomp
|-damage|p2a: Garchomp|0 fnt
|-damage|p1a: Landorus|76/100|[from] ability: Rough Skin|[of] p2a: Garchomp
|-damage|p1a: Landorus|59/100|[from] item: Rocky Helmet|[of] p2a: Garchomp
|faint|p2a: Garchomp
|
|t:|1611483479
|switch|p1a: Moltres|Moltres|100/100|[from]move: U-turn
|
|upkeep
|
|t:|1611483487
|switch|p2a: Cinderace|Cinderace, F|100/100
|turn|15
|
|t:|1611483490
|move|p2a: Cinderace|Gunk Shot|p1a: Moltres
|-start|p2a: Cinderace|typechange|Poison|[from] ability: Libero
|-damage|p1a: Moltres|44/100
|move|p1a: Moltres|Scorching Sands|p2a: Cinderace
|-supereffective|p2a: Cinderace
|-damage|p2a: Cinderace|41/100
|
|upkeep
|turn|16
|l| Sans Sans Sans
|
|t:|1611483506
|switch|p1a: Landorus|Landorus-Therian, M|59/100
|-damage|p1a: Landorus|47/100|[from] Stealth Rock
|-ability|p1a: Landorus|Intimidate|boost
|-unboost|p2a: Cinderace|atk|1
|move|p2a: Cinderace|Gunk Shot|p1a: Landorus
|-resisted|p1a: Landorus
|-damage|p1a: Landorus|26/100
|-status|p1a: Landorus|psn
|
|-damage|p1a: Landorus|14/100 psn|[from] psn
|-fieldend|Misty Terrain
|upkeep
|turn|17
|
|t:|1611483523
|switch|p2a: Clefable|Clefable, M|100/100
|move|p1a: Landorus|Knock Off|p2a: Clefable
|-resisted|p2a: Clefable
|-damage|p2a: Clefable|85/100
|-enditem|p2a: Clefable|Leftovers|[from] move: Knock Off|[of] p1a: Landorus
|
|-damage|p1a: Landorus|1/100 psn|[from] psn
|upkeep
|turn|18
|j| Sans Sans Sans
|
|t:|1611483529
|move|p1a: Landorus|Knock Off|p2a: Clefable
|-resisted|p2a: Clefable
|-damage|p2a: Clefable|74/100
|move|p2a: Clefable|Teleport|p2a: Clefable
|
|t:|1611483534
|switch|p2a: Cinderace|Cinderace, F|41/100|[from]move: Teleport
|
|-damage|p1a: Landorus|0 fnt|[from] psn
|faint|p1a: Landorus
|upkeep
|
|t:|1611483542
|switch|p1a: Tyranitar|Tyranitar, F|88/100
|-damage|p1a: Tyranitar|76/100|[from] Stealth Rock
|-weather|Sandstorm|[from] ability: Sand Stream|[of] p1a: Tyranitar
|turn|19
|inactive|get flanked has 90 seconds left.
|l| egalvanc
|
|t:|1611483558
|switch|p1a: Moltres|Moltres|44/100
|move|p2a: Cinderace|U-turn|p1a: Moltres
|-start|p2a: Cinderace|typechange|Bug|[from] ability: Libero
|-resisted|p1a: Moltres
|-damage|p1a: Moltres|35/100
|
|t:|1611483562
|switch|p2a: Clefable|Clefable, M|74/100|[from]move: U-turn
|
|-weather|Sandstorm|[upkeep]
|-damage|p1a: Moltres|29/100|[from] Sandstorm
|upkeep
|turn|20
|
|t:|1611483571
|move|p1a: Moltres|Roost|p1a: Moltres
|-heal|p1a: Moltres|79/100
|-singleturn|p1a: Moltres|move: Roost
|move|p2a: Clefable|Wish|p2a: Clefable
|
|-weather|Sandstorm|[upkeep]
|-damage|p1a: Moltres|73/100|[from] Sandstorm
|upkeep
|turn|21
|
|t:|1611483577
|move|p1a: Moltres|Roost|p1a: Moltres
|-heal|p1a: Moltres|100/100
|-singleturn|p1a: Moltres|move: Roost
|move|p2a: Clefable|Teleport|p2a: Clefable
|
|t:|1611483579
|switch|p2a: Cinderace|Cinderace, F|41/100|[from]move: Teleport
|
|-weather|Sandstorm|[upkeep]
|-damage|p2a: Cinderace|35/100|[from] Sandstorm
|-damage|p1a: Moltres|94/100|[from] Sandstorm
|-heal|p2a: Cinderace|99/100|[from] move: Wish|[wisher] Clefable
|upkeep
|turn|22
|
|t:|1611483582
|move|p2a: Cinderace|Gunk Shot|p1a: Moltres
|-start|p2a: Cinderace|typechange|Poison|[from] ability: Libero
|-damage|p1a: Moltres|40/100
|move|p1a: Moltres|Scorching Sands|p2a: Cinderace
|-supereffective|p2a: Cinderace
|-damage|p2a: Cinderace|43/100
|-status|p2a: Cinderace|brn
|
|-weather|Sandstorm|[upkeep]
|-damage|p2a: Cinderace|37/100 brn|[from] Sandstorm
|-damage|p1a: Moltres|34/100|[from] Sandstorm
|-damage|p2a: Cinderace|31/100 brn|[from] brn
|upkeep
|turn|23
|
|t:|1611483589
|move|p2a: Cinderace|Gunk Shot|p1a: Moltres
|-damage|p1a: Moltres|5/100
|-status|p1a: Moltres|psn
|move|p1a: Moltres|Roost|p1a: Moltres
|-heal|p1a: Moltres|56/100 psn
|-singleturn|p1a: Moltres|move: Roost
|
|-weather|Sandstorm|[upkeep]
|-damage|p2a: Cinderace|25/100 brn|[from] Sandstorm
|-damage|p1a: Moltres|50/100 psn|[from] Sandstorm
|-damage|p2a: Cinderace|19/100 brn|[from] brn
|-damage|p1a: Moltres|37/100 psn|[from] psn
|upkeep
|turn|24
|
|t:|1611483596
|switch|p2a: Clefable|Clefable, M|74/100
|move|p1a: Moltres|Roost|p1a: Moltres
|-heal|p1a: Moltres|87/100 psn
|-singleturn|p1a: Moltres|move: Roost
|
|-weather|Sandstorm|[upkeep]
|-damage|p1a: Moltres|81/100 psn|[from] Sandstorm
|-damage|p1a: Moltres|69/100 psn|[from] psn
|upkeep
|turn|25
|
|t:|1611483602
|move|p1a: Moltres|Roost|p1a: Moltres
|-heal|p1a: Moltres|100/100 psn
|-singleturn|p1a: Moltres|move: Roost
|move|p2a: Clefable|Wish|p2a: Clefable
|
|-weather|Sandstorm|[upkeep]
|-damage|p1a: Moltres|94/100 psn|[from] Sandstorm
|-damage|p1a: Moltres|82/100 psn|[from] psn
|upkeep
|turn|26
|
|t:|1611483621
|move|p1a: Moltres|Scorching Sands|p2a: Clefable
|-damage|p2a: Clefable|59/100
|move|p2a: Clefable|Moonblast|p1a: Moltres
|-resisted|p1a: Moltres
|-damage|p1a: Moltres|70/100 psn
|
|-weather|none
|-heal|p2a: Clefable|100/100|[from] move: Wish|[wisher] Clefable
|-damage|p1a: Moltres|58/100 psn|[from] psn
|upkeep
|turn|27
|
|t:|1611483625
|move|p1a: Moltres|Roost|p1a: Moltres
|-heal|p1a: Moltres|100/100 psn
|-singleturn|p1a: Moltres|move: Roost
|move|p2a: Clefable|Moonblast|p1a: Moltres
|-resisted|p1a: Moltres
|-damage|p1a: Moltres|90/100 psn
|-unboost|p1a: Moltres|spa|1
|
|-damage|p1a: Moltres|78/100 psn|[from] psn
|upkeep
|turn|28
|
|t:|1611483630
|switch|p1a: Magearna|Magearna|100/100
|-damage|p1a: Magearna|95/100|[from] Stealth Rock
|move|p2a: Clefable|Moonblast|p1a: Magearna
|-resisted|p1a: Magearna
|-damage|p1a: Magearna|78/100
|
|upkeep
|turn|29
|
|t:|1611483633
|move|p2a: Clefable|Protect|p2a: Clefable
|-singleturn|p2a: Clefable|Protect
|move|p1a: Magearna|Trick|p2a: Clefable
|-activate|p2a: Clefable|move: Protect
|
|upkeep
|turn|30
|
|t:|1611483641
|switch|p2a: Cinderace|Cinderace, F|19/100 brn
|move|p1a: Magearna|Trick|p2a: Cinderace
|-activate|p1a: Magearna|move: Trick|[of] p2a: Cinderace
|-item|p2a: Cinderace|Choice Specs|[from] move: Trick
|-item|p1a: Magearna|Heavy-Duty Boots|[from] move: Trick
|
|-damage|p2a: Cinderace|13/100 brn|[from] brn
|upkeep
|turn|31
|
|t:|1611483663
|switch|p1a: Moltres|Moltres|78/100 psn
|move|p2a: Cinderace|Gunk Shot|p1a: Moltres
|-start|p2a: Cinderace|typechange|Poison|[from] ability: Libero
|-damage|p1a: Moltres|48/100 psn
|
|-damage|p2a: Cinderace|7/100 brn|[from] brn
|-damage|p1a: Moltres|35/100 psn|[from] psn
|upkeep
|turn|32
|
|t:|1611483667
|switch|p1a: Tyranitar|Tyranitar, F|76/100
|-damage|p1a: Tyranitar|63/100|[from] Stealth Rock
|-weather|Sandstorm|[from] ability: Sand Stream|[of] p1a: Tyranitar
|move|p2a: Cinderace|Gunk Shot|p1a: Tyranitar
|-resisted|p1a: Tyranitar
|-damage|p1a: Tyranitar|52/100
|-status|p1a: Tyranitar|psn
|
|-weather|Sandstorm|[upkeep]
|-damage|p2a: Cinderace|1/100 brn|[from] Sandstorm
|-damage|p2a: Cinderace|0 fnt|[from] brn
|faint|p2a: Cinderace
|-damage|p1a: Tyranitar|40/100 psn|[from] psn
|upkeep
|c| Sans Sans Sans|cindereace specs op
|
|t:|1611483675
|switch|p2a: Ferrothorn|Ferrothorn, M|94/100
|-damage|p2a: Ferrothorn|88/100|[from] Stealth Rock
|turn|33
|
|t:|1611483687
|move|p1a: Tyranitar|Ice Beam|p2a: Ferrothorn
|-damage|p2a: Ferrothorn|73/100
|move|p2a: Ferrothorn|Knock Off|p1a: Tyranitar
|-resisted|p1a: Tyranitar
|-damage|p1a: Tyranitar|31/100 psn
|-enditem|p1a: Tyranitar|Smooth Rock|[from] move: Knock Off|[of] p2a: Ferrothorn
|
|-weather|Sandstorm|[upkeep]
|-heal|p2a: Ferrothorn|79/100|[from] item: Leftovers
|-damage|p1a: Tyranitar|19/100 psn|[from] psn
|upkeep
|turn|34
|
|t:|1611483691
|move|p1a: Tyranitar|Crunch|p2a: Ferrothorn
|-damage|p2a: Ferrothorn|52/100
|-damage|p1a: Tyranitar|6/100 psn|[from] ability: Iron Barbs|[of] p2a: Ferrothorn
|move|p2a: Ferrothorn|Spikes|p1a: Tyranitar
|-sidestart|p1: Kazt_5|Spikes
|
|-weather|Sandstorm|[upkeep]
|-heal|p2a: Ferrothorn|58/100|[from] item: Leftovers
|-damage|p1a: Tyranitar|0 fnt|[from] psn
|faint|p1a: Tyranitar
|upkeep
|
|t:|1611483697
|switch|p1a: Moltres|Moltres|35/100 psn
|turn|35
|
|t:|1611483704
|switch|p2a: Clefable|Clefable, M|100/100
|move|p1a: Moltres|Mystical Fire|p2a: Clefable
|-damage|p2a: Clefable|77/100
|-unboost|p2a: Clefable|spa|1
|
|-weather|Sandstorm|[upkeep]
|-damage|p1a: Moltres|29/100 psn|[from] Sandstorm
|-damage|p1a: Moltres|17/100 psn|[from] psn
|upkeep
|turn|36
|
|t:|1611483710
|move|p1a: Moltres|Roost|p1a: Moltres
|-heal|p1a: Moltres|67/100 psn
|-singleturn|p1a: Moltres|move: Roost
|move|p2a: Clefable|Wish|p2a: Clefable
|
|-weather|Sandstorm|[upkeep]
|-damage|p1a: Moltres|61/100 psn|[from] Sandstorm
|-damage|p1a: Moltres|49/100 psn|[from] psn
|upkeep
|turn|37
|
|t:|1611483713
|move|p1a: Moltres|Roost|p1a: Moltres
|-heal|p1a: Moltres|99/100 psn
|-singleturn|p1a: Moltres|move: Roost
|move|p2a: Clefable|Teleport|p2a: Clefable
|
|t:|1611483714
|switch|p2a: Ferrothorn|Ferrothorn, M|58/100|[from]move: Teleport
|-damage|p2a: Ferrothorn|52/100|[from] Stealth Rock
|
|-weather|Sandstorm|[upkeep]
|-damage|p1a: Moltres|93/100 psn|[from] Sandstorm
|-heal|p2a: Ferrothorn|100/100|[from] move: Wish|[wisher] Clefable
|-damage|p1a: Moltres|81/100 psn|[from] psn
|upkeep
|turn|38
|
|t:|1611483719
|switch|p1a: Excadrill|Excadrill, F|78/100
|-damage|p1a: Excadrill|65/100|[from] Spikes
|-damage|p1a: Excadrill|62/100|[from] Stealth Rock
|switch|p2a: Clefable|Clefable, M|77/100
|
|-weather|Sandstorm|[upkeep]
|upkeep
|turn|39
|
|t:|1611483726
|switch|p2a: Mandibuzz|Mandibuzz, F|88/100
|-damage|p2a: Mandibuzz|63/100|[from] Stealth Rock
|move|p1a: Excadrill|Swords Dance|p1a: Excadrill
|-boost|p1a: Excadrill|atk|2
|
|-weather|none
|upkeep
|turn|40
|
|t:|1611483728
|move|p1a: Excadrill|Rock Slide|p2a: Mandibuzz
|-supereffective|p2a: Mandibuzz
|-damage|p2a: Mandibuzz|0 fnt
|-damage|p1a: Excadrill|52/100|[from] item: Life Orb
|faint|p2a: Mandibuzz
|
|upkeep
|
|t:|1611483730
|switch|p2a: Ferrothorn|Ferrothorn, M|100/100
|-damage|p2a: Ferrothorn|94/100|[from] Stealth Rock
|turn|41
|
|t:|1611483732
|move|p1a: Excadrill|Earthquake|p2a: Ferrothorn
|-crit|p2a: Ferrothorn
|-damage|p2a: Ferrothorn|0 fnt
|-damage|p1a: Excadrill|42/100|[from] item: Life Orb
|faint|p2a: Ferrothorn
|
|upkeep
|-message|get flanked forfeited.
|
|win|Kazt_5
|n|☆Kazt_5|kazt5
|n|☆get flanked|getflanked
|n| Alexmercer10|alexmercer10
|n| Luckpup|luckpup
|n| ChrisUchiha|chrisuchiha
|n| Mel0nL0rd|mel0nl0rd
|n| d18l|d18l
|n| lolo1306|lolo1306
|n| Sans Sans Sans|sanssanssans
