|j|☆sadnessnsuch
|j|☆cump10
|t:|1662152206
|gametype|singles
|player|p1|sadnessnsuch|169|1294
|player|p2|cump10|266|1303
|teamsize|p1|6
|teamsize|p2|6
|gen|8
|tier|[Gen 8] OU
|rated|
|rule|Sleep Clause Mod: Limit one foe put to sleep
|rule|Species Clause: Limit one of each Pokémon
|rule|OHKO Clause: OHKO moves are banned
|rule|Evasion Items Clause: Evasion items are banned
|rule|Evasion Moves Clause: Evasion moves are banned
|rule|Endless Battle Clause: Forcing endless battles is banned
|rule|HP Percentage Mod: HP is shown in percentages
|rule|Dynamax Clause: You cannot dynamax
|clearpoke
|poke|p1|Landorus-Therian, M|
|poke|p1|Zeraora|
|poke|p1|Volcanion|
|poke|p1|Tyranitar, F|
|poke|p1|Tapu Lele|
|poke|p1|Salamence, F|
|poke|p2|Swampert, M|
|poke|p2|Mandibuzz, F|
|poke|p2|Rillaboom, M|
|poke|p2|Magnezone|
|poke|p2|Tapu Lele|
|poke|p2|Dragapult, F|
|teampreview
|j| Mean80
|
|t:|1662152227
|start
|switch|p1a: Salamence|Salamence, F|100/100
|switch|p2a: Dragapult|Dragapult, F, shiny|100/100
|-ability|p1a: Salamence|Intimidate|boost
|-fail|p2a: Dragapult|unboost|[from] ability: Clear Body|[of] p2a: Dragapult
|turn|1
|
|t:|1662152238
|switch|p1a: Landorus|Landorus-Therian, M|100/100
|-ability|p1a: Landorus|Intimidate|boost
|-fail|p2a: Dragapult|unboost|[from] ability: Clear Body|[of] p2a: Dragapult
|move|p2a: Dragapult|Dragon Darts|p1a: Landorus
|-damage|p1a: Landorus|70/100
|-anim|p2a: Dragapult|Dragon Darts|p1a: Landorus
|-damage|p1a: Landorus|40/100
|
|-heal|p1a: Landorus|46/100|[from] item: Leftovers
|upkeep
|turn|2
|
|t:|1662152250
|switch|p1a: Tapu Lele|Tapu Lele|100/100
|-fieldstart|move: Psychic Terrain|[from] ability: Psychic Surge|[of] p1a: Tapu Lele
|move|p2a: Dragapult|Dragon Darts|p1a: Tapu Lele
|-immune|p1a: Tapu Lele
|
|upkeep
|turn|3
|
|t:|1662152260
|switch|p2a: Magnezone|Magnezone, shiny|100/100
|-item|p2a: Magnezone|Air Balloon
|move|p1a: Tapu Lele|Moonblast|p2a: Magnezone
|-resisted|p2a: Magnezone
|-damage|p2a: Magnezone|74/100
|-enditem|p2a: Magnezone|Air Balloon
|
|upkeep
|turn|4
|
|t:|1662152270
|switch|p1a: Zeraora|Zeraora|100/100
|switch|p2a: Dragapult|Dragapult, F, shiny|100/100
|
|upkeep
|turn|5
|
|t:|1662152279
|switch|p2a: Swampert|Swampert, M|100/100
|move|p1a: Zeraora|Knock Off|p2a: Swampert
|-damage|p2a: Swampert|64/100
|-enditem|p2a: Swampert|Leftovers|[from] move: Knock Off|[of] p1a: Zeraora
|-damage|p1a: Zeraora|91/100|[from] item: Life Orb
|
|upkeep
|turn|6
|
|t:|1662152321
|switch|p1a: Landorus|Landorus-Therian, M|46/100
|-ability|p1a: Landorus|Intimidate|boost
|-unboost|p2a: Swampert|atk|1
|move|p2a: Swampert|Stealth Rock|p1a: Landorus
|-sidestart|p1: sadnessnsuch|move: Stealth Rock
|
|-heal|p1a: Landorus|52/100|[from] item: Leftovers
|-fieldend|move: Psychic Terrain
|upkeep
|turn|7
|
|t:|1662152346
|switch|p1a: Salamence|Salamence, F|100/100
|-damage|p1a: Salamence|76/100|[from] Stealth Rock
|-ability|p1a: Salamence|Intimidate|boost
|-unboost|p2a: Swampert|atk|1
|move|p2a: Swampert|Flip Turn|p1a: Salamence
|-resisted|p1a: Salamence
|-damage|p1a: Salamence|68/100
|
|t:|1662152352
|switch|p2a: Dragapult|Dragapult, F, shiny|100/100|[from]move: Flip Turn
|
|upkeep
|turn|8
|
|t:|1662152370
|switch|p1a: Tyranitar|Tyranitar, F|100/100
|-weather|Sandstorm|[from] ability: Sand Stream|[of] p1a: Tyranitar
|move|p2a: Dragapult|U-turn|p1a: Tyranitar
|-supereffective|p1a: Tyranitar
|-damage|p1a: Tyranitar|42/100
|
|t:|1662152374
|switch|p2a: Rillaboom|Rillaboom, M|100/100|[from]move: U-turn
|-fieldstart|move: Grassy Terrain|[from] ability: Grassy Surge|[of] p2a: Rillaboom
|
|-weather|Sandstorm|[upkeep]
|-damage|p2a: Rillaboom|94/100|[from] Sandstorm
|-heal|p2a: Rillaboom|100/100|[from] Grassy Terrain
|-heal|p1a: Tyranitar|48/100|[from] Grassy Terrain
|upkeep
|turn|9
|c| Mean80|ooooo
|
|t:|1662152385
|switch|p1a: Tapu Lele|Tapu Lele|100/100
|-damage|p1a: Tapu Lele|88/100|[from] Stealth Rock
|-fieldstart|move: Psychic Terrain|[from] ability: Psychic Surge|[of] p1a: Tapu Lele
|move|p2a: Rillaboom|U-turn|p1a: Tapu Lele
|-damage|p1a: Tapu Lele|24/100
|
|t:|1662152401
|switch|p2a: Magnezone|Magnezone, shiny|74/100|[from]move: U-turn
|
|-weather|Sandstorm|[upkeep]
|-damage|p1a: Tapu Lele|18/100|[from] Sandstorm
|upkeep
|turn|10
|
|t:|1662152409
|switch|p2a: Dragapult|Dragapult, F, shiny|100/100
|move|p1a: Tapu Lele|Focus Blast|p2a: Dragapult
|-immune|p2a: Dragapult
|
|-weather|Sandstorm|[upkeep]
|-damage|p1a: Tapu Lele|12/100|[from] Sandstorm
|-damage|p2a: Dragapult|95/100|[from] Sandstorm
|upkeep
|turn|11
|c| Mean80|dismantled
|
|t:|1662152426
|switch|p1a: Tyranitar|Tyranitar, F|48/100
|move|p2a: Dragapult|U-turn|p1a: Tyranitar
|-supereffective|p1a: Tyranitar
|-damage|p1a: Tyranitar|0 fnt
|faint|p1a: Tyranitar
|
|t:|1662152438
|switch|p2a: Swampert|Swampert, M|64/100|[from]move: U-turn
|
|-weather|Sandstorm|[upkeep]
|upkeep
|
|t:|1662152458
|switch|p1a: Volcanion|Volcanion|100/100
|-damage|p1a: Volcanion|76/100|[from] Stealth Rock
|turn|12
|
|t:|1662152470
|move|p1a: Volcanion|Steam Eruption|p2a: Swampert
|-damage|p2a: Swampert|25/100
|move|p2a: Swampert|High Horsepower|p1a: Volcanion
|-supereffective|p1a: Volcanion
|-damage|p1a: Volcanion|21/100
|
|-weather|none
|upkeep
|turn|13
|
|t:|1662152505
|move|p1a: Volcanion|Steam Eruption|p2a: Swampert
|-damage|p2a: Swampert|0 fnt
|faint|p2a: Swampert
|
|-fieldend|move: Psychic Terrain
|upkeep
|
|t:|1662152517
|switch|p2a: Rillaboom|Rillaboom, M|100/100
|-fieldstart|move: Grassy Terrain|[from] ability: Grassy Surge|[of] p2a: Rillaboom
|turn|14
|
|t:|1662152528
|move|p2a: Rillaboom|Grassy Glide|p1a: Volcanion
|-damage|p1a: Volcanion|0 fnt
|faint|p1a: Volcanion
|
|upkeep
|
|t:|1662152538
|switch|p1a: Salamence|Salamence, F|68/100
|-damage|p1a: Salamence|44/100|[from] Stealth Rock
|-ability|p1a: Salamence|Intimidate|boost
|-unboost|p2a: Rillaboom|atk|1
|turn|15
|
|t:|1662152560
|switch|p2a: Mandibuzz|Mandibuzz, F|100/100
|move|p1a: Salamence|Roost|p1a: Salamence
|-heal|p1a: Salamence|94/100
|-singleturn|p1a: Salamence|move: Roost
|
|-heal|p1a: Salamence|99/100|[from] Grassy Terrain
|upkeep
|turn|16
|
|t:|1662152569
|move|p1a: Salamence|Draco Meteor|p2a: Mandibuzz
|-damage|p2a: Mandibuzz|32/100
|-unboost|p1a: Salamence|spa|2
|-damage|p1a: Salamence|90/100|[from] item: Life Orb
|move|p2a: Mandibuzz|Foul Play|p1a: Salamence
|-damage|p1a: Salamence|38/100
|
|upkeep
|turn|17
|
|t:|1662152582
|switch|p2a: Tapu Lele|Tapu Lele, shiny|100/100
|-fieldstart|move: Psychic Terrain|[from] ability: Psychic Surge|[of] p2a: Tapu Lele
|move|p1a: Salamence|Draco Meteor|p2a: Tapu Lele
|-immune|p2a: Tapu Lele
|
|upkeep
|turn|18
|
|t:|1662152609
|move|p1a: Salamence|Earthquake|p2a: Tapu Lele
|-damage|p2a: Tapu Lele|37/100
|-damage|p1a: Salamence|28/100|[from] item: Life Orb
|move|p2a: Tapu Lele|Moonblast|p1a: Salamence
|-supereffective|p1a: Salamence
|-crit|p1a: Salamence
|-damage|p1a: Salamence|0 fnt
|faint|p1a: Salamence
|
|upkeep
|
|t:|1662152620
|switch|p1a: Zeraora|Zeraora|91/100
|-damage|p1a: Zeraora|78/100|[from] Stealth Rock
|turn|19
|
|t:|1662152634
|switch|p2a: Mandibuzz|Mandibuzz, F|32/100
|move|p1a: Zeraora|Knock Off|p2a: Mandibuzz
|-resisted|p2a: Mandibuzz
|-damage|p2a: Mandibuzz|21/100
|-enditem|p2a: Mandibuzz|Heavy-Duty Boots|[from] move: Knock Off|[of] p1a: Zeraora
|-damage|p1a: Zeraora|69/100|[from] item: Life Orb
|
|upkeep
|turn|20
|
|t:|1662152643
|move|p1a: Zeraora|Volt Switch|p2a: Mandibuzz
|-supereffective|p2a: Mandibuzz
|-damage|p2a: Mandibuzz|0 fnt
|faint|p2a: Mandibuzz
|-damage|p1a: Zeraora|59/100|[from] item: Life Orb
|
|t:|1662152649
|switch|p1a: Landorus|Landorus-Therian, M|52/100|[from]move: Volt Switch
|-damage|p1a: Landorus|40/100|[from] Stealth Rock
|
|-heal|p1a: Landorus|46/100|[from] item: Leftovers
|upkeep
|c| Mean80|gg
|
|t:|1662152677
|switch|p2a: Dragapult|Dragapult, F, shiny|95/100
|turn|21
|
|t:|1662152688
|move|p2a: Dragapult|Dragon Darts|p1a: Landorus
|-damage|p1a: Landorus|18/100
|-anim|p2a: Dragapult|Dragon Darts|p1a: Landorus
|-damage|p1a: Landorus|0 fnt
|faint|p1a: Landorus
|
|-fieldend|move: Psychic Terrain
|upkeep
|
|t:|1662152695
|switch|p1a: Zeraora|Zeraora|59/100
|-damage|p1a: Zeraora|47/100|[from] Stealth Rock
|turn|22
|
|t:|1662152700
|move|p1a: Zeraora|Knock Off|p2a: Dragapult
|-supereffective|p2a: Dragapult
|-damage|p2a: Dragapult|0 fnt
|-enditem|p2a: Dragapult|Choice Band|[from] move: Knock Off|[of] p1a: Zeraora
|faint|p2a: Dragapult
|-damage|p1a: Zeraora|37/100|[from] item: Life Orb
|
|upkeep
|
|t:|1662152703
|switch|p2a: Rillaboom|Rillaboom, M|100/100
|-fieldstart|move: Grassy Terrain|[from] ability: Grassy Surge|[of] p2a: Rillaboom
|turn|23
|
|t:|1662152711
|switch|p1a: Tapu Lele|Tapu Lele|12/100
|-damage|p1a: Tapu Lele|0 fnt|[from] Stealth Rock
|faint|p1a: Tapu Lele
|move|p2a: Rillaboom|Grassy Glide|p1: Tapu Lele|[notarget]
|-fail|p2a: Rillaboom
|
|upkeep
|c|☆sadnessnsuch|gg
|c|☆cump10|gg
|
|t:|1662152723
|switch|p1a: Zeraora|Zeraora|37/100
|-damage|p1a: Zeraora|24/100|[from] Stealth Rock
|turn|24
|
|t:|1662152728
|move|p2a: Rillaboom|Grassy Glide|p1a: Zeraora
|-damage|p1a: Zeraora|0 fnt
|faint|p1a: Zeraora
|
|win|cump10
|raw|sadnessnsuch's rating: 1294 &rarr; <strong>1271</strong><br />(-23 for losing)
|raw|cump10's rating: 1326 &rarr; <strong>1344</strong><br />(+18 for winning)
|l|☆cump10
