|j|☆Hapu Coko
|j|☆tesla roadster
|t:|1659184291
|gametype|singles
|player|p1|Hapu Coko|gentleman-gen1|1631
|player|p2|tesla roadster|266|1728
|teamsize|p1|6
|teamsize|p2|6
|gen|8
|tier|[Gen 8] OU
|rated|
|rule|Sleep Clause Mod: Limit one foe put to sleep
|rule|Species Clause: Limit one of each Pokémon
|rule|OHKO Clause: OHKO moves are banned
|rule|Evasion Moves Clause: Evasion moves are banned
|rule|Endless Battle Clause: Forcing endless battles is banned
|rule|HP Percentage Mod: HP is shown in percentages
|rule|Dynamax Clause: You cannot dynamax
|clearpoke
|poke|p1|Zapdos|
|poke|p1|Tornadus-Therian, M|
|poke|p1|Urshifu-*, F|
|poke|p1|Landorus-Therian, M|
|poke|p1|Hydreigon, F|
|poke|p1|Toxapex, F|
|poke|p2|Urshifu-*, F|
|poke|p2|Tyranitar, M|
|poke|p2|Excadrill, F|
|poke|p2|Zapdos|
|poke|p2|Ferrothorn, M|
|poke|p2|Tapu Lele|
|teampreview
|inactive|Battle timer is ON: inactive players will automatically lose when time's up. (requested by Hapu Coko)
|inactive|tesla roadster has 120 seconds left.
|
|t:|1659184346
|start
|switch|p1a: thor|Tornadus-Therian, M|100/100
|switch|p2a: Urshifu|Urshifu-Rapid-Strike, F|100/100
|turn|1
|inactive|Hapu Coko has 120 seconds left.
|
|t:|1659184401
|switch|p2a: Zapdos|Zapdos|100/100
|move|p1a: thor|Focus Blast|p2a: Zapdos
|-resisted|p2a: Zapdos
|-damage|p2a: Zapdos|72/100
|
|upkeep
|turn|2
|inactive|tesla roadster has 120 seconds left.
|
|t:|1659184447
|switch|p1a: In The Gutter|Toxapex, F|100/100
|switch|p2a: Urshifu|Urshifu-Rapid-Strike, F|100/100
|
|upkeep
|turn|3
|
|t:|1659184456
|move|p2a: Urshifu|Taunt|p1a: In The Gutter
|-start|p1a: In The Gutter|move: Taunt
|move|p1a: In The Gutter|Scald|p2a: Urshifu
|-resisted|p2a: Urshifu
|-damage|p2a: Urshifu|88/100
|-status|p2a: Urshifu|brn
|
|-damage|p2a: Urshifu|82/100 brn|[from] brn
|upkeep
|turn|4
|inactive|tesla roadster has 120 seconds left.
|
|t:|1659184465
|move|p2a: Urshifu|U-turn|p1a: In The Gutter
|-resisted|p1a: In The Gutter
|-damage|p1a: In The Gutter|97/100
|
|t:|1659184468
|switch|p2a: Ferrothorn|Ferrothorn, M|100/100|[from]move: U-turn
|move|p1a: In The Gutter|Scald|p2a: Ferrothorn
|-resisted|p2a: Ferrothorn
|-damage|p2a: Ferrothorn|95/100
|-status|p2a: Ferrothorn|brn
|
|-heal|p2a: Ferrothorn|100/100 brn|[from] item: Leftovers
|-damage|p2a: Ferrothorn|95/100 brn|[from] brn
|upkeep
|turn|5
|
|t:|1659184472
|switch|p1a: big wall|Zapdos|100/100
|move|p2a: Ferrothorn|Stealth Rock|p1a: big wall
|-sidestart|p1: Hapu Coko|move: Stealth Rock
|
|-heal|p2a: Ferrothorn|100/100 brn|[from] item: Leftovers
|-damage|p2a: Ferrothorn|95/100 brn|[from] brn
|upkeep
|turn|6
|
|t:|1659184478
|switch|p2a: Tyranitar|Tyranitar, M|100/100
|-weather|Sandstorm|[from] ability: Sand Stream|[of] p2a: Tyranitar
|move|p1a: big wall|Heat Wave|p2a: Tyranitar
|-resisted|p2a: Tyranitar
|-damage|p2a: Tyranitar|84/100
|
|-weather|Sandstorm|[upkeep]
|-damage|p1a: big wall|94/100|[from] Sandstorm
|upkeep
|turn|7
|
|t:|1659184491
|switch|p1a: Hydreigon|Hydreigon, F|100/100
|-damage|p1a: Hydreigon|88/100|[from] Stealth Rock
|move|p2a: Tyranitar|Stone Edge|p1a: Hydreigon|[miss]
|-miss|p2a: Tyranitar|p1a: Hydreigon
|
|-weather|Sandstorm|[upkeep]
|-damage|p1a: Hydreigon|82/100|[from] Sandstorm
|-heal|p1a: Hydreigon|88/100|[from] item: Leftovers
|upkeep
|turn|8
|
|t:|1659184495
|move|p1a: Hydreigon|Defog|p2a: Tyranitar
|-unboost|p2a: Tyranitar|evasion|1
|-sideend|p1: Hapu Coko|Stealth Rock|[from] move: Defog|[of] p1a: Hydreigon
|move|p2a: Tyranitar|Stone Edge|p1a: Hydreigon
|-damage|p1a: Hydreigon|0 fnt
|faint|p1a: Hydreigon
|
|-weather|Sandstorm|[upkeep]
|upkeep
|
|t:|1659184498
|switch|p1a: Urshifu|Urshifu-Rapid-Strike, F|100/100
|turn|9
|inactive|tesla roadster has 120 seconds left.
|
|t:|1659184536
|switch|p1a: Landorus|Landorus-Therian, M|100/100
|-ability|p1a: Landorus|Intimidate|boost
|-unboost|p2a: Tyranitar|atk|1
|switch|p2a: Urshifu|Urshifu-Rapid-Strike, F|82/100 brn
|
|-weather|Sandstorm|[upkeep]
|-damage|p2a: Urshifu|76/100 brn|[from] Sandstorm
|-damage|p2a: Urshifu|70/100 brn|[from] brn
|upkeep
|turn|10
|
|t:|1659184545
|switch|p1a: In The Gutter|Toxapex, F|100/100
|move|p2a: Urshifu|Taunt|p1a: In The Gutter
|-start|p1a: In The Gutter|move: Taunt
|
|-weather|none
|-damage|p2a: Urshifu|64/100 brn|[from] brn
|upkeep
|turn|11
|
|t:|1659184549
|switch|p1a: big wall|Zapdos|94/100
|move|p2a: Urshifu|U-turn|p1a: big wall
|-resisted|p1a: big wall
|-damage|p1a: big wall|87/100
|
|t:|1659184557
|switch|p2a: Tyranitar|Tyranitar, M|84/100|[from]move: U-turn
|-weather|Sandstorm|[from] ability: Sand Stream|[of] p2a: Tyranitar
|
|-weather|Sandstorm|[upkeep]
|-damage|p1a: big wall|81/100|[from] Sandstorm
|upkeep
|turn|12
|
|t:|1659184569
|move|p1a: big wall|Volt Switch|p2a: Tyranitar
|-damage|p2a: Tyranitar|49/100
|
|t:|1659184571
|switch|p1a: In The Gutter|Toxapex, F|100/100|[from]move: Volt Switch
|move|p2a: Tyranitar|Stone Edge|p1a: In The Gutter
|-damage|p1a: In The Gutter|47/100
|
|-weather|Sandstorm|[upkeep]
|-damage|p1a: In The Gutter|41/100|[from] Sandstorm
|upkeep
|turn|13
|inactive|tesla roadster has 120 seconds left.
|
|t:|1659184606
|switch|p2a: Zapdos|Zapdos|72/100
|move|p1a: In The Gutter|Baneful Bunker||[still]
|-fail|p1a: In The Gutter
|
|-weather|Sandstorm|[upkeep]
|-damage|p2a: Zapdos|66/100|[from] Sandstorm
|-damage|p1a: In The Gutter|34/100|[from] Sandstorm
|upkeep
|turn|14
|
|t:|1659184615
|switch|p1a: Landorus|Landorus-Therian, M|100/100
|-ability|p1a: Landorus|Intimidate|boost
|-unboost|p2a: Zapdos|atk|1
|move|p2a: Zapdos|Volt Switch|p1a: Landorus
|-immune|p1a: Landorus
|
|-weather|Sandstorm|[upkeep]
|-damage|p2a: Zapdos|60/100|[from] Sandstorm
|upkeep
|turn|15
|
|t:|1659184629
|switch|p2a: Ferrothorn|Ferrothorn, M|95/100 brn
|move|p1a: Landorus|Earthquake|p2a: Ferrothorn
|-damage|p2a: Ferrothorn|63/100 brn
|
|-weather|none
|-heal|p2a: Ferrothorn|69/100 brn|[from] item: Leftovers
|-damage|p2a: Ferrothorn|63/100 brn|[from] brn
|upkeep
|turn|16
|
|t:|1659184641
|switch|p1a: big wall|Zapdos|81/100
|move|p2a: Ferrothorn|Leech Seed|p1a: big wall
|-start|p1a: big wall|move: Leech Seed
|
|-heal|p2a: Ferrothorn|69/100 brn|[from] item: Leftovers
|-damage|p1a: big wall|68/100|[from] Leech Seed|[of] p2a: Ferrothorn
|-heal|p2a: Ferrothorn|81/100 brn|[silent]
|-damage|p2a: Ferrothorn|75/100 brn|[from] brn
|upkeep
|turn|17
|inactive|tesla roadster has 120 seconds left.
|
|t:|1659184656
|switch|p2a: Excadrill|Excadrill, F|100/100
|move|p1a: big wall|Heat Wave|p2a: Excadrill
|-supereffective|p2a: Excadrill
|-damage|p2a: Excadrill|0 fnt
|faint|p2a: Excadrill
|
|upkeep
|inactive|tesla roadster has 120 seconds left.
|
|t:|1659184665
|switch|p2a: Tyranitar|Tyranitar, M|49/100
|-weather|Sandstorm|[from] ability: Sand Stream|[of] p2a: Tyranitar
|turn|18
|
|t:|1659184669
|switch|p1a: In The Gutter|Toxapex, F|68/100
|move|p2a: Tyranitar|Stone Edge|p1a: In The Gutter
|-damage|p1a: In The Gutter|14/100
|
|-weather|Sandstorm|[upkeep]
|-damage|p1a: In The Gutter|8/100|[from] Sandstorm
|upkeep
|turn|19
|
|t:|1659184679
|switch|p2a: Ferrothorn|Ferrothorn, M|75/100 brn
|switch|p1a: Urshifu|Urshifu-Rapid-Strike, F|100/100
|
|-weather|Sandstorm|[upkeep]
|-damage|p1a: Urshifu|94/100|[from] Sandstorm
|-heal|p2a: Ferrothorn|81/100 brn|[from] item: Leftovers
|-damage|p2a: Ferrothorn|75/100 brn|[from] brn
|upkeep
|turn|20
|
|t:|1659184690
|switch|p1a: big wall|Zapdos|68/100
|switch|p2a: Urshifu|Urshifu-Rapid-Strike, F|64/100 brn
|
|-weather|Sandstorm|[upkeep]
|-damage|p1a: big wall|62/100|[from] Sandstorm
|-damage|p2a: Urshifu|57/100 brn|[from] Sandstorm
|-damage|p2a: Urshifu|51/100 brn|[from] brn
|upkeep
|turn|21
|
|t:|1659184699
|move|p1a: big wall|Volt Switch|p2a: Urshifu
|-supereffective|p2a: Urshifu
|-damage|p2a: Urshifu|0 fnt
|faint|p2a: Urshifu
|
|t:|1659184705
|switch|p1a: thor|Tornadus-Therian, M|100/100|[from]move: Volt Switch
|
|-weather|Sandstorm|[upkeep]
|-damage|p1a: thor|94/100|[from] Sandstorm
|upkeep
|
|t:|1659184713
|switch|p2a: Zapdos|Zapdos|60/100
|turn|22
|
|t:|1659184722
|switch|p1a: In The Gutter|Toxapex, F|41/100
|move|p2a: Zapdos|Roost|p2a: Zapdos
|-heal|p2a: Zapdos|100/100
|-singleturn|p2a: Zapdos|move: Roost
|
|-weather|none
|upkeep
|turn|23
|
|t:|1659184743
|switch|p2a: Ferrothorn|Ferrothorn, M|75/100 brn
|switch|p1a: Landorus|Landorus-Therian, M|100/100
|-ability|p1a: Landorus|Intimidate|boost
|-unboost|p2a: Ferrothorn|atk|1
|
|-heal|p2a: Ferrothorn|81/100 brn|[from] item: Leftovers
|-damage|p2a: Ferrothorn|75/100 brn|[from] brn
|upkeep
|turn|24
|
|t:|1659184749
|move|p1a: Landorus|Earthquake|p2a: Ferrothorn
|-damage|p2a: Ferrothorn|40/100 brn
|move|p2a: Ferrothorn|Stealth Rock|p1a: Landorus
|-sidestart|p1: Hapu Coko|move: Stealth Rock
|
|-heal|p2a: Ferrothorn|46/100 brn|[from] item: Leftovers
|-damage|p2a: Ferrothorn|40/100 brn|[from] brn
|upkeep
|turn|25
|inactive|tesla roadster has 120 seconds left.
|
|t:|1659184779
|move|p1a: Landorus|Earthquake|p2a: Ferrothorn
|-damage|p2a: Ferrothorn|5/100 brn
|move|p2a: Ferrothorn|Leech Seed|p1a: Landorus
|-start|p1a: Landorus|move: Leech Seed
|
|-heal|p2a: Ferrothorn|11/100 brn|[from] item: Leftovers
|-damage|p1a: Landorus|88/100|[from] Leech Seed|[of] p2a: Ferrothorn
|-heal|p2a: Ferrothorn|24/100 brn|[silent]
|-damage|p2a: Ferrothorn|18/100 brn|[from] brn
|upkeep
|turn|26
|inactive|tesla roadster has 120 seconds left.
|
|t:|1659184794
|move|p1a: Landorus|Stealth Rock|p2a: Ferrothorn
|-sidestart|p2: tesla roadster|move: Stealth Rock
|move|p2a: Ferrothorn|Stealth Rock||[still]
|-fail|p2a: Ferrothorn
|
|-heal|p1a: Landorus|94/100|[from] item: Leftovers
|-heal|p2a: Ferrothorn|24/100 brn|[from] item: Leftovers
|-damage|p1a: Landorus|82/100|[from] Leech Seed|[of] p2a: Ferrothorn
|-heal|p2a: Ferrothorn|38/100 brn|[silent]
|-damage|p2a: Ferrothorn|32/100 brn|[from] brn
|upkeep
|turn|27
|inactive|tesla roadster has 120 seconds left.
|
|t:|1659184805
|switch|p1a: big wall|Zapdos|62/100
|-damage|p1a: big wall|37/100|[from] Stealth Rock
|switch|p2a: Zapdos|Zapdos|100/100
|
|upkeep
|turn|28
|inactive|tesla roadster has 120 seconds left.
|
|t:|1659184816
|move|p1a: big wall|Roost|p1a: big wall
|-heal|p1a: big wall|87/100
|-singleturn|p1a: big wall|move: Roost
|move|p2a: Zapdos|Roost||[still]
|-fail|p2a: Zapdos|heal
|
|upkeep
|turn|29
|
|t:|1659184822
|move|p1a: big wall|Roost|p1a: big wall
|-heal|p1a: big wall|100/100
|-singleturn|p1a: big wall|move: Roost
|move|p2a: Zapdos|Hurricane|p1a: big wall
|-resisted|p1a: big wall
|-damage|p1a: big wall|73/100
|
|upkeep
|turn|30
|
|t:|1659184826
|move|p1a: big wall|Roost|p1a: big wall
|-heal|p1a: big wall|100/100
|-singleturn|p1a: big wall|move: Roost
|move|p2a: Zapdos|Hurricane|p1a: big wall|[miss]
|-miss|p2a: Zapdos|p1a: big wall
|
|upkeep
|turn|31
|
|t:|1659184839
|move|p1a: big wall|Roost||[still]
|-fail|p1a: big wall|heal
|move|p2a: Zapdos|Hurricane|p1a: big wall
|-resisted|p1a: big wall
|-damage|p1a: big wall|75/100
|-start|p1a: big wall|confusion
|
|upkeep
|turn|32
|
|t:|1659184846
|switch|p1a: Landorus|Landorus-Therian, M|82/100
|-damage|p1a: Landorus|70/100|[from] Stealth Rock
|-ability|p1a: Landorus|Intimidate|boost
|-unboost|p2a: Zapdos|atk|1
|move|p2a: Zapdos|Hurricane|p1a: Landorus|[miss]
|-miss|p2a: Zapdos|p1a: Landorus
|
|-heal|p1a: Landorus|76/100|[from] item: Leftovers
|upkeep
|turn|33
|
|t:|1659184857
|move|p2a: Zapdos|Hurricane|p1a: Landorus
|-damage|p1a: Landorus|42/100
|move|p1a: Landorus|Stone Edge|p2a: Zapdos|[miss]
|-miss|p1a: Landorus|p2a: Zapdos
|
|-heal|p1a: Landorus|48/100|[from] item: Leftovers
|upkeep
|turn|34
|
|t:|1659184864
|move|p2a: Zapdos|Hurricane|p1a: Landorus
|-damage|p1a: Landorus|15/100
|-start|p1a: Landorus|confusion
|-activate|p1a: Landorus|confusion
|move|p1a: Landorus|Stone Edge|p2a: Zapdos
|-supereffective|p2a: Zapdos
|-crit|p2a: Zapdos
|-damage|p2a: Zapdos|28/100
|
|-heal|p1a: Landorus|21/100|[from] item: Leftovers
|upkeep
|turn|35
|
|t:|1659184895
|move|p2a: Zapdos|Roost|p2a: Zapdos
|-heal|p2a: Zapdos|79/100
|-singleturn|p2a: Zapdos|move: Roost
|-activate|p1a: Landorus|confusion
|-damage|p1a: Landorus|9/100|[from] confusion
|
|-heal|p1a: Landorus|15/100|[from] item: Leftovers
|upkeep
|turn|36
|c|☆Hapu Coko|broo
|c|☆tesla roadster|cry about it
|c|☆tesla roadster|i missed hurricane on the switch
|inactive|tesla roadster has 120 seconds left.
|
|t:|1659184920
|move|p2a: Zapdos|Heat Wave|p1a: Landorus
|-damage|p1a: Landorus|0 fnt
|faint|p1a: Landorus
|
|upkeep
|c|☆Hapu Coko|roost was the worst play lol
|c|☆Hapu Coko|but wp i guess
|
|t:|1659184934
|switch|p1a: thor|Tornadus-Therian, M|100/100
|-damage|p1a: thor|75/100|[from] Stealth Rock
|turn|37
|c|☆tesla roadster|tf u mean the worst play
|c|☆tesla roadster|i just lose to torn if i dont
|inactive|tesla roadster has 120 seconds left.
|c|☆Hapu Coko|u are cleen by shifurs if zap is in the range
|c|☆Hapu Coko|the eq was obvious to
|c|☆tesla roadster|that's cap
|inactive|tesla roadster has 90 seconds left.
|c|☆tesla roadster|whos ur lele switchin
|c|☆Hapu Coko|sifurs rk
|c|☆Hapu Coko|tf ur meen
|c|☆tesla roadster|ok look bro
|c|☆tesla roadster|im gonna go to lele rn
|c|☆tesla roadster|and beat u
|inactive|tesla roadster has 60 seconds left.
|c|☆Hapu Coko|ok
|
|t:|1659185011
|move|p1a: thor|Icy Wind|p2a: Zapdos
|-supereffective|p2a: Zapdos
|-damage|p2a: Zapdos|31/100
|-unboost|p2a: Zapdos|spe|1
|move|p2a: Zapdos|Volt Switch|p1a: thor
|-supereffective|p1a: thor
|-damage|p1a: thor|9/100
|
|t:|1659185014
|switch|p2a: Tapu Lele|Tapu Lele, shiny|100/100|[from]move: Volt Switch
|-damage|p2a: Tapu Lele|88/100|[from] Stealth Rock
|-fieldstart|move: Psychic Terrain|[from] ability: Psychic Surge|[of] p2a: Tapu Lele
|
|upkeep
|turn|38
|
|t:|1659185025
|switch|p1a: In The Gutter|Toxapex, F|74/100
|-damage|p1a: In The Gutter|62/100|[from] Stealth Rock
|move|p2a: Tapu Lele|Psyshock|p1a: In The Gutter
|-supereffective|p1a: In The Gutter
|-damage|p1a: In The Gutter|0 fnt
|faint|p1a: In The Gutter
|
|upkeep
|inactive|Hapu Coko has 120 seconds left.
|
|t:|1659185064
|switch|p1a: Urshifu|Urshifu-Rapid-Strike, F|94/100
|-damage|p1a: Urshifu|88/100|[from] Stealth Rock
|turn|39
|
|t:|1659185090
|switch|p1a: big wall|Zapdos|75/100
|-damage|p1a: big wall|50/100|[from] Stealth Rock
|move|p2a: Tapu Lele|Psyshock|p1a: big wall
|-damage|p1a: big wall|0 fnt
|faint|p1a: big wall
|
|upkeep
|
|t:|1659185092
|switch|p1a: Urshifu|Urshifu-Rapid-Strike, F|88/100
|-damage|p1a: Urshifu|82/100|[from] Stealth Rock
|turn|40
|c|☆tesla roadster|see
|c|☆tesla roadster|u lost when hydrei died
|c|☆Hapu Coko|wack play
|c|☆tesla roadster|lol
|
|t:|1659185104
|move|p1a: Urshifu|Surging Strikes|p2a: Tapu Lele
|-crit|p2a: Tapu Lele
|-damage|p2a: Tapu Lele|58/100
|-crit|p2a: Tapu Lele
|-damage|p2a: Tapu Lele|29/100
|-crit|p2a: Tapu Lele
|-damage|p2a: Tapu Lele|0 fnt
|faint|p2a: Tapu Lele
|-hitcount|p2: Tapu Lele|3
|
|upkeep
|c|☆tesla roadster|LMFAO
|inactive|tesla roadster has 60 seconds left.
|
|t:|1659185120
|switch|p2a: Ferrothorn|Ferrothorn, M|32/100 brn
|-damage|p2a: Ferrothorn|26/100 brn|[from] Stealth Rock
|turn|41
|c|☆Hapu Coko|why didnt u go zap first time?
|inactive|tesla roadster has 60 seconds left.
|c|☆tesla roadster|i just wanted to see f i lived
|c|☆Hapu Coko|xpp
|
|t:|1659185151
|switch|p1a: thor|Tornadus-Therian, M|42/100
|-damage|p1a: thor|17/100|[from] Stealth Rock
|switch|p2a: Tyranitar|Tyranitar, M|49/100
|-damage|p2a: Tyranitar|37/100|[from] Stealth Rock
|-weather|Sandstorm|[from] ability: Sand Stream|[of] p2a: Tyranitar
|
|-weather|Sandstorm|[upkeep]
|-damage|p1a: thor|11/100|[from] Sandstorm
|-fieldend|move: Psychic Terrain
|upkeep
|turn|42
|inactive|Hapu Coko has 120 seconds left.
|inactive|Hapu Coko has 90 seconds left.
|
|t:|1659185207
|move|p1a: thor|Icy Wind|p2a: Tyranitar
|-damage|p2a: Tyranitar|20/100
|-unboost|p2a: Tyranitar|spe|1
|move|p2a: Tyranitar|Crunch|p1a: thor
|-damage|p1a: thor|0 fnt
|faint|p1a: thor
|
|-weather|Sandstorm|[upkeep]
|upkeep
|
|t:|1659185208
|switch|p1a: Urshifu|Urshifu-Rapid-Strike, F|82/100
|-damage|p1a: Urshifu|76/100|[from] Stealth Rock
|turn|43
|c|☆Hapu Coko|gg
|c|☆tesla roadster|GG
|
|t:|1659185226
|switch|p2a: Ferrothorn|Ferrothorn, M|26/100 brn
|-damage|p2a: Ferrothorn|20/100 brn|[from] Stealth Rock
|move|p1a: Urshifu|Surging Strikes|p2a: Ferrothorn
|-resisted|p2a: Ferrothorn
|-crit|p2a: Ferrothorn
|-damage|p2a: Ferrothorn|13/100 brn
|-damage|p1a: Urshifu|64/100|[from] ability: Iron Barbs|[of] p2a: Ferrothorn
|-resisted|p2a: Ferrothorn
|-crit|p2a: Ferrothorn
|-damage|p2a: Ferrothorn|6/100 brn
|-damage|p1a: Urshifu|51/100|[from] ability: Iron Barbs|[of] p2a: Ferrothorn
|-resisted|p2a: Ferrothorn
|-crit|p2a: Ferrothorn
|-damage|p2a: Ferrothorn|0 fnt
|-damage|p1a: Urshifu|39/100|[from] ability: Iron Barbs|[of] p2a: Ferrothorn
|faint|p2a: Ferrothorn
|-hitcount|p2: Ferrothorn|3
|
|-weather|Sandstorm|[upkeep]
|-damage|p1a: Urshifu|33/100|[from] Sandstorm
|upkeep
|
|t:|1659185235
|switch|p2a: Zapdos|Zapdos|31/100
|turn|44
|
|t:|1659185241
|move|p1a: Urshifu|Surging Strikes|p2a: Zapdos
|-crit|p2a: Zapdos
|-damage|p2a: Zapdos|17/100
|-crit|p2a: Zapdos
|-damage|p2a: Zapdos|3/100
|-crit|p2a: Zapdos
|-damage|p2a: Zapdos|0 fnt
|-status|p1a: Urshifu|par|[from] ability: Static|[of] p2a: Zapdos
|faint|p2a: Zapdos
|-hitcount|p2: Zapdos|3
|
|-weather|Sandstorm|[upkeep]
|-damage|p1a: Urshifu|27/100 par|[from] Sandstorm
|upkeep
|
|t:|1659185248
|switch|p2a: Tyranitar|Tyranitar, M|20/100
|-damage|p2a: Tyranitar|7/100|[from] Stealth Rock
|turn|45
|inactive|Hapu Coko has 120 seconds left.
|
|t:|1659185253
|move|p1a: Urshifu|Surging Strikes|p2a: Tyranitar
|-supereffective|p2a: Tyranitar
|-crit|p2a: Tyranitar
|-damage|p2a: Tyranitar|0 fnt
|faint|p2a: Tyranitar
|-hitcount|p2: Tyranitar|1
|
|win|Hapu Coko
|raw|Hapu Coko's rating: 1631 &rarr; <strong>1656</strong><br />(+25 for winning)
|raw|tesla roadster's rating: 1728 &rarr; <strong>1703</strong><br />(-25 for losing)
|l|☆tesla roadster
|c|☆Hapu Coko|wp
||Ladder isn't responding, score probably updated but might not have (Request timeout).
