|j|☆jly8
|j|☆Regamus
|t:|1662101855
|gametype|singles
|player|p1|jly8|volkner|1411
|player|p2|Regamus|169|1551
|teamsize|p1|6
|teamsize|p2|6
|gen|8
|tier|[Gen 8] OU
|rated|
|rule|Sleep Clause Mod: Limit one foe put to sleep
|rule|Species Clause: Limit one of each Pokémon
|rule|OHKO Clause: OHKO moves are banned
|rule|Evasion Items Clause: Evasion items are banned
|rule|Evasion Moves Clause: Evasion moves are banned
|rule|Endless Battle Clause: Forcing endless battles is banned
|rule|HP Percentage Mod: HP is shown in percentages
|rule|Dynamax Clause: You cannot dynamax
|clearpoke
|poke|p1|Rillaboom, M|
|poke|p1|Tornadus-Therian, M|
|poke|p1|Blaziken, M|
|poke|p1|Melmetal|
|poke|p1|Garchomp, M|
|poke|p1|Slowbro, F|
|poke|p2|Primarina, F|
|poke|p2|Dragapult, F|
|poke|p2|Snorlax, M|
|poke|p2|Ferrothorn, F|
|poke|p2|Landorus-Therian, M|
|poke|p2|Buzzwole|
|teampreview
|
|t:|1662101869
|start
|switch|p1a: Garchomp|Garchomp, M|100/100
|switch|p2a: Snorlax|Snorlax, M|100/100
|turn|1
|inactive|Battle timer is ON: inactive players will automatically lose when time's up. (requested by Regamus)
|
|t:|1662101874
|move|p1a: Garchomp|Stealth Rock|p2a: Snorlax
|-sidestart|p2: Regamus|move: Stealth Rock
|move|p2a: Snorlax|Ice Beam|p1a: Garchomp
|-supereffective|p1a: Garchomp
|-damage|p1a: Garchomp|62/100
|
|-heal|p1a: Garchomp|68/100|[from] item: Leftovers
|upkeep
|turn|2
|
|t:|1662101890
|switch|p1a: Melmetal|Melmetal|100/100
|move|p2a: Snorlax|Ice Beam|p1a: Melmetal
|-resisted|p1a: Melmetal
|-crit|p1a: Melmetal
|-damage|p1a: Melmetal|91/100
|
|-heal|p1a: Melmetal|97/100|[from] item: Leftovers
|upkeep
|turn|3
|
|t:|1662101900
|switch|p2a: Ferrothorn|Ferrothorn, F|100/100
|-damage|p2a: Ferrothorn|94/100|[from] Stealth Rock
|move|p1a: Melmetal|Double Iron Bash|p2a: Ferrothorn
|-resisted|p2a: Ferrothorn
|-damage|p2a: Ferrothorn|80/100
|-damage|p1a: Melmetal|85/100|[from] ability: Iron Barbs|[of] p2a: Ferrothorn
|-damage|p1a: Melmetal|68/100|[from] item: Rocky Helmet|[of] p2a: Ferrothorn
|-resisted|p2a: Ferrothorn
|-damage|p2a: Ferrothorn|67/100
|-damage|p1a: Melmetal|56/100|[from] ability: Iron Barbs|[of] p2a: Ferrothorn
|-damage|p1a: Melmetal|39/100|[from] item: Rocky Helmet|[of] p2a: Ferrothorn
|-hitcount|p2a: Ferrothorn|2
|
|-heal|p1a: Melmetal|45/100|[from] item: Leftovers
|upkeep
|turn|4
|
|t:|1662101917
|move|p1a: Melmetal|Superpower|p2a: Ferrothorn
|-supereffective|p2a: Ferrothorn
|-damage|p2a: Ferrothorn|11/100
|-unboost|p1a: Melmetal|atk|1
|-unboost|p1a: Melmetal|def|1
|-damage|p1a: Melmetal|33/100|[from] ability: Iron Barbs|[of] p2a: Ferrothorn
|-damage|p1a: Melmetal|16/100|[from] item: Rocky Helmet|[of] p2a: Ferrothorn
|move|p2a: Ferrothorn|Stealth Rock|p1a: Melmetal
|-sidestart|p1: jly8|move: Stealth Rock
|
|-heal|p1a: Melmetal|23/100|[from] item: Leftovers
|upkeep
|turn|5
|
|t:|1662101929
|move|p1a: Melmetal|Superpower|p2a: Ferrothorn
|-supereffective|p2a: Ferrothorn
|-damage|p2a: Ferrothorn|0 fnt
|-unboost|p1a: Melmetal|atk|1
|-unboost|p1a: Melmetal|def|1
|-damage|p1a: Melmetal|10/100|[from] ability: Iron Barbs|[of] p2a: Ferrothorn
|-damage|p1a: Melmetal|0 fnt|[from] item: Rocky Helmet|[of] p2a: Ferrothorn
|faint|p2a: Ferrothorn
|faint|p1a: Melmetal
|
|upkeep
|
|t:|1662101948
|switch|p1a: Slowbro|Slowbro, F|100/100
|switch|p2a: Landorus|Landorus-Therian, M|100/100
|-damage|p2a: Landorus|88/100|[from] Stealth Rock
|-ability|p2a: Landorus|Intimidate|boost
|-unboost|p1a: Slowbro|atk|1
|-damage|p1a: Slowbro|88/100|[from] Stealth Rock
|turn|6
|
|t:|1662101956
|move|p2a: Landorus|Knock Off|p1a: Slowbro
|-supereffective|p1a: Slowbro
|-crit|p1a: Slowbro
|-damage|p1a: Slowbro|31/100
|-damage|p2a: Landorus|72/100|[from] item: Rocky Helmet|[of] p1a: Slowbro
|-enditem|p1a: Slowbro|Rocky Helmet|[from] move: Knock Off|[of] p2a: Landorus
|move|p1a: Slowbro|Toxic|p2a: Landorus
|-status|p2a: Landorus|tox
|
|-heal|p2a: Landorus|78/100 tox|[from] item: Leftovers
|-damage|p2a: Landorus|72/100 tox|[from] psn
|upkeep
|turn|7
|
|t:|1662101971
|move|p2a: Landorus|Knock Off|p1a: Slowbro
|-supereffective|p1a: Slowbro
|-damage|p1a: Slowbro|6/100
|move|p1a: Slowbro|Teleport|p1a: Slowbro
|inactive|jly8 has 120 seconds left.
|
|t:|1662101987
|switch|p1a: Tornadus|Tornadus-Therian, M|100/100|[from]move: Teleport
|
|-heal|p2a: Landorus|78/100 tox|[from] item: Leftovers
|-damage|p2a: Landorus|66/100 tox|[from] psn
|upkeep
|turn|8
|
|t:|1662101992
|move|p1a: Tornadus|Hurricane|p2a: Landorus|[miss]
|-miss|p1a: Tornadus|p2a: Landorus
|move|p2a: Landorus|Knock Off|p1a: Tornadus
|-damage|p1a: Tornadus|70/100
|-enditem|p1a: Tornadus|Heavy-Duty Boots|[from] move: Knock Off|[of] p2a: Landorus
|
|-heal|p2a: Landorus|72/100 tox|[from] item: Leftovers
|-damage|p2a: Landorus|54/100 tox|[from] psn
|upkeep
|turn|9
|
|t:|1662102001
|switch|p2a: Snorlax|Snorlax, M|100/100
|-damage|p2a: Snorlax|88/100|[from] Stealth Rock
|move|p1a: Tornadus|Hurricane|p2a: Snorlax|[miss]
|-miss|p1a: Tornadus|p2a: Snorlax
|
|-heal|p2a: Snorlax|94/100|[from] item: Leftovers
|upkeep
|turn|10
|
|t:|1662102010
|move|p1a: Tornadus|Knock Off|p2a: Snorlax
|-crit|p2a: Snorlax
|-damage|p2a: Snorlax|70/100
|-enditem|p2a: Snorlax|Leftovers|[from] move: Knock Off|[of] p1a: Tornadus
|move|p2a: Snorlax|Body Slam|p1a: Tornadus
|-damage|p1a: Tornadus|29/100
|
|upkeep
|turn|11
|
|t:|1662102019
|move|p1a: Tornadus|U-turn|p2a: Snorlax
|-damage|p2a: Snorlax|58/100
|
|t:|1662102029
|switch|p1a: Slowbro|Slowbro, F|40/100|[from]move: U-turn
|-damage|p1a: Slowbro|27/100|[from] Stealth Rock
|move|p2a: Snorlax|Body Slam|p1a: Slowbro
|-damage|p1a: Slowbro|6/100
|
|upkeep
|turn|12
|
|t:|1662102036
|move|p2a: Snorlax|Body Slam|p1a: Slowbro
|-damage|p1a: Slowbro|0 fnt
|faint|p1a: Slowbro
|
|upkeep
|
|t:|1662102041
|switch|p1a: Rillaboom|Rillaboom, M|100/100
|-damage|p1a: Rillaboom|88/100|[from] Stealth Rock
|-fieldstart|move: Grassy Terrain|[from] ability: Grassy Surge|[of] p1a: Rillaboom
|turn|13
|
|t:|1662102048
|move|p1a: Rillaboom|Swords Dance|p1a: Rillaboom
|-boost|p1a: Rillaboom|atk|2
|move|p2a: Snorlax|Body Slam|p1a: Rillaboom
|-damage|p1a: Rillaboom|56/100
|-status|p1a: Rillaboom|par
|
|-heal|p1a: Rillaboom|62/100 par|[from] Grassy Terrain
|-heal|p1a: Rillaboom|68/100 par|[from] item: Leftovers
|-heal|p2a: Snorlax|64/100|[from] Grassy Terrain
|upkeep
|turn|14
|
|t:|1662102058
|move|p1a: Rillaboom|Drain Punch|p2a: Snorlax
|-supereffective|p2a: Snorlax
|-damage|p2a: Snorlax|0 fnt
|-heal|p1a: Rillaboom|100/100 par|[from] drain|[of] p2a: Snorlax
|faint|p2a: Snorlax
|
|upkeep
|
|t:|1662102064
|switch|p2a: Buzzwole|Buzzwole|100/100
|-damage|p2a: Buzzwole|88/100|[from] Stealth Rock
|turn|15
|
|t:|1662102070
|switch|p1a: Garchomp|Garchomp, M|68/100
|-damage|p1a: Garchomp|62/100|[from] Stealth Rock
|move|p2a: Buzzwole|Leech Life|p1a: Garchomp
|-damage|p1a: Garchomp|22/100
|-heal|p2a: Buzzwole|100/100|[from] drain|[of] p1a: Garchomp
|-damage|p2a: Buzzwole|88/100|[from] ability: Rough Skin|[of] p1a: Garchomp
|
|-heal|p2a: Buzzwole|94/100|[from] Grassy Terrain
|-heal|p1a: Garchomp|29/100|[from] Grassy Terrain
|-heal|p1a: Garchomp|35/100|[from] item: Leftovers
|upkeep
|turn|16
|
|t:|1662102084
|move|p2a: Buzzwole|Leech Life|p1a: Garchomp
|-damage|p1a: Garchomp|0 fnt
|-heal|p2a: Buzzwole|100/100|[from] drain|[of] p1a: Garchomp
|-damage|p2a: Buzzwole|88/100|[from] ability: Rough Skin|[of] p1a: Garchomp
|faint|p1a: Garchomp
|-ability|p2a: Buzzwole|Beast Boost|boost
|-boost|p2a: Buzzwole|atk|1
|
|-heal|p2a: Buzzwole|94/100|[from] Grassy Terrain
|upkeep
|
|t:|1662102093
|switch|p1a: Blaziken|Blaziken, M|100/100
|-damage|p1a: Blaziken|88/100|[from] Stealth Rock
|turn|17
|
|t:|1662102097
|switch|p2a: Landorus|Landorus-Therian, M|54/100 tox
|-damage|p2a: Landorus|41/100 tox|[from] Stealth Rock
|-ability|p2a: Landorus|Intimidate|boost
|-unboost|p1a: Blaziken|atk|1
|move|p1a: Blaziken|Swords Dance|p1a: Blaziken
|-boost|p1a: Blaziken|atk|2
|
|-heal|p1a: Blaziken|94/100|[from] Grassy Terrain
|-heal|p1a: Blaziken|100/100|[from] item: Leftovers
|-heal|p2a: Landorus|47/100 tox|[from] item: Leftovers
|-damage|p2a: Landorus|41/100 tox|[from] psn
|-fieldend|move: Grassy Terrain
|-ability|p1a: Blaziken|Speed Boost|boost
|-boost|p1a: Blaziken|spe|1
|upkeep
|turn|18
|
|t:|1662102111
|move|p1a: Blaziken|Flare Blitz|p2a: Landorus
|-damage|p2a: Landorus|0 fnt
|faint|p2a: Landorus
|-damage|p1a: Blaziken|85/100|[from] Recoil
|
|-heal|p1a: Blaziken|92/100|[from] item: Leftovers
|-ability|p1a: Blaziken|Speed Boost|boost
|-boost|p1a: Blaziken|spe|1
|upkeep
|
|t:|1662102118
|switch|p2a: Primarina|Primarina, F|100/100
|-damage|p2a: Primarina|88/100|[from] Stealth Rock
|turn|19
|
|t:|1662102140
|switch|p1a: Rillaboom|Rillaboom, M|100/100 par
|-damage|p1a: Rillaboom|88/100 par|[from] Stealth Rock
|-fieldstart|move: Grassy Terrain|[from] ability: Grassy Surge|[of] p1a: Rillaboom
|move|p2a: Primarina|Moonblast|p1a: Rillaboom
|-damage|p1a: Rillaboom|0 fnt
|faint|p1a: Rillaboom
|
|-heal|p2a: Primarina|94/100|[from] Grassy Terrain
|upkeep
|
|t:|1662102150
|switch|p1a: Tornadus|Tornadus-Therian, M|62/100
|-damage|p1a: Tornadus|37/100|[from] Stealth Rock
|turn|20
|
|t:|1662102159
|move|p1a: Tornadus|Hurricane|p2a: Primarina
|-crit|p2a: Primarina
|-damage|p2a: Primarina|37/100
|move|p2a: Primarina|Moonblast|p1a: Tornadus
|-damage|p1a: Tornadus|0 fnt
|faint|p1a: Tornadus
|
|-heal|p2a: Primarina|43/100|[from] Grassy Terrain
|upkeep
|
|t:|1662102168
|switch|p1a: Blaziken|Blaziken, M|92/100
|-damage|p1a: Blaziken|79/100|[from] Stealth Rock
|turn|21
|
|t:|1662102173
|move|p1a: Blaziken|Flare Blitz|p2a: Primarina
|-resisted|p2a: Primarina
|-damage|p2a: Primarina|0 fnt
|faint|p2a: Primarina
|-damage|p1a: Blaziken|67/100|[from] Recoil
|
|-heal|p1a: Blaziken|73/100|[from] Grassy Terrain
|-heal|p1a: Blaziken|79/100|[from] item: Leftovers
|-ability|p1a: Blaziken|Speed Boost|boost
|-boost|p1a: Blaziken|spe|1
|upkeep
|
|t:|1662102187
|switch|p2a: Buzzwole|Buzzwole|94/100
|-damage|p2a: Buzzwole|82/100|[from] Stealth Rock
|turn|22
|
|t:|1662102196
|move|p1a: Blaziken|Protect|p1a: Blaziken
|-singleturn|p1a: Blaziken|Protect
|move|p2a: Buzzwole|Close Combat|p1a: Blaziken
|-activate|p1a: Blaziken|move: Protect
|
|-heal|p2a: Buzzwole|88/100|[from] Grassy Terrain
|-heal|p1a: Blaziken|85/100|[from] Grassy Terrain
|-heal|p1a: Blaziken|92/100|[from] item: Leftovers
|-ability|p1a: Blaziken|Speed Boost|boost
|-boost|p1a: Blaziken|spe|1
|upkeep
|turn|23
|
|t:|1662102210
|move|p1a: Blaziken|Flare Blitz|p2a: Buzzwole
|-supereffective|p2a: Buzzwole
|-damage|p2a: Buzzwole|0 fnt
|faint|p2a: Buzzwole
|-damage|p1a: Blaziken|61/100|[from] Recoil
|
|-heal|p1a: Blaziken|67/100|[from] Grassy Terrain
|-heal|p1a: Blaziken|73/100|[from] item: Leftovers
|-fieldend|move: Grassy Terrain
|-ability|p1a: Blaziken|Speed Boost|boost
|-boost|p1a: Blaziken|spe|1
|upkeep
|
|t:|1662102218
|switch|p2a: Dragapult|Dragapult, F|100/100
|turn|24
|
|t:|1662102224
|move|p1a: Blaziken|Protect|p1a: Blaziken
|-singleturn|p1a: Blaziken|Protect
|move|p2a: Dragapult|Dragon Darts|p1a: Blaziken
|-activate|p1a: Blaziken|move: Protect
|
|-heal|p1a: Blaziken|80/100|[from] item: Leftovers
|-ability|p1a: Blaziken|Speed Boost|boost
|-boost|p1a: Blaziken|spe|1
|upkeep
|turn|25
|
|t:|1662102232
|move|p1a: Blaziken|Swords Dance|p1a: Blaziken
|-boost|p1a: Blaziken|atk|2
|move|p2a: Dragapult|Dragon Darts|p1a: Blaziken
|-damage|p1a: Blaziken|51/100
|-anim|p2a: Dragapult|Dragon Darts|p1a: Blaziken
|-damage|p1a: Blaziken|24/100
|
|-heal|p1a: Blaziken|30/100|[from] item: Leftovers
|-ability|p1a: Blaziken|Speed Boost|boost
|-boost|p1a: Blaziken|spe|1
|upkeep
|turn|26
|
|t:|1662102243
|move|p1a: Blaziken|Protect|p1a: Blaziken
|-singleturn|p1a: Blaziken|Protect
|move|p2a: Dragapult|Dragon Darts|p1a: Blaziken
|-activate|p1a: Blaziken|move: Protect
|
|-heal|p1a: Blaziken|36/100|[from] item: Leftovers
|-ability|p1a: Blaziken|Speed Boost|boost
|-boost|p1a: Blaziken|spe|1
|upkeep
|turn|27
|
|t:|1662102250
|move|p1a: Blaziken|Flare Blitz|p2a: Dragapult
|-resisted|p2a: Dragapult
|-damage|p2a: Dragapult|19/100
|-damage|p1a: Blaziken|11/100|[from] Recoil
|move|p2a: Dragapult|Dragon Darts|p1a: Blaziken
|-damage|p1a: Blaziken|0 fnt
|faint|p1a: Blaziken
|
|win|Regamus
|raw|jly8's rating: 1411 &rarr; <strong>1399</strong><br />(-12 for losing)
|raw|Regamus's rating: 1551 &rarr; <strong>1563</strong><br />(+12 for winning)
|c|☆Regamus|gg
