|j|☆vagmak
|j|☆agslash23
|t:|1642702622
|gametype|singles
|player|p1|vagmak|brawly|1549
|player|p2|agslash23|170|1591
|teamsize|p1|6
|teamsize|p2|6
|gen|8
|tier|[Gen 8] OU
|rated|
|rule|Sleep Clause Mod: Limit one foe put to sleep
|rule|Species Clause: Limit one of each Pokémon
|rule|OHKO Clause: OHKO moves are banned
|rule|Evasion Moves Clause: Evasion moves are banned
|rule|Endless Battle Clause: Forcing endless battles is banned
|rule|HP Percentage Mod: HP is shown in percentages
|rule|Dynamax Clause: You cannot dynamax
|clearpoke
|poke|p1|Garchomp, M|
|poke|p1|Melmetal|
|poke|p1|Zeraora|
|poke|p1|Zapdos|
|poke|p1|Kartana|
|poke|p1|Mamoswine, F|
|poke|p2|Heatran, M|
|poke|p2|Zeraora|
|poke|p2|Garchomp, F|
|poke|p2|Ninetales-Alola, F|
|poke|p2|Tapu Fini|
|poke|p2|Moltres-Galar|
|teampreview
|inactive|Battle timer is ON: inactive players will automatically lose when time's up. (requested by vagmak)
|inactive|agslash23 has 120 seconds left.
|
|t:|1642702677
|start
|switch|p1a: Melmetal|Melmetal|100/100
|switch|p2a: Heatran|Heatran, M|100/100
|-item|p2a: Heatran|Air Balloon
|turn|1
|
|t:|1642702688
|switch|p1a: Garchomp|Garchomp, M|100/100
|move|p2a: Heatran|Eruption|p1a: Garchomp
|-resisted|p1a: Garchomp
|-damage|p1a: Garchomp|58/100
|
|upkeep
|turn|2
|inactive|agslash23 has 120 seconds left.
|
|t:|1642702742
|switch|p2a: Ninetales|Ninetales-Alola, F|100/100
|-weather|Hail|[from] ability: Snow Warning|[of] p2a: Ninetales
|move|p1a: Garchomp|Dragon Claw|p2a: Ninetales
|-immune|p2a: Ninetales
|
|-weather|Hail|[upkeep]
|-damage|p1a: Garchomp|52/100|[from] Hail
|upkeep
|turn|3
|
|t:|1642702753
|move|p2a: Ninetales|Aurora Veil|p2a: Ninetales
|-sidestart|p2: agslash23|move: Aurora Veil
|move|p1a: Garchomp|Earthquake|p2a: Ninetales
|-damage|p2a: Ninetales|61/100
|-damage|p1a: Garchomp|42/100|[from] item: Life Orb
|
|-weather|Hail|[upkeep]
|-damage|p1a: Garchomp|36/100|[from] Hail
|upkeep
|turn|4
|
|t:|1642702762
|switch|p1a: Melmetal|Melmetal|100/100
|move|p2a: Ninetales|Freeze-Dry|p1a: Melmetal
|-resisted|p1a: Melmetal
|-damage|p1a: Melmetal|94/100
|
|-weather|Hail|[upkeep]
|-damage|p1a: Melmetal|88/100|[from] Hail
|upkeep
|turn|5
|
|t:|1642702774
|switch|p2a: Tapu Fini|Tapu Fini|100/100
|-fieldstart|move: Misty Terrain|[from] ability: Misty Surge|[of] p2a: Tapu Fini
|move|p1a: Melmetal|Double Iron Bash|p2a: Tapu Fini
|-damage|p2a: Tapu Fini|84/100
|-damage|p2a: Tapu Fini|67/100
|-hitcount|p2a: Tapu Fini|2
|
|-weather|Hail|[upkeep]
|-damage|p2a: Tapu Fini|61/100|[from] Hail
|-damage|p1a: Melmetal|82/100|[from] Hail
|-heal|p2a: Tapu Fini|67/100|[from] item: Leftovers
|upkeep
|turn|6
|
|t:|1642702786
|move|p2a: Tapu Fini|Calm Mind|p2a: Tapu Fini
|-boost|p2a: Tapu Fini|spa|1
|-boost|p2a: Tapu Fini|spd|1
|move|p1a: Melmetal|Double Iron Bash|p2a: Tapu Fini
|-damage|p2a: Tapu Fini|50/100
|-damage|p2a: Tapu Fini|34/100
|-hitcount|p2a: Tapu Fini|2
|
|-weather|none
|-heal|p2a: Tapu Fini|40/100|[from] item: Leftovers
|upkeep
|turn|7
|
|t:|1642702800
|move|p2a: Tapu Fini|Scald|p1a: Melmetal
|-damage|p1a: Melmetal|60/100
|move|p1a: Melmetal|Double Iron Bash|p2a: Tapu Fini
|-damage|p2a: Tapu Fini|23/100
|-crit|p2a: Tapu Fini
|-damage|p2a: Tapu Fini|0 fnt
|faint|p2a: Tapu Fini
|-hitcount|p2: Tapu Fini|2
|
|upkeep
|
|t:|1642702808
|switch|p2a: Heatran|Heatran, M|100/100
|-item|p2a: Heatran|Air Balloon
|turn|8
|
|t:|1642702816
|move|p2a: Heatran|Eruption|p1a: Melmetal
|-supereffective|p1a: Melmetal
|-damage|p1a: Melmetal|0 fnt
|faint|p1a: Melmetal
|
|upkeep
|
|t:|1642702831
|switch|p1a: Zeraora|Zeraora|100/100
|turn|9
|inactive|agslash23 has 120 seconds left.
|
|t:|1642702838
|switch|p2a: Garchomp|Garchomp, F|100/100
|move|p1a: Zeraora|Plasma Fists|p2a: Garchomp
|-immune|p2a: Garchomp
|
|-fieldend|Misty Terrain
|upkeep
|turn|10
|
|t:|1642702855
|switch|p1a: Mamoswine|Mamoswine, F|100/100
|move|p2a: Garchomp|Earthquake|p1a: Mamoswine
|-damage|p1a: Mamoswine|44/100
|
|-sideend|p2: agslash23|move: Aurora Veil
|upkeep
|turn|11
|inactive|agslash23 has 120 seconds left.
|
|t:|1642702887
|switch|p2a: Ninetales|Ninetales-Alola, F|61/100
|-weather|Hail|[from] ability: Snow Warning|[of] p2a: Ninetales
|move|p1a: Mamoswine|Ice Shard|p2a: Ninetales
|-resisted|p2a: Ninetales
|-damage|p2a: Ninetales|47/100
|
|-weather|Hail|[upkeep]
|upkeep
|turn|12
|
|t:|1642702896
|move|p2a: Ninetales|Aurora Veil|p2a: Ninetales
|-sidestart|p2: agslash23|move: Aurora Veil
|move|p1a: Mamoswine|Earthquake|p2a: Ninetales
|-crit|p2a: Ninetales
|-damage|p2a: Ninetales|0 fnt
|faint|p2a: Ninetales
|
|-weather|Hail|[upkeep]
|upkeep
|
|t:|1642702902
|switch|p2a: Heatran|Heatran, M|100/100
|-item|p2a: Heatran|Air Balloon
|turn|13
|
|t:|1642702907
|move|p1a: Mamoswine|Ice Shard|p2a: Heatran
|-resisted|p2a: Heatran
|-damage|p2a: Heatran|98/100
|-enditem|p2a: Heatran|Air Balloon
|move|p2a: Heatran|Eruption|p1a: Mamoswine
|-supereffective|p1a: Mamoswine
|-damage|p1a: Mamoswine|0 fnt
|faint|p1a: Mamoswine
|
|-weather|Hail|[upkeep]
|-damage|p2a: Heatran|92/100|[from] Hail
|upkeep
|
|t:|1642702918
|switch|p1a: Garchomp|Garchomp, M|36/100
|turn|14
|
|t:|1642702922
|switch|p2a: Moltres|Moltres-Galar|100/100
|move|p1a: Garchomp|Earthquake|p2a: Moltres
|-immune|p2a: Moltres
|
|-weather|Hail|[upkeep]
|-damage|p1a: Garchomp|30/100|[from] Hail
|-damage|p2a: Moltres|94/100|[from] Hail
|upkeep
|turn|15
|
|t:|1642702937
|move|p1a: Garchomp|Dragon Claw|p2a: Moltres
|-damage|p2a: Moltres|62/100
|-damage|p1a: Garchomp|20/100|[from] item: Life Orb
|move|p2a: Moltres|Agility|p2a: Moltres
|-boost|p2a: Moltres|spe|2
|
|-weather|none
|upkeep
|turn|16
|
|t:|1642702951
|move|p2a: Moltres|Nasty Plot|p2a: Moltres
|-boost|p2a: Moltres|spa|2
|move|p1a: Garchomp|Dragon Claw|p2a: Moltres
|-damage|p2a: Moltres|29/100
|-ability|p2a: Moltres|Berserk|boost
|-boost|p2a: Moltres|spa|1
|-damage|p1a: Garchomp|10/100|[from] item: Life Orb
|
|upkeep
|turn|17
|
|t:|1642702961
|move|p2a: Moltres|Fiery Wrath|p1a: Garchomp
|-damage|p1a: Garchomp|0 fnt
|faint|p1a: Garchomp
|
|upkeep
|
|t:|1642702965
|switch|p1a: Zapdos|Zapdos|100/100
|turn|18
|
|t:|1642702969
|move|p2a: Moltres|Fiery Wrath|p1a: Zapdos
|-damage|p1a: Zapdos|0 fnt
|faint|p1a: Zapdos
|
|upkeep
|-message|vagmak forfeited.
|
|win|agslash23
|raw|vagmak's rating: 1549 &rarr; <strong>1531</strong><br />(-18 for losing)
|raw|agslash23's rating: 1591 &rarr; <strong>1609</strong><br />(+18 for winning)
|l|☆vagmak
||Ladder isn't responding, score probably updated but might not have (Request timeout).
