|raw|<div class="broadcast-blue"><strong>This battle is required to be public due to a player having a name starting with 'lt94je'.</div>
|j|☆mekki the poison
|j|☆LT94JE A
|t:|1661228178
|gametype|singles
|player|p1|mekki the poison|#airfare|1614
|player|p2|LT94JE A|psychic-gen6|1626
|teamsize|p1|6
|teamsize|p2|6
|gen|8
|tier|[Gen 8] OU
|rated|
|rule|Sleep Clause Mod: Limit one foe put to sleep
|rule|Species Clause: Limit one of each Pokémon
|rule|OHKO Clause: OHKO moves are banned
|rule|Evasion Items Clause: Evasion items are banned
|rule|Evasion Moves Clause: Evasion moves are banned
|rule|Endless Battle Clause: Forcing endless battles is banned
|rule|HP Percentage Mod: HP is shown in percentages
|rule|Dynamax Clause: You cannot dynamax
|clearpoke
|poke|p1|Blissey, F|
|poke|p1|Pyukumuku, L94, F|
|poke|p1|Corviknight, F|
|poke|p1|Toxapex, M|
|poke|p1|Clefable, F|
|poke|p1|Gastrodon, F|
|poke|p2|Urshifu-*, M|
|poke|p2|Tyranitar, M|
|poke|p2|Excadrill, M|
|poke|p2|Zapdos|
|poke|p2|Ferrothorn, M|
|poke|p2|Tapu Lele|
|teampreview
|c|☆LT94JE A|airfare?
|inactive|Battle timer is ON: inactive players will automatically lose when time's up. (requested by LT94JE A)
|
|t:|1661228231
|start
|switch|p1a: Toxapex|Toxapex, M|100/100
|switch|p2a: Ferrothorn|Ferrothorn, M, shiny|100/100
|turn|1
|
|t:|1661228238
|switch|p2a: Tapu Lele|Tapu Lele, shiny|100/100
|-fieldstart|move: Psychic Terrain|[from] ability: Psychic Surge|[of] p2a: Tapu Lele
|move|p1a: Toxapex|Knock Off|p2a: Tapu Lele
|-damage|p2a: Tapu Lele|79/100
|-enditem|p2a: Tapu Lele|Choice Scarf|[from] move: Knock Off|[of] p1a: Toxapex
|
|upkeep
|turn|2
|
|t:|1661228246
|switch|p1a: Blissey|Blissey, F|100/100
|move|p2a: Tapu Lele|Future Sight|p1a: Blissey
|-start|p2a: Tapu Lele|move: Future Sight
|
|upkeep
|turn|3
|
|t:|1661228254
|switch|p2a: Urshifu|Urshifu-Rapid-Strike, M|100/100
|move|p1a: Blissey|Toxic|p2a: Urshifu
|-status|p2a: Urshifu|tox
|
|-damage|p2a: Urshifu|94/100 tox|[from] psn
|upkeep
|turn|4
|
|t:|1661228261
|switch|p1a: Clefable|Clefable, F|100/100
|move|p2a: Urshifu|Close Combat|p1a: Clefable
|-resisted|p1a: Clefable
|-damage|p1a: Clefable|78/100
|-unboost|p2a: Urshifu|def|1
|-unboost|p2a: Urshifu|spd|1
|
|-end|p1a: Clefable|move: Future Sight
|-damage|p1a: Clefable|0 fnt
|faint|p1a: Clefable
|-damage|p2a: Urshifu|82/100 tox|[from] psn
|upkeep
|
|t:|1661228267
|switch|p1a: Blissey|Blissey, F|100/100
|turn|5
|
|t:|1661228272
|switch|p1a: Toxapex|Toxapex, M|100/100
|move|p2a: Urshifu|U-turn|p1a: Toxapex
|-resisted|p1a: Toxapex
|-damage|p1a: Toxapex|93/100
|
|t:|1661228277
|switch|p2a: Excadrill|Excadrill, M, shiny|100/100|[from]move: U-turn
|
|-fieldend|move: Psychic Terrain
|upkeep
|turn|6
|
|t:|1661228281
|switch|p1a: Corviknight|Corviknight, F|100/100
|-ability|p1a: Corviknight|Pressure
|move|p2a: Excadrill|Earthquake|p1a: Corviknight
|-immune|p1a: Corviknight
|
|upkeep
|turn|7
|
|t:|1661228285
|switch|p2a: Ferrothorn|Ferrothorn, M, shiny|100/100
|switch|p1a: Blissey|Blissey, F|100/100
|
|upkeep
|turn|8
|
|t:|1661228289
|switch|p1a: Corviknight|Corviknight, F|100/100
|-ability|p1a: Corviknight|Pressure
|move|p2a: Ferrothorn|Stealth Rock|p1a: Corviknight
|-sidestart|p1: mekki the poison|move: Stealth Rock
|
|upkeep
|turn|9
|
|t:|1661228292
|move|p1a: Corviknight|Defog|p2a: Ferrothorn
|-unboost|p2a: Ferrothorn|evasion|1
|-sideend|p1: mekki the poison|Stealth Rock|[from] move: Defog|[of] p1a: Corviknight
|move|p2a: Ferrothorn|Leech Seed|p1a: Corviknight
|-start|p1a: Corviknight|move: Leech Seed
|
|-damage|p1a: Corviknight|88/100|[from] Leech Seed|[of] p2a: Ferrothorn
|upkeep
|turn|10
|
|t:|1661228296
|move|p1a: Corviknight|Iron Defense|p1a: Corviknight
|-boost|p1a: Corviknight|def|2
|move|p2a: Ferrothorn|Stealth Rock|p1a: Corviknight
|-sidestart|p1: mekki the poison|move: Stealth Rock
|
|-heal|p1a: Corviknight|94/100|[from] item: Leftovers
|-damage|p1a: Corviknight|82/100|[from] Leech Seed|[of] p2a: Ferrothorn
|upkeep
|turn|11
|
|t:|1661228298
|move|p1a: Corviknight|Defog|p2a: Ferrothorn
|-unboost|p2a: Ferrothorn|evasion|1
|-sideend|p1: mekki the poison|Stealth Rock|[from] move: Defog|[of] p1a: Corviknight
|move|p2a: Ferrothorn|Knock Off|p1a: Corviknight
|-damage|p1a: Corviknight|76/100
|-enditem|p1a: Corviknight|Leftovers|[from] move: Knock Off|[of] p2a: Ferrothorn
|
|-damage|p1a: Corviknight|63/100|[from] Leech Seed|[of] p2a: Ferrothorn
|upkeep
|turn|12
|
|t:|1661228301
|move|p1a: Corviknight|Roost|p1a: Corviknight
|-heal|p1a: Corviknight|100/100
|-singleturn|p1a: Corviknight|move: Roost
|move|p2a: Ferrothorn|Stealth Rock|p1a: Corviknight
|-sidestart|p1: mekki the poison|move: Stealth Rock
|
|-damage|p1a: Corviknight|88/100|[from] Leech Seed|[of] p2a: Ferrothorn
|upkeep
|turn|13
|
|t:|1661228303
|switch|p2a: Zapdos|Zapdos, shiny|100/100
|move|p1a: Corviknight|Defog|p2a: Zapdos
|-unboost|p2a: Zapdos|evasion|1
|-sideend|p1: mekki the poison|Stealth Rock|[from] move: Defog|[of] p1a: Corviknight
|
|-damage|p1a: Corviknight|75/100|[from] Leech Seed|[of] p2a: Zapdos
|upkeep
|turn|14
|
|t:|1661228306
|switch|p2a: Ferrothorn|Ferrothorn, M, shiny|100/100
|switch|p1a: Gastrodon|Gastrodon, F|100/100
|
|upkeep
|turn|15
|
|t:|1661228309
|switch|p1a: Corviknight|Corviknight, F|75/100
|-ability|p1a: Corviknight|Pressure
|move|p2a: Ferrothorn|Stealth Rock|p1a: Corviknight
|-sidestart|p1: mekki the poison|move: Stealth Rock
|
|upkeep
|turn|16
|
|t:|1661228311
|move|p1a: Corviknight|Defog|p2a: Ferrothorn
|-unboost|p2a: Ferrothorn|evasion|1
|-sideend|p1: mekki the poison|Stealth Rock|[from] move: Defog|[of] p1a: Corviknight
|move|p2a: Ferrothorn|Leech Seed|p1a: Corviknight
|-start|p1a: Corviknight|move: Leech Seed
|
|-damage|p1a: Corviknight|63/100|[from] Leech Seed|[of] p2a: Ferrothorn
|upkeep
|turn|17
|
|t:|1661228314
|move|p1a: Corviknight|Roost|p1a: Corviknight
|-heal|p1a: Corviknight|100/100
|-singleturn|p1a: Corviknight|move: Roost
|move|p2a: Ferrothorn|Stealth Rock|p1a: Corviknight
|-sidestart|p1: mekki the poison|move: Stealth Rock
|
|-damage|p1a: Corviknight|88/100|[from] Leech Seed|[of] p2a: Ferrothorn
|upkeep
|turn|18
|
|t:|1661228319
|move|p1a: Corviknight|Defog|p2a: Ferrothorn
|-unboost|p2a: Ferrothorn|evasion|1
|-sideend|p1: mekki the poison|Stealth Rock|[from] move: Defog|[of] p1a: Corviknight
|move|p2a: Ferrothorn|Stealth Rock|p1a: Corviknight
|-sidestart|p1: mekki the poison|move: Stealth Rock
|
|-damage|p1a: Corviknight|75/100|[from] Leech Seed|[of] p2a: Ferrothorn
|upkeep
|turn|19
|
|t:|1661228324
|move|p1a: Corviknight|Defog|p2a: Ferrothorn
|-unboost|p2a: Ferrothorn|evasion|1
|-sideend|p1: mekki the poison|Stealth Rock|[from] move: Defog|[of] p1a: Corviknight
|move|p2a: Ferrothorn|Body Press|p1a: Corviknight
|-damage|p1a: Corviknight|61/100
|
|-damage|p1a: Corviknight|48/100|[from] Leech Seed|[of] p2a: Ferrothorn
|upkeep
|turn|20
|
|t:|1661228327
|switch|p2a: Tapu Lele|Tapu Lele, shiny|79/100
|-fieldstart|move: Psychic Terrain|[from] ability: Psychic Surge|[of] p2a: Tapu Lele
|move|p1a: Corviknight|Roost|p1a: Corviknight
|-heal|p1a: Corviknight|98/100
|-singleturn|p1a: Corviknight|move: Roost
|
|-damage|p1a: Corviknight|86/100|[from] Leech Seed|[of] p2a: Tapu Lele
|-heal|p2a: Tapu Lele|97/100|[silent]
|upkeep
|turn|21
|
|t:|1661228345
|switch|p1a: Toxapex|Toxapex, M|100/100
|move|p2a: Tapu Lele|Future Sight|p1a: Toxapex
|-start|p2a: Tapu Lele|move: Future Sight
|
|upkeep
|turn|22
|
|t:|1661228356
|switch|p2a: Urshifu|Urshifu-Rapid-Strike, M|82/100 tox
|switch|p1a: Gastrodon|Gastrodon, F|100/100
|
|-damage|p2a: Urshifu|76/100 tox|[from] psn
|upkeep
|turn|23
|
|t:|1661228364
|switch|p1a: Pyukumuku|Pyukumuku, L94, F|100/100
|move|p2a: Urshifu|Close Combat|p1a: Pyukumuku
|-damage|p1a: Pyukumuku|25/100
|-unboost|p2a: Urshifu|def|1
|-unboost|p2a: Urshifu|spd|1
|
|-end|p1a: Pyukumuku|move: Future Sight
|-damage|p1a: Pyukumuku|0 fnt
|faint|p1a: Pyukumuku
|-damage|p2a: Urshifu|64/100 tox|[from] psn
|upkeep
|inactive|mekki the poison has 120 seconds left.
|
|t:|1661228394
|switch|p1a: Corviknight|Corviknight, F|86/100
|-ability|p1a: Corviknight|Pressure
|turn|24
|
|t:|1661228397
|move|p2a: Urshifu|U-turn|p1a: Corviknight
|-resisted|p1a: Corviknight
|-damage|p1a: Corviknight|83/100
|
|t:|1661228399
|switch|p2a: Ferrothorn|Ferrothorn, M, shiny|100/100|[from]move: U-turn
|move|p1a: Corviknight|Roost|p1a: Corviknight
|-heal|p1a: Corviknight|100/100
|-singleturn|p1a: Corviknight|move: Roost
|
|-fieldend|move: Psychic Terrain
|upkeep
|turn|25
|
|t:|1661228404
|move|p1a: Corviknight|Iron Defense|p1a: Corviknight
|-boost|p1a: Corviknight|def|2
|move|p2a: Ferrothorn|Leech Seed|p1a: Corviknight
|-start|p1a: Corviknight|move: Leech Seed
|
|-damage|p1a: Corviknight|88/100|[from] Leech Seed|[of] p2a: Ferrothorn
|upkeep
|turn|26
|
|t:|1661228407
|move|p1a: Corviknight|Body Press|p2a: Ferrothorn
|-supereffective|p2a: Ferrothorn
|-damage|p2a: Ferrothorn|33/100
|-damage|p1a: Corviknight|75/100|[from] ability: Iron Barbs|[of] p2a: Ferrothorn
|move|p2a: Ferrothorn|Stealth Rock|p1a: Corviknight
|-sidestart|p1: mekki the poison|move: Stealth Rock
|
|-heal|p2a: Ferrothorn|39/100|[from] item: Leftovers
|-damage|p1a: Corviknight|63/100|[from] Leech Seed|[of] p2a: Ferrothorn
|-heal|p2a: Ferrothorn|53/100|[silent]
|upkeep
|turn|27
|
|t:|1661228413
|switch|p2a: Zapdos|Zapdos, shiny|100/100
|move|p1a: Corviknight|Defog|p2a: Zapdos
|-unboost|p2a: Zapdos|evasion|1
|-sideend|p1: mekki the poison|Stealth Rock|[from] move: Defog|[of] p1a: Corviknight
|
|-damage|p1a: Corviknight|50/100|[from] Leech Seed|[of] p2a: Zapdos
|upkeep
|turn|28
|
|t:|1661228417
|switch|p1a: Gastrodon|Gastrodon, F|100/100
|move|p2a: Zapdos|Volt Switch|p1a: Gastrodon
|-immune|p1a: Gastrodon
|
|upkeep
|turn|29
|
|t:|1661228421
|move|p2a: Zapdos|Volt Switch|p1a: Gastrodon
|-immune|p1a: Gastrodon
|move|p1a: Gastrodon|Scald|p2a: Zapdos
|-crit|p2a: Zapdos
|-damage|p2a: Zapdos|67/100
|
|upkeep
|turn|30
|
|t:|1661228427
|switch|p2a: Ferrothorn|Ferrothorn, M, shiny|53/100
|move|p1a: Gastrodon|Scald|p2a: Ferrothorn
|-resisted|p2a: Ferrothorn
|-crit|p2a: Ferrothorn
|-damage|p2a: Ferrothorn|40/100
|-status|p2a: Ferrothorn|brn
|
|-heal|p2a: Ferrothorn|46/100 brn|[from] item: Leftovers
|-damage|p2a: Ferrothorn|40/100 brn|[from] brn
|upkeep
|turn|31
|
|t:|1661228432
|switch|p1a: Corviknight|Corviknight, F|50/100
|-ability|p1a: Corviknight|Pressure
|move|p2a: Ferrothorn|Leech Seed|p1a: Corviknight
|-start|p1a: Corviknight|move: Leech Seed
|
|-heal|p2a: Ferrothorn|46/100 brn|[from] item: Leftovers
|-damage|p1a: Corviknight|38/100|[from] Leech Seed|[of] p2a: Ferrothorn
|-heal|p2a: Ferrothorn|60/100 brn|[silent]
|-damage|p2a: Ferrothorn|54/100 brn|[from] brn
|upkeep
|turn|32
|
|t:|1661228436
|move|p1a: Corviknight|Roost|p1a: Corviknight
|-heal|p1a: Corviknight|88/100
|-singleturn|p1a: Corviknight|move: Roost
|move|p2a: Ferrothorn|Stealth Rock|p1a: Corviknight
|-sidestart|p1: mekki the poison|move: Stealth Rock
|
|-heal|p2a: Ferrothorn|60/100 brn|[from] item: Leftovers
|-damage|p1a: Corviknight|75/100|[from] Leech Seed|[of] p2a: Ferrothorn
|-heal|p2a: Ferrothorn|74/100 brn|[silent]
|-damage|p2a: Ferrothorn|68/100 brn|[from] brn
|upkeep
|turn|33
|
|t:|1661228439
|move|p1a: Corviknight|Defog|p2a: Ferrothorn
|-unboost|p2a: Ferrothorn|evasion|1
|-sideend|p1: mekki the poison|Stealth Rock|[from] move: Defog|[of] p1a: Corviknight
|move|p2a: Ferrothorn|Body Press|p1a: Corviknight
|-damage|p1a: Corviknight|67/100
|
|-heal|p2a: Ferrothorn|74/100 brn|[from] item: Leftovers
|-damage|p1a: Corviknight|55/100|[from] Leech Seed|[of] p2a: Ferrothorn
|-heal|p2a: Ferrothorn|89/100 brn|[silent]
|-damage|p2a: Ferrothorn|83/100 brn|[from] brn
|upkeep
|turn|34
|
|t:|1661228442
|move|p1a: Corviknight|Roost|p1a: Corviknight
|-heal|p1a: Corviknight|100/100
|-singleturn|p1a: Corviknight|move: Roost
|move|p2a: Ferrothorn|Stealth Rock|p1a: Corviknight
|-sidestart|p1: mekki the poison|move: Stealth Rock
|
|-heal|p2a: Ferrothorn|89/100 brn|[from] item: Leftovers
|-damage|p1a: Corviknight|88/100|[from] Leech Seed|[of] p2a: Ferrothorn
|-heal|p2a: Ferrothorn|100/100 brn|[silent]
|-damage|p2a: Ferrothorn|95/100 brn|[from] brn
|upkeep
|turn|35
|
|t:|1661228448
|move|p1a: Corviknight|Defog|p2a: Ferrothorn
|-unboost|p2a: Ferrothorn|evasion|1
|-sideend|p1: mekki the poison|Stealth Rock|[from] move: Defog|[of] p1a: Corviknight
|move|p2a: Ferrothorn|Body Press|p1a: Corviknight
|-damage|p1a: Corviknight|81/100
|
|-heal|p2a: Ferrothorn|100/100 brn|[from] item: Leftovers
|-damage|p1a: Corviknight|68/100|[from] Leech Seed|[of] p2a: Ferrothorn
|-damage|p2a: Ferrothorn|95/100 brn|[from] brn
|upkeep
|turn|36
|
|t:|1661228455
|switch|p2a: Tapu Lele|Tapu Lele, shiny|97/100
|-fieldstart|move: Psychic Terrain|[from] ability: Psychic Surge|[of] p2a: Tapu Lele
|move|p1a: Corviknight|Iron Defense|p1a: Corviknight
|-boost|p1a: Corviknight|def|2
|
|-damage|p1a: Corviknight|56/100|[from] Leech Seed|[of] p2a: Tapu Lele
|-heal|p2a: Tapu Lele|100/100|[silent]
|upkeep
|turn|37
|
|t:|1661228460
|move|p2a: Tapu Lele|Future Sight|p1a: Corviknight
|-start|p2a: Tapu Lele|move: Future Sight
|move|p1a: Corviknight|Roost|p1a: Corviknight
|-heal|p1a: Corviknight|100/100
|-singleturn|p1a: Corviknight|move: Roost
|
|-damage|p1a: Corviknight|88/100|[from] Leech Seed|[of] p2a: Tapu Lele
|upkeep
|turn|38
|
|t:|1661228468
|move|p2a: Tapu Lele|Focus Blast|p1a: Corviknight
|-damage|p1a: Corviknight|47/100
|move|p1a: Corviknight|Roost|p1a: Corviknight
|-heal|p1a: Corviknight|97/100
|-singleturn|p1a: Corviknight|move: Roost
|
|-damage|p1a: Corviknight|84/100|[from] Leech Seed|[of] p2a: Tapu Lele
|upkeep
|turn|39
|
|t:|1661228473
|switch|p2a: Zapdos|Zapdos, shiny|67/100
|switch|p1a: Blissey|Blissey, F|100/100
|
|-end|p1a: Blissey|move: Future Sight
|-damage|p1a: Blissey|70/100
|upkeep
|turn|40
|
|t:|1661228477
|move|p2a: Zapdos|Volt Switch|p1a: Blissey
|-damage|p1a: Blissey|59/100
|
|t:|1661228481
|switch|p2a: Excadrill|Excadrill, M, shiny|100/100|[from]move: Volt Switch
|move|p1a: Blissey|Stealth Rock|p2a: Excadrill
|-sidestart|p2: LT94JE A|move: Stealth Rock
|
|-fieldend|move: Psychic Terrain
|upkeep
|turn|41
|
|t:|1661228484
|move|p2a: Excadrill|Swords Dance|p2a: Excadrill
|-boost|p2a: Excadrill|atk|2
|move|p1a: Blissey|Soft-Boiled|p1a: Blissey
|-heal|p1a: Blissey|100/100
|
|upkeep
|turn|42
|
|t:|1661228488
|switch|p1a: Corviknight|Corviknight, F|84/100
|-ability|p1a: Corviknight|Pressure
|move|p2a: Excadrill|Swords Dance|p2a: Excadrill
|-boost|p2a: Excadrill|atk|2
|
|upkeep
|turn|43
|
|t:|1661228490
|move|p2a: Excadrill|Rock Slide|p1a: Corviknight
|-damage|p1a: Corviknight|17/100
|-damage|p2a: Excadrill|91/100|[from] item: Life Orb
|cant|p1a: Corviknight|flinch
|
|upkeep
|turn|44
|-message|mekki the poison forfeited.
|
|win|LT94JE A
|raw|mekki the poison's rating: 1614 &rarr; <strong>1595</strong><br />(-19 for losing)
|raw|LT94JE A's rating: 1626 &rarr; <strong>1645</strong><br />(+19 for winning)
|l|☆mekki the poison
