|j|☆JoeyOwesMeMoney
|j|☆randorooosu
|player|p1|JoeyOwesMeMoney|101|1754
|player|p2|randorooosu|ghetsis-gen5bw|1679
|teamsize|p1|6
|teamsize|p2|6
|gametype|singles
|gen|8
|tier|[Gen 8] OU
|rated|
|clearpoke
|poke|p1|Chansey, F|
|poke|p1|Toxapex, M|
|poke|p1|Clefable, M|
|poke|p1|Corviknight, M|
|poke|p1|Magearna|
|poke|p1|Blissey, F|
|poke|p2|Druddigon, M|
|poke|p2|Shuckle, F|
|poke|p2|Excadrill, F|
|poke|p2|Kommo-o, F|
|poke|p2|Clefable, M|
|poke|p2|Alakazam, F|
|rule|Sleep Clause Mod: Limit one foe put to sleep
|rule|Species Clause: Limit one of each Pokémon
|rule|OHKO Clause: OHKO moves are banned
|rule|Evasion Moves Clause: Evasion moves are banned
|rule|Endless Battle Clause: Forcing endless battles is banned
|rule|HP Percentage Mod: HP is shown in percentages
|rule|Dynamax Clause: You cannot dynamax
|teampreview
|
|start
|switch|p1a: Toxapex|Toxapex, M|100/100
|switch|p2a: Shuckle|Shuckle, F|100/100
|turn|1
|
|move|p1a: Toxapex|Toxic Spikes|p2a: Shuckle
|-sidestart|p2: randorooosu|move: Toxic Spikes
|move|p2a: Shuckle|Stealth Rock|p1a: Toxapex
|-sidestart|p1: JoeyOwesMeMoney|move: Stealth Rock
|
|upkeep
|turn|2
|
|move|p1a: Toxapex|Scald|p2a: Shuckle
|-supereffective|p2a: Shuckle
|-damage|p2a: Shuckle|78/100
|move|p2a: Shuckle|Encore|p1a: Toxapex
|-start|p1a: Toxapex|Encore
|
|upkeep
|turn|3
|
|switch|p2a: Clefable|Clefable, M|100/100
|-status|p2a: Clefable|psn
|move|p1a: Toxapex|Scald|p2a: Clefable
|-damage|p2a: Clefable|89/100 psn
|
|-heal|p2a: Clefable|95/100 psn|[from] item: Leftovers
|upkeep
|turn|4
|
|switch|p1a: Magearna|Magearna|100/100
|-damage|p1a: Magearna|94/100|[from] Stealth Rock
|move|p2a: Clefable|Thunder Wave|p1a: Magearna
|-status|p1a: Magearna|par
|
|-heal|p2a: Clefable|100/100 psn|[from] item: Leftovers
|upkeep
|turn|5
|
|switch|p1a: Toxapex|Toxapex, M|100/100
|-damage|p1a: Toxapex|88/100|[from] Stealth Rock
|move|p2a: Clefable|Knock Off|p1a: Toxapex
|-damage|p1a: Toxapex|78/100
|-enditem|p1a: Toxapex|Black Sludge|[from] move: Knock Off|[of] p2a: Clefable
|
|upkeep
|turn|6
|
|move|p2a: Clefable|Thunder Wave|p1a: Toxapex
|-status|p1a: Toxapex|par
|cant|p1a: Toxapex|par
|
|upkeep
|turn|7
|
|move|p2a: Clefable|Moonblast|p1a: Toxapex
|-resisted|p1a: Toxapex
|-damage|p1a: Toxapex|66/100 par
|move|p1a: Toxapex|Knock Off|p2a: Clefable
|-resisted|p2a: Clefable
|-damage|p2a: Clefable|93/100 psn
|-enditem|p2a: Clefable|Leftovers|[from] move: Knock Off|[of] p1a: Toxapex
|
|upkeep
|turn|8
|
|switch|p2a: Excadrill|Excadrill, F|100/100
|-ability|p2a: Excadrill|Mold Breaker
|move|p1a: Toxapex|Scald|p2a: Excadrill
|-supereffective|p2a: Excadrill
|-damage|p2a: Excadrill|58/100
|-status|p2a: Excadrill|brn
|
|-heal|p2a: Excadrill|64/100 brn|[from] item: Leftovers
|-damage|p2a: Excadrill|58/100 brn|[from] brn
|upkeep
|turn|9
|
|move|p2a: Excadrill|Rapid Spin|p1a: Toxapex
|-damage|p1a: Toxapex|60/100 par
|-boost|p2a: Excadrill|spe|1
|-sideend|p2: randorooosu|Toxic Spikes|[from] move: Rapid Spin|[of] p2a: Excadrill
|cant|p1a: Toxapex|par
|
|-heal|p2a: Excadrill|64/100 brn|[from] item: Leftovers
|-damage|p2a: Excadrill|58/100 brn|[from] brn
|upkeep
|turn|10
|
|move|p2a: Excadrill|Earthquake|p1a: Toxapex
|-supereffective|p1a: Toxapex
|-damage|p1a: Toxapex|28/100 par
|cant|p1a: Toxapex|par
|
|-heal|p2a: Excadrill|64/100 brn|[from] item: Leftovers
|-damage|p2a: Excadrill|58/100 brn|[from] brn
|upkeep
|turn|11
|
|switch|p2a: Druddigon|Druddigon, M|100/100
|switch|p1a: Corviknight|Corviknight, M|100/100
|-damage|p1a: Corviknight|88/100|[from] Stealth Rock
|-ability|p1a: Corviknight|Pressure
|
|upkeep
|turn|12
|
|move|p2a: Druddigon|Fire Punch|p1a: Corviknight
|-supereffective|p1a: Corviknight
|-damage|p1a: Corviknight|41/100
|-damage|p2a: Druddigon|84/100|[from] item: Rocky Helmet|[of] p1a: Corviknight
|move|p1a: Corviknight|Defog|p2a: Druddigon
|-unboost|p2a: Druddigon|evasion|1
|-sideend|p1: JoeyOwesMeMoney|Stealth Rock|[from] move: Defog|[of] p1a: Corviknight
|
|upkeep
|turn|13
|
|switch|p1a: Toxapex|Toxapex, M|62/100 par
|move|p2a: Druddigon|Fire Punch|p1a: Toxapex
|-resisted|p1a: Toxapex
|-damage|p1a: Toxapex|49/100 par
|
|upkeep
|turn|14
|
|switch|p1a: Clefable|Clefable, M|100/100
|move|p2a: Druddigon|Thunder Punch|p1a: Clefable
|-damage|p1a: Clefable|70/100
|
|-heal|p1a: Clefable|76/100|[from] item: Leftovers
|upkeep
|turn|15
|
|move|p2a: Druddigon|Gunk Shot|p1a: Clefable
|-supereffective|p1a: Clefable
|-damage|p1a: Clefable|0 fnt
|faint|p1a: Clefable
|
|upkeep
|
|switch|p1a: Magearna|Magearna|94/100 par
|turn|16
|
|move|p2a: Druddigon|Fire Punch|p1a: Magearna
|-supereffective|p1a: Magearna
|-damage|p1a: Magearna|24/100 par
|cant|p1a: Magearna|par
|
|upkeep
|turn|17
|j| Based Vanz
|
|switch|p1a: Chansey|Chansey, F|100/100
|move|p2a: Druddigon|Fire Punch|p1a: Chansey
|-damage|p1a: Chansey|75/100
|
|upkeep
|turn|18
|
|switch|p2a: Shuckle|Shuckle, F|78/100
|move|p1a: Chansey|Soft-Boiled|p1a: Chansey
|-heal|p1a: Chansey|100/100
|
|upkeep
|turn|19
|
|move|p1a: Chansey|Stealth Rock|p2a: Shuckle
|-sidestart|p2: randorooosu|move: Stealth Rock
|move|p2a: Shuckle|Encore|p1a: Chansey
|-start|p1a: Chansey|Encore
|
|upkeep
|turn|20
|
|switch|p1a: Blissey|Blissey, F|100/100
|switch|p2a: Kommo-o|Kommo-o, F|100/100
|-damage|p2a: Kommo-o|94/100|[from] Stealth Rock
|
|upkeep
|turn|21
|
|switch|p2a: Clefable|Clefable, M|93/100 psn
|switch|p1a: Toxapex|Toxapex, M|82/100 par
|
|upkeep
|turn|22
|
|switch|p1a: Blissey|Blissey, F|100/100
|move|p2a: Clefable|Moonblast|p1a: Blissey
|-damage|p1a: Blissey|89/100
|
|-heal|p1a: Blissey|95/100|[from] item: Leftovers
|upkeep
|turn|23
|
|move|p1a: Blissey|Wish|p1a: Blissey
|move|p2a: Clefable|Knock Off|p1a: Blissey
|-crit|p1a: Blissey
|-damage|p1a: Blissey|74/100
|-enditem|p1a: Blissey|Leftovers|[from] move: Knock Off|[of] p2a: Clefable
|
|upkeep
|turn|24
|
|switch|p1a: Corviknight|Corviknight, M|41/100
|-ability|p1a: Corviknight|Pressure
|switch|p2a: Excadrill|Excadrill, F|58/100 brn
|-damage|p2a: Excadrill|55/100 brn|[from] Stealth Rock
|-ability|p2a: Excadrill|Mold Breaker
|
|-heal|p1a: Corviknight|100/100|[from] move: Wish|[wisher] Blissey
|-heal|p2a: Excadrill|61/100 brn|[from] item: Leftovers
|-damage|p2a: Excadrill|55/100 brn|[from] brn
|upkeep
|turn|25
|
|switch|p2a: Shuckle|Shuckle, F|78/100
|-damage|p2a: Shuckle|53/100|[from] Stealth Rock
|move|p1a: Corviknight|Body Press|p2a: Shuckle
|-crit|p2a: Shuckle
|-damage|p2a: Shuckle|30/100
|
|upkeep
|turn|26
|
|switch|p1a: Blissey|Blissey, F|74/100
|move|p2a: Shuckle|Stealth Rock|p1a: Blissey
|-sidestart|p1: JoeyOwesMeMoney|move: Stealth Rock
|
|upkeep
|turn|27
|
|move|p1a: Blissey|Wish|p1a: Blissey
|move|p2a: Shuckle|Final Gambit|p1a: Blissey
|-damage|p1a: Blissey|64/100
|faint|p2a: Shuckle
|
|upkeep
|
|switch|p2a: Kommo-o|Kommo-o, F|94/100
|-damage|p2a: Kommo-o|88/100|[from] Stealth Rock
|turn|28
|
|switch|p1a: Corviknight|Corviknight, M|100/100
|-damage|p1a: Corviknight|88/100|[from] Stealth Rock
|-ability|p1a: Corviknight|Pressure
|move|p2a: Kommo-o|Belly Drum|p2a: Kommo-o
|-damage|p2a: Kommo-o|38/100
|-setboost|p2a: Kommo-o|atk|6|[from] move: Belly Drum
|
|-heal|p1a: Corviknight|100/100|[from] move: Wish|[wisher] Blissey
|upkeep
|turn|29
|
|move|p2a: Kommo-o|Drain Punch|p1a: Corviknight
|-damage|p1a: Corviknight|13/100
|-heal|p2a: Kommo-o|98/100|[from] drain|[of] p1a: Corviknight
|-damage|p2a: Kommo-o|82/100|[from] item: Rocky Helmet|[of] p1a: Corviknight
|move|p1a: Corviknight|Body Press|p2a: Kommo-o
|-damage|p2a: Kommo-o|57/100
|
|upkeep
|turn|30
|inactive|Battle timer is ON: inactive players will automatically lose when time's up. (requested by randorooosu)
|inactive|JoeyOwesMeMoney has 120 seconds left.
|inactive|JoeyOwesMeMoney has 90 seconds left.
|inactive|JoeyOwesMeMoney has 60 seconds left.
|inactive|JoeyOwesMeMoney has 30 seconds left.
|inactive|JoeyOwesMeMoney has 20 seconds left.
|inactive|JoeyOwesMeMoney has 15 seconds left.
|inactive|JoeyOwesMeMoney has 10 seconds left.
|c|☆randorooosu|gg
|inactive|JoeyOwesMeMoney has 5 seconds left.
|-message|JoeyOwesMeMoney lost due to inactivity.
|
|win|randorooosu
|raw|JoeyOwesMeMoney's rating: 1754 &rarr; <strong>1730</strong><br />(-24 for losing)
|raw|randorooosu's rating: 1679 &rarr; <strong>1703</strong><br />(+24 for winning)
