|j|☆VolticHalberd
|j|☆wsdfg
|t:|1653105199
|gametype|singles
|player|p1|VolticHalberd|aaron|1621
|player|p2|wsdfg|burglar|1639
|teamsize|p1|6
|teamsize|p2|6
|gen|8
|tier|[Gen 8] OU
|rated|
|rule|Sleep Clause Mod: Limit one foe put to sleep
|rule|Species Clause: Limit one of each Pokémon
|rule|OHKO Clause: OHKO moves are banned
|rule|Evasion Moves Clause: Evasion moves are banned
|rule|Endless Battle Clause: Forcing endless battles is banned
|rule|HP Percentage Mod: HP is shown in percentages
|rule|Dynamax Clause: You cannot dynamax
|clearpoke
|poke|p1|Tyranitar, M|
|poke|p1|Swampert, F|
|poke|p1|Celesteela|
|poke|p1|Rillaboom, F|
|poke|p1|Zapdos|
|poke|p1|Buzzwole|
|poke|p2|Tapu Koko|
|poke|p2|Buzzwole|
|poke|p2|Landorus-Therian, M|
|poke|p2|Tapu Fini|
|poke|p2|Heatran, M|
|poke|p2|Weavile, M|
|teampreview
|
|t:|1653105231
|start
|switch|p1a: Swampert|Swampert, F|100/100
|switch|p2a: Tapu Koko|Tapu Koko|100/100
|-fieldstart|move: Electric Terrain|[from] ability: Electric Surge|[of] p2a: Tapu Koko
|turn|1
|
|t:|1653105243
|switch|p1a: Rillaboom|Rillaboom, F|100/100
|-fieldstart|move: Grassy Terrain|[from] ability: Grassy Surge|[of] p1a: Rillaboom
|move|p2a: Tapu Koko|U-turn|p1a: Rillaboom
|-supereffective|p1a: Rillaboom
|-damage|p1a: Rillaboom|63/100
|
|t:|1653105248
|switch|p2a: Buzzwole|Buzzwole|100/100|[from]move: U-turn
|
|-heal|p1a: Rillaboom|69/100|[from] Grassy Terrain
|upkeep
|turn|2
|
|t:|1653105257
|switch|p1a: Zapdos|Zapdos|100/100
|move|p2a: Buzzwole|Ice Punch|p1a: Zapdos
|-supereffective|p1a: Zapdos
|-damage|p1a: Zapdos|62/100
|-status|p1a: Zapdos|frz
|
|upkeep
|turn|3
|
|t:|1653105267
|switch|p2a: Heatran|Heatran, M|100/100
|cant|p1a: Zapdos|frz
|
|upkeep
|turn|4
|
|t:|1653105271
|-curestatus|p1a: Zapdos|frz|[msg]
|move|p1a: Zapdos|Roost|p1a: Zapdos
|-heal|p1a: Zapdos|100/100
|-singleturn|p1a: Zapdos|move: Roost
|move|p2a: Heatran|Magma Storm|p1a: Zapdos
|-damage|p1a: Zapdos|55/100
|-activate|p1a: Zapdos|move: Magma Storm|[of] p2a: Heatran
|
|-heal|p1a: Zapdos|61/100|[from] Grassy Terrain
|-damage|p1a: Zapdos|49/100|[from] move: Magma Storm|[partiallytrapped]
|upkeep
|turn|5
|
|t:|1653105279
|move|p1a: Zapdos|Roost|p1a: Zapdos
|-heal|p1a: Zapdos|99/100
|-singleturn|p1a: Zapdos|move: Roost
|move|p2a: Heatran|Toxic|p1a: Zapdos
|-status|p1a: Zapdos|tox
|
|-heal|p1a: Zapdos|100/100 tox|[from] Grassy Terrain
|-damage|p1a: Zapdos|94/100 tox|[from] psn
|-damage|p1a: Zapdos|82/100 tox|[from] move: Magma Storm|[partiallytrapped]
|-fieldend|move: Grassy Terrain
|upkeep
|turn|6
|
|t:|1653105287
|move|p1a: Zapdos|Discharge|p2a: Heatran
|-damage|p2a: Heatran|80/100
|-status|p2a: Heatran|par
|move|p2a: Heatran|Magma Storm|p1a: Zapdos
|-damage|p1a: Zapdos|36/100 tox
|
|-heal|p2a: Heatran|86/100 par|[from] item: Leftovers
|-damage|p1a: Zapdos|24/100 tox|[from] psn
|-damage|p1a: Zapdos|11/100 tox|[from] move: Magma Storm|[partiallytrapped]
|upkeep
|turn|7
|
|t:|1653105300
|move|p1a: Zapdos|Discharge|p2a: Heatran
|-damage|p2a: Heatran|66/100 par
|move|p2a: Heatran|Earth Power|p1a: Zapdos
|-immune|p1a: Zapdos
|
|-heal|p2a: Heatran|73/100 par|[from] item: Leftovers
|-damage|p1a: Zapdos|0 fnt|[from] psn
|faint|p1a: Zapdos
|upkeep
|
|t:|1653105311
|switch|p1a: Swampert|Swampert, F|100/100
|turn|8
|
|t:|1653105318
|switch|p2a: Tapu Fini|Tapu Fini|100/100
|-fieldstart|move: Misty Terrain|[from] ability: Misty Surge|[of] p2a: Tapu Fini
|move|p1a: Swampert|Flip Turn|p2a: Tapu Fini
|-resisted|p2a: Tapu Fini
|-damage|p2a: Tapu Fini|80/100
|
|t:|1653105340
|switch|p1a: Celesteela|Celesteela|100/100|[from]move: Flip Turn
|
|upkeep
|turn|9
|
|t:|1653105350
|move|p2a: Tapu Fini|Trick|p1a: Celesteela
|-activate|p2a: Tapu Fini|move: Trick|[of] p1a: Celesteela
|-item|p1a: Celesteela|Choice Scarf|[from] move: Trick
|-item|p2a: Tapu Fini|Power Herb|[from] move: Trick
|move|p1a: Celesteela|Meteor Beam||[still]
|-prepare|p1a: Celesteela|Meteor Beam
|-boost|p1a: Celesteela|spa|1
|
|upkeep
|turn|10
|j| Agency Paper
|
|t:|1653105368
|switch|p2a: Heatran|Heatran, M|73/100 par
|move|p1a: Celesteela|Meteor Beam|p2a: Heatran|[from]lockedmove
|-crit|p2a: Heatran
|-damage|p2a: Heatran|15/100 par
|
|-heal|p2a: Heatran|21/100 par|[from] item: Leftovers
|upkeep
|turn|11
|
|t:|1653105375
|move|p1a: Celesteela|Meteor Beam||[still]
|-prepare|p1a: Celesteela|Meteor Beam
|-boost|p1a: Celesteela|spa|1
|move|p2a: Heatran|Magma Storm|p1a: Celesteela
|-supereffective|p1a: Celesteela
|-damage|p1a: Celesteela|27/100
|-activate|p1a: Celesteela|move: Magma Storm|[of] p2a: Heatran
|
|-heal|p2a: Heatran|27/100 par|[from] item: Leftovers
|-damage|p1a: Celesteela|14/100|[from] move: Magma Storm|[partiallytrapped]
|upkeep
|turn|12
|
|t:|1653105380
|move|p1a: Celesteela|Meteor Beam|p2a: Heatran|[from]lockedmove
|-damage|p2a: Heatran|0 fnt
|faint|p2a: Heatran
|-ability|p1a: Celesteela|Beast Boost|boost
|-boost|p1a: Celesteela|spa|1
|
|-end|p1a: Celesteela|Magma Storm|[partiallytrapped]|[silent]
|-fieldend|Misty Terrain
|upkeep
|
|t:|1653105382
|switch|p2a: Tapu Koko|Tapu Koko|100/100
|-fieldstart|move: Electric Terrain|[from] ability: Electric Surge|[of] p2a: Tapu Koko
|turn|13
|
|t:|1653105387
|move|p2a: Tapu Koko|Thunderbolt|p1a: Celesteela
|-supereffective|p1a: Celesteela
|-damage|p1a: Celesteela|0 fnt
|faint|p1a: Celesteela
|
|upkeep
|
|t:|1653105390
|switch|p1a: Swampert|Swampert, F|100/100
|turn|14
|
|t:|1653105392
|move|p2a: Tapu Koko|U-turn|p1a: Swampert
|-damage|p1a: Swampert|86/100
|
|t:|1653105394
|switch|p2a: Tapu Fini|Tapu Fini|80/100|[from]move: U-turn
|-fieldstart|move: Misty Terrain|[from] ability: Misty Surge|[of] p2a: Tapu Fini
|move|p1a: Swampert|Flip Turn|p2a: Tapu Fini
|-resisted|p2a: Tapu Fini
|-damage|p2a: Tapu Fini|59/100
|
|t:|1653105401
|switch|p1a: Rillaboom|Rillaboom, F|69/100|[from]move: Flip Turn
|-fieldstart|move: Grassy Terrain|[from] ability: Grassy Surge|[of] p1a: Rillaboom
|
|-heal|p2a: Tapu Fini|65/100|[from] Grassy Terrain
|-heal|p1a: Rillaboom|75/100|[from] Grassy Terrain
|upkeep
|turn|15
|
|t:|1653105404
|switch|p2a: Buzzwole|Buzzwole|100/100
|move|p1a: Rillaboom|U-turn|p2a: Buzzwole
|-resisted|p2a: Buzzwole
|-damage|p2a: Buzzwole|89/100
|-damage|p1a: Rillaboom|65/100|[from] item: Life Orb
|
|t:|1653105413
|switch|p1a: Swampert|Swampert, F|86/100|[from]move: U-turn
|
|-heal|p2a: Buzzwole|95/100|[from] Grassy Terrain
|-heal|p1a: Swampert|92/100|[from] Grassy Terrain
|upkeep
|turn|16
|
|t:|1653105418
|move|p2a: Buzzwole|Close Combat|p1a: Swampert
|-damage|p1a: Swampert|30/100
|-unboost|p2a: Buzzwole|def|1
|-unboost|p2a: Buzzwole|spd|1
|move|p1a: Swampert|Liquidation|p2a: Buzzwole
|-damage|p2a: Buzzwole|6/100
|
|-heal|p2a: Buzzwole|12/100|[from] Grassy Terrain
|-heal|p1a: Swampert|36/100|[from] Grassy Terrain
|upkeep
|turn|17
|
|t:|1653105428
|move|p2a: Buzzwole|Close Combat|p1a: Swampert
|-damage|p1a: Swampert|0 fnt
|-unboost|p2a: Buzzwole|def|1
|-unboost|p2a: Buzzwole|spd|1
|faint|p1a: Swampert
|-ability|p2a: Buzzwole|Beast Boost|boost
|-boost|p2a: Buzzwole|atk|1
|
|-heal|p2a: Buzzwole|18/100|[from] Grassy Terrain
|upkeep
|
|t:|1653105448
|switch|p1a: Buzzwole|Buzzwole|100/100
|turn|18
|
|t:|1653105456
|move|p1a: Buzzwole|Ice Punch|p2a: Buzzwole
|-damage|p2a: Buzzwole|0 fnt
|faint|p2a: Buzzwole
|-ability|p1a: Buzzwole|Beast Boost|boost
|-boost|p1a: Buzzwole|atk|1
|
|-fieldend|move: Grassy Terrain
|upkeep
|
|t:|1653105459
|switch|p2a: Tapu Koko|Tapu Koko|100/100
|-fieldstart|move: Electric Terrain|[from] ability: Electric Surge|[of] p2a: Tapu Koko
|turn|19
|
|t:|1653105471
|move|p1a: Buzzwole|Ice Punch|p2a: Tapu Koko
|-damage|p2a: Tapu Koko|46/100
|move|p2a: Tapu Koko|U-turn|p1a: Buzzwole
|-resisted|p1a: Buzzwole
|-damage|p1a: Buzzwole|94/100
|
|t:|1653105474
|switch|p2a: Tapu Fini|Tapu Fini|65/100|[from]move: U-turn
|-fieldstart|move: Misty Terrain|[from] ability: Misty Surge|[of] p2a: Tapu Fini
|
|upkeep
|turn|20
|
|t:|1653105494
|switch|p1a: Tyranitar|Tyranitar, M|100/100
|-weather|Sandstorm|[from] ability: Sand Stream|[of] p1a: Tyranitar
|move|p2a: Tapu Fini|Moonblast|p1a: Tyranitar
|-supereffective|p1a: Tyranitar
|-damage|p1a: Tyranitar|76/100
|
|-weather|Sandstorm|[upkeep]
|-damage|p2a: Tapu Fini|59/100|[from] Sandstorm
|upkeep
|turn|21
|
|t:|1653105501
|switch|p2a: Landorus|Landorus-Therian, M|100/100
|-ability|p2a: Landorus|Intimidate|boost
|-unboost|p1a: Tyranitar|atk|1
|move|p1a: Tyranitar|Ice Beam|p2a: Landorus
|-supereffective|p2a: Landorus
|-damage|p2a: Landorus|0 fnt
|faint|p2a: Landorus
|
|-weather|Sandstorm|[upkeep]
|upkeep
|
|t:|1653105504
|switch|p2a: Weavile|Weavile, M|100/100
|-ability|p2a: Weavile|Pressure
|turn|22
|
|t:|1653105511
|switch|p2a: Tapu Fini|Tapu Fini|59/100
|move|p1a: Tyranitar|Stone Edge|p2a: Tapu Fini
|-damage|p2a: Tapu Fini|31/100
|
|-weather|Sandstorm|[upkeep]
|-damage|p2a: Tapu Fini|24/100|[from] Sandstorm
|upkeep
|turn|23
|
|t:|1653105516
|move|p2a: Tapu Fini|Moonblast|p1a: Tyranitar
|-supereffective|p1a: Tyranitar
|-damage|p1a: Tyranitar|52/100
|move|p1a: Tyranitar|Stone Edge|p2a: Tapu Fini
|-damage|p2a: Tapu Fini|0 fnt
|faint|p2a: Tapu Fini
|
|-weather|Sandstorm|[upkeep]
|-fieldend|Misty Terrain
|upkeep
|
|t:|1653105517
|switch|p2a: Weavile|Weavile, M|100/100
|-ability|p2a: Weavile|Pressure
|turn|24
|-message|wsdfg forfeited.
|
|win|VolticHalberd
|raw|VolticHalberd's rating: 1621 &rarr; <strong>1642</strong><br />(+21 for winning)
|raw|wsdfg's rating: 1639 &rarr; <strong>1618</strong><br />(-21 for losing)
|l|☆wsdfg
