|j|☆Contorted Lies
|j|‽PKM Champion Blue
|t:|1606443417
|player|p1|Contorted Lies|1|2036
|player|p2|PKM Champion Blue|blue-gen7|1832
|teamsize|p1|6
|teamsize|p2|6
|gametype|singles
|gen|8
|tier|[Gen 8] OU
|rated|
|clearpoke
|poke|p1|Weavile, M|
|poke|p1|Urshifu-*, F|
|poke|p1|Magearna|
|poke|p1|Moltres|
|poke|p1|Hippowdon, F|
|poke|p1|Toxapex, F|
|poke|p2|Regidrago|
|poke|p2|Toxapex, F|
|poke|p2|Moltres|
|poke|p2|Urshifu-*, F|
|poke|p2|Jirachi|
|poke|p2|Buzzwole|
|rule|Sleep Clause Mod: Limit one foe put to sleep
|rule|Species Clause: Limit one of each Pokémon
|rule|OHKO Clause: OHKO moves are banned
|rule|Evasion Moves Clause: Evasion moves are banned
|rule|Endless Battle Clause: Forcing endless battles is banned
|rule|HP Percentage Mod: HP is shown in percentages
|rule|Dynamax Clause: You cannot dynamax
|teampreview
|inactive|Battle timer is ON: inactive players will automatically lose when time's up. (requested by PKM Champion Blue)
|j| Trailblazer324
|l| Trailblazer324
|j| Boi 240
|j| YODAYO
|
|t:|1606443432
|start
|switch|p1a: Hippowdon|Hippowdon, F|100/100
|switch|p2a: Urshifu|Urshifu, F|100/100
|-weather|Sandstorm|[from] ability: Sand Stream|[of] p1a: Hippowdon
|turn|1
|j| BrickBoom
|
|t:|1606443445
|switch|p1a: Toxapex|Toxapex, F|100/100
|move|p2a: Urshifu|U-turn|p1a: Toxapex
|-resisted|p1a: Toxapex
|-damage|p1a: Toxapex|93/100
|
|t:|1606443451
|switch|p2a: Jirachi|Jirachi, shiny|100/100|[from]move: U-turn
|
|-weather|Sandstorm|[upkeep]
|-damage|p1a: Toxapex|87/100|[from] Sandstorm
|-heal|p1a: Toxapex|93/100|[from] item: Black Sludge
|upkeep
|turn|2
|j| Vessev
|
|t:|1606443458
|move|p2a: Jirachi|Stealth Rock|p1a: Toxapex
|-sidestart|p1: Contorted Lies|move: Stealth Rock
|move|p1a: Toxapex|Knock Off|p2a: Jirachi
|-supereffective|p2a: Jirachi
|-crit|p2a: Jirachi
|-damage|p2a: Jirachi|61/100
|-enditem|p2a: Jirachi|Leftovers|[from] move: Knock Off|[of] p1a: Toxapex
|
|-weather|Sandstorm|[upkeep]
|-damage|p1a: Toxapex|87/100|[from] Sandstorm
|-heal|p1a: Toxapex|93/100|[from] item: Black Sludge
|upkeep
|turn|3
|
|t:|1606443464
|move|p2a: Jirachi|Future Sight|p1a: Toxapex
|-start|p2a: Jirachi|move: Future Sight
|move|p1a: Toxapex|Toxic Spikes|p2a: Jirachi
|-sidestart|p2: PKM Champion Blue|move: Toxic Spikes
|
|-weather|Sandstorm|[upkeep]
|-damage|p1a: Toxapex|87/100|[from] Sandstorm
|-heal|p1a: Toxapex|93/100|[from] item: Black Sludge
|upkeep
|turn|4
|j| DrewCareysFeet
|
|t:|1606443469
|move|p2a: Jirachi|Moonblast|p1a: Toxapex
|-resisted|p1a: Toxapex
|-damage|p1a: Toxapex|84/100
|move|p1a: Toxapex|Knock Off|p2a: Jirachi
|-supereffective|p2a: Jirachi
|-damage|p2a: Jirachi|45/100
|
|-weather|Sandstorm|[upkeep]
|-damage|p1a: Toxapex|77/100|[from] Sandstorm
|-heal|p1a: Toxapex|84/100|[from] item: Black Sludge
|upkeep
|turn|5
|
|t:|1606443482
|switch|p1a: Hippowdon|Hippowdon, F|100/100
|-damage|p1a: Hippowdon|94/100|[from] Stealth Rock
|move|p2a: Jirachi|Moonblast|p1a: Hippowdon
|-damage|p1a: Hippowdon|80/100
|-unboost|p1a: Hippowdon|spa|1
|
|-weather|none
|-end|p1a: Hippowdon|move: Future Sight
|-damage|p1a: Hippowdon|50/100
|-heal|p1a: Hippowdon|56/100|[from] item: Leftovers
|upkeep
|turn|6
|j| a1012
|
|t:|1606443489
|move|p2a: Jirachi|Doom Desire|p1a: Hippowdon
|-start|p2a: Jirachi|Doom Desire
|move|p1a: Hippowdon|Stealth Rock|p2a: Jirachi
|-sidestart|p2: PKM Champion Blue|move: Stealth Rock
|
|-heal|p1a: Hippowdon|63/100|[from] item: Leftovers
|upkeep
|turn|7
|
|t:|1606443495
|switch|p2a: Moltres|Moltres|100/100
|move|p1a: Hippowdon|Slack Off|p1a: Hippowdon
|-heal|p1a: Hippowdon|100/100
|
|upkeep
|turn|8
|
|t:|1606443502
|move|p2a: Moltres|Defog|p1a: Hippowdon
|-unboost|p1a: Hippowdon|evasion|1
|-sideend|p1: Contorted Lies|Stealth Rock|[from] move: Defog|[of] p2a: Moltres
|-sideend|p2: PKM Champion Blue|Toxic Spikes|[from] move: Defog|[of] p2a: Moltres
|-sideend|p2: PKM Champion Blue|Stealth Rock|[from] move: Defog|[of] p2a: Moltres
|move|p1a: Hippowdon|Toxic|p2a: Moltres
|-status|p2a: Moltres|tox
|
|-end|p1a: Hippowdon|move: Doom Desire
|-damage|p1a: Hippowdon|65/100
|-heal|p1a: Hippowdon|71/100|[from] item: Leftovers
|-damage|p2a: Moltres|94/100 tox|[from] psn
|upkeep
|turn|9
|j| sldf
|
|t:|1606443511
|move|p2a: Moltres|Scorching Sands|p1a: Hippowdon
|-damage|p1a: Hippowdon|56/100
|move|p1a: Hippowdon|Slack Off|p1a: Hippowdon
|-heal|p1a: Hippowdon|100/100
|
|-damage|p2a: Moltres|82/100 tox|[from] psn
|upkeep
|turn|10
|
|t:|1606443517
|switch|p1a: Moltres|Moltres|100/100
|move|p2a: Moltres|Scorching Sands|p1a: Moltres
|-immune|p1a: Moltres
|
|-damage|p2a: Moltres|64/100 tox|[from] psn
|upkeep
|turn|11
|
|t:|1606443521
|switch|p2a: Toxapex|Toxapex, F, shiny|100/100
|move|p1a: Moltres|Hurricane|p2a: Toxapex|[miss]
|-miss|p1a: Moltres|p2a: Toxapex
|
|upkeep
|turn|12
|
|t:|1606443526
|switch|p1a: Toxapex|Toxapex, F|100/100
|move|p2a: Toxapex|Knock Off|p1a: Toxapex
|-damage|p1a: Toxapex|92/100
|-enditem|p1a: Toxapex|Black Sludge|[from] move: Knock Off|[of] p2a: Toxapex
|
|upkeep
|turn|13
|
|t:|1606443532
|move|p1a: Toxapex|Toxic Spikes|p2a: Toxapex
|-sidestart|p2: PKM Champion Blue|move: Toxic Spikes
|move|p2a: Toxapex|Toxic Spikes|p1a: Toxapex
|-sidestart|p1: Contorted Lies|move: Toxic Spikes
|
|upkeep
|turn|14
|
|t:|1606443536
|switch|p2a: Jirachi|Jirachi, shiny|45/100
|move|p1a: Toxapex|Knock Off|p2a: Jirachi
|-supereffective|p2a: Jirachi
|-damage|p2a: Jirachi|28/100
|
|upkeep
|turn|15
|
|t:|1606443544
|switch|p1a: Moltres|Moltres|100/100
|move|p2a: Jirachi|Future Sight|p1a: Moltres
|-start|p2a: Jirachi|move: Future Sight
|
|upkeep
|turn|16
|
|t:|1606443548
|switch|p2a: Toxapex|Toxapex, F, shiny|100/100
|-sideend|p2: PKM Champion Blue|move: Toxic Spikes|[of] p2a: Toxapex
|switch|p1a: Toxapex|Toxapex, F|100/100
|-sideend|p1: Contorted Lies|move: Toxic Spikes|[of] p1a: Toxapex
|
|upkeep
|turn|17
|l| BrickBoom
|
|t:|1606443556
|switch|p1a: Magearna|Magearna|100/100
|move|p2a: Toxapex|Toxic Spikes|p1a: Magearna
|-sidestart|p1: Contorted Lies|move: Toxic Spikes
|
|-end|p1a: Magearna|move: Future Sight
|-resisted|p1a: Magearna
|-damage|p1a: Magearna|81/100
|upkeep
|turn|18
|
|t:|1606443561
|move|p1a: Magearna|Volt Switch|p2a: Toxapex
|-supereffective|p2a: Toxapex
|-damage|p2a: Toxapex|46/100
|
|t:|1606443563
|switch|p1a: Toxapex|Toxapex, F|100/100|[from]move: Volt Switch
|-sideend|p1: Contorted Lies|move: Toxic Spikes|[of] p1a: Toxapex
|move|p2a: Toxapex|Knock Off|p1a: Toxapex
|-damage|p1a: Toxapex|95/100
|
|-heal|p2a: Toxapex|52/100|[from] item: Black Sludge
|upkeep
|turn|19
|j| Celina Dion
|l| YODAYO
|
|t:|1606443577
|switch|p1a: Hippowdon|Hippowdon, F|100/100
|-weather|Sandstorm|[from] ability: Sand Stream|[of] p1a: Hippowdon
|switch|p2a: Jirachi|Jirachi, shiny|28/100
|
|-weather|Sandstorm|[upkeep]
|upkeep
|turn|20
|
|t:|1606443580
|move|p2a: Jirachi|Stealth Rock|p1a: Hippowdon
|-sidestart|p1: Contorted Lies|move: Stealth Rock
|move|p1a: Hippowdon|Stealth Rock|p2a: Jirachi
|-sidestart|p2: PKM Champion Blue|move: Stealth Rock
|
|-weather|Sandstorm|[upkeep]
|upkeep
|turn|21
|
|t:|1606443584
|switch|p2a: Moltres|Moltres|64/100 tox
|move|p1a: Hippowdon|Earthquake|p2a: Moltres
|-immune|p2a: Moltres
|
|-weather|Sandstorm|[upkeep]
|-damage|p2a: Moltres|57/100 tox|[from] Sandstorm
|-damage|p2a: Moltres|51/100 tox|[from] psn
|upkeep
|turn|22
|
|t:|1606443588
|move|p2a: Moltres|Roost|p2a: Moltres
|-heal|p2a: Moltres|100/100 tox
|-singleturn|p2a: Moltres|move: Roost
|move|p1a: Hippowdon|Slack Off||[still]
|-fail|p1a: Hippowdon|heal
|
|-weather|Sandstorm|[upkeep]
|-damage|p2a: Moltres|94/100 tox|[from] Sandstorm
|-damage|p2a: Moltres|82/100 tox|[from] psn
|upkeep
|turn|23
|
|t:|1606443592
|switch|p1a: Moltres|Moltres|100/100
|move|p2a: Moltres|Scorching Sands|p1a: Moltres
|-immune|p1a: Moltres
|
|-weather|none
|-damage|p2a: Moltres|64/100 tox|[from] psn
|upkeep
|turn|24
|
|t:|1606443595
|switch|p2a: Toxapex|Toxapex, F, shiny|86/100
|-damage|p2a: Toxapex|73/100|[from] Stealth Rock
|move|p1a: Moltres|Hurricane|p2a: Toxapex
|-damage|p2a: Toxapex|44/100
|
|-heal|p2a: Toxapex|50/100|[from] item: Black Sludge
|upkeep
|turn|25
|j| YODAYO
|
|t:|1606443602
|switch|p1a: Toxapex|Toxapex, F|100/100
|-damage|p1a: Toxapex|88/100|[from] Stealth Rock
|move|p2a: Toxapex|Recover|p2a: Toxapex
|-heal|p2a: Toxapex|100/100
|
|upkeep
|turn|26
|
|t:|1606443609
|move|p1a: Toxapex|Knock Off|p2a: Toxapex
|-damage|p2a: Toxapex|88/100
|-enditem|p2a: Toxapex|Black Sludge|[from] move: Knock Off|[of] p1a: Toxapex
|move|p2a: Toxapex|Scald|p1a: Toxapex
|-resisted|p1a: Toxapex
|-damage|p1a: Toxapex|81/100
|
|upkeep
|turn|27
|
|t:|1606443613
|move|p1a: Toxapex|Scald|p2a: Toxapex
|-resisted|p2a: Toxapex
|-damage|p2a: Toxapex|83/100
|-status|p2a: Toxapex|brn
|move|p2a: Toxapex|Scald|p1a: Toxapex
|-resisted|p1a: Toxapex
|-damage|p1a: Toxapex|74/100
|
|-damage|p2a: Toxapex|77/100 brn|[from] brn
|upkeep
|turn|28
|
|t:|1606443616
|move|p1a: Toxapex|Toxic Spikes|p2a: Toxapex
|-sidestart|p2: PKM Champion Blue|move: Toxic Spikes
|move|p2a: Toxapex|Scald|p1a: Toxapex
|-resisted|p1a: Toxapex
|-damage|p1a: Toxapex|67/100
|-status|p1a: Toxapex|brn
|
|-damage|p2a: Toxapex|71/100 brn|[from] brn
|-damage|p1a: Toxapex|61/100 brn|[from] brn
|upkeep
|turn|29
|
|t:|1606443625
|switch|p2a: Moltres|Moltres|64/100 tox
|switch|p1a: Hippowdon|Hippowdon, F|100/100
|-damage|p1a: Hippowdon|94/100|[from] Stealth Rock
|-weather|Sandstorm|[from] ability: Sand Stream|[of] p1a: Hippowdon
|
|-weather|Sandstorm|[upkeep]
|-damage|p2a: Moltres|57/100 tox|[from] Sandstorm
|-heal|p1a: Hippowdon|100/100|[from] item: Leftovers
|-damage|p2a: Moltres|51/100 tox|[from] psn
|upkeep
|turn|30
|
|t:|1606443629
|move|p2a: Moltres|Defog|p1a: Hippowdon
|-unboost|p1a: Hippowdon|evasion|1
|-sideend|p1: Contorted Lies|Stealth Rock|[from] move: Defog|[of] p2a: Moltres
|-sideend|p2: PKM Champion Blue|Toxic Spikes|[from] move: Defog|[of] p2a: Moltres
|-sideend|p2: PKM Champion Blue|Stealth Rock|[from] move: Defog|[of] p2a: Moltres
|move|p1a: Hippowdon|Earthquake|p2a: Moltres
|-immune|p2a: Moltres
|
|-weather|Sandstorm|[upkeep]
|-damage|p2a: Moltres|45/100 tox|[from] Sandstorm
|-damage|p2a: Moltres|33/100 tox|[from] psn
|upkeep
|turn|31
|j| MahomesMVP
|
|t:|1606443634
|switch|p2a: Regidrago|Regidrago|100/100
|move|p1a: Hippowdon|Stealth Rock|p2a: Regidrago
|-sidestart|p2: PKM Champion Blue|move: Stealth Rock
|
|-weather|Sandstorm|[upkeep]
|-damage|p2a: Regidrago|94/100|[from] Sandstorm
|upkeep
|turn|32
|
|t:|1606443642
|switch|p1a: Magearna|Magearna|81/100
|move|p2a: Regidrago|Dragon Energy|p1a: Magearna
|-immune|p1a: Magearna
|
|-weather|Sandstorm|[upkeep]
|-damage|p2a: Regidrago|88/100|[from] Sandstorm
|upkeep
|turn|33
|-message|PKM Champion Blue forfeited.
|
|win|Contorted Lies
|l|‽PKM Champion Blue
|raw|Contorted Lies's rating: 2036 &rarr; <strong>2046</strong><br />(+10 for winning)
|raw|PKM Champion Blue's rating: 1832 &rarr; <strong>1822</strong><br />(-10 for losing)
|l|☆Contorted Lies
|l| DrewCareysFeet
|l| MahomesMVP
|l| a1012
|l| YODAYO
|l| sldf
|l| Celina Dion
