|j|☆breblaez
|j|☆early_human
|t:|1617900860
|gametype|singles
|player|p1|breblaez|165|1527
|player|p2|early_human|dancer|1573
|teamsize|p1|6
|teamsize|p2|6
|gen|8
|tier|[Gen 8] OU
|rated|
|clearpoke
|poke|p1|Blacephalon|
|poke|p1|Dragapult, F|
|poke|p1|Tyranitar, F|
|poke|p1|Landorus-Therian, M|
|poke|p1|Ferrothorn, M|
|poke|p1|Tapu Koko|
|poke|p2|Torkoal, M|
|poke|p2|Victini|
|poke|p2|Kyurem|
|poke|p2|Venusaur, M|
|poke|p2|Blacephalon|
|poke|p2|Corviknight, M|
|rule|Sleep Clause Mod: Limit one foe put to sleep
|rule|Species Clause: Limit one of each Pokémon
|rule|OHKO Clause: OHKO moves are banned
|rule|Evasion Moves Clause: Evasion moves are banned
|rule|Endless Battle Clause: Forcing endless battles is banned
|rule|HP Percentage Mod: HP is shown in percentages
|rule|Dynamax Clause: You cannot dynamax
|teampreview
|
|t:|1617900873
|start
|switch|p1a: Tapu Koko|Tapu Koko|100/100
|switch|p2a: Kyurem|Kyurem|100/100
|-fieldstart|move: Electric Terrain|[from] ability: Electric Surge|[of] p1a: Tapu Koko
|-ability|p2a: Kyurem|Pressure
|turn|1
|
|t:|1617900881
|move|p1a: Tapu Koko|Volt Switch|p2a: Kyurem
|-resisted|p2a: Kyurem
|-damage|p2a: Kyurem|77/100
|
|t:|1617900886
|switch|p1a: Ferrothorn|Ferrothorn, M|100/100|[from]move: Volt Switch
|move|p2a: Kyurem|Earth Power|p1a: Ferrothorn
|-damage|p1a: Ferrothorn|75/100
|
|upkeep
|turn|2
|
|t:|1617900891
|switch|p2a: Torkoal|Torkoal, M|100/100
|-weather|SunnyDay|[from] ability: Drought|[of] p2a: Torkoal
|move|p1a: Ferrothorn|Stealth Rock|p2a: Torkoal
|-sidestart|p2: early_human|move: Stealth Rock
|
|-weather|SunnyDay|[upkeep]
|upkeep
|turn|3
|
|t:|1617900894
|move|p1a: Ferrothorn|Knock Off|p2a: Torkoal
|-damage|p2a: Torkoal|87/100
|-enditem|p2a: Torkoal|Heat Rock|[from] move: Knock Off|[of] p1a: Ferrothorn
|move|p2a: Torkoal|Body Press|p1a: Ferrothorn
|-supereffective|p1a: Ferrothorn
|-damage|p1a: Ferrothorn|35/100
|-damage|p2a: Torkoal|75/100|[from] ability: Iron Barbs|[of] p1a: Ferrothorn
|-damage|p2a: Torkoal|59/100|[from] item: Rocky Helmet|[of] p1a: Ferrothorn
|
|-weather|SunnyDay|[upkeep]
|upkeep
|turn|4
|
|t:|1617900907
|move|p1a: Ferrothorn|Body Press|p2a: Torkoal
|-damage|p2a: Torkoal|43/100
|move|p2a: Torkoal|Lava Plume|p1a: Ferrothorn
|-supereffective|p1a: Ferrothorn
|-damage|p1a: Ferrothorn|0 fnt
|faint|p1a: Ferrothorn
|
|-weather|SunnyDay|[upkeep]
|upkeep
|
|t:|1617900912
|switch|p1a: Landorus|Landorus-Therian, M|100/100
|-ability|p1a: Landorus|Intimidate|boost
|-unboost|p2a: Torkoal|atk|1
|turn|5
|
|t:|1617900921
|switch|p2a: Corviknight|Corviknight, M|100/100
|-damage|p2a: Corviknight|88/100|[from] Stealth Rock
|-ability|p2a: Corviknight|Pressure
|move|p1a: Landorus|Smack Down|p2a: Corviknight
|-damage|p2a: Corviknight|73/100
|-start|p2a: Corviknight|Smack Down
|
|-weather|SunnyDay|[upkeep]
|-heal|p2a: Corviknight|79/100|[from] item: Leftovers
|-fieldend|move: Electric Terrain
|upkeep
|turn|6
|
|t:|1617900924
|switch|p2a: Kyurem|Kyurem|77/100
|-ability|p2a: Kyurem|Pressure
|move|p1a: Landorus|Earthquake|p2a: Kyurem
|-damage|p2a: Kyurem|27/100
|
|-weather|SunnyDay|[upkeep]
|upkeep
|turn|7
|
|t:|1617900955
|move|p2a: Kyurem|Roost|p2a: Kyurem
|-heal|p2a: Kyurem|77/100
|-singleturn|p2a: Kyurem|move: Roost
|move|p1a: Landorus|Smack Down|p2a: Kyurem
|-supereffective|p2a: Kyurem
|-damage|p2a: Kyurem|39/100
|
|-weather|SunnyDay|[upkeep]
|upkeep
|turn|8
|
|t:|1617900961
|move|p2a: Kyurem|Roost|p2a: Kyurem
|-heal|p2a: Kyurem|89/100
|-singleturn|p2a: Kyurem|move: Roost
|move|p1a: Landorus|Earthquake|p2a: Kyurem
|-damage|p2a: Kyurem|34/100
|
|-weather|SunnyDay|[upkeep]
|upkeep
|turn|9
|
|t:|1617900966
|move|p2a: Kyurem|Freeze-Dry|p1a: Landorus
|-supereffective|p1a: Landorus
|-enditem|p1a: Landorus|Focus Sash
|-damage|p1a: Landorus|1/100
|move|p1a: Landorus|Earthquake|p2a: Kyurem
|-damage|p2a: Kyurem|0 fnt
|faint|p2a: Kyurem
|
|-weather|none
|upkeep
|
|t:|1617900992
|switch|p2a: Corviknight|Corviknight, M|79/100
|-damage|p2a: Corviknight|67/100|[from] Stealth Rock
|-ability|p2a: Corviknight|Pressure
|turn|10
|
|t:|1617901000
|move|p1a: Landorus|Smack Down|p2a: Corviknight
|-damage|p2a: Corviknight|53/100
|-start|p2a: Corviknight|Smack Down
|move|p2a: Corviknight|Defog|p1a: Landorus
|-unboost|p1a: Landorus|evasion|1
|-sideend|p2: early_human|Stealth Rock|[from] move: Defog|[of] p2a: Corviknight
|
|-heal|p2a: Corviknight|59/100|[from] item: Leftovers
|upkeep
|turn|11
|
|t:|1617901029
|switch|p2a: Victini|Victini|100/100
|move|p1a: Landorus|Earthquake|p2a: Victini
|-supereffective|p2a: Victini
|-damage|p2a: Victini|0 fnt
|faint|p2a: Victini
|
|upkeep
|
|t:|1617901033
|switch|p2a: Blacephalon|Blacephalon|100/100
|turn|12
|
|t:|1617901038
|switch|p1a: Tyranitar|Tyranitar, F|100/100
|-weather|Sandstorm|[from] ability: Sand Stream|[of] p1a: Tyranitar
|move|p2a: Blacephalon|Shadow Ball|p1a: Tyranitar
|-resisted|p1a: Tyranitar
|-damage|p1a: Tyranitar|91/100
|
|-weather|Sandstorm|[upkeep]
|-damage|p2a: Blacephalon|94/100|[from] Sandstorm
|upkeep
|turn|13
|
|t:|1617901048
|switch|p2a: Torkoal|Torkoal, M|43/100
|-weather|SunnyDay|[from] ability: Drought|[of] p2a: Torkoal
|move|p1a: Tyranitar|Thunderbolt|p2a: Torkoal
|-damage|p2a: Torkoal|7/100
|
|-weather|SunnyDay|[upkeep]
|upkeep
|turn|14
|
|t:|1617901055
|switch|p2a: Venusaur|Venusaur, M|100/100
|move|p1a: Tyranitar|Thunderbolt|p2a: Venusaur
|-resisted|p2a: Venusaur
|-damage|p2a: Venusaur|86/100
|
|-weather|SunnyDay|[upkeep]
|upkeep
|turn|15
|
|t:|1617901058
|switch|p1a: Landorus|Landorus-Therian, M|1/100
|-ability|p1a: Landorus|Intimidate|boost
|-unboost|p2a: Venusaur|atk|1
|move|p2a: Venusaur|Giga Drain|p1a: Landorus
|-damage|p1a: Landorus|0 fnt
|-heal|p2a: Venusaur|86/100|[from] drain|[of] p1a: Landorus
|-damage|p2a: Venusaur|76/100|[from] item: Life Orb
|faint|p1a: Landorus
|
|-weather|SunnyDay|[upkeep]
|upkeep
|
|t:|1617901061
|switch|p1a: Tyranitar|Tyranitar, F|91/100
|-weather|Sandstorm|[from] ability: Sand Stream|[of] p1a: Tyranitar
|turn|16
|
|t:|1617901064
|move|p2a: Venusaur|Giga Drain|p1a: Tyranitar
|-supereffective|p1a: Tyranitar
|-damage|p1a: Tyranitar|58/100
|-heal|p2a: Venusaur|98/100|[from] drain|[of] p1a: Tyranitar
|-damage|p2a: Venusaur|88/100|[from] item: Life Orb
|move|p1a: Tyranitar|Ice Beam|p2a: Venusaur
|-supereffective|p2a: Venusaur
|-damage|p2a: Venusaur|23/100
|
|-weather|Sandstorm|[upkeep]
|-damage|p2a: Venusaur|17/100|[from] Sandstorm
|upkeep
|turn|17
|
|t:|1617901077
|move|p2a: Venusaur|Giga Drain|p1a: Tyranitar
|-supereffective|p1a: Tyranitar
|-damage|p1a: Tyranitar|22/100
|-heal|p2a: Venusaur|42/100|[from] drain|[of] p1a: Tyranitar
|-damage|p2a: Venusaur|32/100|[from] item: Life Orb
|move|p1a: Tyranitar|Flamethrower|p2a: Venusaur
|-supereffective|p2a: Venusaur
|-damage|p2a: Venusaur|0 fnt
|faint|p2a: Venusaur
|
|-weather|Sandstorm|[upkeep]
|upkeep
|
|t:|1617901082
|switch|p2a: Corviknight|Corviknight, M|59/100
|-ability|p2a: Corviknight|Pressure
|turn|18
|
|t:|1617901089
|move|p2a: Corviknight|U-turn|p1a: Tyranitar
|-supereffective|p1a: Tyranitar
|-damage|p1a: Tyranitar|0 fnt
|faint|p1a: Tyranitar
|
|t:|1617901092
|switch|p2a: Blacephalon|Blacephalon|94/100|[from]move: U-turn
|
|-weather|Sandstorm|[upkeep]
|-damage|p2a: Blacephalon|88/100|[from] Sandstorm
|upkeep
|
|t:|1617901097
|switch|p1a: Dragapult|Dragapult, F|100/100
|turn|19
|
|t:|1617901101
|switch|p2a: Torkoal|Torkoal, M|7/100
|-weather|SunnyDay|[from] ability: Drought|[of] p2a: Torkoal
|move|p1a: Dragapult|Sucker Punch||[still]
|-fail|p1a: Dragapult
|
|-weather|SunnyDay|[upkeep]
|upkeep
|turn|20
|
|t:|1617901104
|move|p1a: Dragapult|Dragon Darts|p2a: Torkoal
|-damage|p2a: Torkoal|0 fnt
|-damage|p1a: Dragapult|91/100|[from] item: Life Orb
|faint|p2a: Torkoal
|
|-weather|SunnyDay|[upkeep]
|upkeep
|c|☆breblaez|gg
|
|t:|1617901112
|switch|p2a: Corviknight|Corviknight, M|59/100
|-ability|p2a: Corviknight|Pressure
|turn|21
|
|t:|1617901114
|move|p1a: Dragapult|Flamethrower|p2a: Corviknight
|-supereffective|p2a: Corviknight
|-damage|p2a: Corviknight|11/100
|-damage|p1a: Dragapult|81/100|[from] item: Life Orb
|move|p2a: Corviknight|Brave Bird|p1a: Dragapult
|-damage|p1a: Dragapult|27/100
|-damage|p2a: Corviknight|0 fnt|[from] Recoil
|faint|p2a: Corviknight
|
|-weather|SunnyDay|[upkeep]
|upkeep
|
|t:|1617901117
|switch|p2a: Blacephalon|Blacephalon|88/100
|turn|22
|
|t:|1617901119
|move|p1a: Dragapult|Sucker Punch||[still]
|-fail|p1a: Dragapult
|move|p2a: Blacephalon|Trick|p1a: Dragapult
|-activate|p2a: Blacephalon|move: Trick|[of] p1a: Dragapult
|-item|p1a: Dragapult|Choice Scarf|[from] move: Trick
|-item|p2a: Blacephalon|Life Orb|[from] move: Trick
|
|-weather|SunnyDay|[upkeep]
|upkeep
|turn|23
|-message|early_human forfeited.
|
|win|breblaez
|l|☆early_human
