|j|☆DonkeyMemez26
|j|☆Ayante
|inactive|Battle timer is ON: inactive players will automatically lose when time's up.
|t:|1598385804
|player|p1|DonkeyMemez26|veteran|
|player|p2|Ayante|koga|
|teamsize|p1|6
|teamsize|p2|6
|gametype|singles
|gen|8
|tier|[Gen 8] OU
|rated|Tournament battle
|clearpoke
|poke|p1|Amoonguss, F|
|poke|p1|Toxapex, M|
|poke|p1|Blissey, F|
|poke|p1|Togekiss, M|
|poke|p1|Hawlucha, F|
|poke|p1|Volcarona, F|
|poke|p2|Rillaboom, M|
|poke|p2|Scizor, M|
|poke|p2|Urshifu-*, M|
|poke|p2|Zeraora|
|poke|p2|Kyurem|
|poke|p2|Primarina, M|
|rule|Sleep Clause Mod: Limit one foe put to sleep
|rule|Species Clause: Limit one of each Pokémon
|rule|OHKO Clause: OHKO moves are banned
|rule|Evasion Moves Clause: Evasion moves are banned
|rule|Endless Battle Clause: Forcing endless battles is banned
|rule|HP Percentage Mod: HP is shown in percentages
|rule|Dynamax Clause: You cannot dynamax
|teampreview
|
|t:|1598385823
|start
|switch|p1a: Amoonguss|Amoonguss, F|100/100
|switch|p2a: Zeraora|Zeraora|100/100
|turn|1
|
|t:|1598385832
|move|p2a: Zeraora|Volt Switch|p1a: Amoonguss
|-resisted|p1a: Amoonguss
|-damage|p1a: Amoonguss|86/100
|
|t:|1598385837
|switch|p2a: Scizor|Scizor, M|100/100|[from]move: Volt Switch
|move|p1a: Amoonguss|Sludge Bomb|p2a: Scizor
|-immune|p2a: Scizor
|
|-heal|p1a: Amoonguss|92/100|[from] item: Black Sludge
|upkeep
|turn|2
|
|t:|1598385847
|switch|p1a: Toxapex|Toxapex, M|100/100
|move|p2a: Scizor|Bullet Punch|p1a: Toxapex
|-resisted|p1a: Toxapex
|-damage|p1a: Toxapex|88/100
|-damage|p2a: Scizor|91/100|[from] item: Life Orb
|
|-heal|p1a: Toxapex|94/100|[from] item: Black Sludge
|upkeep
|turn|3
|
|t:|1598385862
|switch|p2a: Rillaboom|Rillaboom, M|100/100
|-fieldstart|move: Grassy Terrain|[from] ability: Grassy Surge|[of] p2a: Rillaboom
|move|p1a: Toxapex|Scald|p2a: Rillaboom
|-resisted|p2a: Rillaboom
|-damage|p2a: Rillaboom|91/100
|-status|p2a: Rillaboom|brn
|
|-heal|p2a: Rillaboom|97/100 brn|[from] Grassy Terrain
|-heal|p1a: Toxapex|99/100|[from] item: Black Sludge
|-heal|p1a: Toxapex|100/100|[from] Grassy Terrain
|-damage|p2a: Rillaboom|91/100 brn|[from] brn
|upkeep
|turn|4
|
|t:|1598385877
|switch|p1a: Togekiss|Togekiss, M|100/100
|move|p2a: Rillaboom|Knock Off|p1a: Togekiss
|-resisted|p1a: Togekiss
|-damage|p1a: Togekiss|88/100
|-enditem|p1a: Togekiss|Heavy-Duty Boots|[from] move: Knock Off|[of] p2a: Rillaboom
|
|-heal|p2a: Rillaboom|97/100 brn|[from] Grassy Terrain
|-damage|p2a: Rillaboom|91/100 brn|[from] brn
|upkeep
|turn|5
|
|t:|1598385888
|switch|p2a: Scizor|Scizor, M|91/100
|move|p1a: Togekiss|Air Slash|p2a: Scizor
|-damage|p2a: Scizor|55/100
|
|-heal|p2a: Scizor|61/100|[from] Grassy Terrain
|upkeep
|turn|6
|
|t:|1598385898
|switch|p1a: Toxapex|Toxapex, M|100/100
|move|p2a: Scizor|Roost|p2a: Scizor
|-heal|p2a: Scizor|100/100
|-singleturn|p2a: Scizor|move: Roost
|
|upkeep
|turn|7
|
|t:|1598385906
|switch|p2a: Zeraora|Zeraora|100/100
|move|p1a: Toxapex|Toxic Spikes|p2a: Zeraora
|-sidestart|p2: Ayante|move: Toxic Spikes
|
|-fieldend|move: Grassy Terrain
|upkeep
|turn|8
|
|t:|1598385914
|switch|p1a: Amoonguss|Amoonguss, F|100/100
|move|p2a: Zeraora|Thunderbolt|p1a: Amoonguss
|-resisted|p1a: Amoonguss
|-damage|p1a: Amoonguss|85/100
|
|-heal|p1a: Amoonguss|91/100|[from] item: Black Sludge
|upkeep
|turn|9
|
|t:|1598385923
|move|p2a: Zeraora|Volt Switch|p1a: Amoonguss
|-resisted|p1a: Amoonguss
|-damage|p1a: Amoonguss|78/100
|
|t:|1598385926
|switch|p2a: Scizor|Scizor, M|100/100|[from]move: Volt Switch
|move|p1a: Amoonguss|Sludge Bomb|p2a: Scizor
|-immune|p2a: Scizor
|
|-heal|p1a: Amoonguss|84/100|[from] item: Black Sludge
|upkeep
|turn|10
|
|t:|1598385936
|switch|p1a: Toxapex|Toxapex, M|100/100
|move|p2a: Scizor|Defog|p1a: Toxapex
|-unboost|p1a: Toxapex|evasion|1
|-sideend|p2: Ayante|Toxic Spikes|[from] move: Defog|[of] p2a: Scizor
|
|upkeep
|turn|11
|
|t:|1598385943
|switch|p2a: Kyurem|Kyurem|100/100
|-ability|p2a: Kyurem|Pressure
|move|p1a: Toxapex|Scald|p2a: Kyurem
|-resisted|p2a: Kyurem
|-damage|p2a: Kyurem|92/100
|
|upkeep
|turn|12
|
|t:|1598385954
|move|p1a: Toxapex|Baneful Bunker|p1a: Toxapex
|-singleturn|p1a: Toxapex|move: Protect
|move|p2a: Kyurem|Freeze-Dry|p1a: Toxapex
|-activate|p1a: Toxapex|move: Protect
|
|upkeep
|turn|13
|
|t:|1598385960
|switch|p1a: Blissey|Blissey, F|100/100
|move|p2a: Kyurem|Freeze-Dry|p1a: Blissey
|-damage|p1a: Blissey|87/100
|-damage|p2a: Kyurem|82/100|[from] item: Life Orb
|
|-heal|p1a: Blissey|93/100|[from] item: Leftovers
|upkeep
|turn|14
|
|t:|1598385969
|move|p2a: Kyurem|Ice Beam|p1a: Blissey
|-damage|p1a: Blissey|75/100
|-damage|p2a: Kyurem|72/100|[from] item: Life Orb
|move|p1a: Blissey|Stealth Rock|p2a: Kyurem
|-sidestart|p2: Ayante|move: Stealth Rock
|
|-heal|p1a: Blissey|81/100|[from] item: Leftovers
|upkeep
|turn|15
|
|t:|1598385978
|move|p2a: Kyurem|Ice Beam|p1a: Blissey
|-damage|p1a: Blissey|64/100
|-damage|p2a: Kyurem|62/100|[from] item: Life Orb
|move|p1a: Blissey|Thunder Wave|p2a: Kyurem
|-status|p2a: Kyurem|par
|
|-heal|p1a: Blissey|70/100|[from] item: Leftovers
|upkeep
|turn|16
|
|t:|1598385987
|move|p2a: Kyurem|Ice Beam|p1a: Blissey
|-damage|p1a: Blissey|54/100
|-damage|p2a: Kyurem|52/100 par|[from] item: Life Orb
|move|p1a: Blissey|Soft-Boiled|p1a: Blissey
|-heal|p1a: Blissey|100/100
|
|upkeep
|turn|17
|
|t:|1598385995
|move|p2a: Kyurem|Ice Beam|p1a: Blissey
|-damage|p1a: Blissey|84/100
|-damage|p2a: Kyurem|42/100 par|[from] item: Life Orb
|move|p1a: Blissey|Seismic Toss|p2a: Kyurem
|-damage|p2a: Kyurem|17/100 par
|
|-heal|p1a: Blissey|90/100|[from] item: Leftovers
|upkeep
|turn|18
|
|t:|1598386011
|move|p2a: Kyurem|Ice Beam|p1a: Blissey
|-damage|p1a: Blissey|74/100
|-damage|p2a: Kyurem|7/100 par|[from] item: Life Orb
|move|p1a: Blissey|Seismic Toss|p2a: Kyurem
|-damage|p2a: Kyurem|0 fnt
|faint|p2a: Kyurem
|
|-heal|p1a: Blissey|80/100|[from] item: Leftovers
|upkeep
|
|t:|1598386025
|switch|p2a: Urshifu|Urshifu, M|100/100
|-damage|p2a: Urshifu|94/100|[from] Stealth Rock
|turn|19
|
|t:|1598386031
|switch|p1a: Togekiss|Togekiss, M|88/100
|move|p2a: Urshifu|Wicked Blow|p1a: Togekiss
|-resisted|p1a: Togekiss
|-crit|p1a: Togekiss
|-damage|p1a: Togekiss|58/100
|
|upkeep
|turn|20
|
|t:|1598386039
|switch|p2a: Scizor|Scizor, M|100/100
|-damage|p2a: Scizor|88/100|[from] Stealth Rock
|move|p1a: Togekiss|Dazzling Gleam|p2a: Scizor
|-resisted|p2a: Scizor
|-damage|p2a: Scizor|66/100
|
|upkeep
|turn|21
|
|t:|1598386048
|switch|p1a: Toxapex|Toxapex, M|100/100
|switch|p2a: Zeraora|Zeraora|100/100
|-damage|p2a: Zeraora|88/100|[from] Stealth Rock
|
|upkeep
|turn|22
|
|t:|1598386055
|switch|p1a: Amoonguss|Amoonguss, F|100/100
|move|p2a: Zeraora|Volt Switch|p1a: Amoonguss
|-resisted|p1a: Amoonguss
|-damage|p1a: Amoonguss|87/100
|
|t:|1598386062
|switch|p2a: Urshifu|Urshifu, M|94/100|[from]move: Volt Switch
|-damage|p2a: Urshifu|88/100|[from] Stealth Rock
|
|-heal|p1a: Amoonguss|93/100|[from] item: Black Sludge
|upkeep
|turn|23
|
|t:|1598386069
|move|p2a: Urshifu|Wicked Blow|p1a: Amoonguss
|-crit|p1a: Amoonguss
|-damage|p1a: Amoonguss|25/100
|move|p1a: Amoonguss|Spore|p2a: Urshifu
|-status|p2a: Urshifu|slp|[from] move: Spore
|
|-heal|p1a: Amoonguss|31/100|[from] item: Black Sludge
|upkeep
|turn|24
|
|t:|1598386077
|switch|p1a: Togekiss|Togekiss, M|58/100
|cant|p2a: Urshifu|slp
|
|upkeep
|turn|25
|
|t:|1598386083
|switch|p2a: Scizor|Scizor, M|66/100
|-damage|p2a: Scizor|54/100|[from] Stealth Rock
|move|p1a: Togekiss|Roost|p1a: Togekiss
|-heal|p1a: Togekiss|100/100
|-singleturn|p1a: Togekiss|move: Roost
|
|upkeep
|turn|26
|
|t:|1598386093
|switch|p1a: Toxapex|Toxapex, M|100/100
|move|p2a: Scizor|Roost|p2a: Scizor
|-heal|p2a: Scizor|100/100
|-singleturn|p2a: Scizor|move: Roost
|
|upkeep
|turn|27
|
|t:|1598386099
|move|p2a: Scizor|Defog|p1a: Toxapex
|-unboost|p1a: Toxapex|evasion|1
|-sideend|p2: Ayante|Stealth Rock|[from] move: Defog|[of] p2a: Scizor
|move|p1a: Toxapex|Scald|p2a: Scizor
|-damage|p2a: Scizor|83/100
|
|upkeep
|turn|28
|
|t:|1598386108
|switch|p2a: Zeraora|Zeraora|88/100
|move|p1a: Toxapex|Scald|p2a: Zeraora
|-damage|p2a: Zeraora|66/100
|
|upkeep
|turn|29
|
|t:|1598386117
|move|p1a: Toxapex|Baneful Bunker|p1a: Toxapex
|-singleturn|p1a: Toxapex|move: Protect
|move|p2a: Zeraora|Volt Switch|p1a: Toxapex
|-activate|p1a: Toxapex|move: Protect
|
|upkeep
|turn|30
|
|t:|1598386126
|switch|p1a: Blissey|Blissey, F|80/100
|move|p2a: Zeraora|Volt Switch|p1a: Blissey
|-damage|p1a: Blissey|69/100
|
|t:|1598386133
|switch|p2a: Urshifu|Urshifu, M|88/100 slp|[from]move: Volt Switch
|
|-heal|p1a: Blissey|75/100|[from] item: Leftovers
|upkeep
|turn|31
|
|t:|1598386139
|cant|p2a: Urshifu|slp
|move|p1a: Blissey|Stealth Rock|p2a: Urshifu
|-sidestart|p2: Ayante|move: Stealth Rock
|
|-heal|p1a: Blissey|82/100|[from] item: Leftovers
|upkeep
|turn|32
|
|t:|1598386146
|switch|p1a: Togekiss|Togekiss, M|100/100
|cant|p2a: Urshifu|slp
|
|upkeep
|turn|33
|
|t:|1598386152
|switch|p2a: Scizor|Scizor, M|83/100
|-damage|p2a: Scizor|70/100|[from] Stealth Rock
|move|p1a: Togekiss|Air Slash|p2a: Scizor
|-damage|p2a: Scizor|36/100
|
|upkeep
|turn|34
|
|t:|1598386165
|switch|p1a: Toxapex|Toxapex, M|100/100
|move|p2a: Scizor|Bullet Punch|p1a: Toxapex
|-resisted|p1a: Toxapex
|-damage|p1a: Toxapex|89/100
|-damage|p2a: Scizor|26/100|[from] item: Life Orb
|
|-heal|p1a: Toxapex|95/100|[from] item: Black Sludge
|upkeep
|turn|35
|
|t:|1598386174
|move|p2a: Scizor|Roost|p2a: Scizor
|-heal|p2a: Scizor|76/100
|-singleturn|p2a: Scizor|move: Roost
|move|p1a: Toxapex|Scald|p2a: Scizor
|-damage|p2a: Scizor|58/100
|
|-heal|p1a: Toxapex|100/100|[from] item: Black Sludge
|upkeep
|turn|36
|
|t:|1598386185
|move|p2a: Scizor|Defog|p1a: Toxapex
|-unboost|p1a: Toxapex|evasion|1
|-sideend|p2: Ayante|Stealth Rock|[from] move: Defog|[of] p2a: Scizor
|move|p1a: Toxapex|Scald|p2a: Scizor
|-damage|p2a: Scizor|41/100
|
|upkeep
|turn|37
|
|t:|1598386196
|switch|p2a: Zeraora|Zeraora|66/100
|move|p1a: Toxapex|Toxic Spikes|p2a: Zeraora
|-sidestart|p2: Ayante|move: Toxic Spikes
|
|upkeep
|turn|38
|
|t:|1598386202
|move|p1a: Toxapex|Baneful Bunker|p1a: Toxapex
|-singleturn|p1a: Toxapex|move: Protect
|move|p2a: Zeraora|Thunderbolt|p1a: Toxapex
|-activate|p1a: Toxapex|move: Protect
|
|upkeep
|turn|39
|
|t:|1598386209
|switch|p1a: Amoonguss|Amoonguss, F|64/100
|move|p2a: Zeraora|Volt Switch|p1a: Amoonguss
|-resisted|p1a: Amoonguss
|-damage|p1a: Amoonguss|51/100
|
|t:|1598386216
|switch|p2a: Scizor|Scizor, M|41/100|[from]move: Volt Switch
|
|-heal|p1a: Amoonguss|57/100|[from] item: Black Sludge
|upkeep
|turn|40
|
|t:|1598386222
|switch|p1a: Toxapex|Toxapex, M|100/100
|move|p2a: Scizor|Defog|p1a: Toxapex
|-unboost|p1a: Toxapex|evasion|1
|-sideend|p2: Ayante|Toxic Spikes|[from] move: Defog|[of] p2a: Scizor
|
|upkeep
|turn|41
|
|t:|1598386230
|switch|p2a: Zeraora|Zeraora|66/100
|move|p1a: Toxapex|Scald|p2a: Zeraora
|-damage|p2a: Zeraora|44/100
|-status|p2a: Zeraora|brn
|
|-damage|p2a: Zeraora|38/100 brn|[from] brn
|upkeep
|turn|42
|
|t:|1598386239
|move|p1a: Toxapex|Baneful Bunker|p1a: Toxapex
|-singleturn|p1a: Toxapex|move: Protect
|move|p2a: Zeraora|Thunderbolt|p1a: Toxapex
|-activate|p1a: Toxapex|move: Protect
|
|-damage|p2a: Zeraora|32/100 brn|[from] brn
|upkeep
|turn|43
|
|t:|1598386249
|switch|p1a: Blissey|Blissey, F|82/100
|move|p2a: Zeraora|Volt Switch|p1a: Blissey
|-damage|p1a: Blissey|70/100
|
|t:|1598386256
|switch|p2a: Urshifu|Urshifu, M|88/100 slp|[from]move: Volt Switch
|
|-heal|p1a: Blissey|76/100|[from] item: Leftovers
|upkeep
|turn|44
|
|t:|1598386262
|switch|p1a: Togekiss|Togekiss, M|100/100
|-curestatus|p2a: Urshifu|slp|[msg]
|move|p2a: Urshifu|Poison Jab|p1a: Togekiss
|-supereffective|p1a: Togekiss
|-damage|p1a: Togekiss|49/100
|
|upkeep
|turn|45
|
|t:|1598386270
|switch|p2a: Zeraora|Zeraora|32/100 brn
|switch|p1a: Toxapex|Toxapex, M|100/100
|
|-damage|p2a: Zeraora|26/100 brn|[from] brn
|upkeep
|turn|46
|
|t:|1598386278
|switch|p1a: Amoonguss|Amoonguss, F|91/100
|move|p2a: Zeraora|Thunderbolt|p1a: Amoonguss
|-resisted|p1a: Amoonguss
|-damage|p1a: Amoonguss|74/100
|
|-heal|p1a: Amoonguss|80/100|[from] item: Black Sludge
|-damage|p2a: Zeraora|20/100 brn|[from] brn
|upkeep
|turn|47
|-message|Ayante forfeited.
|
|win|DonkeyMemez26
|l|☆Ayante
