|j|☆4funaccount
|j|☆HOF69
|player|p1|4funaccount|volkner|1711
|player|p2|HOF69|red|1817
|teamsize|p1|6
|teamsize|p2|6
|gametype|singles
|gen|8
|tier|[Gen 8] OU
|rated|
|clearpoke
|poke|p1|Excadrill, M|
|poke|p1|Hippowdon, M|
|poke|p1|Reuniclus, M|
|poke|p1|Ferrothorn, M|
|poke|p1|Clefable, M|
|poke|p1|Hydreigon, M|
|poke|p2|Excadrill, M|
|poke|p2|Zeraora|
|poke|p2|Bisharp, M|
|poke|p2|Keldeo-Resolute|
|poke|p2|Cloyster, M|
|poke|p2|Togekiss, M|
|rule|Sleep Clause Mod: Limit one foe put to sleep
|rule|Species Clause: Limit one of each Pokémon
|rule|OHKO Clause: OHKO moves are banned
|rule|Evasion Moves Clause: Evasion moves are banned
|rule|Endless Battle Clause: Forcing endless battles is banned
|rule|HP Percentage Mod: HP is shown in percentages
|rule|Dynamax Clause: You cannot dynamax
|teampreview
|inactive|Battle timer is ON: inactive players will automatically lose when time's up. (requested by 4funaccount)
|
|start
|switch|p1a: Hippowdon|Hippowdon, M|100/100
|switch|p2a: Cloyster|Cloyster, M, shiny|100/100
|-weather|Sandstorm|[from] ability: Sand Stream|[of] p1a: Hippowdon
|turn|1
|
|switch|p1a: Ferrothorn|Ferrothorn, M|100/100
|move|p2a: Cloyster|Icicle Spear|p1a: Ferrothorn
|-damage|p1a: Ferrothorn|94/100
|-damage|p1a: Ferrothorn|87/100
|-damage|p1a: Ferrothorn|80/100
|-damage|p1a: Ferrothorn|74/100
|-damage|p1a: Ferrothorn|67/100
|-hitcount|p1a: Ferrothorn|5
|
|-weather|Sandstorm|[upkeep]
|-damage|p2a: Cloyster|94/100|[from] Sandstorm
|-heal|p1a: Ferrothorn|73/100|[from] item: Leftovers
|upkeep
|turn|2
|
|switch|p2a: Togekiss|Togekiss, M|100/100
|move|p1a: Ferrothorn|Thunder Wave|p2a: Togekiss
|-status|p2a: Togekiss|par
|
|-weather|Sandstorm|[upkeep]
|-damage|p2a: Togekiss|94/100 par|[from] Sandstorm
|-heal|p1a: Ferrothorn|79/100|[from] item: Leftovers
|upkeep
|turn|3
|
|switch|p1a: Hippowdon|Hippowdon, M|100/100
|move|p2a: Togekiss|Flamethrower|p1a: Hippowdon
|-damage|p1a: Hippowdon|69/100
|
|-weather|Sandstorm|[upkeep]
|-damage|p2a: Togekiss|88/100 par|[from] Sandstorm
|-heal|p1a: Hippowdon|75/100|[from] item: Leftovers
|upkeep
|turn|4
|
|switch|p2a: Excadrill|Excadrill, M|100/100
|-ability|p2a: Excadrill|Mold Breaker
|move|p1a: Hippowdon|Stealth Rock|p2a: Excadrill
|-sidestart|p2: HOF69|move: Stealth Rock
|
|-weather|Sandstorm|[upkeep]
|-heal|p1a: Hippowdon|81/100|[from] item: Leftovers
|upkeep
|turn|5
|
|move|p2a: Excadrill|Rapid Spin|p1a: Hippowdon
|-damage|p1a: Hippowdon|72/100
|-boost|p2a: Excadrill|spe|1
|-sideend|p2: HOF69|Stealth Rock|[from] move: Rapid Spin|[of] p2a: Excadrill
|move|p1a: Hippowdon|Earthquake|p2a: Excadrill
|-supereffective|p2a: Excadrill
|-enditem|p2a: Excadrill|Focus Sash
|-damage|p2a: Excadrill|1/100
|
|-weather|none
|-heal|p1a: Hippowdon|78/100|[from] item: Leftovers
|upkeep
|turn|6
|
|move|p2a: Excadrill|Stealth Rock|p1a: Hippowdon
|-sidestart|p1: 4funaccount|move: Stealth Rock
|move|p1a: Hippowdon|Stealth Rock|p2a: Excadrill
|-sidestart|p2: HOF69|move: Stealth Rock
|
|-heal|p1a: Hippowdon|84/100|[from] item: Leftovers
|upkeep
|turn|7
|
|switch|p1a: Ferrothorn|Ferrothorn, M|79/100
|-damage|p1a: Ferrothorn|73/100|[from] Stealth Rock
|move|p2a: Excadrill|Earthquake|p1a: Ferrothorn
|-damage|p1a: Ferrothorn|42/100
|
|-heal|p1a: Ferrothorn|48/100|[from] item: Leftovers
|upkeep
|turn|8
|
|move|p2a: Excadrill|Earthquake|p1a: Ferrothorn
|-damage|p1a: Ferrothorn|17/100
|move|p1a: Ferrothorn|Body Press|p2a: Excadrill
|-supereffective|p2a: Excadrill
|-damage|p2a: Excadrill|0 fnt
|faint|p2a: Excadrill
|
|-heal|p1a: Ferrothorn|24/100|[from] item: Leftovers
|upkeep
|
|switch|p2a: Cloyster|Cloyster, M, shiny|94/100
|-damage|p2a: Cloyster|69/100|[from] Stealth Rock
|turn|9
|
|move|p2a: Cloyster|Icicle Spear|p1a: Ferrothorn
|-crit|p1a: Ferrothorn
|-damage|p1a: Ferrothorn|13/100
|-damage|p1a: Ferrothorn|6/100
|-damage|p1a: Ferrothorn|0 fnt
|-hitcount|p1a: Ferrothorn|3
|faint|p1a: Ferrothorn
|
|upkeep
|
|switch|p1a: Excadrill|Excadrill, M|100/100
|-damage|p1a: Excadrill|97/100|[from] Stealth Rock
|turn|10
|
|move|p1a: Excadrill|Rapid Spin|p2a: Cloyster
|-damage|p2a: Cloyster|53/100
|-boost|p1a: Excadrill|spe|1
|-sideend|p1: 4funaccount|Stealth Rock|[from] move: Rapid Spin|[of] p1a: Excadrill
|move|p2a: Cloyster|Liquidation|p1a: Excadrill
|-supereffective|p1a: Excadrill
|-damage|p1a: Excadrill|0 fnt
|faint|p1a: Excadrill
|
|upkeep
|
|switch|p1a: Hydreigon|Hydreigon, M|100/100
|turn|11
|
|move|p2a: Cloyster|Ice Shard|p1a: Hydreigon
|-supereffective|p1a: Hydreigon
|-damage|p1a: Hydreigon|60/100
|move|p1a: Hydreigon|Flamethrower|p2a: Cloyster
|-damage|p2a: Cloyster|0 fnt
|-damage|p1a: Hydreigon|50/100|[from] item: Life Orb
|faint|p2a: Cloyster
|
|upkeep
|
|switch|p2a: Keldeo|Keldeo-Resolute|100/100
|-damage|p2a: Keldeo|94/100|[from] Stealth Rock
|turn|12
|
|switch|p2a: Togekiss|Togekiss, M|88/100 par
|switch|p1a: Reuniclus|Reuniclus, M|100/100
|
|upkeep
|turn|13
|
|move|p2a: Togekiss|Defog|p1a: Reuniclus
|-unboost|p1a: Reuniclus|evasion|1
|-sideend|p2: HOF69|Stealth Rock|[from] move: Defog|[of] p2a: Togekiss
|move|p1a: Reuniclus|Future Sight|p2a: Togekiss
|-start|p1a: Reuniclus|move: Future Sight
|
|upkeep
|turn|14
|
|move|p2a: Togekiss|Air Slash|p1a: Reuniclus
|-damage|p1a: Reuniclus|83/100
|cant|p1a: Reuniclus|flinch
|
|upkeep
|turn|15
|
|switch|p1a: Clefable|Clefable, M|100/100
|move|p2a: Togekiss|Air Slash|p1a: Clefable
|-damage|p1a: Clefable|64/100
|
|-end|p2a: Togekiss|move: Future Sight
|-damage|p2a: Togekiss|31/100 par
|upkeep
|turn|16
|
|move|p1a: Clefable|Flamethrower|p2a: Togekiss
|-damage|p2a: Togekiss|5/100 par
|move|p2a: Togekiss|Air Slash|p1a: Clefable
|-damage|p1a: Clefable|29/100
|
|upkeep
|turn|17
|
|move|p1a: Clefable|Soft-Boiled|p1a: Clefable
|-heal|p1a: Clefable|79/100
|move|p2a: Togekiss|Dazzling Gleam|p1a: Clefable
|-damage|p1a: Clefable|41/100
|
|upkeep
|turn|18
|
|move|p1a: Clefable|Soft-Boiled|p1a: Clefable
|-heal|p1a: Clefable|91/100
|move|p2a: Togekiss|Dazzling Gleam|p1a: Clefable
|-damage|p1a: Clefable|53/100
|
|upkeep
|turn|19
|
|move|p1a: Clefable|Flamethrower|p2a: Togekiss
|-damage|p2a: Togekiss|0 fnt
|faint|p2a: Togekiss
|
|upkeep
|
|switch|p2a: Bisharp|Bisharp, M|100/100
|turn|20
|
|move|p2a: Bisharp|Iron Head|p1a: Clefable
|-supereffective|p1a: Clefable
|-damage|p1a: Clefable|0 fnt
|faint|p1a: Clefable
|
|upkeep
|
|switch|p1a: Hydreigon|Hydreigon, M|50/100
|turn|21
|
|move|p1a: Hydreigon|Roost|p1a: Hydreigon
|-heal|p1a: Hydreigon|99/100
|-singleturn|p1a: Hydreigon|move: Roost
|move|p2a: Bisharp|Iron Head|p1a: Hydreigon
|-damage|p1a: Hydreigon|48/100
|
|upkeep
|turn|22
|
|move|p1a: Hydreigon|Flamethrower|p2a: Bisharp
|-supereffective|p2a: Bisharp
|-enditem|p2a: Bisharp|Focus Sash
|-damage|p2a: Bisharp|1/100
|-damage|p1a: Hydreigon|39/100|[from] item: Life Orb
|move|p2a: Bisharp|Iron Head|p1a: Hydreigon
|-damage|p1a: Hydreigon|0 fnt
|faint|p1a: Hydreigon
|
|upkeep
|
|switch|p1a: Hippowdon|Hippowdon, M|84/100
|-weather|Sandstorm|[from] ability: Sand Stream|[of] p1a: Hippowdon
|turn|23
|j| phys2000
|
|move|p2a: Bisharp|Knock Off|p1a: Hippowdon
|-damage|p1a: Hippowdon|58/100
|-enditem|p1a: Hippowdon|Leftovers|[from] move: Knock Off|[of] p2a: Bisharp
|move|p1a: Hippowdon|Earthquake|p2a: Bisharp
|-supereffective|p2a: Bisharp
|-damage|p2a: Bisharp|0 fnt
|faint|p2a: Bisharp
|
|-weather|Sandstorm|[upkeep]
|upkeep
|l| phys2000
|
|switch|p2a: Zeraora|Zeraora|100/100
|turn|24
|
|switch|p1a: Reuniclus|Reuniclus, M|100/100
|move|p2a: Zeraora|Grass Knot|p1a: Reuniclus
|-damage|p1a: Reuniclus|96/100
|
|-weather|Sandstorm|[upkeep]
|-damage|p2a: Zeraora|95/100|[from] Sandstorm
|-damage|p1a: Reuniclus|90/100|[from] Sandstorm
|upkeep
|turn|25
|
|move|p2a: Zeraora|Knock Off|p1a: Reuniclus
|-supereffective|p1a: Reuniclus
|-damage|p1a: Reuniclus|14/100
|-enditem|p1a: Reuniclus|Assault Vest|[from] move: Knock Off|[of] p2a: Zeraora
|move|p1a: Reuniclus|Future Sight|p2a: Zeraora
|-start|p1a: Reuniclus|move: Future Sight
|
|-weather|Sandstorm|[upkeep]
|-damage|p2a: Zeraora|89/100|[from] Sandstorm
|-damage|p1a: Reuniclus|8/100|[from] Sandstorm
|upkeep
|turn|26
|c|☆HOF69|gg
|
|switch|p1a: Hippowdon|Hippowdon, M|58/100
|move|p2a: Zeraora|Knock Off|p1a: Hippowdon
|-damage|p1a: Hippowdon|47/100
|
|-weather|Sandstorm|[upkeep]
|-damage|p2a: Zeraora|83/100|[from] Sandstorm
|upkeep
|turn|27
|
|switch|p2a: Keldeo|Keldeo-Resolute|94/100
|switch|p1a: Reuniclus|Reuniclus, M|41/100
|
|-weather|none
|-end|p2a: Keldeo|move: Future Sight
|-supereffective|p2a: Keldeo
|-damage|p2a: Keldeo|0 fnt
|upkeep
|faint|p2a: Keldeo
|
|switch|p2a: Zeraora|Zeraora|83/100
|turn|28
|
|switch|p1a: Hippowdon|Hippowdon, M|47/100
|-weather|Sandstorm|[from] ability: Sand Stream|[of] p1a: Hippowdon
|move|p2a: Zeraora|Knock Off|p1a: Hippowdon
|-damage|p1a: Hippowdon|36/100
|
|-weather|Sandstorm|[upkeep]
|-damage|p2a: Zeraora|77/100|[from] Sandstorm
|upkeep
|turn|29
|
|switch|p1a: Reuniclus|Reuniclus, M|75/100
|move|p2a: Zeraora|Grass Knot|p1a: Reuniclus
|-damage|p1a: Reuniclus|68/100
|
|-weather|Sandstorm|[upkeep]
|-damage|p2a: Zeraora|71/100|[from] Sandstorm
|-damage|p1a: Reuniclus|62/100|[from] Sandstorm
|upkeep
|turn|30
|
|switch|p1a: Hippowdon|Hippowdon, M|36/100
|move|p2a: Zeraora|Knock Off|p1a: Hippowdon
|-damage|p1a: Hippowdon|26/100
|
|-weather|Sandstorm|[upkeep]
|-damage|p2a: Zeraora|65/100|[from] Sandstorm
|upkeep
|turn|31
|
|move|p2a: Zeraora|Grass Knot|p1a: Hippowdon
|-supereffective|p1a: Hippowdon
|-damage|p1a: Hippowdon|0 fnt
|faint|p1a: Hippowdon
|
|-weather|Sandstorm|[upkeep]
|-damage|p2a: Zeraora|59/100|[from] Sandstorm
|upkeep
|
|switch|p1a: Reuniclus|Reuniclus, M|95/100
|turn|32
|
|move|p2a: Zeraora|Knock Off|p1a: Reuniclus
|-supereffective|p1a: Reuniclus
|-damage|p1a: Reuniclus|46/100
|move|p1a: Reuniclus|Psychic|p2a: Zeraora
|-damage|p2a: Zeraora|0 fnt
|faint|p2a: Zeraora
|
|win|4funaccount
|raw|4funaccount's rating: 1711 &rarr; <strong>1737</strong><br />(+26 for winning)
|raw|HOF69's rating: 1817 &rarr; <strong>1791</strong><br />(-26 for losing)
|c|☆4funaccount|gg
|l|☆HOF69
