|j|☆GORAN EL DRACO
|j|☆Storm Zone
|player|p1|GORAN EL DRACO|266|1898
|player|p2|Storm Zone|zinnia|1752
|teamsize|p1|6
|teamsize|p2|6
|gametype|singles
|gen|8
|tier|[Gen 8] OU
|rated|
|html|<div class="broadcast-red"><strong>OU is currently suspecting Arena Trap! For information on how to participate check out the <a href="https://www.smogon.com/forums/threads/3661134/">suspect thread</a>.</strong></div>
|clearpoke
|poke|p1|Dracovish|
|poke|p1|Rotom-Heat|
|poke|p1|Ferrothorn, M|
|poke|p1|Hawlucha, M|
|poke|p1|Togekiss, F|
|poke|p1|Hydreigon, F|
|poke|p2|Conkeldurr, M|
|poke|p2|Kyurem|
|poke|p2|Mandibuzz, F|
|poke|p2|Gengar, M|
|poke|p2|Primarina, M|
|poke|p2|Seismitoad, M|
|rule|Sleep Clause Mod: Limit one foe put to sleep
|rule|Species Clause: Limit one of each Pokémon
|rule|OHKO Clause: OHKO moves are banned
|rule|Evasion Moves Clause: Evasion moves are banned
|rule|Endless Battle Clause: Forcing endless battles is banned
|rule|HP Percentage Mod: HP is shown in percentages
|rule|Dynamax Clause: You cannot dynamax
|teampreview
|
|start
|switch|p1a: Hydreigon|Hydreigon, F|100/100
|switch|p2a: Stark|Kyurem, shiny|100/100
|-ability|p2a: Stark|Pressure
|turn|1
|
|switch|p2a: Crescent|Primarina, M|100/100
|move|p1a: Hydreigon|U-turn|p2a: Crescent
|-resisted|p2a: Crescent
|-damage|p2a: Crescent|92/100
|
|switch|p1a: Dracovish|Dracovish|100/100|[from]move: U-turn
|
|-heal|p2a: Crescent|98/100|[from] item: Leftovers
|upkeep
|turn|2
|
|move|p1a: Dracovish|Psychic Fangs|p2a: Crescent
|-damage|p2a: Crescent|31/100
|move|p2a: Crescent|Moonblast|p1a: Dracovish
|-supereffective|p1a: Dracovish
|-damage|p1a: Dracovish|0 fnt
|faint|p1a: Dracovish
|
|-heal|p2a: Crescent|37/100|[from] item: Leftovers
|upkeep
|
|switch|p1a: Togekiss|Togekiss, F|100/100
|turn|3
|
|move|p1a: Togekiss|Air Slash|p2a: Crescent
|-damage|p2a: Crescent|6/100
|move|p2a: Crescent|Moonblast|p1a: Togekiss
|-damage|p1a: Togekiss|49/100
|
|-heal|p1a: Togekiss|55/100|[from] item: Leftovers
|-heal|p2a: Crescent|12/100|[from] item: Leftovers
|upkeep
|turn|4
|j| Aa147258369
|
|move|p1a: Togekiss|Air Slash|p2a: Crescent
|-damage|p2a: Crescent|0 fnt
|faint|p2a: Crescent
|
|-heal|p1a: Togekiss|61/100|[from] item: Leftovers
|upkeep
|
|switch|p2a: Kage|Gengar, M, shiny|100/100
|turn|5
|
|switch|p1a: Ferrothorn|Ferrothorn, M|100/100
|move|p2a: Kage|Substitute|p2a: Kage
|-start|p2a: Kage|Substitute
|-damage|p2a: Kage|76/100
|
|-heal|p2a: Kage|82/100|[from] item: Black Sludge
|upkeep
|turn|6
|
|move|p2a: Kage|Focus Blast|p1a: Ferrothorn
|-supereffective|p1a: Ferrothorn
|-damage|p1a: Ferrothorn|26/100
|move|p1a: Ferrothorn|Knock Off|p2a: Kage
|-supereffective|p2a: Kage
|-end|p2a: Kage|Substitute
|
|-heal|p2a: Kage|88/100|[from] item: Black Sludge
|-heal|p1a: Ferrothorn|32/100|[from] item: Leftovers
|upkeep
|turn|7
|
|move|p2a: Kage|Shadow Ball|p1a: Ferrothorn
|-damage|p1a: Ferrothorn|0 fnt
|faint|p1a: Ferrothorn
|
|-heal|p2a: Kage|94/100|[from] item: Black Sludge
|upkeep
|j| partynparadise
|j| Stall Offens
|
|switch|p1a: Hydreigon|Hydreigon, F|100/100
|turn|8
|
|switch|p2a: Yami|Mandibuzz, F, shiny|100/100
|move|p1a: Hydreigon|Dark Pulse|p2a: Yami
|-resisted|p2a: Yami
|-damage|p2a: Yami|86/100
|
|upkeep
|turn|9
|
|switch|p1a: Rotom|Rotom-Heat|100/100
|move|p2a: Yami|Knock Off|p1a: Rotom
|-crit|p1a: Rotom
|-damage|p1a: Rotom|61/100
|-enditem|p1a: Rotom|Heavy-Duty Boots|[from] move: Knock Off|[of] p2a: Yami
|
|upkeep
|turn|10
|j| sella alik boi
|
|switch|p2a: Globox|Seismitoad, M|100/100
|move|p1a: Rotom|Volt Switch|p2a: Globox
|-immune|p2a: Globox
|
|upkeep
|turn|11
|
|switch|p1a: Togekiss|Togekiss, F|61/100
|move|p2a: Globox|Stealth Rock|p1a: Togekiss
|-sidestart|p1: GORAN EL DRACO|move: Stealth Rock
|
|-heal|p1a: Togekiss|67/100|[from] item: Leftovers
|upkeep
|turn|12
|
|switch|p2a: Kage|Gengar, M, shiny|94/100
|move|p1a: Togekiss|Substitute|p1a: Togekiss
|-start|p1a: Togekiss|Substitute
|-damage|p1a: Togekiss|42/100
|
|-heal|p2a: Kage|99/100|[from] item: Black Sludge
|-heal|p1a: Togekiss|48/100|[from] item: Leftovers
|upkeep
|turn|13
|
|move|p2a: Kage|Substitute|p2a: Kage
|-start|p2a: Kage|Substitute
|-damage|p2a: Kage|75/100
|move|p1a: Togekiss|Air Slash|p2a: Kage
|-end|p2a: Kage|Substitute
|
|-heal|p2a: Kage|81/100|[from] item: Black Sludge
|-heal|p1a: Togekiss|54/100|[from] item: Leftovers
|upkeep
|turn|14
|
|move|p2a: Kage|Sludge Wave|p1a: Togekiss
|-supereffective|p1a: Togekiss
|-end|p1a: Togekiss|Substitute
|move|p1a: Togekiss|Flamethrower|p2a: Kage
|-damage|p2a: Kage|25/100
|-start|p1a: Togekiss|Disable|Flamethrower|[from] ability: Cursed Body|[of] p2a: Kage
|
|-heal|p2a: Kage|31/100|[from] item: Black Sludge
|-heal|p1a: Togekiss|60/100|[from] item: Leftovers
|upkeep
|turn|15
|
|switch|p1a: Rotom|Rotom-Heat|61/100
|-damage|p1a: Rotom|36/100|[from] Stealth Rock
|move|p2a: Kage|Sludge Wave|p1a: Rotom
|-damage|p1a: Rotom|0 fnt
|faint|p1a: Rotom
|
|-heal|p2a: Kage|37/100|[from] item: Black Sludge
|upkeep
|
|switch|p1a: Hydreigon|Hydreigon, F|100/100
|-damage|p1a: Hydreigon|88/100|[from] Stealth Rock
|turn|16
|
|move|p1a: Hydreigon|U-turn|p2a: Kage
|-resisted|p2a: Kage
|-damage|p2a: Kage|30/100
|
|switch|p1a: Togekiss|Togekiss, F|60/100|[from]move: U-turn
|-damage|p1a: Togekiss|35/100|[from] Stealth Rock
|move|p2a: Kage|Substitute|p2a: Kage
|-start|p2a: Kage|Substitute
|-damage|p2a: Kage|5/100
|
|-heal|p2a: Kage|12/100|[from] item: Black Sludge
|-heal|p1a: Togekiss|41/100|[from] item: Leftovers
|upkeep
|turn|17
|
|move|p2a: Kage|Sludge Wave|p1a: Togekiss
|-supereffective|p1a: Togekiss
|-damage|p1a: Togekiss|0 fnt
|faint|p1a: Togekiss
|
|-heal|p2a: Kage|18/100|[from] item: Black Sludge
|upkeep
|
|switch|p1a: Hydreigon|Hydreigon, F|88/100
|-damage|p1a: Hydreigon|76/100|[from] Stealth Rock
|turn|18
|
|move|p1a: Hydreigon|Dark Pulse|p2a: Kage
|-supereffective|p2a: Kage
|-end|p2a: Kage|Substitute
|move|p2a: Kage|Focus Blast|p1a: Hydreigon
|-supereffective|p1a: Hydreigon
|-damage|p1a: Hydreigon|0 fnt
|faint|p1a: Hydreigon
|
|-heal|p2a: Kage|24/100|[from] item: Black Sludge
|upkeep
|
|switch|p1a: Hawlucha|Hawlucha, M|100/100
|-damage|p1a: Hawlucha|88/100|[from] Stealth Rock
|turn|19
|
|move|p2a: Kage|Sludge Wave|p1a: Hawlucha
|-damage|p1a: Hawlucha|0 fnt
|faint|p1a: Hawlucha
|
|win|Storm Zone
|c|☆Storm Zone|gg
