|j|☆Libaa
|j|☆HOF69
|t:|1661628110
|gametype|singles
|player|p1|Libaa|bianca-pwt|1670
|player|p2|HOF69|red|1807
|teamsize|p1|6
|teamsize|p2|6
|gen|8
|tier|[Gen 8] OU
|rated|
|rule|Sleep Clause Mod: Limit one foe put to sleep
|rule|Species Clause: Limit one of each Pokémon
|rule|OHKO Clause: OHKO moves are banned
|rule|Evasion Items Clause: Evasion items are banned
|rule|Evasion Moves Clause: Evasion moves are banned
|rule|Endless Battle Clause: Forcing endless battles is banned
|rule|HP Percentage Mod: HP is shown in percentages
|rule|Dynamax Clause: You cannot dynamax
|clearpoke
|poke|p1|Victini|
|poke|p1|Weavile, F|
|poke|p1|Hatterene, F|
|poke|p1|Landorus-Therian, M|
|poke|p1|Toxapex, F|
|poke|p1|Ferrothorn, M|
|poke|p2|Blacephalon|
|poke|p2|Gengar, M|
|poke|p2|Krookodile, M|
|poke|p2|Landorus-Therian, M|
|poke|p2|Tapu Lele|
|poke|p2|Kartana|
|teampreview
|c|☆Libaa|Nice team
|c|☆Libaa|Love the krook
|c|☆HOF69|ty
|
|t:|1661628141
|start
|switch|p1a: Skill Daddy|Landorus-Therian, M|100/100
|switch|p2a: Gengar|Gengar, M, shiny|100/100
|-ability|p1a: Skill Daddy|Intimidate|boost
|-unboost|p2a: Gengar|atk|1
|turn|1
|
|t:|1661628148
|switch|p2a: Krookodile|Krookodile, M|100/100
|-ability|p2a: Krookodile|Intimidate|boost
|-unboost|p1a: Skill Daddy|atk|1
|move|p1a: Skill Daddy|Earthquake|p2a: Krookodile
|-damage|p2a: Krookodile|60/100
|
|upkeep
|turn|2
|
|t:|1661628158
|switch|p1a: Yoinky|Toxapex, F|100/100
|move|p2a: Krookodile|Knock Off|p1a: Yoinky
|-damage|p1a: Yoinky|72/100
|-damage|p2a: Krookodile|43/100|[from] item: Rocky Helmet|[of] p1a: Yoinky
|-enditem|p1a: Yoinky|Rocky Helmet|[from] move: Knock Off|[of] p2a: Krookodile
|
|upkeep
|turn|3
|
|t:|1661628164
|switch|p1a: Laria|Hatterene, F|100/100
|move|p2a: Krookodile|Stealth Rock|p1a: Laria
|move|p1a: Laria|Stealth Rock|p2a: Krookodile|[from]ability: Magic Bounce
|-sidestart|p2: HOF69|move: Stealth Rock
|
|upkeep
|turn|4
|
|t:|1661628167
|move|p2a: Krookodile|Knock Off|p1a: Laria
|-damage|p1a: Laria|63/100
|-enditem|p1a: Laria|Leftovers|[from] move: Knock Off|[of] p2a: Krookodile
|move|p1a: Laria|Draining Kiss|p2a: Krookodile
|-supereffective|p2a: Krookodile
|-crit|p2a: Krookodile
|-damage|p2a: Krookodile|0 fnt
|-heal|p1a: Laria|96/100|[from] drain|[of] p2a: Krookodile
|faint|p2a: Krookodile
|
|upkeep
|
|t:|1661628173
|switch|p2a: Kartana|Kartana|100/100
|-damage|p2a: Kartana|94/100|[from] Stealth Rock
|turn|5
|
|t:|1661628177
|move|p2a: Kartana|Swords Dance|p2a: Kartana
|-boost|p2a: Kartana|atk|2
|move|p1a: Laria|Mystical Fire|p2a: Kartana
|-supereffective|p2a: Kartana
|-crit|p2a: Kartana
|-damage|p2a: Kartana|0 fnt
|faint|p2a: Kartana
|
|upkeep
|-message|HOF69 forfeited.
|
|win|Libaa
|raw|Libaa's rating: 1670 &rarr; <strong>1698</strong><br />(+28 for winning)
|raw|HOF69's rating: 1807 &rarr; <strong>1779</strong><br />(-28 for losing)
|l|☆HOF69
