|j|☆testotesto321
|j|☆the gold diver
|player|p1|testotesto321|bellelba|1699
|player|p2|the gold diver|lucas|1675
|teamsize|p1|6
|teamsize|p2|6
|gametype|singles
|gen|8
|tier|[Gen 8] OU
|rated|
|clearpoke
|poke|p1|Alakazam, M|
|poke|p1|Cinderace, M|
|poke|p1|Clefable, F|
|poke|p1|Chansey, F|
|poke|p1|Mandibuzz, F|
|poke|p1|Toxapex, F|
|poke|p2|Chansey, F|
|poke|p2|Skarmory, F|
|poke|p2|Tangrowth, M|
|poke|p2|Magearna-Original|
|poke|p2|Toxapex, F|
|poke|p2|Excadrill, M|
|rule|Sleep Clause Mod: Limit one foe put to sleep
|rule|Species Clause: Limit one of each Pokémon
|rule|OHKO Clause: OHKO moves are banned
|rule|Evasion Moves Clause: Evasion moves are banned
|rule|Endless Battle Clause: Forcing endless battles is banned
|rule|HP Percentage Mod: HP is shown in percentages
|rule|Dynamax Clause: You cannot dynamax
|teampreview
|inactive|Battle timer is ON: inactive players will automatically lose when time's up. (requested by the gold diver)
|
|start
|switch|p1a: Clefable|Clefable, F, shiny|100/100
|switch|p2a: Magearna|Magearna-Original|100/100
|turn|1
|
|move|p1a: Clefable|Knock Off|p2a: Magearna
|-resisted|p2a: Magearna
|-crit|p2a: Magearna
|-damage|p2a: Magearna|87/100
|-enditem|p2a: Magearna|Leftovers|[from] move: Knock Off|[of] p1a: Clefable
|move|p2a: Magearna|Calm Mind|p2a: Magearna
|-boost|p2a: Magearna|spa|1
|-boost|p2a: Magearna|spd|1
|
|upkeep
|turn|2
|
|switch|p1a: Chansey|Chansey, F|100/100
|move|p2a: Magearna|Calm Mind|p2a: Magearna
|-boost|p2a: Magearna|spa|1
|-boost|p2a: Magearna|spd|1
|
|upkeep
|turn|3
|
|move|p2a: Magearna|Calm Mind|p2a: Magearna
|-boost|p2a: Magearna|spa|1
|-boost|p2a: Magearna|spd|1
|move|p1a: Chansey|Seismic Toss|p2a: Magearna
|-damage|p2a: Magearna|60/100
|
|upkeep
|turn|4
|
|move|p2a: Magearna|Calm Mind|p2a: Magearna
|-boost|p2a: Magearna|spa|1
|-boost|p2a: Magearna|spd|1
|move|p1a: Chansey|Seismic Toss|p2a: Magearna
|-damage|p2a: Magearna|32/100
|
|upkeep
|turn|5
|
|move|p2a: Magearna|Calm Mind|p2a: Magearna
|-boost|p2a: Magearna|spa|1
|-boost|p2a: Magearna|spd|1
|move|p1a: Chansey|Seismic Toss|p2a: Magearna
|-damage|p2a: Magearna|5/100
|
|upkeep
|turn|6
|
|move|p2a: Magearna|Pain Split|p1a: Chansey
|-sethp|p1a: Chansey|52/100|[from] move: Pain Split|[silent]
|-sethp|p2a: Magearna|99/100|[from] move: Pain Split
|move|p1a: Chansey|Seismic Toss|p2a: Magearna
|-damage|p2a: Magearna|72/100
|
|upkeep
|turn|7
|
|switch|p1a: Cinderace|Cinderace, M|100/100
|move|p2a: Magearna|Fleur Cannon|p1a: Cinderace
|-resisted|p1a: Cinderace
|-damage|p1a: Cinderace|0 fnt
|-unboost|p2a: Magearna|spa|2
|faint|p1a: Cinderace
|-ability|p2a: Magearna|Soul-Heart|boost
|-boost|p2a: Magearna|spa|1
|
|upkeep
|
|switch|p1a: Toxapex|Toxapex, F|100/100
|turn|8
|
|switch|p1a: Chansey|Chansey, F|52/100
|move|p2a: Magearna|Thunderbolt|p1a: Chansey
|-damage|p1a: Chansey|19/100
|
|upkeep
|turn|9
|-message|testotesto321 forfeited.
|
|win|the gold diver
|l|☆testotesto321
