|j|☆Xertaiinutiile
|j|☆Suricata2000
|t:|1662229790
|gametype|singles
|player|p1|Xertaiinutiile|medium-gen2jp|1545
|player|p2|Suricata2000|cynthia|1625
|teamsize|p1|6
|teamsize|p2|6
|gen|8
|tier|[Gen 8] OU
|rated|
|rule|Sleep Clause Mod: Limit one foe put to sleep
|rule|Species Clause: Limit one of each Pokémon
|rule|OHKO Clause: OHKO moves are banned
|rule|Evasion Items Clause: Evasion items are banned
|rule|Evasion Moves Clause: Evasion moves are banned
|rule|Endless Battle Clause: Forcing endless battles is banned
|rule|HP Percentage Mod: HP is shown in percentages
|rule|Dynamax Clause: You cannot dynamax
|clearpoke
|poke|p1|Dusknoir, F|
|poke|p1|Tangrowth, F|
|poke|p1|Blissey, F|
|poke|p1|Corviknight, M|
|poke|p1|Quagsire, F|
|poke|p1|Umbreon, M|
|poke|p2|Clefable, M|
|poke|p2|Tornadus-Therian, M|
|poke|p2|Nidoking, M|
|poke|p2|Slowbro, F|
|poke|p2|Urshifu-*, F|
|poke|p2|Ferrothorn, F|
|teampreview
|inactive|Battle timer is ON: inactive players will automatically lose when time's up. (requested by Xertaiinutiile)
|j| Perspectieve
|
|t:|1662229813
|start
|switch|p1a: Blissey|Blissey, F, shiny|100/100
|switch|p2a: Clefable|Clefable, M|100/100
|turn|1
|
|t:|1662229823
|move|p2a: Clefable|Knock Off|p1a: Blissey
|-damage|p1a: Blissey|87/100
|-enditem|p1a: Blissey|Heavy-Duty Boots|[from] move: Knock Off|[of] p2a: Clefable
|move|p1a: Blissey|Toxic|p2a: Clefable|[miss]
|-miss|p1a: Blissey|p2a: Clefable
|
|upkeep
|turn|2
|
|t:|1662229832
|move|p2a: Clefable|Knock Off|p1a: Blissey
|-damage|p1a: Blissey|78/100
|move|p1a: Blissey|Stealth Rock|p2a: Clefable
|-sidestart|p2: Suricata2000|move: Stealth Rock
|
|upkeep
|turn|3
|
|t:|1662229840
|move|p2a: Clefable|Knock Off|p1a: Blissey
|-damage|p1a: Blissey|69/100
|move|p1a: Blissey|Toxic|p2a: Clefable
|-status|p2a: Clefable|tox
|
|upkeep
|turn|4
|
|t:|1662229852
|switch|p2a: Ferrothorn|Ferrothorn, F|100/100
|-damage|p2a: Ferrothorn|95/100|[from] Stealth Rock
|move|p1a: Blissey|Soft-Boiled|p1a: Blissey
|-heal|p1a: Blissey|100/100
|
|-heal|p2a: Ferrothorn|100/100|[from] item: Leftovers
|upkeep
|turn|5
|
|t:|1662229864
|switch|p1a: Tangrowth|Tangrowth, F|100/100
|move|p2a: Ferrothorn|Knock Off|p1a: Tangrowth
|-damage|p1a: Tangrowth|85/100
|-enditem|p1a: Tangrowth|Assault Vest|[from] move: Knock Off|[of] p2a: Ferrothorn
|
|upkeep
|turn|6
|
|t:|1662229876
|switch|p2a: Clefable|Clefable, M|100/100 tox
|move|p1a: Tangrowth|Knock Off|p2a: Clefable
|-resisted|p2a: Clefable
|-damage|p2a: Clefable|89/100 tox
|-enditem|p2a: Clefable|Leftovers|[from] move: Knock Off|[of] p1a: Tangrowth
|
|upkeep
|turn|7
|
|t:|1662229884
|move|p2a: Clefable|Moonblast|p1a: Tangrowth
|-damage|p1a: Tangrowth|56/100
|-unboost|p1a: Tangrowth|spa|1
|move|p1a: Tangrowth|Sludge Bomb|p2a: Clefable
|-supereffective|p2a: Clefable
|-damage|p2a: Clefable|65/100 tox
|
|upkeep
|turn|8
|
|t:|1662229894
|switch|p1a: Dusknoir|Dusknoir, F, shiny|100/100
|-ability|p1a: Dusknoir|Pressure
|move|p2a: Clefable|Soft-Boiled|p2a: Clefable
|-heal|p2a: Clefable|100/100 tox
|
|upkeep
|turn|9
|
|t:|1662229904
|move|p1a: Dusknoir|Infestation|p2a: Clefable
|-resisted|p2a: Clefable
|-damage|p2a: Clefable|99/100 tox
|-activate|p2a: Clefable|move: Infestation|[of] p1a: Dusknoir
|move|p2a: Clefable|Knock Off|p1a: Dusknoir
|-supereffective|p1a: Dusknoir
|-damage|p1a: Dusknoir|73/100
|-enditem|p1a: Dusknoir|Binding Band|[from] move: Knock Off|[of] p2a: Clefable
|
|upkeep
|turn|10
|l| Perspectieve
|
|t:|1662229917
|move|p1a: Dusknoir|Taunt|p2a: Clefable
|-start|p2a: Clefable|move: Taunt
|move|p2a: Clefable|Moonblast|p1a: Dusknoir
|-damage|p1a: Dusknoir|47/100
|
|upkeep
|turn|11
|
|t:|1662229931
|move|p1a: Dusknoir|Infestation|p2a: Clefable
|-resisted|p2a: Clefable
|-damage|p2a: Clefable|98/100 tox
|move|p2a: Clefable|Moonblast|p1a: Dusknoir
|-damage|p1a: Dusknoir|22/100
|-unboost|p1a: Dusknoir|spa|1
|
|upkeep
|turn|12
|
|t:|1662229941
|move|p1a: Dusknoir|Pain Split|p2a: Clefable
|-sethp|p2a: Clefable|57/100 tox|[from] move: Pain Split|[silent]
|-sethp|p1a: Dusknoir|76/100|[from] move: Pain Split
|move|p2a: Clefable|Moonblast|p1a: Dusknoir
|-damage|p1a: Dusknoir|51/100
|
|-end|p2a: Clefable|move: Taunt
|upkeep
|turn|13
|
|t:|1662229956
|move|p1a: Dusknoir|Taunt|p2a: Clefable
|-start|p2a: Clefable|move: Taunt
|move|p2a: Clefable|Moonblast|p1a: Dusknoir
|-damage|p1a: Dusknoir|23/100
|
|-end|p2a: Clefable|Infestation|[partiallytrapped]
|upkeep
|turn|14
|
|t:|1662229965
|move|p1a: Dusknoir|Pain Split|p2a: Clefable
|-sethp|p2a: Clefable|37/100 tox|[from] move: Pain Split|[silent]
|-sethp|p1a: Dusknoir|49/100|[from] move: Pain Split
|move|p2a: Clefable|Moonblast|p1a: Dusknoir
|-damage|p1a: Dusknoir|23/100
|-unboost|p1a: Dusknoir|spa|1
|
|upkeep
|turn|15
|
|t:|1662229980
|move|p1a: Dusknoir|Pain Split|p2a: Clefable
|-sethp|p2a: Clefable|27/100 tox|[from] move: Pain Split|[silent]
|-sethp|p1a: Dusknoir|36/100|[from] move: Pain Split
|move|p2a: Clefable|Knock Off|p1a: Dusknoir
|-supereffective|p1a: Dusknoir
|-damage|p1a: Dusknoir|20/100
|
|-end|p2a: Clefable|move: Taunt
|upkeep
|turn|16
|
|t:|1662230001
|move|p1a: Dusknoir|Night Shade|p2a: Clefable
|-damage|p2a: Clefable|2/100 tox
|move|p2a: Clefable|Knock Off|p1a: Dusknoir
|-supereffective|p1a: Dusknoir
|-damage|p1a: Dusknoir|2/100
|
|upkeep
|turn|17
|
|t:|1662230019
|move|p1a: Dusknoir|Night Shade|p2a: Clefable
|-damage|p2a: Clefable|0 fnt
|faint|p2a: Clefable
|
|upkeep
|
|t:|1662230027
|switch|p2a: Tornadus|Tornadus-Therian, M, shiny|100/100
|turn|18
|
|t:|1662230033
|switch|p1a: Quagsire|Quagsire, F|100/100
|move|p2a: Tornadus|U-turn|p1a: Quagsire
|-damage|p1a: Quagsire|89/100
|-damage|p2a: Tornadus|84/100|[from] item: Rocky Helmet|[of] p1a: Quagsire
|
|t:|1662230040
|switch|p2a: Ferrothorn|Ferrothorn, F|100/100|[from]move: U-turn
|-damage|p2a: Ferrothorn|95/100|[from] Stealth Rock
|
|-heal|p2a: Ferrothorn|100/100|[from] item: Leftovers
|upkeep
|turn|19
|
|t:|1662230050
|switch|p1a: Tangrowth|Tangrowth, F|89/100
|move|p2a: Ferrothorn|Knock Off|p1a: Tangrowth
|-damage|p1a: Tangrowth|79/100
|
|upkeep
|turn|20
|
|t:|1662230058
|move|p1a: Tangrowth|Knock Off|p2a: Ferrothorn
|-crit|p2a: Ferrothorn
|-damage|p2a: Ferrothorn|80/100
|-damage|p1a: Tangrowth|66/100|[from] ability: Iron Barbs|[of] p2a: Ferrothorn
|-enditem|p2a: Ferrothorn|Leftovers|[from] move: Knock Off|[of] p1a: Tangrowth
|move|p2a: Ferrothorn|Stealth Rock|p1a: Tangrowth
|-sidestart|p1: Xertaiinutiile|move: Stealth Rock
|
|upkeep
|turn|21
|
|t:|1662230074
|switch|p2a: Slowbro|Slowbro, F|100/100
|move|p1a: Tangrowth|Knock Off|p2a: Slowbro
|-supereffective|p2a: Slowbro
|-damage|p2a: Slowbro|73/100
|-enditem|p2a: Slowbro|Heavy-Duty Boots|[from] move: Knock Off|[of] p1a: Tangrowth
|
|upkeep
|turn|22
|
|t:|1662230083
|switch|p1a: Dusknoir|Dusknoir, F, shiny|2/100
|-damage|p1a: Dusknoir|0 fnt|[from] Stealth Rock
|faint|p1a: Dusknoir
|move|p2a: Slowbro|Toxic|p1: Dusknoir|[notarget]
|-fail|p2a: Slowbro
|
|upkeep
|
|t:|1662230094
|switch|p1a: Umbreon|Umbreon, M, shiny|100/100
|-damage|p1a: Umbreon|88/100|[from] Stealth Rock
|turn|23
|
|t:|1662230102
|move|p1a: Umbreon|Wish|p1a: Umbreon
|move|p2a: Slowbro|Teleport|p2a: Slowbro
|
|t:|1662230111
|switch|p2a: Tornadus|Tornadus-Therian, M, shiny|100/100|[from]move: Teleport
|
|-heal|p1a: Umbreon|94/100|[from] item: Leftovers
|upkeep
|turn|24
|
|t:|1662230119
|switch|p1a: Blissey|Blissey, F, shiny|100/100
|-damage|p1a: Blissey|88/100|[from] Stealth Rock
|move|p2a: Tornadus|Knock Off|p1a: Blissey
|-damage|p1a: Blissey|77/100
|
|-heal|p1a: Blissey|100/100|[from] move: Wish|[wisher] Umbreon
|upkeep
|turn|25
|
|t:|1662230130
|move|p2a: Tornadus|U-turn|p1a: Blissey
|-damage|p1a: Blissey|89/100
|
|t:|1662230135
|switch|p2a: Ferrothorn|Ferrothorn, F|80/100|[from]move: U-turn
|-damage|p2a: Ferrothorn|74/100|[from] Stealth Rock
|move|p1a: Blissey|Seismic Toss|p2a: Ferrothorn
|-damage|p2a: Ferrothorn|46/100
|-damage|p1a: Blissey|76/100|[from] ability: Iron Barbs|[of] p2a: Ferrothorn
|
|upkeep
|turn|26
|
|t:|1662230148
|switch|p2a: Nidoking|Nidoking, M|100/100
|-damage|p2a: Nidoking|95/100|[from] Stealth Rock
|move|p1a: Blissey|Seismic Toss|p2a: Nidoking
|-damage|p2a: Nidoking|62/100
|
|upkeep
|turn|27
|-message|Suricata2000 forfeited.
|
|win|Xertaiinutiile
|raw|Xertaiinutiile's rating: 1545 &rarr; <strong>1570</strong><br />(+25 for winning)
|raw|Suricata2000's rating: 1625 &rarr; <strong>1600</strong><br />(-25 for losing)
|l|☆Suricata2000
