|j|☆3Racoons
|j|☆demgeilem
|t:|1667833369
|gametype|singles
|player|p1|3Racoons|101|1251
|player|p2|demgeilem|ethan-masters|1220
|teamsize|p1|6
|teamsize|p2|6
|gen|8
|tier|[Gen 8] OU
|rated|
|rule|Sleep Clause Mod: Limit one foe put to sleep
|rule|Species Clause: Limit one of each Pokémon
|rule|OHKO Clause: OHKO moves are banned
|rule|Evasion Items Clause: Evasion items are banned
|rule|Evasion Moves Clause: Evasion moves are banned
|rule|Endless Battle Clause: Forcing endless battles is banned
|rule|HP Percentage Mod: HP is shown in percentages
|rule|Dynamax Clause: You cannot dynamax
|clearpoke
|poke|p1|Zapdos|
|poke|p1|Heatran, F|
|poke|p1|Garchomp, F|
|poke|p1|Kartana|
|poke|p1|Ninetales-Alola, F|
|poke|p1|Urshifu-*, M|
|poke|p2|Melmetal|
|poke|p2|Dragapult, M|
|poke|p2|Slowbro, F|
|poke|p2|Clefable, F|
|poke|p2|Landorus-Therian, M|
|poke|p2|Buzzwole|
|teampreview
|inactive|Battle timer is ON: inactive players will automatically lose when time's up. (requested by 3Racoons)
|
|t:|1667833390
|start
|switch|p1a: Ninetales|Ninetales-Alola, F|100/100
|switch|p2a: Clefable|Clefable, F|100/100
|-weather|Hail|[from] ability: Snow Warning|[of] p1a: Ninetales
|turn|1
|
|t:|1667833394
|move|p1a: Ninetales|Blizzard|p2a: Clefable
|-damage|p2a: Clefable|52/100
|move|p2a: Clefable|Stealth Rock|p1a: Ninetales
|-sidestart|p1: 3Racoons|move: Stealth Rock
|
|-weather|Hail|[upkeep]
|-heal|p2a: Clefable|58/100|[from] item: Leftovers
|upkeep
|turn|2
|
|t:|1667833398
|move|p1a: Ninetales|Blizzard|p2a: Clefable
|-damage|p2a: Clefable|12/100
|move|p2a: Clefable|Soft-Boiled|p2a: Clefable
|-heal|p2a: Clefable|62/100
|
|-weather|Hail|[upkeep]
|-heal|p2a: Clefable|68/100|[from] item: Leftovers
|upkeep
|turn|3
|
|t:|1667833416
|switch|p1a: Kartana|Kartana|100/100
|-damage|p1a: Kartana|94/100|[from] Stealth Rock
|move|p2a: Clefable|Soft-Boiled|p2a: Clefable
|-heal|p2a: Clefable|100/100
|
|-weather|Hail|[upkeep]
|-damage|p1a: Kartana|88/100|[from] Hail
|upkeep
|turn|4
|
|t:|1667833427
|switch|p2a: Buzzwole|Buzzwole|100/100
|move|p1a: Kartana|Smart Strike|p2a: Buzzwole
|-damage|p2a: Buzzwole|62/100
|
|-weather|Hail|[upkeep]
|-damage|p1a: Kartana|82/100|[from] Hail
|-damage|p2a: Buzzwole|55/100|[from] Hail
|upkeep
|turn|5
|
|t:|1667833440
|switch|p1a: Zapdos|Zapdos|100/100
|-ability|p1a: Zapdos|Pressure
|switch|p2a: Slowbro|Slowbro, F, shiny|100/100
|
|-weather|none
|upkeep
|turn|6
|
|t:|1667833444
|move|p1a: Zapdos|Defog|p2a: Slowbro
|-unboost|p2a: Slowbro|evasion|1
|-sideend|p1: 3Racoons|Stealth Rock|[from] move: Defog|[of] p1a: Zapdos
|move|p2a: Slowbro|Teleport|p2a: Slowbro
|
|t:|1667833447
|switch|p2a: Dragapult|Dragapult, M|100/100|[from]move: Teleport
|
|upkeep
|turn|7
|
|t:|1667833450
|move|p2a: Dragapult|Shadow Ball|p1a: Zapdos
|-damage|p1a: Zapdos|49/100
|-unboost|p1a: Zapdos|spd|1
|move|p1a: Zapdos|Hurricane|p2a: Dragapult
|-damage|p2a: Dragapult|42/100
|
|upkeep
|turn|8
|
|t:|1667833459
|switch|p1a: Urshifu|Urshifu-Rapid-Strike, M|100/100
|move|p2a: Dragapult|Shadow Ball|p1a: Urshifu
|-damage|p1a: Urshifu|7/100
|
|upkeep
|turn|9
|
|t:|1667833464
|move|p2a: Dragapult|Shadow Ball|p1a: Urshifu
|-damage|p1a: Urshifu|0 fnt
|faint|p1a: Urshifu
|
|upkeep
|
|t:|1667833468
|switch|p1a: Kartana|Kartana|82/100
|turn|10
|
|t:|1667833476
|switch|p2a: Slowbro|Slowbro, F, shiny|100/100
|move|p1a: Kartana|Smart Strike|p2a: Slowbro
|-resisted|p2a: Slowbro
|-damage|p2a: Slowbro|85/100
|-damage|p1a: Kartana|65/100|[from] item: Rocky Helmet|[of] p2a: Slowbro
|
|upkeep
|turn|11
|
|t:|1667833488
|switch|p1a: Garchomp|Garchomp, F|100/100
|move|p2a: Slowbro|Teleport|p2a: Slowbro
|
|t:|1667833502
|switch|p2a: Buzzwole|Buzzwole|55/100|[from]move: Teleport
|
|upkeep
|turn|12
|
|t:|1667833506
|move|p2a: Buzzwole|Ice Punch|p1a: Garchomp
|-supereffective|p1a: Garchomp
|-damage|p1a: Garchomp|0 fnt
|-damage|p2a: Buzzwole|43/100|[from] ability: Rough Skin|[of] p1a: Garchomp
|faint|p1a: Garchomp
|-ability|p2a: Buzzwole|Beast Boost|boost
|-boost|p2a: Buzzwole|atk|1
|
|upkeep
|
|t:|1667833511
|switch|p1a: Heatran|Heatran, F|100/100
|turn|13
|
|t:|1667833517
|switch|p2a: Slowbro|Slowbro, F, shiny|100/100
|move|p1a: Heatran|Magma Storm|p2a: Slowbro
|-resisted|p2a: Slowbro
|-crit|p2a: Slowbro
|-damage|p2a: Slowbro|68/100
|-activate|p2a: Slowbro|move: Magma Storm|[of] p1a: Heatran
|
|-damage|p2a: Slowbro|56/100|[from] move: Magma Storm|[partiallytrapped]
|upkeep
|turn|14
|
|t:|1667833523
|move|p1a: Heatran|Magma Storm|p2a: Slowbro
|-resisted|p2a: Slowbro
|-damage|p2a: Slowbro|34/100
|move|p2a: Slowbro|Scald|p1a: Heatran
|-supereffective|p1a: Heatran
|-damage|p1a: Heatran|66/100
|
|-heal|p1a: Heatran|73/100|[from] item: Leftovers
|-damage|p2a: Slowbro|21/100|[from] move: Magma Storm|[partiallytrapped]
|upkeep
|turn|15
|
|t:|1667833531
|move|p1a: Heatran|Stealth Rock|p2a: Slowbro
|-sidestart|p2: demgeilem|move: Stealth Rock
|move|p2a: Slowbro|Teleport|p2a: Slowbro
|
|t:|1667833540
|switch|p2a: Landorus|Landorus-Therian, M|100/100|[from]move: Teleport
|-damage|p2a: Landorus|88/100|[from] Stealth Rock
|-ability|p2a: Landorus|Intimidate|boost
|-unboost|p1a: Heatran|atk|1
|
|-heal|p2a: Landorus|94/100|[from] item: Leftovers
|-heal|p1a: Heatran|79/100|[from] item: Leftovers
|upkeep
|turn|16
|
|t:|1667833544
|switch|p1a: Zapdos|Zapdos|49/100
|-ability|p1a: Zapdos|Pressure
|move|p2a: Landorus|Earthquake|p1a: Zapdos
|-immune|p1a: Zapdos
|
|-heal|p2a: Landorus|99/100|[from] item: Leftovers
|upkeep
|turn|17
|
|t:|1667833554
|move|p1a: Zapdos|Hurricane|p2a: Landorus|[miss]
|-miss|p1a: Zapdos|p2a: Landorus
|move|p2a: Landorus|Defog|p1a: Zapdos
|-unboost|p1a: Zapdos|evasion|1
|-sideend|p2: demgeilem|Stealth Rock|[from] move: Defog|[of] p2a: Landorus
|
|-heal|p2a: Landorus|100/100|[from] item: Leftovers
|upkeep
|turn|18
|
|t:|1667833559
|switch|p2a: Clefable|Clefable, F|100/100
|move|p1a: Zapdos|Hurricane|p2a: Clefable
|-damage|p2a: Clefable|68/100
|
|-heal|p2a: Clefable|74/100|[from] item: Leftovers
|upkeep
|turn|19
|
|t:|1667833567
|move|p1a: Zapdos|Volt Switch|p2a: Clefable
|-damage|p2a: Clefable|54/100
|
|t:|1667833575
|switch|p1a: Kartana|Kartana|65/100|[from]move: Volt Switch
|move|p2a: Clefable|Wish|p2a: Clefable
|
|-heal|p2a: Clefable|60/100|[from] item: Leftovers
|upkeep
|turn|20
|
|t:|1667833581
|switch|p2a: Buzzwole|Buzzwole|43/100
|move|p1a: Kartana|Smart Strike|p2a: Buzzwole
|-damage|p2a: Buzzwole|9/100
|
|-heal|p2a: Buzzwole|64/100|[from] move: Wish|[wisher] Clefable
|upkeep
|turn|21
|
|t:|1667833589
|switch|p1a: Zapdos|Zapdos|49/100
|-ability|p1a: Zapdos|Pressure
|switch|p2a: Slowbro|Slowbro, F, shiny|55/100
|
|upkeep
|turn|22
|
|t:|1667833594
|switch|p2a: Clefable|Clefable, F|60/100
|move|p1a: Zapdos|Volt Switch|p2a: Clefable
|-damage|p2a: Clefable|38/100
|
|t:|1667833604
|switch|p1a: Ninetales|Ninetales-Alola, F|100/100|[from]move: Volt Switch
|-weather|Hail|[from] ability: Snow Warning|[of] p1a: Ninetales
|
|-weather|Hail|[upkeep]
|-heal|p2a: Clefable|44/100|[from] item: Leftovers
|upkeep
|turn|23
|
|t:|1667833608
|move|p1a: Ninetales|Blizzard|p2a: Clefable
|-damage|p2a: Clefable|0 fnt
|faint|p2a: Clefable
|
|-weather|Hail|[upkeep]
|upkeep
|
|t:|1667833616
|switch|p2a: Melmetal|Melmetal|100/100
|turn|24
|
|t:|1667833624
|switch|p1a: Zapdos|Zapdos|49/100
|-ability|p1a: Zapdos|Pressure
|move|p2a: Melmetal|Double Iron Bash|p1a: Zapdos
|-resisted|p1a: Zapdos
|-damage|p1a: Zapdos|25/100
|-resisted|p1a: Zapdos
|-damage|p1a: Zapdos|3/100
|-hitcount|p1a: Zapdos|2
|
|-weather|Hail|[upkeep]
|-damage|p1a: Zapdos|0 fnt|[from] Hail
|-damage|p2a: Melmetal|94/100|[from] Hail
|faint|p1a: Zapdos
|upkeep
|
|t:|1667833630
|switch|p1a: Heatran|Heatran, F|79/100
|turn|25
|
|t:|1667833639
|switch|p2a: Slowbro|Slowbro, F, shiny|88/100
|move|p1a: Heatran|Magma Storm|p2a: Slowbro
|-resisted|p2a: Slowbro
|-damage|p2a: Slowbro|66/100
|-activate|p2a: Slowbro|move: Magma Storm|[of] p1a: Heatran
|
|-weather|Hail|[upkeep]
|-damage|p1a: Heatran|73/100|[from] Hail
|-damage|p2a: Slowbro|60/100|[from] Hail
|-heal|p1a: Heatran|79/100|[from] item: Leftovers
|-damage|p2a: Slowbro|47/100|[from] move: Magma Storm|[partiallytrapped]
|upkeep
|turn|26
|
|t:|1667833647
|move|p1a: Heatran|Magma Storm|p2a: Slowbro
|-resisted|p2a: Slowbro
|-damage|p2a: Slowbro|24/100
|move|p2a: Slowbro|Scald|p1a: Heatran
|-supereffective|p1a: Heatran
|-damage|p1a: Heatran|45/100
|
|-weather|none
|-heal|p1a: Heatran|51/100|[from] item: Leftovers
|-damage|p2a: Slowbro|12/100|[from] move: Magma Storm|[partiallytrapped]
|upkeep
|turn|27
|
|t:|1667833652
|move|p1a: Heatran|Magma Storm|p2a: Slowbro
|-resisted|p2a: Slowbro
|-damage|p2a: Slowbro|0 fnt
|faint|p2a: Slowbro
|
|-heal|p1a: Heatran|57/100|[from] item: Leftovers
|upkeep
|
|t:|1667833655
|switch|p2a: Landorus|Landorus-Therian, M|100/100
|-ability|p2a: Landorus|Intimidate|boost
|-unboost|p1a: Heatran|atk|1
|turn|28
|
|t:|1667833662
|move|p2a: Landorus|Earthquake|p1a: Heatran
|-supereffective|p1a: Heatran
|-damage|p1a: Heatran|0 fnt
|faint|p1a: Heatran
|
|upkeep
|
|t:|1667833666
|switch|p1a: Ninetales|Ninetales-Alola, F|100/100
|-weather|Hail|[from] ability: Snow Warning|[of] p1a: Ninetales
|turn|29
|
|t:|1667833683
|switch|p1a: Kartana|Kartana|65/100
|move|p2a: Landorus|Earthquake|p1a: Kartana
|-damage|p1a: Kartana|16/100
|
|-weather|Hail|[upkeep]
|-damage|p1a: Kartana|10/100|[from] Hail
|-damage|p2a: Landorus|94/100|[from] Hail
|-heal|p2a: Landorus|100/100|[from] item: Leftovers
|upkeep
|turn|30
|
|t:|1667833688
|move|p1a: Kartana|Knock Off|p2a: Landorus
|-damage|p2a: Landorus|58/100
|-enditem|p2a: Landorus|Leftovers|[from] move: Knock Off|[of] p1a: Kartana
|move|p2a: Landorus|Earthquake|p1a: Kartana
|-damage|p1a: Kartana|0 fnt
|faint|p1a: Kartana
|
|-weather|Hail|[upkeep]
|-damage|p2a: Landorus|52/100|[from] Hail
|upkeep
|
|t:|1667833691
|switch|p1a: Ninetales|Ninetales-Alola, F|100/100
|turn|31
|
|t:|1667833702
|move|p1a: Ninetales|Blizzard|p2a: Landorus
|-supereffective|p2a: Landorus
|-damage|p2a: Landorus|0 fnt
|faint|p2a: Landorus
|
|-weather|Hail|[upkeep]
|upkeep
|
|t:|1667833705
|switch|p2a: Melmetal|Melmetal|94/100
|turn|32
|
|t:|1667833707
|move|p1a: Ninetales|Blizzard|p2a: Melmetal
|-resisted|p2a: Melmetal
|-damage|p2a: Melmetal|60/100
|move|p2a: Melmetal|Double Iron Bash|p1a: Ninetales
|-supereffective|p1a: Ninetales
|-damage|p1a: Ninetales|0 fnt
|faint|p1a: Ninetales
|-hitcount|p1: Ninetales|1
|
|win|demgeilem
|raw|3Racoons's rating: 1251 &rarr; <strong>1224</strong><br />(-27 for losing)
|raw|demgeilem's rating: 1220 &rarr; <strong>1247</strong><br />(+27 for winning)
|l|☆3Racoons
