|j|☆mickey m
|j|☆beergoggles
|t:|1604734636
|player|p1|mickey m|hilbert-dueldisk|1320
|player|p2|beergoggles|130|1251
|teamsize|p1|6
|teamsize|p2|6
|gametype|singles
|gen|8
|tier|[Gen 8] OU
|rated|
|clearpoke
|poke|p1|Rillaboom, F|
|poke|p1|Moltres-Galar|
|poke|p1|Dragonite, M|
|poke|p1|Cinderace, M|
|poke|p1|Pheromosa|
|poke|p1|Blaziken, F|
|poke|p2|Grimmsnarl, M|
|poke|p2|Hawlucha, F|
|poke|p2|Magearna|
|poke|p2|Rillaboom, M|
|poke|p2|Espeon, M|
|poke|p2|Zeraora|
|rule|Sleep Clause Mod: Limit one foe put to sleep
|rule|Species Clause: Limit one of each Pokémon
|rule|OHKO Clause: OHKO moves are banned
|rule|Evasion Moves Clause: Evasion moves are banned
|rule|Endless Battle Clause: Forcing endless battles is banned
|rule|HP Percentage Mod: HP is shown in percentages
|rule|Dynamax Clause: You cannot dynamax
|teampreview
|inactive|Battle timer is ON: inactive players will automatically lose when time's up. (requested by mickey m)
|
|t:|1604734652
|start
|switch|p1a: Pheromosa|Pheromosa|100/100
|switch|p2a: Gargamel|Grimmsnarl, M|100/100
|turn|1
|
|t:|1604734664
|move|p2a: Gargamel|Light Screen|p2a: Gargamel
|-sidestart|p2: beergoggles|move: Light Screen
|move|p1a: Pheromosa|Quiver Dance|p1a: Pheromosa
|-boost|p1a: Pheromosa|spa|1
|-boost|p1a: Pheromosa|spd|1
|-boost|p1a: Pheromosa|spe|1
|
|upkeep
|turn|2
|
|t:|1604734678
|move|p2a: Gargamel|Taunt|p1a: Pheromosa
|-start|p1a: Pheromosa|move: Taunt
|move|p1a: Pheromosa|Bug Buzz|p2a: Gargamel
|-damage|p2a: Gargamel|58/100
|
|upkeep
|turn|3
|
|t:|1604734695
|move|p1a: Pheromosa|Focus Blast|p2a: Gargamel
|-damage|p2a: Gargamel|2/100
|-unboost|p2a: Gargamel|spd|1
|move|p2a: Gargamel|Spirit Break|p1a: Pheromosa
|-supereffective|p1a: Pheromosa
|-enditem|p1a: Pheromosa|Focus Sash
|-damage|p1a: Pheromosa|1/100
|-unboost|p1a: Pheromosa|spa|1
|
|upkeep
|turn|4
|inactive|beergoggles has 120 seconds left.
|
|t:|1604734720
|move|p2a: Gargamel|Reflect|p2a: Gargamel
|-sidestart|p2: beergoggles|Reflect
|move|p1a: Pheromosa|Ice Beam|p2a: Gargamel
|-damage|p2a: Gargamel|0 fnt
|faint|p2a: Gargamel
|-ability|p1a: Pheromosa|Beast Boost|boost
|-boost|p1a: Pheromosa|spa|1
|
|-end|p1a: Pheromosa|move: Taunt
|upkeep
|inactive|beergoggles has 120 seconds left.
|
|t:|1604734728
|switch|p2a: OK Rillaboomer|Rillaboom, M|100/100
|-fieldstart|move: Grassy Terrain|[from] ability: Grassy Surge|[of] p2a: OK Rillaboomer
|turn|5
|
|t:|1604734746
|switch|p1a: Rillaboom|Rillaboom, F|100/100
|-enditem|p1a: Rillaboom|Grassy Seed
|-boost|p1a: Rillaboom|def|1|[from] item: Grassy Seed
|move|p2a: OK Rillaboomer|Grassy Glide|p1a: Rillaboom
|-resisted|p1a: Rillaboom
|-damage|p1a: Rillaboom|74/100
|
|-heal|p1a: Rillaboom|81/100|[from] Grassy Terrain
|upkeep
|turn|6
|
|t:|1604734759
|switch|p2a: Can't Unsee Cmltoe|Hawlucha, F|100/100
|-enditem|p2a: Can't Unsee Cmltoe|Grassy Seed
|-boost|p2a: Can't Unsee Cmltoe|def|1|[from] item: Grassy Seed
|move|p1a: Rillaboom|Swords Dance|p1a: Rillaboom
|-boost|p1a: Rillaboom|atk|2
|
|-heal|p1a: Rillaboom|87/100|[from] Grassy Terrain
|upkeep
|turn|7
|
|t:|1604734774
|move|p2a: Can't Unsee Cmltoe|Encore|p1a: Rillaboom
|-start|p1a: Rillaboom|Encore
|move|p1a: Rillaboom|Swords Dance|p1a: Rillaboom
|-boost|p1a: Rillaboom|atk|2
|
|-heal|p1a: Rillaboom|93/100|[from] Grassy Terrain
|upkeep
|turn|8
|
|t:|1604734782
|move|p2a: Can't Unsee Cmltoe|Swords Dance|p2a: Can't Unsee Cmltoe
|-boost|p2a: Can't Unsee Cmltoe|atk|2
|move|p1a: Rillaboom|Swords Dance|p1a: Rillaboom
|-boost|p1a: Rillaboom|atk|2
|
|-heal|p1a: Rillaboom|99/100|[from] Grassy Terrain
|-sideend|p2: beergoggles|move: Light Screen
|upkeep
|turn|9
|
|t:|1604734790
|move|p2a: Can't Unsee Cmltoe|Acrobatics|p1a: Rillaboom
|-supereffective|p1a: Rillaboom
|-damage|p1a: Rillaboom|0 fnt
|faint|p1a: Rillaboom
|
|-fieldend|move: Grassy Terrain
|upkeep
|
|t:|1604734797
|switch|p1a: Blaziken|Blaziken, F, shiny|100/100
|turn|10
|
|t:|1604734801
|move|p1a: Blaziken|Endure|p1a: Blaziken
|-singleturn|p1a: Blaziken|move: Endure
|move|p2a: Can't Unsee Cmltoe|Acrobatics|p1a: Blaziken
|-supereffective|p1a: Blaziken
|-activate|p1a: Blaziken|move: Endure
|-damage|p1a: Blaziken|1/100
|
|-ability|p1a: Blaziken|Speed Boost|boost
|-boost|p1a: Blaziken|spe|1
|upkeep
|turn|11
|
|t:|1604734811
|move|p2a: Can't Unsee Cmltoe|Acrobatics|p1a: Blaziken
|-supereffective|p1a: Blaziken
|-damage|p1a: Blaziken|0 fnt
|faint|p1a: Blaziken
|
|-sideend|p2: beergoggles|Reflect
|upkeep
|
|t:|1604734824
|switch|p1a: Dragonite|Dragonite, M|100/100
|turn|12
|-message|mickey m forfeited.
|
|win|beergoggles
|l|☆mickey m
