|j|☆gotsnsd
|j|☆minimax_ai
|t:|1663541807
|gametype|singles
|player|p1|gotsnsd|beauty-gen2jp|1496
|player|p2|minimax_ai|lusamine-nihilego|1566
|teamsize|p1|6
|teamsize|p2|6
|gen|8
|tier|[Gen 8] OU
|rated|
|rule|Sleep Clause Mod: Limit one foe put to sleep
|rule|Species Clause: Limit one of each Pokémon
|rule|OHKO Clause: OHKO moves are banned
|rule|Evasion Items Clause: Evasion items are banned
|rule|Evasion Moves Clause: Evasion moves are banned
|rule|Endless Battle Clause: Forcing endless battles is banned
|rule|HP Percentage Mod: HP is shown in percentages
|rule|Dynamax Clause: You cannot dynamax
|clearpoke
|poke|p1|Ninetales-Alola, M|
|poke|p1|Arctozolt|
|poke|p1|Kommo-o, M|
|poke|p1|Tapu Lele|
|poke|p1|Slowking-Galar, M|
|poke|p1|Volcanion|
|poke|p2|Rotom-Wash|
|poke|p2|Weavile, F|
|poke|p2|Landorus-Therian, M|
|poke|p2|Heatran, M|
|poke|p2|Tangrowth, F|
|poke|p2|Melmetal|
|teampreview
|c|☆minimax_ai|hf
|inactive|Battle timer is ON: inactive players will automatically lose when time's up. (requested by minimax_ai)
|
|t:|1663541818
|start
|switch|p1a: Ninetales|Ninetales-Alola, M|100/100
|switch|p2a: Melmetal|Melmetal|100/100
|-weather|Hail|[from] ability: Snow Warning|[of] p1a: Ninetales
|turn|1
|
|t:|1663541827
|switch|p1a: Kommo-o|Kommo-o, M|100/100
|move|p2a: Melmetal|Double Iron Bash|p1a: Kommo-o
|-damage|p1a: Kommo-o|65/100
|-damage|p1a: Kommo-o|27/100
|-hitcount|p1a: Kommo-o|2
|
|-weather|Hail|[upkeep]
|-damage|p2a: Melmetal|94/100|[from] Hail
|upkeep
|turn|2
|
|t:|1663541831
|switch|p2a: landorustherian|Landorus-Therian, M|100/100
|-ability|p2a: landorustherian|Intimidate|boost
|-unboost|p1a: Kommo-o|atk|1
|move|p1a: Kommo-o|Drain Punch|p2a: landorustherian
|-resisted|p2a: landorustherian
|-damage|p2a: landorustherian|89/100
|-heal|p1a: Kommo-o|34/100|[from] drain|[of] p2a: landorustherian
|
|-weather|Hail|[upkeep]
|-damage|p2a: landorustherian|83/100|[from] Hail
|-heal|p2a: landorustherian|89/100|[from] item: Leftovers
|upkeep
|turn|3
|
|t:|1663541844
|switch|p1a: Ninetales|Ninetales-Alola, M|100/100
|move|p2a: landorustherian|Earthquake|p1a: Ninetales
|-damage|p1a: Ninetales|38/100
|
|-weather|Hail|[upkeep]
|-damage|p2a: landorustherian|83/100|[from] Hail
|-heal|p2a: landorustherian|89/100|[from] item: Leftovers
|upkeep
|turn|4
|
|t:|1663541853
|switch|p2a: Melmetal|Melmetal|94/100
|move|p1a: Ninetales|Freeze-Dry|p2a: Melmetal
|-resisted|p2a: Melmetal
|-damage|p2a: Melmetal|89/100
|
|-weather|Hail|[upkeep]
|-damage|p2a: Melmetal|83/100|[from] Hail
|upkeep
|turn|5
|
|t:|1663541857
|move|p1a: Ninetales|Aurora Veil|p1a: Ninetales
|-sidestart|p1: gotsnsd|move: Aurora Veil
|move|p2a: Melmetal|Thunder Punch|p1a: Ninetales
|-damage|p1a: Ninetales|16/100
|
|-weather|Hail|[upkeep]
|-damage|p2a: Melmetal|77/100|[from] Hail
|upkeep
|turn|6
|
|t:|1663541862
|move|p1a: Ninetales|Encore|p2a: Melmetal
|-start|p2a: Melmetal|Encore
|move|p2a: Melmetal|Thunder Punch|p1a: Ninetales
|-damage|p1a: Ninetales|0 fnt
|faint|p1a: Ninetales
|
|-weather|Hail|[upkeep]
|-damage|p2a: Melmetal|71/100|[from] Hail
|upkeep
|j| EpicBreadGuy
|
|t:|1663541889
|switch|p1a: Arctozolt|Arctozolt|100/100
|turn|7
|
|t:|1663541891
|switch|p2a: landorustherian|Landorus-Therian, M|89/100
|-ability|p2a: landorustherian|Intimidate|boost
|-unboost|p1a: Arctozolt|atk|1
|move|p1a: Arctozolt|Substitute|p1a: Arctozolt
|-start|p1a: Arctozolt|Substitute
|-damage|p1a: Arctozolt|76/100
|
|-weather|Hail|[upkeep]
|-damage|p2a: landorustherian|83/100|[from] Hail
|-heal|p2a: landorustherian|89/100|[from] item: Leftovers
|upkeep
|turn|8
|
|t:|1663541894
|switch|p2a: Melmetal|Melmetal|71/100
|move|p1a: Arctozolt|Blizzard|p2a: Melmetal
|-resisted|p2a: Melmetal
|-damage|p2a: Melmetal|62/100
|
|-weather|none
|upkeep
|turn|9
|
|t:|1663541899
|move|p1a: Arctozolt|Low Kick|p2a: Melmetal
|-supereffective|p2a: Melmetal
|-damage|p2a: Melmetal|34/100
|move|p2a: Melmetal|Earthquake|p1a: Arctozolt
|-supereffective|p1a: Arctozolt
|-end|p1a: Arctozolt|Substitute
|
|-sideend|p1: gotsnsd|move: Aurora Veil
|upkeep
|turn|10
|
|t:|1663541908
|switch|p1a: Kommo-o|Kommo-o, M|34/100
|move|p2a: Melmetal|Earthquake|p1a: Kommo-o
|-damage|p1a: Kommo-o|0 fnt
|faint|p1a: Kommo-o
|
|upkeep
|
|t:|1663541913
|switch|p1a: Volcanion|Volcanion|100/100
|turn|11
|
|t:|1663541918
|switch|p2a: rotomwash|Rotom-Wash|100/100
|move|p1a: Volcanion|Steam Eruption|p2a: rotomwash
|-resisted|p2a: rotomwash
|-damage|p2a: rotomwash|54/100
|
|-heal|p2a: rotomwash|60/100|[from] item: Leftovers
|upkeep
|turn|12
|
|t:|1663541922
|switch|p1a: Slowking|Slowking-Galar, M|100/100
|move|p2a: rotomwash|Nasty Plot|p2a: rotomwash
|-boost|p2a: rotomwash|spa|2
|
|-heal|p2a: rotomwash|67/100|[from] item: Leftovers
|upkeep
|turn|13
|
|t:|1663541929
|move|p2a: rotomwash|Nasty Plot|p2a: rotomwash
|-boost|p2a: rotomwash|spa|2
|move|p1a: Slowking|Sludge Bomb|p2a: rotomwash
|-damage|p2a: rotomwash|25/100
|
|-heal|p2a: rotomwash|31/100|[from] item: Leftovers
|upkeep
|turn|14
|
|t:|1663541935
|switch|p1a: Arctozolt|Arctozolt|76/100
|move|p2a: rotomwash|Pain Split|p1a: Arctozolt
|-sethp|p1a: Arctozolt|53/100|[from] move: Pain Split|[silent]
|-sethp|p2a: rotomwash|55/100|[from] move: Pain Split
|
|-heal|p2a: rotomwash|62/100|[from] item: Leftovers
|upkeep
|turn|15
|
|t:|1663541939
|move|p2a: rotomwash|Thunderbolt|p1a: Arctozolt
|-resisted|p1a: Arctozolt
|-damage|p1a: Arctozolt|0 fnt
|faint|p1a: Arctozolt
|
|-heal|p2a: rotomwash|68/100|[from] item: Leftovers
|upkeep
|
|t:|1663541942
|switch|p1a: Tapu Lele|Tapu Lele|100/100
|-fieldstart|move: Psychic Terrain|[from] ability: Psychic Surge|[of] p1a: Tapu Lele
|turn|16
|
|t:|1663541944
|switch|p2a: Melmetal|Melmetal|34/100
|move|p1a: Tapu Lele|Psyshock|p2a: Melmetal
|-resisted|p2a: Melmetal
|-damage|p2a: Melmetal|17/100
|
|upkeep
|turn|17
|
|t:|1663541947
|move|p1a: Tapu Lele|Psyshock|p2a: Melmetal
|-resisted|p2a: Melmetal
|-damage|p2a: Melmetal|1/100
|move|p2a: Melmetal|Earthquake|p1a: Tapu Lele
|-crit|p1a: Tapu Lele
|-damage|p1a: Tapu Lele|18/100
|
|upkeep
|turn|18
|
|t:|1663541951
|switch|p2a: Weavile|Weavile, F|100/100
|-ability|p2a: Weavile|Pressure
|move|p1a: Tapu Lele|Psyshock|p2a: Weavile
|-immune|p2a: Weavile
|
|upkeep
|turn|19
|
|t:|1663541957
|switch|p1a: Volcanion|Volcanion|100/100
|move|p2a: Weavile|Knock Off|p1a: Volcanion
|-damage|p1a: Volcanion|28/100
|-enditem|p1a: Volcanion|Choice Specs|[from] move: Knock Off|[of] p2a: Weavile
|
|upkeep
|turn|20
|
|t:|1663541960
|move|p2a: Weavile|Knock Off|p1a: Volcanion
|-damage|p1a: Volcanion|0 fnt
|faint|p1a: Volcanion
|
|-fieldend|move: Psychic Terrain
|upkeep
|
|t:|1663541964
|switch|p1a: Tapu Lele|Tapu Lele|18/100
|-fieldstart|move: Psychic Terrain|[from] ability: Psychic Surge|[of] p1a: Tapu Lele
|turn|21
|
|t:|1663541970
|move|p1a: Tapu Lele|Focus Blast|p2a: Weavile
|-supereffective|p2a: Weavile
|-damage|p2a: Weavile|0 fnt
|faint|p2a: Weavile
|
|upkeep
|
|t:|1663541970
|switch|p2a: landorustherian|Landorus-Therian, M|89/100
|-ability|p2a: landorustherian|Intimidate|boost
|-unboost|p1a: Tapu Lele|atk|1
|turn|22
|-message|gotsnsd forfeited.
|
|win|minimax_ai
|raw|gotsnsd's rating: 1496 &rarr; <strong>1480</strong><br />(-16 for losing)
|raw|minimax_ai's rating: 1566 &rarr; <strong>1582</strong><br />(+16 for winning)
|c|☆minimax_ai|gg
