|j|☆ptlt1 batataplays
|j|☆legitteambuilder
|t:|1621602385
|gametype|singles
|player|p1|ptlt1 batataplays|evelyn|1428
|player|p2|legitteambuilder|lance|1464
|teamsize|p1|6
|teamsize|p2|6
|gen|8
|tier|[Gen 8] OU
|rated|
|rule|Sleep Clause Mod: Limit one foe put to sleep
|rule|Species Clause: Limit one of each Pokémon
|rule|OHKO Clause: OHKO moves are banned
|rule|Evasion Moves Clause: Evasion moves are banned
|rule|Endless Battle Clause: Forcing endless battles is banned
|rule|HP Percentage Mod: HP is shown in percentages
|rule|Dynamax Clause: You cannot dynamax
|clearpoke
|poke|p1|Heatran, F|
|poke|p1|Dragonite, M|
|poke|p1|Garchomp, F|
|poke|p1|Tapu Koko|
|poke|p1|Kyurem|
|poke|p1|Urshifu-*, F|
|poke|p2|Heatran, M|
|poke|p2|Dragapult, M|
|poke|p2|Corviknight, F|
|poke|p2|Tapu Lele|
|poke|p2|Garchomp, M|
|poke|p2|Ferrothorn, F|
|teampreview
|
|t:|1621602406
|start
|switch|p1a: Kyurem|Kyurem|100/100
|switch|p2a: draga deez nuts|Dragapult, M, shiny|100/100
|-ability|p1a: Kyurem|Pressure
|turn|1
|
|t:|1621602413
|switch|p1a: Tapu Koko|Tapu Koko|100/100
|-fieldstart|move: Electric Terrain|[from] ability: Electric Surge|[of] p1a: Tapu Koko
|move|p2a: draga deez nuts|U-turn|p1a: Tapu Koko
|-resisted|p1a: Tapu Koko
|-damage|p1a: Tapu Koko|88/100
|
|t:|1621602419
|switch|p2a: molten venusaur|Heatran, M, shiny|100/100|[from]move: U-turn
|
|upkeep
|turn|2
|
|t:|1621602423
|switch|p1a: Garchomp|Garchomp, F|100/100
|move|p2a: molten venusaur|Stealth Rock|p1a: Garchomp
|-sidestart|p1: ptlt1 batataplays|move: Stealth Rock
|
|upkeep
|turn|3
|
|t:|1621602435
|switch|p2a: no zone pls :(|Corviknight, F, shiny|100/100
|-ability|p2a: no zone pls :(|Pressure
|move|p1a: Garchomp|Stealth Rock|p2a: no zone pls :(
|-sidestart|p2: legitteambuilder|move: Stealth Rock
|
|upkeep
|turn|4
|
|t:|1621602440
|move|p1a: Garchomp|Fire Blast|p2a: no zone pls :(
|-supereffective|p2a: no zone pls :(
|-damage|p2a: no zone pls :(|47/100
|-damage|p1a: Garchomp|91/100|[from] item: Life Orb
|move|p2a: no zone pls :(|U-turn|p1a: Garchomp
|-damage|p1a: Garchomp|76/100
|-damage|p2a: no zone pls :(|35/100|[from] ability: Rough Skin|[of] p1a: Garchomp
|
|t:|1621602449
|switch|p2a: draga deez nuts|Dragapult, M, shiny|100/100|[from]move: U-turn
|-damage|p2a: draga deez nuts|88/100|[from] Stealth Rock
|
|upkeep
|turn|5
|
|t:|1621602458
|switch|p1a: Heatran|Heatran, F|100/100
|-damage|p1a: Heatran|88/100|[from] Stealth Rock
|move|p2a: draga deez nuts|Draco Meteor|p1a: Heatran
|-resisted|p1a: Heatran
|-damage|p1a: Heatran|68/100
|-unboost|p2a: draga deez nuts|spa|2
|
|-heal|p1a: Heatran|75/100|[from] item: Leftovers
|-fieldend|move: Electric Terrain
|upkeep
|turn|6
|
|t:|1621602470
|switch|p2a: no zone pls :(|Corviknight, F, shiny|35/100
|-damage|p2a: no zone pls :(|22/100|[from] Stealth Rock
|-ability|p2a: no zone pls :(|Pressure
|move|p1a: Heatran|Earth Power|p2a: no zone pls :(
|-immune|p2a: no zone pls :(
|
|-heal|p1a: Heatran|81/100|[from] item: Leftovers
|-heal|p2a: no zone pls :(|29/100|[from] item: Leftovers
|upkeep
|turn|7
|
|t:|1621602488
|move|p1a: Heatran|Taunt|p2a: no zone pls :(
|-start|p2a: no zone pls :(|move: Taunt
|move|p2a: no zone pls :(|U-turn|p1a: Heatran
|-resisted|p1a: Heatran
|-damage|p1a: Heatran|78/100
|
|t:|1621602491
|switch|p2a: Mini Draco AR-IS|Garchomp, M|100/100|[from]move: U-turn
|-damage|p2a: Mini Draco AR-IS|94/100|[from] Stealth Rock
|
|-heal|p1a: Heatran|84/100|[from] item: Leftovers
|upkeep
|turn|8
|
|t:|1621602499
|move|p2a: Mini Draco AR-IS|Scale Shot|p1a: Heatran
|-resisted|p1a: Heatran
|-damage|p1a: Heatran|76/100
|-resisted|p1a: Heatran
|-damage|p1a: Heatran|68/100
|-resisted|p1a: Heatran
|-damage|p1a: Heatran|60/100
|-resisted|p1a: Heatran
|-damage|p1a: Heatran|52/100
|-resisted|p1a: Heatran
|-damage|p1a: Heatran|44/100
|-hitcount|p1a: Heatran|5
|-unboost|p2a: Mini Draco AR-IS|def|1
|-boost|p2a: Mini Draco AR-IS|spe|1
|-damage|p2a: Mini Draco AR-IS|85/100|[from] item: Life Orb
|move|p1a: Heatran|Earth Power|p2a: Mini Draco AR-IS
|-damage|p2a: Mini Draco AR-IS|57/100
|
|-heal|p1a: Heatran|50/100|[from] item: Leftovers
|upkeep
|turn|9
|
|t:|1621602509
|switch|p1a: Dragonite|Dragonite, M|100/100
|move|p2a: Mini Draco AR-IS|Earthquake|p1a: Dragonite
|-immune|p1a: Dragonite
|
|upkeep
|turn|10
|
|t:|1621602538
|switch|p2a: Bella Thorn|Ferrothorn, F, shiny|100/100
|-damage|p2a: Bella Thorn|94/100|[from] Stealth Rock
|move|p1a: Dragonite|Earthquake|p2a: Bella Thorn
|-damage|p2a: Bella Thorn|73/100
|
|-heal|p2a: Bella Thorn|79/100|[from] item: Leftovers
|upkeep
|turn|11
|
|t:|1621602544
|move|p1a: Dragonite|Dragon Dance|p1a: Dragonite
|-boost|p1a: Dragonite|atk|1
|-boost|p1a: Dragonite|spe|1
|move|p2a: Bella Thorn|Spikes|p1a: Dragonite
|-sidestart|p1: ptlt1 batataplays|Spikes
|
|-heal|p2a: Bella Thorn|85/100|[from] item: Leftovers
|upkeep
|turn|12
|
|t:|1621602546
|move|p1a: Dragonite|Dragon Dance|p1a: Dragonite
|-boost|p1a: Dragonite|atk|1
|-boost|p1a: Dragonite|spe|1
|move|p2a: Bella Thorn|Toxic|p1a: Dragonite
|-status|p1a: Dragonite|tox
|
|-heal|p2a: Bella Thorn|92/100|[from] item: Leftovers
|-damage|p1a: Dragonite|94/100 tox|[from] psn
|upkeep
|turn|13
|
|t:|1621602549
|switch|p2a: no zone pls :(|Corviknight, F, shiny|29/100
|-damage|p2a: no zone pls :(|16/100|[from] Stealth Rock
|-ability|p2a: no zone pls :(|Pressure
|move|p1a: Dragonite|Earthquake|p2a: no zone pls :(
|-immune|p2a: no zone pls :(
|
|-heal|p2a: no zone pls :(|22/100|[from] item: Leftovers
|-damage|p1a: Dragonite|82/100 tox|[from] psn
|upkeep
|turn|14
|
|t:|1621602557
|switch|p2a: Bella Thorn|Ferrothorn, F, shiny|92/100
|-damage|p2a: Bella Thorn|85/100|[from] Stealth Rock
|move|p1a: Dragonite|Dual Wingbeat|p2a: Bella Thorn
|-damage|p2a: Bella Thorn|62/100
|-damage|p1a: Dragonite|70/100 tox|[from] ability: Iron Barbs|[of] p2a: Bella Thorn
|-damage|p2a: Bella Thorn|38/100
|-damage|p1a: Dragonite|57/100 tox|[from] ability: Iron Barbs|[of] p2a: Bella Thorn
|-hitcount|p2a: Bella Thorn|2
|
|-heal|p2a: Bella Thorn|44/100|[from] item: Leftovers
|-damage|p1a: Dragonite|39/100 tox|[from] psn
|upkeep
|turn|15
|
|t:|1621602568
|switch|p2a: no zone pls :(|Corviknight, F, shiny|22/100
|-damage|p2a: no zone pls :(|10/100|[from] Stealth Rock
|-ability|p2a: no zone pls :(|Pressure
|move|p1a: Dragonite|Dual Wingbeat|p2a: no zone pls :(
|-resisted|p2a: no zone pls :(
|-damage|p2a: no zone pls :(|0 fnt
|faint|p2a: no zone pls :(
|-hitcount|p2: no zone pls :(|1
|
|-damage|p1a: Dragonite|14/100 tox|[from] psn
|upkeep
|
|t:|1621602572
|switch|p2a: draga deez nuts|Dragapult, M, shiny|88/100
|-damage|p2a: draga deez nuts|76/100|[from] Stealth Rock
|turn|16
|
|t:|1621602575
|move|p2a: draga deez nuts|Shadow Ball|p1a: Dragonite
|-crit|p1a: Dragonite
|-damage|p1a: Dragonite|0 fnt
|faint|p1a: Dragonite
|
|upkeep
|
|t:|1621602581
|switch|p1a: Tapu Koko|Tapu Koko|88/100
|-fieldstart|move: Electric Terrain|[from] ability: Electric Surge|[of] p1a: Tapu Koko
|turn|17
|j| isa200bela
|
|t:|1621602593
|move|p2a: draga deez nuts|Shadow Ball|p1a: Tapu Koko
|-damage|p1a: Tapu Koko|38/100
|-unboost|p1a: Tapu Koko|spd|1
|move|p1a: Tapu Koko|Thunderbolt|p2a: draga deez nuts
|-resisted|p2a: draga deez nuts
|-damage|p2a: draga deez nuts|45/100
|
|upkeep
|turn|18
|
|t:|1621602600
|switch|p1a: Heatran|Heatran, F|50/100
|-damage|p1a: Heatran|38/100|[from] Spikes
|-damage|p1a: Heatran|25/100|[from] Stealth Rock
|move|p2a: draga deez nuts|Shadow Ball|p1a: Heatran
|-damage|p1a: Heatran|2/100
|-unboost|p1a: Heatran|spd|1
|
|-heal|p1a: Heatran|8/100|[from] item: Leftovers
|upkeep
|turn|19
|
|t:|1621602604
|move|p2a: draga deez nuts|Shadow Ball|p1a: Heatran
|-damage|p1a: Heatran|0 fnt
|faint|p1a: Heatran
|
|upkeep
|
|t:|1621602609
|switch|p1a: Kyurem|Kyurem|100/100
|-damage|p1a: Kyurem|76/100|[from] Stealth Rock
|-damage|p1a: Kyurem|63/100|[from] Spikes
|-ability|p1a: Kyurem|Pressure
|turn|20
|
|t:|1621602621
|switch|p2a: molten venusaur|Heatran, M, shiny|100/100
|-damage|p2a: molten venusaur|88/100|[from] Stealth Rock
|move|p1a: Kyurem|Ice Beam|p2a: molten venusaur
|-resisted|p2a: molten venusaur
|-damage|p2a: molten venusaur|69/100
|
|-heal|p2a: molten venusaur|75/100|[from] item: Leftovers
|upkeep
|turn|21
|
|t:|1621602627
|switch|p1a: Garchomp|Garchomp, F|76/100
|-damage|p1a: Garchomp|64/100|[from] Spikes
|-damage|p1a: Garchomp|57/100|[from] Stealth Rock
|move|p2a: molten venusaur|Toxic|p1a: Garchomp
|-status|p1a: Garchomp|tox
|
|-heal|p2a: molten venusaur|81/100|[from] item: Leftovers
|-damage|p1a: Garchomp|51/100 tox|[from] psn
|-fieldend|move: Electric Terrain
|upkeep
|turn|22
|
|t:|1621602632
|move|p1a: Garchomp|Earthquake|p2a: molten venusaur
|-supereffective|p2a: molten venusaur
|-crit|p2a: molten venusaur
|-damage|p2a: molten venusaur|0 fnt
|faint|p2a: molten venusaur
|-damage|p1a: Garchomp|41/100 tox|[from] item: Life Orb
|
|-damage|p1a: Garchomp|29/100 tox|[from] psn
|upkeep
|
|t:|1621602646
|switch|p2a: draga deez nuts|Dragapult, M, shiny|45/100
|-damage|p2a: draga deez nuts|33/100|[from] Stealth Rock
|turn|23
|
|t:|1621602649
|move|p2a: draga deez nuts|Shadow Ball|p1a: Garchomp
|-damage|p1a: Garchomp|0 fnt
|faint|p1a: Garchomp
|
|upkeep
|
|t:|1621602662
|switch|p1a: Urshifu|Urshifu-Rapid-Strike, F|100/100
|-damage|p1a: Urshifu|88/100|[from] Spikes
|-damage|p1a: Urshifu|82/100|[from] Stealth Rock
|turn|24
|
|t:|1621602670
|switch|p2a: Bella Thorn|Ferrothorn, F, shiny|44/100
|-damage|p2a: Bella Thorn|38/100|[from] Stealth Rock
|move|p1a: Urshifu|U-turn|p2a: Bella Thorn
|-damage|p2a: Bella Thorn|17/100
|-damage|p1a: Urshifu|70/100|[from] ability: Iron Barbs|[of] p2a: Bella Thorn
|
|t:|1621602673
|switch|p1a: Tapu Koko|Tapu Koko|38/100|[from]move: U-turn
|-fieldstart|move: Electric Terrain|[from] ability: Electric Surge|[of] p1a: Tapu Koko
|
|-heal|p2a: Bella Thorn|23/100|[from] item: Leftovers
|upkeep
|turn|25
|
|t:|1621602685
|move|p1a: Tapu Koko|Thunderbolt|p2a: Bella Thorn
|-resisted|p2a: Bella Thorn
|-damage|p2a: Bella Thorn|3/100
|move|p2a: Bella Thorn|Leech Seed|p1a: Tapu Koko
|-start|p1a: Tapu Koko|move: Leech Seed
|
|-heal|p2a: Bella Thorn|9/100|[from] item: Leftovers
|-damage|p1a: Tapu Koko|26/100|[from] Leech Seed|[of] p2a: Bella Thorn
|-heal|p2a: Bella Thorn|19/100|[silent]
|upkeep
|turn|26
|
|t:|1621602694
|switch|p2a: Tapu Lele|Tapu Lele|100/100
|-damage|p2a: Tapu Lele|88/100|[from] Stealth Rock
|-fieldstart|move: Psychic Terrain|[from] ability: Psychic Surge|[of] p2a: Tapu Lele
|move|p1a: Tapu Koko|Thunderbolt|p2a: Tapu Lele
|-damage|p2a: Tapu Lele|47/100
|
|-damage|p1a: Tapu Koko|13/100|[from] Leech Seed|[of] p2a: Tapu Lele
|-heal|p2a: Tapu Lele|60/100|[silent]
|upkeep
|turn|27
|
|t:|1621602699
|switch|p1a: Kyurem|Kyurem|63/100
|-damage|p1a: Kyurem|51/100|[from] Spikes
|-damage|p1a: Kyurem|26/100|[from] Stealth Rock
|-ability|p1a: Kyurem|Pressure
|move|p2a: Tapu Lele|Moonblast|p1a: Kyurem
|-supereffective|p1a: Kyurem
|-damage|p1a: Kyurem|0 fnt
|faint|p1a: Kyurem
|
|upkeep
|
|t:|1621602701
|switch|p1a: Tapu Koko|Tapu Koko|13/100
|-fieldstart|move: Electric Terrain|[from] ability: Electric Surge|[of] p1a: Tapu Koko
|turn|28
|
|t:|1621602720
|switch|p2a: Bella Thorn|Ferrothorn, F, shiny|19/100
|-damage|p2a: Bella Thorn|13/100|[from] Stealth Rock
|move|p1a: Tapu Koko|Roost|p1a: Tapu Koko
|-heal|p1a: Tapu Koko|63/100
|-singleturn|p1a: Tapu Koko|move: Roost
|
|-heal|p2a: Bella Thorn|19/100|[from] item: Leftovers
|upkeep
|turn|29
|
|t:|1621602725
|move|p1a: Tapu Koko|Thunderbolt|p2a: Bella Thorn
|-resisted|p2a: Bella Thorn
|-damage|p2a: Bella Thorn|0 fnt
|faint|p2a: Bella Thorn
|
|upkeep
|
|t:|1621602732
|switch|p2a: Tapu Lele|Tapu Lele|60/100
|-damage|p2a: Tapu Lele|47/100|[from] Stealth Rock
|-fieldstart|move: Psychic Terrain|[from] ability: Psychic Surge|[of] p2a: Tapu Lele
|turn|30
|
|t:|1621602738
|switch|p1a: Urshifu|Urshifu-Rapid-Strike, F|70/100
|-damage|p1a: Urshifu|57/100|[from] Spikes
|-damage|p1a: Urshifu|51/100|[from] Stealth Rock
|move|p2a: Tapu Lele|Moonblast|p1a: Urshifu
|-supereffective|p1a: Urshifu
|-damage|p1a: Urshifu|0 fnt
|faint|p1a: Urshifu
|
|upkeep
|
|t:|1621602740
|switch|p1a: Tapu Koko|Tapu Koko|63/100
|-fieldstart|move: Electric Terrain|[from] ability: Electric Surge|[of] p1a: Tapu Koko
|turn|31
|
|t:|1621602742
|move|p1a: Tapu Koko|Thunderbolt|p2a: Tapu Lele
|-damage|p2a: Tapu Lele|0 fnt
|faint|p2a: Tapu Lele
|
|upkeep
|
|t:|1621602746
|switch|p2a: Mini Draco AR-IS|Garchomp, M|57/100
|-damage|p2a: Mini Draco AR-IS|51/100|[from] Stealth Rock
|turn|32
|
|t:|1621602748
|move|p1a: Tapu Koko|Dazzling Gleam|p2a: Mini Draco AR-IS
|-supereffective|p2a: Mini Draco AR-IS
|-damage|p2a: Mini Draco AR-IS|0 fnt
|faint|p2a: Mini Draco AR-IS
|
|upkeep
|
|t:|1621602750
|switch|p2a: draga deez nuts|Dragapult, M, shiny|33/100
|-damage|p2a: draga deez nuts|20/100|[from] Stealth Rock
|turn|33
|
|t:|1621602752
|move|p2a: draga deez nuts|Shadow Ball|p1a: Tapu Koko
|-damage|p1a: Tapu Koko|7/100
|move|p1a: Tapu Koko|Dazzling Gleam|p2a: draga deez nuts
|-supereffective|p2a: draga deez nuts
|-damage|p2a: draga deez nuts|0 fnt
|faint|p2a: draga deez nuts
|
|win|ptlt1 batataplays
|raw|ptlt1 batataplays's rating: 1428 &rarr; <strong>1450</strong><br />(+22 for winning)
|raw|legitteambuilder's rating: 1464 &rarr; <strong>1442</strong><br />(-22 for losing)
|l|☆legitteambuilder
|c|☆ptlt1 batataplays|gg
||Ladder isn't responding, score probably updated but might not have (Request timeout).
