|raw|<div class="broadcast-blue"><strong>This battle is required to be public due to a player having a name prefixed by 'LT72MS'.</div>
|j|☆Ayante
|j|☆LT72MS Reign_X
|t:|1597772550
|player|p1|Ayante|koga|1589
|player|p2|LT72MS Reign_X|elesa-gen5bw2|1608
|teamsize|p1|6
|teamsize|p2|6
|gametype|singles
|gen|8
|tier|[Gen 8] OU
|rated|
|clearpoke
|poke|p1|Rillaboom, F|
|poke|p1|Scizor, F|
|poke|p1|Urshifu-*, F|
|poke|p1|Alakazam, F|
|poke|p1|Hydreigon, F|
|poke|p1|Zeraora|
|poke|p2|Corviknight, M|
|poke|p2|Rillaboom, M|
|poke|p2|Kommo-o, F|
|poke|p2|Primarina, F|
|poke|p2|Toxtricity, F|
|poke|p2|Urshifu-*, M|
|rule|Sleep Clause Mod: Limit one foe put to sleep
|rule|Species Clause: Limit one of each Pokémon
|rule|OHKO Clause: OHKO moves are banned
|rule|Evasion Moves Clause: Evasion moves are banned
|rule|Endless Battle Clause: Forcing endless battles is banned
|rule|HP Percentage Mod: HP is shown in percentages
|rule|Dynamax Clause: You cannot dynamax
|teampreview
|
|t:|1597772560
|start
|switch|p1a: Zeraora|Zeraora|100/100
|switch|p2a: Urshifu|Urshifu, M, shiny|100/100
|turn|1
|
|t:|1597772566
|move|p2a: Urshifu|U-turn|p1a: Zeraora
|-damage|p1a: Zeraora|66/100
|
|t:|1597772573
|switch|p2a: Kommo-o|Kommo-o, F, shiny|100/100|[from]move: U-turn
|move|p1a: Zeraora|Volt Switch|p2a: Kommo-o
|-resisted|p2a: Kommo-o
|-damage|p2a: Kommo-o|82/100
|inactive|Battle timer is ON: inactive players will automatically lose when time's up. (requested by LT72MS Reign_X)
|
|t:|1597772586
|switch|p1a: Alakazam|Alakazam, F|100/100|[from]move: Volt Switch
|
|-heal|p2a: Kommo-o|88/100|[from] item: Leftovers
|upkeep
|turn|2
|
|t:|1597772593
|switch|p2a: Corviknight|Corviknight, M, shiny|100/100
|-ability|p2a: Corviknight|Pressure
|move|p1a: Alakazam|Nasty Plot|p1a: Alakazam
|-boost|p1a: Alakazam|spa|2
|
|upkeep
|turn|3
|
|t:|1597772602
|move|p1a: Alakazam|Shadow Ball|p2a: Corviknight
|-damage|p2a: Corviknight|47/100
|move|p2a: Corviknight|U-turn|p1a: Alakazam
|-supereffective|p1a: Alakazam
|-damage|p1a: Alakazam|26/100
|
|t:|1597772607
|switch|p2a: Urshifu|Urshifu, M, shiny|100/100|[from]move: U-turn
|
|upkeep
|turn|4
|
|t:|1597772614
|switch|p1a: Scizor|Scizor, F|100/100
|move|p2a: Urshifu|U-turn|p1a: Scizor
|-resisted|p1a: Scizor
|-damage|p1a: Scizor|89/100
|
|t:|1597772619
|switch|p2a: Toxtricity|Toxtricity, F, shiny|100/100|[from]move: U-turn
|
|upkeep
|turn|5
|
|t:|1597772643
|switch|p1a: Alakazam|Alakazam, F|26/100
|move|p2a: Toxtricity|Overdrive|p1a: Alakazam
|-damage|p1a: Alakazam|0 fnt
|faint|p1a: Alakazam
|
|upkeep
|inactive|Ayante has 120 seconds left.
|
|t:|1597772670
|switch|p1a: Hydreigon|Hydreigon, F|100/100
|turn|6
|
|t:|1597772682
|switch|p1a: Zeraora|Zeraora|66/100
|switch|p2a: Primarina|Primarina, F, shiny|100/100
|
|upkeep
|turn|7
|
|t:|1597772691
|switch|p2a: Kommo-o|Kommo-o, F, shiny|88/100
|move|p1a: Zeraora|Thunderbolt|p2a: Kommo-o
|-resisted|p2a: Kommo-o
|-damage|p2a: Kommo-o|63/100
|
|-heal|p2a: Kommo-o|70/100|[from] item: Leftovers
|upkeep
|turn|8
|inactive|Ayante has 120 seconds left.
|
|t:|1597772700
|move|p1a: Zeraora|Thunderbolt|p2a: Kommo-o
|-resisted|p2a: Kommo-o
|-damage|p2a: Kommo-o|44/100
|move|p2a: Kommo-o|Stealth Rock|p1a: Zeraora
|-sidestart|p1: Ayante|move: Stealth Rock
|
|-heal|p2a: Kommo-o|50/100|[from] item: Leftovers
|upkeep
|turn|9
|
|t:|1597772708
|move|p1a: Zeraora|Volt Switch|p2a: Kommo-o
|-resisted|p2a: Kommo-o
|-damage|p2a: Kommo-o|31/100
|
|t:|1597772715
|switch|p1a: Scizor|Scizor, F|89/100|[from]move: Volt Switch
|-damage|p1a: Scizor|76/100|[from] Stealth Rock
|move|p2a: Kommo-o|Body Press|p1a: Scizor
|-damage|p1a: Scizor|33/100
|
|-heal|p2a: Kommo-o|37/100|[from] item: Leftovers
|upkeep
|turn|10
|
|t:|1597772726
|move|p1a: Scizor|Bullet Punch|p2a: Kommo-o
|-damage|p2a: Kommo-o|12/100
|-damage|p1a: Scizor|23/100|[from] item: Life Orb
|move|p2a: Kommo-o|Flamethrower|p1a: Scizor
|-supereffective|p1a: Scizor
|-damage|p1a: Scizor|0 fnt
|faint|p1a: Scizor
|
|-heal|p2a: Kommo-o|18/100|[from] item: Leftovers
|upkeep
|inactive|Ayante has 120 seconds left.
|-message|Ayante forfeited.
|
|win|LT72MS Reign_X
|l|☆Ayante
||Ladder (probably) updated, but score could not be retrieved (Request timeout).
