|j|☆Stads
|j|☆BriefMarigold4
|t:|1663793559
|gametype|singles
|player|p1|Stads|2|1741
|player|p2|BriefMarigold4|1|1737
|teamsize|p1|6
|teamsize|p2|6
|gen|8
|tier|[Gen 8] OU
|rated|
|rule|Sleep Clause Mod: Limit one foe put to sleep
|rule|Species Clause: Limit one of each Pokémon
|rule|OHKO Clause: OHKO moves are banned
|rule|Evasion Items Clause: Evasion items are banned
|rule|Evasion Moves Clause: Evasion moves are banned
|rule|Endless Battle Clause: Forcing endless battles is banned
|rule|HP Percentage Mod: HP is shown in percentages
|rule|Dynamax Clause: You cannot dynamax
|clearpoke
|poke|p1|Tornadus-Therian, M|
|poke|p1|Corviknight, M|
|poke|p1|Kartana|
|poke|p1|Toxapex, F|
|poke|p1|Hippowdon, F|
|poke|p1|Heatran, M|
|poke|p2|Torkoal, M|
|poke|p2|Venusaur, M|
|poke|p2|Tapu Bulu|
|poke|p2|Snorlax, F|
|poke|p2|Heatran, M|
|poke|p2|Nidoking, M|
|teampreview
|
|t:|1663793572
|start
|switch|p1a: Tornadus|Tornadus-Therian, M|100/100
|switch|p2a: I am good demoman|Heatran, M|100/100
|turn|1
|inactive|Battle timer is ON: inactive players will automatically lose when time's up. (requested by Stads)
|
|t:|1663793574
|move|p1a: Tornadus|Knock Off|p2a: I am good demoman
|-damage|p2a: I am good demoman|79/100
|-enditem|p2a: I am good demoman|Choice Specs|[from] move: Knock Off|[of] p1a: Tornadus
|move|p2a: I am good demoman|Eruption|p1a: Tornadus
|-damage|p1a: Tornadus|54/100
|
|upkeep
|turn|2
|
|t:|1663793578
|move|p1a: Tornadus|U-turn|p2a: I am good demoman
|-resisted|p2a: I am good demoman
|-damage|p2a: I am good demoman|76/100
|
|t:|1663793582
|switch|p1a: Toxapex|Toxapex, F|100/100|[from]move: U-turn
|move|p2a: I am good demoman|Earth Power|p1a: Toxapex
|-supereffective|p1a: Toxapex
|-damage|p1a: Toxapex|52/100
|
|upkeep
|turn|3
|
|t:|1663793587
|move|p2a: I am good demoman|Earth Power|p1a: Toxapex
|-supereffective|p1a: Toxapex
|-damage|p1a: Toxapex|2/100
|move|p1a: Toxapex|Scald|p2a: I am good demoman
|-supereffective|p2a: I am good demoman
|-damage|p2a: I am good demoman|43/100
|
|upkeep
|turn|4
|j| 5poos
|
|t:|1663793590
|switch|p1a: Tornadus|Tornadus-Therian, M|88/100
|move|p2a: I am good demoman|Lava Plume|p1a: Tornadus
|-damage|p1a: Tornadus|52/100
|
|upkeep
|turn|5
|
|t:|1663793595
|move|p1a: Tornadus|U-turn|p2a: I am good demoman
|-resisted|p2a: I am good demoman
|-damage|p2a: I am good demoman|39/100
|
|t:|1663793599
|switch|p1a: Hippowdon|Hippowdon, F|100/100|[from]move: U-turn
|-weather|Sandstorm|[from] ability: Sand Stream|[of] p1a: Hippowdon
|move|p2a: I am good demoman|Lava Plume|p1a: Hippowdon
|-damage|p1a: Hippowdon|69/100
|
|-weather|Sandstorm|[upkeep]
|-heal|p1a: Hippowdon|75/100|[from] item: Leftovers
|upkeep
|turn|6
|
|t:|1663793604
|move|p2a: I am good demoman|Lava Plume|p1a: Hippowdon
|-damage|p1a: Hippowdon|45/100
|-status|p1a: Hippowdon|brn
|move|p1a: Hippowdon|Slack Off|p1a: Hippowdon
|-heal|p1a: Hippowdon|95/100 brn
|
|-weather|Sandstorm|[upkeep]
|-heal|p1a: Hippowdon|100/100 brn|[from] item: Leftovers
|-damage|p1a: Hippowdon|94/100 brn|[from] brn
|upkeep
|turn|7
|
|t:|1663793609
|switch|p2a: RAAAAARGHHH|Tapu Bulu|100/100
|-fieldstart|move: Grassy Terrain|[from] ability: Grassy Surge|[of] p2a: RAAAAARGHHH
|move|p1a: Hippowdon|Earthquake|p2a: RAAAAARGHHH
|-resisted|p2a: RAAAAARGHHH
|-damage|p2a: RAAAAARGHHH|97/100
|
|-weather|Sandstorm|[upkeep]
|-damage|p2a: RAAAAARGHHH|91/100|[from] Sandstorm
|-heal|p2a: RAAAAARGHHH|97/100|[from] Grassy Terrain
|-heal|p2a: RAAAAARGHHH|100/100|[from] item: Leftovers
|-heal|p1a: Hippowdon|100/100 brn|[from] Grassy Terrain
|-damage|p1a: Hippowdon|94/100 brn|[from] brn
|upkeep
|turn|8
|
|t:|1663793611
|switch|p2a: Nidochad|Nidoking, M|100/100
|move|p1a: Hippowdon|Stealth Rock|p2a: Nidochad
|-sidestart|p2: BriefMarigold4|move: Stealth Rock
|
|-weather|Sandstorm|[upkeep]
|-heal|p1a: Hippowdon|100/100 brn|[from] Grassy Terrain
|-damage|p1a: Hippowdon|94/100 brn|[from] brn
|upkeep
|turn|9
|
|t:|1663793619
|switch|p1a: Tornadus|Tornadus-Therian, M|86/100
|move|p2a: Nidochad|Ice Beam|p1a: Tornadus
|-supereffective|p1a: Tornadus
|-damage|p1a: Tornadus|18/100
|
|-weather|none
|upkeep
|turn|10
|
|t:|1663793624
|move|p1a: Tornadus|Knock Off|p2a: Nidochad
|-damage|p2a: Nidochad|73/100
|-enditem|p2a: Nidochad|Life Orb|[from] move: Knock Off|[of] p1a: Tornadus
|move|p2a: Nidochad|Ice Beam|p1a: Tornadus
|-supereffective|p1a: Tornadus
|-damage|p1a: Tornadus|0 fnt
|faint|p1a: Tornadus
|
|-heal|p2a: Nidochad|79/100|[from] Grassy Terrain
|upkeep
|j| born with smaids
|
|t:|1663793630
|switch|p1a: Kartana|Kartana|100/100
|turn|11
|
|t:|1663793634
|switch|p2a: RAAAAARGHHH|Tapu Bulu|100/100
|-damage|p2a: RAAAAARGHHH|88/100|[from] Stealth Rock
|move|p1a: Kartana|Sacred Sword|p2a: RAAAAARGHHH
|-resisted|p2a: RAAAAARGHHH
|-damage|p2a: RAAAAARGHHH|74/100
|
|-heal|p2a: RAAAAARGHHH|80/100|[from] Grassy Terrain
|-heal|p2a: RAAAAARGHHH|87/100|[from] item: Leftovers
|-fieldend|move: Grassy Terrain
|upkeep
|turn|12
|
|t:|1663793637
|switch|p1a: Corviknight|Corviknight, M|100/100
|-ability|p1a: Corviknight|Pressure
|switch|p2a: Nidochad|Nidoking, M|79/100
|-damage|p2a: Nidochad|73/100|[from] Stealth Rock
|
|upkeep
|turn|13
|
|t:|1663793642
|move|p2a: Nidochad|Flamethrower|p1a: Corviknight
|-supereffective|p1a: Corviknight
|-damage|p1a: Corviknight|48/100
|move|p1a: Corviknight|U-turn|p2a: Nidochad
|-resisted|p2a: Nidochad
|-damage|p2a: Nidochad|63/100
|
|t:|1663793644
|switch|p1a: Kartana|Kartana|100/100|[from]move: U-turn
|
|upkeep
|turn|14
|l| born with smaids
|
|t:|1663793650
|switch|p2a: RAAAAARGHHH|Tapu Bulu|87/100
|-damage|p2a: RAAAAARGHHH|74/100|[from] Stealth Rock
|-fieldstart|move: Grassy Terrain|[from] ability: Grassy Surge|[of] p2a: RAAAAARGHHH
|move|p1a: Kartana|Sacred Sword|p2a: RAAAAARGHHH
|-resisted|p2a: RAAAAARGHHH
|-damage|p2a: RAAAAARGHHH|60/100
|
|-heal|p2a: RAAAAARGHHH|66/100|[from] Grassy Terrain
|-heal|p2a: RAAAAARGHHH|72/100|[from] item: Leftovers
|upkeep
|turn|15
|
|t:|1663793654
|switch|p1a: Corviknight|Corviknight, M|48/100
|-ability|p1a: Corviknight|Pressure
|move|p2a: RAAAAARGHHH|Swords Dance|p2a: RAAAAARGHHH
|-boost|p2a: RAAAAARGHHH|atk|2
|
|-heal|p2a: RAAAAARGHHH|78/100|[from] Grassy Terrain
|-heal|p2a: RAAAAARGHHH|85/100|[from] item: Leftovers
|-heal|p1a: Corviknight|54/100|[from] item: Leftovers
|upkeep
|turn|16
|
|t:|1663793656
|move|p2a: RAAAAARGHHH|Close Combat|p1a: Corviknight
|-damage|p1a: Corviknight|10/100
|-unboost|p2a: RAAAAARGHHH|def|1
|-unboost|p2a: RAAAAARGHHH|spd|1
|move|p1a: Corviknight|Roost|p1a: Corviknight
|-heal|p1a: Corviknight|60/100
|-singleturn|p1a: Corviknight|move: Roost
|
|-heal|p2a: RAAAAARGHHH|91/100|[from] Grassy Terrain
|-heal|p2a: RAAAAARGHHH|97/100|[from] item: Leftovers
|-heal|p1a: Corviknight|66/100|[from] Grassy Terrain
|-heal|p1a: Corviknight|72/100|[from] item: Leftovers
|upkeep
|turn|17
|
|t:|1663793659
|move|p2a: RAAAAARGHHH|Swords Dance|p2a: RAAAAARGHHH
|-boost|p2a: RAAAAARGHHH|atk|2
|move|p1a: Corviknight|Roost|p1a: Corviknight
|-heal|p1a: Corviknight|100/100
|-singleturn|p1a: Corviknight|move: Roost
|
|-heal|p2a: RAAAAARGHHH|100/100|[from] Grassy Terrain
|upkeep
|turn|18
|
|t:|1663793663
|move|p2a: RAAAAARGHHH|Close Combat|p1a: Corviknight
|-damage|p1a: Corviknight|38/100
|-unboost|p2a: RAAAAARGHHH|def|1
|-unboost|p2a: RAAAAARGHHH|spd|1
|move|p1a: Corviknight|U-turn|p2a: RAAAAARGHHH
|-damage|p2a: RAAAAARGHHH|80/100
|
|t:|1663793666
|switch|p1a: Kartana|Kartana|100/100|[from]move: U-turn
|
|-heal|p2a: RAAAAARGHHH|86/100|[from] Grassy Terrain
|-heal|p2a: RAAAAARGHHH|92/100|[from] item: Leftovers
|-fieldend|move: Grassy Terrain
|upkeep
|turn|19
|
|t:|1663793668
|move|p1a: Kartana|Sacred Sword|p2a: RAAAAARGHHH
|-resisted|p2a: RAAAAARGHHH
|-damage|p2a: RAAAAARGHHH|79/100
|move|p2a: RAAAAARGHHH|Close Combat|p1a: Kartana
|-supereffective|p1a: Kartana
|-damage|p1a: Kartana|0 fnt
|-unboost|p2a: RAAAAARGHHH|def|1
|-unboost|p2a: RAAAAARGHHH|spd|1
|faint|p1a: Kartana
|
|-heal|p2a: RAAAAARGHHH|85/100|[from] item: Leftovers
|upkeep
|-message|Stads forfeited.
|
|win|BriefMarigold4
|raw|Stads's rating: 1741 &rarr; <strong>1721</strong><br />(-20 for losing)
|raw|BriefMarigold4's rating: 1737 &rarr; <strong>1757</strong><br />(+20 for winning)
|l|☆Stads
||Ladder isn't responding, score probably updated but might not have (Request timeout).
