|j|☆Fusien
|j|☆supersam10001
|inactive|Battle timer is ON: inactive players will automatically lose when time's up.
|t:|1612333888
|player|p1|Fusien|roxie|
|player|p2|supersam10001|cynthia-gen4|
|teamsize|p1|6
|teamsize|p2|6
|gametype|singles
|gen|8
|tier|[Gen 8] OU
|rated|Tournament battle
|clearpoke
|poke|p1|Tapu Koko|
|poke|p1|Regieleki|
|poke|p1|Zeraora|
|poke|p1|Magnezone|
|poke|p1|Slowking-Galar, M|
|poke|p1|Urshifu-*, M|
|poke|p2|Zapdos|
|poke|p2|Tyranitar, F|
|poke|p2|Tangrowth, M|
|poke|p2|Machamp, M|
|poke|p2|Excadrill, F|
|poke|p2|Excadrill, F|
|rule|Sleep Clause Mod: Limit one foe put to sleep
|rule|Evasion Moves Clause: Evasion moves are banned
|rule|Endless Battle Clause: Forcing endless battles is banned
|rule|HP Percentage Mod: HP is shown in percentages
|rule|Inverse Mod: Weaknesses become resistances, while resistances and immunities become weaknesses.
|teampreview
|inactive|Fusien also wants the timer to be on.
|inactive|supersam10001 also wants the timer to be on.
|c|☆supersam10001|hff
|c|☆Fusien|Glhf bro
|j| glaceoncannon
|c|☆supersam10001|oof
|c|☆supersam10001|my team looking trash
|
|t:|1612333909
|start
|switch|p1a: Tapu Koko|Tapu Koko|100/100
|switch|p2a: Zappy|Zapdos|100/100
|-fieldstart|move: Electric Terrain|[from] ability: Electric Surge|[of] p1a: Tapu Koko
|turn|1
|c| glaceoncannon|two excadrills wtf
|j| ciux
|c|☆supersam10001|no clause of the species
|c| ciux|dynamax here
|inactive|Fusien has 120 seconds left.
|j| AquaVanilla
|
|t:|1612333955
|move|p1a: Tapu Koko|Volt Switch|p2a: Zappy
|-damage|p2a: Zappy|54/100
|
|t:|1612333959
|switch|p1a: Urshifu|Urshifu-Rapid-Strike, M|100/100|[from]move: Volt Switch
|move|p2a: Zappy|Heat Wave|p1a: Urshifu
|-supereffective|p1a: Urshifu
|-damage|p1a: Urshifu|0 fnt
|faint|p1a: Urshifu
|
|upkeep
|
|t:|1612333965
|switch|p1a: Regieleki|Regieleki|100/100
|turn|2
|l| AquaVanilla
|
|t:|1612333979
|switch|p2a: Godzilla|Tyranitar, F|100/100
|-weather|Sandstorm|[from] ability: Sand Stream|[of] p2a: Godzilla
|move|p1a: Regieleki|Rising Voltage|p2a: Godzilla
|-damage|p2a: Godzilla|33/100
|
|-weather|Sandstorm|[upkeep]
|-damage|p1a: Regieleki|95/100|[from] Sandstorm
|-heal|p2a: Godzilla|39/100|[from] item: Leftovers
|upkeep
|turn|3
|
|t:|1612333983
|move|p1a: Regieleki|Rising Voltage|p2a: Godzilla
|-damage|p2a: Godzilla|0 fnt
|faint|p2a: Godzilla
|
|-weather|Sandstorm|[upkeep]
|-damage|p1a: Regieleki|89/100|[from] Sandstorm
|upkeep
|j| AquaVanilla
|
|t:|1612333987
|switch|p2a: Mole|Excadrill, F|100/100
|turn|4
|
|t:|1612333990
|switch|p1a: Zeraora|Zeraora|100/100
|move|p2a: Mole|Iron Head|p1a: Zeraora
|-supereffective|p1a: Zeraora
|-damage|p1a: Zeraora|0 fnt
|faint|p1a: Zeraora
|
|-weather|Sandstorm|[upkeep]
|upkeep
|
|t:|1612333993
|switch|p1a: Magnezone|Magnezone|100/100
|turn|5
|
|t:|1612333997
|move|p2a: Mole|Iron Head|p1a: Magnezone
|-supereffective|p1a: Magnezone
|-damage|p1a: Magnezone|0 fnt
|faint|p1a: Magnezone
|
|-weather|Sandstorm|[upkeep]
|upkeep
|c|☆supersam10001|what
|
|t:|1612334001
|switch|p1a: Slowking|Slowking-Galar, M|100/100
|turn|6
|c| AquaVanilla|:-:
|c|☆supersam10001|was that
|c|☆supersam10001|play
|
|t:|1612334008
|switch|p2a: Larry|Tangrowth, M|100/100
|move|p1a: Slowking|Sludge Bomb|p2a: Larry
|-resisted|p2a: Larry
|-damage|p2a: Larry|87/100
|
|-weather|none
|upkeep
|turn|7
|c|☆Fusien|Idk
|
|t:|1612334014
|move|p2a: Larry|Power Whip|p1a: Slowking
|-supereffective|p1a: Slowking
|-damage|p1a: Slowking|18/100
|move|p1a: Slowking|Earthquake|p2a: Larry
|-supereffective|p2a: Larry
|-damage|p2a: Larry|66/100
|
|upkeep
|turn|8
|
|t:|1612334021
|move|p2a: Larry|Knock Off|p1a: Slowking
|-resisted|p1a: Slowking
|-damage|p1a: Slowking|7/100
|-enditem|p1a: Slowking|Assault Vest|[from] move: Knock Off|[of] p2a: Larry
|move|p1a: Slowking|Earthquake|p2a: Larry
|-supereffective|p2a: Larry
|-damage|p2a: Larry|45/100
|
|-fieldend|move: Electric Terrain
|upkeep
|turn|9
|
|t:|1612334025
|move|p2a: Larry|Sludge Bomb|p1a: Slowking
|-supereffective|p1a: Slowking
|-damage|p1a: Slowking|0 fnt
|faint|p1a: Slowking
|
|upkeep
|
|t:|1612334028
|switch|p1a: Tapu Koko|Tapu Koko|100/100
|-fieldstart|move: Electric Terrain|[from] ability: Electric Surge|[of] p1a: Tapu Koko
|turn|10
|
|t:|1612334035
|move|p1a: Tapu Koko|Volt Switch|p2a: Larry
|-supereffective|p2a: Larry
|-damage|p2a: Larry|0 fnt
|faint|p2a: Larry
|
|t:|1612334037
|switch|p1a: Regieleki|Regieleki|89/100|[from]move: Volt Switch
|
|upkeep
|
|t:|1612334045
|switch|p2a: Mole|Excadrill, F|100/100
|turn|11
|
|t:|1612334048
|-start|p2a: Mole|Dynamax
|-heal|p2a: Mole|100/100|[silent]
|move|p1a: Regieleki|Rising Voltage|p2a: Mole
|-supereffective|p2a: Mole
|-damage|p2a: Mole|0 fnt
|faint|p2a: Mole
|
|upkeep
|c| AquaVanilla|LMFAO
|c|☆supersam10001|gg
|
|t:|1612334059
|switch|p2a: Machamp|Machamp, M|100/100
|turn|12
|c|☆Fusien|Gg
|
|t:|1612334062
|move|p1a: Regieleki|Rising Voltage|p2a: Machamp
|-damage|p2a: Machamp|0 fnt
|faint|p2a: Machamp
|
|upkeep
|
|t:|1612334066
|switch|p2a: Zappy|Zapdos|54/100
|turn|13
|c| ciux|hate this team
|
|t:|1612334071
|move|p1a: Regieleki|Rising Voltage|p2a: Zappy
|-damage|p2a: Zappy|0 fnt
|faint|p2a: Zappy
|
|upkeep
|c| AquaVanilla|eleki is so broken
|
|t:|1612334074
|switch|p2a: Mole1|Excadrill, F|100/100
|turn|14
|
|t:|1612334078
|-start|p1a: Regieleki|Dynamax
|-heal|p1a: Regieleki|89/100|[silent]
|move|p1a: Regieleki|Max Lightning|p2a: Mole1
|-supereffective|p2a: Mole1
|-damage|p2a: Mole1|0 fnt
|faint|p2a: Mole1
|
|win|Fusien
|n|☆Fusien|fusien
|n|☆supersam10001|supersam10001
|n| glaceoncannon|glaceoncannon
|n| ciux|ciux
|n| AquaVanilla|aquavanilla
|c| ciux|in inverse yea
|l| ciux
|c|☆supersam10001|flex
|l| AquaVanilla
|l|☆supersam10001
|l| glaceoncannon
