|j|☆Meracx
|j|☆RoiDadadou
|t:|1667168217
|gametype|singles
|player|p1|Meracx|thorton|
|player|p2|RoiDadadou|morty-masters|
|teamsize|p1|6
|teamsize|p2|6
|gen|8
|tier|[Gen 8] OU
|rule|Sleep Clause Mod: Limit one foe put to sleep
|rule|Species Clause: Limit one of each Pokémon
|rule|OHKO Clause: OHKO moves are banned
|rule|Evasion Items Clause: Evasion items are banned
|rule|Evasion Moves Clause: Evasion moves are banned
|rule|Endless Battle Clause: Forcing endless battles is banned
|rule|HP Percentage Mod: HP is shown in percentages
|rule|Dynamax Clause: You cannot dynamax
|clearpoke
|poke|p1|Nidoking, M|
|poke|p1|Dragapult, M|
|poke|p1|Corviknight, F|
|poke|p1|Clefable, F|
|poke|p1|Tyranitar, M|
|poke|p1|Zapdos|
|poke|p2|Weavile, M|
|poke|p2|Landorus-Therian, M|
|poke|p2|Tapu Fini|
|poke|p2|Kartana|
|poke|p2|Heatran, M|
|poke|p2|Zeraora|
|teampreview
|c|☆Meracx|hf
|c|☆RoiDadadou|Hf.
|inactive|Battle timer is ON: inactive players will automatically lose when time's up. (requested by RoiDadadou)
|
|t:|1667168260
|start
|switch|p1a: Clefable|Clefable, F|100/100
|switch|p2a: Weavile|Weavile, M|100/100
|-ability|p2a: Weavile|Pressure
|turn|1
|j| HikozaruGG
|
|t:|1667168277
|switch|p2a: Heatran|Heatran, M|100/100
|-item|p2a: Heatran|Air Balloon
|move|p1a: Clefable|Knock Off|p2a: Heatran
|-damage|p2a: Heatran|86/100
|-enditem|p2a: Heatran|Air Balloon
|
|upkeep
|turn|2
|j| Bhalal
|j| Stillau
|
|t:|1667168290
|switch|p1a: Tyranitar|Tyranitar, M|100/100
|-weather|Sandstorm|[from] ability: Sand Stream|[of] p1a: Tyranitar
|move|p2a: Heatran|Earth Power|p1a: Tyranitar
|-supereffective|p1a: Tyranitar
|-damage|p1a: Tyranitar|73/100
|
|-weather|Sandstorm|[upkeep]
|-heal|p1a: Tyranitar|79/100|[from] item: Leftovers
|upkeep
|turn|3
|j| Elfuseon
|j| Shiif
|inactive|RoiDadadou has 270 seconds left.
|
|t:|1667168331
|switch|p2a: Landorus|Landorus-Therian, M|100/100
|-ability|p2a: Landorus|Intimidate|boost
|-unboost|p1a: Tyranitar|atk|1
|move|p1a: Tyranitar|Stealth Rock|p2a: Landorus
|-sidestart|p2: RoiDadadou|move: Stealth Rock
|
|-weather|Sandstorm|[upkeep]
|-heal|p1a: Tyranitar|86/100|[from] item: Leftovers
|upkeep
|turn|4
|
|t:|1667168339
|move|p2a: Landorus|U-turn|p1a: Tyranitar
|-supereffective|p1a: Tyranitar
|-damage|p1a: Tyranitar|51/100
|
|t:|1667168344
|switch|p2a: Kartana|Kartana|100/100|[from]move: U-turn
|-damage|p2a: Kartana|94/100|[from] Stealth Rock
|move|p1a: Tyranitar|Ice Beam|p2a: Kartana
|-damage|p2a: Kartana|40/100
|-status|p2a: Kartana|frz
|
|-weather|Sandstorm|[upkeep]
|-heal|p1a: Tyranitar|58/100|[from] item: Leftovers
|upkeep
|turn|5
|
|t:|1667168354
|switch|p1a: Zapdos|Zapdos|100/100
|cant|p2a: Kartana|frz
|
|-weather|Sandstorm|[upkeep]
|-damage|p1a: Zapdos|94/100|[from] Sandstorm
|upkeep
|turn|6
|
|t:|1667168359
|-curestatus|p2a: Kartana|frz|[msg]
|move|p2a: Kartana|Knock Off|p1a: Zapdos
|-damage|p1a: Zapdos|52/100
|-enditem|p1a: Zapdos|Heavy-Duty Boots|[from] move: Knock Off|[of] p2a: Kartana
|move|p1a: Zapdos|Hurricane|p2a: Kartana
|-damage|p2a: Kartana|0 fnt
|faint|p2a: Kartana
|
|-weather|none
|upkeep
|
|t:|1667168366
|switch|p2a: Weavile|Weavile, M|100/100
|-damage|p2a: Weavile|76/100|[from] Stealth Rock
|-ability|p2a: Weavile|Pressure
|turn|7
|
|t:|1667168392
|switch|p1a: Clefable|Clefable, F|100/100
|move|p2a: Weavile|Triple Axel|p1a: Clefable
|-damage|p1a: Clefable|89/100
|-damage|p2a: Weavile|59/100|[from] item: Rocky Helmet|[of] p1a: Clefable
|-damage|p1a: Clefable|68/100
|-damage|p2a: Weavile|43/100|[from] item: Rocky Helmet|[of] p1a: Clefable
|-damage|p1a: Clefable|35/100
|-damage|p2a: Weavile|26/100|[from] item: Rocky Helmet|[of] p1a: Clefable
|-hitcount|p1a: Clefable|3
|
|upkeep
|turn|8
|
|t:|1667168403
|move|p2a: Weavile|Triple Axel|p1a: Clefable
|-damage|p1a: Clefable|23/100
|-damage|p2a: Weavile|10/100|[from] item: Rocky Helmet|[of] p1a: Clefable
|-crit|p1a: Clefable
|-damage|p1a: Clefable|0 fnt
|-damage|p2a: Weavile|0 fnt|[from] item: Rocky Helmet|[of] p1a: Clefable
|faint|p1a: Clefable
|faint|p2a: Weavile
|-hitcount|p1: Clefable|2
|
|upkeep
|j| PokemonCestDur
|
|t:|1667168415
|switch|p2a: Landorus|Landorus-Therian, M|100/100
|switch|p1a: Nidoking|Nidoking, M|100/100
|-damage|p2a: Landorus|88/100|[from] Stealth Rock
|-ability|p2a: Landorus|Intimidate|boost
|-unboost|p1a: Nidoking|atk|1
|turn|9
|
|t:|1667168425
|switch|p1a: Zapdos|Zapdos|52/100
|move|p2a: Landorus|Earthquake|p1a: Zapdos
|-immune|p1a: Zapdos
|
|-heal|p2a: Landorus|94/100|[from] item: Leftovers
|upkeep
|turn|10
|
|t:|1667168437
|switch|p1a: Corviknight|Corviknight, F|100/100
|-ability|p1a: Corviknight|Pressure
|move|p2a: Landorus|Toxic|p1a: Corviknight
|-immune|p1a: Corviknight
|
|-heal|p2a: Landorus|99/100|[from] item: Leftovers
|upkeep
|turn|11
|
|t:|1667168442
|move|p2a: Landorus|Defog|p1a: Corviknight
|-unboost|p1a: Corviknight|evasion|1
|-sideend|p2: RoiDadadou|Stealth Rock|[from] move: Defog|[of] p2a: Landorus
|move|p1a: Corviknight|Substitute|p1a: Corviknight
|-start|p1a: Corviknight|Substitute
|-damage|p1a: Corviknight|76/100
|
|-heal|p2a: Landorus|100/100|[from] item: Leftovers
|-heal|p1a: Corviknight|82/100|[from] item: Leftovers
|upkeep
|turn|12
|
|t:|1667168445
|move|p2a: Landorus|U-turn|p1a: Corviknight
|-resisted|p1a: Corviknight
|-activate|p1a: Corviknight|move: Substitute|[damage]
|
|t:|1667168450
|switch|p2a: Zeraora|Zeraora|100/100|[from]move: U-turn
|move|p1a: Corviknight|Bulk Up|p1a: Corviknight
|-boost|p1a: Corviknight|atk|1
|-boost|p1a: Corviknight|def|1
|
|-heal|p1a: Corviknight|88/100|[from] item: Leftovers
|upkeep
|turn|13
|
|t:|1667168455
|move|p2a: Zeraora|Bulk Up|p2a: Zeraora
|-boost|p2a: Zeraora|atk|1
|-boost|p2a: Zeraora|def|1
|move|p1a: Corviknight|Bulk Up|p1a: Corviknight
|-boost|p1a: Corviknight|atk|1
|-boost|p1a: Corviknight|def|1
|
|-heal|p1a: Corviknight|94/100|[from] item: Leftovers
|upkeep
|turn|14
|
|t:|1667168466
|switch|p1a: Nidoking|Nidoking, M|100/100
|move|p2a: Zeraora|Plasma Fists|p1a: Nidoking
|-immune|p1a: Nidoking
|
|upkeep
|turn|15
|
|t:|1667168471
|move|p2a: Zeraora|Knock Off|p1a: Nidoking
|-damage|p1a: Nidoking|36/100
|-enditem|p1a: Nidoking|Life Orb|[from] move: Knock Off|[of] p2a: Zeraora
|move|p1a: Nidoking|Earth Power|p2a: Zeraora
|-supereffective|p2a: Zeraora
|-damage|p2a: Zeraora|0 fnt
|faint|p2a: Zeraora
|
|upkeep
|j| Challlowtier
|
|t:|1667168478
|switch|p2a: Landorus|Landorus-Therian, M|100/100
|-ability|p2a: Landorus|Intimidate|boost
|-unboost|p1a: Nidoking|atk|1
|turn|16
|j| Don Colombus
|
|t:|1667168483
|switch|p1a: Zapdos|Zapdos|52/100
|move|p2a: Landorus|Earthquake|p1a: Zapdos
|-immune|p1a: Zapdos
|
|upkeep
|turn|17
|
|t:|1667168491
|switch|p1a: Corviknight|Corviknight, F|94/100
|-ability|p1a: Corviknight|Pressure
|move|p2a: Landorus|U-turn|p1a: Corviknight
|-resisted|p1a: Corviknight
|-damage|p1a: Corviknight|90/100
|
|t:|1667168495
|switch|p2a: Heatran|Heatran, M|86/100|[from]move: U-turn
|
|-heal|p1a: Corviknight|96/100|[from] item: Leftovers
|upkeep
|turn|18
|
|t:|1667168499
|switch|p1a: Tyranitar|Tyranitar, M|58/100
|-weather|Sandstorm|[from] ability: Sand Stream|[of] p1a: Tyranitar
|move|p2a: Heatran|Magma Storm|p1a: Tyranitar
|-resisted|p1a: Tyranitar
|-damage|p1a: Tyranitar|47/100
|-activate|p1a: Tyranitar|move: Magma Storm|[of] p2a: Heatran
|
|-weather|Sandstorm|[upkeep]
|-heal|p1a: Tyranitar|53/100|[from] item: Leftovers
|-damage|p1a: Tyranitar|40/100|[from] move: Magma Storm|[partiallytrapped]
|upkeep
|turn|19
|
|t:|1667168504
|switch|p2a: Landorus|Landorus-Therian, M|100/100
|-ability|p2a: Landorus|Intimidate|boost
|-unboost|p1a: Tyranitar|atk|1
|move|p1a: Tyranitar|Stealth Rock|p2a: Landorus
|-sidestart|p2: RoiDadadou|move: Stealth Rock
|
|-weather|Sandstorm|[upkeep]
|-heal|p1a: Tyranitar|47/100|[from] item: Leftovers
|-end|p1a: Tyranitar|Magma Storm|[partiallytrapped]|[silent]
|upkeep
|turn|20
|
|t:|1667168511
|switch|p1a: Corviknight|Corviknight, F|96/100
|-ability|p1a: Corviknight|Pressure
|move|p2a: Landorus|U-turn|p1a: Corviknight
|-resisted|p1a: Corviknight
|-damage|p1a: Corviknight|91/100
|
|t:|1667168513
|switch|p2a: Heatran|Heatran, M|86/100|[from]move: U-turn
|-damage|p2a: Heatran|73/100|[from] Stealth Rock
|
|-weather|Sandstorm|[upkeep]
|-heal|p1a: Corviknight|97/100|[from] item: Leftovers
|upkeep
|turn|21
|
|t:|1667168517
|switch|p1a: Tyranitar|Tyranitar, M|47/100
|move|p2a: Heatran|Magma Storm|p1a: Tyranitar
|-resisted|p1a: Tyranitar
|-damage|p1a: Tyranitar|36/100
|-activate|p1a: Tyranitar|move: Magma Storm|[of] p2a: Heatran
|
|-weather|Sandstorm|[upkeep]
|-heal|p1a: Tyranitar|42/100|[from] item: Leftovers
|-damage|p1a: Tyranitar|30/100|[from] move: Magma Storm|[partiallytrapped]
|upkeep
|turn|22
|
|t:|1667168526
|move|p2a: Heatran|Earth Power|p1a: Tyranitar
|-supereffective|p1a: Tyranitar
|-damage|p1a: Tyranitar|5/100
|move|p1a: Tyranitar|Earthquake|p2a: Heatran
|-supereffective|p2a: Heatran
|-damage|p2a: Heatran|0 fnt
|faint|p2a: Heatran
|
|-weather|none
|-heal|p1a: Tyranitar|11/100|[from] item: Leftovers
|-end|p1a: Tyranitar|Magma Storm|[partiallytrapped]|[silent]
|upkeep
|
|t:|1667168529
|switch|p2a: Landorus|Landorus-Therian, M|100/100
|-damage|p2a: Landorus|88/100|[from] Stealth Rock
|-ability|p2a: Landorus|Intimidate|boost
|-unboost|p1a: Tyranitar|atk|1
|turn|23
|l| Don Colombus
|
|t:|1667168535
|switch|p1a: Corviknight|Corviknight, F|97/100
|-ability|p1a: Corviknight|Pressure
|move|p2a: Landorus|U-turn|p1a: Corviknight
|-resisted|p1a: Corviknight
|-damage|p1a: Corviknight|93/100
|
|t:|1667168536
|switch|p2a: Tapu Fini|Tapu Fini|100/100|[from]move: U-turn
|-damage|p2a: Tapu Fini|88/100|[from] Stealth Rock
|-fieldstart|move: Misty Terrain|[from] ability: Misty Surge|[of] p2a: Tapu Fini
|
|-heal|p2a: Tapu Fini|94/100|[from] item: Leftovers
|-heal|p1a: Corviknight|99/100|[from] item: Leftovers
|upkeep
|turn|24
|
|t:|1667168538
|move|p2a: Tapu Fini|Whirlpool|p1a: Corviknight
|-damage|p1a: Corviknight|91/100
|-activate|p1a: Corviknight|move: Whirlpool|[of] p2a: Tapu Fini
|move|p1a: Corviknight|Brave Bird|p2a: Tapu Fini
|-damage|p2a: Tapu Fini|67/100
|-damage|p1a: Corviknight|83/100|[from] Recoil
|
|-heal|p2a: Tapu Fini|73/100|[from] item: Leftovers
|-heal|p1a: Corviknight|89/100|[from] item: Leftovers
|-damage|p1a: Corviknight|77/100|[from] move: Whirlpool|[partiallytrapped]
|upkeep
|turn|25
|
|t:|1667168542
|move|p2a: Tapu Fini|Taunt|p1a: Corviknight
|-start|p1a: Corviknight|move: Taunt
|move|p1a: Corviknight|Brave Bird|p2a: Tapu Fini
|-damage|p2a: Tapu Fini|46/100
|-damage|p1a: Corviknight|69/100|[from] Recoil
|
|-heal|p2a: Tapu Fini|52/100|[from] item: Leftovers
|-heal|p1a: Corviknight|75/100|[from] item: Leftovers
|-damage|p1a: Corviknight|63/100|[from] move: Whirlpool|[partiallytrapped]
|upkeep
|turn|26
|
|t:|1667168544
|move|p2a: Tapu Fini|Nature's Madness|p1a: Corviknight
|-damage|p1a: Corviknight|32/100
|move|p1a: Corviknight|Brave Bird|p2a: Tapu Fini
|-damage|p2a: Tapu Fini|24/100
|-damage|p1a: Corviknight|24/100|[from] Recoil
|
|-heal|p2a: Tapu Fini|30/100|[from] item: Leftovers
|-heal|p1a: Corviknight|30/100|[from] item: Leftovers
|-damage|p1a: Corviknight|18/100|[from] move: Whirlpool|[partiallytrapped]
|upkeep
|turn|27
|
|t:|1667168547
|move|p2a: Tapu Fini|Moonblast|p1a: Corviknight
|-resisted|p1a: Corviknight
|-damage|p1a: Corviknight|7/100
|move|p1a: Corviknight|Brave Bird|p2a: Tapu Fini
|-damage|p2a: Tapu Fini|1/100
|-damage|p1a: Corviknight|0 fnt|[from] Recoil
|faint|p1a: Corviknight
|
|-heal|p2a: Tapu Fini|7/100|[from] item: Leftovers
|-fieldend|Misty Terrain
|upkeep
|
|t:|1667168556
|switch|p1a: Nidoking|Nidoking, M|36/100
|turn|28
|
|t:|1667168558
|move|p1a: Nidoking|Sludge Wave|p2a: Tapu Fini
|-supereffective|p2a: Tapu Fini
|-damage|p2a: Tapu Fini|0 fnt
|faint|p2a: Tapu Fini
|
|upkeep
|
|t:|1667168560
|switch|p2a: Landorus|Landorus-Therian, M|88/100
|-damage|p2a: Landorus|76/100|[from] Stealth Rock
|-ability|p2a: Landorus|Intimidate|boost
|-unboost|p1a: Nidoking|atk|1
|turn|29
|
|t:|1667168562
|move|p1a: Nidoking|Ice Beam|p2a: Landorus
|-supereffective|p2a: Landorus
|-damage|p2a: Landorus|0 fnt
|faint|p2a: Landorus
|
|win|Meracx
|c|☆Meracx|gg
