|j|☆jupathetic
|j|☆Groundt
|player|p1|jupathetic|114|1728
|player|p2|Groundt|winona|1700
|teamsize|p1|6
|teamsize|p2|6
|gametype|singles
|gen|8
|tier|[Gen 8] OU
|rated|
|rule|Sleep Clause Mod: Limit one foe put to sleep
|rule|Species Clause: Limit one of each Pokémon
|rule|OHKO Clause: OHKO moves are banned
|rule|Evasion Moves Clause: Evasion moves are banned
|rule|Endless Battle Clause: Forcing endless battles is banned
|rule|HP Percentage Mod: HP is shown in percentages
|clearpoke
|poke|p1|Conkeldurr, F|
|poke|p1|Rotom-Heat|
|poke|p1|Corviknight, F|
|poke|p1|Seismitoad, M|
|poke|p1|Clefable, F|
|poke|p1|Dragapult, F|
|poke|p2|Gigalith, M|
|poke|p2|Hatterene, F|
|poke|p2|Rhyperior, M|
|poke|p2|Kommo-o, F|
|poke|p2|Dusclops, M|
|poke|p2|Dracozolt|
|rule|Dynamax Clause: You cannot dynamax
|teampreview
|
|start
|switch|p1a: Seismitoad|Seismitoad, M|100/100
|switch|p2a: Gigalith|Gigalith, M, shiny|100/100
|-weather|Sandstorm|[from] ability: Sand Stream|[of] p2a: Gigalith
|turn|1
|j| ElMustacho
|
|move|p1a: Seismitoad|Scald|p2a: Gigalith
|-supereffective|p2a: Gigalith
|-damage|p2a: Gigalith|66/100
|-enditem|p2a: Gigalith|Red Card|[of] p1a: Seismitoad
|drag|p1a: Corviknight|Corviknight, F|100/100
|-ability|p1a: Corviknight|Pressure
|move|p2a: Gigalith|Stealth Rock|p1a: Corviknight
|-sidestart|p1: jupathetic|move: Stealth Rock
|
|-weather|Sandstorm|[upkeep]
|upkeep
|turn|2
|inactive|Battle timer is ON: inactive players will automatically lose when time's up. (requested by jupathetic)
|j| horadobos
|
|move|p1a: Corviknight|Defog|p2a: Gigalith
|-unboost|p2a: Gigalith|evasion|1
|-sideend|p1: jupathetic|Stealth Rock|[from] move: Defog|[of] p1a: Corviknight
|move|p2a: Gigalith|Gravity|p2a: Gigalith
|-fieldstart|move: Gravity
|
|-weather|Sandstorm|[upkeep]
|upkeep
|turn|3
|
|switch|p1a: Seismitoad|Seismitoad, M|100/100
|move|p2a: Gigalith|Stealth Rock|p1a: Seismitoad
|-sidestart|p1: jupathetic|move: Stealth Rock
|
|-weather|Sandstorm|[upkeep]
|upkeep
|turn|4
|
|move|p1a: Seismitoad|Scald|p2a: Gigalith
|-supereffective|p2a: Gigalith
|-damage|p2a: Gigalith|32/100
|move|p2a: Gigalith|Explosion|p1a: Seismitoad
|-damage|p1a: Seismitoad|37/100
|faint|p2a: Gigalith
|
|-weather|Sandstorm|[upkeep]
|-heal|p1a: Seismitoad|43/100|[from] item: Leftovers
|upkeep
|
|switch|p2a: Dracozolt|Dracozolt|100/100
|turn|5
|
|move|p2a: Dracozolt|Earthquake|p1a: Seismitoad
|-damage|p1a: Seismitoad|0 fnt
|faint|p1a: Seismitoad
|
|-weather|none
|upkeep
|
|switch|p1a: Corviknight|Corviknight, F|100/100
|-damage|p1a: Corviknight|88/100|[from] Stealth Rock
|-ability|p1a: Corviknight|Pressure
|turn|6
|
|move|p2a: Dracozolt|Earthquake|p1a: Corviknight
|-supereffective|p1a: Corviknight
|-damage|p1a: Corviknight|0 fnt
|faint|p1a: Corviknight
|
|-fieldend|move: Gravity
|upkeep
|
|switch|p1a: Dragapult|Dragapult, F|100/100
|-damage|p1a: Dragapult|88/100|[from] Stealth Rock
|turn|7
|
|switch|p2a: Hatterene|Hatterene, F|100/100
|move|p1a: Dragapult|Shadow Ball|p2a: Hatterene
|-supereffective|p2a: Hatterene
|-enditem|p2a: Hatterene|Kasib Berry|[eat]
|-enditem|p2a: Hatterene|Kasib Berry|[weaken]
|-damage|p2a: Hatterene|48/100
|
|upkeep
|turn|8
|
|move|p1a: Dragapult|Shadow Ball|p2a: Hatterene
|-supereffective|p2a: Hatterene
|-damage|p2a: Hatterene|0 fnt
|faint|p2a: Hatterene
|
|upkeep
|
|switch|p2a: Kommo-o|Kommo-o, F|100/100
|turn|9
|
|switch|p1a: Clefable|Clefable, F|100/100
|switch|p2a: Dracozolt|Dracozolt|100/100
|
|upkeep
|turn|10
|
|move|p1a: Clefable|Protect|p1a: Clefable
|-singleturn|p1a: Clefable|Protect
|move|p2a: Dracozolt|Bolt Beak|p1a: Clefable
|-activate|p1a: Clefable|move: Protect
|
|upkeep
|turn|11
|
|switch|p1a: Rotom|Rotom-Heat|100/100
|move|p2a: Dracozolt|Bolt Beak|p1a: Rotom
|-resisted|p1a: Rotom
|-damage|p1a: Rotom|6/100
|
|upkeep
|turn|12
|
|move|p1a: Rotom|Volt Switch|p2a: Dracozolt
|-resisted|p2a: Dracozolt
|-damage|p2a: Dracozolt|92/100
|
|switch|p1a: Conkeldurr|Conkeldurr, F|100/100|[from]move: Volt Switch
|-damage|p1a: Conkeldurr|94/100|[from] Stealth Rock
|move|p2a: Dracozolt|Bolt Beak|p1a: Conkeldurr
|-damage|p1a: Conkeldurr|0 fnt
|faint|p1a: Conkeldurr
|
|upkeep
|
|switch|p1a: Dragapult|Dragapult, F|88/100
|-damage|p1a: Dragapult|76/100|[from] Stealth Rock
|turn|13
|
|move|p1a: Dragapult|Draco Meteor|p2a: Dracozolt
|-supereffective|p2a: Dracozolt
|-damage|p2a: Dracozolt|0 fnt
|-unboost|p1a: Dragapult|spa|2
|faint|p2a: Dracozolt
|
|upkeep
|
|switch|p2a: Dusclops|Dusclops, M|100/100
|-item|p1a: Dragapult|Choice Specs|[from] ability: Frisk|[of] p2a: Dusclops|[identify]
|turn|14
|
|switch|p1a: Clefable|Clefable, F|100/100
|move|p2a: Dusclops|Gravity|p2a: Dusclops
|-fieldstart|move: Gravity
|
|upkeep
|turn|15
|
|switch|p2a: Rhyperior|Rhyperior, M|100/100
|move|p1a: Clefable|Wish|p1a: Clefable
|
|upkeep
|turn|16
|j| ChinchiliLadder7g
|
|move|p1a: Clefable|Moonblast|p2a: Rhyperior
|-crit|p2a: Rhyperior
|-damage|p2a: Rhyperior|45/100
|-unboost|p2a: Rhyperior|spa|1
|move|p2a: Rhyperior|Earthquake|p1a: Clefable
|-damage|p1a: Clefable|24/100
|
|-heal|p1a: Clefable|74/100|[from] move: Wish|[wisher] Clefable
|-heal|p1a: Clefable|80/100|[from] item: Leftovers
|upkeep
|turn|17
|
|move|p1a: Clefable|Protect|p1a: Clefable
|-singleturn|p1a: Clefable|Protect
|move|p2a: Rhyperior|Earthquake|p1a: Clefable
|-activate|p1a: Clefable|move: Protect
|
|-heal|p1a: Clefable|86/100|[from] item: Leftovers
|upkeep
|turn|18
|l| ChinchiliLadder7g
|
|move|p1a: Clefable|Wish|p1a: Clefable
|move|p2a: Rhyperior|Earthquake|p1a: Clefable
|-damage|p1a: Clefable|0 fnt
|faint|p1a: Clefable
|
|-fieldend|move: Gravity
|upkeep
|
|switch|p1a: Dragapult|Dragapult, F|76/100
|-damage|p1a: Dragapult|64/100|[from] Stealth Rock
|turn|19
|
|move|p1a: Dragapult|Shadow Ball|p2a: Rhyperior
|-damage|p2a: Rhyperior|0 fnt
|faint|p2a: Rhyperior
|
|-heal|p1a: Dragapult|100/100|[from] move: Wish|[wisher] Clefable
|upkeep
|
|switch|p2a: Kommo-o|Kommo-o, F|100/100
|turn|20
|
|move|p1a: Dragapult|Shadow Ball|p2a: Kommo-o
|-immune|p2a: Kommo-o|[from] ability: Bulletproof
|move|p2a: Kommo-o|Clangorous Soul|p2a: Kommo-o
|-boost|p2a: Kommo-o|atk|1
|-boost|p2a: Kommo-o|def|1
|-boost|p2a: Kommo-o|spa|1
|-boost|p2a: Kommo-o|spd|1
|-boost|p2a: Kommo-o|spe|1
|-damage|p2a: Kommo-o|67/100
|-enditem|p2a: Kommo-o|Throat Spray
|-boost|p2a: Kommo-o|spa|1
|
|upkeep
|turn|21
|
|switch|p1a: Rotom|Rotom-Heat|6/100
|move|p2a: Kommo-o|Clanging Scales|p1a: Rotom
|-damage|p1a: Rotom|0 fnt
|-unboost|p2a: Kommo-o|def|1
|faint|p1a: Rotom
|
|upkeep
|
|switch|p1a: Dragapult|Dragapult, F|100/100
|-damage|p1a: Dragapult|88/100|[from] Stealth Rock
|turn|22
|
|move|p2a: Kommo-o|Clanging Scales|p1a: Dragapult
|-supereffective|p1a: Dragapult
|-damage|p1a: Dragapult|0 fnt
|-unboost|p2a: Kommo-o|def|1
|faint|p1a: Dragapult
|
|win|Groundt
|l|☆jupathetic
|raw|jupathetic's rating: 1705 &rarr; <strong>1685</strong><br />(-20 for losing)
|raw|Groundt's rating: 1700 &rarr; <strong>1720</strong><br />(+20 for winning)
