|raw|<div class="broadcast-blue"><strong>This battle is required to be public due to a player having a name starting with 'lt91bb'.</div>
|j|☆LT91BB AYT
|j|☆kazt 5
|t:|1659591748
|gametype|singles
|player|p1|LT91BB AYT|steven|1764
|player|p2|kazt 5|acetrainersnowf|1730
|teamsize|p1|6
|teamsize|p2|6
|gen|8
|tier|[Gen 8] OU
|rated|
|rule|Sleep Clause Mod: Limit one foe put to sleep
|rule|Species Clause: Limit one of each Pokémon
|rule|OHKO Clause: OHKO moves are banned
|rule|Evasion Items Clause: Evasion items are banned
|rule|Evasion Moves Clause: Evasion moves are banned
|rule|Endless Battle Clause: Forcing endless battles is banned
|rule|HP Percentage Mod: HP is shown in percentages
|rule|Dynamax Clause: You cannot dynamax
|clearpoke
|poke|p1|Ninetales-Alola, F|
|poke|p1|Arctozolt|
|poke|p1|Tapu Fini|
|poke|p1|Landorus-Therian, M|
|poke|p1|Heatran, F|
|poke|p1|Tornadus-Therian, M|
|poke|p2|Heatran, M|
|poke|p2|Heracross, M|
|poke|p2|Landorus-Therian, M|
|poke|p2|Slowbro, M|
|poke|p2|Mandibuzz, F|
|poke|p2|Gengar, M|
|teampreview
|
|t:|1659591753
|start
|switch|p1a: Tornadus|Tornadus-Therian, M|100/100
|switch|p2a: Heatran|Heatran, M|100/100
|turn|1
|inactive|Battle timer is ON: inactive players will automatically lose when time's up. (requested by kazt 5)
|
|t:|1659591756
|move|p1a: Tornadus|Knock Off|p2a: Heatran
|-damage|p2a: Heatran|84/100
|-enditem|p2a: Heatran|Leftovers|[from] move: Knock Off|[of] p1a: Tornadus
|move|p2a: Heatran|Magma Storm|p1a: Tornadus
|-damage|p1a: Tornadus|71/100
|-activate|p1a: Tornadus|move: Magma Storm|[of] p2a: Heatran
|
|-damage|p1a: Tornadus|58/100|[from] move: Magma Storm|[partiallytrapped]
|upkeep
|turn|2
|
|t:|1659591762
|move|p1a: Tornadus|U-turn|p2a: Heatran
|-resisted|p2a: Heatran
|-damage|p2a: Heatran|81/100
|
|t:|1659591764
|switch|p1a: Landorus|Landorus-Therian, M|100/100|[from]move: U-turn
|-ability|p1a: Landorus|Intimidate|boost
|-unboost|p2a: Heatran|atk|1
|move|p2a: Heatran|Stealth Rock|p1a: Landorus
|-sidestart|p1: LT91BB AYT|move: Stealth Rock
|
|upkeep
|turn|3
|
|t:|1659591767
|move|p1a: Landorus|Defog|p2a: Heatran
|-unboost|p2a: Heatran|evasion|1
|-sideend|p1: LT91BB AYT|Stealth Rock|[from] move: Defog|[of] p1a: Landorus
|move|p2a: Heatran|Taunt|p1a: Landorus
|-start|p1a: Landorus|move: Taunt
|
|upkeep
|turn|4
|
|t:|1659591772
|switch|p2a: Slowbro|Slowbro, M|100/100
|move|p1a: Landorus|U-turn|p2a: Slowbro
|-supereffective|p2a: Slowbro
|-damage|p2a: Slowbro|72/100
|-damage|p1a: Landorus|84/100|[from] item: Rocky Helmet|[of] p2a: Slowbro
|
|t:|1659591779
|switch|p1a: Heatran|Heatran, F|100/100|[from]move: U-turn
|
|upkeep
|turn|5
|
|t:|1659591782
|move|p1a: Heatran|Toxic|p2a: Slowbro|[miss]
|-miss|p1a: Heatran|p2a: Slowbro
|move|p2a: Slowbro|Scald|p1a: Heatran
|-supereffective|p1a: Heatran
|-damage|p1a: Heatran|56/100
|
|-heal|p1a: Heatran|63/100|[from] item: Leftovers
|upkeep
|turn|6
|
|t:|1659591784
|switch|p2a: Heatran|Heatran, M|81/100
|move|p1a: Heatran|Stealth Rock|p2a: Heatran
|-sidestart|p2: kazt 5|move: Stealth Rock
|
|-heal|p1a: Heatran|69/100|[from] item: Leftovers
|upkeep
|turn|7
|
|t:|1659591787
|move|p1a: Heatran|Earth Power|p2a: Heatran
|-supereffective|p2a: Heatran
|-damage|p2a: Heatran|10/100
|move|p2a: Heatran|Earth Power|p1a: Heatran
|-supereffective|p1a: Heatran
|-damage|p1a: Heatran|0 fnt
|faint|p1a: Heatran
|
|upkeep
|
|t:|1659591794
|switch|p1a: Tornadus|Tornadus-Therian, M|91/100
|turn|8
|
|t:|1659591799
|switch|p2a: Mandibuzz|Mandibuzz, F|100/100
|move|p1a: Tornadus|Knock Off|p2a: Mandibuzz
|-resisted|p2a: Mandibuzz
|-damage|p2a: Mandibuzz|95/100
|-enditem|p2a: Mandibuzz|Heavy-Duty Boots|[from] move: Knock Off|[of] p1a: Tornadus
|
|upkeep
|turn|9
|
|t:|1659591804
|switch|p1a: Ninetales|Ninetales-Alola, F|100/100
|-weather|Hail|[from] ability: Snow Warning|[of] p1a: Ninetales
|move|p2a: Mandibuzz|Defog|p1a: Ninetales
|-unboost|p1a: Ninetales|evasion|1
|-sideend|p2: kazt 5|Stealth Rock|[from] move: Defog|[of] p2a: Mandibuzz
|
|-weather|Hail|[upkeep]
|upkeep
|turn|10
|
|t:|1659591809
|switch|p2a: Gengar|Gengar, M|100/100
|move|p1a: Ninetales|Aurora Veil|p1a: Ninetales
|-sidestart|p1: LT91BB AYT|move: Aurora Veil
|
|-weather|Hail|[upkeep]
|-damage|p2a: Gengar|94/100|[from] Hail
|upkeep
|turn|11
|
|t:|1659591815
|switch|p1a: Tornadus|Tornadus-Therian, M|100/100
|move|p2a: Gengar|Trick|p1a: Tornadus
|-activate|p2a: Gengar|move: Trick|[of] p1a: Tornadus
|-item|p1a: Tornadus|Choice Specs|[from] move: Trick
|-item|p2a: Gengar|Assault Vest|[from] move: Trick
|
|-weather|Hail|[upkeep]
|-damage|p1a: Tornadus|94/100|[from] Hail
|-damage|p2a: Gengar|88/100|[from] Hail
|upkeep
|turn|12
|
|t:|1659591822
|switch|p2a: Heracross|Heracross, M|100/100
|move|p1a: Tornadus|U-turn|p2a: Heracross
|-resisted|p2a: Heracross
|-damage|p2a: Heracross|91/100
|
|t:|1659591830
|switch|p1a: Landorus|Landorus-Therian, M|84/100|[from]move: U-turn
|-ability|p1a: Landorus|Intimidate|boost
|-unboost|p2a: Heracross|atk|1
|
|-weather|Hail|[upkeep]
|-damage|p1a: Landorus|78/100|[from] Hail
|-damage|p2a: Heracross|85/100|[from] Hail
|-heal|p1a: Landorus|84/100|[from] item: Leftovers
|-status|p2a: Heracross|brn|[from] item: Flame Orb
|upkeep
|turn|13
|
|t:|1659591837
|switch|p2a: Landorus|Landorus-Therian, M|100/100
|-ability|p2a: Landorus|Intimidate|boost
|-unboost|p1a: Landorus|atk|1
|move|p1a: Landorus|Defog|p2a: Landorus
|-unboost|p2a: Landorus|evasion|1
|
|-weather|Hail|[upkeep]
|-damage|p2a: Landorus|95/100|[from] Hail
|-damage|p1a: Landorus|78/100|[from] Hail
|-heal|p1a: Landorus|84/100|[from] item: Leftovers
|upkeep
|turn|14
|j| wftsgdgxys
|
|t:|1659591845
|switch|p1a: Arctozolt|Arctozolt|100/100
|move|p2a: Landorus|U-turn|p1a: Arctozolt
|-damage|p1a: Arctozolt|86/100
|l| wftsgdgxys
|inactive|kazt 5 has 120 seconds left.
|
|t:|1659591885
|switch|p2a: Slowbro|Slowbro, M|100/100|[from]move: U-turn
|
|-weather|Hail|[upkeep]
|-damage|p2a: Slowbro|94/100|[from] Hail
|-heal|p1a: Arctozolt|92/100|[from] item: Leftovers
|-sideend|p1: LT91BB AYT|move: Aurora Veil
|upkeep
|turn|15
|
|t:|1659591892
|move|p1a: Arctozolt|Substitute|p1a: Arctozolt
|-start|p1a: Arctozolt|Substitute
|-damage|p1a: Arctozolt|67/100
|move|p2a: Slowbro|Scald|p1a: Arctozolt
|-end|p1a: Arctozolt|Substitute
|
|-weather|Hail|[upkeep]
|-damage|p2a: Slowbro|88/100|[from] Hail
|-heal|p1a: Arctozolt|73/100|[from] item: Leftovers
|upkeep
|turn|16
|inactive|kazt 5 has 120 seconds left.
|
|t:|1659591904
|move|p1a: Arctozolt|Bolt Beak|p2a: Slowbro
|-supereffective|p2a: Slowbro
|-damage|p2a: Slowbro|0 fnt
|-damage|p1a: Arctozolt|57/100|[from] item: Rocky Helmet|[of] p2a: Slowbro
|faint|p2a: Slowbro
|
|-weather|none
|-heal|p1a: Arctozolt|63/100|[from] item: Leftovers
|upkeep
|
|t:|1659591909
|switch|p2a: Gengar|Gengar, M|88/100
|turn|17
|
|t:|1659591911
|switch|p1a: Tornadus|Tornadus-Therian, M|100/100
|move|p2a: Gengar|Sludge Wave|p1a: Tornadus
|-damage|p1a: Tornadus|50/100
|
|upkeep
|turn|18
|
|t:|1659591917
|move|p1a: Tornadus|Knock Off|p2a: Gengar
|-supereffective|p2a: Gengar
|-damage|p2a: Gengar|5/100
|-start|p1a: Tornadus|Disable|Knock Off|[from] ability: Cursed Body|[of] p2a: Gengar
|-enditem|p2a: Gengar|Assault Vest|[from] move: Knock Off|[of] p1a: Tornadus
|move|p2a: Gengar|Sludge Wave|p1a: Tornadus
|-damage|p1a: Tornadus|0 fnt
|faint|p1a: Tornadus
|
|upkeep
|
|t:|1659591920
|switch|p1a: Ninetales|Ninetales-Alola, F|100/100
|-weather|Hail|[from] ability: Snow Warning|[of] p1a: Ninetales
|turn|19
|
|t:|1659591937
|switch|p1a: Landorus|Landorus-Therian, M|84/100
|-ability|p1a: Landorus|Intimidate|boost
|-unboost|p2a: Gengar|atk|1
|move|p2a: Gengar|Trick|p1a: Landorus
|-activate|p2a: Gengar|move: Trick|[of] p1a: Landorus
|-enditem|p1a: Landorus|Leftovers|[silent]|[from] move: Trick
|-item|p2a: Gengar|Leftovers|[from] move: Trick
|
|-weather|Hail|[upkeep]
|-damage|p2a: Gengar|0 fnt|[from] Hail
|-damage|p1a: Landorus|78/100|[from] Hail
|faint|p2a: Gengar
|upkeep
|
|t:|1659591945
|switch|p2a: Heracross|Heracross, M|85/100 brn
|turn|20
|
|t:|1659591951
|move|p1a: Landorus|Earthquake|p2a: Heracross
|-resisted|p2a: Heracross
|-damage|p2a: Heracross|46/100 brn
|move|p2a: Heracross|Facade|p1a: Landorus
|-damage|p1a: Landorus|0 fnt
|faint|p1a: Landorus
|
|-weather|Hail|[upkeep]
|-damage|p2a: Heracross|40/100 brn|[from] Hail
|-damage|p2a: Heracross|34/100 brn|[from] brn
|upkeep
|
|t:|1659591953
|switch|p1a: Arctozolt|Arctozolt|63/100
|turn|21
|
|t:|1659591959
|switch|p2a: Heatran|Heatran, M|10/100
|move|p1a: Arctozolt|Icicle Crash|p2a: Heatran|[miss]
|-miss|p1a: Arctozolt|p2a: Heatran
|
|-weather|Hail|[upkeep]
|-damage|p2a: Heatran|4/100|[from] Hail
|-heal|p1a: Arctozolt|69/100|[from] item: Leftovers
|upkeep
|turn|22
|
|t:|1659591965
|move|p1a: Arctozolt|Icicle Crash|p2a: Heatran
|-resisted|p2a: Heatran
|-damage|p2a: Heatran|0 fnt
|faint|p2a: Heatran
|
|-weather|Hail|[upkeep]
|-heal|p1a: Arctozolt|75/100|[from] item: Leftovers
|upkeep
|
|t:|1659591970
|switch|p2a: Landorus|Landorus-Therian, M|95/100
|-ability|p2a: Landorus|Intimidate|boost
|-unboost|p1a: Arctozolt|atk|1
|turn|23
|
|t:|1659591972
|move|p2a: Landorus|Earthquake|p1a: Arctozolt
|-supereffective|p1a: Arctozolt
|-damage|p1a: Arctozolt|0 fnt
|faint|p1a: Arctozolt
|
|-weather|Hail|[upkeep]
|-damage|p2a: Landorus|89/100|[from] Hail
|upkeep
|
|t:|1659591976
|switch|p1a: Tapu Fini|Tapu Fini|100/100
|-fieldstart|move: Misty Terrain|[from] ability: Misty Surge|[of] p1a: Tapu Fini
|turn|24
|
|t:|1659591978
|move|p2a: Landorus|Earthquake|p1a: Tapu Fini
|-damage|p1a: Tapu Fini|57/100
|move|p1a: Tapu Fini|Surf|p2a: Landorus
|-supereffective|p2a: Landorus
|-damage|p2a: Landorus|13/100
|
|-weather|Hail|[upkeep]
|-damage|p2a: Landorus|7/100|[from] Hail
|-damage|p1a: Tapu Fini|51/100|[from] Hail
|-heal|p1a: Tapu Fini|57/100|[from] item: Leftovers
|upkeep
|turn|25
|
|t:|1659591984
|switch|p2a: Mandibuzz|Mandibuzz, F|95/100
|move|p1a: Tapu Fini|Moonblast|p2a: Mandibuzz
|-supereffective|p2a: Mandibuzz
|-damage|p2a: Mandibuzz|47/100
|
|-weather|Hail|[upkeep]
|-damage|p1a: Tapu Fini|51/100|[from] Hail
|-heal|p1a: Tapu Fini|57/100|[from] item: Leftovers
|upkeep
|turn|26
|
|t:|1659591989
|move|p1a: Tapu Fini|Moonblast|p2a: Mandibuzz
|-supereffective|p2a: Mandibuzz
|-damage|p2a: Mandibuzz|0 fnt
|faint|p2a: Mandibuzz
|
|-weather|none
|-heal|p1a: Tapu Fini|64/100|[from] item: Leftovers
|upkeep
|
|t:|1659591992
|switch|p2a: Heracross|Heracross, M|34/100 brn
|turn|27
|
|t:|1659591994
|switch|p1a: Ninetales|Ninetales-Alola, F|100/100
|-weather|Hail|[from] ability: Snow Warning|[of] p1a: Ninetales
|move|p2a: Heracross|Facade|p1a: Ninetales
|-crit|p1a: Ninetales
|-damage|p1a: Ninetales|0 fnt
|faint|p1a: Ninetales
|
|-weather|Hail|[upkeep]
|-damage|p2a: Heracross|28/100 brn|[from] Hail
|-damage|p2a: Heracross|22/100 brn|[from] brn
|upkeep
|
|t:|1659591998
|switch|p1a: Tapu Fini|Tapu Fini|64/100
|turn|28
|
|t:|1659592000
|move|p2a: Heracross|Facade|p1a: Tapu Fini
|-damage|p1a: Tapu Fini|1/100
|move|p1a: Tapu Fini|Moonblast|p2a: Heracross
|-supereffective|p2a: Heracross
|-damage|p2a: Heracross|0 fnt
|faint|p2a: Heracross
|
|-weather|Hail|[upkeep]
|-damage|p1a: Tapu Fini|0 fnt|[from] Hail
|faint|p1a: Tapu Fini
|
|win|kazt 5
|upkeep
|raw|LT91BB AYT's rating: 1764 &rarr; <strong>1742</strong><br />(-22 for losing)
|raw|kazt 5's rating: 1730 &rarr; <strong>1752</strong><br />(+22 for winning)
|l|☆LT91BB AYT
