|raw|<div class="broadcast-blue"><strong>This battle is required to be public due to a player having a name starting with 'lt91bb'.</div>
|j|☆LT91BB Qzertz
|j|☆YSWelcomeToForever
|t:|1659377163
|gametype|singles
|player|p1|LT91BB Qzertz|1|1589
|player|p2|YSWelcomeToForever|riley|1615
|teamsize|p1|6
|teamsize|p2|6
|gen|8
|tier|[Gen 8] OU
|rated|
|rule|Sleep Clause Mod: Limit one foe put to sleep
|rule|Species Clause: Limit one of each Pokémon
|rule|OHKO Clause: OHKO moves are banned
|rule|Evasion Moves Clause: Evasion moves are banned
|rule|Endless Battle Clause: Forcing endless battles is banned
|rule|HP Percentage Mod: HP is shown in percentages
|rule|Dynamax Clause: You cannot dynamax
|clearpoke
|poke|p1|Hippowdon, F|
|poke|p1|Tornadus-Therian, M|
|poke|p1|Tapu Fini|
|poke|p1|Terrakion|
|poke|p1|Slowking-Galar, F|
|poke|p1|Victini|
|poke|p2|Kartana|
|poke|p2|Tapu Koko|
|poke|p2|Landorus-Therian, M|
|poke|p2|Slowbro, F|
|poke|p2|Melmetal|
|poke|p2|Dragonite, M|
|teampreview
|inactive|Battle timer is ON: inactive players will automatically lose when time's up. (requested by YSWelcomeToForever)
|
|t:|1659377188
|start
|switch|p1a: Victini|Victini|100/100
|switch|p2a: Landorus|Landorus-Therian, M|100/100
|-ability|p2a: Landorus|Intimidate|boost
|-unboost|p1a: Victini|atk|1
|turn|1
|
|t:|1659377196
|switch|p2a: Melmetal|Melmetal|100/100
|move|p1a: Victini|U-turn|p2a: Melmetal
|-resisted|p2a: Melmetal
|-damage|p2a: Melmetal|96/100
|
|t:|1659377209
|switch|p1a: Hippowdon|Hippowdon, F|100/100|[from]move: U-turn
|-weather|Sandstorm|[from] ability: Sand Stream|[of] p1a: Hippowdon
|
|-weather|Sandstorm|[upkeep]
|upkeep
|turn|2
|
|t:|1659377214
|switch|p2a: Landorus|Landorus-Therian, M|100/100
|-ability|p2a: Landorus|Intimidate|boost
|-unboost|p1a: Hippowdon|atk|1
|move|p1a: Hippowdon|Stealth Rock|p2a: Landorus
|-sidestart|p2: YSWelcomeToForever|move: Stealth Rock
|
|-weather|Sandstorm|[upkeep]
|upkeep
|turn|3
|
|t:|1659377216
|move|p2a: Landorus|Stealth Rock|p1a: Hippowdon
|-sidestart|p1: LT91BB Qzertz|move: Stealth Rock
|move|p1a: Hippowdon|Toxic|p2a: Landorus
|-status|p2a: Landorus|tox
|
|-weather|Sandstorm|[upkeep]
|-damage|p2a: Landorus|94/100 tox|[from] psn
|upkeep
|turn|4
|
|t:|1659377229
|switch|p1a: Tornadus|Tornadus-Therian, M|100/100
|move|p2a: Landorus|Toxic|p1a: Tornadus
|-status|p1a: Tornadus|tox
|
|-weather|Sandstorm|[upkeep]
|-damage|p1a: Tornadus|94/100 tox|[from] Sandstorm
|-heal|p2a: Landorus|100/100 tox|[from] item: Leftovers
|-damage|p1a: Tornadus|88/100 tox|[from] psn
|-damage|p2a: Landorus|88/100 tox|[from] psn
|upkeep
|turn|5
|
|t:|1659377233
|switch|p2a: Tapu Koko|Tapu Koko|100/100
|-fieldstart|move: Electric Terrain|[from] ability: Electric Surge|[of] p2a: Tapu Koko
|move|p1a: Tornadus|Nasty Plot|p1a: Tornadus
|-boost|p1a: Tornadus|spa|2
|
|-weather|none
|-damage|p1a: Tornadus|76/100 tox|[from] psn
|upkeep
|turn|6
|
|t:|1659377244
|switch|p1a: Hippowdon|Hippowdon, F|100/100
|-damage|p1a: Hippowdon|94/100|[from] Stealth Rock
|-weather|Sandstorm|[from] ability: Sand Stream|[of] p1a: Hippowdon
|move|p2a: Tapu Koko|Thunderbolt|p1a: Hippowdon
|-immune|p1a: Hippowdon
|
|-weather|Sandstorm|[upkeep]
|-damage|p2a: Tapu Koko|94/100|[from] Sandstorm
|-heal|p1a: Hippowdon|100/100|[from] item: Leftovers
|upkeep
|turn|7
|inactive|LT91BB Qzertz has 120 seconds left.
|
|t:|1659377303
|switch|p1a: Terrakion|Terrakion|100/100
|-damage|p1a: Terrakion|94/100|[from] Stealth Rock
|move|p2a: Tapu Koko|U-turn|p1a: Terrakion
|-resisted|p1a: Terrakion
|-damage|p1a: Terrakion|85/100
|
|t:|1659377316
|switch|p2a: Kartana|Kartana|100/100|[from]move: U-turn
|-damage|p2a: Kartana|94/100|[from] Stealth Rock
|
|-weather|Sandstorm|[upkeep]
|upkeep
|turn|8
|
|t:|1659377333
|switch|p2a: Slowbro|Slowbro, F|100/100
|switch|p1a: Tornadus|Tornadus-Therian, M|100/100 tox
|
|-weather|Sandstorm|[upkeep]
|-damage|p1a: Tornadus|94/100 tox|[from] Sandstorm
|-damage|p2a: Slowbro|94/100|[from] Sandstorm
|-damage|p1a: Tornadus|88/100 tox|[from] psn
|upkeep
|turn|9
|
|t:|1659377341
|switch|p2a: Tapu Koko|Tapu Koko|94/100
|move|p1a: Tornadus|Hurricane|p2a: Tapu Koko
|-resisted|p2a: Tapu Koko
|-damage|p2a: Tapu Koko|56/100
|
|-weather|Sandstorm|[upkeep]
|-damage|p2a: Tapu Koko|50/100|[from] Sandstorm
|-damage|p1a: Tornadus|82/100 tox|[from] Sandstorm
|-damage|p1a: Tornadus|70/100 tox|[from] psn
|-fieldend|move: Electric Terrain
|upkeep
|turn|10
|
|t:|1659377348
|switch|p1a: Terrakion|Terrakion|85/100
|-damage|p1a: Terrakion|79/100|[from] Stealth Rock
|move|p2a: Tapu Koko|Roost|p2a: Tapu Koko
|-heal|p2a: Tapu Koko|100/100
|-singleturn|p2a: Tapu Koko|move: Roost
|
|-weather|none
|upkeep
|turn|11
|
|t:|1659377352
|switch|p2a: Slowbro|Slowbro, F|100/100
|switch|p1a: Hippowdon|Hippowdon, F|100/100
|-damage|p1a: Hippowdon|94/100|[from] Stealth Rock
|-weather|Sandstorm|[from] ability: Sand Stream|[of] p1a: Hippowdon
|
|-weather|Sandstorm|[upkeep]
|-damage|p2a: Slowbro|94/100|[from] Sandstorm
|-heal|p1a: Hippowdon|100/100|[from] item: Leftovers
|upkeep
|turn|12
|inactive|LT91BB Qzertz has 120 seconds left.
|
|t:|1659377359
|move|p1a: Hippowdon|Toxic|p2a: Slowbro|[miss]
|-miss|p1a: Hippowdon|p2a: Slowbro
|move|p2a: Slowbro|Future Sight|p1a: Hippowdon
|-start|p2a: Slowbro|move: Future Sight
|
|-weather|Sandstorm|[upkeep]
|-damage|p2a: Slowbro|88/100|[from] Sandstorm
|upkeep
|turn|13
|
|t:|1659377367
|switch|p1a: Slowking|Slowking-Galar, F|100/100
|-damage|p1a: Slowking|88/100|[from] Stealth Rock
|move|p2a: Slowbro|Teleport|p2a: Slowbro
|
|t:|1659377370
|switch|p2a: Kartana|Kartana|94/100|[from]move: Teleport
|-damage|p2a: Kartana|88/100|[from] Stealth Rock
|
|-weather|Sandstorm|[upkeep]
|-damage|p1a: Slowking|82/100|[from] Sandstorm
|upkeep
|turn|14
|
|t:|1659377382
|move|p2a: Kartana|Knock Off|p1a: Slowking
|-supereffective|p1a: Slowking
|-damage|p1a: Slowking|0 fnt
|-enditem|p1a: Slowking|Assault Vest|[from] move: Knock Off|[of] p2a: Kartana
|faint|p1a: Slowking
|-ability|p2a: Kartana|Beast Boost|boost
|-boost|p2a: Kartana|atk|1
|
|-weather|Sandstorm|[upkeep]
|-hint|Future Sight did not hit because the target is fainted.
|upkeep
|
|t:|1659377389
|switch|p1a: Terrakion|Terrakion|79/100
|-damage|p1a: Terrakion|72/100|[from] Stealth Rock
|turn|15
|
|t:|1659377394
|switch|p2a: Slowbro|Slowbro, F|100/100
|move|p1a: Terrakion|Swords Dance|p1a: Terrakion
|-boost|p1a: Terrakion|atk|2
|
|-weather|none
|upkeep
|turn|16
|
|t:|1659377402
|move|p1a: Terrakion|Stone Edge|p2a: Slowbro
|-damage|p2a: Slowbro|24/100
|-damage|p1a: Terrakion|62/100|[from] item: Life Orb
|move|p2a: Slowbro|Teleport|p2a: Slowbro
|
|t:|1659377407
|switch|p2a: Kartana|Kartana|88/100|[from]move: Teleport
|-damage|p2a: Kartana|82/100|[from] Stealth Rock
|
|upkeep
|turn|17
|
|t:|1659377412
|move|p2a: Kartana|Leaf Blade|p1a: Terrakion
|-supereffective|p1a: Terrakion
|-damage|p1a: Terrakion|0 fnt
|faint|p1a: Terrakion
|-ability|p2a: Kartana|Beast Boost|boost
|-boost|p2a: Kartana|atk|1
|
|upkeep
|
|t:|1659377415
|switch|p1a: Victini|Victini|100/100
|turn|18
|
|t:|1659377425
|switch|p2a: Landorus|Landorus-Therian, M|88/100 tox
|-damage|p2a: Landorus|76/100 tox|[from] Stealth Rock
|-ability|p2a: Landorus|Intimidate|boost
|-unboost|p1a: Victini|atk|1
|move|p1a: Victini|V-create|p2a: Landorus
|-damage|p2a: Landorus|39/100 tox
|-unboost|p1a: Victini|spe|1
|-unboost|p1a: Victini|def|1
|-unboost|p1a: Victini|spd|1
|
|-heal|p2a: Landorus|45/100 tox|[from] item: Leftovers
|-damage|p2a: Landorus|39/100 tox|[from] psn
|upkeep
|turn|19
|c|☆LT91BB Qzertz|is that physdef lando
|c|☆LT91BB Qzertz|dude
|c|☆YSWelcomeToForever|yes
|c|☆LT91BB Qzertz|you have bro and melmetal
|inactive|LT91BB Qzertz has 120 seconds left.
|c|☆YSWelcomeToForever|i have spdef too
|
|t:|1659377470
|move|p1a: Victini|Glaciate|p2a: Landorus
|-supereffective|p2a: Landorus
|-damage|p2a: Landorus|0 fnt
|faint|p2a: Landorus
|
|upkeep
|c|☆YSWelcomeToForever|mixed
|
|t:|1659377476
|switch|p2a: Kartana|Kartana|82/100
|-damage|p2a: Kartana|76/100|[from] Stealth Rock
|turn|20
|c|☆LT91BB Qzertz|why would you tell me that
|inactive|LT91BB Qzertz has 120 seconds left.
|
|t:|1659377483
|switch|p1a: Tapu Fini|Tapu Fini|100/100
|-damage|p1a: Tapu Fini|88/100|[from] Stealth Rock
|-fieldstart|move: Misty Terrain|[from] ability: Misty Surge|[of] p1a: Tapu Fini
|move|p2a: Kartana|Knock Off|p1a: Tapu Fini
|-resisted|p1a: Tapu Fini
|-damage|p1a: Tapu Fini|65/100
|-enditem|p1a: Tapu Fini|Leftovers|[from] move: Knock Off|[of] p2a: Kartana
|
|upkeep
|turn|21
|c|☆YSWelcomeToForever|i dont see how i lose this
|c|☆LT91BB Qzertz|true
|inactive|YSWelcomeToForever has 120 seconds left.
|c|☆LT91BB Qzertz|this team is not good
|c|☆YSWelcomeToForever|testing account too
|
|t:|1659377524
|switch|p2a: Melmetal|Melmetal|96/100
|-damage|p2a: Melmetal|90/100|[from] Stealth Rock
|move|p1a: Tapu Fini|Scald|p2a: Melmetal
|-damage|p2a: Melmetal|77/100
|
|upkeep
|turn|22
|
|t:|1659377537
|switch|p1a: Hippowdon|Hippowdon, F|100/100
|-damage|p1a: Hippowdon|94/100|[from] Stealth Rock
|-weather|Sandstorm|[from] ability: Sand Stream|[of] p1a: Hippowdon
|move|p2a: Melmetal|Double Iron Bash|p1a: Hippowdon
|-damage|p1a: Hippowdon|68/100
|-damage|p1a: Hippowdon|44/100
|-hitcount|p1a: Hippowdon|2
|
|-weather|Sandstorm|[upkeep]
|-heal|p1a: Hippowdon|50/100|[from] item: Leftovers
|upkeep
|turn|23
|
|t:|1659377544
|move|p1a: Hippowdon|Slack Off|p1a: Hippowdon
|-heal|p1a: Hippowdon|99/100
|move|p2a: Melmetal|Ice Punch|p1a: Hippowdon
|-supereffective|p1a: Hippowdon
|-damage|p1a: Hippowdon|56/100
|
|-weather|Sandstorm|[upkeep]
|-heal|p1a: Hippowdon|62/100|[from] item: Leftovers
|upkeep
|turn|24
|
|t:|1659377552
|switch|p2a: Slowbro|Slowbro, F|57/100
|move|p1a: Hippowdon|Earthquake|p2a: Slowbro
|-damage|p2a: Slowbro|35/100
|
|-weather|Sandstorm|[upkeep]
|-damage|p2a: Slowbro|29/100|[from] Sandstorm
|-heal|p1a: Hippowdon|68/100|[from] item: Leftovers
|-fieldend|Misty Terrain
|upkeep
|turn|25
|
|t:|1659377557
|move|p1a: Hippowdon|Toxic|p2a: Slowbro
|-status|p2a: Slowbro|tox
|move|p2a: Slowbro|Slack Off|p2a: Slowbro
|-heal|p2a: Slowbro|79/100 tox
|
|-weather|Sandstorm|[upkeep]
|-damage|p2a: Slowbro|73/100 tox|[from] Sandstorm
|-heal|p1a: Hippowdon|75/100|[from] item: Leftovers
|-damage|p2a: Slowbro|67/100 tox|[from] psn
|upkeep
|turn|26
|
|t:|1659377562
|move|p1a: Hippowdon|Earthquake|p2a: Slowbro
|-damage|p2a: Slowbro|44/100 tox
|move|p2a: Slowbro|Teleport|p2a: Slowbro
|
|t:|1659377564
|switch|p2a: Kartana|Kartana|76/100|[from]move: Teleport
|-damage|p2a: Kartana|70/100|[from] Stealth Rock
|
|-weather|none
|-heal|p1a: Hippowdon|81/100|[from] item: Leftovers
|upkeep
|turn|27
|
|t:|1659377575
|switch|p1a: Tornadus|Tornadus-Therian, M|100/100 tox
|move|p2a: Kartana|Leaf Blade|p1a: Tornadus
|-resisted|p1a: Tornadus
|-crit|p1a: Tornadus
|-damage|p1a: Tornadus|14/100 tox
|
|-damage|p1a: Tornadus|8/100 tox|[from] psn
|upkeep
|turn|28
|c|☆LT91BB Qzertz|oh
|c|☆YSWelcomeToForever|daaaamn
|c|☆YSWelcomeToForever|just unckicked koff
|c|☆YSWelcomeToForever|unclicked*
|inactive|LT91BB Qzertz has 120 seconds left.
|c|☆LT91BB Qzertz|that is informative
|inactive|YSWelcomeToForever has 120 seconds left.
|
|t:|1659377612
|move|p1a: Tornadus|Heat Wave|p2a: Kartana
|-supereffective|p2a: Kartana
|-damage|p2a: Kartana|0 fnt
|faint|p2a: Kartana
|
|-damage|p1a: Tornadus|0 fnt|[from] psn
|faint|p1a: Tornadus
|upkeep
|inactive|LT91BB Qzertz has 120 seconds left.
|c|☆YSWelcomeToForever|weird play
|inactive|YSWelcomeToForever has 120 seconds left.
|c|☆LT91BB Qzertz|is it
|c|☆LT91BB Qzertz|why do u say that
|inactive|YSWelcomeToForever has 90 seconds left.
|c|☆YSWelcomeToForever|u died of toxix and kart slap you if u dont keep torn
|
|t:|1659377671
|switch|p1a: Victini|Victini|100/100
|switch|p2a: Dragonite|Dragonite, M|100/100
|turn|29
|c|☆LT91BB Qzertz|do i need to keep torn
|c|☆YSWelcomeToForever|yes
|inactive|LT91BB Qzertz has 120 seconds left.
|c|☆LT91BB Qzertz|for what, exactly
|
|t:|1659377692
|switch|p2a: Slowbro|Slowbro, F|78/100 tox
|move|p1a: Victini|Glaciate|p2a: Slowbro
|-resisted|p2a: Slowbro
|-damage|p2a: Slowbro|69/100 tox
|-unboost|p2a: Slowbro|spe|1
|
|-damage|p2a: Slowbro|63/100 tox|[from] psn
|upkeep
|turn|30
|c|☆YSWelcomeToForever|tf you doing
|inactive|YSWelcomeToForever has 60 seconds left.
|
|t:|1659377711
|move|p1a: Victini|Bolt Strike|p2a: Slowbro|[miss]
|-miss|p1a: Victini|p2a: Slowbro
|move|p2a: Slowbro|Teleport|p2a: Slowbro
|
|t:|1659377713
|switch|p2a: Dragonite|Dragonite, M|100/100|[from]move: Teleport
|
|upkeep
|turn|31
|
|t:|1659377731
|move|p1a: Victini|U-turn|p2a: Dragonite
|-resisted|p2a: Dragonite
|-damage|p2a: Dragonite|96/100
|
|t:|1659377735
|switch|p1a: Hippowdon|Hippowdon, F|81/100|[from]move: U-turn
|-damage|p1a: Hippowdon|75/100|[from] Stealth Rock
|-weather|Sandstorm|[from] ability: Sand Stream|[of] p1a: Hippowdon
|move|p2a: Dragonite|Earthquake|p1a: Hippowdon
|-damage|p1a: Hippowdon|52/100
|
|-weather|Sandstorm|[upkeep]
|-damage|p2a: Dragonite|90/100|[from] Sandstorm
|-heal|p1a: Hippowdon|58/100|[from] item: Leftovers
|upkeep
|turn|32
|c|☆YSWelcomeToForever|if i switched kart he would have won alone
|c|☆LT91BB Qzertz|why didnt you do that then
|inactive|YSWelcomeToForever has 60 seconds left.
|c|☆YSWelcomeToForever|because i thought u were good enough to know that and switch
|
|t:|1659377781
|switch|p2a: Slowbro|Slowbro, F|96/100 tox
|move|p1a: Hippowdon|Toxic|p2a: Slowbro
|-fail|p2a: Slowbro|tox
|
|-weather|Sandstorm|[upkeep]
|-damage|p2a: Slowbro|90/100 tox|[from] Sandstorm
|-heal|p1a: Hippowdon|64/100|[from] item: Leftovers
|-damage|p2a: Slowbro|84/100 tox|[from] psn
|upkeep
|turn|33
|
|t:|1659377789
|move|p1a: Hippowdon|Slack Off|p1a: Hippowdon
|-heal|p1a: Hippowdon|100/100
|move|p2a: Slowbro|Ice Beam|p1a: Hippowdon
|-supereffective|p1a: Hippowdon
|-damage|p1a: Hippowdon|68/100
|
|-weather|Sandstorm|[upkeep]
|-damage|p2a: Slowbro|78/100 tox|[from] Sandstorm
|-heal|p1a: Hippowdon|74/100|[from] item: Leftovers
|-damage|p2a: Slowbro|66/100 tox|[from] psn
|upkeep
|turn|34
|
|t:|1659377793
|switch|p1a: Tapu Fini|Tapu Fini|65/100
|-damage|p1a: Tapu Fini|53/100|[from] Stealth Rock
|-fieldstart|move: Misty Terrain|[from] ability: Misty Surge|[of] p1a: Tapu Fini
|move|p2a: Slowbro|Teleport|p2a: Slowbro
|
|t:|1659377795
|switch|p2a: Tapu Koko|Tapu Koko|100/100|[from]move: Teleport
|-fieldstart|move: Electric Terrain|[from] ability: Electric Surge|[of] p2a: Tapu Koko
|
|-weather|Sandstorm|[upkeep]
|-damage|p2a: Tapu Koko|94/100|[from] Sandstorm
|-damage|p1a: Tapu Fini|47/100|[from] Sandstorm
|upkeep
|turn|35
|
|t:|1659377800
|switch|p1a: Hippowdon|Hippowdon, F|74/100
|-damage|p1a: Hippowdon|68/100|[from] Stealth Rock
|move|p2a: Tapu Koko|U-turn|p1a: Hippowdon
|-damage|p1a: Hippowdon|56/100
|
|t:|1659377804
|switch|p2a: Melmetal|Melmetal|77/100|[from]move: U-turn
|-damage|p2a: Melmetal|71/100|[from] Stealth Rock
|
|-weather|none
|-heal|p1a: Hippowdon|63/100|[from] item: Leftovers
|upkeep
|turn|36
|c|☆LT91BB Qzertz|theres no point mindlessly making a prediction thatll lose me the game
|
|t:|1659377824
|move|p1a: Hippowdon|Earthquake|p2a: Melmetal
|-supereffective|p2a: Melmetal
|-damage|p2a: Melmetal|26/100
|move|p2a: Melmetal|Double Iron Bash|p1a: Hippowdon
|-damage|p1a: Hippowdon|38/100
|-damage|p1a: Hippowdon|12/100
|-hitcount|p1a: Hippowdon|2
|
|-heal|p1a: Hippowdon|19/100|[from] item: Leftovers
|upkeep
|turn|37
|
|t:|1659377829
|move|p1a: Hippowdon|Slack Off|p1a: Hippowdon
|-heal|p1a: Hippowdon|69/100
|move|p2a: Melmetal|Double Iron Bash|p1a: Hippowdon
|-damage|p1a: Hippowdon|42/100
|-crit|p1a: Hippowdon
|-damage|p1a: Hippowdon|5/100
|-hitcount|p1a: Hippowdon|2
|
|-heal|p1a: Hippowdon|11/100|[from] item: Leftovers
|upkeep
|turn|38
|
|t:|1659377837
|move|p1a: Hippowdon|Slack Off|p1a: Hippowdon
|-heal|p1a: Hippowdon|61/100
|move|p2a: Melmetal|Double Iron Bash|p1a: Hippowdon
|-damage|p1a: Hippowdon|34/100
|-damage|p1a: Hippowdon|7/100
|-hitcount|p1a: Hippowdon|2
|
|-heal|p1a: Hippowdon|13/100|[from] item: Leftovers
|-fieldend|move: Electric Terrain
|upkeep
|turn|39
|c|☆YSWelcomeToForever|letting torn die should have lose youu the game
|inactive|YSWelcomeToForever has 90 seconds left.
|c|☆YSWelcomeToForever|thats the point
|
|t:|1659377866
|move|p1a: Hippowdon|Slack Off|p1a: Hippowdon
|-heal|p1a: Hippowdon|63/100
|move|p2a: Melmetal|Double Iron Bash|p1a: Hippowdon
|-damage|p1a: Hippowdon|39/100
|-damage|p1a: Hippowdon|12/100
|-hitcount|p1a: Hippowdon|2
|
|-heal|p1a: Hippowdon|18/100|[from] item: Leftovers
|upkeep
|turn|40
|c|☆LT91BB Qzertz|torn isnt making any progress as long as you have koko
|c|☆LT91BB Qzertz|keeping it is pointless
|
|t:|1659377876
|move|p1a: Hippowdon|Slack Off|p1a: Hippowdon
|-heal|p1a: Hippowdon|68/100
|move|p2a: Melmetal|Double Iron Bash|p1a: Hippowdon
|-damage|p1a: Hippowdon|44/100
|-damage|p1a: Hippowdon|20/100
|-hitcount|p1a: Hippowdon|2
|
|-heal|p1a: Hippowdon|26/100|[from] item: Leftovers
|upkeep
|turn|41
|c|☆YSWelcomeToForever|revenge kill kart
|c|☆LT91BB Qzertz|ok but i killed kart
|c|☆LT91BB Qzertz|so whats the problem
|
|t:|1659377894
|move|p1a: Hippowdon|Slack Off|p1a: Hippowdon
|-heal|p1a: Hippowdon|76/100
|move|p2a: Melmetal|Double Iron Bash|p1a: Hippowdon
|-damage|p1a: Hippowdon|50/100
|-damage|p1a: Hippowdon|21/100
|-hitcount|p1a: Hippowdon|2
|
|-heal|p1a: Hippowdon|28/100|[from] item: Leftovers
|upkeep
|turn|42
|c|☆YSWelcomeToForever|because you played bad
|c|☆YSWelcomeToForever|wtf u dont understand
|inactive|YSWelcomeToForever has 90 seconds left.
|
|t:|1659377916
|move|p1a: Hippowdon|Slack Off|p1a: Hippowdon
|-heal|p1a: Hippowdon|78/100
|move|p2a: Melmetal|Ice Punch|p1a: Hippowdon
|-supereffective|p1a: Hippowdon
|-damage|p1a: Hippowdon|30/100
|
|-heal|p1a: Hippowdon|37/100|[from] item: Leftovers
|upkeep
|turn|43
|c|☆LT91BB Qzertz|"played bad"
|c|☆LT91BB Qzertz|but you lost kart
|
|t:|1659377926
|move|p1a: Hippowdon|Slack Off|p1a: Hippowdon
|-heal|p1a: Hippowdon|87/100
|move|p2a: Melmetal|Double Iron Bash|p1a: Hippowdon
|-damage|p1a: Hippowdon|62/100
|-damage|p1a: Hippowdon|36/100
|-hitcount|p1a: Hippowdon|2
|
|-heal|p1a: Hippowdon|43/100|[from] item: Leftovers
|upkeep
|turn|44
|inactive|YSWelcomeToForever has 90 seconds left.
|c|☆YSWelcomeToForever|because i thought u knew torn was necessary
|
|t:|1659377951
|move|p1a: Hippowdon|Slack Off|p1a: Hippowdon
|-heal|p1a: Hippowdon|93/100
|move|p2a: Melmetal|Ice Punch|p1a: Hippowdon
|-supereffective|p1a: Hippowdon
|-damage|p1a: Hippowdon|47/100
|
|-heal|p1a: Hippowdon|53/100|[from] item: Leftovers
|upkeep
|turn|45
|c|☆LT91BB Qzertz|its not necessary
|
|t:|1659377963
|move|p1a: Hippowdon|Earthquake|p2a: Melmetal
|-supereffective|p2a: Melmetal
|-damage|p2a: Melmetal|0 fnt
|faint|p2a: Melmetal
|
|-heal|p1a: Hippowdon|59/100|[from] item: Leftovers
|upkeep
|c|☆YSWelcomeToForever|it was omg
|
|t:|1659377969
|switch|p2a: Dragonite|Dragonite, M|90/100
|turn|46
|
|t:|1659377975
|move|p2a: Dragonite|Dragon Dance|p2a: Dragonite
|-boost|p2a: Dragonite|atk|1
|-boost|p2a: Dragonite|spe|1
|move|p1a: Hippowdon|Toxic|p2a: Dragonite
|-status|p2a: Dragonite|tox
|
|-heal|p1a: Hippowdon|65/100|[from] item: Leftovers
|-damage|p2a: Dragonite|83/100 tox|[from] psn
|upkeep
|turn|47
|c|☆YSWelcomeToForever|rematch if you want ill show you
|
|t:|1659377994
|switch|p1a: Tapu Fini|Tapu Fini|47/100
|-damage|p1a: Tapu Fini|34/100|[from] Stealth Rock
|-fieldstart|move: Misty Terrain|[from] ability: Misty Surge|[of] p1a: Tapu Fini
|move|p2a: Dragonite|Dragon Dance|p2a: Dragonite
|-boost|p2a: Dragonite|atk|1
|-boost|p2a: Dragonite|spe|1
|
|-damage|p2a: Dragonite|71/100 tox|[from] psn
|upkeep
|turn|48
|
|t:|1659378002
|move|p2a: Dragonite|Earthquake|p1a: Tapu Fini
|-damage|p1a: Tapu Fini|0 fnt
|faint|p1a: Tapu Fini
|
|-damage|p2a: Dragonite|52/100 tox|[from] psn
|upkeep
|
|t:|1659378007
|switch|p1a: Hippowdon|Hippowdon, F|65/100
|-damage|p1a: Hippowdon|59/100|[from] Stealth Rock
|-weather|Sandstorm|[from] ability: Sand Stream|[of] p1a: Hippowdon
|turn|49
|inactive|YSWelcomeToForever has 120 seconds left.
|inactive|YSWelcomeToForever has 90 seconds left.
|
|t:|1659378047
|move|p2a: Dragonite|Dual Wingbeat|p1a: Hippowdon
|-damage|p1a: Hippowdon|32/100
|-damage|p1a: Hippowdon|1/100
|-hitcount|p1a: Hippowdon|2
|move|p1a: Hippowdon|Slack Off|p1a: Hippowdon
|-heal|p1a: Hippowdon|51/100
|
|-weather|Sandstorm|[upkeep]
|-damage|p2a: Dragonite|46/100 tox|[from] Sandstorm
|-heal|p1a: Hippowdon|57/100|[from] item: Leftovers
|-damage|p2a: Dragonite|21/100 tox|[from] psn
|upkeep
|turn|50
|
|t:|1659378064
|move|p2a: Dragonite|Dual Wingbeat|p1a: Hippowdon
|-damage|p1a: Hippowdon|29/100
|-damage|p1a: Hippowdon|0 fnt
|faint|p1a: Hippowdon
|-hitcount|p1: Hippowdon|2
|
|-weather|Sandstorm|[upkeep]
|-damage|p2a: Dragonite|15/100 tox|[from] Sandstorm
|-damage|p2a: Dragonite|0 fnt|[from] psn
|faint|p2a: Dragonite
|upkeep
|
|t:|1659378068
|switch|p2a: Tapu Koko|Tapu Koko|94/100
|switch|p1a: Victini|Victini|100/100
|-fieldstart|move: Electric Terrain|[from] ability: Electric Surge|[of] p2a: Tapu Koko
|turn|51
|
|t:|1659378071
|move|p2a: Tapu Koko|U-turn|p1a: Victini
|-damage|p1a: Victini|84/100
|
|t:|1659378073
|switch|p2a: Slowbro|Slowbro, F|99/100 tox|[from]move: U-turn
|move|p1a: Victini|V-create|p2a: Slowbro
|-resisted|p2a: Slowbro
|-damage|p2a: Slowbro|76/100 tox
|-unboost|p1a: Victini|spe|1
|-unboost|p1a: Victini|def|1
|-unboost|p1a: Victini|spd|1
|
|-weather|Sandstorm|[upkeep]
|-damage|p1a: Victini|78/100|[from] Sandstorm
|-damage|p2a: Slowbro|70/100 tox|[from] Sandstorm
|-damage|p2a: Slowbro|64/100 tox|[from] psn
|upkeep
|turn|52
|
|t:|1659378075
|move|p1a: Victini|Bolt Strike|p2a: Slowbro|[miss]
|-miss|p1a: Victini|p2a: Slowbro
|move|p2a: Slowbro|Teleport|p2a: Slowbro
|
|t:|1659378077
|switch|p2a: Tapu Koko|Tapu Koko|94/100|[from]move: Teleport
|
|-weather|Sandstorm|[upkeep]
|-damage|p2a: Tapu Koko|88/100|[from] Sandstorm
|-damage|p1a: Victini|71/100|[from] Sandstorm
|upkeep
|turn|53
|
|t:|1659378083
|move|p2a: Tapu Koko|U-turn|p1a: Victini
|-damage|p1a: Victini|44/100
|
|t:|1659378085
|switch|p2a: Slowbro|Slowbro, F|97/100 tox|[from]move: U-turn
|move|p1a: Victini|V-create|p2a: Slowbro
|-resisted|p2a: Slowbro
|-damage|p2a: Slowbro|74/100 tox
|-unboost|p1a: Victini|spe|1
|-unboost|p1a: Victini|def|1
|-unboost|p1a: Victini|spd|1
|
|-weather|none
|-damage|p2a: Slowbro|68/100 tox|[from] psn
|upkeep
|turn|54
|
|t:|1659378090
|move|p1a: Victini|Bolt Strike|p2a: Slowbro
|-supereffective|p2a: Slowbro
|-crit|p2a: Slowbro
|-damage|p2a: Slowbro|0 fnt
|faint|p2a: Slowbro
|
|upkeep
|
|t:|1659378092
|switch|p2a: Tapu Koko|Tapu Koko|88/100
|turn|55
|c|☆YSWelcomeToForever|gg anyway
|c|☆LT91BB Qzertz|maybe if i couldve landed one of those earlier this game wouldve gone different
|
|t:|1659378106
|move|p2a: Tapu Koko|Thunderbolt|p1a: Victini
|-damage|p1a: Victini|0 fnt
|faint|p1a: Victini
|
|win|YSWelcomeToForever
|raw|LT91BB Qzertz's rating: 1589 &rarr; <strong>1570</strong><br />(-19 for losing)
|raw|YSWelcomeToForever's rating: 1615 &rarr; <strong>1634</strong><br />(+19 for winning)
