|j|☆BarbaroDave
|j|☆Pinkacross
|inactive|Battle timer is ON: inactive players will automatically lose when time's up.
|t:|1661301468
|gametype|singles
|player|p1|BarbaroDave|bruno-gen2|
|player|p2|Pinkacross|102|
|teamsize|p1|6
|teamsize|p2|6
|gen|8
|tier|[Gen 8] OU
|rated|Tournament battle
|rule|Sleep Clause Mod: Limit one foe put to sleep
|rule|Species Clause: Limit one of each Pokémon
|rule|OHKO Clause: OHKO moves are banned
|rule|Evasion Items Clause: Evasion items are banned
|rule|Evasion Moves Clause: Evasion moves are banned
|rule|Endless Battle Clause: Forcing endless battles is banned
|rule|HP Percentage Mod: HP is shown in percentages
|rule|Dynamax Clause: You cannot dynamax
|clearpoke
|poke|p1|Gardevoir, F|
|poke|p1|Heatran, M|
|poke|p1|Dragapult, M|
|poke|p1|Kartana|
|poke|p1|Landorus-Therian, M|
|poke|p1|Moltres-Galar|
|poke|p2|Moltres-Galar|
|poke|p2|Tapu Lele|
|poke|p2|Volcarona, M|
|poke|p2|Volcanion|
|poke|p2|Ninetales-Alola, M|
|poke|p2|Excadrill, M|
|teampreview
|j| SweetPainVGC
|j| Only Shedinja ツ
|c|☆Pinkacross|me gusta gardevoir
|c|☆Pinkacross|es muy creativa
|j|@Santiago ∭
|inactive|BarbaroDave has 120 seconds left.
|inactive|Pinkacross has 120 seconds left.
|c|☆BarbaroDave|Oh es Pinkacross
|l| Only Shedinja ツ
|c|☆BarbaroDave|hf
|c|☆Pinkacross|u2
|j| Only Shedinja ツ
|j| osdavid
|c|☆BarbaroDave|Creo que es obvio de quien es el equipo
|j| siriaco el sabroso
|inactive|BarbaroDave has 90 seconds left.
|c| SweetPainVGC|weedle?+
|l| siriaco el sabroso
|
|t:|1661301543
|start
|switch|p1a: Heatran|Heatran, M|100/100
|switch|p2a: Ninetales|Ninetales-Alola, M|100/100
|-weather|Hail|[from] ability: Snow Warning|[of] p2a: Ninetales
|-item|p1a: Heatran|Air Balloon
|turn|1
|
|t:|1661301563
|move|p2a: Ninetales|Aurora Veil|p2a: Ninetales
|-sidestart|p2: Pinkacross|move: Aurora Veil
|move|p1a: Heatran|Magma Storm|p2a: Ninetales
|-supereffective|p2a: Ninetales
|-damage|p2a: Ninetales|53/100
|-activate|p2a: Ninetales|move: Magma Storm|[of] p1a: Heatran
|
|-weather|Hail|[upkeep]
|-damage|p1a: Heatran|94/100|[from] Hail
|-damage|p2a: Ninetales|41/100|[from] move: Magma Storm|[partiallytrapped]
|upkeep
|turn|2
|j| Raikou solar
|
|t:|1661301589
|move|p2a: Ninetales|Encore|p1a: Heatran
|-start|p1a: Heatran|Encore
|move|p1a: Heatran|Magma Storm|p2a: Ninetales
|-supereffective|p2a: Ninetales
|-damage|p2a: Ninetales|0 fnt
|faint|p2a: Ninetales
|
|-weather|Hail|[upkeep]
|-damage|p1a: Heatran|88/100|[from] Hail
|upkeep
|
|t:|1661301591
|switch|p2a: Moltres|Moltres-Galar|100/100
|turn|3
|j| MaxMulti79
|c| Raikou solar|nunca olvides quien eres y cuanto vales, eres tonto y vales verga
|c|@Santiago ∭|El comentario random de la noche
|inactive|BarbaroDave has 120 seconds left.
|c| Only Shedinja ツ|Xd
|c| Raikou solar|XDe
|
|t:|1661301641
|switch|p1a: Gardevoir|Gardevoir, F|100/100
|-ability|p1a: Gardevoir|Berserk|[from] ability: Trace|[of] p2a: Moltres
|move|p2a: Moltres|Agility|p2a: Moltres
|-boost|p2a: Moltres|spe|2
|
|-weather|Hail|[upkeep]
|-damage|p2a: Moltres|94/100|[from] Hail
|-damage|p1a: Gardevoir|94/100|[from] Hail
|upkeep
|turn|4
|j| Sr Vaka
|
|t:|1661301645
|move|p2a: Moltres|Nasty Plot|p2a: Moltres
|-boost|p2a: Moltres|spa|2
|move|p1a: Gardevoir|Calm Mind|p1a: Gardevoir
|-boost|p1a: Gardevoir|spa|1
|-boost|p1a: Gardevoir|spd|1
|
|-weather|Hail|[upkeep]
|-damage|p2a: Moltres|88/100|[from] Hail
|-damage|p1a: Gardevoir|88/100|[from] Hail
|upkeep
|turn|5
|
|t:|1661301650
|move|p2a: Moltres|Fiery Wrath|p1a: Gardevoir
|-damage|p1a: Gardevoir|26/100
|-ability|p1a: Gardevoir|Berserk|boost
|-boost|p1a: Gardevoir|spa|1
|move|p1a: Gardevoir|Calm Mind|p1a: Gardevoir
|-boost|p1a: Gardevoir|spa|1
|-boost|p1a: Gardevoir|spd|1
|
|-weather|none
|upkeep
|turn|6
|
|t:|1661301658
|move|p2a: Moltres|Fiery Wrath|p1a: Gardevoir
|-damage|p1a: Gardevoir|0 fnt
|faint|p1a: Gardevoir
|
|upkeep
|inactive|BarbaroDave has 120 seconds left.
|c| Sr Vaka|Vamos  bárbaro si c puede
|c| Only Shedinja ツ|el pinka es la bestia.
|c|☆BarbaroDave|Nah gg
|c|☆BarbaroDave|Era custap Gardevoir
|l| Raikou solar
|c|☆BarbaroDave|Pero no llego al rango
|inactive|BarbaroDave has 90 seconds left.
|c|@Santiago ∭|mal BarbaroDave
|
|t:|1661301714
|switch|p1a: Moltres|Moltres-Galar|100/100
|turn|7
|c|@Santiago ∭|Dejaste que Moltres bailara 2 veces
|c| Sr Vaka|Vamos Goku
|
|t:|1661301726
|move|p2a: Moltres|Fiery Wrath|p1a: Moltres
|-resisted|p1a: Moltres
|-damage|p1a: Moltres|66/100
|cant|p1a: Moltres|flinch
|
|upkeep
|turn|8
|
|t:|1661301733
|move|p2a: Moltres|Fiery Wrath|p1a: Moltres
|-resisted|p1a: Moltres
|-damage|p1a: Moltres|32/100
|-ability|p1a: Moltres|Berserk|boost
|-boost|p1a: Moltres|spa|1
|move|p1a: Moltres|Rest|p1a: Moltres
|-status|p1a: Moltres|slp|[from] move: Rest
|-heal|p1a: Moltres|100/100 slp|[silent]
|-enditem|p1a: Moltres|Chesto Berry|[eat]
|-curestatus|p1a: Moltres|slp|[msg]
|
|-sideend|p2: Pinkacross|move: Aurora Veil
|upkeep
|turn|9
|c| Sr Vaka|Bruh
|
|t:|1661301736
|move|p2a: Moltres|Fiery Wrath|p1a: Moltres
|-resisted|p1a: Moltres
|-damage|p1a: Moltres|64/100
|move|p1a: Moltres|Agility|p1a: Moltres
|-boost|p1a: Moltres|spe|2
|
|upkeep
|turn|10
|
|t:|1661301746
|move|p1a: Moltres|Agility|p1a: Moltres
|-boost|p1a: Moltres|spe|2
|move|p2a: Moltres|Agility|p2a: Moltres
|-boost|p2a: Moltres|spe|2
|
|upkeep
|turn|11
|c| Sr Vaka|Vamos Goku
|
|t:|1661301752
|move|p1a: Moltres|Fiery Wrath|p2a: Moltres
|-resisted|p2a: Moltres
|-damage|p2a: Moltres|61/100
|move|p2a: Moltres|Fiery Wrath|p1a: Moltres
|-resisted|p1a: Moltres
|-damage|p1a: Moltres|27/100
|-ability|p1a: Moltres|Berserk|boost
|-boost|p1a: Moltres|spa|1
|
|upkeep
|turn|12
|
|t:|1661301757
|move|p1a: Moltres|Fiery Wrath|p2a: Moltres
|-resisted|p2a: Moltres
|-damage|p2a: Moltres|29/100
|-ability|p2a: Moltres|Berserk|boost
|-boost|p2a: Moltres|spa|1
|cant|p2a: Moltres|flinch
|
|upkeep
|turn|13
|
|t:|1661301762
|move|p1a: Moltres|Fiery Wrath|p2a: Moltres
|-resisted|p2a: Moltres
|-damage|p2a: Moltres|0 fnt
|faint|p2a: Moltres
|
|upkeep
|
|t:|1661301768
|switch|p2a: Tapu Lele|Tapu Lele|100/100
|-fieldstart|move: Psychic Terrain|[from] ability: Psychic Surge|[of] p2a: Tapu Lele
|turn|14
|c| Sr Vaka|Si c pudo
|c| osdavid|:O
|
|t:|1661301772
|move|p1a: Moltres|Fiery Wrath|p2a: Tapu Lele
|-damage|p2a: Tapu Lele|25/100
|move|p2a: Tapu Lele|Draining Kiss|p1a: Moltres
|-supereffective|p1a: Moltres
|-damage|p1a: Moltres|0 fnt
|-heal|p2a: Tapu Lele|45/100|[from] drain|[of] p1a: Moltres
|faint|p1a: Moltres
|-damage|p2a: Tapu Lele|35/100|[from] item: Life Orb
|
|upkeep
|c| SweetPainVGC|wao
|
|t:|1661301780
|switch|p1a: Dragapult|Dragapult, M|100/100
|turn|15
|
|t:|1661301782
|move|p1a: Dragapult|Shadow Ball|p2a: Tapu Lele
|-supereffective|p2a: Tapu Lele
|-damage|p2a: Tapu Lele|0 fnt
|faint|p2a: Tapu Lele
|
|upkeep
|
|t:|1661301785
|switch|p2a: Volcarona|Volcarona, M|100/100
|turn|16
|c| Sr Vaka|Yo hubiera tirado el Dinamax
|c| osdavid|no entiendo como le dio la vuelta
|
|t:|1661301793
|switch|p1a: Landorus|Landorus-Therian, M|100/100
|-ability|p1a: Landorus|Intimidate|boost
|-unboost|p2a: Volcarona|atk|1
|move|p2a: Volcarona|Quiver Dance|p2a: Volcarona
|-boost|p2a: Volcarona|spa|1
|-boost|p2a: Volcarona|spd|1
|-boost|p2a: Volcarona|spe|1
|
|upkeep
|turn|17
|c| Only Shedinja ツ|el flicnh xD
|
|t:|1661301796
|move|p2a: Volcarona|Fire Blast|p1a: Landorus
|-damage|p1a: Landorus|0 fnt
|faint|p1a: Landorus
|-damage|p2a: Volcarona|91/100|[from] item: Life Orb
|
|upkeep
|c| osdavid|tenía el aurora veil en contra
|
|t:|1661301802
|switch|p1a: Heatran|Heatran, M|88/100
|-item|p1a: Heatran|Air Balloon
|turn|18
|
|t:|1661301803
|move|p2a: Volcarona|Psychic|p1a: Heatran
|-resisted|p1a: Heatran
|-damage|p1a: Heatran|52/100
|-enditem|p1a: Heatran|Air Balloon
|-damage|p2a: Volcarona|81/100|[from] item: Life Orb
|move|p1a: Heatran|Magma Storm|p2a: Volcarona
|-damage|p2a: Volcarona|48/100
|-activate|p2a: Volcarona|move: Magma Storm|[of] p1a: Heatran
|
|-damage|p2a: Volcarona|36/100|[from] move: Magma Storm|[partiallytrapped]
|-fieldend|move: Psychic Terrain
|upkeep
|turn|19
|
|t:|1661301807
|move|p2a: Volcarona|Psychic|p1a: Heatran
|-resisted|p1a: Heatran
|-crit|p1a: Heatran
|-damage|p1a: Heatran|6/100
|-unboost|p1a: Heatran|spd|1
|-damage|p2a: Volcarona|26/100|[from] item: Life Orb
|move|p1a: Heatran|Magma Storm|p2a: Volcarona
|-damage|p2a: Volcarona|0 fnt
|faint|p2a: Volcarona
|
|upkeep
|
|t:|1661301812
|switch|p2a: Excadrill|Excadrill, M|100/100
|-ability|p2a: Excadrill|Mold Breaker
|turn|20
|
|t:|1661301823
|move|p2a: Excadrill|Rapid Spin|p1a: Heatran
|-resisted|p1a: Heatran
|-damage|p1a: Heatran|0 fnt
|-boost|p2a: Excadrill|spe|1
|-status|p2a: Excadrill|brn|[from] ability: Flame Body|[of] p1a: Heatran
|faint|p1a: Heatran
|
|-damage|p2a: Excadrill|94/100 brn|[from] brn
|upkeep
|
|t:|1661301828
|switch|p1a: Kartana|Kartana|100/100
|turn|21
|
|t:|1661301832
|move|p2a: Excadrill|Iron Head|p1a: Kartana
|-resisted|p1a: Kartana
|-damage|p1a: Kartana|92/100
|move|p1a: Kartana|Swords Dance|p1a: Kartana
|-boost|p1a: Kartana|atk|2
|
|-heal|p2a: Excadrill|100/100 brn|[from] item: Leftovers
|-damage|p2a: Excadrill|94/100 brn|[from] brn
|upkeep
|turn|22
|c| Sr Vaka|Bruh
|c| SweetPainVGC|xdddd
|
|t:|1661301838
|move|p2a: Excadrill|Iron Head|p1a: Kartana
|-resisted|p1a: Kartana
|-damage|p1a: Kartana|83/100
|move|p1a: Kartana|Sacred Sword|p2a: Excadrill
|-supereffective|p2a: Excadrill
|-damage|p2a: Excadrill|0 fnt
|faint|p2a: Excadrill
|-ability|p1a: Kartana|Beast Boost|boost
|-boost|p1a: Kartana|atk|1
|
|upkeep
|c| SweetPainVGC|d
|
|t:|1661301840
|switch|p2a: Volcanion|Volcanion|100/100
|turn|23
|c|☆Pinkacross|ah gg
|
|t:|1661301843
|move|p1a: Kartana|Leaf Blade|p2a: Volcanion
|-damage|p2a: Volcanion|0 fnt
|faint|p2a: Volcanion
|
|win|BarbaroDave
|n|☆BarbaroDave|barbarodave
|n|☆Pinkacross|pinkacross
|n| SweetPainVGC|sweetpainvgc
|n|+Santiago ∭|santiago
|n| Only Shedinja ツ|onlyshedinja
|n| osdavid|osdavid
|n| MaxMulti79|maxmulti79
|n| Sr Vaka|srvaka
